  <div class='ocr_page' id='page_1' title='image "/cluster/home/n/w/nwhite01/storage/ocr_20150623/17/mdp.39015031604831/067.png"; bbox 0 0 4012 6340; ppageno 0'>
   <div class='ocr_carea' id='block_1_1' title="bbox 527 420 630 480">
    <p class='ocr_par' dir='ltr' id='par_1_1' title="bbox 527 420 630 480">
     <span class='ocr_line' id='line_1_1' title="bbox 527 420 630 480; baseline -0.01 -1"><span class='ocrx_word' id='word_1_1' title='bbox 527 420 630 480; x_wconf 71' lang='grc'><strong>125</strong></span> 
     </span>
    </p>
   </div>
   <div class='ocr_carea' id='block_1_2' title="bbox 517 629 2087 706">
    <p class='ocr_par' dir='ltr' id='par_1_2' title="bbox 517 629 2087 706">
     <span class='ocr_line' id='line_1_2' title="bbox 517 629 2087 706; baseline -0.004 -17"><span class='ocrx_word' id='word_1_2' title='bbox 517 634 689 689; x_wconf 87' lang='lat' dir='ltr'><strong>lium:</strong></span> <span class='ocrx_word' id='word_1_3' title='bbox 733 643 894 702; x_wconf 88' lang='lat' dir='ltr'><strong>teque</strong></span> <span class='ocrx_word' id='word_1_4' title='bbox 942 634 1208 706; x_wconf 85' lang='lat' dir='ltr'><strong>judicabit</strong></span> <span class='ocrx_word' id='word_1_5' title='bbox 1268 633 1341 687; x_wconf 85' lang='lat' dir='ltr'><strong>ibi</strong></span> <span class='ocrx_word' id='word_1_6' title='bbox 1399 633 1622 703; x_wconf 86' lang='lat' dir='ltr'><strong>dignum</strong></span> <span class='ocrx_word' id='word_1_7' title='bbox 1687 644 1810 685; x_wconf 89' lang='lat' dir='ltr'><strong>esse</strong></span> <span class='ocrx_word' id='word_1_8' title='bbox 1860 629 2087 683; x_wconf 82' lang='lat' dir='ltr'><strong>lumine.</strong></span> 
     </span>
    </p>
   </div>
   <div class='ocr_carea' id='block_1_3' title="bbox 516 720 2091 795">
    <p class='ocr_par' dir='ltr' id='par_1_3' title="bbox 516 720 2091 795">
     <span class='ocr_line' id='line_1_3' title="bbox 516 720 2091 795; baseline -0.003 -15"><span class='ocrx_word' id='word_1_9' title='bbox 516 726 784 793; x_wconf 82' lang='lat' dir='ltr'><strong>Quoniam</strong></span> <span class='ocrx_word' id='word_1_10' title='bbox 821 726 988 791; x_wconf 82' lang='lat' dir='ltr'><strong>igitur</strong></span> <span class='ocrx_word' id='word_1_11' title='bbox 1013 726 1310 795; x_wconf 81' lang='lat' dir='ltr'><strong>quicunque</strong></span> <span class='ocrx_word' id='word_1_12' title='bbox 1340 724 1481 777; x_wconf 86' lang='lat' dir='ltr'><strong>male</strong></span> <span class='ocrx_word' id='word_1_13' title='bbox 1509 723 1641 792; x_wconf 84' lang='lat' dir='ltr'><strong>agit,</strong></span> <span class='ocrx_word' id='word_1_14' title='bbox 1673 731 1803 791; x_wconf 89' lang='lat' dir='ltr'><strong>puta</strong></span> <span class='ocrx_word' id='word_1_15' title='bbox 1851 720 2091 776; x_wconf 83' lang='lat' dir='ltr'><strong>fornica-</strong></span> 
     </span>
    </p>
   </div>
   <div class='ocr_carea' id='block_1_4' title="bbox 518 814 2092 886">
    <p class='ocr_par' dir='ltr' id='par_1_4' title="bbox 518 814 2092 886">
     <span class='ocr_line' id='line_1_4' title="bbox 518 814 2092 886; baseline -0.001 -15"><span class='ocrx_word' id='word_1_16' title='bbox 518 829 626 883; x_wconf 91' lang='lat' dir='ltr'><strong>tor,</strong></span> <span class='ocrx_word' id='word_1_17' title='bbox 661 818 771 874; x_wconf 84' lang='lat' dir='ltr'><strong>odit</strong></span> <span class='ocrx_word' id='word_1_18' title='bbox 809 820 975 871; x_wconf 80' lang='lat' dir='ltr'><strong>lucem</strong></span> <span class='ocrx_word' id='word_1_19' title='bbox 1016 818 1085 882; x_wconf 71' lang='grc'><strong>⁵⁸,</strong></span> <span class='ocrx_word' id='word_1_20' title='bbox 1133 826 1188 872; x_wconf 93' lang='lat' dir='ltr'><strong>et</strong></span> <span class='ocrx_word' id='word_1_21' title='bbox 1235 827 1498 886; x_wconf 87' lang='lat' dir='ltr'><strong>quantum</strong></span> <span class='ocrx_word' id='word_1_22' title='bbox 1533 815 1585 869; x_wconf 88' lang='lat' dir='ltr'><strong>in</strong></span> <span class='ocrx_word' id='word_1_23' title='bbox 1627 829 1685 869; x_wconf 88' lang='lat' dir='ltr'><strong>se</strong></span> <span class='ocrx_word' id='word_1_24' title='bbox 1713 829 1817 878; x_wconf 84' lang='lat' dir='ltr'><strong>est,</strong></span> <span class='ocrx_word' id='word_1_25' title='bbox 1851 814 2092 883; x_wconf 73' lang='lat' dir='ltr'><strong>occultat</strong></span> 
     </span>
    </p>
   </div>
   <div class='ocr_carea' id='block_1_5' title="bbox 517 909 2087 983">
    <p class='ocr_par' dir='ltr' id='par_1_5' title="bbox 517 909 2087 983">
     <span class='ocr_line' id='line_1_5' title="bbox 517 909 2087 983; baseline -0.003 -16"><span class='ocrx_word' id='word_1_26' title='bbox 517 927 640 981; x_wconf 71' lang='lat' dir='ltr'><strong>quae</strong></span> <span class='ocrx_word' id='word_1_27' title='bbox 670 912 798 983; x_wconf 86' lang='lat' dir='ltr'><strong>agit,</strong></span> <span class='ocrx_word' id='word_1_28' title='bbox 847 921 900 964; x_wconf 86' lang='lat' dir='ltr'><strong>ut</strong></span> <span class='ocrx_word' id='word_1_29' title='bbox 950 926 1052 964; x_wconf 89' lang='lat' dir='ltr'><strong>non</strong></span> <span class='ocrx_word' id='word_1_30' title='bbox 1089 922 1385 980; x_wconf 76' lang='lat' dir='ltr'><strong>arguantur</strong></span> <span class='ocrx_word' id='word_1_31' title='bbox 1426 910 1514 963; x_wconf 66' lang='grc' dir='ltr'><strong>θυι</strong></span> <span class='ocrx_word' id='word_1_32' title='bbox 1551 909 1665 962; x_wconf 84' lang='lat' dir='ltr'><strong>vult</strong></span> <span class='ocrx_word' id='word_1_33' title='bbox 1703 909 1845 963; x_wconf 91' lang='lat' dir='ltr'><strong>enim</strong></span> <span class='ocrx_word' id='word_1_34' title='bbox 1890 910 2087 964; x_wconf 91' lang='lat' dir='ltr'><strong>nesciri</strong></span> 
     </span>
    </p>
   </div>
   <div class='ocr_carea' id='block_1_6' title="bbox 516 1001 2087 1073">
    <p class='ocr_par' dir='ltr' id='par_1_6' title="bbox 516 1001 2087 1073">
     <span class='ocr_line' id='line_1_6' title="bbox 516 1001 2087 1073; baseline -0.003 -15"><span class='ocrx_word' id='word_1_35' title='bbox 516 1004 930 1059; x_wconf 85' lang='lat' dir='ltr'><strong>fornicationem</strong></span> <span class='ocrx_word' id='word_1_36' title='bbox 987 1018 1141 1058; x_wconf 92' lang='lat' dir='ltr'><strong>suam</strong></span> <span class='ocrx_word' id='word_1_37' title='bbox 1170 1023 1181 1059; x_wconf 88' lang='lat'>:</span> <span class='ocrx_word' id='word_1_38' title='bbox 1209 1012 1494 1073; x_wconf 83' lang='lat' dir='ltr'><strong>propterea</strong></span> <span class='ocrx_word' id='word_1_39' title='bbox 1537 1002 1702 1057; x_wconf 89' lang='lat' dir='ltr'><strong>etiam</strong></span> <span class='ocrx_word' id='word_1_40' title='bbox 1749 1001 1888 1056; x_wconf 85' lang='lat' dir='ltr'><strong>celat</strong></span> <span class='ocrx_word' id='word_1_41' title='bbox 1941 1002 2087 1056; x_wconf 80' lang='lat' dir='ltr'><strong>viam</strong></span> 
     </span>
    </p>
   </div>
   <div class='ocr_carea' id='block_1_7' title="bbox 517 1094 2092 1164">
    <p class='ocr_par' dir='ltr' id='par_1_7' title="bbox 517 1094 2092 1164">
     <span class='ocr_line' id='line_1_7' title="bbox 517 1094 2092 1164; baseline -0.003 -13"><span class='ocrx_word' id='word_1_42' title='bbox 517 1111 695 1158; x_wconf 88' lang='lat' dir='ltr'><strong>suam,</strong></span> <span class='ocrx_word' id='word_1_43' title='bbox 729 1096 812 1150; x_wconf 90' lang='lat' dir='ltr'><strong>cui</strong></span> <span class='ocrx_word' id='word_1_44' title='bbox 843 1095 1064 1150; x_wconf 87' lang='lat' dir='ltr'><strong>institit.</strong></span> <span class='ocrx_word' id='word_1_45' title='bbox 1094 1095 1166 1148; x_wconf 84' lang='lat' dir='ltr'><strong>At</strong></span> <span class='ocrx_word' id='word_1_46' title='bbox 1190 1095 1283 1164; x_wconf 85' lang='lat' dir='ltr'><strong>qui</strong></span> <span class='ocrx_word' id='word_1_47' title='bbox 1312 1094 1446 1149; x_wconf 84' lang='lat' dir='ltr'><strong>facit</strong></span> <span class='ocrx_word' id='word_1_48' title='bbox 1476 1095 1786 1159; x_wconf 87' lang='lat' dir='ltr'><strong>veritatem,</strong></span> <span class='ocrx_word' id='word_1_49' title='bbox 1821 1102 1949 1163; x_wconf 90' lang='lat' dir='ltr'><strong>puta</strong></span> <span class='ocrx_word' id='word_1_50' title='bbox 1998 1107 2092 1147; x_wconf 86' lang='lat' dir='ltr'><strong>ca-</strong></span> 
     </span>
    </p>
   </div>
   <div class='ocr_carea' id='block_1_8' title="bbox 516 1186 2087 1258">
    <p class='ocr_par' dir='ltr' id='par_1_8' title="bbox 516 1186 2087 1258">
     <span class='ocr_line' id='line_1_8' title="bbox 516 1186 2087 1258; baseline -0.001 -16"><span class='ocrx_word' id='word_1_51' title='bbox 516 1187 783 1242; x_wconf 72' lang='lat' dir='ltr'><strong>stimoniae</strong></span> <span class='ocrx_word' id='word_1_52' title='bbox 823 1196 1083 1253; x_wconf 86' lang='lat' dir='ltr'><strong>sectator,</strong></span> <span class='ocrx_word' id='word_1_53' title='bbox 1115 1186 1232 1241; x_wconf 83' lang='lat' dir='ltr'><strong>vult</strong></span> <span class='ocrx_word' id='word_1_54' title='bbox 1278 1188 1455 1258; x_wconf 87' lang='lat' dir='ltr'><strong>ipsam</strong></span> <span class='ocrx_word' id='word_1_55' title='bbox 1487 1187 1831 1242; x_wconf 82' lang='lat' dir='ltr'><strong>manifestam</strong></span> <span class='ocrx_word' id='word_1_56' title='bbox 1867 1186 2087 1249; x_wconf 87' lang='lat' dir='ltr'><strong>facere;</strong></span> 
     </span>
    </p>
   </div>
   <div class='ocr_carea' id='block_1_9' title="bbox 516 1277 2089 1350">
    <p class='ocr_par' dir='ltr' id='par_1_9' title="bbox 516 1277 2089 1350">
     <span class='ocr_line' id='line_1_9' title="bbox 516 1277 2089 1350; baseline -0.001 -18"><span class='ocrx_word' id='word_1_57' title='bbox 516 1293 620 1333; x_wconf 88' lang='lat' dir='ltr'><strong>non</strong></span> <span class='ocrx_word' id='word_1_58' title='bbox 660 1279 974 1335; x_wconf 89' lang='lat' dir='ltr'><strong>hominibus</strong></span> <span class='ocrx_word' id='word_1_59' title='bbox 1012 1279 1255 1350; x_wconf 87' lang='lat' dir='ltr'><strong>quidem,</strong></span> <span class='ocrx_word' id='word_1_60' title='bbox 1295 1291 1357 1335; x_wconf 89' lang='lat' dir='ltr'><strong>ut</strong></span> <span class='ocrx_word' id='word_1_61' title='bbox 1386 1296 1497 1336; x_wconf 88' lang='lat' dir='ltr'><strong>non</strong></span> <span class='ocrx_word' id='word_1_62' title='bbox 1535 1281 1734 1336; x_wconf 90' lang='lat' dir='ltr'><strong>habeat</strong></span> <span class='ocrx_word' id='word_1_63' title='bbox 1759 1282 1827 1333; x_wconf 91' lang='lat' dir='ltr'><strong>ab</strong></span> <span class='ocrx_word' id='word_1_64' title='bbox 1855 1277 2089 1333; x_wconf 88' lang='lat' dir='ltr'><strong>homini-</strong></span> 
     </span>
    </p>
   </div>
   <div class='ocr_carea' id='block_1_10' title="bbox 511 1372 2086 1445">
    <p class='ocr_par' dir='ltr' id='par_1_10' title="bbox 511 1372 2086 1445">
     <span class='ocr_line' id='line_1_10' title="bbox 511 1372 2086 1445; baseline 0.001 -20"><span class='ocrx_word' id='word_1_65' title='bbox 511 1373 615 1427; x_wconf 83' lang='lat' dir='ltr'><strong>bus</strong></span> <span class='ocrx_word' id='word_1_66' title='bbox 654 1374 981 1441; x_wconf 79' lang='lat' dir='ltr'><strong>mercedem,</strong></span> <span class='ocrx_word' id='word_1_67' title='bbox 1012 1376 1106 1430; x_wconf 89' lang='lat' dir='ltr'><strong>sed</strong></span> <span class='ocrx_word' id='word_1_68' title='bbox 1169 1375 1277 1430; x_wconf 89' lang='lat' dir='ltr'><strong>Deo</strong></span> <span class='ocrx_word' id='word_1_69' title='bbox 1326 1393 1341 1430; x_wconf 90' lang='lat'><strong>:</strong></span> <span class='ocrx_word' id='word_1_70' title='bbox 1378 1382 1664 1445; x_wconf 87' lang='lat' dir='ltr'><strong>propterea</strong></span> <span class='ocrx_word' id='word_1_71' title='bbox 1703 1372 1908 1428; x_wconf 89' lang='lat' dir='ltr'><strong>dictum</strong></span> <span class='ocrx_word' id='word_1_72' title='bbox 1966 1382 2086 1428; x_wconf 89' lang='lat' dir='ltr'><strong>est:</strong></span> 
     </span>
    </p>
   </div>
   <div class='ocr_carea' id='block_1_11' title="bbox 509 1462 2088 1535">
    <p class='ocr_par' dir='ltr' id='par_1_11' title="bbox 509 1462 2088 1535">
     <span class='ocr_line' id='line_1_11' title="bbox 509 1462 2088 1535; baseline 0.002 -18"><span class='ocrx_word' id='word_1_73' title='bbox 509 1462 701 1519; x_wconf 80' lang='lat' dir='ltr'><strong>Revela</strong></span> <span class='ocrx_word' id='word_1_74' title='bbox 747 1466 889 1535; x_wconf 84' lang='lat' dir='ltr'><strong>apud</strong></span> <span class='ocrx_word' id='word_1_75' title='bbox 918 1465 1205 1522; x_wconf 85' lang='lat' dir='ltr'><strong>Dominum</strong></span> <span class='ocrx_word' id='word_1_76' title='bbox 1238 1470 1374 1524; x_wconf 79' lang='lat' dir='ltr'><strong>uiam</strong></span> <span class='ocrx_word' id='word_1_77' title='bbox 1418 1476 1588 1533; x_wconf 89' lang='lat' dir='ltr'><strong>tuam,</strong></span> <span class='ocrx_word' id='word_1_78' title='bbox 1630 1466 1683 1522; x_wconf 89' lang='lat' dir='ltr'><strong>id</strong></span> <span class='ocrx_word' id='word_1_79' title='bbox 1721 1475 1827 1531; x_wconf 89' lang='lat' dir='ltr'><strong>est,</strong></span> <span class='ocrx_word' id='word_1_80' title='bbox 1857 1466 2088 1522; x_wconf 86' lang='lat' dir='ltr'><strong>ostende</strong></span> 
     </span>
    </p>
   </div>
   <div class='ocr_carea' id='block_1_12' title="bbox 512 1555 2084 1630">
    <p class='ocr_par' dir='ltr' id='par_1_12' title="bbox 512 1555 2084 1630">
     <span class='ocr_line' id='line_1_12' title="bbox 512 1555 2084 1630; baseline 0.001 -20"><span class='ocrx_word' id='word_1_81' title='bbox 512 1555 592 1611; x_wconf 91' lang='lat' dir='ltr'><strong>illi</strong></span> <span class='ocrx_word' id='word_1_82' title='bbox 626 1556 794 1611; x_wconf 88' lang='lat' dir='ltr'><strong>vitam</strong></span> <span class='ocrx_word' id='word_1_83' title='bbox 844 1568 987 1612; x_wconf 87' lang='lat' dir='ltr'><strong>tuam</strong></span> <span class='ocrx_word' id='word_1_84' title='bbox 1024 1558 1462 1630; x_wconf 88' lang='lat' dir='ltr'><strong>vituperabilem,</strong></span> <span class='ocrx_word' id='word_1_85' title='bbox 1493 1569 1548 1615; x_wconf 90' lang='lat' dir='ltr'><strong>et</strong></span> <span class='ocrx_word' id='word_1_86' title='bbox 1581 1561 1697 1629; x_wconf 92' lang='lat' dir='ltr'><strong>ipse</strong></span> <span class='ocrx_word' id='word_1_87' title='bbox 1725 1558 1939 1614; x_wconf 86' lang='lat' dir='ltr'><strong>curabit</strong></span> <span class='ocrx_word' id='word_1_88' title='bbox 1966 1567 2019 1612; x_wconf 89' lang='lat' dir='ltr'><strong>te</strong></span> <span class='ocrx_word' id='word_1_89' title='bbox 2056 1574 2084 1612; x_wconf 92' lang='lat' dir='ltr'><strong>a</strong></span> 
     </span>
    </p>
   </div>
   <div class='ocr_carea' id='block_1_13' title="bbox 512 1633 2087 1720">
    <p class='ocr_par' dir='ltr' id='par_1_13' title="bbox 512 1633 2087 1720">
     <span class='ocr_line' id='line_1_13' title="bbox 512 1633 2087 1720; baseline 0.001 -15"><span class='ocrx_word' id='word_1_90' title='bbox 512 1633 852 1720; x_wconf 76' lang='lat' dir='ltr'><strong>vulneribus,</strong></span> <span class='ocrx_word' id='word_1_91' title='bbox 900 1661 955 1707; x_wconf 88' lang='lat' dir='ltr'><strong>et</strong></span> <span class='ocrx_word' id='word_1_92' title='bbox 994 1651 1187 1708; x_wconf 84' lang='lat' dir='ltr'><strong>efficiet</strong></span> <span class='ocrx_word' id='word_1_93' title='bbox 1224 1654 1456 1708; x_wconf 86' lang='lat' dir='ltr'><strong>mundas</strong></span> <span class='ocrx_word' id='word_1_94' title='bbox 1494 1654 1684 1709; x_wconf 85' lang='lat' dir='ltr'><strong>sordes</strong></span> <span class='ocrx_word' id='word_1_95' title='bbox 1734 1662 1875 1707; x_wconf 87' lang='lat' dir='ltr'><strong>tuas.</strong></span> <span class='ocrx_word' id='word_1_96' title='bbox 1932 1653 1999 1707; x_wconf 91' lang='lat' dir='ltr'><strong>Et</strong></span> <span class='ocrx_word' id='word_1_97' title='bbox 2040 1652 2087 1708; x_wconf 87' lang='lat' dir='ltr'><strong>si</strong></span> 
     </span>
    </p>
   </div>
   <div class='ocr_carea' id='block_1_14' title="bbox 516 1737 2088 1815">
    <p class='ocr_par' dir='ltr' id='par_1_14' title="bbox 516 1737 2088 1815">
     <span class='ocr_line' id='line_1_14' title="bbox 516 1737 2088 1815; baseline 0.002 -21"><span class='ocrx_word' id='word_1_98' title='bbox 516 1737 941 1811; x_wconf 88' lang='lat' dir='ltr'><strong>fuerisprobus,</strong></span> <span class='ocrx_word' id='word_1_99' title='bbox 972 1743 1295 1815; x_wconf 80' lang='lat' dir='ltr'><strong>gloriabitur</strong></span> <span class='ocrx_word' id='word_1_100' title='bbox 1321 1743 1385 1798; x_wconf 93' lang='lat' dir='ltr'><strong>de</strong></span> <span class='ocrx_word' id='word_1_101' title='bbox 1418 1753 1469 1799; x_wconf 91' lang='lat' dir='ltr'><strong>te</strong></span> <span class='ocrx_word' id='word_1_102' title='bbox 1497 1762 1511 1798; x_wconf 90' lang='lat'><strong>:</strong></span> <span class='ocrx_word' id='word_1_103' title='bbox 1565 1752 1621 1798; x_wconf 89' lang='lat' dir='ltr'><strong>et</strong></span> <span class='ocrx_word' id='word_1_104' title='bbox 1650 1744 1777 1813; x_wconf 89' lang='lat' dir='ltr'><strong>quia</strong></span> <span class='ocrx_word' id='word_1_105' title='bbox 1814 1759 1937 1798; x_wconf 88' lang='lat' dir='ltr'><strong>eum</strong></span> <span class='ocrx_word' id='word_1_106' title='bbox 1968 1743 2088 1814; x_wconf 84' lang='lat' dir='ltr'><strong>jac-</strong></span> 
     </span>
    </p>
   </div>
   <div class='ocr_carea' id='block_1_15' title="bbox 517 1832 2086 1908">
    <p class='ocr_par' dir='ltr' id='par_1_15' title="bbox 517 1832 2086 1908">
     <span class='ocr_line' id='line_1_15' title="bbox 517 1832 2086 1908; baseline 0.004 -21"><span class='ocrx_word' id='word_1_107' title='bbox 517 1832 789 1888; x_wconf 88' lang='lat' dir='ltr'><strong>tabundus</strong></span> <span class='ocrx_word' id='word_1_108' title='bbox 817 1850 919 1889; x_wconf 89' lang='lat' dir='ltr'><strong>non</strong></span> <span class='ocrx_word' id='word_1_109' title='bbox 942 1850 1115 1902; x_wconf 86' lang='lat' dir='ltr'><strong>esses,</strong></span> <span class='ocrx_word' id='word_1_110' title='bbox 1140 1837 1453 1893; x_wconf 87' lang='lat' dir='ltr'><strong>occultabas</strong></span> <span class='ocrx_word' id='word_1_111' title='bbox 1471 1836 1735 1908; x_wconf 85' lang='lat' dir='ltr'><strong>justitiam</strong></span> <span class='ocrx_word' id='word_1_112' title='bbox 1768 1850 1941 1903; x_wconf 89' lang='lat' dir='ltr'><strong>tuam,</strong></span> <span class='ocrx_word' id='word_1_113' title='bbox 1973 1839 2086 1907; x_wconf 85' lang='lat' dir='ltr'><strong>ipse</strong></span> 
     </span>
    </p>
   </div>
   <div class='ocr_carea' id='block_1_16' title="bbox 1414 396 2914 476">
    <p class='ocr_par' dir='ltr' id='par_1_16' title="bbox 1414 396 2914 476">
     <span class='ocr_line' id='line_1_16' title="bbox 1414 396 2914 476; baseline -0.014 0"><span class='ocrx_word' id='word_1_114' title='bbox 1414 396 1978 476; x_wconf 55' lang='lat' dir='ltr'><strong>SUPPLEMENTUM</strong></span> <span class='ocrx_word' id='word_1_115' title='bbox 2021 410 2107 466; x_wconf 72' lang='lat' dir='ltr'><strong>AD</strong></span> <span class='ocrx_word' id='word_1_116' title='bbox 2143 406 2466 465; x_wconf 83' lang='lat' dir='ltr'><strong>ORIGENIS</strong></span> <span class='ocrx_word' id='word_1_117' title='bbox 2501 397 2914 459; x_wconf 79' lang='lat' dir='ltr'><strong>EXEGETICA.</strong></span> 
     </span>
    </p>
   </div>
   <div class='ocr_carea' id='block_1_17' title="bbox 592 538 2166 611">
    <p class='ocr_par' dir='ltr' id='par_1_17' title="bbox 592 538 2166 611">
     <span class='ocr_line' id='line_1_17' title="bbox 592 538 2166 611; baseline -0.004 -12"><span class='ocrx_word' id='word_1_118' title='bbox 592 542 843 599; x_wconf 73' lang='lat' dir='ltr'><strong>Meridies</strong></span> <span class='ocrx_word' id='word_1_119' title='bbox 894 550 1041 598; x_wconf 88' lang='lat' dir='ltr'><strong>certe</strong></span> <span class='ocrx_word' id='word_1_120' title='bbox 1085 540 1398 597; x_wconf 77' lang='lat' dir='ltr'><strong>nominatur</strong></span> <span class='ocrx_word' id='word_1_121' title='bbox 1443 538 1549 594; x_wconf 90' lang='lat' dir='ltr'><strong>diei</strong></span> <span class='ocrx_word' id='word_1_122' title='bbox 1615 540 1790 611; x_wconf 90' lang='lat' dir='ltr'><strong>ipsum</strong></span> <span class='ocrx_word' id='word_1_123' title='bbox 1839 538 2088 593; x_wconf 87' lang='lat' dir='ltr'><strong>meditul-</strong></span> <span class='ocrx_word' id='word_1_124' title='bbox 2120 542 2166 593; x_wconf 83' lang='lat' dir='ltr'><strong>A</strong></span> 
     </span>
    </p>
   </div>
   <div class='ocr_carea' id='block_1_18' title="bbox 3675 393 3784 447">
    <p class='ocr_par' dir='ltr' id='par_1_18' title="bbox 3675 393 3784 447">
     <span class='ocr_line' id='line_1_18' title="bbox 3675 393 3784 447; baseline 0.009 -1"><span class='ocrx_word' id='word_1_125' title='bbox 3675 393 3784 447; x_wconf 57' lang='lat' dir='ltr'><strong>li}</strong></span> 
     </span>
    </p>
   </div>
   <div class='ocr_carea' id='block_1_19' title="bbox 2263 513 3783 602">
    <p class='ocr_par' dir='ltr' id='par_1_19' title="bbox 2263 513 3783 602">
     <span class='ocr_line' id='line_1_19' title="bbox 2263 513 3783 602; baseline -0.012 -17"><span class='ocrx_word' id='word_1_126' title='bbox 2263 529 2372 602; x_wconf 80' lang='lat'><strong>(65)</strong></span> <span class='ocrx_word' id='word_1_127' title='bbox 2394 522 2727 598; x_wconf 76' lang='grc' dir='ltr'><strong>Μεσημϐρία</strong></span> <span class='ocrx_word' id='word_1_128' title='bbox 2739 540 2803 593; x_wconf 84' lang='grc' dir='ltr'><strong>γε</strong></span> <span class='ocrx_word' id='word_1_129' title='bbox 2830 522 2934 595; x_wconf 88' lang='grc' dir='ltr'><strong>μὴν</strong></span> <span class='ocrx_word' id='word_1_130' title='bbox 2954 518 3275 589; x_wconf 80' lang='grc' dir='ltr'><strong>ὀνομάζεται</strong></span> <span class='ocrx_word' id='word_1_131' title='bbox 3295 515 3394 586; x_wconf 82' lang='grc' dir='ltr'><strong>τῆς</strong></span> <span class='ocrx_word' id='word_1_132' title='bbox 3412 513 3625 585; x_wconf 81' lang='grc' dir='ltr'><strong>ἡμέρας</strong></span> <span class='ocrx_word' id='word_1_133' title='bbox 3644 514 3783 567; x_wconf 71' lang='grc' dir='ltr'><strong>αὐτὸ</strong></span> 
     </span>
    </p>
   </div>
   <div class='ocr_carea' id='block_1_20' title="bbox 2190 603 3775 693">
    <p class='ocr_par' dir='ltr' id='par_1_20' title="bbox 2190 603 3775 693">
     <span class='ocr_line' id='line_1_20' title="bbox 2190 603 3775 693; baseline -0.012 -17"><span class='ocrx_word' id='word_1_134' title='bbox 2190 625 2252 676; x_wconf 84' lang='grc' dir='ltr'><strong>τδ</strong></span> <span class='ocrx_word' id='word_1_135' title='bbox 2280 620 2619 693; x_wconf 80' lang='grc' dir='ltr'><strong>μεσαίτατον.</strong></span> <span class='ocrx_word' id='word_1_136' title='bbox 2637 616 2745 670; x_wconf 80' lang='grc' dir='ltr'><strong>Καί</strong></span> <span class='ocrx_word' id='word_1_137' title='bbox 2773 632 2833 668; x_wconf 86' lang='grc' dir='ltr'><strong>σε</strong></span> <span class='ocrx_word' id='word_1_138' title='bbox 2867 615 3043 685; x_wconf 82' lang='grc' dir='ltr'><strong>κρινεῖ</strong></span> <span class='ocrx_word' id='word_1_139' title='bbox 3073 610 3221 677; x_wconf 83' lang='grc' dir='ltr'><strong>ἄξιον</strong></span> <span class='ocrx_word' id='word_1_140' title='bbox 3256 603 3395 661; x_wconf 84' lang='grc' dir='ltr'><strong>εἶναι</strong></span> <span class='ocrx_word' id='word_1_141' title='bbox 3430 605 3607 674; x_wconf 73' lang='grc' dir='ltr'><strong>φωτὸς</strong></span> <span class='ocrx_word' id='word_1_142' title='bbox 3637 607 3775 658; x_wconf 70' lang='grc' dir='ltr'><strong>ἐκεῖ.</strong></span> 
     </span>
    </p>
   </div>
   <div class='ocr_carea' id='block_1_21' title="bbox 2205 694 3763 786">
    <p class='ocr_par' dir='ltr' id='par_1_21' title="bbox 2205 694 3763 786">
     <span class='ocr_line' id='line_1_21' title="bbox 2205 694 3763 786; baseline -0.012 -16"><span class='ocrx_word' id='word_1_143' title='bbox 2205 715 2421 786; x_wconf 82' lang='grc' dir='ltr'><strong>Ἐπειδὴ</strong></span> <span class='ocrx_word' id='word_1_144' title='bbox 2457 709 2553 768; x_wconf 82' lang='grc' dir='ltr'><strong>οὖν</strong></span> <span class='ocrx_word' id='word_1_145' title='bbox 2581 709 2700 777; x_wconf 82' lang='grc' dir='ltr'><strong>πᾶς</strong></span> <span class='ocrx_word' id='word_1_146' title='bbox 2749 713 2783 764; x_wconf 86' lang='grc' dir='ltr'><em>ὁ</em></span> <span class='ocrx_word' id='word_1_147' title='bbox 2812 708 3018 779; x_wconf 73' lang='grc' dir='ltr'><strong>φαῦλα</strong></span> <span class='ocrx_word' id='word_1_148' title='bbox 3056 701 3379 773; x_wconf 76' lang='grc' dir='ltr'><strong>πράσσων,</strong></span> <span class='ocrx_word' id='word_1_149' title='bbox 3422 694 3534 753; x_wconf 77' lang='grc' dir='ltr'><strong>οἷον</strong></span> <span class='ocrx_word' id='word_1_150' title='bbox 3566 701 3595 751; x_wconf 89' lang='grc' dir='ltr'><strong>ὁ</strong></span> <span class='ocrx_word' id='word_1_151' title='bbox 3638 716 3763 770; x_wconf 85' lang='grc' dir='ltr'><strong>πορ-</strong></span> 
     </span>
    </p>
   </div>
   <div class='ocr_carea' id='block_1_22' title="bbox 2191 790 3776 878">
    <p class='ocr_par' dir='ltr' id='par_1_22' title="bbox 2191 790 3776 878">
     <span class='ocr_line' id='line_1_22' title="bbox 2191 790 3776 878; baseline -0.014 -14"><span class='ocrx_word' id='word_1_152' title='bbox 2191 809 2384 875; x_wconf 84' lang='grc' dir='ltr'><strong>νεύων,</strong></span> <span class='ocrx_word' id='word_1_153' title='bbox 2410 805 2584 878; x_wconf 84' lang='grc' dir='ltr'><strong>μισεῖ</strong></span> <span class='ocrx_word' id='word_1_154' title='bbox 2621 804 2687 858; x_wconf 84' lang='grc' dir='ltr'><strong>τὸ</strong></span> <span class='ocrx_word' id='word_1_155' title='bbox 2704 799 2952 872; x_wconf 66' lang='grc' dir='ltr'><strong>φῶς,καὶ</strong></span> <span class='ocrx_word' id='word_1_156' title='bbox 2979 798 3041 851; x_wconf 84' lang='grc' dir='ltr'><strong>τὸ</strong></span> <span class='ocrx_word' id='word_1_157' title='bbox 3063 798 3186 850; x_wconf 85' lang='grc' dir='ltr'><strong>ὅσον</strong></span> <span class='ocrx_word' id='word_1_158' title='bbox 3212 795 3296 865; x_wconf 77' lang='grc' dir='ltr'><strong>ἐφ’</strong></span> <span class='ocrx_word' id='word_1_159' title='bbox 3319 790 3517 862; x_wconf 77' lang='grc' dir='ltr'><strong>ἐαυτῷ,</strong></span> <span class='ocrx_word' id='word_1_160' title='bbox 3541 791 3776 863; x_wconf 82' lang='grc' dir='ltr'><strong>κρύπτει</strong></span> 
     </span>
    </p>
   </div>
   <div class='ocr_carea' id='block_1_23' title="bbox 2190 885 3777 969">
    <p class='ocr_par' dir='ltr' id='par_1_23' title="bbox 2190 885 3777 969">
     <span class='ocr_line' id='line_1_23' title="bbox 2190 885 3777 969; baseline -0.013 -11"><span class='ocrx_word' id='word_1_161' title='bbox 2190 905 2227 959; x_wconf 77' lang='grc' dir='ltr'><strong>ἃ</strong></span> <span class='ocrx_word' id='word_1_162' title='bbox 2260 905 2422 967; x_wconf 90' lang='grc' dir='ltr'><strong>ποιεῖ,</strong></span> <span class='ocrx_word' id='word_1_163' title='bbox 2467 902 2568 955; x_wconf 73' lang='grc' dir='ltr'><strong>ἵνα</strong></span> <span class='ocrx_word' id='word_1_164' title='bbox 2586 897 2672 969; x_wconf 81' lang='grc' dir='ltr'><strong>μὴ</strong></span> <span class='ocrx_word' id='word_1_165' title='bbox 2700 893 2990 966; x_wconf 76' lang='grc' dir='ltr'><strong>ἐλεγχθῇ·</strong></span> <span class='ocrx_word' id='word_1_166' title='bbox 3031 891 3174 945; x_wconf 83' lang='grc' dir='ltr'><strong>θέλει</strong></span> <span class='ocrx_word' id='word_1_167' title='bbox 3217 888 3329 961; x_wconf 81' lang='grc' dir='ltr'><strong>γὰρ</strong></span> <span class='ocrx_word' id='word_1_168' title='bbox 3359 887 3433 960; x_wconf 76' lang='grc' dir='ltr'><strong>μὴ</strong></span> <span class='ocrx_word' id='word_1_169' title='bbox 3464 885 3777 957; x_wconf 84' lang='grc' dir='ltr'><strong>γνωσθῆναι</strong></span> 
     </span>
    </p>
   </div>
   <div class='ocr_carea' id='block_1_24' title="bbox 2189 980 3777 1067">
    <p class='ocr_par' dir='ltr' id='par_1_24' title="bbox 2189 980 3777 1067">
     <span class='ocr_line' id='line_1_24' title="bbox 2189 980 3777 1067; baseline -0.012 -17"><span class='ocrx_word' id='word_1_170' title='bbox 2189 997 2287 1067; x_wconf 85' lang='grc' dir='ltr'><strong>τὴν</strong></span> <span class='ocrx_word' id='word_1_171' title='bbox 2315 994 2572 1066; x_wconf 79' lang='grc' dir='ltr'><strong>πορνείαν</strong></span> <span class='ocrx_word' id='word_1_172' title='bbox 2605 989 2769 1045; x_wconf 81' lang='grc' dir='ltr'><strong>αὑτοῦ</strong></span> <span class='ocrx_word' id='word_1_173' title='bbox 2789 1006 2802 1019; x_wconf 88' lang='grc'><strong>·</strong></span> <span class='ocrx_word' id='word_1_174' title='bbox 2838 988 2918 1041; x_wconf 80' lang='grc' dir='ltr'><strong>διὸ</strong></span> <span class='ocrx_word' id='word_1_175' title='bbox 2945 987 3040 1041; x_wconf 76' lang='grc' dir='ltr'><strong>καὶ</strong></span> <span class='ocrx_word' id='word_1_176' title='bbox 3063 983 3388 1057; x_wconf 79' lang='grc' dir='ltr'><strong>ἐπικρύπτει</strong></span> <span class='ocrx_word' id='word_1_177' title='bbox 3412 981 3512 1052; x_wconf 80' lang='grc' dir='ltr'><strong>τὴν</strong></span> <span class='ocrx_word' id='word_1_178' title='bbox 3531 980 3650 1067; x_wconf 77' lang='grc' dir='ltr'><strong>ὁδὸν</strong></span> <span class='ocrx_word' id='word_1_179' title='bbox 3681 980 3777 1032; x_wconf 75' lang='grc' dir='ltr'><strong>αύ-</strong></span> 
     </span>
    </p>
   </div>
   <div class='ocr_carea' id='block_1_25' title="bbox 2187 1066 3777 1158">
    <p class='ocr_par' dir='ltr' id='par_1_25' title="bbox 2187 1066 3777 1158">
     <span class='ocr_line' id='line_1_25' title="bbox 2187 1066 3777 1158; baseline -0.011 -17"><span class='ocrx_word' id='word_1_180' title='bbox 2187 1066 2311 1152; x_wconf 57' lang='lat' dir='ltr'><strong>me,</strong></span> <span class='ocrx_word' id='word_1_181' title='bbox 2355 1086 2423 1158; x_wconf 79' lang='grc' dir='ltr'><strong>ἢν</strong></span> <span class='ocrx_word' id='word_1_182' title='bbox 2451 1085 2711 1138; x_wconf 84' lang='grc' dir='ltr'><strong>ὦδευσεν·</strong></span> <span class='ocrx_word' id='word_1_183' title='bbox 2746 1083 2775 1135; x_wconf 86' lang='grc' dir='ltr'>ὁ</span> <span class='ocrx_word' id='word_1_184' title='bbox 2804 1078 2862 1134; x_wconf 77' lang='grc' dir='ltr'><strong>δὲ</strong></span> <span class='ocrx_word' id='word_1_185' title='bbox 2893 1077 3061 1133; x_wconf 87' lang='grc' dir='ltr'><strong>ποιῶν</strong></span> <span class='ocrx_word' id='word_1_186' title='bbox 3106 1077 3205 1149; x_wconf 83' lang='grc' dir='ltr'><strong>τὴν</strong></span> <span class='ocrx_word' id='word_1_187' title='bbox 3252 1074 3512 1147; x_wconf 80' lang='grc' dir='ltr'><strong>ἀλήθειαν</strong></span> <span class='ocrx_word' id='word_1_188' title='bbox 3535 1114 3549 1136; x_wconf 91' lang='grc'><strong>,</strong></span> <span class='ocrx_word' id='word_1_189' title='bbox 3585 1066 3699 1125; x_wconf 80' lang='grc' dir='ltr'><strong>οἷον</strong></span> <span class='ocrx_word' id='word_1_190' title='bbox 3748 1073 3777 1125; x_wconf 82' lang='grc' dir='ltr'><strong><em>ὁ</em></strong></span> 
     </span>
    </p>
   </div>
   <div class='ocr_carea' id='block_1_26' title="bbox 2190 1162 3772 1250">
    <p class='ocr_par' dir='ltr' id='par_1_26' title="bbox 2190 1162 3772 1250">
     <span class='ocr_line' id='line_1_26' title="bbox 2190 1162 3772 1250; baseline -0.011 -18"><span class='ocrx_word' id='word_1_191' title='bbox 2190 1176 2503 1250; x_wconf 76' lang='grc' dir='ltr'><strong>σωφρονῶν,</strong></span> <span class='ocrx_word' id='word_1_192' title='bbox 2538 1166 2681 1229; x_wconf 82' lang='grc' dir='ltr'><strong>Θέλέι</strong></span> <span class='ocrx_word' id='word_1_193' title='bbox 2714 1172 2883 1245; x_wconf 81' lang='grc' dir='ltr'><strong>αὐτὴν</strong></span> <span class='ocrx_word' id='word_1_194' title='bbox 2931 1166 3267 1240; x_wconf 84' lang='grc' dir='ltr'><strong>φανερῶσαι,</strong></span> <span class='ocrx_word' id='word_1_195' title='bbox 3309 1166 3411 1219; x_wconf 85' lang='grc' dir='ltr'><strong>οὐκ</strong></span> <span class='ocrx_word' id='word_1_196' title='bbox 3439 1162 3772 1235; x_wconf 77' lang='grc' dir='ltr'><strong>ἀνθρώποις,</strong></span> 
     </span>
    </p>
   </div>
   <div class='ocr_carea' id='block_1_27' title="bbox 2188 1254 3775 1342">
    <p class='ocr_par' dir='ltr' id='par_1_27' title="bbox 2188 1254 3775 1342">
     <span class='ocr_line' id='line_1_27' title="bbox 2188 1254 3775 1342; baseline -0.011 -17"><span class='ocrx_word' id='word_1_197' title='bbox 2188 1270 2277 1325; x_wconf 76' lang='grc' dir='ltr'><strong>ἵνα</strong></span> <span class='ocrx_word' id='word_1_198' title='bbox 2307 1269 2381 1341; x_wconf 83' lang='grc' dir='ltr'><strong>μὴ</strong></span> <span class='ocrx_word' id='word_1_199' title='bbox 2413 1267 2595 1342; x_wconf 82' lang='grc' dir='ltr'><strong>ἀπέχῃ</strong></span> <span class='ocrx_word' id='word_1_200' title='bbox 2626 1265 2716 1320; x_wconf 85' lang='grc' dir='ltr'><strong>τδν</strong></span> <span class='ocrx_word' id='word_1_201' title='bbox 2755 1262 2946 1336; x_wconf 84' lang='grc' dir='ltr'><strong>μισθὸν</strong></span> <span class='ocrx_word' id='word_1_202' title='bbox 2982 1260 3090 1315; x_wconf 84' lang='grc' dir='ltr'><strong>ἀπὸ</strong></span> <span class='ocrx_word' id='word_1_203' title='bbox 3130 1259 3239 1313; x_wconf 90' lang='grc' dir='ltr'><strong>τῶν</strong></span> <span class='ocrx_word' id='word_1_204' title='bbox 3272 1255 3607 1330; x_wconf 81' lang='grc' dir='ltr'><strong>ἀνθρώπων,</strong></span> <span class='ocrx_word' id='word_1_205' title='bbox 3638 1254 3775 1308; x_wconf 76' lang='grc' dir='ltr'><strong>ἀλλὰ</strong></span> 
     </span>
    </p>
   </div>
   <div class='ocr_carea' id='block_1_28' title="bbox 2187 1348 3779 1436">
    <p class='ocr_par' dir='ltr' id='par_1_28' title="bbox 2187 1348 3779 1436">
     <span class='ocr_line' id='line_1_28' title="bbox 2187 1348 3779 1436; baseline -0.012 -17"><span class='ocrx_word' id='word_1_206' title='bbox 2187 1363 2265 1436; x_wconf 81' lang='grc' dir='ltr'><strong>τῷ</strong></span> <span class='ocrx_word' id='word_1_207' title='bbox 2285 1362 2406 1434; x_wconf 84' lang='grc' dir='ltr'><strong>Θεῷ</strong></span> <span class='ocrx_word' id='word_1_208' title='bbox 2423 1381 2435 1393; x_wconf 87' lang='grc'><strong>·</strong></span> <span class='ocrx_word' id='word_1_209' title='bbox 2467 1361 2556 1415; x_wconf 80' lang='grc' dir='ltr'><strong>διὰ</strong></span> <span class='ocrx_word' id='word_1_210' title='bbox 2578 1359 2735 1414; x_wconf 81' lang='grc' dir='ltr'><strong>τοῦτο</strong></span> <span class='ocrx_word' id='word_1_211' title='bbox 2756 1357 3001 1429; x_wconf 84' lang='grc' dir='ltr'><strong>εἴρηται·</strong></span> <span class='ocrx_word' id='word_1_212' title='bbox 3043 1351 3465 1420; x_wconf 71' lang='grc' dir='ltr'><strong>Ἆποκάλυψογ</strong></span> <span class='ocrx_word' id='word_1_213' title='bbox 3493 1348 3645 1418; x_wconf 81' lang='grc' dir='ltr'><strong>πρὸς</strong></span> <span class='ocrx_word' id='word_1_214' title='bbox 3666 1348 3779 1402; x_wconf 82' lang='grc' dir='ltr'><strong>Κύ-</strong></span> 
     </span>
    </p>
   </div>
   <div class='ocr_carea' id='block_1_29' title="bbox 2180 1439 3777 1527">
    <p class='ocr_par' dir='ltr' id='par_1_29' title="bbox 2180 1439 3777 1527">
     <span class='ocr_line' id='line_1_29' title="bbox 2180 1439 3777 1527; baseline -0.013 -13"><span class='ocrx_word' id='word_1_215' title='bbox 2180 1476 2319 1527; x_wconf 79' lang='grc' dir='ltr'><strong>ριον</strong></span> <span class='ocrx_word' id='word_1_216' title='bbox 2346 1457 2462 1527; x_wconf 77' lang='grc' dir='ltr'><strong>τὴν</strong></span> <span class='ocrx_word' id='word_1_217' title='bbox 2492 1454 2637 1511; x_wconf 84' lang='grc' dir='ltr'><strong>ὀδόν</strong></span> <span class='ocrx_word' id='word_1_218' title='bbox 2672 1467 2791 1508; x_wconf 89' lang='grc' dir='ltr'><strong>σου</strong></span> <span class='ocrx_word' id='word_1_219' title='bbox 2814 1493 2830 1519; x_wconf 89' lang='grc'><strong>,</strong></span> <span class='ocrx_word' id='word_1_220' title='bbox 2864 1449 3143 1511; x_wconf 87' lang='grc' dir='ltr'><strong>τουτέστι,</strong></span> <span class='ocrx_word' id='word_1_221' title='bbox 3185 1443 3355 1509; x_wconf 82' lang='grc' dir='ltr'><strong>δεῖξον</strong></span> <span class='ocrx_word' id='word_1_222' title='bbox 3383 1441 3534 1513; x_wconf 79' lang='grc' dir='ltr'><strong>αὐτῷ</strong></span> <span class='ocrx_word' id='word_1_223' title='bbox 3560 1441 3655 1494; x_wconf 77' lang='grc' dir='ltr'><strong>τὸν</strong></span> <span class='ocrx_word' id='word_1_224' title='bbox 3684 1439 3777 1493; x_wconf 80' lang='grc' dir='ltr'><strong>σὺν</strong></span> 
     </span>
    </p>
   </div>
   <div class='ocr_carea' id='block_1_30' title="bbox 2188 1530 3776 1620">
    <p class='ocr_par' dir='ltr' id='par_1_30' title="bbox 2188 1530 3776 1620">
     <span class='ocr_line' id='line_1_30' title="bbox 2188 1530 3776 1620; baseline -0.014 -16"><span class='ocrx_word' id='word_1_225' title='bbox 2188 1550 2474 1620; x_wconf 82' lang='grc' dir='ltr'><strong>ὲπίμωμον</strong></span> <span class='ocrx_word' id='word_1_226' title='bbox 2526 1545 2639 1617; x_wconf 87' lang='grc' dir='ltr'><strong>βίον</strong></span> <span class='ocrx_word' id='word_1_227' title='bbox 2663 1585 2678 1610; x_wconf 95' lang='grc'><strong>,</strong></span> <span class='ocrx_word' id='word_1_228' title='bbox 2709 1542 2805 1598; x_wconf 75' lang='grc' dir='ltr'><strong>καὶ</strong></span> <span class='ocrx_word' id='word_1_229' title='bbox 2853 1540 3015 1605; x_wconf 81' lang='grc' dir='ltr'><strong>αὐτὸς</strong></span> <span class='ocrx_word' id='word_1_230' title='bbox 3061 1535 3386 1611; x_wconf 87' lang='grc' dir='ltr'><strong>θεραπεύσει</strong></span> <span class='ocrx_word' id='word_1_231' title='bbox 3430 1550 3491 1586; x_wconf 91' lang='grc' dir='ltr'><strong>σε</strong></span> <span class='ocrx_word' id='word_1_232' title='bbox 3531 1531 3642 1586; x_wconf 76' lang='grc' dir='ltr'><strong>ἀπὸ</strong></span> <span class='ocrx_word' id='word_1_233' title='bbox 3664 1530 3776 1584; x_wconf 87' lang='grc' dir='ltr'><strong>τῶν</strong></span> 
     </span>
    </p>
   </div>
   <div class='ocr_carea' id='block_1_31' title="bbox 2186 1624 3777 1715">
    <p class='ocr_par' dir='ltr' id='par_1_31' title="bbox 2186 1624 3777 1715">
     <span class='ocr_line' id='line_1_31' title="bbox 2186 1624 3777 1715; baseline -0.012 -18"><span class='ocrx_word' id='word_1_234' title='bbox 2186 1642 2535 1715; x_wconf 78' lang='grc' dir='ltr'><strong>τραυμάτων,</strong></span> <span class='ocrx_word' id='word_1_235' title='bbox 2570 1638 2665 1693; x_wconf 70' lang='grc' dir='ltr'><strong>καὶ</strong></span> <span class='ocrx_word' id='word_1_236' title='bbox 2697 1638 2913 1708; x_wconf 85' lang='grc' dir='ltr'><strong>ποιήσει</strong></span> <span class='ocrx_word' id='word_1_237' title='bbox 2941 1633 3033 1686; x_wconf 83' lang='grc' dir='ltr'><strong>τὸν</strong></span> <span class='ocrx_word' id='word_1_238' title='bbox 3083 1629 3323 1702; x_wconf 82' lang='grc' dir='ltr'><strong>ῥυπαρὸν</strong></span> <span class='ocrx_word' id='word_1_239' title='bbox 3355 1625 3619 1698; x_wconf 81' lang='grc' dir='ltr'><strong>καθαρόν.</strong></span> <span class='ocrx_word' id='word_1_240' title='bbox 3652 1624 3777 1679; x_wconf 74' lang='grc' dir='ltr'>Κᾶν</span> 
     </span>
    </p>
   </div>
   <div class='ocr_carea' id='block_1_32' title="bbox 2187 1716 3777 1807">
    <p class='ocr_par' dir='ltr' id='par_1_32' title="bbox 2187 1716 3777 1807">
     <span class='ocr_line' id='line_1_32' title="bbox 2187 1716 3777 1807; baseline -0.013 -17"><span class='ocrx_word' id='word_1_241' title='bbox 2187 1736 2317 1807; x_wconf 83' lang='grc' dir='ltr'><strong>γένῃ</strong></span> <span class='ocrx_word' id='word_1_242' title='bbox 2346 1732 2509 1796; x_wconf 81' lang='grc' dir='ltr'><strong>καλὸς</strong></span> <span class='ocrx_word' id='word_1_243' title='bbox 2537 1733 2633 1786; x_wconf 75' lang='grc' dir='ltr'><strong>καὶ</strong></span> <span class='ocrx_word' id='word_1_244' title='bbox 2664 1729 2887 1800; x_wconf 80' lang='grc' dir='ltr'><strong>ἀγαθὸς,</strong></span> <span class='ocrx_word' id='word_1_245' title='bbox 2925 1722 3326 1797; x_wconf 78' lang='grc' dir='ltr'><strong>ὲγκαυχήσεταί</strong></span> <span class='ocrx_word' id='word_1_246' title='bbox 3353 1738 3437 1774; x_wconf 91' lang='grc' dir='ltr'><strong>σοι</strong></span> <span class='ocrx_word' id='word_1_247' title='bbox 3462 1737 3475 1750; x_wconf 90' lang='grc'><strong>·</strong></span> <span class='ocrx_word' id='word_1_248' title='bbox 3530 1719 3627 1772; x_wconf 75' lang='grc' dir='ltr'><strong>καὶ</strong></span> <span class='ocrx_word' id='word_1_249' title='bbox 3653 1716 3777 1771; x_wconf 76' lang='grc' dir='ltr'><strong>ἐπεὶ</strong></span> 
     </span>
    </p>
   </div>
   <div class='ocr_carea' id='block_1_33' title="bbox 2192 1808 3779 1899">
    <p class='ocr_par' dir='ltr' id='par_1_33' title="bbox 2192 1808 3779 1899">
     <span class='ocr_line' id='line_1_33' title="bbox 2192 1808 3779 1899; baseline -0.014 -16"><span class='ocrx_word' id='word_1_250' title='bbox 2192 1828 2266 1899; x_wconf 82' lang='grc' dir='ltr'><strong>μὴ</strong></span> <span class='ocrx_word' id='word_1_251' title='bbox 2292 1826 2368 1882; x_wconf 87' lang='grc' dir='ltr'><strong>ὣν</strong></span> <span class='ocrx_word' id='word_1_252' title='bbox 2395 1822 2670 1889; x_wconf 82' lang='grc' dir='ltr'><strong>κενόδοξος</strong></span> <span class='ocrx_word' id='word_1_253' title='bbox 2697 1822 2961 1894; x_wconf 76' lang='grc' dir='ltr'><strong>ἔκρυπτες</strong></span> <span class='ocrx_word' id='word_1_254' title='bbox 2986 1817 3084 1891; x_wconf 82' lang='grc' dir='ltr'><strong>τὴν</strong></span> <span class='ocrx_word' id='word_1_255' title='bbox 3103 1813 3447 1882; x_wconf 85' lang='grc' dir='ltr'><strong>δικαιοσύνην</strong></span> <span class='ocrx_word' id='word_1_256' title='bbox 3471 1828 3587 1875; x_wconf 89' lang='grc' dir='ltr'><strong>σου,</strong></span> <span class='ocrx_word' id='word_1_257' title='bbox 3613 1808 3779 1872; x_wconf 79' lang='grc' dir='ltr'><strong>αὐτὸς</strong></span> 
     </span>
    </p>
   </div>
   <div class='ocr_carea' id='block_1_34' title="bbox 519 1903 2094 2002">
    <p class='ocr_par' dir='ltr' id='par_1_34' title="bbox 519 1925 2087 2002">
     <span class='ocr_line' id='line_1_34' title="bbox 519 1925 2087 2002; baseline 0.003 -22"><span class='ocrx_word' id='word_1_258' title='bbox 519 1925 864 1982; x_wconf 81' lang='lat' dir='ltr'><strong>manifestam</strong></span> <span class='ocrx_word' id='word_1_259' title='bbox 919 1928 1102 1997; x_wconf 88' lang='lat' dir='ltr'><strong>faciet,</strong></span> <span class='ocrx_word' id='word_1_260' title='bbox 1147 1940 1202 1985; x_wconf 85' lang='lat' dir='ltr'><strong>et</strong></span> <span class='ocrx_word' id='word_1_261' title='bbox 1243 1945 1415 1998; x_wconf 87' lang='lat' dir='ltr'><strong>usque</strong></span> <span class='ocrx_word' id='word_1_262' title='bbox 1447 1932 1585 1987; x_wconf 84' lang='lat' dir='ltr'><strong>adeo</strong></span> <span class='ocrx_word' id='word_1_263' title='bbox 1616 1932 1990 2002; x_wconf 84' lang='lat' dir='ltr'><strong>conSpicuam,</strong></span> <span class='ocrx_word' id='word_1_264' title='bbox 2029 1941 2087 1985; x_wconf 86' lang='lat' dir='ltr'><strong>ut</strong></span> 
     </span>
    </p>
   </div>
   <div class='ocr_carea' id='block_1_35' title="bbox 2201 1903 3780 2002">
    <p class='ocr_par' dir='ltr' id='par_1_35' title="bbox 2201 1903 3780 2002">
     <span class='ocr_line' id='line_1_35' title="bbox 2201 1903 3780 2002; baseline -0.012 -28"><span class='ocrx_word' id='word_1_265' title='bbox 2201 1918 2424 1992; x_wconf 73' lang='grc' dir='ltr'><strong>ρανερὺν</strong></span> <span class='ocrx_word' id='word_1_266' title='bbox 2468 1917 2712 1988; x_wconf 88' lang='grc' dir='ltr'><strong>ποιήσει,</strong></span> <span class='ocrx_word' id='word_1_267' title='bbox 2758 1916 2854 1969; x_wconf 68' lang='grc' dir='ltr'><strong>καὶ</strong></span> <span class='ocrx_word' id='word_1_268' title='bbox 2904 1913 3077 1976; x_wconf 70' lang='grc' dir='ltr'><strong>οὕτως</strong></span> <span class='ocrx_word' id='word_1_269' title='bbox 3121 1909 3358 1979; x_wconf 75' lang='grc' dir='ltr'><strong>ἐπιφανῇ</strong></span> <span class='ocrx_word' id='word_1_270' title='bbox 3394 1904 3540 1979; x_wconf 82' lang='lat'><strong>(66),</strong></span> <span class='ocrx_word' id='word_1_271' title='bbox 3567 1903 3780 2002; x_wconf 35' lang='lat' dir='ltr'><strong>mea:ng</strong></span> 
     </span>
    </p>
   </div>
   <div class='ocr_carea' id='block_1_36' title="bbox 517 2009 2087 2097">
    <p class='ocr_par' dir='ltr' id='par_1_36' title="bbox 517 2009 2087 2097">
     <span class='ocr_line' id='line_1_36' title="bbox 517 2009 2087 2097; baseline 0.003 -23"><span class='ocrx_word' id='word_1_272' title='bbox 517 2018 600 2074; x_wconf 84' lang='lat' dir='ltr'><strong>sol</strong></span> <span class='ocrx_word' id='word_1_273' title='bbox 626 2029 713 2076; x_wconf 92' lang='lat' dir='ltr'><strong>est</strong></span> <span class='ocrx_word' id='word_1_274' title='bbox 750 2022 802 2075; x_wconf 91' lang='lat' dir='ltr'><strong>in</strong></span> <span class='ocrx_word' id='word_1_275' title='bbox 835 2022 1078 2079; x_wconf 85' lang='lat' dir='ltr'><strong>meridie.</strong></span> <span class='ocrx_word' id='word_1_276' title='bbox 1114 2023 1206 2078; x_wconf 86' lang='lat' dir='ltr'><strong>Ait</strong></span> <span class='ocrx_word' id='word_1_277' title='bbox 1237 2023 1383 2078; x_wconf 85' lang='lat' dir='ltr'><strong>enim</strong></span> <span class='ocrx_word' id='word_1_278' title='bbox 1412 2042 1425 2078; x_wconf 90' lang='lat'><strong>:</strong></span> <span class='ocrx_word' id='word_1_279' title='bbox 1457 2022 1605 2079; x_wconf 83' lang='lat' dir='ltr'><strong>Tunc</strong></span> <span class='ocrx_word' id='word_1_280' title='bbox 1637 2024 1775 2095; x_wconf 84' lang='lat' dir='ltr'><strong>justi</strong></span> <span class='ocrx_word' id='word_1_281' title='bbox 1815 2009 2087 2097; x_wconf 77' lang='lat' dir='ltr'><strong>fulgebunt</strong></span> 
     </span>
    </p>
   </div>
   <div class='ocr_carea' id='block_1_37' title="bbox 514 2112 850 2168">
    <p class='ocr_par' dir='ltr' id='par_1_37' title="bbox 514 2112 850 2168">
     <span class='ocr_line' id='line_1_37' title="bbox 514 2112 850 2168; baseline 0.003 -1"><span class='ocrx_word' id='word_1_282' title='bbox 514 2113 652 2167; x_wconf 79' lang='lat' dir='ltr'><strong>sicut</strong></span> <span class='ocrx_word' id='word_1_283' title='bbox 676 2112 759 2168; x_wconf 75' lang='lat' dir='ltr'><strong>sol</strong></span> <span class='ocrx_word' id='word_1_284' title='bbox 785 2113 850 2168; x_wconf 83' lang='grc'><strong>⁷⁸.</strong></span> 
     </span>
    </p>
   </div>
   <div class='ocr_carea' id='block_1_38' title="bbox 625 2268 1982 2342">
    <p class='ocr_par' dir='ltr' id='par_1_38' title="bbox 625 2268 1982 2342">
     <span class='ocr_line' id='line_1_38' title="bbox 625 2268 1982 2342; baseline 0.004 -17"><span class='ocrx_word' id='word_1_285' title='bbox 625 2268 686 2325; x_wconf 78' lang='grc' dir='ltr'><strong>ν.</strong></span> <span class='ocrx_word' id='word_1_286' title='bbox 725 2271 779 2325; x_wconf 91' lang='lat'><strong>7.</strong></span> <span class='ocrx_word' id='word_1_287' title='bbox 804 2270 1097 2340; x_wconf 83' lang='lat' dir='ltr'><strong>Subjicitor</strong></span> <span class='ocrx_word' id='word_1_288' title='bbox 1134 2272 1386 2340; x_wconf 88' lang='lat' dir='ltr'><strong>Domino,</strong></span> <span class='ocrx_word' id='word_1_289' title='bbox 1429 2282 1479 2328; x_wconf 83' lang='lat' dir='ltr'><strong>et</strong></span> <span class='ocrx_word' id='word_1_290' title='bbox 1509 2273 1790 2342; x_wconf 78' lang='lat' dir='ltr'><strong>deprecare</strong></span> <span class='ocrx_word' id='word_1_291' title='bbox 1840 2290 1982 2330; x_wconf 85' lang='lat' dir='ltr'><strong>eum.</strong></span> 
     </span>
    </p>
   </div>
   <div class='ocr_carea' id='block_1_39' title="bbox 586 2402 2087 2478">
    <p class='ocr_par' dir='ltr' id='par_1_39' title="bbox 586 2402 2087 2478">
     <span class='ocr_line' id='line_1_39' title="bbox 586 2402 2087 2478; baseline 0.003 -20"><span class='ocrx_word' id='word_1_292' title='bbox 586 2402 994 2474; x_wconf 87' lang='lat' dir='ltr'><strong>Subjectionem</strong></span> <span class='ocrx_word' id='word_1_293' title='bbox 1034 2408 1201 2478; x_wconf 81' lang='lat' dir='ltr'><strong>igitur</strong></span> <span class='ocrx_word' id='word_1_294' title='bbox 1236 2408 1340 2462; x_wconf 84' lang='lat' dir='ltr'><strong>hoc</strong></span> <span class='ocrx_word' id='word_1_295' title='bbox 1384 2407 1508 2463; x_wconf 92' lang='lat' dir='ltr'><strong>loco</strong></span> <span class='ocrx_word' id='word_1_296' title='bbox 1543 2408 1779 2478; x_wconf 86' lang='lat' dir='ltr'><strong>appellat</strong></span> <span class='ocrx_word' id='word_1_297' title='bbox 1811 2423 2087 2464; x_wconf 77' lang='lat' dir='ltr'><strong>recessum</strong></span> 
     </span>
    </p>
   </div>
   <div class='ocr_carea' id='block_1_40' title="bbox 517 2497 2083 2570">
    <p class='ocr_par' dir='ltr' id='par_1_40' title="bbox 517 2497 2083 2570">
     <span class='ocr_line' id='line_1_40' title="bbox 517 2497 2083 2570; baseline 0.002 -19"><span class='ocrx_word' id='word_1_298' title='bbox 517 2511 546 2551; x_wconf 82' lang='lat' dir='ltr'><strong>a</strong></span> <span class='ocrx_word' id='word_1_299' title='bbox 573 2498 749 2553; x_wconf 88' lang='lat' dir='ltr'><strong>malis.</strong></span> <span class='ocrx_word' id='word_1_300' title='bbox 780 2497 949 2553; x_wconf 84' lang='lat' dir='ltr'><strong>Nemo</strong></span> <span class='ocrx_word' id='word_1_301' title='bbox 978 2500 1179 2570; x_wconf 90' lang='lat' dir='ltr'><strong>quippe</strong></span> <span class='ocrx_word' id='word_1_302' title='bbox 1227 2514 1463 2569; x_wconf 87' lang='lat' dir='ltr'><strong>peccans</strong></span> <span class='ocrx_word' id='word_1_303' title='bbox 1502 2499 1790 2570; x_wconf 80' lang='lat' dir='ltr'><strong>subjicitur</strong></span> <span class='ocrx_word' id='word_1_304' title='bbox 1839 2502 2083 2554; x_wconf 83' lang='lat' dir='ltr'><strong>Domino.</strong></span> 
     </span>
    </p>
   </div>
   <div class='ocr_carea' id='block_1_41' title="bbox 513 2586 2088 2658">
    <p class='ocr_par' dir='ltr' id='par_1_41' title="bbox 513 2586 2088 2658">
     <span class='ocr_line' id='line_1_41' title="bbox 513 2586 2088 2658; baseline 0.003 -16"><span class='ocrx_word' id='word_1_305' title='bbox 513 2586 667 2654; x_wconf 83' lang='lat' dir='ltr'><strong>Esto,</strong></span> <span class='ocrx_word' id='word_1_306' title='bbox 696 2590 794 2653; x_wconf 87' lang='lat' dir='ltr'><strong>ait,</strong></span> <span class='ocrx_word' id='word_1_307' title='bbox 824 2589 953 2658; x_wconf 88' lang='lat' dir='ltr'><strong>quia</strong></span> <span class='ocrx_word' id='word_1_308' title='bbox 980 2591 1092 2658; x_wconf 83' lang='lat' dir='ltr'><strong>jam</strong></span> <span class='ocrx_word' id='word_1_309' title='bbox 1125 2588 1399 2658; x_wconf 77' lang='lat' dir='ltr'><strong>subjeCtus</strong></span> <span class='ocrx_word' id='word_1_310' title='bbox 1444 2590 1663 2645; x_wconf 84' lang='lat' dir='ltr'><strong>fuerim.</strong></span> <span class='ocrx_word' id='word_1_311' title='bbox 1714 2589 1854 2658; x_wconf 85' lang='lat' dir='ltr'><strong>Quid</strong></span> <span class='ocrx_word' id='word_1_312' title='bbox 1887 2591 2088 2646; x_wconf 82' lang='lat' dir='ltr'><strong>fat-iam</strong></span> 
     </span>
    </p>
   </div>
   <div class='ocr_carea' id='block_1_42' title="bbox 512 2679 2086 2755">
    <p class='ocr_par' dir='ltr' id='par_1_42' title="bbox 512 2679 2086 2755">
     <span class='ocr_line' id='line_1_42' title="bbox 512 2679 2086 2755; baseline 0.003 -20"><span class='ocrx_word' id='word_1_313' title='bbox 512 2679 579 2736; x_wconf 85' lang='lat' dir='ltr'><strong>de</strong></span> <span class='ocrx_word' id='word_1_314' title='bbox 611 2682 988 2752; x_wconf 89' lang='lat' dir='ltr'><strong>superioribus</strong></span> <span class='ocrx_word' id='word_1_315' title='bbox 1016 2683 1040 2736; x_wconf 84' lang='lat'><strong>?</strong></span> <span class='ocrx_word' id='word_1_316' title='bbox 1072 2683 1381 2755; x_wconf 88' lang='lat' dir='ltr'><strong>Deprecare</strong></span> <span class='ocrx_word' id='word_1_317' title='bbox 1408 2684 1583 2751; x_wconf 88' lang='lat' dir='ltr'><strong>illum,</strong></span> <span class='ocrx_word' id='word_1_318' title='bbox 1618 2685 1808 2741; x_wconf 90' lang='lat' dir='ltr'><strong>dicens</strong></span> <span class='ocrx_word' id='word_1_319' title='bbox 1839 2703 1854 2739; x_wconf 93' lang='lat'><strong>:</strong></span> <span class='ocrx_word' id='word_1_320' title='bbox 1899 2686 1979 2740; x_wconf 87' lang='lat' dir='ltr'><strong>Ne</strong></span> <span class='ocrx_word' id='word_1_321' title='bbox 2003 2703 2086 2740; x_wconf 87' lang='lat' dir='ltr'><strong>re-</strong></span> 
     </span>
    </p>
   </div>
   <div class='ocr_carea' id='block_1_43' title="bbox 515 2772 2089 2846">
    <p class='ocr_par' dir='ltr' id='par_1_43' title="bbox 515 2772 2089 2846">
     <span class='ocr_line' id='line_1_43' title="bbox 515 2772 2089 2846; baseline 0.004 -21"><span class='ocrx_word' id='word_1_322' title='bbox 515 2772 752 2827; x_wconf 81' lang='lat' dir='ltr'><strong>corderis</strong></span> <span class='ocrx_word' id='word_1_323' title='bbox 785 2773 1128 2844; x_wconf 84' lang='lat' dir='ltr'><strong>iniquitatum</strong></span> <span class='ocrx_word' id='word_1_324' title='bbox 1163 2784 1465 2830; x_wconf 78' lang='lat' dir='ltr'><strong>nostrarum</strong></span> <span class='ocrx_word' id='word_1_325' title='bbox 1501 2776 1843 2846; x_wconf 82' lang='lat' dir='ltr'><strong>antiquarunt</strong></span> <span class='ocrx_word' id='word_1_326' title='bbox 1875 2777 1943 2831; x_wconf 75' lang='grc' dir='ltr'><strong>τί.</strong></span> <span class='ocrx_word' id='word_1_327' title='bbox 1979 2776 2089 2831; x_wconf 83' lang='lat' dir='ltr'><strong>Ita-</strong></span> 
     </span>
    </p>
   </div>
   <div class='ocr_carea' id='block_1_44' title="bbox 514 2867 2088 2938">
    <p class='ocr_par' dir='ltr' id='par_1_44' title="bbox 514 2867 2088 2938">
     <span class='ocr_line' id='line_1_44' title="bbox 514 2867 2088 2938; baseline 0.004 -22"><span class='ocrx_word' id='word_1_328' title='bbox 514 2877 622 2933; x_wconf 88' lang='lat' dir='ltr'><strong>que</strong></span> <span class='ocrx_word' id='word_1_329' title='bbox 658 2879 762 2919; x_wconf 92' lang='lat' dir='ltr'><strong>non</strong></span> <span class='ocrx_word' id='word_1_330' title='bbox 798 2874 1012 2935; x_wconf 90' lang='lat' dir='ltr'><strong>oportet</strong></span> <span class='ocrx_word' id='word_1_331' title='bbox 1044 2867 1196 2934; x_wconf 89' lang='lat' dir='ltr'><strong>prius</strong></span> <span class='ocrx_word' id='word_1_332' title='bbox 1230 2882 1329 2936; x_wconf 87' lang='lat' dir='ltr'><strong>pro</strong></span> <span class='ocrx_word' id='word_1_333' title='bbox 1362 2870 1606 2938; x_wconf 84' lang='lat' dir='ltr'><strong>peccatis</strong></span> <span class='ocrx_word' id='word_1_334' title='bbox 1647 2883 1901 2937; x_wconf 85' lang='lat' dir='ltr'><strong>exorare,</strong></span> <span class='ocrx_word' id='word_1_335' title='bbox 1930 2884 2088 2938; x_wconf 83' lang='lat' dir='ltr'><strong>quam</strong></span> 
     </span>
    </p>
   </div>
   <div class='ocr_carea' id='block_1_45' title="bbox 515 2955 2088 3031">
    <p class='ocr_par' dir='ltr' id='par_1_45' title="bbox 515 2955 2088 3031">
     <span class='ocr_line' id='line_1_45' title="bbox 515 2955 2088 3031; baseline 0.005 -23"><span class='ocrx_word' id='word_1_336' title='bbox 515 2955 997 3026; x_wconf 84' lang='lat' dir='ltr'><strong>quis&#39;subjiciatur</strong></span> <span class='ocrx_word' id='word_1_337' title='bbox 1021 2957 1274 3024; x_wconf 88' lang='lat' dir='ltr'><strong>Domino,</strong></span> <span class='ocrx_word' id='word_1_338' title='bbox 1307 2959 1363 3014; x_wconf 92' lang='lat' dir='ltr'><strong>id</strong></span> <span class='ocrx_word' id='word_1_339' title='bbox 1386 2969 1471 3015; x_wconf 82' lang='lat' dir='ltr'><strong>est</strong></span> <span class='ocrx_word' id='word_1_340' title='bbox 1514 2975 1544 3015; x_wconf 89' lang='lat' dir='ltr'><strong>a</strong></span> <span class='ocrx_word' id='word_1_341' title='bbox 1578 2960 1820 3031; x_wconf 87' lang='lat' dir='ltr'><strong>peccatis</strong></span> <span class='ocrx_word' id='word_1_342' title='bbox 1849 2963 2088 3017; x_wconf 87' lang='lat' dir='ltr'><strong>recedat.</strong></span> 
     </span>
    </p>
   </div>
   <div class='ocr_carea' id='block_1_46' title="bbox 519 3044 2090 3124">
    <p class='ocr_par' dir='ltr' id='par_1_46' title="bbox 519 3044 2090 3124">
     <span class='ocr_line' id='line_1_46' title="bbox 519 3044 2090 3124; baseline 0.007 -24"><span class='ocrx_word' id='word_1_343' title='bbox 519 3044 673 3113; x_wconf 84' lang='lat' dir='ltr'><strong>Quod</strong></span> <span class='ocrx_word' id='word_1_344' title='bbox 716 3049 861 3103; x_wconf 88' lang='lat' dir='ltr'><strong>enim</strong></span> <span class='ocrx_word' id='word_1_345' title='bbox 902 3051 1114 3105; x_wconf 78' lang='lat' dir='ltr'><strong>veniam</strong></span> <span class='ocrx_word' id='word_1_346' title='bbox 1150 3062 1496 3120; x_wconf 88' lang='lat' dir='ltr'><strong>peccatorum</strong></span> <span class='ocrx_word' id='word_1_347' title='bbox 1524 3060 1675 3122; x_wconf 89' lang='lat' dir='ltr'><strong>petat</strong></span> <span class='ocrx_word' id='word_1_348' title='bbox 1698 3053 1765 3120; x_wconf 89' lang='lat' dir='ltr'><strong>is,</strong></span> <span class='ocrx_word' id='word_1_349' title='bbox 1789 3054 1885 3124; x_wconf 86' lang='lat' dir='ltr'><strong>qui</strong></span> <span class='ocrx_word' id='word_1_350' title='bbox 1912 3055 2090 3112; x_wconf 89' lang='lat' dir='ltr'><strong>adhuc</strong></span> 
     </span>
    </p>
   </div>
   <div class='ocr_carea' id='block_1_47' title="bbox 515 3140 1980 3209">
    <p class='ocr_par' dir='ltr' id='par_1_47' title="bbox 515 3140 1980 3209">
     <span class='ocr_line' id='line_1_47' title="bbox 515 3140 1980 3209; baseline 0.005 -18"><span class='ocrx_word' id='word_1_351' title='bbox 515 3140 754 3209; x_wconf 86' lang='lat' dir='ltr'><strong>peccatis</strong></span> <span class='ocrx_word' id='word_1_352' title='bbox 786 3140 1047 3207; x_wconf 71' lang='lat' dir='ltr'><strong>adhaeret,</strong></span> <span class='ocrx_word' id='word_1_353' title='bbox 1076 3158 1167 3198; x_wconf 88' lang='lat' dir='ltr'><strong>res</strong></span> <span class='ocrx_word' id='word_1_354' title='bbox 1198 3143 1424 3197; x_wconf 89' lang='lat' dir='ltr'><strong>omnino</strong></span> <span class='ocrx_word' id='word_1_355' title='bbox 1446 3142 1849 3200; x_wconf 86' lang='lat' dir='ltr'><strong>irrationabilis</strong></span> <span class='ocrx_word' id='word_1_356' title='bbox 1877 3153 1980 3201; x_wconf 90' lang='lat' dir='ltr'><strong>est.</strong></span> 
     </span>
    </p>
   </div>
   <div class='ocr_carea' id='block_1_48' title="bbox 2192 1999 3780 2084">
    <p class='ocr_par' dir='ltr' id='par_1_48' title="bbox 2192 1999 3780 2084">
     <span class='ocr_line' id='line_1_48' title="bbox 2192 1999 3780 2084; baseline -0.008 -20"><span class='ocrx_word' id='word_1_357' title='bbox 2192 2012 2342 2084; x_wconf 80' lang='grc' dir='ltr'><strong>ἥλιον</strong></span> <span class='ocrx_word' id='word_1_358' title='bbox 2380 2013 2439 2065; x_wconf 79' lang='grc' dir='ltr'><strong>ὲν</strong></span> <span class='ocrx_word' id='word_1_359' title='bbox 2476 2009 2810 2082; x_wconf 75' lang='grc' dir='ltr'><strong>μεσημϐρίᾳ.</strong></span> <span class='ocrx_word' id='word_1_360' title='bbox 2851 2008 2990 2063; x_wconf 81' lang='grc' dir='ltr'><strong>Τότε</strong></span> <span class='ocrx_word' id='word_1_361' title='bbox 3061 2004 3203 2075; x_wconf 84' lang='grc' dir='ltr'><strong>γὰρ,</strong></span> <span class='ocrx_word' id='word_1_362' title='bbox 3239 2001 3438 2073; x_wconf 65' lang='grc' dir='ltr'><strong>φησιν,</strong></span> <span class='ocrx_word' id='word_1_363' title='bbox 3469 2003 3522 2054; x_wconf 81' lang='grc' dir='ltr'><strong>οἱ</strong></span> <span class='ocrx_word' id='word_1_364' title='bbox 3555 1999 3780 2053; x_wconf 79' lang='grc' dir='ltr'><strong>δίκαιοι</strong></span> 
     </span>
    </p>
   </div>
   <div class='ocr_carea' id='block_1_49' title="bbox 2191 2102 2862 2176">
    <p class='ocr_par' dir='ltr' id='par_1_49' title="bbox 2191 2102 2862 2176">
     <span class='ocr_line' id='line_1_49' title="bbox 2191 2102 2862 2176; baseline -0.01 -14"><span class='ocrx_word' id='word_1_365' title='bbox 2191 2106 2542 2176; x_wconf 71' lang='grc' dir='ltr'><strong>λάμψουσιν</strong></span> <span class='ocrx_word' id='word_1_366' title='bbox 2563 2105 2643 2170; x_wconf 88' lang='grc' dir='ltr'><strong>ὡς</strong></span> <span class='ocrx_word' id='word_1_367' title='bbox 2670 2102 2862 2170; x_wconf 75' lang='grc' dir='ltr'><strong>ἣλιος.</strong></span> 
     </span>
    </p>
   </div>
   <div class='ocr_carea' id='block_1_50' title="bbox 2226 2226 3747 2359">
    <p class='ocr_par' dir='ltr' id='par_1_50' title="bbox 2226 2226 3747 2359">
     <span class='ocr_line' id='line_1_50' title="bbox 2226 2226 3747 2359; baseline -0.007 -70"><span class='ocrx_word' id='word_1_368' title='bbox 2226 2236 2374 2307; x_wconf 81' lang='grc' dir='ltr'><strong>Στίχ.</strong></span> <span class='ocrx_word' id='word_1_369' title='bbox 2414 2234 2481 2301; x_wconf 84' lang='grc' dir='ltr'><strong>ζ’.</strong></span> <span class='ocrx_word' id='word_1_370' title='bbox 2526 2234 2868 2305; x_wconf 75' lang='grc' dir='ltr'><strong>Ὑποτάγηθι</strong></span> <span class='ocrx_word' id='word_1_371' title='bbox 2905 2232 3235 2359; x_wconf 56' lang='grc' dir='ltr'><strong>ζῷόΚυρίῳ,</strong></span> <span class='ocrx_word' id='word_1_372' title='bbox 3280 2229 3379 2287; x_wconf 77' lang='grc' dir='ltr'><strong>καί</strong></span> <span class='ocrx_word' id='word_1_373' title='bbox 3425 2226 3747 2283; x_wconf 70' lang='grc' dir='ltr'><strong>ἱκέτευσον</strong></span> 
     </span>
     <span class='ocr_line' id='line_1_51' title="bbox 2872 2321 3079 2359; baseline -0.005 -1"><span class='ocrx_word' id='word_1_374' title='bbox 2872 2321 2985 2359; x_wconf 84' lang='grc' dir='ltr'><strong>αυτ</strong></span> <span class='ocrx_word' id='word_1_375' title='bbox 3023 2321 3079 2357; x_wconf 80' lang='grc' dir='ltr'><strong>ν.</strong></span> 
     </span>
    </p>
   </div>
   <div class='ocr_carea' id='block_1_51' title="bbox 2872 2321 3079 2359">
    <p class='ocr_par' dir='ltr' id='par_1_51' title="bbox 2872 2321 3079 2359">
     <span class='ocr_line' id='line_1_52' title="bbox 2872 2321 3079 2359; baseline -0.01 0"><span class='ocrx_word' id='word_1_376' title='bbox 2872 2321 3079 2359; x_wconf 80' lang='grc' dir='ltr'><strong>αυτον.</strong></span> 
     </span>
    </p>
   </div>
   <div class='ocr_carea' id='block_1_52' title="bbox 2271 2391 3781 2471">
    <p class='ocr_par' dir='ltr' id='par_1_52' title="bbox 2271 2391 3781 2471">
     <span class='ocr_line' id='line_1_53' title="bbox 2271 2391 3781 2471; baseline -0.007 -16"><span class='ocrx_word' id='word_1_377' title='bbox 2271 2400 2578 2471; x_wconf 79' lang='grc' dir='ltr'><strong>’Υποταγὴν</strong></span> <span class='ocrx_word' id='word_1_378' title='bbox 2631 2397 2724 2454; x_wconf 79' lang='grc' dir='ltr'><strong>οὖν</strong></span> <span class='ocrx_word' id='word_1_379' title='bbox 2787 2397 3022 2453; x_wconf 75' lang='grc' dir='ltr'><strong>ἐνταῦθα</strong></span> <span class='ocrx_word' id='word_1_380' title='bbox 3069 2396 3218 2465; x_wconf 81' lang='grc' dir='ltr'><strong>λέγει</strong></span> <span class='ocrx_word' id='word_1_381' title='bbox 3276 2395 3373 2466; x_wconf 77' lang='grc' dir='ltr'><strong>τὴν</strong></span> <span class='ocrx_word' id='word_1_382' title='bbox 3427 2392 3536 2447; x_wconf 90' lang='grc' dir='ltr'><strong>τῶν</strong></span> <span class='ocrx_word' id='word_1_383' title='bbox 3587 2391 3781 2446; x_wconf 83' lang='grc' dir='ltr'>κακῶν</span> 
     </span>
    </p>
   </div>
   <div class='ocr_carea' id='block_1_53' title="bbox 2188 2483 3781 2567">
    <p class='ocr_par' dir='ltr' id='par_1_53' title="bbox 2188 2483 3781 2567">
     <span class='ocr_line' id='line_1_54' title="bbox 2188 2483 3781 2567; baseline -0.008 -19"><span class='ocrx_word' id='word_1_384' title='bbox 2188 2493 2554 2567; x_wconf 80' lang='grc' dir='ltr'><strong>ἀναχώρησιν.</strong></span> <span class='ocrx_word' id='word_1_385' title='bbox 2586 2493 2772 2556; x_wconf 77' lang='grc' dir='ltr'><strong>Οὐδεὶς</strong></span> <span class='ocrx_word' id='word_1_386' title='bbox 2803 2491 2912 2564; x_wconf 77' lang='grc' dir='ltr'><strong>γὰρ</strong></span> <span class='ocrx_word' id='word_1_387' title='bbox 2946 2490 3271 2562; x_wconf 80' lang='grc' dir='ltr'><strong>ἁμαρτάνων</strong></span> <span class='ocrx_word' id='word_1_388' title='bbox 3308 2486 3672 2539; x_wconf 81' lang='grc' dir='ltr'><strong>ὑποτέτακται</strong></span> <span class='ocrx_word' id='word_1_389' title='bbox 3699 2483 3781 2554; x_wconf 79' lang='grc' dir='ltr'><strong>τῷ</strong></span> 
     </span>
    </p>
   </div>
   <div class='ocr_carea' id='block_1_54' title="bbox 2189 2576 3781 2658">
    <p class='ocr_par' dir='ltr' id='par_1_54' title="bbox 2189 2576 3781 2658">
     <span class='ocr_line' id='line_1_55' title="bbox 2189 2576 3781 2658; baseline -0.008 -17"><span class='ocrx_word' id='word_1_390' title='bbox 2189 2586 2397 2658; x_wconf 85' lang='grc' dir='ltr'><strong>Κυρίῳ.</strong></span> <span class='ocrx_word' id='word_1_391' title='bbox 2432 2587 2634 2649; x_wconf 88' lang='grc' dir='ltr'><strong>Ἔστω,</strong></span> <span class='ocrx_word' id='word_1_392' title='bbox 2684 2584 2867 2656; x_wconf 77' lang='grc' dir='ltr'><strong>φησὶν,</strong></span> <span class='ocrx_word' id='word_1_393' title='bbox 2903 2584 2986 2637; x_wconf 82' lang='grc' dir='ltr'><strong>ὅτι</strong></span> <span class='ocrx_word' id='word_1_394' title='bbox 3021 2581 3123 2654; x_wconf 71' lang='grc' dir='ltr'><strong>ἤδη</strong></span> <span class='ocrx_word' id='word_1_395' title='bbox 3163 2578 3476 2651; x_wconf 85' lang='grc' dir='ltr'><strong>ὑπετάχθην</strong></span> <span class='ocrx_word' id='word_1_396' title='bbox 3501 2594 3514 2608; x_wconf 89' lang='grc'><strong>·</strong></span> <span class='ocrx_word' id='word_1_397' title='bbox 3550 2577 3603 2630; x_wconf 86' lang='grc' dir='ltr'><strong>τί</strong></span> <span class='ocrx_word' id='word_1_398' title='bbox 3635 2576 3781 2629; x_wconf 88' lang='grc' dir='ltr'><strong>ποιῶ</strong></span> 
     </span>
    </p>
   </div>
   <div class='ocr_carea' id='block_1_55' title="bbox 2191 2666 3778 2751">
    <p class='ocr_par' dir='ltr' id='par_1_55' title="bbox 2191 2666 3778 2751">
     <span class='ocr_line' id='line_1_56' title="bbox 2191 2666 3778 2751; baseline -0.007 -19"><span class='ocrx_word' id='word_1_399' title='bbox 2191 2678 2319 2750; x_wconf 79' lang='grc' dir='ltr'><strong>περὶ</strong></span> <span class='ocrx_word' id='word_1_400' title='bbox 2350 2679 2458 2751; x_wconf 87' lang='grc' dir='ltr'><strong>τῶν</strong></span> <span class='ocrx_word' id='word_1_401' title='bbox 2501 2676 2825 2749; x_wconf 86' lang='grc' dir='ltr'><strong>προτέρων;</strong></span> <span class='ocrx_word' id='word_1_402' title='bbox 2869 2674 3165 2729; x_wconf 85' lang='grc' dir='ltr'><strong>Ἰκέτευσον</strong></span> <span class='ocrx_word' id='word_1_403' title='bbox 3205 2672 3389 2738; x_wconf 79' lang='grc' dir='ltr'><strong>αὑτὸν,</strong></span> <span class='ocrx_word' id='word_1_404' title='bbox 3430 2670 3605 2739; x_wconf 89' lang='grc' dir='ltr'><strong>λέγων</strong></span> <span class='ocrx_word' id='word_1_405' title='bbox 3632 2688 3646 2700; x_wconf 87' lang='grc'><strong>·</strong></span> <span class='ocrx_word' id='word_1_406' title='bbox 3676 2666 3778 2736; x_wconf 81' lang='grc' dir='ltr'><strong>Μὴ</strong></span> 
     </span>
    </p>
   </div>
   <div class='ocr_carea' id='block_1_56' title="bbox 2185 2757 3783 2839">
    <p class='ocr_par' dir='ltr' id='par_1_56' title="bbox 2185 2757 3783 2839">
     <span class='ocr_line' id='line_1_57' title="bbox 2185 2757 3783 2839; baseline -0.009 -15"><span class='ocrx_word' id='word_1_407' title='bbox 2185 2766 2467 2839; x_wconf 78' lang='grc' dir='ltr'><strong>μνησθῇς</strong></span> <span class='ocrx_word' id='word_1_408' title='bbox 2481 2767 2651 2838; x_wconf 76' lang='grc' dir='ltr'><strong>ἡμῶν</strong></span> <span class='ocrx_word' id='word_1_409' title='bbox 2672 2764 2934 2836; x_wconf 74' lang='grc' dir='ltr'><strong>ἀνομιῶν</strong></span> <span class='ocrx_word' id='word_1_410' title='bbox 2956 2764 3239 2835; x_wconf 81' lang='grc' dir='ltr'><strong>ἀρχαίων.</strong></span> <span class='ocrx_word' id='word_1_411' title='bbox 3262 2762 3423 2815; x_wconf 82' lang='grc' dir='ltr'><strong>’Ὥστε</strong></span> <span class='ocrx_word' id='word_1_412' title='bbox 3445 2761 3505 2814; x_wconf 78' lang='grc' dir='ltr'><strong>οὐ</strong></span> <span class='ocrx_word' id='word_1_413' title='bbox 3534 2760 3616 2813; x_wconf 86' lang='grc' dir='ltr'><strong>δεῖ</strong></span> <span class='ocrx_word' id='word_1_414' title='bbox 3645 2757 3783 2831; x_wconf 74' lang='grc' dir='ltr'><strong>πρό-</strong></span> 
     </span>
    </p>
   </div>
   <div class='ocr_carea' id='block_1_57' title="bbox 2190 2851 3783 2933">
    <p class='ocr_par' dir='ltr' id='par_1_57' title="bbox 2190 2851 3783 2933">
     <span class='ocr_line' id='line_1_58' title="bbox 2190 2851 3783 2933; baseline -0.008 -18"><span class='ocrx_word' id='word_1_415' title='bbox 2190 2877 2346 2933; x_wconf 88' lang='grc' dir='ltr'><strong>τερον</strong></span> <span class='ocrx_word' id='word_1_416' title='bbox 2371 2861 2500 2932; x_wconf 78' lang='grc' dir='ltr'><strong>περὶ</strong></span> <span class='ocrx_word' id='word_1_417' title='bbox 2526 2858 2798 2932; x_wconf 85' lang='grc' dir='ltr'><strong>ἁμαρτίας</strong></span> <span class='ocrx_word' id='word_1_418' title='bbox 2830 2857 3117 2923; x_wconf 75' lang='grc' dir='ltr'><strong>ἱκετεύειν,</strong></span> <span class='ocrx_word' id='word_1_419' title='bbox 3140 2856 3173 2928; x_wconf 76' lang='grc' dir='ltr'><strong>ἣ</strong></span> <span class='ocrx_word' id='word_1_420' title='bbox 3193 2853 3534 2923; x_wconf 84' lang='grc' dir='ltr'><strong>ύποταγέντα</strong></span> <span class='ocrx_word' id='word_1_421' title='bbox 3562 2851 3643 2922; x_wconf 83' lang='grc' dir='ltr'><strong>τῷ</strong></span> <span class='ocrx_word' id='word_1_422' title='bbox 3666 2851 3783 2902; x_wconf 81' lang='grc' dir='ltr'><strong>Κυ-</strong></span> 
     </span>
    </p>
   </div>
   <div class='ocr_carea' id='block_1_58' title="bbox 2195 2941 3784 3026">
    <p class='ocr_par' dir='ltr' id='par_1_58' title="bbox 2195 2941 3784 3026">
     <span class='ocr_line' id='line_1_59' title="bbox 2195 2941 3784 3026; baseline -0.006 -19"><span class='ocrx_word' id='word_1_423' title='bbox 2195 2953 2330 3026; x_wconf 85' lang='grc' dir='ltr'><strong>ρίῳ,</strong></span> <span class='ocrx_word' id='word_1_424' title='bbox 2376 2953 2652 3006; x_wconf 82' lang='grc' dir='ltr'><strong>τουτέστιν</strong></span> <span class='ocrx_word' id='word_1_425' title='bbox 2696 2950 2967 3006; x_wconf 76' lang='grc' dir='ltr'><strong>ἐκστάντα</strong></span> <span class='ocrx_word' id='word_1_426' title='bbox 3016 2950 3115 3020; x_wconf 79' lang='grc' dir='ltr'><strong>τῆς</strong></span> <span class='ocrx_word' id='word_1_427' title='bbox 3163 2947 3451 3021; x_wconf 80' lang='grc' dir='ltr'><strong>ἁμαρτίας.</strong></span> <span class='ocrx_word' id='word_1_428' title='bbox 3508 2946 3628 2998; x_wconf 89' lang='grc' dir='ltr'><strong>Ἔτι</strong></span> <span class='ocrx_word' id='word_1_429' title='bbox 3670 2941 3784 3015; x_wconf 78' lang='grc' dir='ltr'><strong>γὰρ</strong></span> 
     </span>
    </p>
   </div>
   <div class='ocr_carea' id='block_1_59' title="bbox 2190 3036 3786 3118">
    <p class='ocr_par' dir='ltr' id='par_1_59' title="bbox 2190 3036 3786 3118">
     <span class='ocr_line' id='line_1_60' title="bbox 2190 3036 3786 3118; baseline -0.008 -18"><span class='ocrx_word' id='word_1_430' title='bbox 2190 3046 2317 3102; x_wconf 78' lang='grc' dir='ltr'><strong>ὅντα</strong></span> <span class='ocrx_word' id='word_1_431' title='bbox 2349 3047 2407 3100; x_wconf 80' lang='grc' dir='ltr'><strong>ὲν</strong></span> <span class='ocrx_word' id='word_1_432' title='bbox 2422 3045 2716 3118; x_wconf 82' lang='grc' dir='ltr'><strong>ἁμαρτίαις</strong></span> <span class='ocrx_word' id='word_1_433' title='bbox 2741 3044 2932 3114; x_wconf 73' lang='grc' dir='ltr'><strong>ἄφεσιν</strong></span> <span class='ocrx_word' id='word_1_434' title='bbox 2964 3040 3245 3114; x_wconf 85' lang='grc' dir='ltr'><strong>ἁμαρτιῶν</strong></span> <span class='ocrx_word' id='word_1_435' title='bbox 3269 3040 3461 3106; x_wconf 78' lang='grc' dir='ltr'><strong>αἰτεῖν,</strong></span> <span class='ocrx_word' id='word_1_436' title='bbox 3493 3036 3632 3090; x_wconf 89' lang='grc' dir='ltr'><strong>πάνυ</strong></span> <span class='ocrx_word' id='word_1_437' title='bbox 3662 3036 3786 3090; x_wconf 76' lang='grc' dir='ltr'><strong>ἄλο-</strong></span> 
     </span>
    </p>
   </div>
   <div class='ocr_carea' id='block_1_60' title="bbox 2190 3138 2450 3208">
    <p class='ocr_par' dir='ltr' id='par_1_60' title="bbox 2190 3138 2450 3208">
     <span class='ocr_line' id='line_1_61' title="bbox 2190 3138 2450 3208; baseline 0 -16"><span class='ocrx_word' id='word_1_438' title='bbox 2190 3138 2286 3208; x_wconf 85' lang='grc' dir='ltr'><strong>γόν</strong></span> <span class='ocrx_word' id='word_1_439' title='bbox 2314 3140 2450 3192; x_wconf 75' lang='grc' dir='ltr'><strong>ἐστι.</strong></span> 
     </span>
    </p>
   </div>
   <div class='ocr_carea' id='block_1_61' title="bbox 519 3260 2094 3354">
    <p class='ocr_par' dir='ltr' id='par_1_61' title="bbox 519 3270 2088 3354">
     <span class='ocr_line' id='line_1_62' title="bbox 519 3270 2088 3354; baseline 0.004 -25"><span class='ocrx_word' id='word_1_440' title='bbox 519 3270 596 3354; x_wconf 36' lang='grc' dir='ltr'><strong>ν..</strong></span> <span class='ocrx_word' id='word_1_441' title='bbox 617 3273 673 3327; x_wconf 87' lang='lat'><strong>7.</strong></span> <span class='ocrx_word' id='word_1_442' title='bbox 711 3270 797 3354; x_wconf 82' lang='lat' dir='ltr'><strong>_Ne</strong></span> <span class='ocrx_word' id='word_1_443' title='bbox 825 3274 1181 3354; x_wconf 58' lang='lat' dir='ltr'><strong>“stimuleris</strong></span> <span class='ocrx_word' id='word_1_444' title='bbox 1212 3279 1267 3330; x_wconf 88' lang='lat' dir='ltr'><strong>in</strong></span> <span class='ocrx_word' id='word_1_445' title='bbox 1281 3294 1377 3354; x_wconf 29' lang='lat' dir='ltr'><strong>_eo‘</strong></span> <span class='ocrx_word' id='word_1_446' title='bbox 1402 3280 1493 3349; x_wconf 85' lang='lat' dir='ltr'><strong>qui</strong></span> <span class='ocrx_word' id='word_1_447' title='bbox 1535 3279 1855 3354; x_wconf 65' lang='lat' dir='ltr'><strong>fortunatus</strong></span> <span class='ocrx_word' id='word_1_448' title='bbox 1889 3281 2088 3336; x_wconf 74' lang='lat' dir='ltr'><strong>incedit</strong></span> 
     </span>
    </p>
   </div>
   <div class='ocr_carea' id='block_1_62' title="bbox 2201 3260 3785 3354">
    <p class='ocr_par' dir='ltr' id='par_1_62' title="bbox 2201 3260 3785 3354">
     <span class='ocr_line' id='line_1_63' title="bbox 2201 3260 3785 3354; baseline -0.001 1"><span class='ocrx_word' id='word_1_449' title='bbox 2201 3272 2339 3354; x_wconf 67' lang='grc' dir='ltr'><strong>ετιιι</strong></span> <span class='ocrx_word' id='word_1_450' title='bbox 2381 3269 2952 3354; x_wconf 49' lang='lat' dir='ltr'><strong>mammam</strong></span> <span class='ocrx_word' id='word_1_451' title='bbox 2971 3260 3785 3354; x_wconf 50' lang='lat' dir='ltr'><strong>f&quot;.“?’,&quot;‘f?i99§9?’liif’ftif”</strong></span> 
     </span>
    </p>
   </div>
   <div class='ocr_carea' id='block_1_63' title="bbox 575 3343 2037 3420">
    <p class='ocr_par' dir='ltr' id='par_1_63' title="bbox 575 3343 2037 3420">
     <span class='ocr_line' id='line_1_64' title="bbox 575 3343 2037 3420; baseline 0.008 -23"><span class='ocrx_word' id='word_1_452' title='bbox 575 3343 634 3398; x_wconf 84' lang='lat' dir='ltr'><strong>in</strong></span> <span class='ocrx_word' id='word_1_453' title='bbox 673 3343 760 3398; x_wconf 81' lang='lat' dir='ltr'><strong>via</strong></span> <span class='ocrx_word' id='word_1_454' title='bbox 792 3360 911 3414; x_wconf 81' lang='lat' dir='ltr'><strong>sua,</strong></span> <span class='ocrx_word' id='word_1_455' title='bbox 948 3346 1005 3400; x_wconf 88' lang='lat' dir='ltr'><strong>in</strong></span> <span class='ocrx_word' id='word_1_456' title='bbox 1036 3346 1244 3402; x_wconf 82' lang='lat' dir='ltr'><strong>homine</strong></span> <span class='ocrx_word' id='word_1_457' title='bbox 1269 3343 1498 3418; x_wconf 76' lang='lat' dir='ltr'><strong>faciente</strong></span> <span class='ocrx_word' id='word_1_458' title='bbox 1523 3343 2037 3420; x_wconf 63' lang='lat' dir='ltr'><strong>praevaricationem.</strong></span> 
     </span>
    </p>
   </div>
   <div class='ocr_carea' id='block_1_64' title="bbox 585 3499 2092 3580">
    <p class='ocr_par' dir='ltr' id='par_1_64' title="bbox 585 3499 2092 3580">
     <span class='ocr_line' id='line_1_65' title="bbox 585 3499 2092 3580; baseline 0.005 -20"><span class='ocrx_word' id='word_1_459' title='bbox 585 3499 667 3560; x_wconf 86' lang='lat' dir='ltr'><strong>Ne</strong></span> <span class='ocrx_word' id='word_1_460' title='bbox 695 3502 1148 3576; x_wconf 81' lang='lat' dir='ltr'><strong>imiteris.inquit,</strong></span> <span class='ocrx_word' id='word_1_461' title='bbox 1184 3506 1501 3564; x_wconf 82' lang='lat' dir='ltr'><strong>felicitatem</strong></span> <span class='ocrx_word' id='word_1_462' title='bbox 1538 3523 1605 3563; x_wconf 79' lang='lat' dir='ltr'><strong>ex</strong></span> <span class='ocrx_word' id='word_1_463' title='bbox 1638 3511 2092 3580; x_wconf 70' lang='lat' dir='ltr'><strong>prmvaricatione</strong></span> 
     </span>
    </p>
   </div>
   <div class='ocr_carea' id='block_1_65' title="bbox 520 3595 2087 3674">
    <p class='ocr_par' dir='ltr' id='par_1_65' title="bbox 520 3595 2087 3674">
     <span class='ocr_line' id='line_1_66' title="bbox 520 3595 2087 3674; baseline 0.008 -26"><span class='ocrx_word' id='word_1_464' title='bbox 520 3595 932 3664; x_wconf 77' lang='lat' dir='ltr'><strong>provenientem</strong></span> <span class='ocrx_word' id='word_1_465' title='bbox 974 3614 990 3652; x_wconf 92' lang='lat'><strong>:</strong></span> <span class='ocrx_word' id='word_1_466' title='bbox 1036 3612 1211 3669; x_wconf 88' lang='lat' dir='ltr'><strong>neque</strong></span> <span class='ocrx_word' id='word_1_467' title='bbox 1259 3600 1326 3654; x_wconf 91' lang='lat' dir='ltr'><strong>ad</strong></span> <span class='ocrx_word' id='word_1_468' title='bbox 1382 3599 1589 3671; x_wconf 83' lang='lat' dir='ltr'><strong>ﬂagitia</strong></span> <span class='ocrx_word' id='word_1_469' title='bbox 1638 3605 1975 3674; x_wconf 84' lang='lat' dir='ltr'><strong>provoceris,</strong></span> <span class='ocrx_word' id='word_1_470' title='bbox 2005 3614 2087 3660; x_wconf 88' lang='lat' dir='ltr'><strong>ta-</strong></span> 
     </span>
    </p>
   </div>
   <div class='ocr_carea' id='block_1_66' title="bbox 520 3687 2094 3767">
    <p class='ocr_par' dir='ltr' id='par_1_66' title="bbox 520 3687 2094 3767">
     <span class='ocr_line' id='line_1_67' title="bbox 520 3687 2094 3767; baseline 0.007 -25"><span class='ocrx_word' id='word_1_471' title='bbox 520 3687 679 3743; x_wconf 90' lang='lat' dir='ltr'><strong>metsi</strong></span> <span class='ocrx_word' id='word_1_472' title='bbox 710 3689 894 3745; x_wconf 85' lang='lat' dir='ltr'><strong>videas</strong></span> <span class='ocrx_word' id='word_1_473' title='bbox 927 3691 1252 3760; x_wconf 87' lang='lat' dir='ltr'><strong>pravitatem</strong></span> <span class='ocrx_word' id='word_1_474' title='bbox 1286 3692 1522 3749; x_wconf 87' lang='lat' dir='ltr'><strong>feliciter</strong></span> <span class='ocrx_word' id='word_1_475' title='bbox 1558 3695 1845 3767; x_wconf 92' lang='lat' dir='ltr'><strong>fausteque</strong></span> <span class='ocrx_word' id='word_1_476' title='bbox 1879 3708 2094 3754; x_wconf 86' lang='lat' dir='ltr'><strong>verten-</strong></span> 
     </span>
    </p>
   </div>
   <div class='ocr_carea' id='block_1_67' title="bbox 523 3781 2093 3858">
    <p class='ocr_par' dir='ltr' id='par_1_67' title="bbox 523 3781 2093 3858">
     <span class='ocr_line' id='line_1_68' title="bbox 523 3781 2093 3858; baseline 0.008 -25"><span class='ocrx_word' id='word_1_477' title='bbox 523 3789 659 3847; x_wconf 91' lang='lat' dir='ltr'><strong>tem,</strong></span> <span class='ocrx_word' id='word_1_478' title='bbox 682 3781 951 3850; x_wconf 90' lang='lat' dir='ltr'><strong>siquidem</strong></span> <span class='ocrx_word' id='word_1_479' title='bbox 975 3784 1324 3855; x_wconf 85' lang='lat' dir='ltr'><strong>cogitaudum</strong></span> <span class='ocrx_word' id='word_1_480' title='bbox 1349 3795 1454 3851; x_wconf 90' lang='lat' dir='ltr'><strong>est,</strong></span> <span class='ocrx_word' id='word_1_481' title='bbox 1478 3789 1622 3858; x_wconf 91' lang='lat' dir='ltr'><strong>quod</strong></span> <span class='ocrx_word' id='word_1_482' title='bbox 1660 3789 1914 3844; x_wconf 68' lang='lat' dir='ltr'><strong>saeculum</strong></span> <span class='ocrx_word' id='word_1_483' title='bbox 1953 3790 2093 3845; x_wconf 91' lang='lat' dir='ltr'><strong>istud</strong></span> 
     </span>
    </p>
   </div>
   <div class='ocr_carea' id='block_1_68' title="bbox 522 3872 2094 3944">
    <p class='ocr_par' dir='ltr' id='par_1_68' title="bbox 522 3872 2094 3944">
     <span class='ocr_line' id='line_1_69' title="bbox 522 3872 2094 3944; baseline 0.008 -20"><span class='ocrx_word' id='word_1_484' title='bbox 522 3882 711 3924; x_wconf 87' lang='lat' dir='ltr'><strong>eorum</strong></span> <span class='ocrx_word' id='word_1_485' title='bbox 740 3872 831 3936; x_wconf 89' lang='lat' dir='ltr'><strong>sit,</strong></span> <span class='ocrx_word' id='word_1_486' title='bbox 864 3873 956 3940; x_wconf 89' lang='lat' dir='ltr'><strong>qui</strong></span> <span class='ocrx_word' id='word_1_487' title='bbox 985 3872 1143 3927; x_wconf 84' lang='lat' dir='ltr'><strong>aliam</strong></span> <span class='ocrx_word' id='word_1_488' title='bbox 1174 3890 1324 3944; x_wconf 87' lang='lat' dir='ltr'><strong>spem</strong></span> <span class='ocrx_word' id='word_1_489' title='bbox 1376 3892 1483 3933; x_wconf 89' lang='lat' dir='ltr'><strong>non</strong></span> <span class='ocrx_word' id='word_1_490' title='bbox 1532 3879 1760 3935; x_wconf 87' lang='lat' dir='ltr'><strong>habent.</strong></span> <span class='ocrx_word' id='word_1_491' title='bbox 1806 3880 2094 3938; x_wconf 87' lang='lat' dir='ltr'><strong>Fortunati</strong></span> 
     </span>
    </p>
   </div>
   <div class='ocr_carea' id='block_1_69' title="bbox 521 3959 2097 4038">
    <p class='ocr_par' dir='ltr' id='par_1_69' title="bbox 521 3959 2097 4038">
     <span class='ocr_line' id='line_1_70' title="bbox 521 3959 2097 4038; baseline 0.011 -25"><span class='ocrx_word' id='word_1_492' title='bbox 521 3959 580 4015; x_wconf 89' lang='lat' dir='ltr'><strong>in</strong></span> <span class='ocrx_word' id='word_1_493' title='bbox 614 3975 681 4015; x_wconf 90' lang='lat' dir='ltr'><strong>eo</strong></span> <span class='ocrx_word' id='word_1_494' title='bbox 708 3962 838 4027; x_wconf 90' lang='lat' dir='ltr'><strong>sint,</strong></span> <span class='ocrx_word' id='word_1_495' title='bbox 875 3974 930 4018; x_wconf 93' lang='lat' dir='ltr'><strong>et</strong></span> <span class='ocrx_word' id='word_1_496' title='bbox 971 3964 1209 4021; x_wconf 79' lang='lat' dir='ltr'><strong>habento</strong></span> <span class='ocrx_word' id='word_1_497' title='bbox 1255 3982 1377 4037; x_wconf 62' lang='lat' dir='ltr'><strong>qua:</strong></span> <span class='ocrx_word' id='word_1_498' title='bbox 1422 3980 1741 4038; x_wconf 86' lang='lat' dir='ltr'><strong>reputantur</strong></span> <span class='ocrx_word' id='word_1_499' title='bbox 1782 3974 1950 4030; x_wconf 90' lang='lat' dir='ltr'><strong>bona.</strong></span> <span class='ocrx_word' id='word_1_500' title='bbox 1988 3974 2097 4031; x_wconf 89' lang='lat' dir='ltr'><strong>Nos</strong></span> 
     </span>
    </p>
   </div>
   <div class='ocr_carea' id='block_1_70' title="bbox 523 4053 2099 4132">
    <p class='ocr_par' dir='ltr' id='par_1_70' title="bbox 523 4053 2099 4132">
     <span class='ocr_line' id='line_1_71' title="bbox 523 4053 2099 4132; baseline 0.01 -26"><span class='ocrx_word' id='word_1_501' title='bbox 523 4065 658 4108; x_wconf 90' lang='lat' dir='ltr'><strong>vero</strong></span> <span class='ocrx_word' id='word_1_502' title='bbox 677 4053 730 4107; x_wconf 93' lang='lat' dir='ltr'><strong>in</strong></span> <span class='ocrx_word' id='word_1_503' title='bbox 770 4054 913 4110; x_wconf 89' lang='lat' dir='ltr'><strong>aliud</strong></span> <span class='ocrx_word' id='word_1_504' title='bbox 936 4057 1191 4112; x_wconf 64' lang='lat' dir='ltr'><strong>saeculum</strong></span> <span class='ocrx_word' id='word_1_505' title='bbox 1224 4061 1346 4114; x_wconf 71' lang='lat' dir='ltr'><strong>vita:</strong></span> <span class='ocrx_word' id='word_1_506' title='bbox 1375 4060 1615 4117; x_wconf 88' lang='lat' dir='ltr'><strong>animum</strong></span> <span class='ocrx_word' id='word_1_507' title='bbox 1641 4064 1973 4122; x_wconf 85' lang='lat' dir='ltr'><strong>intendimus</strong></span> <span class='ocrx_word' id='word_1_508' title='bbox 1997 4108 2012 4132; x_wconf 94' lang='lat'><strong>,</strong></span> <span class='ocrx_word' id='word_1_509' title='bbox 2043 4077 2099 4122; x_wconf 90' lang='lat' dir='ltr'><strong>et</strong></span> 
     </span>
    </p>
   </div>
   <div class='ocr_carea' id='block_1_71' title="bbox 527 4151 2097 4227">
    <p class='ocr_par' dir='ltr' id='par_1_71' title="bbox 527 4151 2097 4227">
     <span class='ocr_line' id='line_1_72' title="bbox 527 4151 2097 4227; baseline 0.009 -26"><span class='ocrx_word' id='word_1_510' title='bbox 527 4161 652 4216; x_wconf 87' lang='lat' dir='ltr'><strong>spes</strong></span> <span class='ocrx_word' id='word_1_511' title='bbox 689 4158 873 4203; x_wconf 88' lang='lat' dir='ltr'><strong>nostra</strong></span> <span class='ocrx_word' id='word_1_512' title='bbox 901 4161 1028 4219; x_wconf 88' lang='lat' dir='ltr'><strong>post</strong></span> <span class='ocrx_word' id='word_1_513' title='bbox 1054 4151 1155 4206; x_wconf 88' lang='lat' dir='ltr'><strong>hoc</strong></span> <span class='ocrx_word' id='word_1_514' title='bbox 1188 4153 1444 4208; x_wconf 69' lang='lat' dir='ltr'><strong>saeculum</strong></span> <span class='ocrx_word' id='word_1_515' title='bbox 1479 4157 1797 4227; x_wconf 86' lang='lat' dir='ltr'><strong>porrigitur.</strong></span> <span class='ocrx_word' id='word_1_516' title='bbox 1816 4159 1960 4214; x_wconf 89' lang='lat' dir='ltr'><strong>Fieri</strong></span> <span class='ocrx_word' id='word_1_517' title='bbox 1991 4177 2097 4215; x_wconf 88' lang='lat' dir='ltr'><strong>non</strong></span> 
     </span>
    </p>
   </div>
   <div class='ocr_carea' id='block_1_72' title="bbox 525 4243 2099 4325">
    <p class='ocr_par' dir='ltr' id='par_1_72' title="bbox 525 4243 2099 4325">
     <span class='ocr_line' id='line_1_73' title="bbox 525 4243 2099 4325; baseline 0.009 -31"><span class='ocrx_word' id='word_1_518' title='bbox 525 4247 707 4311; x_wconf 87' lang='lat' dir='ltr'><strong>potest</strong></span> <span class='ocrx_word' id='word_1_519' title='bbox 759 4250 816 4295; x_wconf 91' lang='lat' dir='ltr'><strong>ut</strong></span> <span class='ocrx_word' id='word_1_520' title='bbox 846 4250 902 4297; x_wconf 90' lang='lat' dir='ltr'><strong>et</strong></span> <span class='ocrx_word' id='word_1_521' title='bbox 935 4243 987 4296; x_wconf 94' lang='lat' dir='ltr'><strong>in</strong></span> <span class='ocrx_word' id='word_1_522' title='bbox 1016 4244 1121 4325; x_wconf 65' lang='lat' dir='ltr'><strong>hoc</strong></span> <span class='ocrx_word' id='word_1_523' title='bbox 1146 4254 1202 4299; x_wconf 84' lang='lat' dir='ltr'><strong>et</strong></span> <span class='ocrx_word' id='word_1_524' title='bbox 1250 4245 1302 4299; x_wconf 90' lang='lat' dir='ltr'><strong>in</strong></span> <span class='ocrx_word' id='word_1_525' title='bbox 1348 4244 1440 4301; x_wconf 94' lang='lat' dir='ltr'><strong>illo</strong></span> <span class='ocrx_word' id='word_1_526' title='bbox 1486 4247 1685 4303; x_wconf 70' lang='lat' dir='ltr'><strong>sazculo</strong></span> <span class='ocrx_word' id='word_1_527' title='bbox 1727 4248 1868 4306; x_wconf 89' lang='lat' dir='ltr'><strong>bona</strong></span> <span class='ocrx_word' id='word_1_528' title='bbox 1900 4251 2099 4308; x_wconf 91' lang='lat' dir='ltr'><strong>habea-</strong></span> 
     </span>
    </p>
   </div>
   <div class='ocr_carea' id='block_1_73' title="bbox 532 4330 2097 4409">
    <p class='ocr_par' dir='ltr' id='par_1_73' title="bbox 532 4330 2097 4409">
     <span class='ocr_line' id='line_1_74' title="bbox 532 4330 2097 4409; baseline 0.009 -22"><span class='ocrx_word' id='word_1_529' title='bbox 532 4347 671 4387; x_wconf 89' lang='lat' dir='ltr'><strong>mus.</strong></span> <span class='ocrx_word' id='word_1_530' title='bbox 707 4330 763 4388; x_wconf 93' lang='lat' dir='ltr'><strong>Si</strong></span> <span class='ocrx_word' id='word_1_531' title='bbox 790 4335 932 4389; x_wconf 89' lang='lat' dir='ltr'><strong>euim</strong></span> <span class='ocrx_word' id='word_1_532' title='bbox 967 4335 1056 4390; x_wconf 86' lang='lat' dir='ltr'><strong>hic</strong></span> <span class='ocrx_word' id='word_1_533' title='bbox 1082 4330 1283 4390; x_wconf 83' lang='lat' dir='ltr'><strong>habeat</strong></span> <span class='ocrx_word' id='word_1_534' title='bbox 1311 4337 1456 4407; x_wconf 88' lang='lat' dir='ltr'><strong>quis,</strong></span> <span class='ocrx_word' id='word_1_535' title='bbox 1501 4338 1574 4394; x_wconf 89' lang='lat' dir='ltr'><strong>ibi</strong></span> <span class='ocrx_word' id='word_1_536' title='bbox 1619 4341 1838 4409; x_wconf 90' lang='lat' dir='ltr'><strong>punitus</strong></span> <span class='ocrx_word' id='word_1_537' title='bbox 1866 4345 2050 4400; x_wconf 90' lang='lat' dir='ltr'><strong>audiet</strong></span> <span class='ocrx_word' id='word_1_538' title='bbox 2082 4363 2097 4402; x_wconf 89' lang='lat'><strong>:</strong></span> 
     </span>
    </p>
   </div>
   <div class='ocr_carea' id='block_1_74' title="bbox 524 4421 2101 4491">
    <p class='ocr_par' dir='ltr' id='par_1_74' title="bbox 524 4421 2101 4491">
     <span class='ocr_line' id='line_1_75' title="bbox 524 4421 2101 4491; baseline 0.012 -19"><span class='ocrx_word' id='word_1_539' title='bbox 524 4421 787 4488; x_wconf 78' lang='lat' dir='ltr'><strong>Accepisti</strong></span> <span class='ocrx_word' id='word_1_540' title='bbox 827 4422 963 4476; x_wconf 86' lang='lat' dir='ltr'><strong>bona</strong></span> <span class='ocrx_word' id='word_1_541' title='bbox 993 4432 1085 4476; x_wconf 90' lang='lat' dir='ltr'><strong>tua</strong></span> <span class='ocrx_word' id='word_1_542' title='bbox 1112 4425 1168 4478; x_wconf 87' lang='lat' dir='ltr'><strong>in</strong></span> <span class='ocrx_word' id='word_1_543' title='bbox 1195 4425 1301 4478; x_wconf 83' lang='lat' dir='ltr'><strong>vita</strong></span> <span class='ocrx_word' id='word_1_544' title='bbox 1342 4436 1433 4480; x_wconf 91' lang='lat' dir='ltr'><strong>tua</strong></span> <span class='ocrx_word' id='word_1_545' title='bbox 1468 4428 1535 4481; x_wconf 77' lang='grc' dir='ltr'><strong>τ’.</strong></span> <span class='ocrx_word' id='word_1_546' title='bbox 1569 4427 1889 4487; x_wconf 84' lang='lat' dir='ltr'><strong>Necessario</strong></span> <span class='ocrx_word' id='word_1_547' title='bbox 1919 4442 2101 4491; x_wconf 88' lang='lat' dir='ltr'><strong>tamen</strong></span> 
     </span>
    </p>
   </div>
   <div class='ocr_carea' id='block_1_75' title="bbox 528 4509 2099 4591">
    <p class='ocr_par' dir='ltr' id='par_1_75' title="bbox 528 4509 2099 4591">
     <span class='ocr_line' id='line_1_76' title="bbox 528 4509 2099 4591; baseline 0.012 -28"><span class='ocrx_word' id='word_1_548' title='bbox 528 4509 785 4580; x_wconf 85' lang='lat' dir='ltr'><strong>adjicitur</strong></span> <span class='ocrx_word' id='word_1_549' title='bbox 815 4511 943 4567; x_wconf 91' lang='lat' dir='ltr'><strong>illud</strong></span> <span class='ocrx_word' id='word_1_550' title='bbox 979 4530 993 4567; x_wconf 88' lang='lat'><strong>:</strong></span> <span class='ocrx_word' id='word_1_551' title='bbox 1020 4513 1086 4569; x_wconf 89' lang='lat' dir='ltr'><strong>In</strong></span> <span class='ocrx_word' id='word_1_552' title='bbox 1114 4516 1324 4571; x_wconf 81' lang='lat' dir='ltr'><strong>homine</strong></span> <span class='ocrx_word' id='word_1_553' title='bbox 1347 4518 1574 4588; x_wconf 81' lang='lat' dir='ltr'><strong>faciente</strong></span> <span class='ocrx_word' id='word_1_554' title='bbox 1587 4524 2099 4591; x_wconf 67' lang='lat' dir='ltr'><strong>praevaricationem.</strong></span> 
     </span>
    </p>
   </div>
   <div class='ocr_carea' id='block_1_76' title="bbox 2262 3333 3782 3467">
    <p class='ocr_par' dir='ltr' id='par_1_76' title="bbox 2262 3333 3782 3467">
     <span class='ocr_line' id='line_1_77' title="bbox 2262 3333 3782 3467; baseline -0.01 -69"><span class='ocrx_word' id='word_1_555' title='bbox 2262 3333 2339 3467; x_wconf 49' lang='grc' dir='ltr'><strong>’ἐξ</strong></span> <span class='ocrx_word' id='word_1_556' title='bbox 2369 3333 2486 3410; x_wconf 69' lang='grc' dir='ltr'><strong>ὁδῷ</strong></span> <span class='ocrx_word' id='word_1_557' title='bbox 2532 3333 2740 3408; x_wconf 76' lang='grc' dir='ltr'><strong>άὺτοῧ,</strong></span> <span class='ocrx_word' id='word_1_558' title='bbox 2782 3333 2852 3395; x_wconf 63' lang='grc' dir='ltr'><strong>ἐκ</strong></span> <span class='ocrx_word' id='word_1_559' title='bbox 2883 3337 3171 3408; x_wconf 80' lang='grc' dir='ltr'><strong>ἀνθρώπῳ</strong></span> <span class='ocrx_word' id='word_1_560' title='bbox 3206 3333 3476 3389; x_wconf 81' lang='grc' dir='ltr'><strong>ποιοῦντι</strong></span> <span class='ocrx_word' id='word_1_561' title='bbox 3514 3345 3782 3402; x_wconf 70' lang='grc' dir='ltr'><strong>παρανο-</strong></span> 
     </span>
     <span class='ocr_line' id='line_1_78' title="bbox 2265 3431 2424 3467; baseline -0.006 0"><span class='ocrx_word' id='word_1_562' title='bbox 2265 3433 2305 3467; x_wconf 82' lang='grc' dir='ltr'><strong>ιι</strong></span> <span class='ocrx_word' id='word_1_563' title='bbox 2329 3431 2424 3467; x_wconf 83' lang='grc' dir='ltr'><strong>αν.</strong></span> 
     </span>
    </p>
   </div>
   <div class='ocr_carea' id='block_1_77' title="bbox 2258 3431 2424 3484">
    <p class='ocr_par' dir='ltr' id='par_1_77' title="bbox 2258 3431 2424 3484">
     <span class='ocr_line' id='line_1_79' title="bbox 2258 3431 2424 3484; baseline -0.006 -17"><span class='ocrx_word' id='word_1_564' title='bbox 2258 3431 2424 3484; x_wconf 83' lang='grc' dir='ltr'><strong>μιαν.</strong></span> 
     </span>
    </p>
   </div>
   <div class='ocr_carea' id='block_1_78' title="bbox 2263 3495 3783 3579">
    <p class='ocr_par' dir='ltr' id='par_1_78' title="bbox 2263 3495 3783 3579">
     <span class='ocr_line' id='line_1_80' title="bbox 2263 3495 3783 3579; baseline -0.011 -17"><span class='ocrx_word' id='word_1_565' title='bbox 2263 3507 2354 3578; x_wconf 80' lang='grc' dir='ltr'><strong>Μὴ</strong></span> <span class='ocrx_word' id='word_1_566' title='bbox 2378 3507 2614 3579; x_wconf 83' lang='grc' dir='ltr'><strong>μιμήσῃ,</strong></span> <span class='ocrx_word' id='word_1_567' title='bbox 2629 3504 2813 3576; x_wconf 63' lang='grc' dir='ltr'><strong>φησιν,</strong></span> <span class='ocrx_word' id='word_1_568' title='bbox 2829 3501 3174 3573; x_wconf 80' lang='grc' dir='ltr'><strong>εὐδαιμονίαν</strong></span> <span class='ocrx_word' id='word_1_569' title='bbox 3195 3502 3260 3553; x_wconf 81' lang='grc' dir='ltr'><strong>ὲκ</strong></span> <span class='ocrx_word' id='word_1_570' title='bbox 3283 3495 3627 3570; x_wconf 85' lang='grc' dir='ltr'><strong>παρανομίας</strong></span> <span class='ocrx_word' id='word_1_571' title='bbox 3647 3511 3783 3564; x_wconf 81' lang='grc' dir='ltr'><strong>συγ-</strong></span> 
     </span>
    </p>
   </div>
   <div class='ocr_carea' id='block_1_79' title="bbox 2195 3588 3782 3671">
    <p class='ocr_par' dir='ltr' id='par_1_79' title="bbox 2195 3588 3782 3671">
     <span class='ocr_line' id='line_1_81' title="bbox 2195 3588 3782 3671; baseline -0.011 -16"><span class='ocrx_word' id='word_1_572' title='bbox 2195 3598 2599 3671; x_wconf 77' lang='grc' dir='ltr'><strong>κροτουμένηνο</strong></span> <span class='ocrx_word' id='word_1_573' title='bbox 2633 3596 2767 3669; x_wconf 84' lang='grc' dir='ltr'><strong>μηδὲ</strong></span> <span class='ocrx_word' id='word_1_574' title='bbox 2821 3598 2902 3659; x_wconf 85' lang='grc' dir='ltr'><strong>είς</strong></span> <span class='ocrx_word' id='word_1_575' title='bbox 2940 3593 3140 3648; x_wconf 87' lang='grc' dir='ltr'><strong>κακίαν</strong></span> <span class='ocrx_word' id='word_1_576' title='bbox 3186 3590 3452 3663; x_wconf 78' lang='grc' dir='ltr'><strong>ὲρεθίζου,</strong></span> <span class='ocrx_word' id='word_1_577' title='bbox 3503 3588 3607 3643; x_wconf 69' lang='grc' dir='ltr'><strong>κᾶν</strong></span> <span class='ocrx_word' id='word_1_578' title='bbox 3643 3588 3782 3659; x_wconf 82' lang='grc' dir='ltr'><strong>ὁρᾷς</strong></span> 
     </span>
    </p>
   </div>
   <div class='ocr_carea' id='block_1_80' title="bbox 2194 3677 3784 3760">
    <p class='ocr_par' dir='ltr' id='par_1_80' title="bbox 2194 3677 3784 3760">
     <span class='ocr_line' id='line_1_82' title="bbox 2194 3677 3784 3760; baseline -0.007 -15"><span class='ocrx_word' id='word_1_579' title='bbox 2194 3692 2256 3745; x_wconf 80' lang='grc' dir='ltr'><strong>τὸ</strong></span> <span class='ocrx_word' id='word_1_580' title='bbox 2287 3689 2454 3745; x_wconf 85' lang='grc' dir='ltr'><strong>κακὸν</strong></span> <span class='ocrx_word' id='word_1_581' title='bbox 2498 3688 2879 3760; x_wconf 82' lang='grc' dir='ltr'><strong>εὐοδούμενον,</strong></span> <span class='ocrx_word' id='word_1_582' title='bbox 2927 3687 3044 3740; x_wconf 90' lang='grc' dir='ltr'><strong>δέον</strong></span> <span class='ocrx_word' id='word_1_583' title='bbox 3073 3683 3427 3754; x_wconf 82' lang='grc' dir='ltr'><strong>λογίσασθαι,</strong></span> <span class='ocrx_word' id='word_1_584' title='bbox 3459 3682 3541 3735; x_wconf 81' lang='grc' dir='ltr'><strong>ὅτι</strong></span> <span class='ocrx_word' id='word_1_585' title='bbox 3570 3683 3599 3734; x_wconf 87' lang='grc' dir='ltr'><strong>ὁ</strong></span> <span class='ocrx_word' id='word_1_586' title='bbox 3644 3677 3784 3734; x_wconf 75' lang='grc' dir='ltr'><strong>αἰὼν</strong></span> 
     </span>
    </p>
   </div>
   <div class='ocr_carea' id='block_1_81' title="bbox 2198 3773 3782 3850">
    <p class='ocr_par' dir='ltr' id='par_1_81' title="bbox 2198 3773 3782 3850">
     <span class='ocr_line' id='line_1_83' title="bbox 2198 3773 3782 3850; baseline -0.008 -13"><span class='ocrx_word' id='word_1_587' title='bbox 2198 3776 2352 3847; x_wconf 76' lang='grc' dir='ltr'><strong>οὗτος</strong></span> <span class='ocrx_word' id='word_1_588' title='bbox 2393 3780 2599 3835; x_wconf 89' lang='grc' dir='ltr'><strong>τούτων</strong></span> <span class='ocrx_word' id='word_1_589' title='bbox 2647 3778 2765 3833; x_wconf 73' lang='grc' dir='ltr'><strong>ἐστὶ</strong></span> <span class='ocrx_word' id='word_1_590' title='bbox 2811 3779 2921 3831; x_wconf 91' lang='grc' dir='ltr'><strong>τῶν</strong></span> <span class='ocrx_word' id='word_1_591' title='bbox 2971 3777 3045 3850; x_wconf 83' lang='grc' dir='ltr'><strong>μὴ</strong></span> <span class='ocrx_word' id='word_1_592' title='bbox 3090 3777 3324 3847; x_wconf 73' lang='grc' dir='ltr'><strong>ἑχόντων</strong></span> <span class='ocrx_word' id='word_1_593' title='bbox 3370 3773 3535 3844; x_wconf 79' lang='grc' dir='ltr'><strong>ἄλλην</strong></span> <span class='ocrx_word' id='word_1_594' title='bbox 3564 3773 3782 3826; x_wconf 73' lang='grc' dir='ltr'><strong>ἐλπίδα.</strong></span> 
     </span>
    </p>
   </div>
   <div class='ocr_carea' id='block_1_82' title="bbox 2196 3865 3780 3950">
    <p class='ocr_par' dir='ltr' id='par_1_82' title="bbox 2196 3865 3780 3950">
     <span class='ocr_line' id='line_1_84' title="bbox 2196 3865 3780 3950; baseline -0.006 -19"><span class='ocrx_word' id='word_1_595' title='bbox 2196 3877 2608 3950; x_wconf 82' lang='grc' dir='ltr'><strong>Εὑτυχείτωσαν</strong></span> <span class='ocrx_word' id='word_1_596' title='bbox 2641 3876 2698 3928; x_wconf 80' lang='grc' dir='ltr'><strong>ὲν</strong></span> <span class='ocrx_word' id='word_1_597' title='bbox 2725 3871 2894 3943; x_wconf 82' lang='grc' dir='ltr'><strong>αὐτῷ,</strong></span> <span class='ocrx_word' id='word_1_598' title='bbox 2928 3871 3021 3925; x_wconf 79' lang='grc' dir='ltr'><strong>καὶ</strong></span> <span class='ocrx_word' id='word_1_599' title='bbox 3044 3870 3317 3940; x_wconf 75' lang='grc' dir='ltr'><strong>ἐχέτωσαν</strong></span> <span class='ocrx_word' id='word_1_600' title='bbox 3341 3869 3409 3923; x_wconf 74' lang='grc' dir='ltr'><strong>τὰ</strong></span> <span class='ocrx_word' id='word_1_601' title='bbox 3438 3865 3780 3939; x_wconf 72' lang='grc' dir='ltr'><strong>νομιζόμενα</strong></span> 
     </span>
    </p>
   </div>
   <div class='ocr_carea' id='block_1_83' title="bbox 2198 3959 3784 4039">
    <p class='ocr_par' dir='ltr' id='par_1_83' title="bbox 2198 3959 3784 4039">
     <span class='ocr_line' id='line_1_85' title="bbox 2198 3959 3784 4039; baseline -0.006 -16"><span class='ocrx_word' id='word_1_602' title='bbox 2198 3967 2398 4039; x_wconf 84' lang='grc' dir='ltr'><strong>ἀγαθά.</strong></span> <span class='ocrx_word' id='word_1_603' title='bbox 2432 3968 2624 4038; x_wconf 84' lang='grc' dir='ltr'><strong>Ἡμεῖς</strong></span> <span class='ocrx_word' id='word_1_604' title='bbox 2661 3966 2720 4020; x_wconf 81' lang='grc' dir='ltr'><strong>δὲ</strong></span> <span class='ocrx_word' id='word_1_605' title='bbox 2765 3967 2846 4030; x_wconf 83' lang='grc' dir='ltr'><strong>είς</strong></span> <span class='ocrx_word' id='word_1_606' title='bbox 2877 3963 3035 4018; x_wconf 80' lang='grc' dir='ltr'><strong>ἄλλον</strong></span> <span class='ocrx_word' id='word_1_607' title='bbox 3072 3961 3246 4015; x_wconf 80' lang='grc' dir='ltr'><strong>αἰῶνα</strong></span> <span class='ocrx_word' id='word_1_608' title='bbox 3288 3961 3560 4032; x_wconf 86' lang='grc' dir='ltr'><strong>βλέπομεν</strong></span> <span class='ocrx_word' id='word_1_609' title='bbox 3596 3959 3784 4029; x_wconf 54' lang='grc' dir='ltr'><strong>ζωῆμ</strong></span> 
     </span>
    </p>
   </div>
   <div class='ocr_carea' id='block_1_84' title="bbox 2199 4052 3789 4133">
    <p class='ocr_par' dir='ltr' id='par_1_84' title="bbox 2199 4052 3789 4133">
     <span class='ocr_line' id='line_1_86' title="bbox 2199 4052 3789 4133; baseline -0.008 -16"><span class='ocrx_word' id='word_1_610' title='bbox 2199 4063 2293 4117; x_wconf 75' lang='grc' dir='ltr'><strong>καὶ</strong></span> <span class='ocrx_word' id='word_1_611' title='bbox 2325 4063 2358 4133; x_wconf 85' lang='grc' dir='ltr'><strong>ἡ</strong></span> <span class='ocrx_word' id='word_1_612' title='bbox 2392 4061 2547 4125; x_wconf 76' lang='grc' dir='ltr'><strong>ὲλπὶς</strong></span> <span class='ocrx_word' id='word_1_613' title='bbox 2572 4057 2752 4131; x_wconf 78' lang='grc' dir='ltr'><strong>ἡμῶν,</strong></span> <span class='ocrx_word' id='word_1_614' title='bbox 2800 4056 2927 4129; x_wconf 79' lang='grc' dir='ltr'><strong>ἑξῆς</strong></span> <span class='ocrx_word' id='word_1_615' title='bbox 2956 4056 3131 4126; x_wconf 85' lang='grc' dir='ltr'><strong>τούτῳ</strong></span> <span class='ocrx_word' id='word_1_616' title='bbox 3161 4052 3239 4125; x_wconf 83' lang='grc' dir='ltr'><strong>τῷ</strong></span> <span class='ocrx_word' id='word_1_617' title='bbox 3274 4053 3429 4107; x_wconf 84' lang='grc' dir='ltr'><strong>αίῶνί</strong></span> <span class='ocrx_word' id='word_1_618' title='bbox 3463 4055 3629 4106; x_wconf 75' lang='grc' dir='ltr'><strong>ἐστιν.</strong></span> <span class='ocrx_word' id='word_1_619' title='bbox 3671 4053 3789 4123; x_wconf 78' lang='grc' dir='ltr'><strong>οὐχ</strong></span> 
     </span>
    </p>
   </div>
   <div class='ocr_carea' id='block_1_85' title="bbox 2198 4144 3789 4220">
    <p class='ocr_par' dir='ltr' id='par_1_85' title="bbox 2198 4144 3789 4220">
     <span class='ocr_line' id='line_1_87' title="bbox 2198 4144 3789 4220; baseline -0.007 -12"><span class='ocrx_word' id='word_1_620' title='bbox 2198 4149 2311 4208; x_wconf 75' lang='grc' dir='ltr'><strong>οἷόν</strong></span> <span class='ocrx_word' id='word_1_621' title='bbox 2343 4152 2403 4206; x_wconf 83' lang='grc' dir='ltr'><strong>τέ</strong></span> <span class='ocrx_word' id='word_1_622' title='bbox 2426 4153 2543 4205; x_wconf 77' lang='grc' dir='ltr'><strong>ἐστι</strong></span> <span class='ocrx_word' id='word_1_623' title='bbox 2571 4150 2641 4204; x_wconf 84' lang='grc' dir='ltr'><strong>τὰ</strong></span> <span class='ocrx_word' id='word_1_624' title='bbox 2663 4148 2844 4219; x_wconf 79' lang='grc' dir='ltr'><strong>ἀγαθὰ</strong></span> <span class='ocrx_word' id='word_1_625' title='bbox 2875 4150 2934 4203; x_wconf 80' lang='grc' dir='ltr'><strong>ὲν</strong></span> <span class='ocrx_word' id='word_1_626' title='bbox 2966 4148 3139 4220; x_wconf 84' lang='grc' dir='ltr'><strong>τούτῳ</strong></span> <span class='ocrx_word' id='word_1_627' title='bbox 3156 4147 3234 4219; x_wconf 84' lang='grc' dir='ltr'><strong>τῷ</strong></span> <span class='ocrx_word' id='word_1_628' title='bbox 3255 4146 3410 4200; x_wconf 82' lang='grc' dir='ltr'><strong>αἰῶνι</strong></span> <span class='ocrx_word' id='word_1_629' title='bbox 3438 4144 3580 4216; x_wconf 75' lang='grc' dir='ltr'><strong>ἔχειν</strong></span> <span class='ocrx_word' id='word_1_630' title='bbox 3604 4144 3701 4198; x_wconf 80' lang='grc' dir='ltr'><strong>καὶ</strong></span> <span class='ocrx_word' id='word_1_631' title='bbox 3730 4146 3789 4197; x_wconf 83' lang='grc' dir='ltr'>ὲν</span> 
     </span>
    </p>
   </div>
   <div class='ocr_carea' id='block_1_86' title="bbox 2201 4236 3789 4317">
    <p class='ocr_par' dir='ltr' id='par_1_86' title="bbox 2201 4236 3789 4317">
     <span class='ocr_line' id='line_1_88' title="bbox 2201 4236 3789 4317; baseline -0.006 -18"><span class='ocrx_word' id='word_1_632' title='bbox 2201 4247 2396 4317; x_wconf 73' lang='grc' dir='ltr'><strong>ἐκείνῳ</strong></span> <span class='ocrx_word' id='word_1_633' title='bbox 2413 4262 2427 4275; x_wconf 87' lang='grc'><strong>·</strong></span> <span class='ocrx_word' id='word_1_634' title='bbox 2463 4247 2510 4298; x_wconf 86' lang='grc' dir='ltr'><strong>εί</strong></span> <span class='ocrx_word' id='word_1_635' title='bbox 2541 4244 2651 4316; x_wconf 84' lang='grc' dir='ltr'><strong>γὰρ</strong></span> <span class='ocrx_word' id='word_1_636' title='bbox 2682 4245 2739 4297; x_wconf 80' lang='grc' dir='ltr'><strong>ὲν</strong></span> <span class='ocrx_word' id='word_1_637' title='bbox 2766 4242 2941 4314; x_wconf 81' lang='grc' dir='ltr'><strong>τούτῳ</strong></span> <span class='ocrx_word' id='word_1_638' title='bbox 2965 4241 3077 4314; x_wconf 80' lang='grc' dir='ltr'><strong>ἔχει</strong></span> <span class='ocrx_word' id='word_1_639' title='bbox 3113 4242 3260 4313; x_wconf 87' lang='grc' dir='ltr'><strong>(τις),</strong></span> <span class='ocrx_word' id='word_1_640' title='bbox 3279 4241 3398 4293; x_wconf 75' lang='grc' dir='ltr'><strong>ἐκεῖ</strong></span> <span class='ocrx_word' id='word_1_641' title='bbox 3420 4236 3789 4306; x_wconf 81' lang='grc' dir='ltr'><strong>κολαζόμενος</strong></span> 
     </span>
    </p>
   </div>
   <div class='ocr_carea' id='block_1_87' title="bbox 2201 4327 3787 4405">
    <p class='ocr_par' dir='ltr' id='par_1_87' title="bbox 2201 4327 3787 4405">
     <span class='ocr_line' id='line_1_89' title="bbox 2201 4327 3787 4405; baseline -0.006 -12"><span class='ocrx_word' id='word_1_642' title='bbox 2201 4337 2512 4394; x_wconf 86' lang='grc' dir='ltr'><strong>ἀκούσεται·</strong></span> <span class='ocrx_word' id='word_1_643' title='bbox 2543 4335 2868 4402; x_wconf 77' lang='grc' dir='ltr'><strong>Ἀπέλαϐες</strong></span> <span class='ocrx_word' id='word_1_644' title='bbox 2888 4335 2960 4389; x_wconf 87' lang='grc' dir='ltr'><strong>τὰ</strong></span> <span class='ocrx_word' id='word_1_645' title='bbox 2980 4330 3173 4405; x_wconf 76' lang='grc' dir='ltr'><strong>ἀγαθά</strong></span> <span class='ocrx_word' id='word_1_646' title='bbox 3186 4348 3302 4387; x_wconf 87' lang='grc' dir='ltr'><strong>σου</strong></span> <span class='ocrx_word' id='word_1_647' title='bbox 3325 4331 3396 4385; x_wconf 76' lang='grc' dir='ltr'><strong>ἐν</strong></span> <span class='ocrx_word' id='word_1_648' title='bbox 3415 4327 3491 4399; x_wconf 75' lang='grc' dir='ltr'><strong>τῇ</strong></span> <span class='ocrx_word' id='word_1_649' title='bbox 3514 4327 3629 4397; x_wconf 78' lang='grc' dir='ltr'><strong>ζ’ωῇ</strong></span> <span class='ocrx_word' id='word_1_650' title='bbox 3643 4345 3787 4384; x_wconf 88' lang='grc' dir='ltr'><strong>σου.</strong></span> 
     </span>
    </p>
   </div>
   <div class='ocr_carea' id='block_1_88' title="bbox 2216 4417 3791 4498">
    <p class='ocr_par' dir='ltr' id='par_1_88' title="bbox 2216 4417 3791 4498">
     <span class='ocr_line' id='line_1_90' title="bbox 2216 4417 3791 4498; baseline -0.008 -14"><span class='ocrx_word' id='word_1_651' title='bbox 2216 4427 2554 4498; x_wconf 80' lang='grc' dir='ltr'><strong>’Δναγκαίως</strong></span> <span class='ocrx_word' id='word_1_652' title='bbox 2591 4426 2774 4498; x_wconf 89' lang='grc' dir='ltr'><strong>μέντοι</strong></span> <span class='ocrx_word' id='word_1_653' title='bbox 2815 4422 3191 4497; x_wconf 85' lang='grc' dir='ltr'><strong>προστέθειται</strong></span> <span class='ocrx_word' id='word_1_654' title='bbox 3218 4422 3279 4475; x_wconf 89' lang='grc' dir='ltr'><strong>τό</strong></span> <span class='ocrx_word' id='word_1_655' title='bbox 3305 4438 3317 4451; x_wconf 89' lang='grc'><strong>·</strong></span> <span class='ocrx_word' id='word_1_656' title='bbox 3363 4423 3466 4475; x_wconf 84' lang='grc' dir='ltr'><em>Ἕν</em></span> <span class='ocrx_word' id='word_1_657' title='bbox 3498 4417 3791 4488; x_wconf 77' lang='grc' dir='ltr'><strong>ἀνθρώπῳ</strong></span> 
     </span>
    </p>
   </div>
   <div class='ocr_carea' id='block_1_89' title="bbox 2203 4511 3796 4589">
    <p class='ocr_par' dir='ltr' id='par_1_89' title="bbox 2203 4511 3796 4589">
     <span class='ocr_line' id='line_1_91' title="bbox 2203 4511 3796 4589; baseline -0.008 -13"><span class='ocrx_word' id='word_1_658' title='bbox 2203 4520 2474 4576; x_wconf 75' lang='grc' dir='ltr'><strong>ποιοῦντι</strong></span> <span class='ocrx_word' id='word_1_659' title='bbox 2505 4517 2898 4589; x_wconf 78' lang='grc' dir='ltr'><strong>παρανομίαν.</strong></span> <span class='ocrx_word' id='word_1_660' title='bbox 2930 4515 3051 4571; x_wconf 89' lang='grc' dir='ltr'><strong>Τῶν</strong></span> <span class='ocrx_word' id='word_1_661' title='bbox 3075 4515 3332 4568; x_wconf 81' lang='grc' dir='ltr'><strong>τοιούτων</strong></span> <span class='ocrx_word' id='word_1_662' title='bbox 3344 4512 3485 4584; x_wconf 77' lang='grc' dir='ltr'><strong>γὰρ,</strong></span> <span class='ocrx_word' id='word_1_663' title='bbox 3508 4512 3667 4581; x_wconf 72' lang='grc' dir='ltr'><strong>φησὶ,</strong></span> <span class='ocrx_word' id='word_1_664' title='bbox 3687 4511 3796 4583; x_wconf 77' lang='grc' dir='ltr'><strong>τὴν</strong></span> 
     </span>
    </p>
   </div>
   <div class='ocr_carea' id='block_1_90' title="bbox 526 4599 2094 4687">
    <p class='ocr_par' dir='ltr' id='par_1_90' title="bbox 526 4599 2094 4687">
     <span class='ocr_line' id='line_1_92' title="bbox 526 4599 2094 4687; baseline 0.01 -30"><span class='ocrx_word' id='word_1_665' title='bbox 526 4599 734 4657; x_wconf 81' lang='lat' dir='ltr'><strong>Horum</strong></span> <span class='ocrx_word' id='word_1_666' title='bbox 765 4604 911 4658; x_wconf 91' lang='lat' dir='ltr'><strong>enim</strong></span> <span class='ocrx_word' id='word_1_667' title='bbox 940 4606 1117 4676; x_wconf 85' lang='lat' dir='ltr'><strong>inquit</strong></span> <span class='ocrx_word' id='word_1_668' title='bbox 1141 4609 1499 4667; x_wconf 83' lang='lat' dir='ltr'><strong>imitationem</strong></span> <span class='ocrx_word' id='word_1_669' title='bbox 1554 4628 1675 4670; x_wconf 87' lang='lat' dir='ltr'><strong>esse</strong></span> <span class='ocrx_word' id='word_1_670' title='bbox 1717 4620 2094 4687; x_wconf 80' lang='lat' dir='ltr'><strong>respuendum,</strong></span> 
     </span>
    </p>
   </div>
   <div class='ocr_carea' id='block_1_91' title="bbox 2201 4599 3790 4687">
    <p class='ocr_par' dir='ltr' id='par_1_91' title="bbox 2210 4599 3790 4686">
     <span class='ocr_line' id='line_1_93' title="bbox 2210 4599 3790 4686; baseline -0.008 -19"><span class='ocrx_word' id='word_1_671' title='bbox 2210 4615 2441 4686; x_wconf 86' lang='grc' dir='ltr'><strong>μίμησιν</strong></span> <span class='ocrx_word' id='word_1_672' title='bbox 2477 4609 2858 4683; x_wconf 85' lang='grc' dir='ltr'><strong>παραιτεῖσθαι</strong></span> <span class='ocrx_word' id='word_1_673' title='bbox 2883 4609 3011 4681; x_wconf 75' lang='grc' dir='ltr'><strong>χρήο</strong></span> <span class='ocrx_word' id='word_1_674' title='bbox 3041 4607 3136 4660; x_wconf 75' lang='grc' dir='ltr'><strong>καὶ</strong></span> <span class='ocrx_word' id='word_1_675' title='bbox 3159 4614 3429 4679; x_wconf 71' lang='grc' dir='ltr'><strong>χρήσιμον</strong></span> <span class='ocrx_word' id='word_1_676' title='bbox 3458 4604 3667 4677; x_wconf 85' lang='grc' dir='ltr'><strong>σφόδρα</strong></span> <span class='ocrx_word' id='word_1_677' title='bbox 3693 4599 3790 4655; x_wconf 80' lang='grc' dir='ltr'><strong>τοῦ</strong></span> 
     </span>
    </p>
   </div>
   <div class='ocr_carea' id='block_1_92' title="bbox 525 4696 2097 4777">
    <p class='ocr_par' dir='ltr' id='par_1_92' title="bbox 525 4696 2097 4777">
     <span class='ocr_line' id='line_1_94' title="bbox 525 4696 2097 4777; baseline 0.012 -28"><span class='ocrx_word' id='word_1_678' title='bbox 525 4696 926 4771; x_wconf 86' lang='lat' dir='ltr'><strong>plurimumque</strong></span> <span class='ocrx_word' id='word_1_679' title='bbox 979 4704 1239 4773; x_wconf 89' lang='lat' dir='ltr'><strong>prodesse</strong></span> <span class='ocrx_word' id='word_1_680' title='bbox 1292 4705 1336 4760; x_wconf 90' lang='lat' dir='ltr'><strong>si</strong></span> <span class='ocrx_word' id='word_1_681' title='bbox 1387 4704 1600 4777; x_wconf 78' lang='lat' dir='ltr'><strong>longius</strong></span> <span class='ocrx_word' id='word_1_682' title='bbox 1652 4710 1973 4768; x_wconf 86' lang='lat' dir='ltr'><strong>recedamus</strong></span> <span class='ocrx_word' id='word_1_683' title='bbox 2029 4714 2097 4768; x_wconf 84' lang='lat' dir='ltr'><strong>ab</strong></span> 
     </span>
    </p>
   </div>
   <div class='ocr_carea' id='block_1_93' title="bbox 527 4790 2096 4875">
    <p class='ocr_par' dir='ltr' id='par_1_93' title="bbox 527 4790 2096 4875">
     <span class='ocr_line' id='line_1_95' title="bbox 527 4790 2096 4875; baseline 0.01 -31"><span class='ocrx_word' id='word_1_684' title='bbox 527 4790 847 4847; x_wconf 66' lang='lat' dir='ltr'><strong>aemulandis</strong></span> <span class='ocrx_word' id='word_1_685' title='bbox 891 4793 1017 4849; x_wconf 89' lang='lat' dir='ltr'><strong>illis.</strong></span> <span class='ocrx_word' id='word_1_686' title='bbox 1073 4794 1344 4866; x_wconf 89' lang='lat' dir='ltr'><strong>Prospere</strong></span> <span class='ocrx_word' id='word_1_687' title='bbox 1395 4800 1542 4855; x_wconf 89' lang='lat' dir='ltr'><strong>enim</strong></span> <span class='ocrx_word' id='word_1_688' title='bbox 1594 4800 1880 4870; x_wconf 85' lang='lat' dir='ltr'><strong>incedunt,</strong></span> <span class='ocrx_word' id='word_1_689' title='bbox 1933 4814 2096 4875; x_wconf 90' lang='lat' dir='ltr'><strong>atque</strong></span> 
     </span>
    </p>
   </div>
   <div class='ocr_carea' id='block_1_94' title="bbox 523 4882 2094 4967">
    <p class='ocr_par' dir='ltr' id='par_1_94' title="bbox 523 4882 2094 4967">
     <span class='ocr_line' id='line_1_96' title="bbox 523 4882 2094 4967; baseline 0.01 -33"><span class='ocrx_word' id='word_1_690' title='bbox 523 4883 661 4938; x_wconf 83' lang='lat' dir='ltr'><strong>adeo</strong></span> <span class='ocrx_word' id='word_1_691' title='bbox 711 4882 766 4939; x_wconf 92' lang='lat' dir='ltr'><strong>in</strong></span> <span class='ocrx_word' id='word_1_692' title='bbox 819 4884 933 4939; x_wconf 90' lang='lat' dir='ltr'><strong>suis</strong></span> <span class='ocrx_word' id='word_1_693' title='bbox 963 4889 1194 4958; x_wconf 87' lang='lat' dir='ltr'><strong>negotiis</strong></span> <span class='ocrx_word' id='word_1_694' title='bbox 1242 4891 1659 4961; x_wconf 85' lang='lat' dir='ltr'><strong>prosperitatem</strong></span> <span class='ocrx_word' id='word_1_695' title='bbox 1699 4894 1902 4952; x_wconf 86' lang='lat' dir='ltr'><strong>habere</strong></span> <span class='ocrx_word' id='word_1_696' title='bbox 1930 4912 2094 4967; x_wconf 79' lang='lat' dir='ltr'><strong>repu-</strong></span> 
     </span>
    </p>
   </div>
   <div class='ocr_carea' id='block_1_95' title="bbox 524 4981 2099 5058">
    <p class='ocr_par' dir='ltr' id='par_1_95' title="bbox 524 4981 2099 5058">
     <span class='ocr_line' id='line_1_97' title="bbox 524 4981 2099 5058; baseline 0.009 -30"><span class='ocrx_word' id='word_1_697' title='bbox 524 4981 734 5043; x_wconf 88' lang='lat' dir='ltr'><strong>tantur,</strong></span> <span class='ocrx_word' id='word_1_698' title='bbox 770 4993 936 5047; x_wconf 90' lang='lat' dir='ltr'><strong>quum</strong></span> <span class='ocrx_word' id='word_1_699' title='bbox 968 4994 1079 5034; x_wconf 91' lang='lat' dir='ltr'><strong>non</strong></span> <span class='ocrx_word' id='word_1_700' title='bbox 1110 4995 1176 5036; x_wconf 75' lang='lat' dir='ltr'><strong>ex</strong></span> <span class='ocrx_word' id='word_1_701' title='bbox 1211 4982 1393 5039; x_wconf 86' lang='lat' dir='ltr'><strong>divina</strong></span> <span class='ocrx_word' id='word_1_702' title='bbox 1444 4985 1718 5042; x_wconf 90' lang='lat' dir='ltr'><strong>sententia</strong></span> <span class='ocrx_word' id='word_1_703' title='bbox 1758 5001 1922 5058; x_wconf 86' lang='lat' dir='ltr'><strong>opum</strong></span> <span class='ocrx_word' id='word_1_704' title='bbox 1947 5003 2099 5044; x_wconf 65' lang='lat' dir='ltr'><strong>com-</strong></span> 
     </span>
    </p>
   </div>
   <div class='ocr_carea' id='block_1_96' title="bbox 523 5065 2102 5147">
    <p class='ocr_par' dir='ltr' id='par_1_96' title="bbox 523 5065 2102 5147">
     <span class='ocr_line' id='line_1_98' title="bbox 523 5065 2102 5147; baseline 0.008 -28"><span class='ocrx_word' id='word_1_705' title='bbox 523 5066 721 5137; x_wconf 88' lang='lat' dir='ltr'><strong>pendia</strong></span> <span class='ocrx_word' id='word_1_706' title='bbox 753 5065 976 5136; x_wconf 89' lang='lat' dir='ltr'><strong>faciant,</strong></span> <span class='ocrx_word' id='word_1_707' title='bbox 1011 5070 1104 5126; x_wconf 88' lang='lat' dir='ltr'><strong>sed</strong></span> <span class='ocrx_word' id='word_1_708' title='bbox 1147 5086 1215 5127; x_wconf 80' lang='lat' dir='ltr'><strong>ex</strong></span> <span class='ocrx_word' id='word_1_709' title='bbox 1262 5074 1493 5128; x_wconf 86' lang='lat' dir='ltr'><strong>avaritia</strong></span> <span class='ocrx_word' id='word_1_710' title='bbox 1522 5115 1538 5140; x_wconf 93' lang='lat'><strong>,</strong></span> <span class='ocrx_word' id='word_1_711' title='bbox 1575 5085 1630 5131; x_wconf 89' lang='lat' dir='ltr'><strong>et</strong></span> <span class='ocrx_word' id='word_1_712' title='bbox 1678 5077 1952 5147; x_wconf 88' lang='lat' dir='ltr'><strong>rapientes</strong></span> <span class='ocrx_word' id='word_1_713' title='bbox 1997 5077 2102 5132; x_wconf 90' lang='lat' dir='ltr'><strong>ali-</strong></span> 
     </span>
    </p>
   </div>
   <div class='ocr_carea' id='block_1_97' title="bbox 527 5160 2104 5242">
    <p class='ocr_par' dir='ltr' id='par_1_97' title="bbox 527 5160 2104 5242">
     <span class='ocr_line' id='line_1_99' title="bbox 527 5160 2104 5242; baseline 0.01 -32"><span class='ocrx_word' id='word_1_714' title='bbox 527 5160 742 5227; x_wconf 86' lang='lat' dir='ltr'><strong>quando</strong></span> <span class='ocrx_word' id='word_1_715' title='bbox 765 5174 883 5229; x_wconf 85' lang='lat' dir='ltr'><strong>quae</strong></span> <span class='ocrx_word' id='word_1_716' title='bbox 910 5164 1087 5218; x_wconf 89' lang='lat' dir='ltr'><strong>aliena</strong></span> <span class='ocrx_word' id='word_1_717' title='bbox 1122 5176 1271 5219; x_wconf 90' lang='lat' dir='ltr'><strong>sunt.</strong></span> <span class='ocrx_word' id='word_1_718' title='bbox 1290 5165 1719 5237; x_wconf 86' lang='lat' dir='ltr'><strong>Prosperitatem</strong></span> <span class='ocrx_word' id='word_1_719' title='bbox 1744 5171 1909 5242; x_wconf 84' lang='lat' dir='ltr'><strong>igitur</strong></span> <span class='ocrx_word' id='word_1_720' title='bbox 1926 5173 2104 5228; x_wconf 88' lang='lat' dir='ltr'><strong>nomi-</strong></span> 
     </span>
    </p>
   </div>
   <div class='ocr_carea' id='block_1_98' title="bbox 528 5252 2104 5325">
    <p class='ocr_par' dir='ltr' id='par_1_98' title="bbox 528 5252 2104 5325">
     <span class='ocr_line' id='line_1_100' title="bbox 528 5252 2104 5325; baseline 0.01 -23"><span class='ocrx_word' id='word_1_721' title='bbox 528 5258 626 5303; x_wconf 81' lang='lat' dir='ltr'><strong>nat</strong></span> <span class='ocrx_word' id='word_1_722' title='bbox 667 5252 968 5319; x_wconf 78' lang='lat' dir='ltr'><strong>profectum</strong></span> <span class='ocrx_word' id='word_1_723' title='bbox 1026 5256 1078 5309; x_wconf 93' lang='lat' dir='ltr'><strong>in</strong></span> <span class='ocrx_word' id='word_1_724' title='bbox 1131 5255 1308 5324; x_wconf 82' lang='lat' dir='ltr'><strong>pejus.</strong></span> <span class='ocrx_word' id='word_1_725' title='bbox 1366 5257 1634 5325; x_wconf 89' lang='lat' dir='ltr'><strong>Quoniam</strong></span> <span class='ocrx_word' id='word_1_726' title='bbox 1681 5276 1811 5317; x_wconf 88' lang='lat' dir='ltr'><strong>vero</strong></span> <span class='ocrx_word' id='word_1_727' title='bbox 1853 5262 2005 5318; x_wconf 92' lang='lat' dir='ltr'><strong>multi</strong></span> <span class='ocrx_word' id='word_1_728' title='bbox 2050 5265 2104 5318; x_wconf 90' lang='lat' dir='ltr'><strong>in</strong></span> 
     </span>
    </p>
   </div>
   <div class='ocr_carea' id='block_1_99' title="bbox 524 5341 2103 5421">
    <p class='ocr_par' dir='ltr' id='par_1_99' title="bbox 524 5341 2103 5421">
     <span class='ocr_line' id='line_1_101' title="bbox 524 5341 2103 5421; baseline 0.008 -25"><span class='ocrx_word' id='word_1_729' title='bbox 524 5341 737 5413; x_wconf 80' lang='lat' dir='ltr'><strong>iustitia</strong></span> <span class='ocrx_word' id='word_1_730' title='bbox 768 5345 1039 5416; x_wconf 80' lang='lat' dir='ltr'><strong>viventes,</strong></span> <span class='ocrx_word' id='word_1_731' title='bbox 1076 5349 1170 5403; x_wconf 88' lang='lat' dir='ltr'><strong>ubi</strong></span> <span class='ocrx_word' id='word_1_732' title='bbox 1200 5360 1437 5406; x_wconf 89' lang='lat' dir='ltr'><strong>cernunt</strong></span> <span class='ocrx_word' id='word_1_733' title='bbox 1460 5352 1671 5421; x_wconf 91' lang='lat' dir='ltr'><strong>seipsos</strong></span> <span class='ocrx_word' id='word_1_734' title='bbox 1718 5354 1772 5408; x_wconf 91' lang='lat' dir='ltr'><strong>in</strong></span> <span class='ocrx_word' id='word_1_735' title='bbox 1798 5353 2103 5410; x_wconf 79' lang='lat' dir='ltr'><strong>afﬂictioni-</strong></span> 
     </span>
    </p>
   </div>
   <div class='ocr_carea' id='block_1_100' title="bbox 530 5437 2107 5513">
    <p class='ocr_par' dir='ltr' id='par_1_100' title="bbox 530 5437 2107 5513">
     <span class='ocr_line' id='line_1_102' title="bbox 530 5437 2107 5513; baseline 0.007 -24"><span class='ocrx_word' id='word_1_736' title='bbox 530 5437 651 5502; x_wconf 90' lang='lat' dir='ltr'><strong>bus,</strong></span> <span class='ocrx_word' id='word_1_737' title='bbox 681 5449 1024 5506; x_wconf 84' lang='lat' dir='ltr'><strong>peccatorem</strong></span> <span class='ocrx_word' id='word_1_738' title='bbox 1049 5450 1239 5496; x_wconf 89' lang='lat' dir='ltr'><strong>contra</strong></span> <span class='ocrx_word' id='word_1_739' title='bbox 1262 5441 1316 5496; x_wconf 93' lang='lat' dir='ltr'><strong>in</strong></span> <span class='ocrx_word' id='word_1_740' title='bbox 1336 5442 1589 5498; x_wconf 90' lang='lat' dir='ltr'><strong>omnibus</strong></span> <span class='ocrx_word' id='word_1_741' title='bbox 1609 5454 1912 5513; x_wconf 88' lang='lat' dir='ltr'><strong>opportune</strong></span> <span class='ocrx_word' id='word_1_742' title='bbox 1934 5444 2107 5501; x_wconf 88' lang='lat' dir='ltr'><strong>felici-</strong></span> 
     </span>
    </p>
   </div>
   <div class='ocr_carea' id='block_1_101' title="bbox 532 5533 2108 5605">
    <p class='ocr_par' dir='ltr' id='par_1_101' title="bbox 532 5533 2108 5605">
     <span class='ocr_line' id='line_1_103' title="bbox 532 5533 2108 5605; baseline 0.007 -24"><span class='ocrx_word' id='word_1_743' title='bbox 532 5538 617 5583; x_wconf 90' lang='lat' dir='ltr'><strong>ter</strong></span> <span class='ocrx_word' id='word_1_744' title='bbox 635 5539 908 5602; x_wconf 87' lang='lat' dir='ltr'><strong>agentem,</strong></span> <span class='ocrx_word' id='word_1_745' title='bbox 940 5533 1318 5605; x_wconf 84' lang='lat' dir='ltr'><strong>indignatione</strong></span> <span class='ocrx_word' id='word_1_746' title='bbox 1341 5535 1582 5605; x_wconf 90' lang='lat' dir='ltr'><strong>correpti</strong></span> <span class='ocrx_word' id='word_1_747' title='bbox 1607 5534 1674 5590; x_wconf 87' lang='lat' dir='ltr'><strong>ab</strong></span> <span class='ocrx_word' id='word_1_748' title='bbox 1691 5535 1905 5604; x_wconf 78' lang='lat' dir='ltr'><strong>iustitia</strong></span> <span class='ocrx_word' id='word_1_749' title='bbox 1927 5538 2108 5592; x_wconf 87' lang='lat' dir='ltr'><strong>desci-</strong></span> 
     </span>
    </p>
   </div>
   <div class='ocr_carea' id='block_1_102' title="bbox 2206 4692 3790 4777">
    <p class='ocr_par' dir='ltr' id='par_1_102' title="bbox 2206 4692 3790 4777">
     <span class='ocr_line' id='line_1_104' title="bbox 2206 4692 3790 4777; baseline -0.009 -16"><span class='ocrx_word' id='word_1_750' title='bbox 2206 4707 2506 4777; x_wconf 82' lang='grc' dir='ltr'><strong>άποφοιτᾷν</strong></span> <span class='ocrx_word' id='word_1_751' title='bbox 2533 4703 2611 4775; x_wconf 84' lang='grc' dir='ltr'><strong>τῷ</strong></span> <span class='ocrx_word' id='word_1_752' title='bbox 2644 4700 2992 4775; x_wconf 59' lang='grc' dir='ltr'><strong>παραζηλοω</strong></span> <span class='ocrx_word' id='word_1_753' title='bbox 3050 4698 3267 4762; x_wconf 81' lang='grc' dir='ltr'><strong>αὐτούς.</strong></span> <span class='ocrx_word' id='word_1_754' title='bbox 3310 4696 3635 4752; x_wconf 84' lang='grc' dir='ltr'><strong>Εὺοδοῦνται</strong></span> <span class='ocrx_word' id='word_1_755' title='bbox 3676 4692 3790 4765; x_wconf 81' lang='grc'><strong>(67)</strong></span> 
     </span>
    </p>
   </div>
   <div class='ocr_carea' id='block_1_103' title="bbox 2203 4786 3792 4871">
    <p class='ocr_par' dir='ltr' id='par_1_103' title="bbox 2203 4786 3792 4871">
     <span class='ocr_line' id='line_1_105' title="bbox 2203 4786 3792 4871; baseline -0.008 -19"><span class='ocrx_word' id='word_1_756' title='bbox 2203 4798 2343 4871; x_wconf 84' lang='grc' dir='ltr'><strong>γὰρ,</strong></span> <span class='ocrx_word' id='word_1_757' title='bbox 2374 4799 2494 4870; x_wconf 77' lang='grc' dir='ltr'><strong>ἤτοι</strong></span> <span class='ocrx_word' id='word_1_758' title='bbox 2522 4796 2621 4868; x_wconf 81' lang='grc' dir='ltr'><strong>τὴν</strong></span> <span class='ocrx_word' id='word_1_759' title='bbox 2650 4796 2708 4850; x_wconf 84' lang='grc' dir='ltr'><strong>ὲν</strong></span> <span class='ocrx_word' id='word_1_760' title='bbox 2747 4796 3035 4866; x_wconf 85' lang='grc' dir='ltr'><strong>πράγμασι</strong></span> <span class='ocrx_word' id='word_1_761' title='bbox 3067 4794 3180 4855; x_wconf 87' lang='grc' dir='ltr'><strong>τοῖς</strong></span> <span class='ocrx_word' id='word_1_762' title='bbox 3219 4791 3369 4854; x_wconf 83' lang='grc' dir='ltr'><strong>ἰδίοις</strong></span> <span class='ocrx_word' id='word_1_763' title='bbox 3406 4789 3613 4843; x_wconf 86' lang='grc' dir='ltr'><strong>εὐοδίαν</strong></span> <span class='ocrx_word' id='word_1_764' title='bbox 3644 4786 3792 4859; x_wconf 75' lang='grc' dir='ltr'><strong>ἔχειν</strong></span> 
     </span>
    </p>
   </div>
   <div class='ocr_carea' id='block_1_104' title="bbox 2204 4882 3793 4962">
    <p class='ocr_par' dir='ltr' id='par_1_104' title="bbox 2204 4882 3793 4962">
     <span class='ocr_line' id='line_1_106' title="bbox 2204 4882 3793 4962; baseline -0.007 -16"><span class='ocrx_word' id='word_1_765' title='bbox 2204 4889 2695 4962; x_wconf 79' lang='grc' dir='ltr'><strong>ὑπολαμϐάνονται,</strong></span> <span class='ocrx_word' id='word_1_766' title='bbox 2751 4888 2811 4940; x_wconf 82' lang='grc' dir='ltr'><strong>οὐ</strong></span> <span class='ocrx_word' id='word_1_767' title='bbox 2859 4884 3061 4956; x_wconf 80' lang='grc' dir='ltr'><strong>ψήφοις</strong></span> <span class='ocrx_word' id='word_1_768' title='bbox 3090 4885 3210 4947; x_wconf 88' lang='grc' dir='ltr'><strong>ταῖς</strong></span> <span class='ocrx_word' id='word_1_769' title='bbox 3257 4884 3464 4939; x_wconf 79' lang='grc' dir='ltr'><strong>ἄνωθεν</strong></span> <span class='ocrx_word' id='word_1_770' title='bbox 3507 4882 3569 4937; x_wconf 79' lang='grc' dir='ltr'><strong>τὸ</strong></span> <span class='ocrx_word' id='word_1_771' title='bbox 3600 4883 3793 4954; x_wconf 84' lang='grc' dir='ltr'><strong>χρῆμα</strong></span> 
     </span>
    </p>
   </div>
   <div class='ocr_carea' id='block_1_105' title="bbox 2202 4976 3791 5058">
    <p class='ocr_par' dir='ltr' id='par_1_105' title="bbox 2202 4976 3791 5058">
     <span class='ocr_line' id='line_1_107' title="bbox 2202 4976 3791 5058; baseline -0.007 -18"><span class='ocrx_word' id='word_1_772' title='bbox 2202 4985 2607 5058; x_wconf 87' lang='grc' dir='ltr'><strong>κερδαίνοντες,</strong></span> <span class='ocrx_word' id='word_1_773' title='bbox 2639 4982 2752 5037; x_wconf 80' lang='grc' dir='ltr'><strong>ἀλλ’</strong></span> <span class='ocrx_word' id='word_1_774' title='bbox 2786 4980 2851 5033; x_wconf 84' lang='grc' dir='ltr'><strong>ὲκ</strong></span> <span class='ocrx_word' id='word_1_775' title='bbox 2876 4976 2973 5032; x_wconf 82' lang='grc' dir='ltr'><strong>τοῦ</strong></span> <span class='ocrx_word' id='word_1_776' title='bbox 3008 4978 3352 5033; x_wconf 85' lang='grc' dir='ltr'><strong>πλεονεκτεῖν</strong></span> <span class='ocrx_word' id='word_1_777' title='bbox 3390 4978 3486 5032; x_wconf 68' lang='grc' dir='ltr'><strong>καὶ</strong></span> <span class='ocrx_word' id='word_1_778' title='bbox 3518 4976 3791 5050; x_wconf 76' lang='grc' dir='ltr'><strong>ἁρπάζειν</strong></span> 
     </span>
    </p>
   </div>
   <div class='ocr_carea' id='block_1_106' title="bbox 2202 5067 3794 5151">
    <p class='ocr_par' dir='ltr' id='par_1_106' title="bbox 2202 5067 3794 5151">
     <span class='ocr_line' id='line_1_108' title="bbox 2202 5067 3794 5151; baseline -0.008 -17"><span class='ocrx_word' id='word_1_779' title='bbox 2202 5080 2273 5135; x_wconf 82' lang='grc' dir='ltr'><strong>τὰ</strong></span> <span class='ocrx_word' id='word_1_780' title='bbox 2319 5078 2521 5151; x_wconf 79' lang='grc' dir='ltr'><strong>ἑτέρων</strong></span> <span class='ocrx_word' id='word_1_781' title='bbox 2553 5074 2665 5129; x_wconf 66' lang='grc' dir='ltr'><strong>ἔσθ’</strong></span> <span class='ocrx_word' id='word_1_782' title='bbox 2698 5075 2809 5129; x_wconf 84' lang='grc' dir='ltr'><strong>ὅτε.</strong></span> <span class='ocrx_word' id='word_1_783' title='bbox 2839 5070 2951 5144; x_wconf 85' lang='grc' dir='ltr'><strong>Τὴν</strong></span> <span class='ocrx_word' id='word_1_784' title='bbox 2999 5067 3095 5126; x_wconf 77' lang='grc' dir='ltr'><strong>οὖν</strong></span> <span class='ocrx_word' id='word_1_785' title='bbox 3131 5071 3408 5135; x_wconf 82' lang='grc' dir='ltr'><strong>εὐόδωσιν,</strong></span> <span class='ocrx_word' id='word_1_786' title='bbox 3440 5069 3538 5142; x_wconf 84' lang='grc' dir='ltr'><strong>τὴν</strong></span> <span class='ocrx_word' id='word_1_787' title='bbox 3588 5069 3685 5122; x_wconf 77' lang='grc' dir='ltr'><strong>ἐπὶ</strong></span> <span class='ocrx_word' id='word_1_788' title='bbox 3729 5067 3794 5121; x_wconf 76' lang='grc' dir='ltr'><strong>τὸ</strong></span> 
     </span>
    </p>
   </div>
   <div class='ocr_carea' id='block_1_107' title="bbox 2199 5160 3794 5245">
    <p class='ocr_par' dir='ltr' id='par_1_107' title="bbox 2199 5160 3794 5245">
     <span class='ocr_line' id='line_1_109' title="bbox 2199 5160 3794 5245; baseline -0.006 -21"><span class='ocrx_word' id='word_1_789' title='bbox 2199 5173 2381 5245; x_wconf 85' lang='grc' dir='ltr'><strong>χεῖρον</strong></span> <span class='ocrx_word' id='word_1_790' title='bbox 2418 5167 2707 5242; x_wconf 84' lang='grc' dir='ltr'><strong>προκοπὴν</strong></span> <span class='ocrx_word' id='word_1_791' title='bbox 2733 5165 2903 5234; x_wconf 86' lang='grc' dir='ltr'><strong>λέγει.</strong></span> <span class='ocrx_word' id='word_1_792' title='bbox 2950 5162 3171 5233; x_wconf 77' lang='grc' dir='ltr'><strong>Ἐπειδὴ</strong></span> <span class='ocrx_word' id='word_1_793' title='bbox 3194 5163 3251 5217; x_wconf 86' lang='grc' dir='ltr'><strong>δὲ</strong></span> <span class='ocrx_word' id='word_1_794' title='bbox 3284 5161 3470 5215; x_wconf 72' lang='grc' dir='ltr'><strong>πολλοὶ</strong></span> <span class='ocrx_word' id='word_1_795' title='bbox 3504 5162 3562 5216; x_wconf 78' lang='grc' dir='ltr'><strong>ἐν</strong></span> <span class='ocrx_word' id='word_1_796' title='bbox 3590 5160 3794 5214; x_wconf 84' lang='grc' dir='ltr'><strong>δικαιο-</strong></span> 
     </span>
    </p>
   </div>
   <div class='ocr_carea' id='block_1_108' title="bbox 2193 5252 3790 5335">
    <p class='ocr_par' dir='ltr' id='par_1_108' title="bbox 2193 5252 3790 5335">
     <span class='ocr_line' id='line_1_110' title="bbox 2193 5252 3790 5335; baseline -0.006 -17"><span class='ocrx_word' id='word_1_797' title='bbox 2193 5263 2339 5335; x_wconf 87' lang='grc' dir='ltr'><strong>’σύνῃ</strong></span> <span class='ocrx_word' id='word_1_798' title='bbox 2362 5261 2584 5326; x_wconf 81' lang='grc' dir='ltr'><strong>ζῶντες,</strong></span> <span class='ocrx_word' id='word_1_799' title='bbox 2624 5261 2754 5313; x_wconf 82' lang='grc' dir='ltr'><strong>ὅταν</strong></span> <span class='ocrx_word' id='word_1_800' title='bbox 2794 5255 2981 5311; x_wconf 76' lang='grc' dir='ltr'><strong>ἴδωσιν</strong></span> <span class='ocrx_word' id='word_1_801' title='bbox 3011 5258 3237 5322; x_wconf 77' lang='grc' dir='ltr'><strong>ἑαυτοὺς</strong></span> <span class='ocrx_word' id='word_1_802' title='bbox 3275 5258 3334 5309; x_wconf 82' lang='grc' dir='ltr'><strong>ὲν</strong></span> <span class='ocrx_word' id='word_1_803' title='bbox 3362 5254 3565 5319; x_wconf 83' lang='grc' dir='ltr'><strong>πόνοις,</strong></span> <span class='ocrx_word' id='word_1_804' title='bbox 3604 5252 3699 5308; x_wconf 79' lang='grc' dir='ltr'><strong>τὸν</strong></span> <span class='ocrx_word' id='word_1_805' title='bbox 3731 5252 3790 5308; x_wconf 84' lang='grc' dir='ltr'><strong>δὲ</strong></span> 
     </span>
    </p>
   </div>
   <div class='ocr_carea' id='block_1_109' title="bbox 2206 5343 3793 5426">
    <p class='ocr_par' dir='ltr' id='par_1_109' title="bbox 2206 5343 3793 5426">
     <span class='ocr_line' id='line_1_111' title="bbox 2206 5343 3793 5426; baseline -0.009 -16"><span class='ocrx_word' id='word_1_806' title='bbox 2206 5353 2533 5426; x_wconf 82' lang='grc' dir='ltr'><strong>ἁμαρτωλὸν</strong></span> <span class='ocrx_word' id='word_1_807' title='bbox 2562 5353 2621 5404; x_wconf 82' lang='grc' dir='ltr'><strong>ἐν</strong></span> <span class='ocrx_word' id='word_1_808' title='bbox 2659 5351 2793 5403; x_wconf 83' lang='grc' dir='ltr'><strong>πᾶσι</strong></span> <span class='ocrx_word' id='word_1_809' title='bbox 2823 5348 2964 5420; x_wconf 84' lang='grc' dir='ltr'><strong>πρὸς</strong></span> <span class='ocrx_word' id='word_1_810' title='bbox 2994 5349 3183 5422; x_wconf 86' lang='grc' dir='ltr'><strong>καιρὸν</strong></span> <span class='ocrx_word' id='word_1_811' title='bbox 3216 5345 3596 5416; x_wconf 78' lang='grc' dir='ltr'><strong>εὐοδούμενον,</strong></span> <span class='ocrx_word' id='word_1_812' title='bbox 3635 5343 3793 5414; x_wconf 75' lang='grc' dir='ltr'><strong>ὀργιο</strong></span> 
     </span>
    </p>
   </div>
   <div class='ocr_carea' id='block_1_110' title="bbox 2208 5434 3795 5514">
    <p class='ocr_par' dir='ltr' id='par_1_110' title="bbox 2208 5434 3795 5514">
     <span class='ocr_line' id='line_1_112' title="bbox 2208 5434 3795 5514; baseline -0.008 -13"><span class='ocrx_word' id='word_1_813' title='bbox 2208 5444 2557 5514; x_wconf 73' lang='grc' dir='ltr'><strong>σθέντεςοτῆς</strong></span> <span class='ocrx_word' id='word_1_814' title='bbox 2581 5440 2929 5514; x_wconf 83' lang='grc' dir='ltr'><strong>δικαιοσύνης</strong></span> <span class='ocrx_word' id='word_1_815' title='bbox 2954 5441 3310 5512; x_wconf 84' lang='grc' dir='ltr'><strong>ἀφίστανται,</strong></span> <span class='ocrx_word' id='word_1_816' title='bbox 3344 5435 3505 5491; x_wconf 84' lang='grc' dir='ltr'><strong>τοῦτο</strong></span> <span class='ocrx_word' id='word_1_817' title='bbox 3526 5434 3584 5488; x_wconf 82' lang='grc' dir='ltr'><strong>δὲ</strong></span> <span class='ocrx_word' id='word_1_818' title='bbox 3606 5434 3795 5498; x_wconf 81' lang='grc' dir='ltr'><strong>ἀνοίας</strong></span> 
     </span>
    </p>
   </div>
   <div class='ocr_carea' id='block_1_111' title="bbox 2206 5523 3794 5609">
    <p class='ocr_par' dir='ltr' id='par_1_111' title="bbox 2206 5523 3794 5609">
     <span class='ocr_line' id='line_1_113' title="bbox 2206 5523 3794 5609; baseline -0.008 -18"><span class='ocrx_word' id='word_1_819' title='bbox 2206 5537 2303 5609; x_wconf 84' lang='grc' dir='ltr'><strong>τῆς</strong></span> <span class='ocrx_word' id='word_1_820' title='bbox 2330 5536 2565 5608; x_wconf 76' lang='grc' dir='ltr'><strong>ἐσχάτης</strong></span> <span class='ocrx_word' id='word_1_821' title='bbox 2583 5548 2598 5565; x_wconf 89' lang='grc'><strong>·</strong></span> <span class='ocrx_word' id='word_1_822' title='bbox 2630 5532 2720 5587; x_wconf 82' lang='grc' dir='ltr'><strong>διὰ</strong></span> <span class='ocrx_word' id='word_1_823' title='bbox 2751 5530 2909 5587; x_wconf 80' lang='grc' dir='ltr'><strong>τοῦτο</strong></span> <span class='ocrx_word' id='word_1_824' title='bbox 2939 5530 3308 5605; x_wconf 84' lang='grc' dir='ltr'><strong>μακροθυμεῖν</strong></span> <span class='ocrx_word' id='word_1_825' title='bbox 3337 5526 3601 5581; x_wconf 85' lang='grc' dir='ltr'><strong>διδάσκων</strong></span> <span class='ocrx_word' id='word_1_826' title='bbox 3641 5526 3671 5579; x_wconf 79' lang='grc' dir='ltr'>ὁ</span> <span class='ocrx_word' id='word_1_827' title='bbox 3700 5523 3794 5579; x_wconf 73' lang='lat' dir='ltr'><strong>M-</strong></span> 
     </span>
    </p>
   </div>
   <div class='ocr_carea' id='block_1_112' title="bbox 602 5644 2094 5723">
    <p class='ocr_par' dir='ltr' id='par_1_112' title="bbox 602 5648 2032 5723">
     <span class='ocr_line' id='line_1_114' title="bbox 602 5648 2032 5723; baseline 0.003 -17"><span class='ocrx_word' id='word_1_828' title='bbox 602 5648 650 5681; x_wconf 81' lang='lat'><strong>°&#39;</strong></span> <span class='ocrx_word' id='word_1_829' title='bbox 684 5648 841 5706; x_wconf 80' lang='lat' dir='ltr'><strong>Joan.</strong></span> <span class='ocrx_word' id='word_1_830' title='bbox 886 5667 968 5721; x_wconf 88' lang='lat' dir='ltr'><strong>Ill,</strong></span> <span class='ocrx_word' id='word_1_831' title='bbox 1012 5653 1105 5708; x_wconf 74' lang='lat'><strong>20.</strong></span> <span class='ocrx_word' id='word_1_832' title='bbox 1180 5653 1226 5685; x_wconf 82' lang='lat'><strong>&quot;</strong></span> <span class='ocrx_word' id='word_1_833' title='bbox 1269 5654 1400 5709; x_wconf 91' lang='lat' dir='ltr'><strong>ibid.</strong></span> <span class='ocrx_word' id='word_1_834' title='bbox 1475 5653 1523 5686; x_wconf 83' lang='lat'>&quot;</span> <span class='ocrx_word' id='word_1_835' title='bbox 1570 5654 1761 5710; x_wconf 83' lang='lat' dir='ltr'><strong>Matth.</strong></span> <span class='ocrx_word' id='word_1_836' title='bbox 1793 5670 1915 5723; x_wconf 85' lang='lat' dir='ltr'><strong>xm,</strong></span> <span class='ocrx_word' id='word_1_837' title='bbox 1943 5655 2032 5710; x_wconf 71' lang='grc'><strong>45.</strong></span> 
     </span>
    </p>
   </div>
   <div class='ocr_carea' id='block_1_113' title="bbox 2201 5644 3259 5723">
    <p class='ocr_par' dir='ltr' id='par_1_113' title="bbox 2201 5644 3259 5718">
     <span class='ocr_line' id='line_1_115' title="bbox 2201 5644 3259 5718; baseline -0.009 -8"><span class='ocrx_word' id='word_1_838' title='bbox 2201 5654 2320 5710; x_wconf 76' lang='lat' dir='ltr'><strong>’sal.</strong></span> <span class='ocrx_word' id='word_1_839' title='bbox 2353 5666 2581 5718; x_wconf 78' lang='lat' dir='ltr'><strong>Lxxvm,</strong></span> <span class='ocrx_word' id='word_1_840' title='bbox 2607 5651 2660 5706; x_wconf 93' lang='lat'><strong>8.</strong></span> <span class='ocrx_word' id='word_1_841' title='bbox 2734 5651 2779 5682; x_wconf 57' lang='grc' dir='ltr'><strong>θ’</strong></span> <span class='ocrx_word' id='word_1_842' title='bbox 2832 5647 2968 5704; x_wconf 87' lang='lat' dir='ltr'><strong>Luc.</strong></span> <span class='ocrx_word' id='word_1_843' title='bbox 3025 5661 3138 5711; x_wconf 79' lang='lat' dir='ltr'><strong>xvi,</strong></span> <span class='ocrx_word' id='word_1_844' title='bbox 3167 5644 3259 5700; x_wconf 71' lang='lat'><strong>25.</strong></span> 
     </span>
    </p>
   </div>
   <div class='ocr_carea' id='block_1_114' title="bbox 536 5791 2107 5921">
    <p class='ocr_par' dir='ltr' id='par_1_114' title="bbox 536 5791 2107 5921">
     <span class='ocr_line' id='line_1_116' title="bbox 536 5791 2107 5921; baseline -0.001 -72"><span class='ocrx_word' id='word_1_845' title='bbox 536 5879 569 5920; x_wconf 71' lang='grc' dir='ltr'>ο</span> <span class='ocrx_word' id='word_1_846' title='bbox 752 5793 962 5851; x_wconf 88' lang='lat' dir='ltr'><strong>Littera</strong></span> <span class='ocrx_word' id='word_1_847' title='bbox 982 5793 1032 5850; x_wconf 78' lang='grc' dir='ltr'><strong>Μ</strong></span> <span class='ocrx_word' id='word_1_848' title='bbox 1056 5795 1222 5851; x_wconf 90' lang='lat' dir='ltr'><strong>minio</strong></span> <span class='ocrx_word' id='word_1_849' title='bbox 1243 5794 1503 5867; x_wconf 75' lang='lat' dir='ltr'><strong>pingitur,</strong></span> <span class='ocrx_word' id='word_1_850' title='bbox 1526 5796 1678 5865; x_wconf 82' lang='lat' dir='ltr'><strong>quasi</strong></span> <span class='ocrx_word' id='word_1_851' title='bbox 1701 5794 1827 5852; x_wconf 85' lang='lat' dir='ltr'><strong>hinc</strong></span> <span class='ocrx_word' id='word_1_852' title='bbox 1849 5792 2107 5865; x_wconf 82' lang='lat' dir='ltr'><strong>Origenes</strong></span> 
     </span>
     <span class='ocr_line' id='line_1_117' title="bbox 576 5880 808 5921; baseline 0.009 -2"><span class='ocrx_word' id='word_1_853' title='bbox 576 5880 600 5919; x_wconf 91' lang='lat' dir='ltr'><strong>r</strong></span> <span class='ocrx_word' id='word_1_854' title='bbox 643 5883 689 5921; x_wconf 78' lang='grc' dir='ltr'><strong>ιιι</strong></span> <span class='ocrx_word' id='word_1_855' title='bbox 722 5882 808 5921; x_wconf 89' lang='lat' dir='ltr'><strong>ur.</strong></span> 
     </span>
    </p>
   </div>
   <div class='ocr_carea' id='block_1_115' title="bbox 643 5882 808 5921">
    <p class='ocr_par' dir='ltr' id='par_1_115' title="bbox 643 5882 808 5921">
     <span class='ocr_line' id='line_1_118' title="bbox 643 5882 808 5921; baseline 0 0"><span class='ocrx_word' id='word_1_856' title='bbox 643 5882 808 5921; x_wconf 80' lang='lat' dir='ltr'><strong>tatur.</strong></span> 
     </span>
    </p>
   </div>
   <div class='ocr_carea' id='block_1_116' title="bbox 2288 5780 3582 5858">
    <p class='ocr_par' dir='ltr' id='par_1_116' title="bbox 2288 5780 3582 5858">
     <span class='ocr_line' id='line_1_119' title="bbox 2288 5780 3582 5858; baseline -0.004 -15"><span class='ocrx_word' id='word_1_857' title='bbox 2288 5788 2398 5858; x_wconf 82' lang='grc'><strong>(66)</strong></span> <span class='ocrx_word' id='word_1_858' title='bbox 2434 5786 2722 5857; x_wconf 78' lang='grc' dir='ltr'><strong>Ἐπιφανῆ,</strong></span> <span class='ocrx_word' id='word_1_859' title='bbox 2753 5789 2838 5843; x_wconf 88' lang='lat' dir='ltr'><strong>vel</strong></span> <span class='ocrx_word' id='word_1_860' title='bbox 2861 5788 3154 5858; x_wconf 77' lang='grc' dir='ltr'><strong>ὲπιφεγγῆ,</strong></span> <span class='ocrx_word' id='word_1_861' title='bbox 3190 5796 3242 5843; x_wconf 87' lang='lat' dir='ltr'><strong>et</strong></span> <span class='ocrx_word' id='word_1_862' title='bbox 3274 5787 3389 5856; x_wconf 75' lang='lat' dir='ltr'><strong>lege</strong></span> <span class='ocrx_word' id='word_1_863' title='bbox 3410 5780 3582 5853; x_wconf 71' lang='grc' dir='ltr'><strong>ἥλιος.</strong></span> 
     </span>
    </p>
   </div>
   <div class='ocr_carea' id='block_1_117' title="bbox 2282 5858 3049 5933">
    <p class='ocr_par' dir='ltr' id='par_1_117' title="bbox 2282 5858 3049 5933">
     <span class='ocr_line' id='line_1_120' title="bbox 2282 5858 3049 5933; baseline 0 -22"><span class='ocrx_word' id='word_1_864' title='bbox 2282 5860 2395 5933; x_wconf 73' lang='lat'><strong>(67)</strong></span> <span class='ocrx_word' id='word_1_865' title='bbox 2434 5862 2512 5914; x_wconf 86' lang='lat' dir='ltr'><strong>An</strong></span> <span class='ocrx_word' id='word_1_866' title='bbox 2546 5858 2622 5923; x_wconf 77' lang='grc' dir='ltr'><strong>τό,</strong></span> <span class='ocrx_word' id='word_1_867' title='bbox 2663 5870 2715 5915; x_wconf 90' lang='lat' dir='ltr'><strong>et</strong></span> <span class='ocrx_word' id='word_1_868' title='bbox 2745 5876 2890 5923; x_wconf 85' lang='lat' dir='ltr'><strong>mox,</strong></span> <span class='ocrx_word' id='word_1_869' title='bbox 2917 5858 3049 5913; x_wconf 75' lang='grc' dir='ltr'><strong>τοῦῖ</strong></span> 
     </span>
    </p>
   </div>
  </div>
