4012 6340
561 405 659 455 1‘27

1449 393 2012 452 SUPPLEMENTUM
2047 392 2138 448 AD
2177 388 2503 446 ORIGENIS
2541 385 2951 444 EXEGETICA.

3727 381 3828 435 I28

561 517 774 582 animo,
813 530 980 588 quam
1009 515 1332 572 haereditate
1371 515 1600 571 adibant
1642 517 1736 586 qui
1782 517 2148 588 perniciosam

2261 514 2302 565 οἱ
2331 510 2682 583 νενικηκότες
2717 511 2884 574 πάθος
2911 509 3172 581 ὀλέθριον,
3209 507 3310 579 τὴν
3344 505 3534 578 ὀργὴν,
3578 505 3700 576 ἥτις
3730 505 3828 556 καὶ

563 611 873 681 passionem
937 609 1202 674 vicerint,
1253 608 1595 663 iracundiam
1649 623 1868 678 nempe,
1917 623 2038 678 qua!
2090 619 2145 663 et

2261 605 2401 674 ρρονί
2410 622 2542 675 μους
2571 603 2851 657 ἀπόλλυσι.
2872 604 3008 656 Κατ’
3039 601 3239 672 ἀρετὴν
3265 601 3376 672 γὰρ
3396 601 3639 670 ἐνεργεῖν
3660 599 3826 669 ἐμπο-

565 702 860 770 prudentes
886 703 1084 772 perdit,
1125 703 1250 756 dum
1292 715 1360 756 nc
1385 715 1450 756 ex
1479 701 1685 757 virtute
1723 710 1891 770 agant
1918 701 2143 771 impedio

566 804 753 849 mento
782 806 865 852 est
897 794 1022 848 illis.
1061 793 1101 846 E
1151 793 1371 864 regione
1415 801 1599 848 autem
1643 791 1788 846 inter
1820 807 1943 848 sese
1976 807 2146 864 oppo-

568 896 775 940 nuntur
801 886 1161 940 mansuetudo
1195 897 1250 939 et
1275 885 1578 939 iracundia.
1615 883 1717 940 Ubi
1744 885 1890 940 enim
1925 885 2145 940 iracun-

567 979 655 1033 dia
683 989 786 1044 est,
807 957 1121 1033 nuliatenus
1145 978 1538 1045 mansuetudo;
1565 987 1620 1034 et
1643 980 1733 1035 ubi
1761 979 2144 1046 mansuetudo,

566 1072 878 1126 nullatenus
909 1069 984 1125 ibi
1011 1069 1293 1125 iracundia
1323 1071 1616 1128 invenitur.

568 1181 637 1237 ν.
689 1183 774 1238 12.
835 1181 1145 1237 Observabit
1183 1194 1430 1251 peccator
1457 1184 1688 1252 justum,
1715 1194 1764 1239 et
1793 1184 2055 1254 frendebit
2095 1187 2149 1240 in

1076 1269 1194 1307 eum
1224 1254 1468 1308 dentibus
1513 1257 1644 1310 suis.

571 1342 634 1400 V.
691 1345 776 1401 i3.
834 1347 901 1400 At
945 1345 1203 1399 Daminus
1226 1347 1485 1400 deridebit
1552 1333 1845 1419 enimquid
1873 1349 2145 1419 praevidet,

1034 1419 1158 1488 quia
1197 1419 1358 1470 veniet
1406 1419 1516 1470 dies
1553 1418 1688 1487 ejus.

641 1530 720 1585 Ex
770 1531 872 1586 hoc
921 1531 1041 1586 loco
1094 1532 1431 1587 addiscimus
1488 1534 1635 1604 quia,
1694 1533 2148 1603 quemadmodum

572 1634 770 1678 natura
802 1624 1092 1680 contraria
1118 1633 1245 1679 sunt
1281 1626 1518 1680 tenebras
1549 1636 1603 1679 et
1631 1627 1808 1682 lumen
1836 1667 1851 1692 ,
1885 1615 1960 1682 ita
1987 1627 2149 1683 etiam

576 1724 837 1781 peccator
865 1715 1141 1785 etjustus.
1200 1714 1258 1770 Si
1299 1715 1462 1785 igitur
1511 1717 1713 1773 videris
1753 1733 1989 1788 unquam
2029 1723 2153 1775 odio

576 1804 1075 1875 habitumjustum,
1125 1821 1193 1862 ne
1234 1806 1428 1862 timeas
1451 1807 1632 1864 dicere
1667 1809 1734 1864 de
1762 1824 1828 1866 eo
1865 1811 1959 1881 qui
1997 1810 2148 1866 illum

573 1899 701 1954 odio
737 1898 924 1963 habet,
951 1915 1074 1954 eum
1099 1915 1221 1956 esse
1250 1911 1616 1968 peccatorem.
1677 1901 1780 1969 Qui
1815 1899 1960 1959 enim
1993 1919 2148 1958 mun-

573 1989 712 2044 dana
743 1993 983 2062 sapiunt,
1013 2001 1070 2048 et
1105 1994 1281 2050 turbis
1326 1997 1486 2068 hujus
1521 1998 1646 2052 vita:
1692 2013 1843 2052 suam
1905 1997 2148 2066 ipsorum

573 2094 812 2138 mentem
848 2085 1237 2153 revinxerunt,
1287 2103 1504 2159 semper
1543 2089 1948 2159 quodammodo
2003 2091 2148 2144 insa-

2243 696 2498 760 δίζονται.
2536 695 2695 750 Κατὰ
2725 695 3014 766 διάμετρον
3043 693 3101 746 δέ
3129 695 3267 746 είσιν
3293 692 3545 762 ἀλλήλοις
3583 691 3827 761 πραότης

2245 789 2339 842 καὶ
2372 789 2530 860 ὀργή.
2566 787 2737 841 ’Ὀπου
2769 786 2878 857 γὰρ
2919 785 3088 857 ὀργὴ,
3125 782 3376 854 οὐδαμῶς
3420 783 3697 854 πραότης·
3731 779 3826 834 καὶ

2246 880 2378 934 ὅπου
2413 879 2679 950 πραότης,
2704 874 2956 948 οὐδαμῶς
2989 877 3104 929 ἐκεῖ
3122 873 3280 947 ὀργή.

2248 1179 2396 1249 Στίχ.
2424 1175 3011 1260 ιβ’.ΛΠαρατηρῇσεται
3034 1177 3066 1229 ὀ
3087 1172 3428 1260 ἁμαρτωλὸς
3444 1169 3832 1260 confricata,

2368 1244 2467 1303 καὶ
2491 1244 2707 1316 ,ϐρύξει
2730 1247 2822 1300 ἐπ’
2852 1247 3039 1302 αὐτὸν
3059 1246 3198 1312 τοὺς
3215 1244 3466 1309 ὀδόντας
3497 1244 3706 1296 αὐτοῦ.

2251 1343 2400 1415 Στίχ.
2430 1349 2496 1412 ιγ’
2505 1386 2518 1398 .
2535 1343 2598 1417 '_0
2618 1342 2687 1417 δὲ
2710 1335 3551 1417 Κύριοςιέκγεςλᾴσεταιεαὺτρν,
3577 1334 3665 1388 ὅτι
3685 1347 3834 1405 προ-

2529 1413 2750 1477 ϐλέπει,
2779 1411 2868 1465 ὅτι
2897 1411 3026 1479 ἣξει
3049 1413 3087 1479 ἠ
3111 1409 3299 1480 ἡμέρα
3319 1409 3525 1462 αὑτοῦ.

2337 1522 2617 1578 Ἐντεῦθεν
2645 1521 3008 1593 μανθάνομεν,
3039 1521 3142 1584 ὅτι,
3189 1519 3376 1590 ὥσπερ
3405 1517 3650 1587 πέφυκεν
3685 1518 3834 1570 ἐναν-

2251 1616 2366 1670 τίον
2415 1612 2554 1669 εἶναι
2603 1613 2792 1678 σκότος
2829 1615 2922 1668 καὶ
2955 1613 3089 1682 φῶς,
3125 1612 3268 1664 οῦτω
3306 1613 3335 1664 6
3382 1608 3708 1682 ἁμαρτωλὸς
3755 1607 3836 1679 τῷ

2250 1708 2460 1779 δικαίῳ.
2507 1708 2632 1761 Ἐὰν
2663 1705 2756 1764 οὖν
2791 1707 2906 1778 ἴδῃς
2940 1707 3059 1759 τότε
3109 1704 3434 1776 μισούμενον
3469 1703 3561 1756 τὸν
3592 1701 3836 1768 δίκαιον,

2258 1796 2331 1867 μὴ
2364 1795 2510 1849 ὄκνει
2533 1796 2709 1866 λέγειν
2735 1796 2864 1867 περὶ
2898 1792 2991 1848 τοῦ
3030 1793 3316 1865 μισοῦντος
3361 1793 3552 1858 αὐτὸν,
3577 1793 3653 1856 ῶς
3687 1792 3840 1845 ἐστιν

2185 1865 2226 1924 Β
2253 1865 2693 1960 ἁμαρτωλός-,Οἱ
2731 1865 2841 1959 γὰρ
2887 1885 3210 1958 φρονοῦντες
3238 1885 3308 1938 τὰ
3337 1885 3598 1956 κοσμικὰ,
3639 1885 3736 1938 καὶ
3769 1888 3839 1954 τῇ

2249 1980 2343 2034 τοῦ
2371 1980 2634 2051 παρόντος
2661 1979 2774 2050 βίου
2804 1978 2978 2052 τύρϐῃ
3001 1977 3092 2030 τὸν
3112 1976 3319 2031 ἑαυτῶν
3342 1977 3661 2048 ἐνδήσαντες
3686 1977 3839 2043 νοῦν,

2251 2074 2337 2128 ἁεί
2370 2091 2489 2137 πως
2531 2075 2902 2145 ὲπιμεμήνασι
2930 2076 3041 2136 τοῖς
3079 2071 3173 2125 τὸν
3215 2071 3383 2143 εὐαγῆ
3416 2071 3510 2124 καὶ
3533 2072 3840 2124 ἁπόλεκτον

575 2174 734 2229 niunt
771 2178 1035 2232 adversus
1059 2193 1153 2233 eos
1193 2179 1282 2248 qui
1314 2178 1598 2235 honestam
1625 2191 1681 2234 et
1712 2182 1942 2237 electam
1984 2183 2148 2236 vitam

2261 2165 2517 2220 διαϐιοῦσι
2546 2165 2678 2236 βίον,
2707 2166 2801 2219 καὶ
2829 2165 3021 2236 ἐχθρὸν
3059 2163 3314 2235 ἡγοῦνται
3353 2163 3450 2235 τῆς
3494 2163 3842 2233 δικαιοσύνης

575 2278 764 2338 agunt,
794 2269 1115 2341 hostemque
1151 2282 1544 2344 reputauteum
1567 2273 1942 2342 quijustitiam
1969 2290 2152 2330 amore

2261 2256 2347 2310 τὸν
2376 2259 2633 2329 ἐραστήν.

575 2361 946 2430 prosequitur.

573 2451 640 2508 V.
705 2453 789 2508 14.
833 2454 1088 2509 Gladium
1131 2464 1474 2510 extraxerunt
1529 2467 1826 2523 peccatores
1861 2474 1878 2510 :
1914 2457 2152 2510 intende-

645 2536 766 2578 runt
817 2542 998 2579 arcum
1053 2543 1238 2596 suum,
1293 2535 1347 2579 ut
1391 2527 1743 2596 proﬂigarent
1790 2543 2072 2596 pauperem
2104 2537 2154 2580 et

643 2612 860 2665 egenum
887 2638 902 2661 ,
949 2607 1003 2648 ut
1040 2595 1354 2665 jugularent
1401 2595 1569 2650 rectos
1605 2597 1783 2650 corde.

2255 2434 2399 2505 Στίλ.
2431 2434 2511 2487 ιδ’.
2544 2433 2868 2505 Ῥομςοαίαν
2894 2431 3244 2505 ἐσὲτάσαιςτο
3277 2435 3330 2486 οἱ
3353 2431 3707 2505 ἁμαρτωλοί·
3740 2433 3841 2486 ἑν-

2324 2501 2627 2559 έτείναντο
2641 2501 2822 2566 τόξον
2833 2501 3054 2563 αὐτῶν,
3083 2502 3190 2556 τοῦ
3215 2501 3572 2557 καταϐαλεῖν
3599 2505 3841 2572 πτωχὸν

2327 2577 2426 2698 agri
2468 2575 2726 2644 πένητα,
2768 2574 2876 2629 τοῦ
2922 2573 3152 2641 σφάξαι
3185 2575 3324 2640 τοὺς
3351 2573 3545 2641 εὐθεῖς
3581 2573 3656 2644 τῇ
3701 2593 3834 2645 acup.

2390 2661 2449 2698 a.

2390 2661 2449 2713 ᾳ.

2327 2753 2540 2831 Ὠσπερ
2574 2759 2692 2812 ἐστὶ
2735 2761 3009 2813 πανοπλία
3047 2759 3183 2813 Θεοῦ
3229 2777 3346 2824 τις,
3394 2759 3566 2824 οὕτως
3608 2760 3726 2813 ἐστί
3756 2777 3842 2823 τις

2259 2851 2533 2906 πανοπλία
2559 2849 2652 2904 τοῦ
2685 2851 2952 2913 διαϐόλου.
2980 2852 3047 2921 ἣν
3077 2853 3107 2904 6
3129 2851 3294 2904 αὑτοῦ
3327 2850 3663 2924 στρατιώτης
3687 2851 3836 2904 ἐνδέ-

2256 2945 2429 2999 δυται·
2465 2944 2556 2998 τὸν
2597 2943 2822 3015 Θώρακα
2857 2944 2956 3014 τῆς
2989 2943 3220 3007 ἀδικίας,
3259 2945 3358 3014 τὴν
3407 2942 3845 3014 περικεφαλαίαν

581 3017 750 3080 tatis.
802 3017 1039 3089 gladium
1092 3019 1320 3090 maligni
1381 3020 1632 3088 spiritus,
1683 3037 1842 3092 quem
1905 3023 2153 3094 evaginat

2261 3037 2357 3108 τῆς
2388 3035 2682 3102 ἀπωλείας,
2719 3035 2811 3088 τὸν
2845 3034 3036 3106 θυρεὸν
3067 3036 3166 3106 τῆς
3203 3036 3483 3099 ἀπιστίας,
3509 3037 3608 3107 τὴν
3637 3037 3843 3107 μάχαιο

580 3115 860 3177 peccator,
889 3107 1044 3178 cujus
1067 3110 1234 3179 pedes
1283 3111 1349 3164 ad
1397 3109 1724 3178 iniustitiam
1769 3123 2022 3168 currunt.
2059 3115 2153 3170 Est

2263 3107 2362 3198 ραν
2384 3125 2477 3189 τοῦ
2505 3124 2740 3196 πονηροῦ
2773 3123 3078 3195 πνεύματος
3100 3163 3114 3185 ,
3145 3121 3211 3193 ἢν
3248 3126 3446 3178 σπᾶται
3481 3126 3805 3197 ἁμαρτωλὸς
3825 3167 3844 3193 ,

579 3203 824 3272 quaedam
854 3205 1182 3272 prmparatio
1217 3204 1514 3276 Evangelii,
1539 3217 1624 3263 est
1662 3215 1716 3263 et
1739 3207 2153 3264 calciamentum

2261 3209 2320 3270 οὗ
2355 3219 2403 3270 oi
2438 3216 2596 3279 πόδες
2623 3216 2709 3268 ἐπ’
2737 3215 2948 3269 ἀδικίαν
2975 3215 3278 3285 τρέχουσιν.
3311 3216 3466 3268 Ἐστι
3496 3231 3581 3279 τις
3619 3217 3844 3285 ἑτοιμαο

584 3298 994 3366 paratissimum
1053 3300 1119 3354 ad
1181 3311 1488 3369 peccatum.
1551 3301 1649 3356 Hic
1703 3302 1870 3373 igitur
1917 3301 2153 3372 gladium

2265 3309 2352 3363 σία
2368 3308 2460 3360 τοῦ
2481 3307 2833 3376 Εὑαγγελίου,
2860 3307 2974 3359 ἐστι
2997 3309 3090 3360 καὶ
3115 3307 3366 3378 ὑπόδημα
3389 3307 3737 3376 ἑτοιμότατον
3761 3309 3845 3372 εις

653 2732 810 2788 Sicut
838 2746 921 2789 est
949 2735 1198 2803 quaedam
1230 2745 1510 2790 armatura
1545 2735 1662 2803 Dei,
1693 2737 1773 2792 sic
1800 2747 1884 2793 est
1905 2737 2154 2810 qumdam

578 2836 855 2890 armatura
891 2827 1127 2895 diaboli,
1171 2845 1339 2900 quam
1375 2831 1533 2886 miles
1565 2831 1682 2902 ejus
1718 2833 1893 2887 induit
1925 2852 1940 2890 :
1969 2834 2155 2890 thora-

578 2937 698 2978 cem
745 2922 1047 2992 injustitiae.
1081 2926 1291 2994 galeam
1325 2925 1611 2993 interitus,
1659 2937 1870 2984 scutum
1921 2929 2155 2987 inﬁdeli-

583 3399 944 3445 extraxerunt
979 3407 992 3443 :
1022 3393 1148 3462 quia
1203 3393 1257 3447 in
1305 3405 1557 3463 promptu
1593 3395 1798 3448 habent
1846 3404 2157 3463 peccatum,

581 3491 637 3538 et
666 3483 842 3552 parati
875 3495 1001 3539 sunt
1030 3486 1098 3540 ad
1137 3489 1564 3556 perpetrandum
1621 3487 1790 3542 illud:
1825 3487 1916 3556 qui
1971 3487 2160 3543 occul-

587 3584 706 3629 tant
753 3575 804 3628 in
845 3578 1038 3647 vagina
1081 3578 1290 3645 peccati
1345 3579 1582 3650 gladium
1631 3579 1854 3649 maligni
1910 3581 2157 3651 spiritus.

581 3665 770 3723 Telum
803 3668 1076 3738 justorum
1109 3682 1193 3726 est
1235 3671 1486 3728 Christus
1544 3672 1722 3729 Jesus.
1769 3671 2006 3728 Posuisti
2043 3685 2162 3730 tan-

580 3775 739 3829 quam
768 3761 928 3815 telum
951 3762 1186 3820 electum.
1223 3763 1416 3820 Sermo
1444 3777 1818 3835 peccatorum,
1846 3767 2010 3823 telum
2043 3777 2157 3835 est;

581 3854 792 3920 peccati
852 3869 1118 3910 venenum
1173 3858 1663 3916 habet:vulnerat
1729 3876 1852 3916 eum
1907 3862 1999 3932 qui
2051 3877 2159 3916 non

582 3953 828 3998 armatur
858 3955 1014 4000 scuto
1038 3947 1185 4002 ﬁdei.
1223 3948 1437 4016 Sciunt,
1469 3952 1596 4020 quia
1633 3968 1740 4008 non
1769 3963 1998 4022 possunt
2026 3953 2163 4021 deji-

583 4048 708 4088 cere
733 4036 957 4092 divitem
984 4039 1341 4094 ditescentem
1373 4043 1426 4095 in
1449 4045 1714 4111 sapientia
1734 4084 1749 4111 ,
1802 4047 1854 4100 in
1904 4046 2160 4116 operibus

582 4128 762 4184 bonis.
845 4129 1142 4200 Propterea
1222 4134 1450 4190 omnino
1519 4150 1698 4205 neque
1771 4139 2161 4208 aggrediuntur

583 4219 757 4276 illum.
817 4222 922 4279 Sed
977 4233 1101 4279 totae
1153 4225 1369 4281 insidiae
1420 4227 1556 4282 ﬁunt
1603 4237 1792 4284 contra
1843 4246 2156 4301 pauperem,

587 4316 717 4385 quia
780 4320 1004 4387 pretium
1064 4320 1436 4388 redemptionis
1484 4321 1674 4375 anima:
1721 4323 1986 4390 hominis,
2037 4335 2160 4378 sunt

587 4410 785 4464 divitia:
838 4413 1068 4480 propria:
1097 4428 1116 4465 :
1143 4430 1346 4483 pauper
1396 4426 1573 4469 autem
1648 4432 1751 4468 non
1799 4416 2020 4470 sustinet
2062 4419 2160 4470 mi-

586 4516 684 4554 nas
720 4502 789 4554 7'.
822 4501 1031 4558 Bonum
1061 4504 1223 4574 igitur
1245 4514 1354 4569 est,
1385 4521 1488 4561 non
1520 4506 1724 4562 habere
1767 4507 2002 4578 gladium
2033 4525 2160 4578 pec-

2262 3402 2360 3473 τὴν
2399 3399 2690 3470 ἁμαρτίαν.
2745 3397 3006 3452 Ἐνταῦθα
3044 3393 3136 3452 οὖν
3187 3398 3459 3469 ῥομφαίαν
3489 3399 3839 3453 ἐσπάσαντο·

2262 3495 2342 3548 ὅτι
2367 3494 2654 3564 πρόχειρον
2685 3490 2866 3563 ἔχουσι
2899 3492 2999 3564 τὴν
3031 3492 3326 3562 ἁμαρτίαν,
3361 3493 3453 3544 καὶ
3476 3491 3681 3562 ἕτοιμοί
3703 3494 3844 3545 εἰσιν

2264 3588 2355 3641 ἐπὶ
2379 3587 2440 3640 τὸ
2471 3588 2642 3640 ποιεῖν
2663 3585 2857 3654 αὑτήνο
2883 3586 2933 3638 οἱ
2967 3583 3300 3656 κρύπτοντες
3325 3589 3384 3640 ὲν
3407 3586 3486 3658 τῷ
3509 3585 3718 3657 κουλεῷ
3743 3588 3842 3657 τῆς

2263 3680 2538 3752 ἁμαρτίας
2591 3678 2690 3749 τὴν
2741 3677 3015 3748 ῥομφαίαν
3071 3677 3166 3731 τοῦ
3220 3679 3457 3750 πονηροῦ
3507 3678 3838 3750 πνεύματος.

2262 3772 2423 3835 Βέλος
2453 3770 2562 3823 τῶν
2600 3768 2844 3835 δικαίων,
2888 3769 3116 3841 Χριστός
3136 3771 3278 3822 ἐστιν
3318 3769 3540 3840 Ἰησοῦς.
3576 3773 3843 3837 Ἔθηκας

2260 3863 2340 3928 ὠς
2362 3862 2550 3927 βέλος
2575 3861 2879 3916 ἐκλεκτόν.
2920 3861 2976 3914 't)
3008 3860 3162 3928 λόγος
3183 3861 3290 3914 τῶν
3313 3860 3650 3932 ἁμαρτωλῶν
3688 3861 3842 3930 βέλος

2262 3955 2408 4008 ἐστίν
2434 3972 2446 3985 ·
2481 3955 2753 4025 ἁμαρτίας
2782 3955 2858 4005 ἰὸν
2908 3952 3038 4023 ἔχει·
3068 3952 3356 4024 τιτρώσκει
3405 3955 3496 4008 τὸν
3552 3953 3627 4024 μὴ
3705 3955 3844 4008 καθ-

2264 4043 2613 4114 ωπλισμένον
2644 4044 2722 4114 τῷ
2750 4045 2847 4116 τῆς
2878 4043 3112 4106 πίστεως
3143 4043 3339 4113 Θυρεῷ.
3376 4039 3613 4111 Οἴδασιν,
3663 4045 3747 4098 ὅτι
3779 4045 3840 4098 οὗ

2261 4135 2512 4189 δύνανται
2545 4135 2870 4190 καταϐαλεῖν
2905 4135 3157 4188 πλούσιον
3189 4135 3521 4189 πλουτοῦντα
3557 4138 3612 4188 ὲν
3642 4138 3838 4208 σοφίᾳ,

2261 4229 2318 4281 ὲν
2347 4227 2525 4300 ἔργοις
2552 4227 2797 4297 ἀγαθοῖς.
2837 4227 2935 4281 Διά
2958 4227 3116 4281 τοῦτο
3147 4228 3244 4299 τὴν
3277 4229 3450 4300 ἀρχὴν
3471 4230 3590 4283 οὐδὲ
3616 4231 3840 4284 ἐπιϐάλ-

2261 4319 2440 4372 λουσιν
2465 4319 2631 4390 αύτῴ.
2677 4319 2812 4372 Ἀλλ’
2849 4322 2881 4391 ή
2920 4323 3068 4374 πᾶσα
3115 4320 3372 4392 ἐπιϐουλή
3424 4322 3539 4374 ἐστι
3578 4321 3718 4374 κατὰ
3740 4323 3838 4376 τοῦ

2262 4410 2497 4482 πτωχοῖν
2535 4411 2654 4464 ἐπεὶ
2683 4411 2906 4476 λύτρον
2935 4409 3141 4479 ψυχῆς
3173 4408 3391 4476 ἀνδρὸς
3420 4412 3452 4462 ό
3481 4409 3630 4475 Ζδιος
3651 4411 3845 4465 πλοῦ-

2264 4521 2380 4569 τος·
2409 4503 2643 4573 πτωχὸς
2663 4503 2731 4557 δὲ
2759 4505 2870 4572 οὐχ
2891 4505 3208 4573 ὑφίσταται
3224 4505 3502 4570 ἀπειλήν.
3526 4505 3704 4558 Καλὸν
3740 4506 3844 4576 μὲν

584 4593 725 4656 cati;
764 4595 956 4651 deinde
990 4597 1032 4650 si
1071 4599 1193 4666 quis
1222 4598 1438 4659 habeat,
1483 4615 1549 4653 ne
1578 4599 1724 4652 illum
1761 4601 2032 4670 cvaginet,
2061 4603 2153 4659 sed

2262 4592 2353 4649 οὖν
2373 4596 2446 4666 μὴ
2479 4595 2621 4665 ἔχειν
2646 4597 2915 4668 ῥομφαίαν
2939 4595 3491 4668 ἁμαρτίας·δεύτερον
3523 4597 3600 4660 δὲ,
3626 4597 3844 4667 ἔχοντα,

583 4685 751 4742 faciat
779 4703 902 4743 eum
933 4690 1234 4759 quiescere.
1291 4691 1595 4760 Quicscens
1648 4697 1792 4751 enim
1845 4710 1951 4750 non
1996 4699 2156 4751 modo

581 4779 878 4848 aeruginem
896 4783 1192 4847 contrahit,
1220 4792 1274 4836 et
1301 4785 1417 4839 acie
1440 4787 1782 4852 obtunditur,
1816 4789 1910 4842 sed
1934 4804 2155 4859 prorsus

583 4872 802 4927 tandem
840 4875 1141 4930 evanescit.
1207 4875 1316 4934 Nec
1371 4894 1505 4949 opus
1556 4881 1820 4936 habemus
1859 4883 2016 4952 igne,
2063 4883 2153 4937 ubi

580 4979 718 5034 opus
746 4964 1012 5036 cujusque
1039 4969 1418 5025 examinatur:
1445 4973 1534 5042 qui
1561 4973 1777 5028 Petrum
1804 4975 2019 5044 quidem
2049 4991 2156 5030 non

582 5059 752 5128 tangit
773 5073 787 5120 ;
808 5062 902 5116 sed
938 5061 1107 5124 audit,
1136 5061 1255 5116 Etsi
1297 5067 1568 5120 transieris
1597 5083 1688 5134 per
1717 5067 1907 5136 ignem,
1937 5069 2152 5135 ﬂamma

582 5163 687 5202 non
730 5151 917 5206 aduret
965 5163 1013 5206 te
1061 5155 1109 5185 "
1141 5171 1155 5207 :
1187 5167 1504 5223 peccatores
1557 5174 1689 5213 vero
1751 5159 1925 5226 tangit
1968 5159 2155 5229 utique

581 5245 832 5306 stagnum
865 5242 1036 5310 ignis,
1065 5243 1208 5297 sicut
1237 5245 1576 5314 Erythraeam
1621 5250 1805 5304 obruit
1843 5249 2153 5320 Egyptios,

581 5334 778 5384 etnon
822 5330 1100 5388 Hebraeos.
1151 5334 1616 5400 Quemadmodum
1674 5349 1852 5395 tamen
1901 5339 2155 5396 Salvator

582 5423 751 5477 telqu
789 5435 873 5480 est
903 5426 1164 5497 electum,
1199 5438 1254 5484 et
1293 5430 1496 5486 similia
1542 5429 1809 5486 Salvatori
1868 5432 1973 5486 tela
2030 5443 2155 5486 sunt

581 5514 758 5568 sancti
789 5514 880 5570 Dei
913 5519 1260 5577 vulnerantes
1287 5522 1391 5578 telo
1421 5522 1618 5586 electo,
1654 5523 1726 5575 ita
1759 5531 1816 5576 ut
1841 5523 2154 5576 vulneratus

583 5604 782 5669 dicam,
820 5603 1104 5665 Vulnerata
1132 5615 1388 5670 clmritate
1404 5632 1497 5685 ego
1519 5633 1634 5668 sum
1653 5615 1720 5670 '".
1745 5614 1819 5668 Ita
1847 5613 2011 5668 telum
2040 5629 2154 5666 ma-

581 5695 712 5766 ligni
739 5709 820 5752 est
851 5700 1240 5771 Antichristus,
1270 5715 1322 5760 et
1348 5721 1539 5762 omnes
1557 5717 1872 5776 peccatores
1899 5705 2001 5760 tela
2026 5713 2154 5760 sunt

653 5861 696 5892 ⁷⁸
731 5859 889 5920 Prov.
927 5880 1045 5933 xm,
1079 5864 1129 5920 8.
1205 5868 1249 5898 τῦ
1274 5863 1400 5922 lsai.
1431 5883 1582 5934 xuiz,
1618 5869 1668 5922 2.

2265 4689 2339 4760 μὴ
2392 4688 2629 4742 σπᾶσθαι
2684 4689 2872 4760 αὐτὴν,
2911 4688 3046 4743 ἀλλὰ
3088 4691 3259 4742 ποιεῖν
3305 4689 3474 4759 αὐτὴν
3520 4689 3842 4759 ἡσυχάζειν.

2276 4779 2541 4852 Ἀργοῦσα
2570 4780 2707 4852 γὰρ’,
2761 4782 2820 4834 οὐ
2881 4783 3037 4852 μόνον
3085 4780 3275 4844 ίοῦται,
3312 4781 3432 4834 οὐδὲ
3484 4779 3842 4851 ἀμϐλύνεται,

2263 4869 2397 4925 ἁλλὰ
2427 4869 2609 4923 τέλεον
2643 4869 3042 4940 ὲξαφανίζεται.
3073 4872 3181 4923 Καὶ
3208 4873 3269 4924 ού
3293 4871 3482 4943 χρείαν
3512 4872 3707 4942 ἔχομεν
3735 4891 3810 4926 πυ
3828 4904 3845 4914 -

2265 4959 2377 5033 ρδς,
2401 4961 2533 5013 ὅπου
2549 4961 2780 5014 ἑκάστου
2797 4961 2858 5013 τὸ
2885 4960 3044 5032 ἔργον
3063 4960 3435 5033 δοκιμάζεται·
3465 4963 3492 5016 ὃ
3509 4963 3717 5035 Πέτρου
3739 4965 3851 5034 μὲν·

2261 5055 2358 5125 οὐχ
2375 5054 2625 5120 ἅπτεται,
2638 5053 2751 5107 ἀλλ’
2767 5053 2974 5119 ἀκούει,
2992 5053 3119 5107 Κᾶν
3128 5054 3334 5122 διέλθῃ
3347 5055 3444 5110 διὰ
3453 5055 3662 5123 πυρὸς,
3678 5056 3844 5124 φλὸξ

2262 5150 2333 5201 οὐ
2345 5148 2706 5202 κατακαύσει
2718 5161 2810 5200 σε·
2830 5146 3170 5218 ἁμαρτωλῶν
3187 5147 3243 5200 δὲ
3260 5147 3488 5202 ἁπτεται
3509 5151 3540 5220 ή
3559 5148 3721 5218 λίμνη
3741 5148 3840 5201 τοῦ

2235 5286 2239 5289 .
2264 5238 2587 5310 πυρὸς,ὠςὴ
2617 5237 2849 5309 Ἐρυθρὰ
2865 5238 3196 5306 Αἰγυπτίων,
3221 5239 3280 5291 ού
3305 5239 3410 5308 μὴν
3427 5240 3519 5291 καὶ
3548 5239 3836 5310 Ἐϐραίων.

2266 5330 2472 5402 Ὥσπερ
2498 5331 2680 5401 μέντοι
2712 5332 2740 5383 6
2766 5329 2953 5402 Σωτὴρ
2982 5329 3131 5399 βέλος
3163 5329 3432 5395 ἐκλεκτὸν,
3474 5321 3567 5384 καί
3598 5330 3841 5398 ἀνάλογα

2263 5422 2340 5495 τῷ
2374 5423 2589 5493 Σωτῆρι
2615 5421 2742 5492 βέλη
2766 5420 2860 5474 τοῦ
2890 5421 3026 5474 Θεοῦ
3053 5424 3102 5475 oi
3149 5421 3290 5489 ἅγιοι
3329 5419 3722 5492 τιτρώσκοντες
3747 5421 3838 5492 βέ-

2261 5517 2340 5569 λει
2366 5514 2626 5586 ὲκλεκτῷ,
2658 5515 2744 5568 ἵνα
2765 5517 2794 5568 6
2827 5516 3166 5588 τετρωμένος
3201 5515 3343 5583 λέγω
3361 5532 3374 5544 ·
3412 5513 3752 5584 Τετρωμένη
3778 5516 3842 5569 d-

2260 5611 2456 5680 τάπης
2482 5608 2594 5680 ἐγώ
2619 5626 2631 5639 ·
2665 5607 2837 5670 οὕτως
2865 5610 2892 5660 6
2939 5607 3299 5677 Ἀντίχριστος
3329 5605 3482 5676 βέλος
3515 5603 3610 5657 τοῦ
3668 5620 3840 5674 πονη-

2265 5701 2377 5774 ροῦ.
2410 5703 2520 5756 Καὶ
2546 5701 2746 5766 πάντες
2778 5703 2825 5753 oi
2856 5698 3167 5771 ἁμαρτωλοὶ
3192 5697 3318 5768 βέλη
3342 5697 3436 5752 τοῦ
3463 5697 3734 5763 διαϐόλου,
3751 5692 3839 5762 οἷς

1751 5869 1792 5899 ⁷⁷
1825 5868 1977 5923 (Iunt.
2014 5885 2072 5935 ll,
2104 5869 2173 5938 5;
2208 5887 2258 5936 v,
2291 5867 2343 5919 8.
