4012 6340
207 339 289 392 ίὲθ
1373 333 1508 389 EXC
1519 333 1738 390 ERPTA

1840 332 1848 387 Ι
1882 333 2222 390 ΡΞΑΙιΜΟΒ.

3316 343 3424 396 {50

203 455 320 509 κατά
369 453 474 506 τῶν
545 454 773 508 δικαίων
824 456 1034 527 χρᾶται.
1073 454 1177 508 Ἴδε
1233 455 1487 521 γυναῖκα,
1531 451 1623 504 καὶ
1666 452 1738 502 ἐπ

1861 449 2081 515 diaboli,
2114 450 2311 520 quibus
2341 451 2512 505 utitur
2540 453 2800 512 adversus
2830 456 3025 527 justos.
3061 455 3196 512 Vide
3230 461 3424 515 mulie—

199 543 494 598 εσούλευσάν
546 561 650 597 σοι.
679 545 740 597 Εἰ
764 544 836 614 μὴ
863 545 1011 614 βέλος
1038 541 1154 598 ἐστὶ
1175 539 1591 611 πεπυρωμένον,
1635 541 1746 610 πῦρ

196 639 369 709 ἔχουσα
397 641 454 690 ὲν
485 638 732 708 στόματι,
767 637 850 690 ἵνα
877 636 1085 710 λαλήσῃ
1117 638 1210 690 καὶ
1244 633 1424 706 καύσῃ
1454 650 1536 695 σε,
1561 635 1619 685 ὲν
1641 649 1747 702 χει-

196 729 258 800 ρὶ,
285 730 341 781 ἐν
371 729 474 798 ὅλῳ
501 729 578 799 τῷ
611 727 838 800 σώματι,
875 730 932 781 ἐν
969 729 1068 799 ὅλῃ
1098 731 1164 799 τῇ
1191 728 1373 798 ψυχῇς
1413 726 1522 779 Καὶ
1557 723 1748 795 ὥσπερ

189 821 214 872 ὁ
261 819 384 883 Θεὸς
433 819 631 886 τίθησι
674 819 853 883 τόξον
898 819 970 872 ἐν
1007 817 1084 887 τῇ
1136 816 1384 886 νεφέλῃ,
1430 817 1514 869 ἵνα
1559 815 1747 886 παύσῃ

189 915 431 985 χειμῶνα,
460 915 553 968 καὶ
580 914 653 986 μὴ
679 914 891 986 γίνηται
938 914 1350 984 κατακλυσμός·
1406 913 1566 979 οὕτω,
1599 910 1745 966 κατά

185 1004 241 1056 τὸ
263 1005 641 1075 ἀντικείμενον,
671 1008 698 1058 ὁ
723 1005 955 1076 πονηρὸς
983 1006 1362 1076 χρᾶται-τόξῳ,
1423 1005 1506 1058 ἵνα
1562 1007 1744 1076 παύσῃ

186 1095 406 1167 γαλήνην
433 1096 539 1149 ἀπὸ
567 1095 765 1166 ψυχῆς,
793 1096 886 1149 καὶ
941 1097 1162 1167 είρήνην
1202 1096 1389 1169 σϐέσῃ,
1447 1096 1542 1149 καὶ
1587 1095 1745 1149 πόλε-

193 1207 278 1260 μον
295 1186 500 1259 ἐγείρῃ,
535 1186 629 1239 καὶ
655 1187 899 1257 χειμῶνα
930 1186 1149 1258 ποιήσῃ.
1178 1187 1400 1257 Μήποτε
1421 1185 1478 1238 δὲ
1504 1189 1559 1239 οἱ
1592 1202 1744 1238 πτω-

190 1280 268 1349 χοὶ
302 1277 396 1330 καὶ
425 1277 680 1344 πένητες
709 1277 927 1345 ἀδελφοί
947 1280 1051 1331 εἰσι
1076 1276 1194 1330 τῶν
1232 1277 1454 1332 εῠθέων
1489 1277 1563 1346 τῇ
1604 1294 1745 1346 καρ-

189 1373 268 1438 δίᾳ
291 1412 307 1434 ,
342 1373 393 1424 οἱ
426 1369 645 1438 πτωχοὶ
679 1369 760 1434 τῷ
790 1371 1100 1438 πνεύματι,
1136 1369 1229 1432 οὓς
1251 1369 1468 1441 ζητοῦσι
1496 1368 1738 1424 καταϐα-

187 1464 279 1516 λεῖν
303 1465 354 1515 οἱ
377 1462 648 1532 δαίμονες.
686 1460 811 1513 Ἐὰν
841 1462 958 1534 ἴδῃς
990 1462 1487 1532 σκανδαλιζόμενον,
1519 1462 1613 1516 καὶ
1641 1463 1744 1516 ὑπὸ

181 1555 268 1626 τῆς
286 1554 558 1626 ἁμαρτίας
592 1554 1020 1627 κεκρατημένον,
1052 1554 1236 1625 βλέπε,
1260 1555 1343 1608 ὅτι
1371 1550 1525 1618 οὗτος
1575 1557 1743 1625 ἔσφα-

179 1664 309 1708 κται,
348 1645 527 1698 καὶτὸ
551 1638 690 1716 αἷμα
723 1643 886 1697 αὐτοῦ
935 1646 1037 1713 ῥεῖ,
1075 1643 1102 1696 ὃ
1151 1644 1372 1715 ἐκζητεῖ
1411 1645 1562 1708 Θεός.
1606 1646 1741 1698 Ἀπ-

175 1736 338 1791 ὡλετο
369 1736 477 1808 γὰρ
507 1738 540 1806 ἡ
569 1735 770 1806 ζωτικὴ
787 1734 1014 1806 δύναμις
1046 1735 1233 1788 αὑτοῦ*
1265 1735 1493 1805 ἐκζητεῒ
1526 1737 1582 1791 δὲ
1615 1737 1746 1792 αὐτὸ

1853 557 1989 607 rem,
2040 551 2095 596 et
2124 541 2364 596 insidiati
2393 552 2515 604 sunt
2545 545 2661 600 tibi.
2710 547 2788 602 An
2826 562 2934 601 non
2971 550 3134 602 telum
3163 556 3246 603 est
3282 551 3422 618 igni-

1847 642 1990 698 tum,
2023 634 2200 705 ignem
2253 635 2465 691 habens
2513 636 2564 690 in
2620 651 2738 702 ore,
2767 648 2825 691 ut
2852 640 3108 708 loquatur
3141 651 3194 695 et
3225 655 3419 698 exurat

1851 734 1924 788 te,
1958 725 2010 779 in
2037 716 2218 791 manu,
2246 727 2296 780 in
2329 737 2442 782 toto
2469 741 2720 796 corpore,
2759 729 2811 782 in
2839 739 2948 784 tota
2989 733 3207 788 anima?
3235 733 3299 788 Et
3320 735 3418 788 sic—

1844 827 1903 872 ut
1967 817 2110 872 Deus
2139 819 2281 887 ponit
2305 835 2488 872 arcum
2517 821 2572 872 in
2599 821 2942 889 nube",quo
2965 836 3272 892 compescat
3291 843 3412 895 pro-

1846 907 2058 974 cellam,
2092 925 2189 964 nrc
2217 911 2307 963 fiat
2333 909 2594 964 diluvium
2625 933 2636 967 :
2672 913 2744 967 ita
2801 929 2866 967 ex
2919 916 3216 980 contrario,
3259 917 3413 971 mali-

1844 1013 1982 1067 gnus
2016 1000 2185 1054 utitur
2219 1015 2371 1065 arcu,
2406 1013 2464 1056 ut
2494 1017 2708 1058 cessare
2752 1003 2917 1058 faciat
2959 1006 3306 1061 serenitatem
3343 1009 3412 1064 ab

1843 1091 2043 1156 anima,
2075 1101 2127 1146 et
2160 1108 2345 1161 pacem
2366 1095 2696 1164 exstinguat,
2725 1095 2921 1149 bellum
2952 1096 3171 1161 excitet,
3199 1107 3250 1151 et
3281 1108 3414 1153 tem—

1840 1191 2103 1247 pestatem
2140 1181 2358 1239 efﬁciat.
2410 1183 2570 1240 Forte
2605 1196 2784 1239 autem
2819 1202 3076 1254 pauperes
3120 1196 3170 1240 et
3214 1188 3402 1256 egeni,

1842 1281 1966 1326 sunt.
2002 1273 2197 1328 fratres
2221 1284 2486 1328 rectorum
2520 1278 2698 1339 corde,
2730 1293 2985 1343 pauperes
3031 1277 3247 1344 spiritu,
3281 1292 3416 1346 quos

1843 1374 2089 1429 quaerunt
2118 1363 2404 1432 proﬂigare
2435 1364 2726 1418 daunones.
2748 1365 2803 1419 Si
2836 1381 2995 1435 quem
3026 1367 3230 1421 videris
3256 1383 3418 1421 scau-

1843 1451 2134 1506 dalizatum
2167 1463 2222 1508 et
2255 1466 2483 1524 peccato
2510 1442 2804 1510 obnoxium
2836 1497 2851 1520 ,
2907 1458 3128 1511 attende
3179 1460 3306 1526 quia
3367 1460 3415 1513 is

1836 1541 2114 1612 jngulatus
2134 1555 2241 1610 est,
2265 1555 2319 1600 et
2348 1549 2567 1618 sanguis
2595 1547 2712 1615 ejus
2736 1547 2872 1613 fluit,
2902 1556 2956 1602 ct
2981 1548 3208 1617 requirit
3241 1547 3408 1602 Deus.

1843 1631 2055 1687 lnteriit
2086 1637 2230 1690 enim
2276 1638 2459 1694 vitalis
2494 1639 2724 1694 facultas
2752 1640 2869 1708 ejus
2898 1659 2915 1696 ι
2949 1641 3172 1710 requirit
3227 1650 3412 1694 autem

1847 1723 1996 1776 illum
2029 1725 2167 1780 Deus
2225 1743 2256 1780 a
2289 1728 2456 1797 fratre
2490 1745 2537 1783 et
2569 1731 2732 1784 bestia
2761 1733 2844 1797 '9;
2875 1748 2902 1785 a
2945 1732 3104 1788 fidele
3135 1733 3412 1786 scandali-

169 1828 276 1880 ἀπὸ
312 1828 581 1898 ἀδελφοῦ
615 1829 713 1880 καὶ.
755 1825 872 1879 ἀπὸ
907 1826 1112 1894 θηρίου
1138 1844 1150 1857 ·
1189 1827 1297 1880 ἀπὸ
1343 1829 1536 1881 πιστοῦ
1580 1847 1738 1884 σκανε

1845 1826 2003 1871 zante
2036 1820 2310 1890 videlicet,
2335 1833 2390 1877 et
2420 1824 2487 1878 ab
2517 1824 2692 1879 alieno
2723 1841 2752 1879 a
2788 1827 2912 1889 tide,
2945 1834 2999 1880 et
3037 1844 3066 1880 a
3088 1837 3248 1880 manu
3287 1842 3404 1894 spe-

166 1918 490 1984 δαλίζοντος,
519 1920 614 1972 καὶ
637 1919 744 1970 ἀπὸ
769 1917 1046 1988 ἀλλοτρίου
1078 1918 1178 1988 τῆς
1202 1919 1459 1984 πίστεως,
1493 1921 1585 1973 καὶ
1623 1920 1741 1976 ἀπὸ

163 2009 264 2078 τῆς
293 2011 500 2080 χειρὸς
524 2010 630 2062 τοῦ
661 2007 914 2062 σκοποῦ.

227 2099 353 2168 (72)
403 2097 564 2149 Ἀλλὰ
589 2095 759 2149 ταῦτα
793 2097 888 2167 μὲν
916 2096 1042 2159 ἴσως
1073 2097 1485 2169 περιεργότερον
1510 2098 1740 2169 εἴρηται.

162 2188 219 2240 Ὁ
265 2189 463 2259 μέντοι
499 2187 714 2258 ψάλλων
729 2186 1082 2241 διαλευκαίνει
1107 2189 1212 2240 πᾶν
1242 2188 1303 2241 τὸ
1331 2187 1430 2258 ἤδη
1461 2189 1643 2261 ῥηθὲν,
1661 2188 1739 2243 τό·

147 2279 460 2333 Κατανοεῐ
487 2283 520 2333 ὁ
549 2279 892 2348 ἁμαρτωλός
918 2281 1022 2334 τὸν
1069 2280 1320 2346 δίκαιον,
1359 2281 1520 2351 φημί.
1560 2282 1742 2336 Καθά-

150 2387 261 2440 περ
306 2369 418 2440 γὰρ
449 2371 505 2422 ὲν
540 2369 725 2422 πίνακι
750 2370 936 2439 σαφῶς
989 2368 1263 2443 μηνιῶντα
1312 2369 1612 2442 ζωγραφεῖ,
1646 2375 1739 2427 καὶ

152 2460 642 2530 παραταττόμενον
675 2461 933 2532 είσφέρει,
968 2461 1060 2513 καὶ
1083 2459 1327 2530 φονῶντα
1347 2461 1599 2527 δεικνύει,
1648 2464 1738 2517 καὶ

153 2551 580 2622 ἀπο-γυμνοῦντα
604 2551 663 2604 τὸ
697 2551 866 2621 ξίφος,
899 2553 992 2606 καὶ
1015 2553 1112 2622 ήδη
1143 2551 1430 2617 τοξεύοντα
1451 2593 1464 2617 ,
1509 2555 1600 2607 καὶ
1637 2555 1735 2627 τὴν

157 2644 375 2698 ἀδικίαν
411 2642 575 2697 αὐτοῦ
605 2642 923 2714 καθίστησιν
978 2645 1204 2717 ἐναργῆ.
1250 2645 1448 2698 Σκοποὶ
1504 2645 1611 2718 γὰρ
1657 2645 1737 2718 τῷ

159 2735 471 2806 ἀμαρτωλῷ
506 2736 603 2806 οὐχ
631 2735 728 2790 ἕνα
774 2736 894 2790 τινὰ
925 2735 1033 2789 τῶν
1084 2737 1455 2807 ἀδικησάντων
1500 2737 1668 2810 αὐτῷ,
1699 2738 1733 2810 ἦ

161 2829 305 2880 κατά
326 2845 375 2879 τι
402 2827 934 2899 προσκεκρουκότων,
966 2828 1059 2880 καὶ
1086 2827 1386 2900 προφάσεις
1411 2827 1488 2900 τῷ
1512 2829 1735 2900 πολέμῳ

161 2916 469 2973 δεδωκότων
493 2919 746 2987 εύλόγους
775 2918 1112 2992 ἀμύνεσθαι·
1166 2919 1278 2973 ἀλλ’
1317 2921 1404 2974 ἵνα
1455 2922 1737 2996 καταῦἁλῃ

165 3010 397 3079 πτωχὸν,
427 3011 671 3064 τουτέστι
704 3012 794 3065 τὸν
839 3013 1052 3082 ἐπιεικῆ
1091 3012 1182 3066 καὶ
1229 3015 1610 3087 μετριόφρονα,
1645 3018 1736 3072 καὶ

164 3103 412 3155 ταπεινὸν
437 3106 505 3174 τῇ
539 3103 735 3176 καρδίᾳ.
757 3144 773 3170 ,
795 3103 853 3158 ὃν
874 3105 966 3158 καὶ
988 3107 1015 3158 ὁ
1042 3105 1230 3177 Σωτὴρ
1278 3107 1491 3178 πτωχὸν
1520 3107 1620 3178 ἔφη
1657 3109 1734 3180 τῷ

170 3193 454 3263 πνεύματι,
485 3195 578 3248 καὶ
600 3194 700 3266 τῆς
731 3193 837 3250 τῶν
863 3196 1105 3267 οὐρανῶν
1127 3197 1400 3269 βασιλείας
1419 3199 1566 3267 ἄξιον
1596 3195 1734 3254 εἷναί

171 3299 316 3352 φησι.
353 3283 450 3348 Τίς
490 3280 581 3338 οὖν
617 3289 728 3349 τοῖς
752 3287 1093 3359 ἁμαρτωλοῖς
1124 3289 1280 3357 λόγος
1310 3290 1445 3362 πρὸς
1471 3291 1600 3354 τοὺς
1647 3293 1737 3345 εύ·

172 3371 365 3446 θεῖςτῇ
395 3375 611 3448 καρδία,
663 3379 757 3432 καὶ
817 3381 940 3444 τοὺς
998 3383 1245 3454 πτωχοὺς
1300 3381 1376 3454 τῷ
1425 3383 1732 3455 πνεύματι;

176 3466 442 3530 παντελῶς
481 3467 676 3532 οὐδείς.
716 3469 1036 3542 Ἦδικήκασι
1057 3473 1163 3544 γὰρ
1188 3474 1426 3536 ἐκείνους
1457 3474 1610 3527 οὐδὲν
1636 3474 1737 3538 τὰς

177 3553 369 3609 ἑαυτῶν
408 3557 561 3623 ὁδοὺς
605 3558 1004 3627 ἀπευθύνοντας
1031 3565 1110 3627 είς
1133 3563 1497 3634 δικαιοσύνην.
1545 3566 1738 3637 Ἀκονᾷ

177 3646 245 3708 δὲ,
272 3647 441 3720 οἶμαι,
477 3652 598 3705 κατ’
628 3652 806 3706 αὐτῶν
837 3655 962 3719 τοὺς
1017 3644 1458 3728 ῶνομασμένους,
1513 3657 1738 3728 μάταιός

180 3755 252 3802 τις
275 3741 477 3807 ἁπλῶς,
508 3743 602 3797 καὶ
634 3745 734 3798 οὐκ
762 3746 1070 3818 εὑάφορμος
1104 3748 1315 3818 φθόνος,
1343 3750 1408 3802 ὲκ
1429 3748 1738 3820 διαϐολικῆς

183 3834 484 3906 σκαιότητος
510 3837 918 3908 ἐκκεκαυμένος
941 3840 1000 3892 ὲν
1037 3839 1242 3904 αὐτοῖς.

178 4013 306 4092 Στξι.
347 4023 427 4069 ιε’.
459 4017 817 4092 -Ἡ-ῥομεσαία
850 4021 1048 4074 αὐτῶν
1071 4022 1331 4083 εἰσέλθοι
1351 4025 1439 4088 είς
1461 4022 1569 4088 τὰς
1598 4039 1738 4092 καρο

235 4086 363 4154 δίας
401 4086 637 4142 αὺτὼνί
659 4086 758 4144 καὶ
785 4092 854 4146 τὰ
881 4092 1028 4156 τόξα
1059 4092 1257 4147 αὐτῶν
1298 4086 1661 4162 συιίτριϐὲίη.

237 4179 443 4252 Ὠσπερ
472 4180 526 4233 δὲ
551 4183 582 4254 ἡ
607 4184 794 4256 εἰρήνη
830 4185 921 4238 τοῦ
941 4185 1150 4240 δικαίου
1181 4187 1260 4249 εἰς
1287 4186 1450 4239 αὐτὸν
1486 4187 1735 4258 ἀνακάμ-

177 4286 311 4324 πτει·
359 4271 535 4337 οὕτως
581 4275 614 4344 ὴ
668 4276 911 4346 ῥομφαία
961 4277 1053 4330 τοῦ
1109 4276 1338 4340 ἀσεϐοῦς
1377 4277 1604 4332 εἰσέλθοι
1654 4281 1734 4344 είς

177 4363 386 4432 καρδίαν
427 4361 632 4430 αὑτοῦ,
675 4364 771 4418 ἐὰν
822 4370 962 4441 τηρῇ
1017 4367 1206 4421 ἑαυτὸν
1248 4369 1276 4420 ό
1313 4367 1474 4432 εὐθὺς
1501 4371 1567 4441 τῇ
1602 4387 1735 4441 καρ-

173 4465 265 4505 δια.

1843 1907 2095 1962 culatoris
2123 1911 2192 1963 ⁸ο.

1915 2110 1979 2164 Et
2016 2109 2130 2165 hrec
2155 2108 2372 2177 quidem
2399 2107 2637 2162 fortasse
2667 2109 2882 2164 curiose
2917 2111 3077 2166 nimis
3121 2114 3262 2170 dicta
3290 2115 3406 2171 fue-

1844 2199 1970 2254 riut.
2008 2199 2290 2254 Psalmista
2322 2213 2453 2253 vero
2508 2197 2743 2252 illustrat
2770 2198 3031 2267 quidquid
3057 2201 3167 2270 jam
3202 2204 3408 2258 dictum

1842 2300 1943 2355 est,
1979 2291 2231 2347 videlicet
2263 2308 2276 2345 :
2307 2289 2622 2345 Considerat
2647 2301 2891 2357 peccator
2931 2290 3142 2360 justum
3167 2293 3234 2346 δι.
3267 2293 3410 2350 Tan-

1840 2398 1998 2453 quam
2030 2385 2175 2438 enim
2201 2385 2256 2438 in
2294 2381 2470 2436 tabula
2496 2381 2646 2438 clare
2673 2381 2995 2436 irascentem
3025 2383 3288 2455 depingit,
3325 2387 3410 2441 in-

1839 2473 2100 2542 ducitque
2128 2473 2278 2542 quasi
2313 2472 2366 2525 in
2400 2473 2517 2526 acie
2546 2473 2918 2537 constitutum,
2955 2479 3010 2525 et
3040 2477 3214 2528 caedes
3251 2475 3415 2530 mini.

1841 2574 2040 2621 tantem
2072 2564 2330 2630 ostendit,
2361 2561 2656 2616 undantem
2681 2560 2846 2614 etiam
2874 2560 3136 2630 gladium,
3163 2563 3413 2633 jamjam-

1837 2673 1942 2730 que
1988 2658 2215 2729 sagittas
2251 2672 2383 2711 arcu
2432 2652 2822 2722 ejaculantem,
2847 2665 2901 2708 et
2930 2653 3265 2724 iniustitiam
3293 2658 3414 2729 ejus

1836 2750 2140 2806 evidentem
2159 2747 2354 2804 reddit.
2375 2745 2591 2815 Scepus
2614 2744 2756 2798 enim
2780 2747 3049 2813 peccaturi
3077 2749 3410 2818 propositus,

1836 2853 1917 2900 est
1949 2857 2053 2896 non
2083 2856 2246 2897 unum
2274 2840 2578 2910 quempiam
2611 2852 2796 2891 eorum
2827 2838 2916 2906 qui
2951 2838 3148 2908 injuria
3169 2858 3294 2896 eum
3327 2842 3409 2896 af-

1836 2936 2087 2999 fecerint,
2113 2933 2195 2988 vel
2222 2947 2287 2987 ex
2317 2941 2474 3003 parte
2500 2933 2846 3001 offenderint,
2875 2945 2930 2990 et
2955 2934 3232 3002 speciosos
3268 2949 3408 3004 pm-

1839 3031 2018 3086 te'xtus
2052 3025 2192 3082 bello
2243 3025 2522 3091 dederint,
2557 3027 2783 3084 ulcisci:
2837 3041 3030 3081 verum
3072 3026 3254 3081 studet
3279 3041 3407 3097 pro-

1837 3128 2078 3173 sternere
2105 3129 2416 3186 pauperem,
2447 3114 2498 3169 id
2523 3124 2605 3168 est
2627 3115 2901 3171 hominem
2941 3124 3307 3180 mansuetum,
3346 3122 3404 3168 et

1838 3203 2018 3258 sobrie
2047 3202 2378 3272 sapientem,
2417 3217 2484 3257 ac
2518 3202 2770 3257 humilem
2802 3201 3000 3258 corde:
3050 3216 3208 3271 quem
3240 3201 3406 3255 etiam

1840 3289 2088 3344 Salvator
2118 3303 2406 3358 pauperem
2452 3288 2589 3342 dixit
2617 3291 2809 3360 spiritu
2835 3330 2851 3356 ,
2904 3299 2960 3345 et
2994 3291 3218 3360 dignum
3251 3304 3406 3345 asse-

1839 3383 1945 3436 ruit
1974 3395 2138 3452 regno
2167 3383 2450 3438 caelorum.
2483 3382 2654 3449 Quam
2705 3384 2871 3452 igitur
2897 3385 3164 3438 rationem
3205 3384 3407 3440 habent

1836 3485 2146 3542 peccatores
2178 3476 2464 3527 adversum
2495 3482 2674 3528 rectos
2703 3475 2869 3527 corde
2901 3482 2957 3527 et
3004 3487 3270 3542 pauperes
3293 3474 3409 3543 spi-

1838 3565 1984 3634 ritu?
2009 3565 2219 3619 Nullam
2247 3567 2490 3620 omnino.
2519 3563 2840 3620 Nullatenus
2870 3564 3013 3618 enim
3047 3564 3310 3617 lteseruut
3339 3563 3406 3617 il-

1839 3656 1938 3720 los,
1974 3657 2091 3712 vias
2111 3670 2238 3712 suas
2266 3659 2330 3711 ad
2365 3657 2638 3725 justitiam
2672 3653 3222 3725 dirigendo.Exacuit
3243 3668 3410 3722 porro

1841 3755 2027 3800 contra
2058 3761 2151 3801 eos
2173 3761 2309 3800 vana
2352 3744 2599 3814 quaedam
2635 3745 2856 3799 omnino
2881 3783 2898 3810 ,
2949 3759 3049 3800 nec
3099 3744 3409 3813 probabilis

1840 3837 2041 3891 invidia
2070 3838 2308 3892 famosos
2340 3837 2507 3891 hosce
2531 3837 2798 3903 homines,
2827 3851 2894 3892 ex
2923 3835 3188 3892 diabolica
3224 3835 3404 3906 pravi-

1839 3937 1947 3984 tate
1975 3931 2026 3982 in
2057 3930 2190 3998 ipsis
2221 3943 2509 3985 succensa.

1843 4022 1901 4077 V.
1932 4021 2015 4079 lii.
2041 4021 2262 4078 Gladius
2298 4041 2478 4078 eorum
2519 4023 2850 4093 ingrediatur
2897 4024 2949 4077 in
2979 4023 3143 4077 corda
3174 4039 3354 4078 eorum
3380 4062 3401 4092 ,

2184 4102 2233 4147 et
2275 4111 2430 4148 arcus
2475 4111 2650 4148 eorum
2682 4105 3047 4148 conterantur.

1908 4182 2214 4256 Sicutjusti
2252 4202 2355 4256 pax
2399 4187 2454 4241 in
2487 4187 2636 4241 illum
2673 4185 2851 4248 redit,
2907 4186 2980 4238 ita
3007 4186 3221 4254 gladius
3248 4187 3400 4256 impii

1836 4274 2166 4344 ingrediatur
2194 4279 2246 4332 in
2272 4293 2366 4334 cor
2388 4279 2532 4348 ejus,
2550 4278 2595 4333 si
2625 4279 2883 4332 observet
2910 4292 3055 4342 sese,
3089 4278 3183 4347 qui
3211 4287 3398 4334 rectus

1832 4377 1916 4422 est
1945 4368 2129 4424 corde.

176 4513 307 4616 Στίχ.
345 4553 444 4610 ις’.
471 4545 770 4622 Κρεῖσσον
794 4547 1011 4622 duros:
1021 4548 1102 4615 τῷ
1123 4548 1327 4618 δικαίῳ
1355 4550 1506 4622 ὑπὲρ
1537 4551 1726 4606 3.1013-

1871 4549 1932 4604 Υ.
1988 4548 2074 4603 16.
2135 4547 2330 4604 Melius
2385 4557 2461 4602 est
2513 4549 2792 4622 modicunt_
2813 4548 2964 4614 justo
3007 4561 3118 4614 pra:
3166 4545 3361 4600 divitiis

564 4633 672 4670 τον
700 4617 1061 4686 ἁμαρτωλῶν
1106 4617 1320 4675 πολύν.

240 4711 383 4779 Ἔχει
421 4708 521 4780 μὲν
565 4703 722 4779 οὖνὴ
775 4708 920 4775 )έξις
964 4709 1185 4763 αὐτόθεν
1216 4701 1488 4783 ὠφέλιμόν
1523 4731 1574 4765 τι
1622 4713 1734 4775 τοῖς

177 4803 567 4874 ἀκεραιοτέροις
591 4819 604 4832 ·
641 4803 752 4873 ἔχει
779 4804 836 4855 δέ
861 4821 913 4856 τι
952 4803 1046 4858 καὶ
1087 4806 1480 4876 κεκρυμμένως
1511 4805 1734 4878 είρημέ-

180 4911 252 4947 νον
277 4898 384 4957 τοῖς
423 4894 718 4968 βαθύτερον
762 4894 979 4948 ἀκούειν
1030 4895 1130 4966 τῆς
1176 4896 1216 4948 Γ
1221 4897 1398 4968 ραφῆς
1437 4899 1735 4970 ἐπισταμέ-

181 5001 288 5050 νοις.
315 4986 386 5038 Τὺ
434 4981 527 5039 οὖν
563 4986 929 5058 ἁπλούστερον
984 4985 1222 5042 τοιοῦτόν
1280 4987 1424 5039 ἐστι·
1481 4987 1731 5058 Βιοπορι-

183 5080 344 5132 στοῦσι
374 5078 570 5132 δίκαιοι
594 5078 688 5130 καὶ
711 5078 904 5133 ἄδικοι.
952 5078 1090 5131 Ἀλλ’
1123 5080 1171 5131 oi
1209 5077 1309 5150 μὲν
1349 5076 1600 5131 τοσοῦτον
1637 5077 1731 5150 ζη-

2321 4628 2653 4685 peccatorunt
2688 4618 2883 4669 multis.

1905 4711 2078 4766 Habet
2109 4710 2220 4766 batc
2246 4711 2450 4765 locutio
2476 4724 2544 4763 ex
2603 4709 2793 4760 litterae
2828 4707 2999 4775 ipsius
3045 4721 3203 4762 sensu
3255 4709 3401 4778 quod

1837 4800 2259 4871 simplicioribus
2288 4799 2549 4870 prodesse
2578 4799 2749 4866 possit
2779 4814 2794 4853 :
2837 4799 2998 4852 habet
3034 4807 3211 4852 tamen
3237 4798 3400 4851 etiam

1835 4894 2041 4963 aliquid
2075 4893 2342 4950 secretius
2382 4892 2585 4946 dictum
2606 4890 2657 4943 in
2686 4891 2914 4960 gratiam
2939 4905 3126 4944 eorum
3152 4889 3245 4959 qui
3275 4905 3401 4960 pro-

1833 4985 2055 5041 fundius
2084 4984 2387 5056 intelligere
2405 4983 2744 5052 Scripturam
2776 4982 2976 5037 sciunt.
3009 4981 3163 5047 Quod
3194 4982 3400 5051 simpli-

1832 5077 1950 5132 cius
1981 5077 2200 5145 dicitur,
2223 5076 2356 5132 illud
2391 5085 2502 5133 est:
2524 5074 2839 5130 Necessaria
2869 5074 2992 5129 vitae
3013 5083 3264 5144 quaerunt
3292 5084 3400 5131 tam

181 5171 308 5224 τοῦσι
336 5172 395 5224 τὸ
422 5170 520 5240 τῆς
544 5169 748 5240 χρείας,
777 5169 899 5223 ὅσον
927 5169 987 5222 τὸ
1013 5169 1110 5240 τῆς
1133 5167 1505 5239 δικαιοσύνης
1559 5167 1650 5222 καὶ
1689 5168 1723 5240 ἢ

1840 5169 1962 5240 justi
1994 5186 2156 5242 quam
2183 5169 2390 5242 injusti.
2415 5169 2485 5224 At
2509 5168 2582 5222 illi
2611 5179 2838 5224 eatenus
2862 5178 3114 5237 qumrunt
3139 5182 3246 5237 quo
3265 5183 3399 5238 opus

181 5263 230 5316 οὐ
263 5261 583 5333 πορίζουσιν,
623 5259 656 5331 ἢ
685 5260 810 5314 ἄνευ
837 5259 1068 5324 ἀδικίας,
1103 5257 1439 5330 χρωννύντες
1476 5256 1538 5310 τὸ
1576 5274 1731 5328 πορι-

182 5355 378 5427 ζόμενον
414 5357 480 5426 τῇ
509 5354 840 5424 δικαιοσύνῃ.
869 5353 931 5406 Oi
947 5351 1003 5406 δὲ
1024 5350 1159 5417 ὅλως
1187 5351 1502 5406 νενεύκασιν
1526 5349 1618 5402 ἐπὶ
1639 5350 1730 5402 τὸν

184 5448 443 5519 πορισμὸν,
491 5448 639 5511 ὅπως
684 5443 856 5500 πολλὰ
885 5444 1176 5516 κτήσωσιν,
1227 5445 1288 5498 οὐ
1350 5442 1640 5514 ζητοῦντες
1680 5444 1729 5496 εἰ

183 5541 328 5604 καλῶς
362 5541 673 5612 κτήσονται.
706 5537 810 5592 Δύο
846 5531 938 5592 οῦν
960 5536 1352 5608 προκειμένων,
1403 5537 1494 5590 τοῦ
1522 5553 1582 5589 τε
1615 5535 1726 5589 ὀλί-

1837 5265 2071 5331 habent,
2128 5274 2390 5334 quatenus
2421 5263 2471 5317 id
2503 5262 2716 5334 justitia
2767 5261 2996 5317 tulerit:
3053 5268 3108 5314 et.
3162 5259 3247 5315 vel
3293 5276 3398 5315 nou

1836 5365 2151 5424 comparant
2174 5355 2303 5420 sibi,
2334 5354 2419 5409 vel
2462 5355 2580 5410 sine
2612 5353 2878 5422 injustitia
2903 5351 3219 5423 acquirunt,
3252 5351 3398 5405 colo-

1836 5455 2024 5500 rantes
2077 5447 2220 5517 quod
2273 5446 2550 5502 lucramur
2596 5443 2828 5514 justitiae
2864 5443 3090 5513 fulgore.
3146 5441 3238 5496 isti
3269 5453 3400 5496 vero

1837 5539 1930 5593 toti
1955 5539 2274 5594 incumbunt
2303 5541 2356 5596 in
2383 5540 2616 5604 lucrum,
2665 5543 2724 5590 ut
2755 5535 2983 5605 plurima
3033 5534 3344 5604 possideant
3379 5570 3398 5601 ,

241 5681 277 5712 ⁷⁸
298 5682 428 5736 Gen.
469 5695 552 5745 ix,
584 5679 675 5736 t3.
737 5679 782 5711 τ’
824 5676 954 5733 ibid.
983 5674 1035 5729 5.
1087 5673 1160 5725 ,⁸⁸
1188 5673 1384 5730 Ezech.
1417 5686 1610 5739 χχχιιι,
1649 5661 1738 5739 ϐξ,

1857 5669 1998 5728 i’sal.
2029 5688 2133 5727 xxx
2143 5687 2212 5739 vt,
2241 5673 2326 5728 12.

241 5795 330 5871 (72)
362 5795 558 5869 Κύριλ.
