4012 6340
556 376 657 434 151
1449 350 2012 417 SUPPLEMENTUM
2051 351 2143 405 AD
2172 346 2504 407 ORIGENIS
2538 338 2944 402 EXEGETICA.
3638 406 3645 411 _
3706 338 3843 393 £32

555 507 661 550 non
691 487 1025 562 inquirentes
1056 498 1188 540 num
1222 479 1389 554 probe
1411 474 1715 549 possessuri
1746 471 1876 528 sint.
1906 469 2125 525 Duobus
2152 515 2165 540 γ

2276 485 2324 521 >υ
2346 467 2640 538 λήμματος
2674 462 2814 534 μετὰ
2867 457 3214 530 δικαιοσύνης
3250 496 3268 523 ,
3328 456 3425 511 καὶ
3465 453 3561 509 τοῦ
3615 454 3847 509 πολλοῦ

556 584 721 656 igitur
751 578 1062 653 propositis,
1097 568 1308 631 modico
1339 585 1533 638 nempe
1576 565 1948 622 emolumento
2000 577 2122 617 cum

2276 559 2371 613 ετὰ
2396 556 2610 620 ἀδικίας
2631 571 2644 584 ·
2692 553 2997 623 Κρεῖονονον
3029 551 3237 622 ὀλίγον
3276 548 3358 615 τῷ
3398 547 3607 614 δικαίῳ
3659 546 3851 614 ὑπὲρ

552 637 787 748 iustitia,
820 637 875 727 et
906 637 1101 740 magno
1127 680 1250 721 cum
1288 659 1592 733 injustitia:
1619 652 1806 711 Melius
1847 663 1921 708 est
1952 651 2122 707 modi-

2276 649 2500 705 λοῦτον
2542 645 2906 717 ἁμαρτωλῶν
2958 644 3178 698 πολύν.
3225 642 3453 712 ’Ἰδωμεν
3497 640 3573 694 es.
3610 639 3709 693 καὶ
3770 637 3851 692 τὸ

557 726 675 821 cum
695 766 842 835 justo
871 765 980 831 prae
1004 757 1197 812 divitiis
1229 763 1567 825 peccatorum
1587 748 1790 801 multis.
1825 744 2115 799 Videamus

2276 739 2675 812 νακεχωρηκός.
2711 736 2978 810 Κρεῖσσόν
3018 737 3134 788 ὲστι
3163 733 3354 787 πιστὸν
3396 731 3612 801 ἰδιώτην
3654 726 3850 791 εἶναι,

559 822 741 912 autem
771 862 825 909 et
843 822 986 924 quod
1015 851 1137 905 inde
1156 822 1428 903 remotius
1451 843 1752 898 derivatum
1776 846 1879 895 est.
1903 836 2131 891 Przestat

2276 834 2356 888 ὒδὲ
2378 830 2587 897 ἀνοῖξαι
2608 831 2669 885 τὸ
2692 831 2863 902 στόμα
2882 828 3199 899 δυνάμενον,
3221 825 3254 897 ἢ
3273 824 3521 878 πλουτεῖν
3558 822 3640 893 τῷ
3674 822 3849 891 λόγῳ

560 948 767 1003 ﬁdelem
791 914 1011 1000 idiotam
1038 954 1179 1005 esse,
1215 952 1314 992 nec
1342 934 1614 990 valentem
1640 946 1703 986 os
1728 930 2131 1000 aperire,quam

2276 923 2564 999 προφορικῷ
2594 925 2689 979 καὶ
2713 926 2823 987 τοῖς
2859 921 3175 994 μαθήμασιν
3197 922 3255 973 ὲν
3286 916 3451 988 κακίᾳ
3472 917 3507 988 ἢ
3533 914 3808 985 ἀπιστίᾳ.

558 1045 822 1100 ditescere
848 1050 1105 1093 sermone
1135 1032 1375 1088 facundo
1401 1040 1456 1085 et
1477 1027 1783 1099 disciplinis
1820 1026 1875 1080 in
1904 1023 2122 1094 ﬂagitiis
2150 1033 2207 1079 et
2250 1023 2596 1077 inﬁdelitate.

2234 1114 2383 1185 Στίχ.
2427 1113 2512 1179 ιζ’.
2557 1112 2686 1193 ’ρτι
2722 1112 3059 1193 βραχίονες
3074 1103 3848 1193 ’ἀμαρτωέιῶησυντριςῖή-

2309 1177 2554 1239 ὀνονταιο
2594 1177 2978 1251 ὑποστηρίζει
3023 1180 3092 1235 δὲ
3134 1177 3275 1244 τοὺς
3321 1177 3592 1242 δικαίους
3628 1177 3848 1229 ό⁴Κύ-

2303 1272 2457 1325 ριος.
3336 1274 3341 1279 ~

2323 1347 2448 1400 Ἐὰν
2482 1346 2599 1417 ἴδῃς
2619 1344 2710 1399 τὸν
2746 1342 2895 1398 τόνον
2929 1341 3023 1396 καὶ
3041 1341 3139 1413 τὴν
3161 1340 3389 1412 δύναμιν
3420 1335 3843 1409 συντετριμμέ-

2237 1457 2336 1510 νην
2365 1436 2460 1493 τοῦ
2492 1434 2744 1500 ἀσεϐοῦς,
2785 1433 2924 1487 ὥστε
2972 1432 3046 1505 μὴ
3076 1430 3334 1486 δύνασθαι
3384 1429 3546 1482 αὐτὸν
3582 1430 3846 1481 ἐκτεῖναι

555 1548 781 1605 bonam,
812 1541 1051 1597 contrita
1072 1535 1220 1591 enim
1255 1542 1380 1598 est;
1413 1531 1625 1586 videbis
1661 1527 1941 1598 impletum
1975 1525 2131 1590 illud,

2276 1531 2336 1604 ὴν
2369 1531 2527 1601 χεῖρα
2559 1527 2652 1580 ἐπὶ
2707 1522 2904 1597 πρᾶξιν
2938 1520 3149 1593 ἀγαθὴν
3187 1518 3667 1605 ςσυντετριμμένη
3716 1517 3841 1592 γάρ

557 1639 793 1695 Brachia
822 1643 1154 1704 peccatorum
1200 1634 1554 1682 conterentur.
1606 1622 1778 1678 Porro
1800 1621 1891 1691 qui
1947 1627 2134 1674 conte-

2276 1595 2631 1691 στιν),”δψει,
2663 1595 3130 1686 ὅτιήπεπλήρωται
3158 1595 3216 1664 τό
3235 1626 3248 1640 ο
3278 1609 3604 1679 Βραχίονες
3634 1610 3844 1679 ἁμαρ-ο

563 1730 655 1792 rit.
689 1699 935 1783 diabolus
981 1730 1085 1777 est.
1134 1718 1396 1787 Equidem
1437 1714 1617 1771 omnis
1662 1713 1824 1768 homo
1885 1711 2135 1765 inﬁrmus

2276 1712 2445 1767 ωλών
2461 1708 2989 1778 συντριϐήσονται.
3039 1705 3096 1757 Ὀ
3122 1703 3179 1757 δὲ
3203 1700 3523 1774 συντρίϐων,
3572 1702 3601 1754 ὁ
3641 1699 3842 1754 διάδο-

561 1833 648 1877 est
683 1862 698 1884 ,
728 1830 782 1875 et
816 1826 1079 1888 quantum
1132 1811 1189 1867 in
1238 1824 1297 1865 se
1323 1818 1406 1863 est
1462 1807 1808 1869 succumbit,
1861 1804 2134 1870 habetque

2276 1808 2330 1871 ός
2358 1808 2493 1858 ἐστι.
2559 1803 2674 1867 Πᾶς
2740 1800 2919 1864 μέντοι
2974 1796 3258 1869 ἄνθρωπος
3311 1794 3575 1865 ἀσθενὴς,
3624 1793 3722 1846 καὶ
3771 1792 3844 1847 τδ

564 1928 701 1983 opus
731 1908 1076 1967 suti'ulciente
1107 1905 1385 1969 cadentes,
1408 1909 1502 1955 aut
1526 1899 1845 1954 restituente
1873 1896 2133 1967 dejectos.

2276 1915 2361 1952 σον
2384 1895 2467 1965 ἐφ’
2497 1892 2674 1964 ἑαυτῷ
2705 1889 3060 1951 καταπίπτει,
3089 1887 3182 1941 καὶ
3228 1885 3405 1938 δέεται
3464 1882 3558 1937 τοῦ
3587 1883 3843 1963 9mm-

630 1154 693 1208 V.
724 1154 808 1208 17.
836 1150 974 1218 Quia
1000 1147 1214 1203 brachia
1257 1152 1589 1218 peccatorum
1618 1140 2013 1218 confringentur
2041 1154 2060 1191 :

897 1221 1130 1290 suﬁ'ulcit
1161 1212 1280 1273 vero
1313 1218 1485 1285 iustos
1522 1212 1798 1267 Dominus.

628 1360 688 1415 Si
723 1359 910 1414 videas
958 1357 1067 1409 vim
1113 1363 1168 1409 et
1211 1349 1528 1405 facultatem
1581 1344 1731 1414 impii
1788 1342 2085 1399 contritam
2114 1379 2130 1406 ,

557 1457 691 1509 adeo
715 1461 773 1507 ut
802 1447 1171 1520 nequeatipse
1202 1456 1420 1498 manum
1455 1440 1732 1510 porrigere
1762 1437 1828 1491 ad
1861 1435 2130 1490 actionem

2243 1991 2484 2064 ρίζοντος
2515 1987 2645 2051 τοὺς
2672 1984 3139 2047 καταπίπτοντας,
3182 1980 3277 2033 καὶ¹
3313 1976 3669 2049 ἁνορθοῦντος
3698 1977 3842 2040 τοὺς

2239 2080 2739 2154 κατεῤῥαγμένους.

568 2181 637 2239 V.
670 2179 762 2235 21.
796 2175 1098 2232 Feneratur
1127 2177 1392 2254 peccator,
1425 2174 1475 2219 et
1520 2181 1625 2219 non
1657 2162 1854 2224 solvet;
1884 2167 1936 2212 at
1961 2157 2141 2227 justus
2242 2177 2389 2247 Στεχ-
2422 2180 2528 2229 και.
2560 2172 2889 2233 Adﬁxam
2916 2173 2948 2225 δ
2981 2167 3347 2239 ἁμαρτωλὸς,
3371 2163 3467 2219 καὶ
3504 2161 3843 2217 οὐκάποτι.

1096 2251 1375 2296 "marem"
1420 2247 1468 2291 ει
1500 2239 1612 2290 dlu-
2370 2262 2505 2296 σει·
2550 2248 2582 2296 ό
2612 2243 2679 2296 δὲ
2706 2243 2939 2296 δίκαιος
2980 2240 3253 2296 οὶκτείρει
3291 2236 3392 2290 καὶ
3435 2234 3704 2288 δίδωσιν.

2370 2262 2470 2300 σει
2492 2262 2505 2274 ·
2550 2248 2582 2298 ὀ
2612 2243 2679 2296 δὲ
2706 2243 2939 2308 δίκαιος
2980 2234 3253 2307 οἷκίείρει
3291 2236 3392 2290 καὶ
3435 2234 3704 2288 δίδωσιν.

637 2338 955 2399 Sublimiori
997 2331 1449 2406 interpretatione
1479 2346 1493 2382 :
1553 2325 1781 2394 Quando
1811 2323 1970 2378 docet
2002 2317 2145 2372 Pau-

570 2438 793 2500 lus,aut
817 2432 995 2502 quivis
1027 2428 1166 2482 alius
1209 2436 1488 2480 sacrorum
1546 2417 1946 2475 institutorum,
1983 2410 2148 2463 audi-

572 2541 717 2585 tores
749 2501 1064 2580 fenerantur
1096 2526 1376 2587 argentum
1416 2511 1703 2581 probatum
1745 2521 1841 2561 ore
1870 2504 2048 2559 Pauli.
2081 2501 2143 2555 Et

567 2622 748 2695 justus
779 2615 1000 2688 quidem
1034 2609 1211 2663 reddit
1242 2618 1460 2668 usuras,
1487 2611 1541 2655 et
1577 2600 1710 2653 dicit
1737 2615 1751 2650 :
1784 2596 1966 2650 Mnam
1991 2594 2147 2648 dedi-

573 2687 641 2767 sti
669 2708 817 2773 mihi,
852 2719 969 2759 ecce
997 2702 1174 2754 decem
1222 2711 1372 2750 muas
1411 2692 1513 2762 feci
1546 2690 1615 2745 ⁸⁸.
1655 2687 1899 2757 Quinque
1947 2689 2149 2739 talenta

576 2799 793 2863 dedisti,
823 2811 938 2850 ecce
964 2793 1129 2847 habeo
1160 2789 1334 2843 decem
1377 2785 1444 2840 ⁸³.
1475 2784 1741 2839 Peccator
1769 2792 1904 2834 vero
1934 2778 2148 2845 impen-

579 2893 658 2949 dit
686 2888 893 2947 omnia.
923 2884 1038 2940 Non
1072 2883 1200 2938 licet
1220 2880 1471 2936 fenerare
1500 2890 1618 2942 sua,
1651 2874 1703 2929 id
1745 2881 1827 2928 est
1856 2872 2049 2927 docere
2072 2869 2150 2923 si-

2325 2337 2685 2410 Ὑψηλότερον
2710 2334 2768 2388 δέ
2787 2352 2799 2364 ·
2828 2332 2998 2388 ’Όταν
3024 2331 3250 2404 διδάσκῃ
3273 2328 3505 2391 Παῦλος,
3532 2327 3567 2397 ἦ
3598 2342 3684 2387 τις
3707 2323 3837 2378 ἐτε-

2247 2450 2338 2505 ρος
2375 2430 2482 2483 τῶν
2513 2427 2675 2501 ἱερῶν
2721 2424 3117 2499 μυσταγωγῶν,
3145 2424 3197 2477 οἱ
3249 2419 3515 2493 ἀκροαταὶ
3554 2416 3838 2481 δανείζονο

2245 2541 2336 2577 ται
2361 2521 2422 2575 τὸ
2445 2520 2665 2591 δόκιμον
2687 2518 2948 2592 ἀργύριον
2984 2516 3063 2590 τῷ
3097 2516 3327 2586 στόματι
3356 2510 3593 2567 Παύλου.
3641 2509 3757 2563 Καὶ
3807 2507 3840 2559 ό

2252 2616 2349 2686 μὲν
2390 2612 2594 2675 δίκαιος
2626 2610 2915 2665 ἀποδίδωσι
2936 2609 3062 2672 τοὺς
3093 2607 3304 2669 τόκους,
3332 2604 3428 2659 καὶ
3459 2602 3627 2670 λέγει’
3651 2596 3836 2654 Μνᾶν

2242 2727 2347 2779 μοι
2384 2707 2638 2771 ἔδωκας,
2677 2703 2804 2758 ἰδοὺ
2832 2701 2977 2757 δέκα
2995 2699 3156 2772 μνᾶς
3193 2700 3470 2767 ἐποίησα.
3506 2696 3697 2749 Πέντε
3726 2690 3846 2746 τά·

2249 2805 2447 2857 λαντα
2477 2798 2723 2864 ἔδωκας,
2755 2794 2883 2849 ἰδοὺ
2918 2794 3038 2865 ἔχω
3089 2792 3252 2848 δέκα.
3292 2790 3352 2845 Ὃ
3402 2788 3458 2842 δὲ
3510 2785 3840 2859 ἁμαρτωλὸς

597 2893 658 2948 lit
686 2888 893 2947 omnia.
923 2884 1038 2940 Non
1072 2883 1200 2938 licet
1220 2880 1471 2936 fenerare
1500 2890 1618 2942 sua,
1651 2874 1703 2929 id
1745 2881 1827 2928 est
1856 2874 2049 2927 docere
2072 2874 2150 2923 si-
2251 2891 2533 2948 ἀναλίσκει
2568 2889 2765 2943 πάντα.
2794 2886 2909 2942 οὒκ
2950 2884 3127 2951 ἔξεστι
3176 2880 3441 2948 δανείζειν
3491 2879 3564 2933 ,τὰ
3613 2874 3838 2941 ἑαυτοῦ,

579 2980 675 3042 ent
704 2980 945 3038 haeretici
974 2997 989 3033 :
1020 2977 1114 3031 sed
1144 2976 1237 3031 Dei
1271 2982 1556 3044 argentum
1588 2968 1905 3039 probatum,
1961 2979 2152 3035 quent-

2276 3004 2371 3059 ιτοι
2406 2984 2681 3039 διδάσκειν
2700 2982 2775 3046 ὡς
2802 2982 2850 3034 oi
2874 2977 3142 3052 αἱρετικοί
3159 2996 3172 3009 ·
3205 2976 3340 3030 ἀλλὰ
3364 2975 3424 3028 τὸ
3449 2971 3543 3027 τοῦ
3573 2969 3709 3025 Θεοῦ
3733 2970 3841 3041 ἁρ-

584 3074 875 3131 admodum
908 3070 1000 3142 qui
1029 3068 1161 3124 dicit
1189 3081 1204 3121 :
1260 3064 1353 3119 Vel
1383 3062 1798 3133 experimentum
1823 3056 2064 3129 quaeritis
2094 3055 2150 3109 in

2276 3055 2439 3151 Ldptov
2459 3077 2518 3131 τὸ
2541 3075 2785 3144 δόκιμον,
2819 3072 2895 3136 ὼς
2920 3074 2947 3126 ό
2964 3070 3137 3141 λέγων
3157 3088 3170 3100 ’
3204 3071 3273 3124 Ἢ
3312 3063 3577 3136 δοκιμὴν-ι
3618 3060 3845 3129 ζητεῖτε

582 3185 663 3223 me
689 3165 949 3237 loquentis
998 3160 1199 3216 Christi
1226 3158 1316 3211 “‘l
1367 3154 1719 3211 Restituenda
1743 3165 1876 3206 vero
1900 3157 1985 3206 est
2031 3162 2150 3203 sors

2276 3170 2360 3224 τοῦ
2394 3170 2464 3224 ἐν
2525 3169 2653 3237 ἐμοὶ
2695 3165 3034 3231 λαλοῦντος
3085 3159 3378 3233 Χριστοῦ;
3434 3155 3748 3212 Ἀποδοτέον
3783 3153 3846 3207 δὲ

583 3185 663 3223 me
689 3182 949 3237 loquentis
998 3182 1199 3216 utris"
1226 3182 1273 3191 "'
1299 3182 1312 3211 Ξ
1367 3182 1719 3211 ιὶῠειιιυῦιιιιᾱ
1750 3182 1876 3206 νςιυ
1900 3182 1985 3206 cas
2031 3182 2150 3203 avsa

583 3276 705 3316 eum
734 3272 899 3313 usura
929 3270 996 3310 ex
1029 3252 1142 3306 vita
1171 3262 1225 3306 et
1253 3250 1516 3305 moribus.
1545 3244 1821 3314 Alioquin,
1846 3241 2039 3297 melius
2067 3248 2153 3294 est

2276 3189 2360 3224 rov
2394 3182 2464 3224 εν
2525 3182 2653 3240 ἐμοὶ
2695 3182 3034 3231 λαλουντος
3085 3182 3378 3233 Αριστουῖ
3447 3182 3748 3212 innocuum
3783 3182 3844 3207 us

2276 3260 2397 3314 ιετὰ
2420 3259 2579 3313 τόκου
2627 3259 2693 3310 ὲκ
2730 3253 3002 3317 πολιτείας
3031 3253 3126 3306 καὶ
3155 3250 3405 3323 πράξεως
3430 3247 3490 3300 τὸ
3522 3244 3844 3313 κεφάλαιον.

584 3350 807 3409 omnino
830 3363 934 3403 non
983 3344 1243 3411 fenerari,
1281 3341 1584 3413 praesertim
1615 3353 1738 3408 quin
1764 3349 1890 3393 sunt
1913 3338 1981 3391 de
2011 3349 2151 3404 penu

2276 3355 2322 3408 Ξί
2356 3353 2411 3406 δὲ
2447 3352 2545 3424 μὴ,
2575 3349 2821 3422 κρεῖττόν
2850 3348 2966 3400 ἐστι
3010 3345 3108 3417 τὴν
3136 3341 3309 3415 ἀρχὴν
3347 3339 3420 3411 μὴ
3465 3333 3843 3399 δανείσασθαι,

589 3442 890 3510 Dominico,
918 3454 1077 3511 quam
1117 3449 1178 3493 ut
1204 3443 1428 3509 pereant
1460 3449 1557 3504 per
1592 3447 1690 3487 nos
1728 3429 1871 3500 regis
1895 3441 2046 3495 opes.

585 3620 654 3676 Υ.
687 3618 778 3673 22.
816 3616 1081 3683 Quoniam
1130 3613 1488 3669 benedicentes
1542 3609 1703 3683 illum
1772 3604 2157 3683 hmreditabunt

665 3674 909 3812 territi-ri;
962 3688 1052 3757 qui
1103 3701 1222 3740 vero
1265 3685 1415 3737 illum
1442 3681 1785 3744 maledicunt,
1813 3692 2030 3747 prorsus
2075 3674 2160 3728 in-

659 3775 755 3814 teri
798 3770 911 3814 unt.

665 3850 855 3906 Simile
879 3857 964 3904 est
990 3849 1038 3903 ei
1067 3845 1210 3916 quod
1256 3845 1490 3900 Abrahae
1531 3843 1733 3898 dictum
1763 3849 1890 3895 est:
1936 3835 2162 3892 Benedi-

593 3954 764 4001 centes
826 3950 874 3994 te
923 3937 1253 3998 benedicam,
1310 3944 1357 3988 et
1413 3932 1778 3987 maledicentes
1828 3938 1879 3983 te
1937 3925 2163 3980 maledi-

596 4050 711 4089 cam
739 4033 808 4085 ⁸⁸.
854 4031 1041 4100 itaque
1073 4030 1120 4082 si
1173 4028 1315 4082 Deus
1368 4024 1693 4080 misereatur
1740 4031 1796 4076 et
1839 4021 2025 4086 donet,
2071 4016 2163 4087 qui

595 4132 817 4194 propter
853 4121 954 4176 hoc
980 4118 1285 4185 gloriﬁcant
1310 4113 1614 4178 illum,sive
1636 4111 1980 4175 benedicunt,
2004 4116 2165 4165 erunt

597 4216 843 4273 haaredes
877 4212 1161 4284 promissa:
1189 4209 1393 4265 sanctis
1429 4217 1610 4271 terrae,
1658 4204 2038 4273 aceipientque
2061 4210 2167 4256 ter-

600 4324 716 4365 ram
759 4308 957 4362 bonam
985 4314 1041 4359 et
1075 4303 1324 4367 multam,
1355 4314 1475 4370 quae
1512 4312 1619 4353 non
1651 4294 1827 4350 centri
1858 4300 1951 4346 aut
1983 4290 2169 4362 puncti

602 4401 875 4456 rationem
915 4396 1136 4451 habeat.
1192 4391 1501 4448 Periculum
1562 4396 1653 4443 est
1708 4400 1833 4442 vero
1864 4386 1988 4439 dum
2022 4384 2171 4454 justo

606 4490 1007 4555 maledicimus,
1034 4503 1102 4543 ne
1122 4498 1425 4543 extremum
1447 4482 1742 4537 subeamus
1767 4477 2066 4532 interitum.
2083 4477 2173 4529 Ait

602 4586 806 4655 quippe
836 4582 904 4636 ad
945 4581 1148 4651 justum
1183 4577 1481 4632 Dominus:
1519 4573 1766 4629 Hostiam
1796 4569 1968 4623 hostes
2007 4578 2124 4620 mos
2150 4606 2167 4631 ,
2203 4577 2245 4632 ι)

600 4688 648 4734 et
677 4694 743 4732 ea:
791 4673 1011 4729 adverso
1044 4673 1285 4728 resistam
1318 4665 1636 4722 adversariis
1687 4662 1792 4717 tuis
1825 4660 1892 4714 ⁸⁸.
1927 4661 1992 4714 Et
2028 4660 2169 4714 sicut

602 4768 756 4832 dicit,
799 4765 957 4819 Hunc
980 4764 1216 4826 nutristi,
1259 4777 1340 4814 me
1363 4757 1580 4813 nutristi
1609 4754 1687 4821 '7;
1725 4755 1798 4808 ita
1830 4762 2171 4819 consequens

603 4868 723 4916 erat
756 4868 816 4913 ut
838 4857 1045 4911 diceret
1076 4872 1089 4908 :
1127 4853 1263 4908 lluic
1289 4850 1633 4908 conviciatus
1663 4861 1744 4915 es,
1776 4843 1913 4900 mibi
1948 4858 2008 4899 es
2035 4856 2172 4896 con-

606 4954 858 5007 \‘icialus.
890 4945 1215 5002 Maledicunt
1242 4959 1371 5000 vero
1411 4944 1602 5008 Deum,
1645 4940 1735 5011 qui
1769 4952 1876 4993 non
1904 4941 2173 4990 noverunt

608 5046 778 5110 ilium,
806 5054 861 5098 et
886 5040 1103 5112 quidem
1132 5039 1395 5093 adversus
1429 5037 1659 5107 gloriam
1683 5033 1804 5103 ejus
1828 5029 2173 5099 blasphemas

609 5137 902 5191 identidem
931 5131 1276 5202 prolerentes
1297 5143 1459 5183 voces
1486 5169 1502 5194 ,
1538 5143 1712 5198 usque
1739 5127 1874 5181 adeo
1903 5132 1960 5177 ut
1986 5134 2053 5175 ne
2084 5134 2174 5174 su-

610 5230 847 5282 stineant
872 5226 1089 5297 quidem
1116 5238 1213 5293 pro
1234 5221 1430 5292 quibus
1454 5219 1710 5277 cumulati
1731 5227 1858 5273 sunt
1896 5212 2176 5271 beneﬁciis

612 5332 771 5388 agere
804 5317 881 5372 illi
930 5315 1160 5388 gratias.
1212 5312 1491 5369 Christum
1544 5312 1709 5382 igitur
1738 5319 1925 5381 gentes
1957 5303 2178 5361 benedi-

613 5417 768 5473 cunt,
804 5418 1090 5479 propterea
1127 5404 1450 5463 haereditant
1477 5417 1743 5474 regnum;
1783 5410 1838 5456 at
1865 5398 2035 5454 Judaei
2064 5396 2181 5453 bla-

613 5505 959 5570 sphemantes
979 5502 1151 5566 illum,
1179 5501 1233 5555 in
1261 5507 1521 5554 internum
1562 5496 1900 5565 dispereunt.

722 5678 768 5710 "
794 5676 929 5731 Luc.
963 5690 1076 5735 XIX.
1111 5673 1199 5728 16.

616 5749 663 5784 ⁸⁷
695 5749 1024 5811 ΜειιιΙι.ΧΧν,
1057 5744 1149 5811 57,
1178 5742 1269 5797 40.

690 5820 798 5891 (75)
827 5815 1021 5891 Κύριλο

690 5888 804 5960 (74)
845 5888 1017 5958 Ὠριγ.

1306 5672 1352 5705 ⁸³
1380 5669 1567 5725 Matth.
1608 5682 1738 5733 xxv,
1795 5663 1886 5720 20.

1994 5662 2041 5695 ³³
2079 5660 2121 5716 Π
2161 5659 2285 5724 COI‘.
2329 5659 2447 5735 κίιι,
2483 5674 2537 5726 5.

2264 3446 2498 3519 μάλιστα
2544 3443 2612 3497 τὰ
2644 3440 2738 3494 τοῦ
2777 3439 3010 3511 ταμείου
3039 3436 3133 3492 τοῦ
3180 3430 3481 3507 Κυριακοῦ,
3511 3430 3545 3502 ἢ
3577 3427 3847 3483 ἀπολέσαι

2259 3538 2330 3591 τὰ
2348 3535 2441 3590 τοῦ
2470 3532 2733 3607 βασιλέως
2776 3531 3049 3602 χρήματα.

2264 3628 2416 3698 Στίχ.
2439 3605 2542 3679 κδ’.
2581 3624 2706 3698 "Qu
2745 3617 3218 3698 ol_si’g.loroz7we;
3261 3605 3850 3698 αὺτόνΙκᾼηροζοιξή-

2334 3679 2519 3751 θέουσι
2569 3692 2719 3763 γῆν*
2759 3695 2814 3746 οἱ
2861 3689 2930 3744 δὲ
2973 3679 3373 3758 καταρώμενοι
3407 3682 3594 3736 αὑτὸν
3633 3679 3845 3743 ἐξολο-

2336 3774 2436 3835 θρε
2444 3763 2785 3831 υθήσονται.

2340 3861 2453 3928 (Ἱό)
2486 3859 2712 3928 Ὅμοιον
2755 3851 2834 3925 τῷ
2863 3849 3137 3925 εἰρημένῳ
3177 3846 3314 3920 πρὸς
3360 3842 3641 3916 Ἀὁραάμο
3693 3839 3844 3905 Τοὺς

2267 3946 2674 4020 εὐλογοῦντάς
2697 3961 2770 4001 σε
2799 3943 3134 4013 εὐλογήσω,
3170 3941 3269 3996 καὶ
3319 3937 3461 4003 τοὺς
3514 3930 3852 4002 καταρωμέ.

2270 4060 2418 4109 νους
2447 4057 2522 4095 σε
2550 4036 2974 4108 καταράσομαι.
3005 4032 3232 4095 Οὐκοῦν,
3256 4031 3305 4084 εί
3333 4032 3362 4085 ό
3393 4029 3523 4092 Θεὸς
3550 4028 3633 4098 εῐη
3656 4028 3685 4081 ό
3713 4038 3852 4078 κατ-

2273 4135 2554 4206 οικτείρων
2599 4131 2695 4185 καὶ
2743 4130 2956 4193 διδοὺς,
3006 4129 3054 4180 οἱ
3109 4122 3509 4193 δοξολογοῦντες
3558 4115 3722 4172 αὐτὸν
3761 4114 3850 4169 διὰ

2272 4226 2449 4293 τοῦτο,
2488 4226 2653 4298 ἡγουν
2693 4220 3073 4291 εὐλογοῦντες,
3137 4218 3349 4272 ἔσονται
3385 4211 3714 4284 κληρονόμοι
3749 4207 3856 4277 τῆς

2276 4297 2688 4391 ἐπηγγελμένης
2711 4316 2824 4377 τοῖς
2857 4311 3031 4382 ἁγίοις
3052 4310 3176 4380 γῆς,
3202 4308 3298 4362 καὶ
3325 4305 3584 4377 λήψονται
3624 4299 3723 4371 τὴν
3747 4297 3855 4367 γῆν

2277 4412 2488 4483 ἀγαθὴν
2512 4410 2608 4464 καὶ
2629 4410 2729 4480 τὴν
2767 4407 2990 4477 πολλὴν,
3021 4405 3120 4477 τὴν
3145 4404 3206 4456 οὐ
3232 4400 3458 4470 κέντρου
3483 4397 3580 4451 καὶ
3618 4391 3856 4464 σημείου

2276 4506 2433 4575 λόγον
2457 4504 2706 4575 ἔχουσαν.
2737 4498 2850 4570 (74)
2886 4496 3141 4559 Κίνδυνος
3179 4494 3235 4546 δὲ
3266 4496 3324 4545 ὲν
3340 4489 3416 4560 τῷ
3435 4486 3679 4558 κατάραν
3699 4484 3852 4554 ἡμᾶς

2275 4573 2576 4666 τιθέναιτῷ
2602 4592 2793 4663 δικαίῳ
2831 4589 3053 4660 ὀλέθρου
3091 4584 3186 4639 τοῦ
3232 4583 3486 4654 ἐσχάτου.
3539 4579 3703 4647 Λέγει
3742 4573 3856 4647 γὰρ

2277 4689 2414 4762 πρὸς
2442 4688 2533 4741 τὸν
2563 4685 2767 4739 δίκαιον
2792 4685 2821 4738 ὁ
2852 4681 3054 4754 Κύριος
3071 4697 3085 4712 ο
3124 4679 3180 4732 Ἐ
3185 4677 3454 4750 χθρεύσω
3482 4671 3605 4738 τοῖς
3618 4666 3859 4740 ἐχθροῖς

2278 4755 2417 4835 σου,
2447 4773 2543 4829 καὶ
2566 4773 2963 4841 ἀναϐήσομαι
2980 4768 3103 4835 τοῖς
3124 4764 3551 4835 ἀντικειμένοις
3588 4776 3707 4813 σοι.
3747 4755 3859 4810 Καὶ

2279 4868 2467 4939 ὥσπερ
2493 4866 2662 4936 λέγει·
2698 4866 2916 4921 Τοῦτον
2943 4864 3222 4934 ἔθρεψας,
3248 4857 3353 4929 ἐμὲ
3379 4857 3653 4925 ἔθρεψας·
3686 4849 3860 4911 οὕτως

2278 4957 2573 5014 ἀκόλουθον
2617 4959 2791 5012 εἰπεῖν
2818 4973 2833 4986 '
2869 4954 3069 5008 Τοῦτον
3115 4951 3481 5023 ὲλοιδόρησας,
3529 4943 3629 5016 ἐμὲ
3664 4940 3861 4995 ἐλοιδό-

2280 5069 2476 5125 ρησας.
2512 5051 2878 5123 Καταρῶνται
2902 5048 2959 5102 δὲ
3003 5046 3138 5101 θεὸν
3188 5046 3239 5098 οἱ
3300 5043 3375 5114 μὴ
3415 5039 3613 5102 εἰδότες
3648 5033 3856 5125 αὐτὸν,

2281 5121 2572 5197 καὶταῦτα
2598 5121 2695 5212 τῆς
2734 5137 2899 5193 αὑτοῦ
2939 5135 3098 5205 δόξης
3138 5133 3297 5188 πάλιν
3342 5124 3713 5212 φήμουςῗ(75)ῌ
3746 5121 3858 5175 ἐσθ’

2281 5235 2370 5289 ὅτε
2394 5209 2708 5306 ῥιπτοῦντες
2737 5228 2942 5301 φωνὰς,
2975 5227 3111 5300 πρὸς
3146 5227 3206 5279 τὸ
3252 5223 3386 5296 μηδὲ
3415 5219 3501 5289 ἐφ’
3544 5211 3626 5280 οἷς
3655 5209 3716 5268 εὖ
3764 5229 3861 5265 πε-

2285 5327 2544 5382 πόνθασιν
2590 5324 2877 5395 ἀνέχεσθαι
2926 5322 3222 5394 προσάγειν
3286 5314 3433 5385 αὐτῷ
3485 5312 3582 5375 τὰς
3640 5310 3861 5379 εὐχαρι-

2287 5420 2460 5489 στίας.
2493 5416 2723 5487 Χριστὸν
2749 5416 2845 5486 μὲν
2870 5409 2964 5468 οὖν
2995 5409 3275 5480 εὐλογοῦσι
3306 5406 3374 5460 τὰ
3406 5404 3553 5474 ἔθνη,
3602 5398 3685 5455 διὸ
3727 5397 3860 5466 κλη-

2291 5486 2575 5583 ρονομοῦσι
2601 5507 2698 5579 τὴν
2750 5506 3054 5578 βασιλείανο
3092 5502 3333 5558 Ἰουδαῖοι
3366 5498 3443 5564 δὲ,
3489 5486 3861 5567 βλασφημοῦν-

2288 5618 2377 5664 τες
2406 5601 2585 5667 αὐτὸν,
2610 5601 2689 5662 είς
2712 5599 2863 5663 τέλος
2900 5595 3292 5670 ὀλοθρεύονται.

2646 5649 2690 5707 δῖ
2714 5649 2860 5726 ὄςεί
2892 5649 3096 5737 xiii—3‘5.
3135 5649 3169 5651 γ’
3206 5666 3252 5698 ⁸⁸
3280 5662 3420 5721 Psai.
3474 5670 3740 5719 Lxxxvut,
3769 5649 3856 5707 21.

2374 5804 2484 5877 (⁸15)
2519 5805 2739 5877 Βλασφή
2749 5822 2899 5876 μους.
