4012 6340
204 326 309 380 155

201 440 355 507 Στίχ.
391 437 696 524 κγςὶκΠαρὰ
743 436 1058 524 Κυρίουὶτὰ
1101 437 1782 524 δέᾳϐήμιξτααάνρρῴξίου

265 508 728 630 κατὲἕθύνεται·
785 507 882 561 καὶ
919 508 1031 574 τὴν
1087 508 1233 563 ὁδὸν·
1283 507 1472 562 αὐτοῦ
1538 509 1786 576 θελήσει

268 595 359 645 σεο
427 593 533 645 ρα.

266 670 383 741 (76)
401 671 618 741 Ὥσπερ
639 671 766 724 ίδίου
784 671 990 734 παιδὸς,
1014 670 1169 741 φησὶ,
1195 670 1532 742 λαμϐάνεται
1553 669 1654 740 τῆς
1675 687 1786 741 χει-

200 764 288 833 ρὸς
320 763 351 815 ὁ
388 760 553 825 Θεὸς,
590 763 684 814 καὶ
723 761 985 832 ἀποφέρει
1017 761 1155 832 πρὸς
1205 761 1322 814 ὁδὸν
1370 759 1588 814 εὐθεῖαν
1613 801 1628 824 ,
1683 761 1784 813 οὐκ

197 855 378 924 ἀφιεὶς
419 853 583 906 αὐτὸν
640 853 1078 924 σκολιοδρομεῖν,
1131 851 1255 905 οὔτε
1317 852 1423 924 μὴν
1487 852 1784 922 καμπύλας

194 949 466 1002 ποιεῖσθαι
499 949 596 1002 τοῦ
649 947 764 1018 βίου
798 947 897 1011 τὰς
937 946 1197 1018 τροχιὰς·
1246 945 1361 999 ἀλλ’
1409 945 1536 999 εὐθὺ
1581 945 1783 1008 παντὸς

195 1039 330 1092 ξέναι
369 1037 688 1110 πράγματος
717 1036 958 1106 ἀγαθοῦ,
994 1036 1263 1090 διδάσκων
1299 1053 1359 1089 τε
1391 1037 1489 1090 καὶ
1541 1035 1778 1110 ἀπευθύ-

191 1148 298 1184 νων
324 1131 540 1195 αὐτοὺς,
559 1131 700 1184 κατά
724 1148 789 1199 γε
815 1129 875 1182 τό
893 1146 908 1162 σ
939 1127 1303 1197 Ἐκράτησας
1320 1128 1430 1197 τῆς
1451 1127 1649 1198 χειρὸς
1667 1127 1779 1195 τῆς

192 1221 394 1290 δεξιᾶς
408 1241 550 1293 μου,
582 1224 681 1278 καὶ
718 1225 789 1278 ἐν
817 1223 893 1292 τῇ
918 1223 1126 1291 ,βουλῇ
1169 1237 1285 1276 σου
1331 1221 1650 1292 ὼδήγησάς
1682 1239 1774 1289 με.

196 1318 364 1370 Ὅταν
398 1317 578 1388 μέντοι
621 1317 713 1370 τοῦ
749 1316 1036 1389 ἀνθρώπου
1076 1315 1143 1369 τὰ
1183 1315 1494 1387 διαδήματα
1525 1316 1630 1368 ὑπὸ
1665 1317 1778 1368 Κυ-

197 1410 308 1479 ρίου
344 1409 702 1480 κατευθυνθῇ,
747 1411 868 1463 τότε
903 1408 1002 1479 τὴν
1034 1408 1152 1462 ὁδὸν
1190 1407 1354 1462 αὐτοῦ
1397 1408 1633 1480 θελήσει.
1663 1407 1772 1478 (77)

206 1503 524 1572 Ἀμφίδολος
553 1505 587 1574 ή
621 1503 784 1569 λέξις.
828 1503 900 1555 Ἢ
929 1501 1037 1574 γὰρ
1081 1504 1109 1555 ὁ
1149 1500 1354 1573 Κύριος
1383 1500 1476 1554 τοῦ
1509 1500 1774 1554 κατευθυ-

195 1596 412 1664 νομένου
453 1599 564 1658 τοῖς
593 1595 892 1666 διαδήμασι
927 1594 1070 1648 θέλει
1092 1596 1192 1666 τὴν
1218 1595 1357 1658 ὁδὸν,
1395 1595 1490 1648 καὶ
1519 1594 1776 1665 ἀποδέχε-

191 1704 275 1738 ται
303 1687 373 1758 ἣν
399 1690 632 1741 ποιεῖται
657 1687 798 1741 κατὰ
825 1687 914 1739 τὸν
955 1687 1115 1757 νόμον
1159 1686 1386 1758 πορείαν
1406 1726 1420 1748 ,
1452 1685 1539 1755 μὴ
1584 1687 1774 1740 θέλων

1399 320 1766 376 EXCERPTA
1805 321 1872 377 IN
1905 323 2252 380 PSALMOS.

3353 333 3457 390 134

1814 453 1858 510 Α
1889 437 1949 493 ν.
1983 440 2076 494 ‘23.
2099 441 2145 494 A
2173 440 2398 517 Domino
2411 459 2614 517 gressus
2637 445 2860 499 hominis
2886 446 3222 517 diriguntur:
3244 457 3292 502 et
3320 450 3453 504 vium

2347 513 2460 582 ejus
2489 514 2621 567 volet
2657 513 2997 572 vehementer.

1957 665 2239 737 Tanquam
2263 668 2472 739 proprii
2507 667 2623 735 ﬁlii,
2672 670 2786 733 ait,
2819 673 3174 741 apprehendit
3229 690 3452 730 manum

1886 758 2048 823 Deus,
2081 767 2135 813 et
2183 760 2397 814 deducit
2453 761 2518 816 ad
2552 761 2693 815 viam
2722 773 2949 829 rectam,
2976 781 3078 819 non
3111 766 3297 822 sinens
3327 783 3450 821 eum

1882 849 2100 918 oblique
2127 850 2400 915 incedere,
2434 866 2613 920 neque
2645 854 2811 906 etiam
2844 853 3112 912 ﬂexuosas
3150 857 3331 914 facere
3364 861 3450 912 vi-

1884 948 1950 995 ta:
1981 943 2206 999 semitas
2231 963 2246 1000 :
2274 945 2368 999 sed
2394 951 2542 999 recta
2572 959 2801 1016 pergere
2827 947 2880 1000 in
2913 948 3060 1001 omni
3090 965 3252 1014 opere
3279 952 3449 1018 bono,

1881 1036 2080 1090 docens
2129 1045 2185 1091 et
2228 1036 2467 1105 dirigens
2523 1053 2617 1094 eos
2647 1079 2662 1103 ,
2725 1039 2880 1109 juxta
2911 1040 3041 1095 illud
3077 1058 3092 1096 :
3159 1043 3453 1112 Apprehen-

1879 1123 2004 1177 disli
2038 1141 2254 1180 manum
2309 1131 2581 1185 dexteram
2621 1146 2827 1193 meam,
2866 1141 2916 1184 et
2967 1132 3021 1185 in
3053 1131 3323 1188 voluntate
3357 1145 3451 1190 tua

1878 1215 2140 1272 deduxisti
2163 1234 2245 1272 me
2276 1217 2342 1271 ⁸⁸.
2377 1218 2822 1291 Quandocunque
2871 1239 3002 1278 vero
3033 1224 3269 1279 hominis
3302 1242 3452 1295 gres-

1878 1322 1970 1362 sus
2005 1323 2034 1361 a
2086 1308 2318 1364 Domino
2369 1311 2714 1380 diriguntur,
2753 1323 2880 1369 tunc
2929 1317 3072 1369 viam
3120 1311 3239 1385 ejus
3291 1318 3452 1373 volet.

1875 1397 2176 1466 JEquivuca
2229 1417 2356 1456 vox.
2389 1403 2486 1458 Vel
2539 1405 2681 1458 enim
2742 1406 3002 1462 Dominus
3043 1409 3157 1477 ipse
3191 1409 3328 1477 ejus,
3357 1410 3451 1479 qui

1878 1493 2154 1560 gressibus
2199 1495 2470 1565 dirigitur,
2517 1498 2632 1551 vult
2663 1503 2832 1566 viam,
2861 1511 3254 1570 acceptumque
3290 1503 3452 1559 habet

1878 1579 2145 1637 itu-essum
2201 1585 2342 1639 illius
2362 1628 2377 1653 ,
2402 1602 2509 1651 quo
2542 1589 2743 1644 incedit
2771 1592 3069 1646 secundum
3100 1592 3296 1662 legem,
3347 1612 3450 1650 non

1877 1672 2047 1727 volens
2072 1675 2208 1728 viam
2237 1677 2513 1747 impiarum
2535 1682 2603 1745 ⁸⁵,
2634 1683 2747 1736 sive
2775 1684 2991 1754 oblique
3024 1685 3386 1742 incedentium
3429 1704 3446 1742 :

191 1777 335 1832 ὁδὸν
377 1779 633 1844 ἀσεϐῶν,
674 1779 708 1851 ἢ
754 1778 924 1845 λοξῶς
958 1779 1365 1849 πορευομένων·
1414 1777 1448 1848 ἢ
1496 1775 1676 1841 αὐτὸς,
1712 1771 1767 1831 οῦ

1877 1765 1958 1817 vel
1988 1763 2262 1835 ille,cujus
2283 1783 2503 1837 gressus
2521 1787 2548 1824 a
2576 1772 2798 1828 Domino
2819 1776 3151 1845 diriguntur,
3172 1779 3285 1832 vult
3303 1780 3445 1833 viam

185 1873 249 1926 τὰ
276 1873 593 1946 διαδήματα
636 1873 743 1926 ὑπὸ
784 1872 989 1944 Κυρίου
1033 1871 1441 1934 κατευθύνεται,
1487 1869 1630 1922 θέλει
1677 1869 1773 1942 τὴν

179 1965 298 2019 ὁδὸν
338 1967 434 2019 τοῦ
469 1965 698 2037 Κυρίου,
730 1963 1086 2034 γευσάμενος,
1123 1965 1179 2015 ὲν
1220 1961 1297 2031 τῷ
1351 1959 1774 2014 κατευθύνεσθαι

174 2056 358 2110 αὐτοῦ
385 2057 460 2120 ὡς
489 2056 560 2108 τὰ
606 2055 938 2125 διαδήματα,
981 2054 1080 2125 τῆς
1127 2053 1462 2123 γλυκύτητος
1504 2053 1603 2124 τῆς
1633 2051 1774 2106 κατὰ

167 2149 278 2220 τὴν
311 2149 458 2212 ὁδὸν,
485 2141 596 2220 ὲνῇ
626 2145 1009 2217 κατευθυνθείη
1037 2146 1142 2200 ὑπὸ
1172 2147 1399 2215 Κυρίου.
1434 2146 1689 2217 ’Ἄμεινον
1719 2147 1776 2200 δὲ

161 2242 327 2305 ἴσως
351 2243 510 2306 νοεῖν,
539 2241 620 2294 ὅτι
647 2241 676 2292 ὁ
696 2239 899 2310 Κύριος
925 2237 1138 2309 θελήσει
1165 2240 1264 2310 τήν
1293 2238 1409 2291 ὁδὸν
1442 2238 1535 2292 τοῦ
1566 2237 1774 2308 ἀνθρώ-

161 2351 312 2398 που,
370 2333 612 2387 τουτέστι
672 2332 953 2403 ποιήσεται
1005 2328 1236 2401 θελητὴν
1285 2331 1380 2382 καὶ
1431 2330 1767 2396 ἀποδέξεται.

167 2427 404 2496 Ὥσπερ
447 2425 553 2496 γὰρ
599 2422 953 2495 ἀνεθελήτους
991 2421 1102 2493 ἔχει
1142 2421 1242 2485 τὰς
1284 2422 1392 2475 τῶν
1437 2423 1770 2494 παρανόμων

167 2519 356 2582 ὁδοὺς,
388 2516 531 2570 οὕτω
562 2519 796 2570 ποιεῖται
830 2515 1059 2586 θελητάς
1092 2514 1190 2578 τὰς
1218 2514 1328 2567 τῶν
1364 2513 1768 2585 ἀγαθουργούν-

170 2633 310 2667 των.
343 2615 413 2664 Ἥ
438 2612 496 2665 δὲ
521 2611 744 2683 ἀρέσκει
764 2609 900 2680 Θεῷ,
923 2608 1081 2662 τοῦτο
1111 2609 1324 2671 πάντως
1360 2607 1476 2661 ἐστὶ
1507 2608 1598 2659 καὶ
1622 2607 1768 2674 ἐξαί-

178 2721 360 2776 ρετον,
390 2703 486 2756 καὶ
509 2703 706 2767 παντὸς
729 2701 950 2756 ἐπαίνου
977 2700 1192 2772 μεστόν.
1223 2701 1296 2753 Οὐ
1317 2698 1425 2770 γὰρ
1446 2699 1510 2753 ἂν
1536 2699 1766 2769 ἠθέλησε

175 2795 316 2857 Θεὸς
347 2795 410 2847 τὸ
442 2792 516 2864 μὴ
541 2792 714 2857 οὕτως
742 2792 883 2863 ἔχον.
918 2792 986 2846 Oi
1004 2809 1066 2860 γε
1089 2791 1194 2863 μὴν
1229 2790 1337 2844 ἀπὸ
1366 2790 1472 2844 τῶν
1501 2791 1766 2862 αἱρέσεων

176 2886 425 2954 γίνονται
478 2887 574 2957 μὲν
620 2887 677 2938 ὲν
710 2885 1060 2956 διαδήμασιν,
1093 2885 1152 2937 οὐ
1189 2883 1294 2954 μὴν
1337 2882 1768 2953 κατευθυνουμέ-

177 2995 292 3041 νοις
329 2977 439 3030 ὑπὸ
479 2976 706 3045 Κυρίου,
740 2974 877 3029 ἀλλὰ
911 2973 1294 3044 λελοξωμένοις
1330 2971 1435 3024 ὑπὸ
1465 2970 1556 3024 τοῦ
1603 2989 1768 3043 πονη-

183 3067 279 3139 ροῦ
302 3084 314 3100 ·
349 3068 659 3122 ἐκκλίνουσι
688 3067 835 3132 δεξιὰ
870 3068 964 3121 καὶ
991 3065 1274 3138 ἀριστερὰ,
1316 3064 1390 3135 μὴ
1437 3064 1764 3136 ἀρκούμενοι

1879 1857 2128 1924 Domini,
2163 1868 2383 1930 gustans
2430 1862 2553 1915 dum
2601 1864 2946 1934 diriguntur,
2989 1869 3130 1922 sicut
3186 1885 3442 1939 gressus,

1879 1950 2214 2006 dulcedinem
2263 1952 2408 2008 illius
2452 1955 2551 2008 viae
2589 1956 2639 2008 in
2689 1972 2792 2025 qua
2835 1959 3098 2030 dirigatur
3137 1977 3164 2014 a
3197 1961 3444 2018 Domino.

1879 2041 2105 2098 Praestat
2147 2053 2324 2098 tamen
2374 2044 2600 2100 fortasse
2641 2048 2964 2116 intelligere,
3003 2055 3129 2120 quia
3182 2053 3442 2111 Dominus

1880 2137 2022 2191 volet
2067 2138 2209 2190 viam
2243 2136 2501 2202 hominis,
2537 2139 2591 2191 id
2630 2148 2712 2193 est
2739 2150 2949 2208 gratam
2974 2141 3166 2198 eﬂiciet
3200 2155 3254 2200 et
3286 2162 3446 2202 acce-

1875 2239 2024 2299 ptam
2059 2229 2308 2287 habebit.
2347 2230 2502 2284 Sicut
2528 2230 2671 2284 enim
2707 2231 2972 2286 voluntati
3005 2250 3115 2289 suae
3145 2225 3446 2292 contrarias

1876 2323 2037 2380 habet
2063 2324 2176 2378 vias
2200 2323 2705 2393 praevaricatorum,
2740 2324 2816 2378 ita
2841 2336 3092 2394 acceptas
3121 2342 3230 2382 sure
3258 2329 3447 2382 volun-

1876 2416 1970 2468 tati
2007 2414 2168 2470 eﬂicit
2188 2416 2412 2471 semitas
2445 2420 2719 2488 agentium
2749 2419 2910 2474 bona.
2939 2420 3091 2486 Quod
3118 2430 3297 2474 autem
3332 2419 3450 2490 pla-

1871 2518 1954 2561 cet
1988 2508 2115 2573 Deo,
2147 2508 2252 2564 hoc
2291 2511 2513 2564 omnino
2543 2513 2707 2566 etiam
2756 2511 3032 2568 excellens
3060 2521 3177 2580 est,
3220 2521 3273 2568 et
3300 2515 3450 2569 omni

1869 2597 2025 2654 laude
2049 2601 2404 2656 cumulatum.
2435 2601 2549 2658 Non
2605 2606 2751 2658 enim
2802 2618 3086 2673 acceptum
3115 2614 3261 2660 esset
3314 2607 3446 2674 Deo,

1870 2691 2010 2759 quod
2044 2692 2147 2748 tale
2173 2708 2276 2748 non
2312 2704 2475 2750 esset.
2516 2694 2768 2751 Haeretici
2800 2712 2962 2766 porro
2992 2706 3117 2752 sunt
3140 2698 3357 2766 quidem
3389 2695 3445 2752 in

1869 2785 2166 2854 gressibus,
2197 2802 2301 2840 non
2336 2796 2514 2842 tamen
2545 2789 2770 2844 directis
2801 2805 2829 2844 a
2877 2789 3112 2844 Domino
3137 2829 3152 2854 ,
3190 2789 3284 2844 sed
3309 2803 3445 2844 con-

1871 2875 2028 2930 tortis
2073 2889 2102 2928 a
2139 2875 2409 2947 maligno;
2443 2876 2715 2933 declinant
2763 2879 2829 2932 ad
2871 2879 3149 2934 dexteram
3201 2888 3254 2934 et
3300 2857 3440 2934 sini;

1869 2977 2059 3031 stram,
2094 2983 2198 3023 non
2247 2971 2490 3025 contenti
2539 2970 2771 3040 simplici
2821 2969 2954 3037 ﬁde;
2991 2970 3292 3040 cogitantes
3317 2971 3441 3038 qui-

1870 3062 1986 3113 dem
2026 3059 2367 3132 profundius,
2402 3077 2499 3116 nec
2530 3072 2706 3118 tamen
2759 3061 2960 3117 verius.
3001 3063 3245 3130 Quorum
3294 3063 3438 3116 viam

179 3159 308 3231 ψιλῇ
339 3163 408 3231 τῇ
447 3159 646 3222 πίστει,
672 3158 915 3223 νοοῦντες
951 3158 1007 3211 δὲ
1035 3156 1328 3228 βαθύτερον
1361 3156 1478 3226 μὲν,
1509 3157 1608 3209 οὐκ
1635 3156 1765 3227 ἀλη-

1868 3169 1972 3206 non
2004 3153 2115 3207 vult
2144 3154 2303 3216 Deus,
2332 3155 2595 3225 siquidem
2621 3172 2728 3210 non
2759 3156 3036 3210 hominum
3072 3163 3196 3209 sunt
3221 3169 3439 3225 gressus

183 3253 271 3317 θὲς
295 3253 373 3305 δέ.
403 3247 502 3305 Ὦν
525 3253 622 3323 τὴν
649 3251 764 3305 ὁδὸν
789 3253 851 3304 οὐ
879 3251 1020 3304 θέλει
1059 3249 1283 3321 Κύριος,
1315 3248 1397 3302 ὅτι
1425 3249 1525 3301 οὐκ
1555 3247 1764 3320 ἀνθρώ-

184 3360 298 3400 πων
326 3345 510 3400 αὐτῶν
539 3345 610 3399 τὰ
641 3345 966 3416 διαδήματα,
999 3342 1136 3397 ἀλλὰ
1176 3341 1340 3414 θηρὸς
1386 3342 1418 3412 ἢ
1469 3341 1700 3412 ἑρπετοῦ
1727 3340 1760 3410 ἢ

186 3443 435 3512 κτήνους.

187 3533 329 3602 Στίχ.
371 3532 467 3584 κδ’.
519 3531 708 3602 Ὅταν,
740 3528 898 3597 πέσῃ
950 3529 1030 3602 οῦ.
1058 3523 1632 3602 κατᾳῤῥαχθήοξεται,
1673 3521 1763 3574 ὅτι

428 3603 644 3670 Κύριος
679 3595 1073 3667 ἀντιστηρίζει
1113 3598 1279 3667 χεῖρα
1307 3595 1511 3648 αὐτοῦ.

253 3698 314 3748 Οἱ
347 3698 406 3749 ὲν
438 3698 552 3758 τοῖς
583 3693 776 3768 ἀγῶσι,
796 3693 1117 3754 παλαίοντες
1151 3689 1472 3742 πεπτώκασι
1505 3687 1566 3738 τὸ
1611 3683 1764 3756 πρῶ-

191 3805 290 3852 τον,
319 3790 637 3858 νενικήκασι
662 3785 730 3840 τὰ
753 3786 900 3857 τρία.
939 3784 1063 3838 Ἐπὶ
1088 3782 1298 3846 τούτοις
1328 3782 1499 3843 εἴποις
1530 3779 1596 3832 ἂν
1625 3775 1765 3830 κατὰ

191 3879 244 3931 τὸ
269 3879 594 3949 σωματικὸν,
613 3878 714 3930 ὅτι·
738 3877 1053 3939 Πέπτωκεν,
1080 3875 1140 3928 οὐ
1170 3873 1486 3945 κατερράγη
1513 3872 1592 3934 δὲ,
1627 3869 1765 3923 νενί-

191 3989 316 4042 κηκε
339 3972 451 4043 γὰρ
504 3969 643 4041 μετὰ
674 3970 734 4022 τὸ
761 3972 967 4023 πεσεῖν.
1005 3951 1128 4020 Ἐὰν
1166 3965 1280 4039 ίδῃς
1310 3964 1593 4036 ἄνθρωπον
1619 3979 1761 4016 νενι-

190 4065 440 4135 κημένον,
481 4063 572 4116 καὶ
610 4060 745 4132 μετὰ
772 4061 833 4114 τὸ
867 4058 1182 4128 νενικῆσθαι
1213 4059 1272 4110 οὐ
1302 4055 1610 4128 παραδόντα
1635 4057 1760 4108 ἐαυ-

189 4156 271 4208 τὸν
306 4158 369 4224 τῇ
413 4153 670 4224 ἀσελγείᾳ
714 4154 793 4215 εἰς
842 4150 1103 4223 ἐργασίαν
1156 4147 1496 4220 ἀκαθαρσίας
1553 4147 1755 4217 πάσης,

189 4247 487 4300 ἀναστάντα
527 4245 605 4309 δὲ,
650 4243 1066 4315 ὑπομνησθέντα
1111 4242 1210 4312 τῆς
1255 4240 1514 4314 Γραφῆς⁸
1570 4238 1668 4308 Μὴ
1724 4241 1758 4292 ό

193 4337 382 4392 πεσὼν
443 4338 553 4390 οὐκ
619 4335 966 4397 ἀνίσταται;
1015 4332 1053 4402 ἢ
1116 4335 1148 4386 ό
1195 4328 1588 4398 ἀποστρέφων
1643 4330 1754 4382 οὐκ

191 4425 552 4499 satam-eget;
598 4428 743 4496 λέγε,
793 4427 907 4490 ὅτι,
955 4424 1135 4479 πεσὼν
1161 4425 1190 4477 ὁ
1228 4422 1486 4486 τοιοῦτος,
1530 4423 1588 4474 οὐ
1620 4439 1752 4476 κατ-

1864 3259 2077 3310 eorum,
2115 3248 2208 3302 sed
2239 3247 2364 3302 fera:
2397 3248 2475 3300 vel
2504 3249 2794 3318 serpentis,
2821 3249 3185 3319 autjumenti.

1864 3516 1928 3571 ν.
1967 3517 2057 3571 2i.
2097 3517 2321 3583 Quando
2350 3520 2517 3583 cadet,
2552 3535 2656 3573 non
2690 3519 2991 3583 collidetur,
3019 3521 3146 3589 quia
3183 3519 3437 3575 Dominus

2323 3590 2557 3657 stt/fulcit
2589 3605 2806 3642 manum
2833 3590 2968 3656 ejus.

1934 3678 2035 3746 Qui
2059 3680 2112 3733 in
2141 3682 2406 3750 agonibus
2438 3681 2734 3744 luctantur,
2761 3681 3054 3748 aliquando
3094 3681 3298 3736 cadunt
3327 3683 3440 3751 pri-

1865 3791 2052 3838 mum,
2109 3785 2165 3829 at
2195 3776 2419 3828 vincunt
2448 3776 2551 3828 tria
2599 3773 2732 3845 (79).
2776 3773 2938 3828 Juxta
2975 3776 3088 3829 hanc
3117 3776 3264 3830 dicat
3293 3778 3437 3848 quis,

1863 3865 2162 3921 secundum
2191 3866 2334 3935 quod
2383 3865 2447 3918 ad
2495 3880 2580 3918 res
2615 3864 2807 3919 attinet
2835 3880 3124 3934 corporeas
3157 3887 3166 3920 ε
3201 3866 3435 3931 Cecidit,

1863 3972 1963 4010 nec
1989 3966 2167 4012 tamen
2226 3955 2450 4012 collisus
2485 3967 2588 4024 est,
2622 3957 2747 4012 vicit
2781 3958 2927 4012 enim
2981 3967 3266 4027 postquam
3291 3961 3435 4013 ceci-

1864 4049 1959 4102 dit.
1997 4048 2052 4102 Si
2081 4049 2429 4118 conspexeris
2484 4049 2765 4103 hominem
2802 4051 3038 4114 victum,
3059 4061 3114 4103 et
3147 4060 3434 4120 postquam

1859 4142 2033 4196 victus
2063 4151 2165 4207 est,
2191 4156 2294 4195 non
2331 4142 2611 4196 dedentem
2660 4158 2717 4197 se
2747 4141 3176 4210 intemperantiae
3202 4142 3267 4195 ad
3302 4157 3433 4211 ope-

1860 4234 2121 4289 rationem
2177 4234 2351 4288 omnis
2401 4234 2757 4287 immunditize
2793 4250 2808 4299 ;
2839 4234 2966 4302 quin
3026 4232 3207 4302 potius
3254 4247 3435 4286 resur-

1857 4334 2094 4392 gentem,
2125 4326 2249 4378 dum
2284 4323 2598 4378 recordatur
2630 4323 2774 4377 illius
2817 4321 3141 4390 Scriptum.-
3171 4317 3314 4375 Num
3342 4323 3432 4390 qui

1862 4416 2068 4474 cecidit,
2095 4431 2199 4469 non
2223 4417 2442 4486 resurgit
2469 4425 2493 4478 ἲ
2528 4415 2605 4470 vel
2625 4417 2716 4485 qui
2744 4425 3030 4478 aversatur,
3055 4431 3156 4468 non
3183 4415 3436 4467 converti-

197 4522 441 4594 ερῥάχθη.
483 4521 608 4573 Ἐὰν
643 4521 699 4572 δὲ
752 4518 889 4590 μετὰ
933 4518 994 4570 τὸ
1051 4518 1238 4569 πεσεῖν
1303 4513 1606 4584 ἀπαυδήσῃ,
1648 4532 1748 4567 κα-

1868 4517 1942 4560 tur
1971 4508 2055 4560 9°‘i'
2082 4509 2189 4570 dic,
2242 4510 2364 4577 quia
2393 4525 2511 4562 cum
2545 4508 2801 4565 ceciderit
2840 4507 2924 4559 vir
2957 4505 3259 4573 hujusmodi
3281 4546 3295 4568 ,
3325 4521 3429 4559 non

195 4613 470 4684 τερράχθη.
518 4612 696 4664 Καλὸν
745 4611 840 4681 μὲν
871 4605 963 4662 οῦν
1014 4607 1248 4687 ἀθλητής
1294 4600 1431 4657 εἶναι
1479 4604 1744 4670 ἄπτωτος,

201 4708 277 4759 καὶ
316 4707 401 4757 ἶνα
445 4703 619 4766 οὕτως
662 4703 910 4772 ὀνομάσω
957 4700 1064 4754 ἀπὸ
1109 4698 1217 4751 τῶν
1267 4696 1745 4769 παραδειγμάτων,

201 4797 602 4868 ἀμεσολάδητος,
620 4793 1006 4858 ἀσυνέζωστος.
1030 4793 1094 4846 Ei
1118 4791 1176 4844 δὲ
1197 4790 1501 4853 πέπτωκεν,
1525 4790 1752 4860 ἀναστή-

202 4908 278 4944 τω.
311 4888 634 4942 Πενθοῦνται
657 4887 763 4959 γὰρ
795 4888 844 4940 oi
875 4887 1150 4951 πεσόντες,
1174 4883 1270 4938 καὶ
1305 4883 1442 4954 μετὰ
1467 4882 1528 4935 τὸ
1566 4883 1748 4954 ἀμαρ-

203 4983 332 5054 τῆσαι
364 4981 801 5051 ἁπαλγήσαντες,
843 4980 938 5032 καὶ
983 4975 1315 5049 παραδόντες
1346 4976 1568 5038 ἑαυτοὺς
1601 4975 1749 5047 πάσῃ

206 5074 436 5145 ἁμαρτία.
477 5073 563 5126 Ἐν
583 5072 841 5136 ἀγενείων
866 5070 999 5141 (78),
1022 5071 1078 5123 ἐν
1103 5067 1327 5139 ἀνδράσι
1355 5064 1744 5136 στεφανὼθητι.

208 5165 475 5226 Πέπτωκας
519 5164 576 5215 ὲν
611 5161 792 5226 παισί;
825 5162 916 5214 τὸν
960 5160 1204 5229 ἀγένειον
1234 5156 1519 5226 ἀγώνισαι,
1547 5155 1640 5207 καὶ
1670 5154 1749 5206 νί-

211 5271 340 5324 κησον
375 5255 430 5305 ὲν
475 5250 642 5317 αὐτῷ.
694 5253 780 5304 Ἐν
831 5250 1006 5321 κοιλίᾳ
1050 5247 1335 5320 ὲπτέρνισε
1382 5244 1472 5298 τὸν
1517 5242 1686 5296 Ἠσαῦ
1720 5246 1748 5299 ὁ

219 5344 408 5399 Ἰακὼδ·
448 5345 513 5398 ἐκ
547 5343 736 5408 παιδὸς
781 5345 808 5396 ὁ
841 5341 1037 5413 Δανιὴλ
1070 5342 1460 5413 προεφήτευσε,
1495 5338 1591 5392 καὶ
1623 5338 1747 5402 τοὺς

264 5460 455 5517 “Psal.
494 5477 668 5526 Lxxu,
702 5459 794 5514 25.
870 5458 915 5490 ⁸³
953 5456 1092 5511 Psal.
1118 5473 1169 5521 v,
1203 5458 1255 5512 5.
1331 5459 1376 5490 ⁹⁰
1405 5455 1742 5519 Jerem.vnt,
1785 5453 1838 5507 4.

393 5555 593 5626 Κύριλ.

263 5625 353 5700 (77)
387 5625 559 5700 Ἐριγ-

263 5693 350 5768 (78)
385 5693 551 5753 Forte
577 5695 640 5761 ἐξ
674 5694 953 5768 ἀ-γενείων,
984 5694 1064 5749 vel
1097 5693 1473 5768 svaysvsimg.

261 5765 628 5842 (79)ln_gluctu
686 5765 1028 5830 Graecorum,
1088 5766 1177 5834 qui
1229 5765 1596 5822 adversarium
1665 5773 1746 5816 ter

1855 4609 1938 4654 est
1960 4598 2202 4654 collisus.
2234 4599 2298 4652 At
2320 4600 2364 4651 si
2393 4607 2675 4667 postquam
2710 4599 2936 4663 cecidit,
2972 4600 3179 4653 animos
3204 4602 3432 4667 despon-

1856 4692 2002 4753 deat,
2029 4689 2140 4758 jam
2179 4690 2399 4745 collisus
2429 4700 2528 4744 est.
2559 4689 2788 4743 Praestat
2828 4690 2991 4758 igitur
3032 4690 3286 4744 athletam
3313 4704 3433 4744 esse

1861 4781 2081 4835 minime
2110 4781 2401 4835 obnoxium
2439 4781 2634 4848 lapsui,
2665 4788 2720 4834 et
2755 4783 2918 4834 utsic
2943 4782 3010 4835 ab
3043 4782 3306 4849 exemplis
3333 4796 3432 4833 no-

1861 4874 2081 4939 minem,
2115 4873 2205 4942 qui
2257 4888 2356 4926 nec
2384 4873 2524 4925 unde
2553 4873 2944 4940 prehendatur,
2976 4887 3075 4926 nec
3109 4873 3427 4926 vestimenta

1859 4967 2072 5019 habeat.
2109 4965 2179 5019 At
2210 4965 2254 5018 si
2302 4965 2517 5026 cecidit,
2552 4972 2818 5033 resurgat.
2857 4963 3133 5017 Deﬂenlnr
3175 4963 3317 5017 enim
3341 4965 3428 5031 qui

1857 5059 2191 5120 ceciderunt,
2221 5065 2274 5111 et
2303 5067 2421 5126 post
2461 5066 2676 5126 peccata
2705 5057 3004 5110 indolentes
3032 5065 3177 5118 sunt,
3207 5057 3434 5109 dedunt-

1854 5168 1962 5222 que
1993 5152 2201 5222 seipsos
2223 5152 2369 5206 onmi
2403 5149 2627 5222 ﬂagitio.
2651 5151 2982 5205 Adolescens
3015 5163 3145 5218 ergo
3172 5150 3310 5204 inter
3335 5151 3431 5205 ho-

1857 5247 2031 5300 mines
2072 5259 2357 5300 coronarc.
2403 5242 2656 5298 CecidiSti
2707 5260 2736 5297 a
2782 5241 2994 5313 puero?
3021 5241 3426 5295 Adolescentem

1858 5336 2092 5403 imitare,
2124 5345 2179 5391 et
2229 5337 2386 5392 vince
2416 5352 2511 5409 per
2563 5337 2710 5390 illam
2763 5345 3000 5390 aetatem.
3033 5335 3086 5388 In
3127 5346 3278 5391 utero
3306 5351 3428 5408 sup-

2388 5437 2410 5466 ο

1855 5561 2267 5630 prostraverat,_
2297 5551 2549 5630 palmata
2577 5548 2829 5630 _fer_eb:_tt;
2857 5554 2995 5607 unde
3045 5551 3284 5630 aptatia},
3347 5550 3429 5604 w'l

1855 5619 2084 5752 testium,
2113 5633 2198 5678 est
2215 5619 2454 5748 gift—cere.
2493 5621 2704 5678 Videsis
2736 5619 3006 5690 Poterum,
3041 5619 3201 5677 Α’νσΙι-
3230 5619 3404 5674 “mc-

1936 5735 1949 5752 .
1980 5714 2040 5763 tt,
2067 5709 2187 5763 cap.
2293 5733 2307 5748 .

1936 5735 1949 5752 ο
1981 5729 2040 5764 ιι,
2067 5729 2187 5763 VIIII.
2219 5729 2307 5748 al.-
