4012 6340
587 295 690 352 155

1464 294 2020 353 SUPPLEMENTUM
2054 294 2147 350 AD
2184 293 2508 354 ORIGENIS
2549 290 2961 354 EXEGETICA.

3722 297 3811 354 130

584 411 849 483 plantavit
895 409 1096 466 Esaum
1139 407 1409 478 Iacobus;
1445 427 1475 467 a
1510 429 1678 483 puero
1712 414 1898 469 Daniel
1930 415 2136 485 prophe

2259 412 2667 484 πρεσϐυτέρους
2709 411 2950 483 ἤλεγξεν.
2990 412 3064 466 Οὐ
3108 410 3333 466 δύνασαι
3380 405 3619 474 τοιοῦτος
3674 408 3798 479 γενέ

584 505 743 570 tavit,
776 512 829 560 et
878 503 1119 559 seniores
1165 504 1428 574 coarguit.
1474 502 1589 560 Non
1637 514 1791 575 potes
1838 507 2143 574 hujusmodi

582 599 815 655 evadere
842 596 868 652 τ
892 597 1020 652 Esto
1074 598 1338 666 sequioris
1364 597 1572 654 ordinis
1619 599 1845 667 athleta,
1870 608 1928 653 ut
1953 600 2038 655 vir
2058 600 2143 668 ju-

581 698 733 755 stus,
788 691 878 760 qui
914 692 1158 761 quamvis
1208 692 1371 748 cadat
1413 693 1464 746 in
1495 691 1637 747 lucta
1681 692 1768 748 vel
1811 708 2007 757 cursu,
2041 710 2147 748 non

580 783 870 850 colliditur,
901 785 1025 854 quia
1052 783 1309 840 Dominus
1356 785 1593 854 suﬁ'ulcit
1623 801 1836 838 manum
1876 785 2009 855 ejus.
2040 785 2149 839 Du-

581 874 670 929 bia
719 874 947 936 locutio;
982 875 1251 930 incertum
1299 877 1447 932 enim
1486 885 1664 932 utrum
1710 893 1884 944 suam,
1931 878 2014 932 vel
2066 877 2152 933 lu-

579 967 776 1022 ctantis
825 982 886 1022 ac
923 966 1035 1034 jam
1068 966 1384 1034 collidendi,
1432 978 1492 1023 ut
1519 984 1627 1024 non
1662 983 1892 1038 prorsus
1924 977 2048 1024 ruat
2093 968 2151 1024 in

578 1055 791 1120 faciem,
827 1064 880 1111 et
915 1056 1258 1124 totusjaceat
1289 1057 1443 1112 humi
1473 1068 1798 1126 prostratus.

576 1146 640 1202 V.
672 1149 759 1204 25.
794 1148 989 1204 Iunior
1012 1149 1127 1218 fui;
1150 1151 1337 1203 etenim
1377 1150 1525 1204 senui
1550 1166 1568 1204 :
1591 1160 1638 1204 et
1665 1165 1768 1205 non
1810 1150 1924 1206 uidi
1951 1150 2149 1221 iustum

1189 1220 1522 1273 derelictum.

1229 1231 1522 1274 erettctum.

644 1309 815 1363 Aliter
843 1319 1023 1364 autem
1078 1321 1393 1378 reputamus
1436 1319 1654 1366 aetatem
1683 1312 1981 1367 secundum
2010 1312 2149 1369 inte-

570 1400 773 1454 riorem
807 1400 1104 1463 hominem,
1129 1401 1300 1471 pueri,
1330 1400 1572 1468 juvenis,
1606 1403 1775 1458 senis.
1806 1403 1951 1459 Ante
1981 1401 2155 1457 Abra-

570 1493 699 1549 ham
725 1507 877 1562 ergo.
897 1493 1252 1564 longaeviores
1279 1493 1369 1548 illo
1406 1509 1513 1550 non
1541 1504 1670 1549 sunt
1706 1494 1836 1550 dicti
1864 1496 2150 1561 seniores;

571 1587 666 1642 sed
700 1585 813 1654 ipse
854 1586 1061 1654 primus
1085 1598 1307 1656 propter
1334 1587 1593 1643 virtutem
1625 1586 1810 1644 senior
1836 1589 2070 1657 audivit,
2099 1597 2156 1645 et

527 1658 540 1671 ’
570 1686 856 1746 propterea
889 1678 1032 1747 quod
1059 1679 1288 1734 interior
1328 1680 1490 1735 homo
1514 1678 1631 1748 ejus
1658 1691 2002 1736 evacuaverat
2035 1698 2153 1751 quae

2249 505 2371 559 σθαι
2392 522 2405 570 ;
2428 503 2590 559 Γενοῦ
2613 502 2740 575 ἑξῆς
2764 503 3019 576 ἀθλητὴς,
3041 503 3117 568 ὡς
3144 506 3172 557 6
3193 503 3418 568 δίκαιος,
3449 504 3527 567 ὃς,
3555 503 3665 557 κᾶν
3685 502 3821 575 πέσῃ

2249 597 2489 651 παλαίων
2520 596 2555 668 ἢ
2596 596 2825 668 τρέχων,
2856 598 2928 653 οὐ
2957 596 3451 666 ωταρῤήγνυται,
3484 595 3575 648 ὅτι
3610 593 3821 662 Κύριος

2246 685 2637 757 ἀντιστηρίζει
2664 686 2833 758 χεῖρα
2855 687 3060 742 αὐτοῦ.
3102 687 3422 759 Ἀμφίϐολος
3451 689 3484 758 ἠ
3518 685 3696 753 λέξις·
3723 680 3821 734 πό-

2245 798 2402 852 τερον
2431 781 2537 853 γὰρ
2562 781 2658 855 τὴν
2682 780 2892 847 ἑαυτοῦ,
2927 780 2961 852 ἦ
2994 780 3089 853 τὴν
3124 780 3217 834 τοῦ
3250 780 3568 843 παλαίοντος
3601 779 3696 832 καὶ
3716 776 3815 849 ἤδη

2251 874 2531 946 μέλλοντος
2583 875 3080 946 καταρρήγνυσθαι,
3130 875 3216 927 ἵνα
3263 872 3338 945 μὴ
3382 872 3517 936 ὅλως
3564 871 3695 943 ἔλθῃ
3727 871 3819 924 ἐπὶ

2247 966 2559 1038 πρόσωπον,
2592 967 2686 1020 καὶ
2718 967 2939 1040 γένηται
2971 966 3144 1038 χαμαὶ
3174 965 3292 1029 ὅλος
3324 964 3594 1036 κείμενος.

2247 1144 2397 1215 Στίχ.
2433 1151 2530 1198 κε’.
2564 1143 2862 1215 Νεῴτερος
2897 1145 3210 1215 ἐγενόμην·
3250 1145 3350 1199 καὶ
3377 1144 3486 1215 γὰρ
3510 1142 3815 1215 ἐτήρησα·

2346 1211 2445 1269 aiat
2475 1217 2585 1269 οὐκ
2621 1211 2785 1270 £16054-
2825 1211 3726 1287 δίκάιον’ὲγκαταλεζὶέιμ,ιίἐνον.

2330 1307 2560 1379 Ἑτέρως
2585 1308 2642 1362 δὲ
2670 1308 2827 1377 ῐσμεν
2845 1307 3060 1379 ἡλικίαν
3091 1308 3232 1362 κατά
3258 1307 3348 1362 τὸν
3373 1308 3481 1361 ἔσω
3508 1306 3818 1378 ἄνθρωπον,

2250 1398 2482 1463 παιδίου,
2513 1399 2815 1464 νεανίσκου,
2845 1404 3118 1472 γέροντος.
3145 1399 3262 1471 Πρὸ
3282 1400 3413 1469 γοῦν
3435 1399 3529 1453 τοῦ
3567 1399 3822 1472 Ἀϐραὰμ

2248 1493 2297 1544 oi
2336 1491 2814 1565 πολυχρονιώτεροι
2838 1492 3001 1548 αὐτοῦ
3025 1493 3125 1546 οὐκ
3151 1493 3393 1566 εἴρηνται
3421 1491 3815 1565 πρεσϐύτεροι·

2248 1583 2365 1637 ἀλλ’
2381 1583 2543 1648 αὐτὸς
2576 1584 2789 1656 πρῶτος
2819 1585 2886 1639 δι’
2912 1583 3109 1658 ἀρετὴν
3133 1584 3499 1657 πρεσϐύτερος
3518 1584 3819 1655 ἐχρημάτι-

2253 1693 2333 1739 σε,
2363 1676 2458 1731 καὶ
2488 1676 2577 1729 διὰ
2600 1676 2660 1729 τὸ
2685 1676 2776 1730 τὸν
2815 1676 2922 1731 ἔσω
2950 1676 3112 1730 αὐτοῦ
3143 1677 3424 1749 ἄνθρωπον
3450 1673 3817 1746 κατηρτηκέ-

569 1770 1033 1840 ernntparvuli".
1074 1771 1210 1825 Audi
1256 1769 1589 1828 Jeremiam:
1626 1770 1709 1828 Ne
1731 1773 1994 1838 dixeritis,
2009 1775 2133 1844 quia

2235 1784 2331 1824 ναι
2359 1769 2432 1824 τὰ
2481 1769 2586 1823 τοῦ
2635 1770 2875 1836 νηπίου.
2916 1770 3027 1823 Καὶ
3070 1769 3337 1841 Ἱερεμίου
3377 1768 3568 1823 ἄκουε·
3595 1764 3817 1836 Μὴλέ-

562 1861 752 1931 junior
780 1879 872 1933 ego
898 1880 1014 1918 sum
1047 1866 1115 1919 ".
1142 1863 1275 1919 Tale
1295 1864 1427 1934 quid
1462 1874 1515 1919 tu
1553 1865 1686 1920 mihi
1736 1865 1912 1936 cogita
1940 1865 2005 1920 de
2035 1865 2139 1920 Da-

567 1954 661 2010 vid
690 1969 905 2025 quoque
932 1972 947 2010 :
971 1954 1186 2022 Iunior,
1217 1956 1409 2027 inquit,
1439 1956 1515 2026 [ui
1545 1972 1565 2021 ;
1591 1956 1881 2012 secundum
1919 1958 2140 2013 interio-

570 2061 685 2103 rem
716 2047 1010 2103 hominem.
1047 2047 1285 2105 Mutatus
1315 2058 1495 2105 autem
1545 2048 1613 2104 de
1639 2047 1862 2118 juvenili
1902 2065 2052 2104 more
2083 2058 2139 2107 et

570 2138 832 2203 instabili,
869 2139 1161 2194 secundum
1185 2154 1344 2209 quem
1362 2139 1691 2211 juvenilibus
1716 2142 1940 2196 studens
1962 2141 2138 2211 iunior

569 2247 740 2295 eram,
771 2231 840 2286 ad
883 2240 1221 2288 senectutem
1256 2234 1400 2297 veni,
1425 2233 1592 2287 vitam
1638 2232 1847 2288 habens
1878 2234 2139 2291 immacu-

568 2320 758 2388 latam,
785 2328 839 2376 et
868 2333 1058 2379 canam
1091 2321 1458 2390 prudentiam.
1488 2322 1667 2391 Atque
1697 2331 1757 2376 ut
1783 2322 1853 2376 ita
1887 2320 2138 2392 profece-

567 2411 705 2477 riin,
737 2427 842 2466 non
902 2412 1011 2466 vidi
1058 2423 1269 2483 μείνω
1314 2413 1638 2468 derelictum.
1670 2413 1728 2469 Si
1782 2414 2139 2483 corporaliter

566 2502 868 2576 intelligas,
900 2503 1097 2558 falsum
1142 2511 1244 2560 est.
1281 2504 1352 2559 At
1392 2505 1510 2560 duae
1542 2515 1667 2560 sunt
1703 2504 2086 2562 derelictiones
2118 2524 2133 2575 ;

563 2596 742 2651 altera
798 2594 1123 2665 corporalis,
1170 2610 1291 2665 quae
1342 2596 1478 2651 nihil
1513 2595 1668 2653 nobis
1715 2595 1914 2663 oiiicit;
1964 2597 2135 2654 altera

567 2684 888 2756 spiritualis,
921 2690 1041 2756 quae
1076 2685 1328 2743 interitus
1364 2698 1468 2743 est.
1505 2688 1771 2756 Quantum
1803 2689 1968 2761 igitur
1995 2691 2134 2747 dite-
2178 2752 2179 2755 η

470 2787 477 2800 ι
568 2777 774 2833 scimus
804 2778 859 2832 in
888 2778 1144 2849 operibus
1168 2778 1354 2851 justis,
1381 2789 1532 2838 tanto
1567 2782 1738 2852 magis
1760 2780 2047 2851 juvamur,
2075 2792 2136 2838 ut

568 2885 676 2924 non
711 2867 1157 2938 derelinquamur
1183 2886 1353 2942 usque
1386 2872 1438 2926 in
1476 2872 1656 2928 linem.
1684 2873 1890 2929 Idcirco
1916 2889 2021 2929 non
2045 2875 2132 2929 di-

568 2961 672 3026 xit,
694 2960 785 3032 qui
813 2960 1227 3033 derelinquatur,
1255 2965 1347 3019 sed
1393 2965 1689 3019 derelictus.
1724 2965 1860 3034 Quia
1900 2966 1967 3021 ad
1999 2975 2134 3022 tent-

567 3065 668 3118 pus
706 3050 1154 3121 derelinquuntur
1195 3051 1358 3107 etiam
1401 3056 1553 3122 justi,
1593 3056 1751 3110 siculi
1790 3054 1911 3123 Job,
1949 3065 2006 3112 ut
2037 3072 2134 3129 ap-

568 3150 780 3210 pareret
801 3139 1002 3211 justus.

1160 3231 1357 3290 PSAL.
1391 3230 1526 3287 XLI.

569 3319 632 3377 V.
665 3322 744 3398 lo:
788 3322 972 3398 Dicant
1002 3322 1110 3398 ρεο
1146 3325 1486 3398 :tAuxiliqtor
1516 3342 1657 3398 meus
1694 3343 1769 3398 es.
1800 3324 2022 3398 thuid
2036 3330 2136 3384 mei

636 3392 827 3470 oblitus
855 3409 907 3470 es
936 3395 962 3449 ?
992 3392 1058 3470 Et
1079 3411 1239 3464 quare
1262 3396 1428 3450 tristis
1456 3396 1637 3450 incedo
1664 3397 1830 3462 uultu,
1852 3392 1976 3452 dum
2001 3399 2134 3470 aﬂli-

632 3465 704 3532 git
726 3464 971 3518 inimicus
1002 3463 1031 3518 ἲ

569 3554 747 3628 V._il.
781 3553 926 3628 Cum,
954 3554 1421 3628 confringebantur
1471 3573 1594 3612 ossa
1643 3575 1781 3623 mea,
1810 3561 2136 3628 impropera-

635 3624 773 3698 bont
796 3625 927 3698 mihi
956 3624 1183 3698 inimici
1199 3628 1326 3698 Amei
1360 3645 1378 3681 :
1403 3644 1521 3681 cum
1576 3629 1803 3684 dicerent
1853 3624 1952 3698 ipsi
1980 3624 2133 3684 'ntilti

632 3696 866 3762 quotidie
898 3710 917 3749 :
953 3694 1054 3749 Ubi
1074 3706 1151 3750 est
1188 3695 1328 3752 Deus
1354 3709 1477 3753 tuus
1506 3699 1532 3752 ?

636 3785 750 3839 Non
804 3787 1052 3842 videmus
1099 3803 1291 3844 omnes
1314 3791 1588 3859 quomodo
1618 3791 1944 3847 misereatur
1966 3791 2128 3847 Deus.

564 3877 704 3942 Quin
762 3878 923 3932 etiam
954 3892 1097 3948 saepe
1144 3881 1198 3933 in
1246 3880 1313 3934 iis
1348 3895 1468 3949 quae
1504 3896 1568 3936 ex
1602 3883 1973 3939 misericordia
2018 3882 2133 3951 ejus

561 3970 908 4037 proveniunt,
932 3981 1219 4038 propterea
1247 3973 1390 4040 quod
1421 3973 1647 4028 molesta
1674 3985 1823 4042 sunt,
1860 3975 2000 4029 haud
2034 3989 2130 4030 vo-

564 4060 688 4127 lupe
713 4060 1008 4125 habentes,
1043 4076 1109 4114 ne
1163 4062 1382 4130 quidem
1429 4078 1549 4119 esse
1597 4078 1660 4117 ea
1703 4066 2128 4120 misericordiam

565 4153 959 4207 existimamus.
1014 4152 1307 4222 Propterea
1400 4156 1693 4211 dicimus:
1761 4156 1961 4228 thuid
2026 4157 2129 4211 mei

564 4247 754 4300 oblitus
775 4261 827 4299 es
852 4246 879 4299 ἲ
904 4247 970 4299 At
1005 4245 1104 4314 qui
1140 4246 1391 4315 percipit,
1426 4247 1553 4317 quia
1586 4261 1747 4302 omne
1781 4248 1926 4318 quod
1970 4248 2131 4304 indu-

564 4338 640 4392 cit
696 4337 835 4393 Deus
884 4337 1089 4391 utiliter
1138 4337 1365 4404 inducit,
1416 4337 1550 4392 nihil
1595 4338 1701 4393 tale
1731 4339 1898 4403 dicet,
1950 4340 2129 4396 sciens

563 4429 732 4485 Deum
785 4430 861 4485 ita
914 4444 1091 4500 agere,
1133 4430 1257 4499 quia
1288 4430 1619 4498 poenitentiae
1668 4442 1725 4487 et
1752 4430 1970 4488 utilitati
2008 4431 2127 4502 ejus

563 4524 763 4578 studet.
791 4520 897 4577 Sed
924 4523 1067 4594 quod
1120 4521 1448 4584 dicebamus,
1485 4522 1750 4590 paenitens
1786 4520 1974 4591 vulgus
2020 4521 2126 4578 sci-

562 4616 790 4671 scitatur
817 4629 847 4667 a
887 4614 1016 4679 Deo,
1050 4627 1147 4668 cur
1192 4615 1369 4684 ipsum
1402 4613 1681 4685 reliquerit
1705 4613 1841 4668 adeo
1866 4612 2124 4675 aljlictum

561 4724 626 4764 ac
669 4707 886 4762 tristitia
917 4706 1189 4761 obrutum.
1221 4705 1477 4773 Quaenam
1509 4715 1592 4761 est
1631 4705 1791 4775 hujus
1819 4703 2128 4760 derelictio-

560 4802 647 4856 nis
674 4814 838 4855 causa
868 4797 893 4852 i
919 4812 1091 4867 neque
1114 4798 1255 4852 enim
1283 4797 1515 4869 vulgaris
1540 4797 1718 4866 aliqua
1740 4809 1861 4853 esse
1892 4796 2123 4850 videtur.

560 4896 665 4962 Qui
717 4894 883 4963 igitur
913 4890 1044 4946 dicit
1072 4911 1085 4945 :
1131 4888 1326 4961 Ulquid
1357 4890 1459 4945 mei
1488 4890 1682 4943 oblitus
1714 4905 1768 4943 es
1796 4890 1822 4944 ?
1847 4886 2125 4943 conﬁdere

560 4988 792 5053 videtur,
830 4985 974 5055 quod
1028 4983 1161 5038 nihil
1201 4981 1391 5037 fecerit
1438 4995 1646 5045 eorum,
1698 4994 1926 5058 quorum
1963 4991 2126 5032 causa

559 5077 908 5131 obliviscatur
944 5077 1101 5131 Deus.
1135 5072 1436 5128 Admodum
1465 5087 1592 5127 vero
1615 5072 1897 5127 contristat
1917 5069 2123 5139 justum

561 5167 710 5228 illud,
746 5165 844 5221 Ubi
879 5175 954 5222 est
988 5168 1013 5221 ?
1044 5165 1245 5221 dictum
1276 5164 1344 5219 de
1374 5163 1503 5230 Deo,
1531 5163 1674 5232 quod
1703 5162 1879 5217 locum
1925 5158 2120 5216 innuit.

559 5257 655 5313 Est
685 5258 829 5311 enim
874 5268 1131 5312 extrema:
1169 5254 1458 5309 dementiae
1486 5253 1758 5317 arbitrari,
1793 5251 1961 5307 Deum
2002 5265 2123 5305 esse

561 5348 612 5399 in
645 5347 783 5402 loco.
827 5348 1195 5420 Magnitudine
1232 5346 1373 5401 enim
1423 5344 1573 5399 locus
1597 5353 1810 5398 constat
1840 5362 1853 5399 :
1895 5353 1951 5397 at
1985 5343 2123 5398 Deus

561 5442 682 5496 talis
715 5442 1098 5513 magnitudinis
1146 5455 1340 5511 expers
1395 5447 1499 5495 est.
1560 5437 1648 5493 lsti
1700 5453 1828 5492 vero
1857 5437 2121 5495 orationis

625 5583 667 5614 ‘"
701 5583 715 5636 l
744 5581 870 5638 Cor.
901 5597 1018 5648 xm,
1048 5583 1138 5638 il.
1209 5582 1255 5614 "
1277 5590 1475 5636 terem.
1514 5594 1557 5645 ι,
1579 5580 1633 5632 7.

628 5720 738 5790 (1&0)
768 5721 961 5789 Κύριλ.
994 5722 1099 5780 Sed
1131 5724 1302 5794 magis
1330 5721 1620 5793 Origencm
1652 5723 1890 5793 sapiunt.

2238 1880 2399 1934 τετε,
2435 1862 2526 1917 ὅτι
2565 1861 2849 1931 νεώτερος
2885 1861 3000 1932 ἐγώ
3026 1865 3161 1932 εἰμι.
3193 1860 3445 1916 Τοιοῦτόν
3483 1861 3537 1915 τί
3581 1877 3672 1933 μοι
3703 1860 3814 1915 νόει

2239 1954 2332 2009 καὶ
2366 1955 2494 2027 περὶ
2525 1954 2620 2008 τοῦ
2647 1954 2808 2008 Δαϐίδ
2826 1971 2839 1984 ·
2868 1954 3120 2023 Νήπιος,
3148 1955 3332 2026 φησὶν,
3357 1955 3650 2025 ἐγενόμην
3670 1954 3815 2008 κατά

2236 2047 2326 2101 τὸν
2369 2047 2476 2101 ἔσω
2527 2064 2627 2119 μου
2674 2046 2977 2119 ἄνθρωπον.
3029 2045 3361 2102 Μεταϐαλὼν
3409 2046 3466 2100 δὲ
3508 2047 3573 2101 ὲκ
3614 2045 3815 2117 νεαροῦ

2238 2140 2399 2211 ἡθους
2429 2140 2523 2193 καὶ
2570 2138 2847 2202 ἀϐεϐαίου,
2899 2137 3021 2193 καθ’
3072 2139 3133 2193 ὃν
3178 2137 3512 2210 νεωτερίζων
3548 2136 3813 2206 νεώτερος

2237 2229 2404 2300 ήμην,
2450 2230 2529 2291 είς
2566 2227 2745 2298 γῆρας
2789 2223 2972 2298 ἦλθον,
3011 2226 3125 2299 βίον
3168 2227 3496 2300 ἀκηλίδωτον
3538 2226 3678 2298 ἔχων
3716 2227 3815 2284 καὶ

2238 2320 2427 2374 πολιὰν
2458 2319 2738 2391 φρόνησιν.
2766 2319 2875 2371 Καὶ
2903 2317 3044 2373 οὕτω
3066 2318 3362 2390 προκόψας,
3393 2319 3504 2372 οὐκ
3523 2314 3690 2373 εἶδον
3719 2317 3812 2372 δι-

2236 2426 2408 2464 καίαν
2424 2407 3050 2480 ἐγκαταλελειμμένον.
3087 2409 3211 2463 Ἐἀν
3231 2409 3559 2480 σωματικῶς
3578 2408 3810 2481 ἀκούῃς,

2235 2500 2426 2571 ψεῦδός
2455 2503 2591 2557 ὲστι.
2634 2502 2738 2554 Δύο
2767 2500 2825 2554 δὲ
2853 2502 2991 2555 εἰσιν
3022 2500 3463 2571 ἐγκαταλείψεις·
3496 2502 3530 2572 ὴ
3571 2501 3669 2572 μὲν
3701 2518 3810 2555 σω-

2239 2594 2460 2665 ματικὴ,
2488 2594 2609 2665 ἥτις
2645 2595 2794 2649 οὐδὲν
2832 2595 2981 2668 ἡμᾶς
3028 2593 3284 2665 βλάπτει·
3321 2596 3358 2666 ἡ
3388 2594 3446 2648 δὲ
3478 2593 3577 2664 τῆς
3608 2591 3808 2664 ψυχῆς,

2234 2685 2355 2758 ἥτις
2399 2686 2638 2759 ὀλέθριός
2684 2690 2851 2742 ἐστιν.
2888 2688 3049 2743 Ὅσον
3088 2688 3185 2759 μὲν
3225 2684 3318 2743 οὖν
3364 2687 3699 2759 πλουτοῦμεν
3744 2689 3803 2741 ἐν

2234 2777 2415 2851 ἔργοις
2440 2778 2686 2844 δικαίοις,
2710 2778 2958 2836 τοσοῦτον
2986 2780 3184 2852 μᾶλλον
3210 2780 3547 2853 βοηθούμεθα
3570 2781 3709 2854 πρὸς
3738 2782 3801 2838 τὸ

2238 2870 2311 2942 μὴ
2376 2870 2861 2939 ὲγκαταλείπεσθαι
2927 2873 3094 2946 μέχρι
3152 2873 3357 2938 τέλους.
3422 2874 3515 2928 Διὸ
3572 2875 3675 2929 οὐκ
3720 2871 3805 2944 εἶτ

2233 2978 2356 3027 πεν,
2402 2961 2939 3034 ἐγκαταλειφθέντα
2958 3004 2973 3029 ,
3023 2965 3139 3019 ἀλλ’
3168 2965 3805 3037 ἐγκαταλελειμμένον.

2246 3052 2418 3117 Ἐπεὶ,
2450 3053 2586 3126 πρὸς
2628 3054 2819 3127 καιρὸν
2853 3055 2947 3109 καὶ
2985 3056 3549 3127 ὲγκαταλιμπὰνονται
3585 3058 3808 3126 δίκαιοι,

2236 3141 2310 3206 ὡς
2332 3143 2362 3194 6
2407 3141 2543 3209 Ἰὼϐ,
2578 3143 2665 3199 ἵνα
2689 3144 2932 3217 ἀναφανῇ
2960 3145 3187 3211 δίκαιος.

2852 3235 3022 3292 ΨΑΛ.
3054 3238 3191 3293 MA'.

2236 3324 2383 3399 Στίχ.
2407 3331 2457 3378 ι’.
2477 3323 2622 3399 ξΕρῶ
2646 3325 2769 3399 Θεῷ
2841 3325 3229 3399 Mrta/triarium
3396 3322 3454 3382 εἷ
3495 3328 3597 3383 Διὰ
3614 3328 3809 3399 τιμον

2306 3393 2637 3471 ξετελρᾂυί
2654 3396 2762 3471 Καὶ
2799 3397 2900 3471 ἵνα
2925 3398 2981 3471 τί
3005 3393 3435 3471 σκυθρωπάζων
3458 3393 3807 3471 πορεύομαι,

2303 3467 2374 3520 ἐν
2397 3465 2478 3531 τῷ
2501 3465 2794 3521 ἐκθλίϐειν
2828 3467 2934 3520 τὸν
2956 3465 3208 3536 ἐχθρόν;

2234 3559 2385 3630 Στίχ.
2413 3565 2501 3612 ια’.
2542 3558 2643 3612 Ἐν
2669 3557 2749 3630 τῷ
2775 3556 3195 3630 καταθλᾶοίθαιμ
3204 3559 3275 3613 τὰ
3295 3558 3448 3630 darei
3472 3577 3611 3630 μου,
3641 3561 3808 3616 dwel-

2343 3627 2465 3691 ὶζόν
2491 3645 2567 3701 με
2588 3632 2640 3683 οὶ
2660 3629 2862 3701 ἐχθροί
2870 3645 3003 3701 -μου
3031 3628 3100 3681 ἐν
3123 3627 3203 3701 τῷ
3230 3627 3434 3701 ,λέγειν
3455 3627 3678 3697 αὐτούς
3699 3647 3807 3701 μοι

2304 3701 2431 3755 καθ’
2462 3698 2730 3767 ἑκάστην
2769 3698 3028 3769 ἡμέραν·
3057 3698 3181 3753 Ποῦ
3212 3700 3383 3753 ἐστιν
3408 3703 3442 3754 ό
3470 3701 3607 3767 Osci;
3648 3698 3767 3757 σου
3783 3717 3806 3765 ;

2304 3792 2417 3862 Οὐχ
2443 3790 2655 3863 ὁρῶμεν
2680 3790 2738 3843 δὲ
2764 3790 2963 3854 πάντες
2998 3790 3118 3855 πῶς
3144 3790 3282 3844 ἐλεεῖ
3301 3794 3329 3845 6
3353 3791 3504 3856 Θεός.
3537 3794 3647 3847 Καὶ
3674 3794 3805 3847 πολ-

2233 3883 2390 3947 λάκις
2419 3883 2553 3954 πρὸς
2575 3881 2645 3935 τὰ
2673 3883 2793 3935 κατ’
2821 3881 3185 3954 ἐλεημοσύνην
3223 3882 3385 3938 αὐτοῦ
3417 3884 3695 3956 γινόμενα,
3724 3885 3803 3957 τῷ

2233 3977 2466 4031 ἐπίπονα
2509 3971 2666 4040 εἶναι,
2697 3977 2794 4047 οὐχ
2832 3976 3000 4047 ἡδέως
3041 3976 3272 4048 ἔχοντες,
3308 3979 3428 4033 οὐδὲ
3471 3980 3617 4035 ἔλεον
3662 3980 3803 4037 εἶναι

2232 4066 2543 4140 νομίζομεν.
2581 4070 2672 4123 Διὸ
2703 4067 2956 4141 λέγομεν·
2991 4070 3093 4123 Διά
3122 4070 3178 4124 τί
3207 4089 3325 4141 μου
3363 4072 3697 4139 excidam);
3742 4076 3803 4130 ’0

2231 4160 2286 4214 δὲ
2316 4160 2619 4232 διειληφὼς,
2649 4163 2729 4215 ὅτι
2772 4164 2880 4217 πᾶν
2919 4162 2947 4216 6
2980 4163 3173 4233 ὲπάγει
3200 4164 3227 4217 ὁ
3254 4165 3386 4230 Θεὸς
3416 4168 3803 4241 συμφερόντως

2231 4252 2449 4322 ἐπάγει,
2471 4253 2623 4308 οὐδὲν
2652 4256 2767 4325 ὲρεῖ
2788 4255 3045 4322 τοιοῦτον,
3074 4250 3247 4322 εἰδὼς,
3275 4257 3357 4312 ὅτι
3381 4258 3480 4330 τὴν
3512 4260 3803 4330 μετάνοιαν

2231 4344 2417 4411 αὐτοῦ,
2458 4346 2551 4400 καὶ
2576 4347 2675 4418 τὴν
2706 4346 2973 4416 ὠφέλειαν
3021 4349 3541 4421 πραγματευόμενος
3567 4351 3596 4402 6
3642 4352 3800 4417 Θεὸς,

2158 4468 2204 4525 D
2231 4436 2388 4491 τοῦτο
2414 4440 2577 4492 ποιεῖ.
2621 4437 2761 4491 Ἀλλ’
2807 4439 2943 4510 ὅπερ
2984 4439 3262 4511 ἐλέγομεν,
3300 4441 3329 4493 ὁ
3375 4442 3802 4510 μεταγινώσκων

2230 4528 2356 4592 λαὸς
2379 4529 2700 4584 πυνθάνεται
2721 4529 2816 4585 τοῦ
2847 4530 3002 4596 Θεοῦ,
3027 4530 3115 4585 διὰ
3152 4531 3205 4584 τί
3237 4532 3399 4587 αὐτὸν
3424 4535 3803 4602 ἐγκαταλέλοι-

2232 4636 2332 4673 πεν
2357 4619 2527 4685 οὕτως
2551 4620 2930 4693 ὲκθλιϐόμενον
2969 4623 3063 4675 καὶ
3089 4622 3569 4693 σκυθρωπάζοντα.
3587 4626 3698 4695 (80)
3732 4628 3779 4680 Τ
3783 4626 3803 4681 ί

2230 4711 2292 4766 τὸ
2322 4712 2491 4765 αἴτιον
2531 4712 2628 4784 τῆς
2653 4713 2905 4783 τοιαύτης
2932 4713 3401 4785 ὲγκαταλείψεωςς
3435 4723 3496 4769 οὑ
3537 4717 3597 4771 τὸ
3634 4720 3801 4789 τυχὸν

2231 4801 2338 4872 γὰρ
2363 4800 2534 4856 ἔοικεν
2564 4799 2719 4859 εἶναι.
2764 4804 2823 4857 'U
2848 4802 3030 4876 μέντοι
3077 4805 3280 4874 λέγων·
3306 4806 3411 4861 Διά
3434 4808 3491 4860 τί
3520 4826 3638 4877 μου
3693 4809 3802 4863 ἐπα

2230 4892 2483 4959 ελάθου;
2525 4893 2744 4969 θαρρεῖν
2772 4895 2968 4961 ἔοικεν,
2995 4895 3072 4961 ὡς
3106 4898 3272 4969 μηδὲν
3304 4898 3635 4972 πεποιηκὼς,
3667 4900 3735 4954 δι’
3762 4901 3803 4956 ἀ

2232 4985 2687 5040 ὲπιλανθάνεταιό
2711 4986 2860 5051 Θεός.
2891 4988 3039 5042 Πάνυ
3084 4989 3139 5042 δὲ
3172 4990 3330 5044 λυπεῖ
3353 4992 3443 5045 τὸν
3483 4992 3691 5048 δίκαιον
3710 4994 3798 5061 τὸ,

2230 5076 2389 5142 Ποῦ;
2434 5079 2528 5131 ἐπὶ
2567 5079 2700 5131 Θεοῦ
2747 5079 3071 5151 λεγόμενον,
3117 5081 3256 5155 ὅπερ
3302 5085 3419 5138 ἐστὶ
3466 5086 3802 5156 σημαντικὸν

2227 5167 2413 5224 τόπου.
2458 5169 2567 5241 Τῆς
2609 5170 2716 5242 γὰρ
2742 5171 2977 5244 ἐσχάτης
3002 5174 3185 5241 ἀνοίας
3208 5176 3268 5229 τὺ
3298 5178 3355 5229 ὲν
3378 5177 3526 5249 τόπῳ
3553 5177 3804 5246 νομίζειν

2227 5257 2359 5315 εἶναι
2375 5262 2463 5318 τὸν
2479 5263 2629 5318 Θεόν.
2648 5267 2836 5339 Ὄγκῳ
2851 5267 2960 5341 γὰρ
2990 5270 3375 5340 συνυφίσταται
3402 5270 3598 5336 τόπος·
3628 5271 3801 5340 ὄγκου

2225 5349 2282 5403 δὲ
2301 5351 2361 5403 τὸ
2379 5352 2530 5405 Θεῖον
2552 5352 2847 5427 ἐλεύθερον.
2875 5351 3036 5413 οὗτοι
3060 5360 3115 5413 δὲ
3137 5360 3236 5430 τῆς
3258 5360 3424 5431 εὐχῆς
3453 5362 3502 5414 οἱ
3529 5360 3675 5432 λόγοι
3701 5363 3799 5416 καὶ

2223 5438 2304 5511 τῷ
2343 5444 2400 5495 ὲν
2442 5443 2718 5501 Βαϐυλῶνι
2750 5447 2866 5521 λαῷ
2910 5449 3255 5525 ἀρμύζουσιν.
3312 5452 3427 5507 Ἀεὶ
3464 5453 3593 5525 γὰρ,
3639 5455 3799 5525 φησὶ,
