4012 6340
256 356 352 414 15⁸1

1435 347 1795 405 EXCERPTA
1828 347 1893 402 IN
1936 344 2277 402 PSALMOS.

3365 352 3465 407 158

249 478 342 550 τῆς
370 478 465 548 σῆς
487 476 749 550 προνοίας
768 473 963 546 τυχὼν,
992 476 1083 527 καὶ
1112 472 1204 527 νῦν
1233 473 1559 543 γυμνωθεὶς,
1604 470 1799 525 ἀποδύ-

1905 482 2187 523 sermones
2216 466 2378 521 etiam
2401 464 2593 533 populo
2626 476 2927 537 congruunt
2967 468 3242 542 Babylone
3268 473 3463 543 posito.

254 586 427 642 ρομαι,
457 568 533 639 μὴ
580 567 759 638 φέρων
793 567 913 628 τοὺς
959 560 1247 635 πολεμίους
1294 563 1387 615 ἐπὶ
1434 563 1666 633 πληγαῖς
1706 564 1801 616 καὶ

250 656 454 731 δεσμοῖς
478 659 573 712 καὶ
597 658 704 711 τῶν
733 656 877 727 ἐμῶν
902 656 1100 709 ὀστέων
1130 658 1195 727 τῇ
1225 654 1481 727 συντριϐῇ
1504 654 1761 723 λέγοντας
1784 672 1797 685 ο

252 754 369 809 Ποῦ
393 753 561 805 ἐστιν
592 754 626 805 ό
658 750 799 816 Θεός
827 764 971 811 σονς
999 747 1088 801 διὰ
1111 748 1208 818 τὴν
1232 747 1511 802 ἀσθένειαν
1534 748 1703 801 ταῦτά
1734 765 1800 817 με

260 847 468 916 πάσχειν
512 842 1004 915 ὑπολαμϐάνοντας.
1042 840 1398 913 Ἦθικώτερον
1435 840 1512 893 δέ’
1546 842 1711 895 Ὅταν
1751 843 1799 894 οί

259 940 426 1010 ἐχθροὶ
476 939 632 1009 ἡμῶν
678 938 927 1007 δαίμονες
973 934 1062 988 διὰ
1111 935 1210 1005 τῆς
1246 936 1517 1007 ἁμαρτίας
1558 935 1625 989 τὰ
1668 936 1801 989 ὀστᾶ

260 1031 400 1103 ἡμῶν
424 1030 769 1100 συντρίψωσι,
795 1026 1041 1080 τουτέστι
1071 1025 1168 1089 τὰς
1195 1027 1291 1097 τῆς
1311 1026 1486 1097 ψυχῆς
1512 1025 1763 1097 δυνάμεις
1781 1042 1795 1057 ο

262 1123 365 1174 τότε
392 1118 475 1171 τὸν
499 1118 630 1171 Θεὸν
658 1117 907 1187 ἐπίτηδες
930 1116 1064 1187 πρὸς
1094 1117 1238 1186 ἡμᾶς
1260 1114 1334 1179 ώς
1361 1115 1557 1186 ἀσθενῆ
1583 1115 1800 1169 διαϐάλ-

260 1224 440 1275 λουσιν,
467 1213 574 1275 ἴνα,
612 1213 711 1282 τῆς
742 1211 879 1281 πρὸς
923 1208 1083 1261 αὐτὸν
1124 1208 1331 1271 ἐλπίδος
1373 1210 1795 1278 ἀποπήσαντεςν

257 1305 609 1377 λίχμαλώτους
661 1305 755 1358 καὶ
798 1302 1016 1365 δούλους
1068 1301 1438 1373 παραλάϐωσι.
1490 1302 1600 1354 Καὶ
1642 1300 1799 1356 τοῦτο

253 1396 368 1450 καθ’
400 1395 663 1464 ἑκάστην
695 1393 940 1463 ἡμέραν,
971 1392 1213 1445 τουτέστι
1249 1392 1529 1463 διηνεκῶς,
1566 1392 1796 1448 ποιοῦσι.

250 1489 306 1541 Τί
326 1484 417 1542 οὖν
438 1488 542 1560 χρὴ
568 1490 740 1541 ποιεῖν
760 1504 774 1551 ;
800 1486 889 1556 Μὴ
912 1484 1194 1538 ἐκπίπτειν
1220 1486 1298 1547 εἰς
1320 1484 1623 1553 ἀπόγνωσιν
1642 1501 1655 1515 ·
1686 1484 1798 1537 ἀλλ’

245 1576 475 1642 ἐλπίζειν
503 1579 596 1631 ἐπὶ
638 1579 696 1631 τὸ
730 1576 874 1640 ἔλεος
898 1576 989 1630 τοῦ
1030 1575 1189 1641 Θεοῦ,
1229 1573 1411 1639 καθὼς
1446 1576 1504 1628 έν
1528 1576 1640 1639 τοῖς
1674 1574 1802 1646 ἑξῆς

242 1668 613 1741 διδασκόμεθα.

886 1886 1051 1942 ΨᾹΛ.
1090 1887 1172 1941 N'.

300 2009 458 2078 Στίχ.
491 2007 560 2070 ζ’.
601 2003 760 2096 ’ίδοὺ
790 2004 893 2075 γὰρ
921 2005 992 2059 ἐν·
1017 2006 1289 2077 ἀνομίαις
1317 2007 1728 2077 συνελήφθην.

256 2155 260 2159 ”
309 2189 431 2243 Οὐκ
466 2191 523 2241 ὲν
566 2191 631 2259 τῇ
676 2189 870 2261 γαστρὶ
901 2187 1077 2258 μόνον,
1124 2187 1237 2240 ἀλλ’
1278 2188 1461 2259 ἐπειδὴ
1502 2188 1804 2260 παρέλαῶν

232 2301 313 2352 με
350 2283 421 2336 τά
463 2281 597 2353 ἔργα
640 2282 741 2352 τῆς
768 2280 1009 2351 ἀνομίας,
1042 2280 1110 2334 τά
1140 2280 1231 2333 τοῦ
1275 2282 1457 2349 φόνου,
1486 2283 1578 2335 καὶ
1611 2282 1679 2336 τὰ
1706 2283 1804 2353 τῆς

228 2373 523 2444 ἀλλοτρίας
548 2372 732 2443 κοίτης
764 2372 829 2443 ἢν
857 2372 1184 2444 παρανόμως
1210 2373 1463 2442 ἐσύλησα.

398 2509 543 2581 Στίχ.
574 2508 641 2580 η’.
689 2508 840 2563 Ἰδοὺ
872 2508 978 2579 γὰρ
1003 2509 1287 2577 ἀλήθειαν
1312 2510 1646 2580 ἠγάπησας.

315 2622 375 2674 Ὁ
422 2622 545 2687 νοῦς
575 2616 755 2688 οὗτος
795 2626 890 2691 Σὺ,
936 2627 1096 2698 φησι,
1126 2626 1319 2699 Κύριε,
1357 2629 1555 2702 ἀληθὴς
1587 2629 1665 2685 ὣν
1704 2631 1799 2685 καὶ

234 2712 494 2783 ἀλήθειαν
534 2716 783 2783 ἀγαπῶν,
816 2716 1134 2788 βουλόμενος
1174 2722 1322 2792 ἡμᾶς
1349 2723 1405 2774 έν
1428 2722 1654 2793 ἀληθείᾳ
1684 2724 1799 2779 διά-

236 2820 372 2871 γειν,
411 2805 800 2878 ἁποκαθαριεῖς
829 2810 972 2878 ἡμᾶς
1004 2810 1100 2880 τῆς
1123 2810 1352 2880 ἀρχαίας
1382 2813 1680 2883 ἁμαρτίας·
1708 2815 1801 2870 καὶ

236 2893 410 2959 οὕτως
453 2897 877 2969 άποκαθαρίσεις
902 2899 977 2962 ὡς
1024 2900 1165 2971 ὑπὲρ
1209 2901 1360 2970 χιόνα
1406 2902 1796 2975 λευκανθῆναι·

238 2991 272 3060 ἠ
325 2990 383 3043 δὲ
446 2990 820 3064 ἀποκάθαρσις
869 2994 1000 3062 ἡμῖν
1046 2992 1112 3046 δι’
1160 2993 1410 3049 ὑσσώπου
1484 2997 1800 3066 γενήσεται’

238 3080 480 3153 ὑσσώπῳ
509 3082 567 3135 δὲ
609 3086 642 3155 ἡ
677 3083 770 3137 τοῦ
819 3084 975 3152 ἁγίου
1011 3084 1322 3156 Πνεύματος
1372 3085 1616 3157 ἐνέργεια
1666 3088 1800 3156 ἀφο-

243 3170 510 3240 μοιοῦται,
546 3172 909 3242 θερμαίνουσα
934 3174 1029 3227 καὶ
1066 3173 1238 3227 πάντα
1276 3174 1367 3228 τὸν
1396 3177 1453 3229 ὲν
1480 3177 1610 3245 ἡμῖν
1635 3176 1803 3246 ῥύπον

1903 558 2126 628 Semper
2151 556 2315 621 enim,
2347 555 2541 624 inquit,
2587 564 2674 608 tua
2707 557 3039 624 providentia
3078 558 3297 623 fruitus,
3323 575 3465 615 nunc

1900 664 2031 703 vero
2056 648 2319 717 privatus,
2353 660 2672 715 conqueror,
2704 662 2765 701 ac
2802 648 3020 702 vixdum
3079 651 3319 706 sustineo
3367 653 3466 705 ad-

1902 742 2171 796 versarios
2223 740 2274 794 in
2303 738 2474 808 plagis
2519 746 2574 791 et
2610 737 2838 792 vinculis
2878 746 2931 793 et
2961 742 3336 796 contractione
3378 758 3465 796 os-

1901 832 2040 887 sium
2097 845 2335 885 meorum
2370 829 2611 883 dicentes
2646 845 2659 881 :
2697 826 2797 881 Ubi
2838 838 2911 881 est
2956 833 3095 883 Deut
3144 841 3265 884 tuus
3290 833 3316 887 ?
3340 845 3465 901 prn-

1900 933 2018 993 ptcr
2053 922 2472 977 imbecillitatem
2508 920 2624 975 haec
2661 934 2746 974 me
2792 921 2904 990 pati
2950 921 3339 979 existimantes.
3372 925 3464 979 Vel

1899 1012 2072 1081 magis
2103 1012 2385 1065 moraliter
2418 1010 2685 1076 :Quando
2714 1010 2991 1066 daemones
3035 1012 3234 1067 inimici
3269 1016 3460 1082 nostri,

1896 1112 2117 1172 propter
2165 1110 2383 1169 peccata
2436 1115 2556 1155 ossa
2607 1109 2791 1155 nostra
2848 1101 3234 1171 confringunt,
3278 1105 3330 1159 id
3382 1116 3464 1161 est

1898 1195 2089 1250 anima:
2138 1195 2469 1260 facultates;
2500 1202 2625 1248 tunc
2664 1194 2829 1249 Deum
2870 1194 3052 1249 dedita
3086 1210 3250 1264 opera
3299 1212 3461 1266 penes

1898 1302 1995 1343 nos
2048 1296 2303 1357 tanquam
2338 1285 2655 1341 imbecillem
2699 1286 3009 1353 traducunt,
3077 1298 3136 1341 ut
3195 1302 3223 1341 a
3260 1303 3354 1358 spe
3410 1291 3462 1344 in

1897 1379 2044 1435 illum
2068 1379 2402 1449 deﬁcientes,
2439 1379 2703 1449 mancipia
2739 1395 2837 1435 nos
2867 1391 2920 1435 et
2969 1395 3158 1436 servos
3200 1382 3461 1440 habeant.

1899 1472 1966 1528 Et
2021 1446 2097 1527 ἰᾶτ’
2120 1473 2371 1542 quotidie,
2401 1472 2453 1527 id
2489 1482 2573 1527 est
2611 1446 2828 1541 iugiter.
2860 1472 3086 1527 faciunt.
3118 1473 3258 1540 Quid
3297 1475 3464 1544 igitur

1901 1563 2163 1635 agendum
2190 1564 2212 1617 ?
2245 1563 2325 1617 Ne
2353 1564 2407 1618 in
2443 1563 2874 1633 desperationem
2899 1564 3143 1620 labamur
3173 1583 3186 1617 :
3222 1567 3318 1622 sed
3346 1581 3463 1637 spe-

1900 1668 2080 1709 remus
2108 1656 2161 1708 in
2194 1653 2618 1712 misericordiam
2653 1655 2935 1723 Dei,sicut
2952 1667 3007 1712 et
3026 1657 3082 1711 in
3109 1656 3458 1727 sequentibus

1902 1748 2180 1802 docemur.

2524 1899 2717 1955 PSAL.
2755 1901 2814 1955 L.

1903 2013 1964 2067 ν.
1998 2012 2060 2084 7_.
2086 2010 2221 2066 Ecce
2241 2013 2377 2066 enim
2398 2013 2453 2065 in
2474 2014 2836 2084 iniquitatibus
2850 2026 3119 2084 conceptus
3131 2010 3448 2081 tumultu,

1998 2082 2330 2137 Bibliotheca
2361 2098 2489 2137 nova
2520 2082 2768 2149 Patrum,
2798 2086 2903 2154 Vll,
2936 2082 3177 2153 ϐμρτιεῖ.
3206 2099 3257 2153 p.
3307 2086 3380 2154 6.)

1972 2192 2091 2250 Non
2117 2194 2172 2248 in
2203 2205 2360 2248 utero
2385 2203 2587 2247 tantum
2614 2234 2629 2259 ,
2662 2194 2761 2248 sed
2808 2211 2928 2251 cum
2978 2195 3454 2264 apprehendissent

1903 2299 1991 2339 me
2041 2298 2207 2355 Opera
2240 2283 2580 2352 iniquitatis,
2613 2290 2901 2338 tenuerunt
2949 2298 3035 2339 me
3078 2285 3352 2342 homicidii
3400 2296 3456 2343 et

1900 2376 2056 2431 alieni
2087 2374 2325 2430 facinora
2364 2375 2587 2431 thalami
2616 2390 2777 2445 quem
2812 2376 3010 2445 injuste
3030 2375 3244 2431 violavi.

2148 2510 2210 2565 γ.
2237 2510 2287 2565 8.
2325 2508 2454 2565 Ecce
2485 2511 2621 2564 enim
2652 2512 2917 2566 veritatem
2944 2511 3199 2567 dilexisti.

1973 2620 2175 2677 Sensus
2203 2632 2284 2677 est
2316 2622 2406 2677 hic
2438 2639 2452 2676 :
2484 2622 2586 2689 Tu,
2617 2623 2814 2692 inquit,
2848 2624 3111 2689 Domine,
3146 2639 3266 2678 cum
3301 2639 3461 2680 verus

1902 2715 1998 2781 sis,
2031 2713 2387 2783 veritatisque
2426 2723 2658 2779 amator,
2686 2714 2872 2770 volens
2902 2732 3000 2770 nos
3031 2717 3083 2771 in
3113 2714 3341 2771 veritate
3368 2715 3454 2771 νίς·

1899 2822 2046 2872 vere,
2078 2806 2375 2875 puriﬁcasti
2405 2822 2502 2863 nos
2529 2808 2595 2864 ab
2618 2809 2865 2878 originali
2894 2820 3139 2879 peccato,
3169 2820 3226 2865 et
3255 2809 3333 2865 sic
3359 2824 3459 2878 pu-

1900 2896 2137 2974 riﬁcabis
2165 2898 2241 2952 ita
2266 2908 2326 2952 ut
2350 2912 2512 2967 super
2557 2900 2731 2955 nivem
2763 2899 3111 2965 dealbemur;
3148 2899 3455 2969 puriﬁcatio

1902 3000 2086 3045 autem
2135 3000 2322 3045 nostra
2367 3005 2463 3060 per
2492 2990 2778 3061 hySSOpnm
2820 2992 2949 3057 ﬁet;
2999 2993 3232 3063 byssopo
3273 3001 3451 3047 autem

1902 3082 2076 3136 sancti
2124 3081 2359 3150 Spiritus
2402 3082 2576 3138 virtus
2617 3084 3360 3152 comparatur,calefaciens,
3400 3094 3455 3140 et

1902 3186 2116 3227 omnem
2166 3174 2222 3228 in
2275 3173 2430 3229 nobis
2471 3174 2864 3229 immunditiam
2910 3175 3224 3244 abstergens
3266 3192 3283 3229 :
3326 3190 3453 3231 ecce

240 3262 666 3333 ἀποσμήχουσα’
713 3262 821 3316 ἰδοὺ
861 3262 968 3334 γάρ
1006 3263 1408 3336 άποταξαμένου
1445 3283 1543 3336 μου
1584 3266 1660 3337 τῷ
1703 3268 1799 3320 Σα-

1908 3264 2052 3319 enim
2106 3265 2409 3319 renuntiavi
2460 3264 2692 3321 Satanae.
2736 3296 2808 3306 —
2852 3265 3119 3321 Dileaisti.
3177 3266 3453 3337 Sapientia

240 3354 393 3422 τανᾷ.
423 3383 494 3392 -
525 3352 880 3422 Ἠγάπησας.
938 3354 1103 3422 Σοφία
1156 3356 1256 3427 μὲν
1297 3355 1390 3408 τοῦ
1445 3357 1654 3426 Πατρδς
1703 3357 1801 3430 δη-

1900 3357 2117 3423 quidem
2147 3355 2327 3411 Patris
2349 3355 2523 3411 Filius
2553 3367 2637 3411 est
2671 3376 2684 3412 :
2718 3358 2924 3411 incerta
2950 3365 3003 3410 et
3034 3357 3243 3412 occulta
3268 3356 3447 3421 Verbi,

242 3442 410 3497 λονότι
457 3446 486 3497 ὁ
517 3445 714 3514 Λόγος·
753 3444 920 3515 ἄδηλα
951 3444 1007 3497 δὲ
1038 3446 1131 3499 καὶ
1167 3447 1369 3515 κρύφια
1414 3444 1508 3497 τοῦ
1541 3445 1734 3515 Λόγου,
1773 3447 1799 3501 ὁ

1906 3448 2135 3503 Verbum
2188 3450 2564 3516 incarnatum;
2604 3459 2657 3504 et
2688 3451 2802 3505 haec
2839 3450 3017 3503 omnia
3056 3449 3368 3519 negligens,
3398 3451 3451 3504 in

246 3537 335 3607 τῆς
370 3535 829 3607 ὲνανθρωπήσεως
883 3536 1082 3605 Λόγος·
1118 3536 1213 3589 καὶ
1251 3536 1345 3588 ἐπὶ
1382 3535 1588 3599 τούτοις
1641 3538 1799 3590 πᾶσιν

1902 3540 2112 3596 lubrico
2160 3542 2345 3611 lapsus
2372 3557 2495 3597 sum
2542 3550 2597 3596 et
2645 3540 2842 3595 cecidi.
2890 3538 2980 3593 Sic
3021 3548 3224 3604 autem,
3256 3539 3451 3608 inquit,

244 3626 517 3698 ἀμελήσας
557 3626 828 3697 ώλίσθησα
858 3626 952 3679 καὶ
992 3626 1307 3680 κατέπεσον.
1344 3624 1501 3678 Οῦτω
1534 3625 1799 3695 δὲνφησὶ,

1900 3633 2108 3702 iudicas
2133 3654 2145 3689 :
2172 3634 2308 3688 alios
2331 3634 2589 3702 castigas,
2626 3631 2764 3685 alios
2792 3644 3041 3696 coronas,
3074 3629 3328 3699 quoniam
3358 3644 3452 3682 ve-

247 3721 477 3788 κρινεῖς⁶
506 3718 600 3770 καὶ
644 3718 769 3781 τοὺς
805 3719 901 3788 μὲν
945 3716 1212 3781 κολάσεις,
1257 3718 1383 3780 τοὺς
1425 3716 1483 3769 δὲ
1534 3715 1799 3786 στεφανώ-

1904 3724 2117 3779 ritatem
2158 3725 2337 3794 diligis
2365 3741 2380 3778 :
2413 3738 2537 3779 cum
2569 3730 2748 3777 autem
2783 3721 3066 3776 veritatem
3094 3734 3266 3784 amas,
3293 3729 3451 3773 natu-

249 3824 387 3874 σεις,
429 3808 615 3878 ἐπειδὴ
659 3808 755 3879 τὴν
798 3808 1052 3880 ἀλήθειαν
1102 3808 1375 3879 στέργεις’
1420 3808 1517 3881 τὴν
1576 3806 1631 3860 δὲ
1672 3807 1799 3879 άλή·

1904 3829 1978 3867 rae
2005 3813 2379 3868 inﬁrmitatem
2414 3812 2604 3867 videns
2627 3851 2644 3878 ,
2668 3812 2882 3867 veniam
2931 3810 3123 3866 tribuis
3149 3809 3451 3880 petentibus

251 3897 388 3951 θείαν
445 3899 705 3971 στέργων,
746 3899 840 3953 καὶ
882 3899 983 3969 τῆς
1027 3898 1239 3968 φύσεως
1292 3897 1447 3962 εἰδὼς
1487 3898 1584 3970 τὴν
1639 3898 1799 3953 ἀσθέ-

1900 3906 2140 3959 remedia
2175 3926 2186 3959 :
2221 3904 2349 3975 quia
2382 3904 2623 3973 sophista
2658 3912 2899 3958 versatus
2922 3901 3011 3957 fiet
3031 3902 3083 3958 in
3120 3900 3325 3956 theoria
3354 3914 3450 3953 ve-

249 4006 405 4053 νειαν,
438 3990 660 4059 μετάδος
691 3988 800 4059 (81)
838 3987 1161 4061 συγγνώμην
1196 3992 1303 4054 τοῖς
1320 3988 1525 4043 αίτοῦσι
1558 3990 1624 4043 τά
1663 3989 1799 4062 φάρ-

1900 4000 2098 4066 ritatis,
2133 3997 2513 4054 sublimitatem
2543 3997 2658 4068 ejus
2687 4010 2808 4052 cum
2852 3994 3185 4066 cognoverit,
3211 4007 3445 4047 amorem

252 4099 421 4151 μακα·
454 4084 535 4135 ὃτι
576 4082 895 4152 σοφιστικῶς
925 4081 1037 4149 ἕξει
1074 4082 1510 4153 γεγυμνασμένος
1546 4082 1636 4134 ἐπὶ
1673 4080 1799 4136 θεω-

1900 4106 1996 4160 pro
2039 4106 2099 4145 ea
2136 4090 2351 4145 habebit
2392 4089 2691 4159 perlectum
2725 4106 2740 4142 :
2776 4086 2865 4156 qui
2909 4101 3018 4141 non
3068 4086 3121 4140 in
3156 4084 3449 4138 mendaciis

255 4174 335 4244 ρίᾳ
367 4175 465 4244 τῆς
506 4174 761 4245 ἀληθείας
786 4192 798 4204 ⁸
836 4174 895 4228 τὸ
924 4173 1149 4245 μέγεθος
1173 4175 1337 4245 αὐτῆς
1365 4173 1543 4242 γνοὺς,
1580 4174 1797 4244 ἀγάπην

1900 4183 2091 4236 versati
2126 4181 2343 4244 fuerint,
2381 4178 2805 4249 perspicaciores
2844 4176 2994 4242 facti,
3025 4173 3451 4243 contemplantes

257 4267 378 4337 πρὸς
419 4266 613 4337 ἑαυτὴν
647 4266 768 4337 ἔσχε
813 4266 1050 4319 τελείαν
1081 4268 1128 4319 οί
1166 4264 1243 4336 μὴ
1271 4266 1377 4336 γὰρ
1414 4267 1523 4329 τοῖς
1551 4265 1796 4335 ψεύδεσιν

1900 4275 2143 4329 veritatis
2173 4272 2545 4328 admirabilem
2568 4269 3051 4341 pulchritudinetn,
3091 4264 3276 4335 quales
3296 4263 3449 4319 fuere

259 4360 740 4429 ὲγγυμνασάμενοι,
783 4356 1215 4429 διορατικώτεροι
1261 4357 1606 4429 γεγενημένοι
1639 4357 1796 4412 καθο-

1900 4367 2101 4436 Moyses
2139 4374 2193 4422 et
2222 4365 2452 4431 Daniel;
2498 4375 2779 4434 postquam
2810 4362 2955 4417 enim
3004 4356 3332 4425 tentaverint
3358 4372 3446 4411 so-

258 4445 374 4516 ρῶσι
406 4447 504 4517 τῆς
543 4447 798 4517 ἀληθείας
839 4448 899 4500 τὸ
924 4447 1245 4515 ἀξιάγαστον
1282 4446 1497 4510 κάλλος·
1538 4444 1647 4512 οἷός
1680 4451 1794 4502 ἐστι

1900 4455 2121 4523 phistica
2151 4454 2339 4522 verba,
2382 4467 2551 4523 usque
2592 4454 2658 4508 ad
2690 4466 2873 4506 veram
2913 4449 3228 4518 sapientiam
3258 4460 3447 4500 ascen-

252 4539 473 4609 Μωῦσῆς
515 4538 610 4593 καὶ
649 4538 868 4609 Δανιήλο
916 4539 1052 4608 μετὰ
1097 4538 1204 4609 γὰρ
1250 4538 1310 4591 τὸ
1352 4537 1671 4609 πειραθῆναι
1710 4556 1794 4593 σο-

1900 4545 2085 4598 dentes
2108 4582 2127 4607 ,
2169 4558 2198 4596 a
2231 4544 2338 4597 Deo
2375 4542 2746 4597 testimonium
2775 4548 3095 4607 acceperunt
3127 4537 3266 4606 quod
3295 4536 3448 4590 erant

254 4631 498 4698 φιστικῶν
533 4630 726 4700 λόγων,
763 4631 848 4683 ἐπ’
887 4631 1053 4702 αὐτὴν
1090 4629 1187 4701 τὴν
1230 4629 1398 4702 ἀληθῆ
1435 4630 1624 4697 σοφίαν
1662 4632 1792 4684 ἀνα-

1900 4634 2170 4704 sapientes
2216 4632 2441 4703 perfecti
2470 4650 2484 4687 :
2511 4631 2651 4687 Deus
2686 4633 2791 4687 illis
2836 4630 3201 4685 maniiestavit
3244 4630 3446 4682 incerta

255 4721 455 4787 ϐάντες,
499 4723 603 4775 ὑπὸ
639 4722 733 4775 τοῦ
783 4721 913 4775 Θεοῦ
964 4722 1261 4793 μαρτυρίαν
1315 4721 1488 4791 ἔσχον,
1526 4722 1601 4785 ὡς
1642 4722 1793 4785 ὄντες

1900 4735 1949 4780 et
1977 4724 2188 4780 occulta
2214 4725 2495 4794 sapientia:
2524 4724 2713 4793 ipsius,
2733 4732 2792 4778 ut
2821 4722 2951 4776 nihil
2980 4722 3111 4791 ipsis
3134 4720 3445 4777 obscurum.

254 4815 424 4868 τέλειοι
463 4815 646 4884 σοφοί·
677 4813 1007 4886 δηλώσαντος
1031 4814 1210 4877 αὐτοῖς
1234 4813 1324 4866 τοῦ
1363 4813 1496 4866 Θεοῦ
1532 4814 1599 4867 τὰ
1626 4813 1792 4885 ἄδηλα

1900 4831 1999 4871 nec
2029 4816 2267 4871 tenebris
2294 4824 2536 4883 opertum
2565 4821 2803 4869 maneret
2833 4831 2847 4867 :
2876 4813 3041 4867 David
3075 4810 3282 4866 invenit
3308 4808 3448 4862 hanc

256 4909 331 4961 καὶ
376 4908 583 4979 κρύφια
623 4907 720 4977 τῆς
775 4907 961 4975 σοφίας
1010 4905 1208 4970 αὐτοῦ,
1265 4906 1338 4969 ώς
1387 4906 1549 4975 μηδὲν
1614 4907 1794 4968 αὐτοῖς

1900 4907 2153 4961 eximiam
2182 4905 2558 4961 facultatem...
2597 4906 2649 4958 in
2678 4905 2769 4958 vili
2801 4904 3112 4960 conditione
3145 4920 3159 4956 :
3189 4899 3304 4953 Non
3332 4909 3446 4952 tan-

256 4997 435 5064 ἀσαφὲς
488 4996 521 5067 ἦ
570 4997 1002 5067 άπεσκιασμένον
1048 4993 1213 5050 εἶναι·
1259 4996 1456 5067 ταύτης
1494 4996 1590 5065 τῆς
1631 4995 1793 5063 ἕξεως

1902 5007 2012 5051 tum
2049 4998 2100 5052 in
2129 4997 2321 5051 throno
2351 4996 2531 5051 saeculi
2565 5011 2649 5050 me
2677 4995 2972 5059 collocasti,
3001 4994 3097 5048 sed
3123 4991 3287 5047 etiam
3316 5003 3443 5058 pro-

258 5087 334 5138 καὶ
355 5089 382 5139 ὁ
407 5085 568 5139 Δαυῖδ
599 5088 909 5157 τυγχάνειν.
938 5130 949 5142 .
978 5128 990 5140 .
1021 5087 1108 5141 διὰ
1144 5088 1234 5141 τοῦ
1266 5088 1622 5159 προκειμένου
1655 5086 1797 5140 στοί-

1900 5089 2107 5157 phetico
2138 5102 2358 5141 munere
2382 5087 2661 5142 honorasti
2696 5102 2804 5152 me,
2828 5095 2882 5140 et
2916 5100 3033 5157 quae
3061 5097 3184 5138 mox
3220 5089 3443 5135 ventura

258 5194 358 5246 χον⁹
392 5178 462 5231 Οὐ
498 5178 604 5247 γάρ
642 5178 799 5248 μόνον
831 5196 895 5249 με
930 5182 1041 5242 τοῖς
1072 5178 1340 5249 βιωτικοῖς
1379 5176 1655 5247 ἐνίδρυσας
1686 5174 1794 5229 Θώ-

1900 5188 2021 5231 sunt
2042 5176 2422 5244 manifestasti,
2457 5186 2513 5231 et
2545 5191 2663 5246 qum
2693 5174 2811 5231 aliis
2847 5175 3053 5248 ignota,
3080 5171 3345 5229 evidentia
3371 5170 3445 5224 l'e-

262 5286 383 5333 κοις,
424 5269 560 5323 ἀλλὰ
605 5270 698 5324 καὶ
737 5271 1072 5341 πῳφητικῆς
1115 5271 1348 5341 ἠξίωσας
1402 5269 1653 5341 χάριτος,
1702 5267 1796 5320 καὶ

1900 5269 2039 5335 cisti,
2075 5268 2286 5324 scilicet
2316 5268 2590 5338 Unigeniti
2622 5272 2699 5325 tui
2743 5269 3172 5323 Incarnationem
3194 5304 3209 5330 ,
3239 5273 3291 5317 et
3321 5264 3445 5318 inde

262 5361 314 5414 τὰ
342 5362 525 5432 μικρὸν
554 5362 785 5432 ἐσόμενα
821 5362 1248 5433 προδεδήλωκας,
1272 5362 1454 5416 καὶτὰ
1475 5364 1587 5424 τοῖς
1617 5359 1798 5424 ἄλλοις

1903 5373 2171 5417 terrarum
2197 5362 2345 5417 orbis
2376 5362 2747 5418 salvationem.

264 5454 518 5525 ἀπόρρητα
560 5455 683 5523 ἐμοὶ
712 5453 845 5524 δῆλα
872 5446 1186 5527 πεποίηκας,
1222 5457 1319 5527 τήν
1367 5472 1424 5508 τε
1478 5450 1572 5507 τοῦ
1601 5451 1931 5521 Μονογενοῦς
1970 5470 2061 5508 σου
2115 5454 2539 5527 ὲνανθρώπησιν,
2579 5457 2672 5509 καὶ
2721 5454 2818 5526 τῆς
2874 5447 3192 5527 οἰκουμένης
3239 5448 3450 5507 ἐκεῖθεν

265 5549 340 5619 τὴν
365 5546 653 5620 σωτηρίαν.

320 5736 419 5809 (81)
445 5734 610 5791 Forte
650 5735 961 5806 μεταδίδως.
1562 5796 1567 5801 .

507 5847 782 5907 PATROL.
813 5844 936 5909 Gn.
966 5844 1161 5907 XVII.
1720 5834 1727 5841 ’

2776 5834 2779 5837 ’
3138 5833 3179 5893 5
