4012 6340
545 349 646 406 159

1082 446 1276 500 PSAL.
1317 446 1568 499 LXXVII.

684 538 742 594 ν.
776 537 862 591 50.
895 539 1076 589 Adhuc
1115 539 1386 591 exsistente
1421 554 1538 590 esca
1569 539 1624 592 in
1653 555 1742 592 ore
1768 557 1968 594 eorum.

539 691 604 751 ν.
627 693 714 749 51.
756 691 853 766 Ira
885 691 980 745 Dei
1007 690 1236 766 ascendit
1267 692 1320 743 in
1361 693 1499 766 illos,
1533 705 1579 766 et
1604 697 1803 766 occidit
1843 698 1896 749 in
1923 697 2091 766 pluri-

746 765 837 816 bus
858 777 1033 815 eorum
1056 776 1076 824 ;
1109 772 1154 814 et
1181 760 1366 815 electos
1397 761 1565 817 Israel
1594 765 1878 834 impedivit.

606 910 856 966 Videntes
877 918 1294 979 ortygometram
1340 911 1570 980 Hebraei,
1614 931 1718 972 non
1746 921 2087 977 crediderunt

534 999 999 1069 pollicitationibus
1025 1000 1241 1067 divinis,
1287 1016 1408 1056 cum
1442 1006 1785 1073 promisisset
1835 1012 1974 1068 Deus
2002 1014 2085 1068 fo-

533 1107 610 1156 re,
639 1101 697 1145 ut
729 1104 896 1158 usque
921 1089 976 1142 in
1008 1104 1248 1143 mensem
1286 1095 1515 1150 nutriret
1535 1109 1628 1152 eos
1651 1100 1717 1154 ad
1750 1103 2084 1158 satietatem.

531 1184 634 1237 Sed
670 1183 844 1245 veriti,
884 1197 950 1236 ne
980 1179 1222 1235 avolaret
1250 1184 1334 1237 vel
1373 1185 1624 1243 deﬁceret
1658 1190 1875 1258 iterum,
1912 1193 2086 1262 Refri-

525 1283 858 1343 geraverunt,
894 1273 990 1337 ait,
1044 1273 1141 1326 sibi
1172 1275 1600 1346 refrigerationes
1627 1282 1681 1334 in
1727 1299 1853 1354 gyro
1884 1296 2084 1340 castro-

523 1385 661 1424 rum.
699 1366 766 1420 Et
798 1383 982 1420 carnes
1004 1368 1176 1422 adhuc
1215 1378 1362 1424 erant
1389 1372 1443 1424 in
1477 1372 1716 1428 dentibus
1744 1393 1946 1443 eorum,
1987 1397 2083 1433 an-

523 1470 726 1528 tequam
748 1460 1020 1526 deﬁcerent
1049 1475 1066 1510 :
1096 1469 1143 1510 et
1166 1459 1419 1515 Dominus
1446 1464 1610 1518 iratus
1632 1475 1706 1520 est
1737 1467 1793 1521 in
1811 1469 2078 1538 populum.

1420 351 1974 407 SUPPLEMENTUM
2010 352 2098 408 AD
2133 352 2449 410 ORIGENIS
2490 350 2892 416 EXEGETICA.

2123 470 2168 522 Α
2821 457 2975 509 tam.
3036 458 3145 512 oz'.

3650 371 3751 428 HO

2198 545 2340 614 Στίχ.
2365 545 2426 597 λ’.
2459 546 2528 596 Ἕ
2531 560 2583 597 τι
2617 543 2719 612 τῆς
2750 547 3028 635 βρώσεως
3061 551 3248 618 οὔσης
3285 553 3353 605 ἐν
3384 552 3462 618 τῷ
3501 557 3747 625 στόματι

2865 636 3080 672 αυτων.

2197 707 2339 783 Στίιχ.
2364 707 2471 783 λα’.
2519 706 2700 783 Ὀργὴ
2733 710 2844 783 τοῦ
2857 781 2864 783 _
2886 711 3033 764 Θεοῦ
3067 711 3246 780 ἀνέϐη
3265 715 3356 766 ἐπ’
3379 716 3620 783 αὐτοὺς,
3651 719 3752 772 καὶ

2262 777 2568 854 ἀπέκτεινε
2608 779 2873 854 τοζςμ(82)
2908 783 3188 854 πλείοσιν
3217 777 3414 854 αὐτῶν
3434 803 3447 818 ο
3477 777 3590 840 καὶ⁷
3609 777 3755 854 τοὺς

2259 847 2580 914 ἐκλεκτοὺς
2602 849 2705 905 τοῦ
2741 847 3430 918 Ἰσραὴχσυνεπόδισεν.

2275 936 2488 1000 ’ἰδόντες
2512 938 2608 1008 τὴν
2636 940 3044 1010 όρτυγομήτραν
3086 939 3339 1011 Ἑϐραῖοι,
3367 942 3464 995 οὐκ
3501 944 3746 997 ἐπίστευ-

2191 1044 2286 1079 σαν
2310 1031 2374 1098 τῇ
2397 1028 2489 1081 τοῦ
2511 1029 2642 1082 Θεοῦ
2671 1030 2985 1101 ἐπαγγελίᾳ,
3009 1031 3374 1102 ὑποσχομένου
3398 1034 3556 1103 μέχρι
3580 1033 3755 1105 μηνὸς

2185 1117 2465 1191 διαθρέψαι
2496 1119 2689 1181 αὐτοὺς
2713 1121 2791 1182 εἰς
2819 1119 3150 1190 πλησμονήν.
3194 1121 3372 1184 Ἀλλὰ,
3418 1120 3754 1192 φοϐηθέντες

2187 1210 2392 1280 μήποτε
2425 1211 2638 1282 ἀποπτῇ
2682 1211 2715 1282 ἢ
2757 1211 3003 1283 ἀναλωθῇ
3038 1212 3218 1274 πάλιν,
3254 1213 3545 1281 "Egi-visam
3588 1214 3749 1283 φησὶ,

2180 1301 2414 1367 ἑαυτοῦς
2439 1303 2714 1372 ψυγέα-οὺς
2744 1305 2946 1368 κύκλῳ
2976 1303 3084 1373 τῆς
3107 1303 3499 1374 παρεμϐολῆς.
3525 1305 3634 1359 Καὶ
3674 1306 3751 1358 τὰ

2183 1393 2325 1462 κρέα
2345 1393 2430 1446 ἔτι
2453 1391 2530 1463 ἦν
2562 1395 2632 1447 ἐν
2652 1395 2776 1461 τοῖς
2811 1395 3055 1449 ὀδοῦσιν
3085 1396 3297 1460 αὐτῶν,
3336 1398 3478 1465 πρὶν
3508 1397 3545 1465 ἣ
3584 1399 3749 1452 ἐκλι-

2180 1485 2313 1538 πεῖν
2330 1502 2342 1514 ·
2375 1486 2471 1541 καὶ
2497 1487 2710 1554 Κύριος
2735 1487 2998 1556 ἐθυμώθη
3027 1491 3113 1554 εἰς
3139 1488 3246 1541 τὸν
3259 1490 3428 1541 λαόν.
3465 1489 3572 1542 Kal
3592 1489 3745 1542 ἑπά-

520 1554 591 1607 Ει
634 1556 886 1624 percussit
933 1555 1187 1627 Dominus
1222 1556 1473 1626 populum
1509 1561 1839 1626 percussione
1884 1579 2055 1632 magni

2182 1576 2325 1641 ταξε
2378 1578 2593 1645 Κύριος
2638 1577 2744 1630 τὸν
2781 1554 2935 1631 λαὸν
2976 1554 3178 1648 ,πληγῇ
3215 1578 3446 1648 μεγάλῃ
3484 1580 3741 1648 σφόδρα.

520 1649 667 1703 ualde
695 1648 758 1701 ".
795 1648 920 1703 Haec
948 1651 1220 1716 percussio
1243 1667 1454 1720 magna.
1501 1666 1649 1706 mors
1684 1652 1784 1706 fuit
1818 1653 2078 1722 plurimo-

520 1755 664 1805 rum,
687 1741 841 1810 juxta
881 1741 1020 1810 quod
1076 1741 1160 1796 hic
1193 1741 1394 1796 dicitur
1425 1760 1438 1795 :
1475 1742 1681 1796 Occidit
1722 1745 1777 1796 in
1814 1745 2072 1814 pluribus,

2176 1668 2383 1739 Πληγή
2443 1667 2503 1722 δὲ
2555 1668 2804 1739 μεγάλη,
2840 1672 2868 1724 ό
2912 1671 3115 1725 πολλῶν
3170 1671 3425 1735 θάνατος,
3488 1674 3625 1727 κατὰ
3680 1672 3746 1726 τὺ

2175 1763 2457 1834 εἰρημένον
2541 1763 2802 1817 ἐνταῦθα’
2871 1766 2953 1818 ὅτι
3036 1766 3406 1821 Ἀπέκτεινεν
3471 1767 3540 1820 ἐν
3613 1767 3745 1833 τοῖς

518 1830 574 1885 id
627 1841 708 1885 est
753 1830 968 1885 multos.
1017 1830 1122 1884 Sed
1155 1847 1188 1886 ο
1243 1833 1718 1902 ingratitudinem!
1769 1836 2055 1908 Antequau

2173 1830 2430 1912 πλείοσι,
2483 1853 2724 1907 τουτέστι
2770 1854 3010 1918 πολλούς.
3077 1855 3212 1907 Ἀλλ’
3254 1855 3299 1908 ὣ
3351 1857 3447 1928 τῆς
3489 1830 3742 1928 ἀγνωμῷ

517 1932 969 1978 consumerentur
1009 1937 1203 1978 carnes
1249 1939 1368 1994 qua:
1402 1936 1557 1980 erant
1603 1927 1656 1981 in
1698 1927 1945 1985 dentibus
1977 1945 2067 1986 eo.

516 2029 658 2082 rum,
705 2013 965 2069 increduli
1020 2015 1260 2083 fuerunt,
1308 2018 1459 2072 obliti
1504 2019 1755 2087 potentia:
1791 2022 1902 2079 Dei.
1942 2022 2071 2078 Pro-

513 2097 697 2175 pterea
729 2108 995 2163 desiderio
1024 2108 1238 2177 quidem
1272 2125 1372 2165 suo
1417 2112 1596 2165 satiati
1626 2121 1748 2167 sunt
1787 2113 1853 2169 ad
1879 2127 2066 2171 osten-

513 2200 717 2252 sionem
740 2199 1092 2268 providentia:
1117 2202 1312 2256 divinae
1337 2217 1462 2270 erga
1496 2203 1614 2258 illos
1640 2222 1653 2257 :
1685 2207 1860 2261 evasit
1890 2217 2066 2264 tamen

511 2292 640 2358 illis,
659 2301 877 2361 propter
906 2294 1273 2349 inﬁdelitatem
1303 2305 1358 2351 et
1386 2296 1696 2365 ingluviem,
1731 2299 1784 2352 in
1820 2305 2064 2357 morbum

511 2383 766 2449 cholerm,
807 2398 911 2452 qua
945 2385 1098 2439 multi
1130 2384 1472 2441 interierunt.
1501 2387 1736 2452 Quorum
1761 2391 2061 2461 exemplum

455 2496 469 2505 -
507 2487 618 2531 tam
645 2477 750 2530 illis
786 2477 936 2547 ipsis,
960 2492 1118 2547 quam
1148 2479 1235 2544 iis,
1268 2478 1360 2549 qui
1394 2478 1461 2532 ad
1492 2493 1586 2534 eos
1611 2481 1924 2549 respiciunt,
1949 2482 2066 2539 suf-

507 2569 694 2625 ﬁciens
719 2570 785 2623 ad
819 2570 1012 2624 bonam
1046 2571 1248 2642 frugem
1284 2571 1403 2626 fuit.

575 2659 728 2724 Illud,
760 2660 813 2711 in
835 2657 1033 2723 multis,
1059 2659 1248 2728 Aquila
1278 2669 1332 2714 et
1361 2659 1719 2729 Symmachus
1752 2665 2053 2734 ediderunt,

502 2754 559 2805 in
589 2750 864 2821 pinguibus
886 2761 934 2804 et
961 2751 1278 2806 obesioribus
1304 2752 1383 2819 ἰς
1421 2753 1643 2810 ditiores
1667 2757 1844 2826 populi
1872 2771 1926 2813 et
1958 2759 2061 2814 for-

503 2843 673 2902 tiores
702 2841 780 2895 sic
807 2839 1153 2912 appellantes.
1186 2841 1504 2899 Verosimile
1529 2846 1675 2900 enim
1701 2857 1784 2901 est
1812 2863 1904 2904 eos
1932 2865 2057 2919 pro-

500 2942 686 3002 pterea
718 2932 1078 2989 insatiabilius
1109 2933 1427 2990 comedisse.
1477 2931 1584 2990 Sed
1615 2938 1903 2991 secundum
1925 2938 2058 2992 LXX

499 3023 559 3073 in
589 3021 820 3086 pluribus
846 3022 1057 3087 occidit,
1112 3023 1163 3076 id
1191 3033 1274 3078 est
1322 3025 1541 3092 multos,
1582 3041 1716 3095 quos
1758 3027 1920 3092 etiam
1949 3029 2057 3084 ele-

2175 1941 2365 2013 σύνηςί
2392 1944 2577 2016 Πρὶνῆ
2610 1945 2979 2017 δαπανηθῆναι
3004 1945 3072 2000 τά
3099 1948 3156 1998 ἐν
3183 1950 3293 2010 τοῖς
3323 1946 3529 2001 ὀδοῦσιν
3561 1949 3742 2004 αὐτῶν

2171 2032 2328 2102 κρέα,
2356 2035 2665 2105 ἠπίστησαν
2711 2035 3083 2105 ἐπιλαθόμενοι
3126 2035 3226 2106 τῆς
3256 2035 3350 2089 τοῦ
3398 2037 3531 2090 Θεοῦ
3578 2038 3739 2092 δυνά-

2172 2143 2334 2195 μεως.
2375 2127 2465 2180 Διὸ
2493 2128 2590 2199 τῆς
2637 2129 2735 2198 μὲν
2773 2128 3062 2199 ἐπιθυμίας
3107 2128 3284 2182 αὐτῶν
3328 2129 3739 2201 ἐνεπλήσθησαν

2169 2218 2246 2279 εἰς
2275 2215 2492 2282 ἔνδειξιν
2524 2212 2620 2290 τῆς
2645 2221 2771 2291 περί
2807 2220 3002 2282 αὐτοὺς
3037 2217 3186 2283 θείας
3223 2220 3475 2290 προνοίας
3498 2237 3511 2249 ·
3549 2221 3736 2291 ἀπέϐη

2168 2307 2223 2360 δὲ
2254 2309 2454 2373 αὐτοῖς,
2481 2309 2570 2363 διὰ
2594 2309 2689 2382 τὴν
2714 2311 2965 2365 ἀπιστίαν
2997 2313 3090 2365 καὶ
3117 2311 3433 2382 ἀπληστίαν,
3465 2314 3542 2376 εἰς
3579 2313 3737 2366 νόσον

2170 2398 2413 2470 χολέρας,
2459 2401 2548 2469 ὑφ’
2599 2398 2667 2472 ἦς
2723 2402 2905 2456 πολλοὶ
2950 2403 3339 2474 διεφθάρησαν’
3382 2394 3454 2457 ὧν
3507 2404 3567 2456 τὸ
3598 2405 3738 2457 ὑπό-

2170 2488 2364 2560 δειγμα
2397 2490 2577 2554 αὐτοῖς
2622 2509 2680 2543 τε
2728 2492 2973 2558 ἐκείνοις,
3021 2493 3114 2546 καὶ
3152 2497 3262 2557 τοῖς
3307 2494 3441 2566 πρὸς
3486 2496 3733 2560 ἐκείνους

2171 2580 2388 2652 ὁρῶσιν,
2422 2583 2601 2637 ἰκανὸν
2639 2584 2774 2653 πρὸς
2804 2583 3153 2655 σωφροσύνην
3184 2586 3416 2654 ἐγένετο.

2232 2672 2306 2725 Τὸ
2333 2671 2408 2735 δὲ,
2441 2673 2510 2725 ἐν
2541 2673 2663 2739 τοῖς
2695 2674 2988 2736 πλείοσιν,
3037 2675 3262 2740 Ἀκύλας
3293 2677 3387 2730 καὶ
3410 2676 3728 2749 Σύμμαχος,

2167 2765 2237 2818 ἐν
2275 2764 2394 2830 τοῖς
2431 2765 2601 2820 πίοσί
2643 2766 2740 2818 καὶ
2783 2767 3211 2836 λιπαροτέροις,
3268 2766 3549 2834 ἐξέδωκαν,
3597 2773 3728 2834 τοὺς

2162 2854 2589 2928 πλουσιωτέρους
2645 2857 2736 2910 τοῦ
2792 2857 2920 2912 λαοῦ
2981 2860 3071 2912 καί¹
3134 2861 3507 2932 ἰσχυροτέρους
3549 2862 3729 2927 οὕτως

2161 2946 2537 3016 ὀνομάσαντες.
2578 2949 2736 3012 Εἰκὸς
2765 2949 2872 3022 γὰρ
2901 2951 3094 3014 αὐτοὺς
3129 2951 3217 3005 διὰ
3250 2953 3404 3005 τοῦτο
3450 2955 3726 3024 ἀπληστο-

2162 3037 2332 3107 τέρως
2380 3039 2747 3110 ἐμφορεῖσθαι.
2809 3042 2967 3095 Κατὰ
3015 3043 3071 3096 δὲ
3116 3045 3241 3108 τοὺς
3302 3045 3724 3116 Ἑϐδομήκοντα,

500 3121 619 3166 ctos
647 3112 858 3166 vocavit
887 3111 1074 3175 David,
1107 3122 1288 3182 utpote
1314 3113 1620 3183 belligeros.
1663 3116 1726 3170 Hi
1759 3133 1915 3186 porro
1945 3120 2055 3174 fue-

2159 3127 2226 3179 ἐν
2267 3128 2391 3195 τοῖς
2434 3131 2712 3189 πλείοσιν
2758 3133 3132 3199 ἀπέκτεινεν,
3176 3135 3413 3189 τουτέστι
3458 3137 3720 3203 πολλοὺς,

500 3214 628 3259 runt
673 3213 921 3259 sexcenta
971 3204 1134 3258 millia
1184 3205 1464 3276 quingenti
1515 3215 1568 3263 et
1612 3210 1993 3281 quinquaginta
2021 3228 2050 3266 a

497 3294 764 3350 vicennali
812 3303 968 3350 aetate
991 3304 1044 3348 et
1087 3311 1270 3366 supra,
1321 3309 1545 3368 excepta
1594 3300 1838 3356 inferiori
1871 3313 2047 3372 artate,

497 3385 839 3450 mulieribus,
864 3394 920 3440 et
944 3386 1195 3442 universa
1229 3389 1372 3444 tribu
1404 3389 1550 3444 Levi.
1602 3389 1709 3446 Hos
1740 3407 1926 3447 omnes
1953 3411 2051 3449 nu-

499 3477 646 3531 trivit
692 3476 833 3532 Deus
881 3476 1037 3544 longo
1081 3485 1325 3549 tempore
1366 3480 1432 3534 ad
1477 3482 1828 3546 satietatem;
1878 3483 2052 3553 inquit

494 3569 636 3624 enim
672 3586 685 3622 :
723 3568 892 3640 Usque
935 3571 1004 3624 ad
1042 3587 1262 3627 mensem
1307 3571 1508 3626 dierum
1543 3573 1841 3639 comedetis,
1889 3575 2048 3630 donec

491 3671 634 3714 exeat
666 3677 728 3715 ex
775 3662 990 3715 naribus
1019 3663 1200 3716 vestris
1227 3664 1292 3716 ⁸⁵.
1332 3663 1529 3718 Videns
1559 3664 1814 3734 populum
1849 3681 2046 3723 concu-

490 3754 804 3820 piscentem,
835 3763 888 3809 et
909 3769 1138 3825 purgare
1167 3769 1290 3809 eum
1318 3754 1503 3810 volens
1531 3770 1559 3809 a
1582 3759 2044 3828 concupiscentia,

487 3843 706 3898 videbat
750 3843 892 3911 quod
927 3858 1176 3899 sermone
1222 3845 1502 3899 doctrinali
1555 3861 1659 3901 non
1699 3859 2042 3918 purgaretur,

489 3933 584 3987 sed
635 3943 842 3988 tantum
891 3936 1329 4004 concupiscentia
1390 3937 1442 3990 in
1495 3939 1797 3994 satietatem
1865 3953 2040 3994 versa.

487 4025 739 4078 Omnium
766 4026 904 4078 enim
931 4039 1106 4087 rerum
1133 4028 1354 4082 satietas
1383 4038 1482 4092 est,
1517 4045 1621 4084 non
1657 4033 1828 4085 somni
1865 4033 2040 4097 modo,

485 4115 579 4170 sed
614 4123 667 4170 et
699 4116 958 4169 ciborum.
997 4115 1284 4185 Propterea
1331 4119 1476 4173 misit
1504 4121 1570 4174 ad
1602 4136 1694 4176 eos
1742 4134 2043 4194 ortygome-

487 4214 624 4258 Iram
671 4206 736 4260 ad
771 4207 985 4276 triginta
1034 4206 1193 4263 dies:
1239 4208 1314 4261 illi
1359 4224 1508 4273 vero,
1560 4211 1780 4264 nimium
1806 4215 2039 4270 satietati

483 4297 845 4368 indulgentes,
879 4297 1147 4353 choleriea
1182 4297 1464 4355 all'ectione
1488 4303 1825 4358 interierunt.

475 4425 480 4449 ι
551 4391 643 4448 Bis
672 4401 850 4446 autem
880 4392 1095 4447 invenio
1118 4393 1369 4463 populum
1396 4395 1696 4450 comedisse
1725 4407 2036 4468 ortygome-

2153 3223 2246 3286 οὒς
2261 3225 2357 3278 καὶ
2384 3225 2667 3292 ἐκλεκτοὺς
2695 3229 2948 3282 ἐκάλεσεν
2978 3232 3006 3283 ὁ
3037 3230 3217 3294 Δαυῖδ,
3257 3231 3332 3294 ὡς
3362 3233 3714 3303 πολεμιστάς.

2154 3317 2214 3367 Οἰ
2243 3314 2298 3367 δὲ
2339 3311 2477 3384 ἦσαν
2527 3317 2801 3383 ἑξακόσιαι
2844 3320 3073 3389 χιλιάδες
3118 3322 3211 3373 καὶ
3249 3323 3588 3376 πεντακόσιοι
3622 3326 3722 3377 καὶ

2151 3407 2483 3476 πεντήκοντα
2509 3407 2616 3459 ἀπὸ
2643 3408 2979 3474 εἰκοσαετοῦς
3000 3412 3094 3463 καὶ
3122 3413 3394 3484 ἀνωτέρω,
3423 3415 3590 3485 χωρὶς
3613 3415 3718 3485 τῆς

2151 3497 2458 3567 κατωτέρας
2483 3497 2711 3567 ἡλικίας,
2748 3501 2838 3552 καὶ
2866 3500 2972 3553 τῶν
3007 3501 3301 3568 γυναικῶν,
3335 3503 3426 3555 καὶ
3453 3503 3579 3574 ὅλης
3608 3505 3714 3574 τῆς

2151 3587 2322 3658 φυλῆς
2361 3587 2454 3640 τοῦ
2497 3589 2642 3643 Λευί.
2694 3591 2926 3656 Τούτους
2971 3592 3211 3657 ἅπαντας
3257 3593 3482 3665 ἔθρεψεν
3513 3598 3542 3647 ό
3579 3596 3717 3658 Θεὸς

2149 3683 2226 3744 είς
2260 3682 2418 3753 κόρον
2456 3685 2547 3737 ἐπὶ
2575 3683 2726 3737 πολύ.
2755 3685 2896 3755 Ἔφη
2919 3683 3025 3755 γάρ
3043 3702 3056 3716 ο
3091 3686 3236 3751 Ἕως
3259 3686 3452 3754 μηνὸς
3475 3687 3716 3756 ἡμερῶν

2149 3773 2427 3844 φάγεσθε,
2456 3776 2563 3842 ἕως
2590 3775 2666 3829 ἂν
2684 3775 2899 3844 ἐξέλθῃ
2932 3776 2999 3829 ἐκ
3025 3775 3142 3828 τῶν
3164 3777 3481 3845 μυκτήρων
3516 3777 3708 3846 ὑμῶν.

2160 3865 2327 3934 Ὁρῶν
2366 3866 2494 3922 λαὸν
2547 3865 2914 3936 ἐπιθυμητὴν,
2960 3867 3054 3919 καὶ
3107 3865 3340 3937 καθᾶραι
3390 3867 3550 3919 αὑτὸν
3597 3865 3712 3919 ἀπὸ

2142 3957 2242 4028 τῆς
2304 3958 2591 4028 ἐπιθυμίας
2652 3959 2985 4029 βουλόμενος,
3030 3958 3178 4030 ἐώρα
3233 3959 3312 4011 ὅτι
3365 3958 3505 4028 λόγῳ
3558 3960 3706 4014 διδα-

2143 4050 2382 4121 σκαλικῷ
2427 4052 2485 4103 οὐ
2538 4049 2876 4122 καθαίρεται,
2937 4051 3050 4103 ἀλλ’
3109 4052 3242 4122 αὐτῇ
3438 4052 3708 4126 ἐπιθυμίᾳ

2141 4146 2400 4216 γενομένῃ
2439 4147 2748 4217 προσκορεί.
2785 4144 3008 4199 Πάντων
3050 4145 3156 4216 γὰρ
3193 4145 3350 4214 κόρος
3397 4146 3560 4210 ἐστὶν,
3600 4148 3704 4218 οὐχ

2142 4232 2308 4287 ὕπνου
2343 4235 2517 4304 μόνον,
2548 4233 2679 4287 ἀλλά
2719 4235 2810 4287 καὶ
2849 4234 3168 4305 βρωμάτων.
3209 4231 3298 4286 Διὸ
3335 4233 3574 4305 ἐπεμψεν
3598 4237 3699 4288 ad-

2139 4329 2248 4389 τοῖς
2273 4325 2679 4397 ὀρτυγομήτραν
2708 4327 2798 4378 ἐπὶ
2834 4327 3124 4397 τριάκοντα
3164 4326 3400 4397 ἡμέρας⁹
3435 4327 3484 4379 oi
3518 4326 3596 4389 δὲ,
3630 4331 3699 4398 τῇ

2139 4418 2410 4489 ἀπληστίᾳ
2439 4418 2786 4489 χρησάμενοι,
2816 4416 3082 4488 χολερικῷ
3108 4416 3266 4469 πάθει
3292 4416 3621 4487 ἐφθείροντο.

481 4496 642 4542 tram.
682 4485 861 4540 Semel
894 4485 1075 4538 statim
1103 4496 1262 4556 atque
1304 4487 1550 4541 exierunt
1589 4488 1652 4542 de
1682 4495 1826 4543 terra
1863 4487 2020 4561 (Egy-

477 4577 586 4646 pti;
649 4578 862 4643 iterum,
914 4577 1050 4632 sicut
1097 4579 1150 4632 in
1195 4576 1442 4634 Numeris
1490 4580 1765 4647 scribitur,
1813 4584 2031 4651 quando

475 4669 711 4723 oblocuti
743 4668 955 4724 suntde
981 4684 1116 4739 pane
1151 4670 1268 4733 Dei,
1311 4679 1366 4724 et
1388 4670 1595 4727 futilem
1622 4671 1770 4726 illum
1798 4676 2031 4744 appella-

475 4771 712 4814 verunt:
769 4775 874 4830 quo
925 4761 1091 4815 etiam
1144 4769 1384 4829 tempore
1439 4762 1521 4814 ira
1557 4764 1791 4816 ascendit
1840 4766 1894 4817 in
1921 4780 2028 4829 eos,

473 4861 660 4921 utpote
685 4866 803 4922 qua:
831 4852 1049 4907 omnino
1075 4853 1387 4908 subsidebat
1409 4863 1694 4922 antequam
1718 4862 2026 4924 peccarent.

473 4942 604 4997 Cum
633 4942 774 4996 enim
820 4942 912 4996 diu
948 4945 1284 5012 multumque
1318 4945 1525 5010 experti
1567 4943 1802 4997 divinam
1842 4955 2028 5013 poten-

472 5035 623 5101 tiam,
658 5049 763 5089 non
791 5029 1150 5090 credidissent
1180 5034 1619 5103 benignissimum
1674 5034 1841 5089 Deum
1871 5049 2028 5103 posse

2205 4509 2298 4572 Δίς
2324 4507 2380 4560 δὲ
2412 4508 2648 4577 εὑρίσκω
2679 4507 2768 4560 τδν
2806 4507 2930 4560 λαὸν
2968 4507 3206 4576 φαγόντα
3244 4507 3658 4580 ὀρτυγομήτραν
3679 4526 3693 4539 ·

2134 4601 2278 4667 ἅπαξ
2321 4603 2416 4671 μὲν
2445 4601 2604 4670 ἡνίκα
2645 4600 2842 4663 εὐθέως
2891 4599 3108 4670 ἐξῆλθον
3152 4601 3213 4651 ἐκ
3243 4599 3344 4670 γῆς
3386 4600 3692 4668 Αἰγύπτου·

2127 4692 2186 4745 τὸ
2214 4692 2270 4744 δὲ
2290 4690 2556 4761 δεύτερον,
2585 4690 2658 4753 ὡς
2695 4691 2753 4743 ἐν
2787 4693 2896 4753 τοῖς
2947 4691 3223 4759 Ἀριθμοῖς
3263 4693 3694 4762 ἀναγέγραπται,

2127 4782 2286 4854 ἡνίκα
2329 4781 2513 4844 κακῶς
2552 4777 2700 4835 εἶπον
2731 4781 2818 4835 τὸν
2865 4781 3026 4851 ἄρτον
3058 4780 3150 4834 τοῦ
3187 4781 3344 4845 Θεοῦ,
3379 4783 3472 4834 καὶ
3511 4781 3695 4834 διάκεο

2126 4887 2212 4924 νον
2241 4871 2399 4923 αὐτὸν
2434 4871 2718 4942 ὠνόμασαν
2741 4888 2753 4902 ·
2793 4871 2880 4923 ὅτε
2916 4871 3009 4924 καὶ
3052 4870 3195 4939 ὀργὴ
3230 4871 3410 4938 ἀνέϐη
3451 4872 3542 4924 ἐπ’
3585 4874 3695 4925 αὐ-

2123 4963 2284 5029 τοὺς,
2325 4963 2400 5025 ὡς
2435 4963 2571 5033 τάχα
2599 4963 2751 5015 κάτω
2789 4979 2890 5014 που
2933 4959 3064 5015 οὖσα
3108 4963 3236 5034 πρὶν
3277 4964 3309 5032 ἢ
3348 4963 3688 5033 ἁμάρτωσιν.

2137 5051 2352 5121 Ἐπειδὴ
2376 5050 2502 5122 γὰρ,
2541 5055 2733 5123 πεῖραν
2777 5046 2973 5122 πολλὴν
3000 5051 3252 5116 λαϐόντες
3272 5053 3381 5124 ’τῆς
3413 5053 3560 5116 θείας
3594 5054 3690 5107 δυ-

473 5127 815 5194 suppeditare
843 5140 1024 5180 escam
1055 5126 1217 5194 ipsis;
1247 5136 1302 5181 et
1333 5126 1473 5179 hanc
1501 5127 1706 5193 tribuit,
1741 5137 1796 5181 et
1824 5127 2022 5190 docuit,

2159 5142 2356 5212 άμεως,
2397 5143 2494 5195 οὐκ
2520 5143 2844 5198 ἐπίστευσαν
2878 5143 2968 5196 τὸν
3009 5144 3385 5216 φιλάνθρωπον
3428 5145 3690 5200 δύνασθαι

471 5217 615 5286 quod
647 5225 929 5286 utrumque
951 5215 1130 5270 facere
1159 5218 1298 5285 potis
1326 5229 1479 5284 erat;
1527 5228 1581 5274 et
1609 5219 1747 5273 bona
1777 5218 2026 5273 videlicet

2159 5233 2421 5304 ορηγῆσαι
2462 5235 2644 5297 αὐτοῖς
2695 5236 2920 5305 τροφὴν,
2976 5235 3069 5289 καὶ
3107 5215 3308 5306 ταύτην
3348 5235 3536 5301 ἔδωκε,
3591 5238 3688 5290 καὶ

467 5309 746 5373 exhibere,
791 5319 844 5365 et
890 5326 1102 5366 sumere
1135 5311 1412 5365 ultionem.
1463 5310 1689 5366 Vitanda
1741 5320 1821 5365 est
1861 5312 2023 5379 igitur

2159 5322 2216 5391 ὴν
2248 5322 2490 5381 παιδείαν
2524 5325 2818 5396 ἐπήγαγεν,
2846 5326 2921 5388 ὡς
2953 5325 3231 5395 ἀμφότερα
3273 5328 3442 5378 ποιεῖν
3482 5327 3685 5390 ἱκανὸς,

467 5403 774 5469 voracitas,
813 5406 1088 5474 gulositas,
1136 5404 1437 5476 ingluvies:
1481 5405 1581 5460 hoc
1644 5413 1748 5471 est,
1791 5406 2017 5459 immen-

2162 5415 2218 5466 αἱ
2249 5415 2317 5467 τὰ
2345 5415 2523 5483 ἀγαθά
2559 5419 2833 5487 παρέχειν,
2871 5418 2964 5471 καὶ
3002 5417 3100 5481 τὰς
3137 5419 3400 5488 τιμωρίας
3437 5419 3682 5486 ἐπάγειν.

464 5509 557 5550 sus
593 5493 802 5562 opsonii
837 5509 983 5564 usus,
1047 5501 1184 5567 gulae
1235 5497 1402 5563 furor,
1439 5497 1544 5551 cibi
1609 5499 2018 5568 intemperantia

2159 5507 2382 5562 ἐυκτέον
2408 5508 2582 5560 τοίνυν
2615 5507 2934 5578 ὀψοφαγίαν,
2966 5508 3314 5580 λαιμαργίαν,
3341 5525 3686 5583 γαστριμαρ-

2064 4551 2108 4606 D

540 5667 584 5699 ’³
638 5664 793 5720 Num.
846 5680 922 5728 xl,
982 5666 1069 5733 52,
1124 5669 1210 5724 35.
1288 5669 1508 5726 9*Psal.
1562 5685 1766 5737 Lxxvn,
1819 5671 1906 5725 51.

530 5805 736 5883 (82)Ἑν
765 5808 890 5870 τοῖς.

2079 5671 2125 5704 ⁸⁸
2162 5674 2318 5730 Νυιη.
2350 5691 2425 5747 ιι,
2453 5678 2541 5732 20.
