4012 6340
1223 244 1277 275 δι,
1299 268 1325 275 μ.

163 363 253 414 ιιι
1357 361 1699 419 EXCERPT!

1798 363 1831 415 Ν
1868 362 2206 422 PSALMOS.
3307 373 3328 424 l
3346 373 3407 428 d2

160 479 283 546 γίαν
304 494 316 504 ·
355 477 605 532 τουτέστι
633 480 733 551 τὴν
769 480 888 549 περὶ
917 480 1103 550 χρῆσιν
1131 478 1263 547 ὄψου
1300 480 1589 550 ἀμετρίαν,
1630 479 1697 547 τὴ

1798 492 1891 531 Lct
1944 479 2093 534 furor
2148 483 2395 546 ventris,
2452 493 2511 535 ut
2545 499 2650 539 non
2698 486 2992 541 obruamus
3066 497 3400 543 mentem...

162 573 284 643 mpt
318 570 410 623 τὸν
449 571 645 643 λαιμὸν
681 574 893 645 μανίαν,
939 576 1035 646 τὴν
1065 576 1192 645 περὶ
1235 576 1333 645 τὴν
1375 574 1581 645 τροφὴν
1620 573 1936 638 ἀκολασίαν,
1987 577 2080 627 καὶ
2133 578 2259 647 περὶ
2287 578 2528 649 γαστέρα
2554 579 2767 649 μανίαν,
2801 582 2886 635 ἵνα
2916 584 2988 653 μὴ
3011 584 3101 635 τὸν
3143 584 3267 638 νοῦν
3307 588 3400 653 ὲγ-

164 661 543 734 κατορύξωμεν
577 664 647 717 τὰ
690 684 916 720 κου......

234 760 404 813 Δυπῖ
430 757 485 810 δὲ
520 760 670 813 οὐδὲν
716 760 970 814 καὶκατὰ
1023 763 1313 832 ἀναγωγὴν
1349 764 1443 826 τὰς
1485 765 1699 836 ἱστορία

1798 795 1809 819 ι
1912 761 2027 815 Νοη
2063 774 2201 833 piget
2233 765 2393 817 etiam
2426 777 2716 834 anagogtce
2742 767 2839 818 has
2875 769 3123 823 historias
3150 779 3397 825 contem-

170 852 365 915 ταύτας
394 850 683 923 θεωρῆσαι.
727 853 937 905 Ῥύεταί
973 870 1054 905 τοι
1091 853 1120 904 ὁ
1157 852 1287 916 Θεὸς
1322 856 1415 907 καὶ
1454 856 1599 925 ἡμᾶς
1639 857 1699 909 ἀε

1831 850 1987 918 plari.
2027 851 2306 907 Libcrabit
2339 870 2468 909 sane
2515 856 2656 909 Deus
2704 874 2802 913 nos
2833 874 3055 928 quoque
3090 877 3301 929 semper
3329 862 3398 918 de

170 949 229 998 ἐκ
252 945 353 1012 γῆς
377 942 667 1012 Αἰγύπτου,
702 946 765 997 ὲκ
796 944 894 1013 τῆς
932 944 1164 1014 καμίνου
1202 945 1300 1015 τῆς
1349 946 1590 1018 σιδηρᾶς,
1630 948 1727 1018 τῆς

169 1038 302 1090 κατά
350 1036 443 1107 τὴν
476 1037 765 1108 ἁμαρτίαν,
815 1039 900 1093 ἵνα
937 1038 1203 1109 εἰσαγάγῃ
1248 1039 1337 1091 διὰ
1378 1040 1584 1093 πολλῶν
1622 1060 1721 1111 γυ-

166 1128 413 1201 μνασίων,
445 1128 529 1180 διὰ
561 1128 765 1181 πολλῶν
802 1129 1134 1201 θαυμασίων,
1181 1131 1247 1183 δι’
1289 1131 1453 1200 ἄρτου
1498 1136 1724 1205 ἐπουρα-

165 1220 284 1283 νίου,
328 1219 399 1271 δι’
442 1218 629 1282 ὕδατος
681 1220 790 1272 ἀπὸ
841 1221 942 1290 τῆς
998 1222 1222 1292 πέτρας,
1267 1223 1305 1289 ἠ
1364 1224 1548 1291 πέτρα
1589 1226 1655 1279 δὲ
1688 1230 1721 1281 ό

164 1312 424 1378 Χριστὸς,
451 1312 543 1364 ἐπὶ
573 1312 670 1384 τὴν
696 1314 855 1381 ἁγίαν
881 1314 1228 1382 ἐπαγγελίαν,
1262 1316 1422 1382 Μέγα
1456 1314 1546 1370 οὖν
1571 1320 1713 1388 ἐμοὶ,

160 1406 256 1463 ἐὰν,
287 1405 488 1475 νοήσας
510 1405 607 1475 τὴν
642 1405 916 1460 θάλασσαν
969 1407 1060 1459 τοῦ
1095 1407 1210 1477 βίου
1255 1410 1348 1462 καὶ
1394 1410 1460 1462 τά
1488 1412 1708 1482 κύματα

157 1497 210 1545 τὰ
230 1498 286 1546 ἐν
308 1494 391 1564 τῷ
412 1495 531 1564 βίῳ,
560 1498 651 1549 καὶ
681 1503 743 1549 τὸ
772 1498 964 1569 πικρὸν
996 1501 1087 1552 καὶ
1121 1500 1360 1571 ἁλμυρὸν
1395 1502 1502 1555 τῶν
1535 1504 1718 1573 βιωτι-

155 1586 250 1638 κῶν
302 1586 649 1655 πραγμάτων
702 1588 1008 1651 κλυδώνιον,
1056 1590 1285 1660 δυνηθῶ,
1339 1593 1719 1667 εὐεργετηοεὶς

152 1678 241 1729 ὑπὸ
269 1677 374 1730 τοῦ
411 1678 566 1743 Θεοῦ,
607 1680 733 1731 ἰδεῖν
776 1681 1299 1747 καταποντισθέντας
1330 1686 1455 1748 τοὺς
1500 1689 1718 1757 νοεροὺς

142 1771 490 1837 Αἰγυπτίους,
539 1774 634 1828 καὶ
664 1772 753 1824 τὸν
788 1774 976 1842 νοητὸν
1015 1773 1239 1844 Φαραώ·
1279 1777 1440 1839 αὐτὸς
1467 1778 1523 1830 δὲ
1551 1778 1625 1832 ὢν
1660 1781 1717 1831 ὲν

139 1861 203 1930 τῷ
248 1862 405 1929 φωτὶ
446 1864 543 1934 τῆς
586 1864 801 1935 ἡμέρας
854 1866 1154 1936 σκεποίμην
1192 1868 1297 1920 ὑπὸ
1344 1868 1573 1939 νεφέλης
1618 1870 1717 1939 τῆς

135 1953 369 2024 κούφης,
398 1956 493 2008 καὶ
518 1955 625 2006 ὑπὸ
653 1955 929 2025 φωισμοῦ
961 1957 1150 2027 πυρὸς,
1193 1959 1285 2011 ὲάν
1316 1961 1446 2012 ποτέ
1491 1978 1554 2028 γε
1595 1979 1717 2015 σκο-

130 2046 278 2099 τεινά
319 2048 419 2099 καὶ
457 2045 826 2101 δύσκολα......
861 2049 953 2102 καὶ
981 2050 1009 2101 ὁ
1041 2050 1241 2121 κόσμος
1276 2053 1371 2122 μὲν
1403 2054 1710 2124 ὲσκότηται,

126 2137 211 2188 καὶ
248 2137 448 2189 πάντα
492 2137 735 2204 ἀγνοίαις
785 2139 1163 2211 πεπλήρωται·
1205 2143 1313 2212 ἐγὼ
1365 2144 1419 2197 δὲ
1465 2147 1603 2217 πρὸς
1645 2146 1711 2200 τά

124 2227 488 2296 πνευματικά
517 2229 615 2298 τῆς
646 2230 902 2300 πονηρίας
946 2249 1110 2286 πα....
1147 2234 1256 2305 (85)
1295 2238 1352 2289 ἐν
1380 2239 1517 2306 φωτὶ
1553 2233 1597 2292 ὦ
1625 2239 1710 2292 διὰ

124 2316 174 2367 τδ
206 2315 481 2385 ἀληθινὸν
524 2318 637 2385 φῶς
682 2318 770 2370 τὸν
819 2320 1070 2390 Χριστὸν,
1114 2323 1205 2376 διὰ
1245 2324 1343 2395 τὴν
1383 2327 1629 2398 νεφέλην,

128 2408 218 2459 οὐκ
252 2406 321 2470 ἐξ
343 2406 533 2477 ἀτμῶν
561 2426 717 2461 τινων
751 2411 889 2464 κατά
913 2413 1011 2483 τὴν
1040 2415 1220 2485 κοινὴν
1256 2415 1415 2484 φύσιν
1454 2420 1486 2487 ή
1517 2419 1704 2484 στάσις

131 2495 210 2568 ἦν,
245 2499 616 2569 βαθυνομένου
648 2506 757 2567 τοῖς
790 2505 979 2575 ἀτμοῖς
1010 2506 1102 2558 τοῦ
1146 2508 1303 2577 ἀέρος
1339 2508 1425 2560 διὰ
1452 2510 1551 2580 τῆς
1588 2512 1703 2583 ὁμι-

135 2590 360 2660 χλὼδους
410 2594 738 2659 συστάσεως,
783 2601 876 2650 καὶ
909 2598 1044 2668 πρὸς
1086 2600 1271 2652 ἑαυτὸν
1304 2602 1700 2673 ὲμπιλουμένου

139 2684 239 2743 τοῖς
278 2682 616 2754 πνεύμασιν·
654 2686 787 2740 ἀλλὰ
838 2689 1082 2759 κρεῖττόν
1126 2707 1177 2743 τι
1229 2693 1323 2745 καὶ
1370 2693 1696 2765 ὑψηλότερον

138 2773 224 2841 τῆς
254 2774 604 2847 ἀνθρωπίνης
651 2780 1025 2850 καταλήψεως,
1060 2781 1157 2844 ὡς,
1200 2785 1291 2836 καὶ
1333 2785 1431 2853 τῆς
1466 2786 1700 2862 ἡλιακῆς

140 2865 343 2928 ἀκτῖνος
390 2866 607 2937 θερμῶς
661 2870 1093 2943 ὲπιλαμπούσης,
1138 2876 1482 2949 διατείχισμα
1535 2880 1695 2952 ἔχειν,

145 2959 457 3023 σκιάςουσάν
483 2978 541 3013 τε
576 2962 637 3014 τὸ
677 2963 1054 3035 ὑποκείμενον,
1094 2969 1187 3020 καὶ⁵
1230 2969 1398 3041 λεπτῇ
1430 2973 1603 3044 δρόσῳ
1639 2975 1698 3027 τὸ

146 3050 403 3119 φλογῶδες
439 3052 533 3105 τοῦ
563 3054 718 3124 ἀέρος
751 3056 1194 3121 ὑπονοτίζουσαν·
1228 3063 1320 3115 καὶ
1351 3062 1437 3116 διὰ
1478 3065 1573 3136 τῆς
1610 3086 1698 3120 νυ-

149 3143 257 3205 κτὸς
289 3143 399 3216 πῦρ
430 3145 673 3213 γίνεσθαι
702 3149 793 3216 ἀφ’
842 3150 1077 3221 ἑσπέρας
1111 3154 1188 3217 είς
1222 3153 1435 3226 ὄρθρον,
1476 3157 1551 3228 τῷ
1582 3159 1695 3229 ίδίῳ

152 3237 272 3300 φωτὶ
306 3240 416 3299 τοῖς
450 3239 809 3309 Ἰσραηλίταις
850 3241 1204 3312 δᾳδουχοῦσαν
1246 3247 1304 3297 τὸ
1350 3248 1549 3317 φέγγος
1598 3252 1685 3321 μέ-

156 3345 231 3394 γα.
278 3328 399 3381 Ἐάν
441 3331 499 3383 ἐν
550 3334 614 3401 τῇ
672 3333 860 3402 ἐρήμῳ
910 3335 1002 3387 τοῦ
1052 3336 1189 3405 βίου,
1236 3338 1359 3393 ἔνθα
1405 3344 1696 3413 ἐπικρατεῖ

1833 950 1974 995 terra
2019 943 2265 1013 JEgypti,
2303 946 2369 999 de
2402 946 2621 1001 fornace
2650 948 2846 1013 ferrea,
2878 952 3087 1018 peccati
3122 953 3392 1019 videlicet,

1827 1044 1885 1088 ut
1916 1035 2223 1091 introducat
2256 1053 2351 1106 per
2398 1040 2561 1093 multa
2593 1043 3042 1104 exercitamenta.
3099 1059 3197 1113 per
3227 1046 3395 1097 mira-

1824 1124 1948 1178 bilia
1985 1126 2173 1190 multa,
2211 1143 2308 1195 per
2349 1144 2544 1197 panem
2589 1130 2891 1197 caelestem,
2944 1141 3043 1201 per
3090 1148 3285 1201 aquam
3328 1136 3394 1187 de

1823 1224 1997 1282 petra,
2033 1225 2180 1283 petra
2213 1227 2385 1271 autent
2413 1228 2488 1271 est
2519 1218 2758 1275 Christus
2788 1221 2858 1288 °°,
2891 1223 2958 1276 ad
2997 1233 3240 1277 sanctam
3269 1239 3394 1292 pro-

1823 1306 2155 1362 missionem.
2191 1308 2443 1378 Magnum
2494 1321 2576 1365 est
2623 1327 2751 1383 ergo
2799 1315 2952 1381 mihi,
3003 1317 3045 1369 si
3097 1315 3279 1371 animo
3308 1333 3394 1368 re-

1822 1408 2016 1466 putans
2067 1400 2225 1468 bujus
2280 1402 2409 1456 vitae
2468 1421 2638 1468 mare,
2691 1416 2745 1461 et
2797 1408 2922 1461 vita:
2981 1407 3142 1461 etiam
3176 1406 3389 1469 fluctus,

1821 1503 1975 1543 acres
2004 1505 2218 1559 quoque
2244 1502 2299 1546 et
2334 1492 2702 1562 salsuginosas
2737 1496 2907 1551 undas
2944 1510 3125 1550 rerum
3161 1496 3385 1549 munda-

1820 1594 2033 1646 narum,
2061 1585 2284 1650 possim,
2329 1586 2607 1641 beneficiis
2647 1590 2949 1644 cumulatus
2977 1606 3005 1643 a
3040 1591 3171 1654 Deo,
3203 1591 3389 1642 videre

1819 1670 2130 1727 submersos
2183 1675 2491 1743 spirituales
2543 1677 2866 1751 Egyptios,
2937 1693 2993 1733 et
3044 1681 3382 1751 spiritualem

1818 1760 2152 1818 Pharaonem
2186 1783 2201 1819 :
2232 1766 2356 1819 dum
2383 1768 2597 1823 interim
2628 1784 2727 1839 ego
2766 1774 2818 1825 in
2867 1773 3071 1826 lumine
3106 1773 3211 1826 diei
3241 1774 3382 1842 posi-

1821 1862 1924 1916 tus,
1954 1864 2205 1925 protegar
2235 1872 2263 1910 a
2306 1859 2446 1913 nube
2478 1859 2603 1926 levi,
2653 1871 2709 1914 et
2735 1863 2800 1915 ab
2826 1863 3183 1919 illuStratione
3219 1866 3379 1936 ignis,

1817 1947 1863 2000 si
1895 1950 2112 2015 quando
2157 1944 2300 2004 forte
2335 1952 2633 2006 tenebrosa:
2670 1969 2756 2008 res
2802 1965 2856 2008 et
2890 1955 3133 2011 difficiles
3170 1958 3380 2011 contin-

1818 2049 1971 2108 gant,
2002 2041 2123 2094 dum
2174 2042 2404 2095 mundus
2456 2043 2689 2097 tenebris
2740 2044 3055 2111 offunditur,
3103 2059 3157 2102 et
3195 2051 3373 2102 omnia

1816 2132 2113 2200 ignorantia
2145 2142 2272 2187 sunt
2305 2133 2501 2188 referta
2532 2152 2547 2191 :
2576 2150 2675 2203 ego
2704 2150 2830 2190 vero
2859 2148 3048 2191 contra
3076 2140 3376 2208 spiritualia

1812 2225 2065 2293 nequitia:
2099 2241 2288 2279 rursus
2332 2226 2383 2278 in
2419 2226 2624 2281 iumine
2682 2228 2807 2293 sim,
2854 2237 3077 2297 propter
3104 2229 3376 2283 Christum

1809 2316 1985 2369 lucem
2017 2330 2230 2379 veram;
2276 2326 2502 2385 propter
2544 2317 2763 2381 nubem,
2814 2319 2899 2372 eui
2945 2333 3047 2372 non
3080 2333 3146 2374 ex
3173 2322 3381 2388 vapori-

1808 2408 1907 2461 bus
1936 2407 2256 2476 quibusdam
2276 2410 2570 2461 secundum
2596 2420 2935 2464 communem
2968 2418 3221 2463 naturam
3249 2426 3381 2465 con-

1806 2499 2049 2553 sistentia
2078 2510 2215 2564 erat,
2248 2509 2505 2554 concreto
2532 2502 2822 2571 vaporibus
2852 2516 2976 2557 aere
3006 2517 3072 2557 ex
3117 2503 3374 2558 nebulosa

1804 2590 2178 2656 crassitudine,
2222 2600 2273 2644 et
2317 2591 2370 2644 in
2414 2592 2591 2660 seipso
2639 2608 2669 2645 a
2728 2594 2905 2648 ventis
2936 2603 3248 2665 compacto;
3281 2598 3376 2652 sed

1802 2680 2152 2736 excellentius
2181 2682 2309 2752 quid
2339 2694 2395 2738 et
2436 2683 2719 2740 sublimius
2750 2686 2985 2743 humana
3014 2691 3374 2760 comprehen-

1802 2768 1994 2820 sione:
2033 2784 2203 2838 usque
2247 2770 2404 2833 adeo,
2456 2779 2535 2833 ut,
2574 2771 2842 2827 solaribus
2890 2774 3058 2830 radiis
3108 2776 3369 2832 fervidius

1801 2864 2238 2928 coruscantibus,
2296 2862 2561 2931 interjecti
2595 2858 2749 2933 Quasi
2805 2868 2946 2919 muri
2982 2869 3247 2924 rationem
3280 2871 3368 2924 lia-

1800 2952 1974 3017 beret,
2018 2954 2356 3007 obumbrans
2408 2954 2666 3022 quidquid
2701 2954 2749 3008 ei
2805 2957 3041 3024 suberat,
3097 2975 3162 3014 ac
3216 2964 3361 3015 tenui

1799 3060 1922 3099 rore
1954 3047 2212 3100 ardentes
2259 3046 2421 3117 aeris
2447 3057 2607 3099 aestus
2646 3057 3009 3115 temperaret:
3047 3062 3207 3105 noctu
3236 3068 3364 3107 vero

1798 3136 1938 3203 ignis
1981 3137 2132 3190 ﬂeret
2165 3152 2194 3189 a
2244 3153 2466 3207 vespera
2521 3139 2574 3192 in
2622 3137 2939 3203 diluculum,
2980 3142 3197 3211 propria
3241 3142 3359 3198 luce

1796 3225 2055 3280 lsraelitis
2078 3228 2247 3281 facem
2278 3229 2569 3296 prmferens
2599 3231 2843 3284 immensi
2874 3231 3191 3298 splendoris.
3220 3234 3277 3289 Si
3305 3236 3356 3289 in

1796 3321 1954 3389 hujus
1984 3320 2106 3374 vitae
2141 3335 2348 3385 eremo,
2381 3323 2469 3375 ubi
2507 3324 2672 3377 multa
2706 3324 2913 3379 obtinet
2944 3325 3213 3380 dementia
3275 3342 3361 3381 re-

157 3418 297 3491 πολλὴ
316 3422 466 3474 ἄνοια
492 3421 599 3473 τῶν
621 3425 973 3493 πραγμάτων,
1000 3427 1183 3481 διελὼν
1216 3432 1305 3483 τὸν
1338 3412 1691 3503 στερρότατον

1798 3430 1937 3476 rum,
1972 3413 2175 3467 dividat
2200 3412 2568 3469 firmissimum
2594 3431 2751 3470 suum
2784 3430 3119 3483 sermonem,
3148 3428 3358 3485 petram

156 3510 295 3563 αὐτοῦ
317 3512 469 3579 λόγον
508 3514 711 3583 πέτραν
751 3515 1161 3587 ὀνομαζόμενον,
1196 3523 1437 3590 ἀφθόνως
1474 3525 1567 3577 καὶ
1610 3529 1687 3589 εἰς

158 3606 287 3673 κόρον
339 3608 532 3679 ποτίσῃ
589 3626 677 3677 με,
713 3612 786 3676 ὼς
833 3616 1241 3686 παραϐληθῆναι
1279 3616 1341 3666 τὸ
1390 3617 1509 3685 ῥέον
1554 3616 1694 3685 ῦδωρ

158 3698 365 3770 ἀϐύσσῳ,
415 3704 670 3763 καὶτοὺς
699 3706 793 3775 τῆς
840 3703 1211 3777 πνευματικῆς
1257 3707 1463 3771 κοιλίας
1525 3726 1692 3761 ποτα-

163 3796 287 3863 μούς.

222 3891 343 3958 Ἐγὼ
389 3892 447 3944 δὲ
488 3896 932 3963 παραπικραίνω
977 3895 1084 3948 τὸν
1117 3898 1403 3964 Ὕψιστον
1444 3898 1514 3949 ἐν
1553 3898 1693 3951 ἀνύ-

160 3980 267 4047 είῳ,
296 3984 384 4036 ἐὰν
436 3985 572 4054 μετὰ
629 3985 722 4056 τὴν
776 3987 1114 4040 διδασκαλίαν
1160 3989 1316 4041 πάλιν
1372 3990 1685 4060 ἁμαρτάνω,

160 4071 602 4144 ἐπιλανθανόμενος
631 4076 736 4128 ¹ἐῶν
770 4075 941 4145 λόγων
978 4078 1084 4130 τῶν
1118 4078 1428 4149 θρεψάντων
1474 4098 1560 4152 με,
1591 4081 1683 4133 καὶ

160 4163 230 4215 τοῦ
253 4164 449 4229 ὕδατος,
478 4166 571 4219 τοῦ
601 4168 707 4220 ἀπὸ
740 4168 839 4238 τῆς
884 4169 1104 4240 πέτρας,
1150 4172 1281 4238 ἣτις
1307 4174 1474 4227 ἐστὶν
1500 4177 1532 4227 ὀ
1556 4176 1685 4241 Χρι-

158 4252 281 4316 στός.
302 4258 478 4330 Πέτρα
504 4259 559 4311 δὲ
586 4261 936 4325 ἀπεικάζεται
963 4264 991 4314 ὁ
1026 4263 1255 4332 Χριστὸς
1280 4263 1367 4315 διὰ
1392 4263 1451 4315 τὸ
1487 4262 1681 4334 ἄθραυ-

164 4364 255 4401 στον
281 4351 366 4402 καὶ
390 4351 703 4417 ἀκλόνητον.
751 4353 1093 4423 Ἐρήρεισται
1128 4354 1235 4424 γὰρ
1274 4356 1421 4418 ἰδίοις
1458 4356 1678 4423 ἀγαθοῖς

161 4444 185 4510 ἡ
209 4443 303 4495 θεία
326 4461 381 4495 τε
403 4445 496 4497 καὶ
531 4446 826 4517 ὑπέρτατος
851 4447 1027 4514 φύσις.
1063 4440 1137 4499 Οῧ
1163 4448 1255 4499 καὶ
1285 4448 1673 4518 κατελάλησαν,

162 4533 219 4597 ὼς
256 4538 303 4587 ἔν
341 4535 611 4606 προσώπῳ
667 4538 943 4600 Μωσέως,
992 4539 1023 4607 ἡ
1079 4540 1393 4610 συναγωγὴ,
1452 4555 1680 4610 κατηγο-

166 4619 336 4693 ροῦντες
370 4626 458 4677 ἐπὶ
490 4627 739 4687 Πιλάτου,
786 4628 878 4680 καὶ
922 4627 1003 4690 τὸ,
1038 4623 1194 4693 Αἶρε,
1233 4630 1513 4697 σταύρου,
1548 4631 1678 4683 ἀνα-

165 4718 465 4788 πκράγασιν.
514 4716 649 4772 Εἶτα
698 4720 752 4772 δὲ
786 4721 901 4773 δυσὶ
932 4720 1266 4792 λελυπήκασι
1317 4724 1567 4794 πληγαῖς,
1599 4726 1675 4787 ὡς

165 4808 235 4877 τὴν
278 4808 461 4880 πέτραν
504 4810 742 4879 Μωῡσῆς
796 4812 875 4875 δἰς
920 4813 1204 4877 ἐπάταξεν.
1270 4814 1667 4868 Ἁπεκτείνασι

168 4896 245 4966 γὰρ
267 4898 355 4950 τὸν
385 4899 648 4968 ἀρχηγὸν
676 4899 782 4967 τῆς
813 4899 976 4969 ζωῆς,
1013 4897 1109 4967 εἷθ’
1147 4903 1228 4954 ὄτι
1261 4904 1567 4973 μεμένηκεν
1612 4904 1669 4955 ἐν

170 4991 345 5058 νεκροῖς,
376 4990 682 5043 ἀναπείθειν
720 4992 923 5062 ἤθελον.
978 4994 1136 5046 Ἀλλ’
1163 4992 1488 5046 ἐκδέδωκεν
1510 4997 1545 5061 ἠ
1571 4994 1672 5049 πέ-

174 5095 251 5145 τρα
276 5082 558 5148 πλουσίως
593 5082 655 5135 τὸ
685 5083 861 5152 νᾶμα,
892 5084 989 5136 καὶ
1016 5085 1295 5138 πεπότικε
1325 5083 1529 5139 πᾶσαν
1556 5086 1681 5153 τὴν,

172 5172 482 5240 συναγωγήν.
523 5174 815 5227 Ἐπέκλυσε
843 5174 951 5245 γὰρ
967 5176 1063 5246 τὴν
1089 5175 1411 5246 οἰκουμένην
1436 5176 1670 5247 Χριστὸς

177 5262 294 5331 ἱεροῖς
316 5280 362 5316 τε
401 5266 493 5317 καὶ
526 5266 687 5329 θείοις
726 5266 979 5337 νάμασιν.
1030 5269 1085 5321 ’0
1120 5267 1384 5339 πηγάζων
1430 5267 1491 5319 τὸ
1532 5267 1671 5320 θεῖον

176 5356 281 5424 νᾶμα
317 5358 411 5419 τοῖς
452 5356 661 5425 διψῶσι,
706 5358 798 5410 καὶ
849 5358 1088 5428 προχέων
1128 5360 1187 5411 τὸ
1241 5358 1382 5429 ὕδωρ
1462 5360 1524 5410 ὲκ
1576 5358 1674 5427 τῆς

178 5447 364 5518 πλευρᾶς,
392 5449 485 5501 τοῦ
528 5450 742 5520 σιδήρου
780 5452 879 5521 τὴν
928 5452 1092 5519 φλέϐα
1134 5450 1675 5523 ταύτηνάναστομί-

182 5556 328 5605 σαντος,
372 5543 464 5596 καὶ
504 5544 565 5595 τὸ
607 5545 797 5616 πικρὸν
840 5546 936 5616 τῆς
990 5548 1231 5618 Μερρᾶς,
1285 5544 1374 5596 τοῦ
1406 5542 1669 5596 κολαστοῦ

252 5656 451 5711 "lCor.
508 5674 561 5721 ι,
598 5661 651 5714 4.
730 5661 775 5692 ⁸⁷
820 5658 963 5716 Psal.
994 5674 1199 5728 Lxxvn,
1232 5659 1317 5712 l7.

182 5740 320 5793 imit,
349 5730 439 5792 l5;
476 5730 643 5785 Exod.
673 5749 798 5800 xv",
826 5734 876 5788 6.

229 5825 304 5894 {85)
335 5827 483 5885 Forte
512 5826 677 5896 πάθη.

1422 5658 1465 5690 ’δ
1501 5656 1515 5707 l
1565 5653 1691 5709 Cor.
1719 5669 1772 5719 ι,
1805 5652 1857 5705 4.

1795 3505 2016 3564 dictum,
2058 3504 2379 3572 abundeque
2411 3514 2465 3558 et
2497 3505 2564 3557 ad
2593 3506 2896 3560 satietatem
2922 3506 3108 3575 irriget
3138 3520 3225 3561 me
3253 3507 3359 3569 sic,

1793 3606 1851 3648 ut
1877 3594 2188 3649 conferatur
2217 3596 2390 3649 fluens
2420 3610 2558 3663 aqua
2611 3597 2805 3664 abysso
2835 3611 2941 3649 una
2967 3609 3088 3649 cum
3118 3594 3358 3650 ﬂumini-

1793 3685 1895 3739 bus
1924 3685 2081 3739 vallis
2108 3687 2423 3756 spiritualis.

1861 3891 1972 3958 Ego
2000 3904 2124 3941 vero
2164 3889 2315 3941 irrito
2346 3888 2677 3941 Altissimum
2713 3888 2767 3939 in
2792 3889 3042 3958 ianquoso
3065 3890 3132 3953 ’⁷,
3157 3890 3201 3944 si
3234 3900 3356 3957 post

1787 3981 2109 4036 documenta
2165 3981 2357 4033 iterum
2417 3993 2606 4048 pecco,
2651 3979 2855 4034 oblitus
2903 3995 3212 4034 sermonum
3260 3983 3353 4051 qui

1786 4071 2163 4125 enntriverunt
2195 4082 2299 4130 me,
2332 4077 2383 4120 et
2407 4082 2559 4136 aquae
2594 4069 2659 4122 de
2685 4079 2857 4137 petra,
2902 4086 3019 4136 qua:
3059 4078 3135 4123 est
3193 4069 3351 4124 Chri-

1784 4173 1895 4217 stus
1921 4164 1985 4219 9".
2015 4163 2186 4216 Petrae
2215 4176 2378 4230 porro
2412 4161 2740 4215 aSsitnilatur
2763 4160 3342 4231 Christus,‘propterea

1782 4254 1921 4323 quod
1976 4269 2074 4309 nec
2105 4255 2278 4323 frangi
2322 4270 2423 4308 nec
2469 4255 2682 4309 concuti
2731 4263 2923 4322 potest.
2966 4254 3207 4307 Firmata
3262 4266 3345 4308 est

1779 4348 1920 4401 enim
1975 4348 2024 4400 in
2075 4348 2235 4403 bonis
2280 4348 2392 4401 suis
2429 4346 2610 4400 divina
2639 4357 2692 4400 et
2716 4345 3099 4400 sublimissima
3133 4354 3344 4401 natura.

1778 4440 1979 4494 Contra
2003 4456 2158 4509 quem
2188 4440 2465 4498 Christum
2509 4440 2742 4495 oblocuti
2790 4448 2950 4501 sunt,
3003 4448 3261 4507 tanquam
3292 4438 3343 4492 in

1777 4546 2005 4601 persona
2035 4531 2251 4599 Moysis,
2285 4547 2580 4602 synagoga,
2613 4546 2732 4599 quae
2782 4531 2922 4597 apud
2956 4530 3189 4583 Pilatum
3217 4545 3338 4585 eum

1778 4622 2053 4677 accusavit
2094 4631 2149 4677 et
2186 4622 2469 4676 clamavit:
2531 4620 2699 4684 Tolle,
2746 4620 2995 4688 cruci/iga
3018 4620 3083 4672 ”.
3141 4620 3344 4673 Deinde

1777 4730 1906 4770 vero
1937 4715 2134 4783 duplici
2174 4715 2513 4770 offenderunt
2547 4714 2726 4781 plaga,
2780 4713 2918 4766 sicut
2950 4727 3158 4781 petram
3197 4712 3346 4782 Moy-

1777 4819 1865 4859 ses
1902 4804 1984 4858 bis
2028 4806 2318 4872 percussit.
2352 4803 2735 4872 Interfecertmt
2780 4804 2921 4855 enim
2970 4804 3243 4856 Auczorem
3270 4804 3344 4853 υἰ-

1778 4907 1844 4949 ta:
1886 4897 1941 4960 ί,
2000 4896 2191 4950 deinde
2240 4896 2400 4949 etiam
2452 4894 2776 4963 persuadere
2824 4893 3145 4956 voluerunt,
3200 4897 3340 4961 quod

1778 4987 2035 5040 manserit
2061 4988 2200 5040 inter
2232 4995 2489 5039 mortuos.
2523 4984 2628 5038 Sed
2657 4986 2880 5038 reddidit
2911 4996 3056 5051 petra
3087 4986 3340 5052 ﬂuentum

1776 5080 2071 5144 abundans,
2102 5087 2149 5131 et
2190 5076 2383 5141 potavit
2431 5084 2618 5131 caelum
2668 5078 2960 5128 universum
2989 5075 3029 5126 ².
3058 5072 3340 5128 lnnndavit

1775 5174 1918 5225 enim
1954 5172 2139 5224 orbem
2176 5180 2438 5224 terrarum
2485 5168 2736 5223 Christus
2782 5165 2987 5222 sanctis
3034 5166 3335 5235 divinisque

1772 5263 2009 5318 ﬂuentis.
2042 5263 2160 5331 Ipse
2190 5263 2279 5331 qui
2322 5265 2549 5317 scaturit
2594 5263 2853 5317 fluentum
2885 5260 3126 5313 divinum
3153 5260 3335 5315 sitien-

1774 5356 1934 5417 tibus,
1983 5364 2037 5409 et
2070 5353 2347 5423 profundit
2380 5371 2573 5424 aquam
2629 5357 2694 5409 de
2758 5354 2947 5413 latere,
3010 5352 3152 5405 ferro
3192 5351 3333 5405 hanc

1772 5460 1959 5499 venam
1986 5446 2259 5514 aperiente
2290 5462 2304 5497 :
2334 5453 2388 5498 et
2437 5443 2852 5498 amaritudinem
2916 5442 3117 5504 Merrae,
3198 5439 3331 5507 legis

1772 5550 1961 5599 nempe
2007 5536 2245 5599 ultricis,
2286 5536 2514 5589 mutavit
2564 5536 2615 5587 in
2658 5532 2928 5587 dulcorem
2986 5530 3333 5596 susceptione

1964 5650 2187 5708 "Joan.
2222 5648 2445 5715 x1x,l$.
2561 5648 2576 5677 ³
2637 5648 2755 5701 Act.
2796 5661 2876 5711 nt,
2932 5644 3017 5698 15.
3134 5641 3329 5694 Ῥείεὲ.
