4012 6340
631 423 733 479 135

630 567 756 636 ligni
792 566 994 630 crucis,
1040 573 1092 620 et
1125 562 1365 636 mysterii
1400 561 1536 630 ejus.
1591 561 1791 616 Littera
1835 564 1980 617 enim
2021 573 2076 618 et
2109 563 2194 618 lex

627 660 841 724 occidit,
879 660 1095 729 spiritus
1137 673 1278 722 vero,
1317 667 1371 712 et
1409 656 1676 727 spiritalis
1716 657 1894 712 cultus
1927 657 2196 728 evangeli-

611 765 723 805 »ωε
752 750 968 820 viviﬁcat
1001 751 1040 806 ³.

701 1011 943 1082 Magnam
991 1024 1120 1062 vero
1175 1025 1360 1063 curam
1406 1024 1602 1079 gerens
1654 1009 1793 1062 Deus
1832 1007 1899 1061 de
1951 1007 2189 1074 homine,

631 1107 790 1159 etiam
827 1093 1020 1158 omium
1059 1103 1165 1172 ipsi
1203 1102 1399 1171 aperit,
1449 1111 1500 1155 et
1555 1099 1831 1156 cmleStem
1879 1099 1954 1153 illi
2011 1115 2190 1154 escam

628 1197 850 1264 praibet,
900 1195 1125 1264 ipseque
1160 1193 1306 1245 illum
1364 1208 1523 1247 manu
1580 1193 1746 1254 ducit,
1788 1188 2008 1246 eﬂ'ectus
2039 1191 2196 1244 itine-

629 1291 875 1345 rantibus
914 1292 1118 1353 lumen,
1168 1289 1385 1359 agitque
1426 1290 1476 1342 iu
1525 1289 1640 1342 vias
1694 1302 1827 1357 quas
1870 1302 1966 1357 per
1995 1303 2052 1343 se
2096 1289 2196 1342 hu-

628 1398 785 1436 mana
835 1381 1053 1452 ignorat
1102 1389 1311 1433 natura.
1349 1379 1487 1446 Quin
1531 1379 1695 1433 etiam
1729 1393 1955 1449 vespere
1985 1388 2199 1450 ortygo-

628 1485 881 1541 mctram,
931 1475 1101 1542 primo
1159 1481 1335 1524 antem
1387 1471 1627 1525 diluculo
1686 1485 1880 1524 manna
1940 1471 2193 1536 demittit,

625 1567 845 1636 oblique
881 1565 1038 1620 nobis
1067 1563 1313 1634 exemplo
1348 1562 1754 1625 subindicaute,
1791 1570 2088 1616 amatorem
2122 1579 2197 1617 re-

629 1677 752 1714 rum
786 1670 1120 1714 terrenarum
1163 1657 1214 1710 in
1250 1654 1567 1725 intelligibili
1612 1653 1816 1708 lumine
1847 1669 2192 1722 nequaquam

630 1752 837 1806 versari
869 1769 881 1804 :
918 1764 1036 1819 quae
1067 1763 1162 1818 per
1199 1755 1627 1817 orlygometram
1681 1747 2000 1810 innuuntnr,
2035 1761 2197 1814 quam

633 1841 1142 1911 concupiscentibus
1171 1839 1400 1910 porrigit
1424 1837 1589 1903 Deus,
1621 1853 1724 1891 non
1755 1837 1976 1891 trahens
2005 1836 2118 1905 ipse
2147 1836 2197 1889 in

631 1933 1144 2004 concupiscentiam,
1193 1933 1431 1986 nondum
1484 1945 1611 1984 vero
1660 1929 1896 1999 largiens
1945 1928 2198 1986 virtutem

637 2029 845 2082 fortiter
896 2024 1198 2082 debellandi
1249 2024 1552 2094 passiones.
1610 2021 1804 2076 Manna
1867 2020 2054 2075 umbra
2099 2021 2200 2074 l'uit

633 2123 1075 2176 documentorum
1121 2127 1170 2171 et
1205 2116 1468 2170 donorum
1503 2129 1598 2185 per
1641 2115 1916 2171 Christum
1941 2156 1956 2178 ,
1987 2128 2105 2183 quae
2136 2131 2199 2169 ex

632 2213 741 2268 alto
772 2210 1089 2280 cmlitusque
1120 2206 1468 2278 proveniunt,
1503 2221 1602 2260 nec
1631 2215 1905 2262 terrenum
1955 2204 2084 2272 quid
2116 2207 2204 2258 ad-

632 2308 847 2362 mistum
905 2305 1133 2369 habent,
1200 2310 1498 2371 carentque
1550 2298 1731 2369 potius
1785 2283 1931 2355 omni
1998 2299 2200 2355 carnali

2222 888 2270 948 C

1514 417 2071 475 SUPPLEMENTUM
2109 418 2198 472 Al)
2238 413 2563 474 ORIGENIS
2602 408 3005 473 EXECETICA.
3374 412 3382 420 ’
3790 420 3871 474 ιιι

2304 561 2492 632 νόμου,
2538 557 2830 632 μετέϐαλεν
2867 561 2946 623 είς
2982 557 3310 628 γλυκύτητα
3364 559 3434 627 τῇ
3485 555 3758 628 παραδοχῇ
3795 561 3872 613 τοῦ

2305 653 2461 718 ξύλου
2487 652 2579 707 τοῦ
2608 651 2864 725 σταυροῦ,
2901 653 2994 706 καὶ
3020 651 3115 719 τοῦ
3146 653 3240 704 ἐπ’
3275 649 3436 720 αὐτῷ
3473 649 3786 720 μυστηρίου.
3816 653 3876 709 Τὸ

2302 745 2412 816 γὰρ
2437 744 2669 815 γράμμα
2700 746 2794 799 καὶ
2823 747 2851 798 ὁ
2875 744 3036 814 νόμος
3063 741 3449 803 ἀποκτείνει,
3484 738 3552 792 τὸ
3579 738 3646 794 δὲ
3670 738 3879 810 πνεῦμα

2305 836 2400 890 καὶ
2454 838 2488 907 ἡ
2552 837 2609 889 ὲν
2663 835 2930 904 πνεύματι
2987 831 3217 905 λατρεία
3277 833 3315 900 ὴ
3379 828 3714 900 εὐαγγελικὴ
3757 827 3877 891 «Suto-

2305 937 2476 977 ποιεί.

2369 1015 2625 1087 Μεγάλην
2667 1014 2723 1068 δὲ
2763 1015 3015 1088 πρόνοιαν
3061 1012 3402 1084 ποιούμενος
3440 1013 3471 1065 ὁ
3511 1009 3649 1075 Θεὸς
3679 1009 3768 1064 τοῦ
3801 1012 3878 1066 ἀν-

2300 1107 2538 1182 θρώπου,
2581 1107 2676 1161 καὶ
2717 1106 2939 1177 οὐρανὸν
2980 1105 3128 1176 αὐτῷ
3165 1105 3412 1174 ἀνοίγει,
3450 1105 3548 1158 καὶ
3577 1104 3776 1176 τροφὴν
3802 1105 3883 1160 αὐ-

2298 1203 2375 1274 τῷ
2404 1202 2616 1255 δίδωσιν
2665 1199 2934 1270 οὐράνιον,
2981 1199 3074 1252 καὶ
3113 1199 3470 1270 χειραγωγεῖ
3517 1195 3680 1250 αὐτὸν
3722 1197 3877 1262 αὐτὸς,

2297 1295 2579 1365 γινόμενος
2603 1293 2717 1356 τοῖς
2747 1291 2989 1345 ὁδεύουσι
3029 1289 3164 1360 φῶς,
3193 1289 3300 1344 καὶ
3330 1290 3491 1357 ἄγων
3519 1288 3615 1341 ἐπὶ
3635 1289 3797 1353 ὁδοὺς,
3825 1291 3878 1355 ἃς

2297 1386 2415 1441 καθ’
2450 1385 2698 1456 ἑαυτὴνὴ
2724 1384 3038 1457 ἀνθρωπίνη
3071 1383 3236 1453 φύσις
3265 1383 3378 1436 οὐκ
3405 1378 3718 1436 ἐπίσταται.
3754 1382 3877 1456 Πλὴν

2299 1478 2537 1551 ἑσπέρας
2573 1478 2671 1549 μὲν
2715 1478 2814 1548 τὴν
2864 1477 3311 1549 ὀρτυγομήτραν,
3368 1475 3494 1546 ἅμα
3535 1474 3596 1528 δὲ
3638 1478 3702 1546 τῇ
3734 1475 3799 1546 ἕῳ
3827 1477 3875 1529 τὸ

2303 1573 2474 1643 μάννα
2522 1571 2760 1644 καθίησι,
2823 1571 3065 1640 πλαγίως
3115 1571 3251 1641 ἡμῖν
3298 1567 3401 1621 τοῦ
3459 1568 3874 1640 παραδείγματος

2301 1664 2747 1734 ὑπεμφαίνοντος,
2792 1665 2874 1716 ὅτι
2920 1663 2995 1734 μή
3055 1663 3202 1715 ἐστιν
3255 1661 3320 1713 ὲν
3375 1661 3525 1731 φωτὶ
3578 1660 3747 1732 νοητῷ
3785 1660 3874 1714 τῶν

2300 1756 2500 1828 γηΐνων
2528 1758 2556 1810 ὁ
2593 1757 2860 1828 ἐραστήςθ
2893 1754 2929 1809 ἃ
2959 1755 3047 1809 διὰ
3083 1756 3180 1827 τῆς
3226 1754 3666 1827 ὀρτυγομήτρας
3703 1753 3872 1824 σημαί-

2301 1864 2470 1913 νεται,
2513 1847 2578 1919 ἣν
2618 1847 2798 1919 ὀρέγει
2832 1846 3148 1918 ἐπιζητοῦσι
3188 1845 3355 1910 Θεὸς,
3395 1845 3500 1916 οὐχ
3534 1845 3704 1898 ἕλκων
3733 1845 3869 1907 αὐτὸς

2301 1941 2380 2003 εἰς
2424 1940 2736 2012 ἐπιθυμίαν,
2772 1938 2926 1994 οὔπω
2961 1940 3018 1992 δὲ
3053 1939 3231 2004 διδοὺς
3264 1939 3332 1993 τὸ
3379 1937 3867 1992 κατανεανιεύεσθαι

2303 2030 2506 2084 παθῶν.
2542 2030 2614 2083 Τὸ
2640 2029 2697 2084 δὲ
2729 2029 2902 2102 μάννα
2938 2030 3065 2084 σκιὰ
3093 2030 3200 2084 τῶν
3249 2029 3346 2084 διὰ
3394 2028 3639 2102 Χριστοῦ
3681 2029 3868 2083 παιδευ-

2306 2123 2490 2193 μάτων
2524 2140 2582 2176 τε
2632 2123 2726 2176 καὶ
2765 2124 3140 2195 χαρισμάτων,
3189 2123 3227 2177 ἃ
3271 2122 3493 2177 ἄνωθέν
3543 2125 3660 2177 ἐστι
3702 2121 3786 2174 καὶ
3819 2121 3867 2185 ἐξ

2304 2213 2554 2285 οὐρανοῦ,
2583 2214 2763 2268 καὶτὸ
2789 2214 2988 2283 γεῶδες
3020 2215 3120 2267 οὐκ
3158 2213 3296 2286 ἔχει,
3339 2215 3572 2287 ἀμοιρεῖ
3613 2214 3668 2268 δὲ
3701 2213 3866 2285 μᾶλλον

2305 2305 2395 2358 καὶ
2427 2305 2706 2376 βδελυρίας
2752 2305 3037 2376 σαρκικῆς.
3074 2307 3183 2359 Καὶ
3215 2306 3400 2370 οὕτως
3437 2305 3618 2378 τροφὴ
3661 2303 3866 2374 πνευμά-

632 2398 1056 2455 abominatione.
1113 2395 1292 2464 Atque
1341 2392 1423 2448 sic
1475 2405 1598 2446 esca
1646 2390 1893 2460 spiritus,
1941 2401 2024 2447 est
2056 2401 2198 2446 recta

2307 2415 2411 2451 των
2433 2397 2579 2450 ἐστὶν
2605 2399 2639 2468 ὴ
2676 2399 2734 2451 ὲν
2770 2397 2979 2462 τούτοις
3017 2397 3152 2470 ὀρθὴ
3199 2399 3299 2453 καὶ
3345 2397 3643 2470 άκίόδηλος
3674 2396 3861 2465 γνῶσις,

630 2492 955 2560 sinceraque
1005 2503 1193 2544 eorum
1249 2483 1509 2554 cognitio,
1565 2481 1718 2552 cujus
1776 2481 2206 2538 subministratio

633 2595 888 2651 tanquam
932 2580 985 2634 in
1029 2579 1147 2632 lure
1171 2587 1225 2632 et
1257 2575 1342 2630 die
1382 2576 1461 2638 ﬁt,
1500 2575 1781 2629 exoriente
1816 2572 1940 2630 Sole
1981 2573 2204 2643 iustitia:

635 2675 862 2732 Domino
888 2682 1098 2735 nostro,
1145 2669 1234 2738 qui
1261 2668 1451 2723 educat
1503 2681 1602 2722 nos
1645 2667 1698 2719 in
1732 2666 1896 2719 vitam
1925 2677 2201 2721 atternam.

702 2768 808 2835 Qui
866 2766 1011 2820 enim
1066 2779 1258 2818 manna
1327 2761 1585 2822 comedit,
1625 2760 1869 2830 superior
1921 2759 2026 2814 erit
2057 2761 2202 2814 omni

635 2858 1002 2930 corruptione,
1037 2866 1092 2911 et
1152 2853 1418 2909 transiliet
1453 2858 1705 2905 mortem.
1757 2849 1846 2902 Ait
1893 2863 2044 2915 vero,
2085 2844 2203 2904 Col-

636 2955 826 3024 ligetur
856 2967 888 3003 a
934 2944 1417 3008 contubernalibus,
1451 2953 1497 2997 et
1549 2958 1653 2994 non
1709 2938 2014 3010 relinquetis
2051 2955 2115 2994 ex
2145 2955 2204 2994 eo

636 3060 797 3112 usque
843 3057 995 3094 mane
1023 3037 1067 3092 ’⁸.
1115 3033 1489 3090 Necessarium
1544 3040 1626 3086 est
1675 3031 1819 3084 enim
1871 3029 2058 3096 nobis,
2112 3031 2203 3100 qui

637 3134 876 3201 eiusdem
905 3129 1064 3185 simul
1101 3141 1286 3183 sumus
1319 3123 1446 3179 ﬁdei
1491 3121 1739 3190 idemque
1794 3119 2054 3175 habemus
2083 3135 2209 3176 con-

638 3227 965 3288 tubernium,
998 3221 1297 3278 Ecclesiam
1352 3215 1625 3280 videlicet,
1673 3224 1729 3266 ut
1775 3213 1978 3268 divinis
2006 3213 2207 3268 nostris

636 3323 901 3379 satientur
917 3313 1277 3375 sermonibus,
1304 3325 1401 3364 nec
1422 3309 1769 3363 observemus
1793 3305 2037 3359 umbram
2063 3314 2204 3374 post-

635 3429 796 3485 quam
828 3409 1033 3466 veritas
1063 3404 1350 3462 manifeste
1381 3399 1650 3469 apparuit.
1675 3395 1778 3462 Qui
1813 3396 1976 3457 enim.
2008 3395 2104 3460 ait,
2139 3396 2191 3446 in

634 3484 744 3574 lege
766 3496 1158 3571 iustiﬁcamini,
1181 3512 1210 3546 a
1242 3493 1407 3562 gratia
1427 3487 1695 3542 excidistis
1719 3485 1758 3538 ⁵.
1791 3484 1898 3539 Sed
1925 3499 2046 3538 cum
2079 3497 2201 3552 per-

634 3595 941 3652 venerimus
1006 3605 1104 3660 per
1159 3587 1320 3641 ﬁdem
1372 3582 1436 3635 ad
1483 3580 1820 3651 spiritualem
1887 3579 1938 3632 in
1985 3579 2201 3633 Christo

634 3687 1043 3746 sabbatismum,
1079 3681 1130 3736 id
1163 3689 1244 3735 est
1271 3679 1337 3732 ad
1365 3675 1702 3730 vacationem
1747 3687 1810 3727 ac
1841 3671 2200 3726 cessationem

635 3800 663 3836 a
689 3787 908 3851 peccato
938 3794 952 3840 ;
995 3789 1099 3829 non
1144 3781 1400 3842 tauquam
1436 3763 1680 3822 inutilem
1740 3765 2090 3832 repudiamus
2122 3773 2200 3817 tot

634 3869 919 3943 prmceptis
954 3872 1326 3920 coacervatam
1348 3859 1459 3930 jam
1491 3858 1624 3928 legis
1657 3854 2040 3920 eruditionem,
2084 3868 2200 3907 ma-

636 3941 999 4018 nuducentem
1035 3971 1130 4011 nos
1161 3954 1227 4007 ad
1259 3951 1556 4006 Christum.
1600 3945 1852 4016 Legimus
1885 3945 2029 4000 enim
2082 3941 2199 3996 Mo-

637 4059 813 4113 saicas
841 4051 1084 4115 umbras,
1133 4061 1239 4116 quo
1286 4046 1337 4097 in
1387 4042 1494 4096 illis
1543 4041 1827 4094 veritatem
1869 4049 2198 4107 quaeramus,

637 4169 765 4205 nova
793 4156 839 4203 et
870 4153 1037 4202 vetera
1069 4142 1134 4196 de
1163 4139 1406 4192 thesauro
1432 4132 1756 4202 proferente:
1783 4129 1824 4182 °.
1857 4132 1963 4184 Aut
1991 4130 2034 4184 si
2075 4143 2192 4182 ma-

634 4243 739 4306 vis,
774 4255 891 4309 qua:
920 4238 1008 4292 hic
1040 4229 1352 4303 collegimus
1386 4227 1436 4279 in
1464 4236 1757 4294 parasceve
1800 4221 1948 4293 (Si),
1985 4220 2098 4275 haec
2130 4219 2200 4274 ibi

633 4337 916 4394 sabbatum
959 4335 1183 4399 agentes
1205 4320 1565 4381 inveniemus,
1599 4325 1655 4370 et
1687 4315 2055 4368 enutriemur.

705 4426 843 4482 Olim
869 4422 1084 4492 quidem
1127 4429 1315 4483 panem
1361 4412 1423 4465 de
1469 4407 1595 4462 ccelo
1639 4406 1782 4460 dedit
1830 4403 1972 4458 Deus
2011 4402 2200 4473 populo

634 4539 750 4586 suo,
784 4520 871 4590 qui
910 4515 1052 4570 nullo
1082 4510 1317 4569 adhibito
1359 4503 1541 4560 labore
1586 4503 1653 4556 ad
1701 4515 1904 4553 omnem
1953 4498 2199 4566 volupta-

2301 2484 2370 2562 ἦς
2391 2490 2424 2561 ἡ
2445 2489 2695 2563 χορηγία,
2715 2489 2790 2553 ὡς
2810 2493 2867 2543 ὲν
2893 2490 3030 2558 φωτὶ
3051 2491 3144 2543 καὶ
3170 2491 3363 2562 ἡμέρᾳ
3396 2491 3629 2560 γίνεται,
3654 2488 3862 2558 ἀνίσχον-

2303 2599 2393 2644 τος
2419 2580 2509 2634 τοῦ
2541 2581 2714 2632 Ἠλίου
2729 2581 2829 2651 τῆς
2862 2580 3205 2652 δικαιοσύνης
3235 2583 3456 2654 Κυρίου
3495 2579 3632 2653 (85),
3664 2579 3720 2643 ὃς
3747 2579 3858 2632 ἀπο-

2302 2668 2494 2740 τρέφει
2515 2668 2662 2739 ἡμᾶς
2686 2671 2766 2732 εἰς
2797 2668 2939 2740 ζωὴν
2973 2670 3281 2740 ἀμήρυτον.

2385 2762 2442 2814 Ὁ
2467 2760 2576 2832 γὰρ
2600 2759 2660 2814 τὸ
2685 2760 2825 2813 θεῖον
2851 2760 3023 2833 μάννα
3053 2759 3447 2832 κατεδηδοκὼς
3473 2759 3708 2831 ἀμείνων
3735 2755 3860 2809 ἔσται

2304 2851 2509 2924 φθορᾶς
2531 2851 2625 2905 καὶ
2649 2850 2998 2922 ὐπεραλεῖται
3019 2851 3269 2906 θανάτου.
3307 2850 3679 2916 Συλλέξεται
3700 2848 3770 2911 δὲ,
3786 2862 3863 2915 φη·

2305 2945 2378 3006 σὶ,
2401 2943 2525 3010 τοῖς
2551 2942 2908 3010 συσκήνοις,
2937 2941 3035 2997 καί
3055 2944 3126 2996 οὐ
3150 2943 3562 3012 καταλείψετε
3581 2938 3679 2996 ἀπ’
3703 2933 3860 2991 αὐτοῦ

2302 3036 2387 3100 εἰς
2408 3033 2474 3087 τὸ
2497 3036 2661 3103 πρωΐ.
2685 3033 2805 3107 Χρὴ
2826 3035 2934 3105 γὰρ
2965 3030 3101 3104 ὁμοῦ
3142 3035 3254 3096 τοῖς
3274 3033 3627 3105 ὁμοπίστοις,
3657 3031 3758 3092 τοῖς
3779 3027 3859 3096 τὴν

2304 3123 2510 3177 οἰκοῦσι
2555 3123 2779 3196 σκηνὴν,
2836 3124 2932 3196 τὴν
2989 3123 3344 3195 Ἐκκλησίαν,
3396 3123 3506 3177 τῶν
3549 3122 3700 3175 θείων
3731 3115 3858 3188 ἡμῶν

2308 3217 2665 3288 ἐμφορεῖσθαι
2711 3217 2906 3285 λόγων,
2952 3217 3045 3269 καὶ
3087 3217 3160 3288 μὴ
3207 3219 3406 3288 τηρεῖν
3438 3217 3538 3288 τὴν
3577 3212 3725 3268 σκιὰν
3749 3207 3860 3282 μετὰ

2310 3307 2407 3378 τὴν
2431 3308 2528 3379 τῆς
2552 3307 2805 3378 ἀληθείας
2823 3293 3182 3379 ἕνδειξιν(86’).
3206 3308 3447 3374 Οῖτινες
3469 3305 3790 3378 τὰρνφησὶν,
3805 3300 3859 3352 ἐν

2309 3399 2469 3468 νόμῳ
2494 3398 2866 3465 δικαιοῦσθε,
2914 3399 3024 3468 τῆς
3067 3400 3313 3469 χάριτος
3369 3398 3701 3466 ἐξεπέσετε.
3739 3391 3856 3461 Πλὴν

2311 3491 2600 3562 ἀφιγμένοι
2623 3491 2709 3545 διὰ
2735 3492 2834 3562 τῆς
2870 3491 3103 3554 πίστεως
3135 3493 3214 3555 είς
3241 3492 3342 3546 τὸν
3388 3494 3448 3546 ἐν
3491 3487 3701 3562 Χριστῷ
3736 3482 3856 3539 vomi-

2313 3597 2472 3650 μενον
2503 3577 2890 3651 σαϐϐατισμδν,
2922 3581 3196 3634 τουτέστιν
3228 3582 3310 3644 είς
3353 3581 3554 3653 ἀργίαν
3595 3578 3684 3632 καὶ
3721 3571 3853 3630 κατά-

2309 3671 2459 3744 ληξιν
2481 3672 2577 3743 τὴν
2610 3671 2668 3737 ἐξ
2695 3671 2966 3744 ἁμαρτίας
2989 3713 3004 3737 9
3037 3673 3134 3743 οὐχ
3174 3673 3248 3737 ὡς
3290 3673 3574 3745 ἄχρηστον
3602 3663 3852 3740 παραιτού-

2313 3765 2449 3834 μεθα
2475 3765 2572 3837 τὴν
2598 3763 3036 3837 προσωρευθείαν
3085 3764 3196 3835 (87)
3248 3764 3348 3818 τοῦ
3385 3767 3552 3836 νόμου
3589 3760 3851 3815 παίδευσιν.

2308 3856 2750 3930 χειραγωγοῦσαν
2789 3858 2939 3927 ἡμᾶς
2982 3858 3060 3920 είς
3105 3855 3364 3928 Χριστόν.
3413 3853 3848 3928 Περιτυγχάνομεν

2308 3951 2416 4022 γὰρ
2446 3953 2566 4013 ταῖς
2587 3950 2674 4004 διὰ
2698 3950 2938 4013 Μωσέως
2965 3950 3143 4012 σκιαῖς
3161 3988 3175 4013 ,
3209 3948 3294 4002 ἵνα
3337 3949 3442 4020 τὴν
3477 3950 3534 4002 ὲν
3579 3944 3754 4005 αὑταῖς
3774 3936 3851 4007 ζη-

2307 4041 2487 4112 τῶμεν
2513 4040 2785 4112 ἀλήθειαν,
2811 4040 2987 4095 καινὰ
3005 4041 3099 4094 καὶ
3125 4040 3352 4094 παλαιὰ
3371 4042 3442 4094 ἐκ
3463 4033 3755 4108 θησαυροῦ
3771 4030 3849 4082 ἐκ·

2308 4130 2652 4196 ϐάλλοντες.
2684 4131 2746 4184 El
2777 4131 2836 4185 δὲ
2868 4130 3078 4202 βούλει,
3111 4131 3255 4203 ἅπερ
3289 4130 3526 4185 ἐνταῦθα
3563 4121 3849 4189 συλλέξωμεν

2309 4224 2366 4275 tv
2390 4224 2728 4292 παρασκευῇ,
2755 4221 2929 4275 ταῦτα
2965 4222 3141 4275 ἐκεῖσε
3179 4219 3604 4281 σαϐϐατίσαντες
3652 4211 3847 4282 εὑρήσο·

2311 4331 2409 4383 μεν
2443 4315 2536 4367 καὶ
2561 4313 2967 4385 τραφησόμεθα.

2381 4404 2515 4476 (87⁶)
2554 4405 2728 4458 Πάλαι
2758 4404 2856 4474 μὲν
2887 4399 2978 4458 οὖν
3006 4403 3188 4472 ἄρτον
3206 4404 3304 4460 ἀπ’
3321 4402 3583 4474 οὐρανοῦ
3603 4389 3847 4454 ἔδωκε-νὸ

2309 4496 2451 4565 Θεὸς
2495 4497 2574 4563 τῷ
2602 4493 2729 4561 λαῷ
2775 4497 2958 4550 αὐτοῦ
2981 4537 2994 4561 ,
3034 4495 3414 4562 ἀκοπιάστως
3470 4496 3616 4563 πρὸς
3665 4483 3845 4542 πᾶσαν

633 4586 943 4668 tentvalebat
979 4623 996 4659 :
1045 4606 1111 4659 ad
1141 4601 1279 4672 quod
1313 4597 1452 4652 enim
1503 4593 1622 4664 quis
1653 4591 1827 4654 vellet,
1876 4601 2194 4660 attempera-

2306 4587 2534 4658 ἡδονὴν
2563 4588 2851 4657 ἰσχύοντα
2871 4605 2884 4619 ’
2911 4589 3057 4656 πρὸς
3086 4587 3118 4640 ὃ
3152 4586 3261 4657 γάρ
3289 4604 3379 4654 τις
3405 4587 3678 4642 ἐϐούλετο
3692 4589 3844 4648 μετε-

633 4711 786 4760 batur
806 4704 848 4756 ⁷.
872 4700 1075 4757 Eadem
1096 4705 1181 4752 est
1206 4689 1358 4748 verbi
1399 4688 1635 4742 animam
1665 4683 1955 4739 nutrientis
1979 4691 2106 4735 natu
2118 4693 2198 4745 ra,

633 4809 810 4870 aptata
845 4795 912 4849 ad
947 4790 1255 4846 facultatem
1285 4782 1406 4852 ejus
1438 4778 1531 4851 qui
1557 4777 1814 4832 nutritur.
1845 4773 1904 4829 Si
1938 4772 2195 4827 infantem

633 4865 721 4950 lex
749 4890 974 4952 nutriat,
1007 4886 1066 4940 [it
1093 4884 1214 4947 lac;
1255 4878 1303 4933 si
1336 4875 1684 4944 languentem
1734 4869 1993 4931 animam,
2025 4865 2144 4919 olus
2179 4879 2195 4929 ;

632 4989 676 5043 si
709 4986 882 5042 virum
921 4980 1244 5053 perfectum,
1280 4973 1482 5028 solidus
1507 4970 1681 5024 cibus.
1709 4963 1825 5018 Non
1857 4973 2035 5016 tamen
2069 4955 2200 5010 resi-

633 5079 882 5133 dentibus
910 5073 1064 5129 nobis
1095 5069 1242 5126 venit
1273 5078 1488 5127 manna,
1520 5061 1612 5115 sed
1647 5067 1806 5112 extra
1852 5064 2032 5109 castra
2071 5062 2200 5104 con-

637 5169 1018 5231 tendentibus;
1067 5174 1264 5231 corpns
1328 5154 1600 5218 videlicet,
1657 5152 1711 5206 in
1759 5161 1865 5217 quo
1932 5142 2202 5200 clauditur

635 5265 811 5319 anima
837 5273 1090 5330 tauquam
1122 5258 1172 5309 in
1202 5267 1443 5307 carcere.
1500 5247 1724 5317 Oportet
1769 5242 1914 5296 enim
1962 5237 2196 5291 animam

636 5371 739 5410 non
774 5329 1000 5421 amplius
1034 5351 1087 5404 iu
1117 5361 1283 5403 carne
1311 5358 1455 5409 esse,
1490 5340 1582 5396 sed
1615 5338 1666 5391 in
1695 5334 1910 5405 spiritu.
1940 5329 2011 5383 At
2040 5339 2198 5381 nemo

633 5449 723 5518 qui
753 5453 928 5515 portat
966 5442 1245 5513 imaginem
1274 5435 1470 5493 terreni
1495 5432 1536 5500 ⁸,
1572 5437 1750 5500 potest
1783 5424 2064 5481 caelestem
2097 5431 2196 5518 pa:-

638 5509 756 5592 nem
799 5509 1124 5589 manducare
1161 5550 1176 5585 :
1213 5526 1472 5584 Animalia
1522 5523 1660 5579 enim
1702 5519 1856 5572 homo
1909 5529 2014 5567 non
2059 5509 2195 5578 capit

2306 4685 2564 4752 κρίνατο.
2598 4683 2832 4755 Τοιαύτη
2864 4683 2920 4736 δὲ
2946 4687 2979 4755 ἡ
3009 4683 3101 4736 τοῦ
3133 4683 3426 4756 τρέφοντος
3462 4682 3560 4752 τὴν
3593 4673 3758 4755 ψυχὴν
3777 4667 3844 4721 λά⁴

2305 4795 2402 4849 Υου
2435 4777 2615 4848 φύσις,
2648 4779 2784 4850 πρὸς
2807 4778 2907 4849 τὴν
2943 4778 3167 4848 δύναμιν
3197 4777 3288 4830 τοῦ
3332 4774 3662 4849 τρεφομένου
3698 4779 3840 4838 μετα·

2305 4871 2588 4924 ϐάλλουσα.
2633 4870 2756 4923 Ἐὰν
2779 4871 2970 4941 νήπιον
3002 4869 3175 4940 τρέφῃ
3203 4871 3230 4921 ὁ
3255 4869 3437 4938 νόμος,
3464 4867 3603 4936 γάλα
3621 4861 3836 4930 γίνεται³

2304 4961 2398 5015 ἐὰν
2431 4963 2608 5035 ψυχὴν
2643 4960 3002 5023 ἀσθενοῦσαν,
3050 4961 3278 5032 λάχανον
3301 4979 3313 4992 ·
3349 4960 3444 5014 ἐὰν
3488 4958 3708 5013 τέλειον,
3737 4961 3842 5035 ars-—

2310 5051 2409 5123 Ρεά
2446 5027 2648 5124 iiiP-ecum.
2704 5051 2778 5105 Οὐ
2842 5027 3222 5120 καθεζομένοις
3273 5048 3330 5102 δὲ
3377 5049 3504 5118 ἡμῖν
3557 5043 3763 5124 ἔρχεται
3785 5027 3838 5081 τὸ

2312 5123 2504 5210 μάννα,
2537 5143 2652 5197 ἀλλ’
2686 5142 3000 5215 ἐρχομένοις
3047 5142 3152 5206 ἔξω
3180 5143 3280 5214 τῆς
3311 5133 3653 5211 παρεμϐολῆς
3673 5145 3684 5158 ”
3714 5123 3839 5215 λέγω

2304 5235 2370 5306 δὴ
2419 5233 2512 5288 τοῦ
2562 5211 2843 5305 σώματος,
2877 5233 2935 5285 ὲν
2965 5225 3010 5300 ᾧ
3048 5211 3318 5304 ὲνεῖρκται
3366 5226 3591 5302 ήψυχή.
3641 5218 3725 5272 Δεῖ
3741 5211 3835 5282 γάρ

2303 5326 2400 5398 τὴν
2428 5326 2604 5397 ψυχὴν
2640 5325 2832 5397 μηκέτ’
2861 5321 2998 5378 εἶναι
3031 5325 3088 5379 ὲν
3119 5324 3284 5396 σαρκὶ
3308 5362 3323 5385 ,
3349 5321 3461 5376 ἀλλ’
3486 5321 3543 5371 ὲν
3568 5307 3831 5378 πνεύματι.

2305 5415 2491 5480 Οὐδεὶς
2525 5414 2582 5467 δὲ
2601 5455 2614 5479 .
2650 5414 2846 5482 φορῶν
2886 5413 2999 5483 τὴν
3029 5415 3232 5468 εἰκόνα
3265 5412 3367 5466 τοῦ
3395 5405 3612 5480 χοϊκοῦ,
3634 5399 3829 5453 δύναται

2305 5508 2468 5579 ἄρτον
2516 5505 2764 5578 οὐράνιον
2819 5509 3042 5576 φαγεῖνσ
3077 5505 3209 5558 διότι
3254 5501 3508 5574 ψυχικὸς
3554 5495 3831 5559 ἅνθρωπος

705 5651 724 5683 ⁸
746 5652 787 5705 ll
818 5649 943 5705 Cor.
972 5662 1052 5714 ιιι,
1093 5647 1145 5700 6.
1187 5645 1207 5675 ⁸
1238 5641 1406 5698 Exod.
1439 5634 1652 5702 xv1,l8,
1679 5632 1765 5686 l9.
1867 5627 1888 5660 '
1915 5623 2037 5681 Gal.
2075 5637 2129 5691 v,
2157 5621 2198 5674 4.

2307 5619 2493 5674 Matth.
2526 5632 2642 5680 xm,
2676 5614 2765 5672 52.
2804 5617 2823 5648 ⁷
2843 5615 2970 5685 Sap.
3009 5630 3119 5677 xvr,
3158 5611 3249 5680 20,
3279 5611 3370 5669 21.
3393 5609 3414 5642 ³
3456 5603 3617 5661 lCor.
3643 5609 3727 5659 xv.
3751 5587 3829 5645 l9-

708 5771 820 5832 ;84)
852 5769 916 5824 Id
947 5775 1044 5831 est,
1079 5763 1516 5835 pr_:eparatione._
1627 5824 1651 5835 υ
1779 5821 1790 5835 Ι
1822 5823 1833 5835 _
1904 5819 1930 5829 ,

843 5821 1091 5915 Lacuna;
1114 5821 1275 5915 F_oi'te
1298 5833 1445 5888 deest
1481 5824 1675 5898 Ἰησοῦ,
1708 5821 1794 5878 vel
1813 5821 1992 5891 ἡμῶν.

702 5904 812 5988 (86)
842 5911 932 5967 Vel
961 5904 1246 5968 ἀνάδειξιν.

2375 5737 2487 5806 (87)
2517 5736 2649 5808 Puto
2675 5735 3167 5808 προσωρευθεῖσαν.

2360 5809 2494 5888 (87')
2536 5807 2704 5877 Ὠρικ-
