4012 6340
184 429 253 485 οὐ
296 424 525 496 δέχεται
582 425 657 481 τὰ
699 428 807 483 τοῦ
862 428 1214 498 πνεύματος.
1270 428 1405 501 Περὶ
1434 424 1506 498 ἧς
1547 428 1748 501 τροφῆς

185 522 271 575 καὶ
304 521 366 572 σὺ
391 519 678 592 ἐδιδάχθης
716 518 978 591 εὔχεσθαι.
1028 521 1151 575 Ἐὰν
1173 517 1265 575 οῦν
1307 519 1414 573 τὸν
1439 518 1750 587 ἐπιούσιον

182 612 357 681 ἄρτον
378 651 391 675 ,
431 610 525 664 τὸν
558 610 632 682 μὴ
666 610 1037 681 ἐκχωροῦντα,
1070 611 1161 663 τὸν
1193 610 1268 682 μὴ
1297 610 1745 681 ἀποκρινόμενον,

182 708 265 761 τὸν
296 702 670 773 ἀναδιδόμενον
725 703 803 764 είς
850 699 947 771 τὴν
993 700 1179 754 οὐσίαν
1212 701 1311 771 τῆς
1362 700 1570 772 ψυχῆς,
1619 701 1746 753 ὅταν

180 794 521 868 διαλαμϐάνω
582 793 710 866 περὶ
755 793 927 857 Θεοῦ,
960 794 1089 866 περὶ
1136 792 1412 865 Χριστοῦ,
1470 793 1597 864 περὶ
1646 791 1747 862 τῆς

1355 314 1723 391 Ε’χοειιῐιτιι
1766 335 1830 390 IN
1866 335 2202 391 PSALMOS.

3322 342 3421 394 HG

1860 446 1977 501 quae
2007 437 2131 484 sunt
2165 428 2381 497 spiritus
2414 431 2458 481 ’.
2490 428 2568 482 De
2606 443 2712 497 quo
2744 430 2865 486 cibo
2895 439 2949 487 et
2984 439 3036 485 ιιι
3067 432 3289 489 edoctus
3323 436 3421 487 fui—

1856 521 1923 576 sti
1959 530 2017 579 ut
2054 531 2240 575 votum
2270 520 2520 575 haberes.
2561 520 2616 574 Si
2662 522 2825 591 igitur
2871 525 3275 580 substantialem
3327 546 3423 597 pu-

1858 630 1971 669 nem
2005 614 2072 678 ¹⁰,
2103 614 2192 682 qui
2243 627 2349 667 non
2402 614 2662 681 egeritur,
2699 614 2788 683 qui
2821 631 2923 669 non
2966 620 3292 686 secernitur,
3326 625 3418 674 sed

1853 705 1944 774 qui
1976 705 2173 760 crescit
2214 704 2266 756 in
2303 702 2599 757 essentiam
2634 704 2847 768 animae,
2880 710 3089 775 quoties
3112 711 3330 781 disputo
3353 714 3419 767 de

1860 796 1994 858 Deo,
2051 798 2115 851 de
2164 795 2405 860 Christo,
2453 796 2519 849 de
2562 795 2849 852 divinitate
2881 797 3016 867 ejus,
3059 802 3124 856 de
3177 803 3414 857 incolatu

179 890 425 960 θεότητος
452 884 616 940 αὐτοῦ
636 926 650 950 ,
676 885 802 956 περ)⁵
837 885 935 956 τῆς
975 885 1031 938 ὲν
1055 885 1377 956 ἀνθρωπίνῳ
1412 883 1625 955 σώματι
1656 884 1736 937 κα)

1856 884 2068 939 illiusin
2090 885 2321 938 humano
2338 898 2565 948 corpore
2591 893 2645 936 et
2676 884 2854 937 anima
2886 902 2899 951 ;
2931 901 3141 954 panem,
3173 889 3413 958 inquam,

178 984 317 1054 ψυχῇ
368 978 526 1035 αὐτοῦ
569 978 922 1048 ἐνοικήσεως,
968 977 1129 1049 ἄρτον
1172 977 1416 1045 ἀγγέλων
1469 978 1658 1041 ἐσθίω,
1689 978 1750 1030 τὸ

182 1078 380 1148 μάννα·
420 1074 553 1144 ὅπερ
610 1070 785 1142 εὑρὼν
837 1069 933 1123 καὶ
996 1068 1318 1139 θαυμάσας,
1368 1068 1749 1140 θαυμαστικῶς

179 1170 281 1242 ἐρῶ
299 1181 313 1198 ⁸
346 1167 477 1222 Mair
492 1182 512 1231 ;
536 1166 593 1219 τι
618 1165 749 1218 ἐστι
775 1161 989 1224 τοῦτο;
1013 1161 1111 1215 καὶ
1144 1161 1459 1230 γενήσεται
1482 1160 1656 1215 τοῦτο
1682 1163 1747 1215 τὸ

178 1260 399 1331 φθέγμα
439 1257 518 1324 τῷ
556 1258 712 1326 ἀρτφ
750 1255 971 1325 ὄνομα·
1019 1252 1244 1319 εοξασθε
1277 1252 1365 1306 ἵνα
1392 1254 1524 1324 ἡμῖν
1560 1256 1587 1307 ὁ
1617 1254 1749 1317 Θεὸς

178 1349 520 1421 ἐπισιτισμὸν
570 1346 865 1418 ἀποστείλῃ
923 1346 1003 1410 είς
1040 1344 1389 1416 ἐπιλησμονήν⁸
1456 1344 1553 1414 οὐχ
1607 1343 1746 1396 ὥστε

175 1441 421 1511 γεύεσθαι
463 1440 622 1511 μόνον
642 1479 656 1506 ,
693 1437 832 1493 ἀλλὰ
863 1437 957 1490 καὶ
1003 1434 1354 1510 πληρωθῆναι
1405 1434 1511 1486 τῶν
1574 1432 1746 1499 λόγων

173 1536 259 1605 τῆς
293 1533 475 1605 ζωῆς,
503 1533 596 1586 καὶ
644 1528 1123 1603 ίσχυροποιηθῆναι
1161 1528 1217 1580 ὲν
1260 1527 1468 1589 αὐτοῖς.
1516 1523 1661 1595 Πλὴν
1713 1525 1745 1593 ἡ

172 1627 554 1701 προηγουμένη
591 1624 764 1696 τροφὴ
791 1623 928 1695 αὕτη
956 1622 1119 1675 ἐστίν.

239 1718 359 1791 (88)
398 1717 718 1770 Ἐσθιόντων
752 1715 809 1768 δέ
860 1730 991 1766 ποτε
1029 1713 1091 1765 τὸ
1153 1711 1330 1782 μάννα
1363 1707 1604 1778 Ἑϐραῖοι
1632 1707 1747 1760 ἕλε-

161 1830 250 1879 γον
266 1827 279 1840 ·
310 1811 528 1875 Οὐδὲν,
551 1808 719 1877 πλὴν
742 1810 828 1873 εὶς
849 1806 911 1860 τὸ
936 1804 1139 1874 μάννα
1162 1806 1214 1856 οἱ
1238 1800 1531 1870 ὀφθαλμοί
1553 1798 1742 1869 ἡμῶν.

171 1902 597 1973 Ἐμνήσθημεν
622 1904 755 1969 γάρ,
779 1898 868 1951 ὅτι
887 1894 1294 1964 ἐκαθέσθημεν
1314 1891 1411 1945 ἐπὶ
1428 1890 1545 1944 τῶν
1568 1889 1744 1958 λεϐήτ-

155 2010 273 2046 των
305 1991 431 2049 τῶν
460 1988 648 2059 κρεῶν
680 1987 749 2040 ἐν
789 1986 1098 2056 Amsqu
1132 1985 1226 2038 καὶ
1260 1984 1421 2054 ἡμεῖς
1462 1979 1744 2043 ταλανίζο-

100 2126 101 2131 η
152 2097 253 2152 μεν
299 2081 573 2145 ἐκείνους,
603 2076 679 2139 ὡς
720 2074 837 2126 τότε
878 2072 1297 2147 ἡμαρτηκότας’
1346 2069 1443 2139 οὐχ
1491 2066 1743 2139 ὁρῶντες,

144 2172 230 2224 ὅτι
267 2171 380 2224 καὶ
412 2172 470 2221 ὲν
506 2170 633 2240 ἡμῖν
659 2165 830 2219 ταῦτα
861 2164 929 2218 τὰ
950 2163 1324 2235 ἁμαρτήματα
1358 2159 1599 2227 γίνεται·
1627 2158 1745 2210 ἀντὶ

1852 978 2166 1049 angelorum
2214 977 2500 1036 manduco.
2555 991 2751 1044 nempe
2800 993 3039 1031 manna:
3083 983 3220 1049 quod
3260 982 3413 1035 inve-

1851 1073 2008 1127 niens
2033 1081 2087 1126 et
2115 1070 2439 1137 admiratus,
2476 1070 2872 1125 admirabunde
2910 1072 3055 1136 dico,
3087 1072 3211 1125 Man
3243 1074 3419 1142 ?quid

1849 1174 1923 1220 est
1964 1166 2062 1220 hoc
2087 1165 2172 1218 "?
2211 1176 2259 1221 el
2283 1165 2371 1234 ﬁet
2396 1167 2507 1217 [nec
2553 1164 2715 1218 dictio
2756 1164 2885 1230 pani
2928 1180 3115 1217 nomen
3142 1165 3225 1216 “z
3269 1176 3417 1220 orate

1850 1267 1906 1310 ut
1935 1256 2091 1313 nobis
2124 1256 2268 1312 Deus
2301 1270 2456 1311 escas
2511 1255 2690 1309 mittat
2734 1256 2799 1311 ad
2851 1256 3181 1311 satietatem.
3218 1255 3333 1309 Non
3366 1259 3415 1310 in

1850 1358 2053 1403 tantum
2084 1357 2139 1403 ut
2168 1356 2447 1420 gustemus
2483 1348 2783 1413 duntaxat;
2816 1363 3005 1404 verum
3035 1348 3197 1401 etiam
3244 1349 3419 1417 reple—

1850 1456 2003 1496 amur
2038 1442 2385 1496 sermonibus
2430 1441 2573 1504 vitae,
2606 1449 2661 1494 et
2698 1440 3024 1495 roborentur
3059 1442 3111 1495 in
3146 1442 3270 1496 illis.
3303 1442 3417 1496 Cae-

1849 1542 2021 1588 terum
2052 1535 2339 1603 primarius
2367 1534 2522 1587 cibus
2554 1531 2854 1603 ltujusmodi
2882 1544 2987 1587 est.

1910 1688 2267 1742 Comedentes
2326 1697 2507 1741 autem
2559 1689 2684 1741 olim
2734 1705 2931 1744 manna
2985 1688 3213 1753 Hebraei,
3268 1693 3413 1748 dice-

1848 1784 2017 1836 bant:
2079 1782 2249 1847 Nihil,
2301 1795 2647 1849 praeterquam
2702 1786 2768 1836 ad
2814 1801 3009 1839 manna
3051 1788 3189 1839 oculi
3224 1790 3408 1843 nostri.

1850 1875 2131 1930 Recordati
2181 1877 2318 1929 enim
2349 1892 2555 1933 sumus.
2600 1877 2725 1945 quia
2752 1878 2980 1932 sedimus
3011 1883 3077 1932 ad
3109 1881 3241 1935 ollas
3293 1899 3411 1937 car-

1847 1968 1994 2019 nium
2054 1968 2106 2019 in
2151 1964 2384 2035 zEgypto
2417 1966 2464 1995 ¹³
2492 1984 2504 2018 :
2559 1977 2613 2020 et
2659 1983 2755 2022 nos
2785 1966 3126 2037 deplorantus
3160 1972 3299 2039 illos,
3329 1989 3409 2028 tlt-

1849 2069 1971 2126 pote
2010 2056 2099 2124 qui
2141 2065 2270 2110 tunc
2297 2056 2645 2124 peccaverint
2694 2074 2708 2119 ;
2757 2072 2864 2111 non
2899 2059 3166 2123 videntes,
3196 2050 3319 2132 quia
3354 2066 3409 2119 in

1847 2152 2004 2208 nobis
2032 2151 2157 2205 talia
2188 2157 2410 2220 peccata
2442 2146 2577 2202 ﬁunt
2615 2169 2627 2203 :
2671 2159 2855 2205 contra
2893 2154 3230 2221 spiritualem
3262 2155 3409 2212 Scri-

137 2264 253 2332 τῆς
282 2258 658 2331 πνευματικῆς
682 2259 722 2310 Γ
728 2256 901 2329 ραφῆς
937 2256 1006 2308 τὰ
1048 2254 1229 2325 πράσα
1270 2252 1338 2304 τὰ
1369 2249 1578 2318 δυσώδη
1599 2288 1614 2313 ,
1650 2248 1736 2301 καὶ

1849 2257 2087 2316 pturam,
2117 2260 2308 2314 porros
2333 2242 2733 2315 graveolentes.
2773 2252 2827 2297 et
2858 2260 3033 2315 caepas
3066 2248 3236 2304 aciem
3273 2267 3405 2306 ocu-

108 2408 119 2422 \
141 2355 211 2409 τὰ
250 2353 525 2424 κρόμμυα
552 2349 619 2402 τὰ
645 2348 947 2420 βλάπτοντα
974 2344 1101 2407 τοὺς
1152 2341 1461 2412 ὀφθαλμοὺς
1501 2340 1601 2409 τῆς
1639 2339 1740 2407 ψυ-

144 2448 250 2518 γςῆς
272 2486 292 2511 ,
336 2446 431 2499 καὶ
471 2442 539 2496 τὰ
566 2439 878 2512 πληροῦντα
911 2437 1173 2491 δυσωδίαν
1211 2435 1581 2506 ἁμαρτήματα
1616 2432 1737 2497 σκόέ

150 2538 283 2608 ροδα
320 2530 691 2606 ἐπιθυμοῦμεν
722 2532 941 2600 φαγεῖν,
986 2528 1082 2582 καὶ
1128 2524 1502 2598 ἐμφορηθῆναι
1535 2522 1736 2592 ἡδονῶν

146 2628 474 2699 δυσοσμίας.
509 2626 618 2679 Καὶ
674 2622 771 2694 τὴν
830 2621 1051 2674 ἔκλυτον
1103 2618 1198 2672 τοῦ
1252 2617 1456 2686 κόσμου
1496 2614 1588 2667 καὶ
1626 2613 1734 2667 τῶν

151 2720 488 2793 σωματικῶν
511 2719 671 2789 φύσιν
702 2714 1025 2779 ποθοῦντες,
1060 2712 1309 2766 πεπόνων
1341 2705 1731 2779 ἐπιθυμοῦμεν,

149 2818 245 2869 καὶ
274 2816 339 2869 τὸ
382 2813 460 2885 μὴ
503 2810 878 2882 ἀναδιδόμενον
923 2810 1004 2873 είς
1048 2810 1148 2879 τὴν
1192 2805 1293 2875 τῆς
1325 2803 1503 2875 ψυχῆς
1549 2800 1734 2856 οὐσίαν

150 2908 440 2971 ἀνελόντες
463 2945 477 2969 ,
549 2904 751 2958 σικύων
826 2902 1053 2972 θέλομεν
1114 2896 1563 2970 μεταλαμϐάνειν.
1626 2895 1735 2947 Καὶ

153 2999 343 3070 ἐπειδὴ
371 2999 434 3052 ού
456 2997 681 3068 θέλομεν
711 2994 802 3048 τὸν
831 2994 1015 3064 ἄρτον,
1042 2991 1131 3044 τὸν
1165 2992 1229 3042 ὲκ
1249 2988 1342 3043 τοῦ
1374 2984 1604 3058 ούρανοῦ
1626 3024 1639 3049 ,
1671 2978 1733 3038 οὗ

1846 2339 2019 2393 lorum
2061 2338 2255 2392 anima:
2309 2336 2654 2397 hebetantcs,
2716 2345 2789 2399 et,
2846 2350 2965 2404 quae
3006 2339 3216 2408 replent
3260 2348 3407 2413 gravi

1842 2431 2013 2486 odore
2042 2440 2286 2500 peccata,
2320 2428 2445 2483 allia
2491 2427 2779 2483 comedere
2832 2432 3290 2502 concupiscimus,
3325 2453 3410 2490 sa-

1846 2523 2080 2593 tiarique
2127 2520 2497 2591 voluptatibus
2566 2524 2917 2592 pudibundis.
2971 2525 3040 2580 Et
3089 2526 3412 2584 dissolutam

1844 2616 2028 2670 mundi
2057 2629 2120 2669 ac
2153 2629 2337 2668 rerum
2379 2628 2770 2684 corporearum
2808 2625 3062 2672 naturam
3098 2620 3414 2677 desideran-

1846 2715 1946 2772 tes,
1986 2721 2220 2776 pepones
2252 2722 2514 2773 avemus;
2554 2718 2608 2762 et
2647 2709 2787 2777 quod
2818 2709 3040 2765 minime
3066 2711 3328 2768 adolescit
3353 2715 3405 2768 in

1844 2800 2135 2855 essentiam
2164 2803 2360 2856 anima:
2392 2801 2786 2871 praeligentes,
2816 2816 3131 2858 cucumercs
3162 2795 3409 2862 volumus

1841 2903 2107 2946 comesse.
2136 2891 2199 2947 Et
2224 2892 2350 2961 quia
2376 2893 2723 2961 repudiamus
2744 2906 2941 2962 panem
2961 2890 3029 2946 de
3058 2892 3217 2957 caelo,
3239 2908 3404 2964 quem

1840 2984 2135 3054 praadicant
2201 2990 2348 3038 vates
2395 2994 2451 3037 et
2516 2981 2694 3049 justi,
2758 2982 2849 3051 qui
2905 2982 3077 3038 nubes
3117 2991 3403 3047 vocantur,

154 3068 433 3163 προφῆται
477 3093 715 3160 κήρυκες
752 3085 848 3140 καὶ
891 3084 1116 3147 δίκαιοι,
1160 3080 1377 3149 νεφέλαι
1412 3076 1736 3147 καλούμενοι

1842 3084 2120 3143 propterea
2150 3073 2292 3142 quod
2331 3076 2382 3127 in
2427 3072 2658 3128 sublime
2704 3087 2854 3127 mens
2907 3073 3123 3127 illorum
3164 3070 3401 3134 feratur;

152 3183 239 3238 διά
286 3183 349 3237 τὺ
379 3181 515 3253 ὑψοῦ
554 3178 814 3252 φέρεσθαι
847 3176 1027 3230 αὐτῶν
1072 3175 1162 3227 τὸν
1220 3171 1374 3227 νοῦν·
1413 3170 1507 3223 καὶ
1548 3167 1636 3221 διὰ
1676 3168 1735 3221 τὸ

157 3275 391 3341 ὲντέξειν
423 3274 539 3346 (89)
566 3271 803 3342 νεφελῶν
836 3271 948 3334 τοῖς
973 3269 1180 3338 νοητοῖς
1218 3266 1390 3326 ὑετοῖς
1423 3261 1731 3333 κατάρδειν,

162 3368 377 3439 ἑτέρους
407 3364 758 3431 έξαποστελεῖ
785 3365 917 3435 ἡμῖν
949 3364 978 3415 ὁ
1008 3359 1162 3423 Θεὸς,
1218 3357 1385 3428 κρέας
1412 3355 1544 3409 ὡσεὶ
1579 3354 1727 3425 χοῦν,

160 3458 264 3523 ἕως
291 3453 368 3512 οὗ
407 3456 624 3524 ἐξέλθῃ
666 3455 735 3507 ἐκ
766 3452 882 3507 τῶν
911 3450 1231 3522 tuncth
1257 3446 1456 3517 ἡμῶν,
1499 3446 1593 3498 καὶ
1629 3443 1734 3506 ἕως

163 3549 423 3622 πληρώσῃ
455 3550 601 3621 ἡμᾶς
626 3548 781 3602 νόσου
813 3546 906 3600 καὶ
936 3542 1206 3617 μαλακίας
1226 3582 1240 3607 ,
1268 3540 1343 3603 ὡς
1384 3537 1483 3607 τὴν
1523 3534 1730 3605 δυσώδη

167 3647 253 3699 καὶ
282 3644 625 3715 πολύδακρυν
655 3642 924 3713 ἁμαρτίαν
953 3636 1260 3709 ζητοῦντες.

231 3739 291 3792 Οί
312 3737 425 3809 γὰρ
449 3736 558 3790 τῶν
587 3733 865 3805 κοσμικῶν
894 3729 1234 3803 πραγμάτων
1263 3721 1624 3784 ἀπολαύοντες
1647 3736 1733 3773 νο-

170 3830 311 3884 σοῦσι
333 3829 431 3899 τὴν
464 3826 661 3899 ψυχὴν,
694 3825 783 3879 διὰ
813 3823 987 3878 ταῦτα
1025 3820 1120 3874 καὶ
1152 3820 1210 3871 ὲν
1245 3815 1441 3887 χολέρᾳ
1473 3812 1568 3865 καὶ
1596 3810 1736 3879 νόσῳ

172 3923 286 3987 sici,
320 3922 416 3977 κα)⁸
440 3922 576 3974 πᾶσι
606 3920 797 3981 κακοῖς
834 3915 925 3969 διὰ
945 3913 1043 3985 τὴν
1073 3910 1323 3982 διψυχίαν
1350 3904 1548 3961 αὐτῶν.
1599 3901 1735 3956 Ἀλλ’

172 4014 304 4085 ἡμᾶς
333 4013 544 4082 γένοιτο
574 4009 852 4082 νηστεύειν
897 4006 1150 4078 νηστείαν
1197 4001 1426 4073 δεκτὴν,
1476 3997 1537 4050 τὸ
1599 3994 1733 4067 φρό-

1838 3175 1890 3221 et
1930 3168 2056 3234 quia
2086 3179 2401 3220 recusamus
2446 3165 2713 3220 imbribus
2757 3164 3135 3235 spiritualibus
3177 3163 3401 3220 nubium

1839 3259 2031 3313 harum
2086 3257 2322 3326 irrigari,
2356 3255 2489 3312 alios
2535 3258 2714 3312 mittet
2752 3257 2908 3313 nobis
2938 3257 3121 3324 Deus;
3177 3272 3400 3311 carnem

1841 3359 2098 3418 tanquam
2129 3358 2353 3413 terram,
2405 3349 2568 3402 donec
2599 3350 2900 3417 egrediatur
2936 3352 3001 3403 de
3034 3349 3252 3405 natibus
3303 3365 3400 3405 no—

1838 3441 1963 3495 stris
1996 3439 2061 3505 ¹⁶,
2094 3446 2148 3494 et
2181 3439 2350 3493 donec
2371 3437 2590 3507 impleat
2636 3454 2736 3493 nos
2784 3440 2973 3494 morbo
3021 3449 3075 3494 et
3117 3440 3396 3509 languore,

1842 3540 2099 3600 tanquam
2150 3528 2241 3597 qui
2292 3528 2535 3597 putidum
2594 3534 2650 3580 et
2703 3527 3060 3596 lacrymabile
3122 3535 3403 3595 peccatum

1837 3622 2153 3693 quaerimus.

1908 3714 2009 3782 Qui
2038 3717 2206 3782 enim,
2231 3713 2523 3769 mundanis
2547 3712 2707 3766 rebus
2730 3710 2989 3775 fruentes,
3007 3718 3269 3779 aegrotant
3290 3710 3407 3764 ani-

1837 3823 1944 3873 ma,
1983 3819 2272 3879 propterea
2308 3808 2472 3863 etiam
2514 3808 2567 3863 in
2609 3803 2826 3860 cholera
2869 3811 2924 3857 et
2956 3803 3143 3857 morbo
3174 3812 3318 3867 sunt,
3347 3813 3403 3858 ct

1795 3895 1802 3904 ⁷
1838 3903 1892 3956 in
1920 3902 2179 3957 omnibus
2208 3901 2368 3957 malis
2423 3908 2641 3971 propter
2687 3896 2853 3951 animi
2884 3910 3069 3951 eorum
3119 3894 3405 3964 duplicita-

1840 4004 1967 4051 tem.
2001 3994 2073 4049 At
2101 3993 2240 4047 faxit
2264 3994 2422 4058 Deus,
2452 4002 2511 4047 ut
2544 4004 2643 4046 nos
2668 3987 2977 4060 jejunemus
3011 3997 3289 4057 acceptum
3318 3985 3400 4055 je-

332 4076 435 4175 τῆς
466 4076 666 4175 σαρκδς
718 4100 792 4171 μὴ
821 4076 1117 4171 τρέφοντας
1140 4137 1153 4161 ,
1182 4093 1315 4166 μηδὲ
1341 4087 1629 4161 γενοίμεθα
1676 4087 1734 4139 ὲν

1842 4084 2072 4149 iunium,
2106 4082 2433 4138 voluntatem
2467 4079 2651 4136 carnis
2686 4092 3023 4148 nequaquam
3073 4076 3396 4141 nutrientes,

171 4198 396 4269 ἀνύδρῳ,
427 4196 677 4266 στερήσει
701 4192 811 4246 τῶν
851 4188 1235 4261 πνευματικῶν
1283 4185 1486 4239 ὑδάτων
1509 4222 1523 4247 ,
1555 4178 1645 4233 διὰ
1675 4179 1735 4232 τὸ

177 4292 325 4363 μηδὲν
350 4290 485 4363 δρᾷν
506 4287 614 4342 τῶν
636 4284 1031 4357 γλυκαινόντων
1056 4282 1153 4353 τὴν
1177 4277 1271 4333 τοῦ
1317 4276 1569 4345 Ὑψίστου
1599 4287 1734 4344 χρη-

177 4384 411 4456 στότητα.
436 4380 723 4443 Γλυκαίνει
745 4377 803 4432 δὲ
832 4376 997 4447 αὐτὴν
1028 4373 1097 4427 τά
1139 4374 1258 4425 κατ’
1292 4366 1493 4439 ἀρετὴν
1521 4362 1614 4416 καί
1643 4378 1730 4456 σο-

1838 4190 2011 4246 neque
2029 4175 2222 4230 fiamus
2254 4177 2306 4229 in
2338 4176 2621 4242 inaquoso,
2644 4168 2949 4240 privatione
2971 4171 3213 4223 omnium
3238 4182 3399 4236 aqua-

1838 4283 1953 4321 rum
1983 4267 2365 4338 spiritualium,
2396 4280 2459 4320 ex
2494 4279 2559 4320 eo
2590 4263 2734 4332 quod
2791 4262 2925 4341 nihil
2972 4260 3224 4325 facimus,
3251 4261 3400 4329 quod

1835 4359 2076 4414 dulcoret
2105 4358 2365 4414 Altissimi
2395 4356 2711 4411 bonitatem.
2742 4354 3041 4410 Dulcoraut
3058 4366 3221 4423 porro
3252 4351 3400 4406 illam

179 4430 830 4546 (piasque).
873 4430 1075 4539 θεῶρού
1087 4481 1238 4536 μενα.
1278 4430 1427 4531 Μηδὲ
1452 4430 1729 4526 ’ἐκπειρά-

1842 4467 2169 4523 quacunque
2193 4451 2488 4505 secundum
2510 4451 2762 4505 virtutem
2789 4458 2883 4503 aut
2909 4459 3035 4503 actu
3058 4459 3395 4508 exercemus,

182 4587 257 4622 σαι
278 4568 435 4622 αὐτὸν
466 4568 525 4620 ὲν
551 4567 672 4629 ταῖς
697 4561 942 4634 καρδίαις
971 4561 1006 4630 ἡ
1016 4557 1129 4629 μῶν
1146 4574 1158 4586 ·
1195 4555 1359 4626 ἤγουν
1387 4549 1489 4602 οὐκ
1512 4546 1571 4613 ἐξ
1603 4547 1724 4598 em-

184 4660 344 4731 πολιῆς,
370 4658 485 4713 ἀλλ’
511 4660 573 4711 ὲκ
597 4655 791 4727 βάθους
816 4652 914 4707 τοῦ
944 4644 1268 4724 ἡγεμονιωῦ
1297 4638 1725 4731 ἀμφιϐάλλοντες

187 4728 296 4822 περί
315 4751 417 4820 τῆς
445 4748 593 4811 θείας
621 4745 901 4817 δυνάμεως
922 4760 934 4773 ·
972 4740 1090 4814 μηδ’
1114 4738 1433 4809 αίτήσαιμεν
1464 4728 1729 4822 βρώματα

186 4818 283 4906 «τίς
312 4818 509 4912 ψυχαῖς
539 4837 727 4911 ἡμῶν·
774 4837 834 4890 οὐ
883 4837 1002 4897 ταῖς
1056 4830 1177 4886 κατ’
1228 4826 1409 4881 εἰκόνα
1464 4822 1642 4890 λέγω,
1672 4818 1727 4872 αἳ

192 4935 449 5006 τρέφονται
474 4935 541 4986 ὲκ
582 4931 691 4985 τῶν
722 4928 869 4998 ζωῆς
894 4928 1104 4998 ἀρτων,
1131 4919 1266 4977 ἀλλὰ
1298 4920 1416 4979 ταῖς
1445 4916 1523 4978 εἰς
1551 4913 1725 5006 σάρκα

195 5005 642 5097 μεταϐαλλούσαις,
676 5022 764 5077 διὰ
784 5022 846 5076 τὸ
880 5021 993 5082 τοῖς
1014 5017 1215 5078 ὑλικοῖς
1240 5005 1724 5097 προσπεπονθέναι,

194 5093 513 5191 δρεγομέναις
552 5117 655 5170 ούκ
694 5113 981 5184 ὠφελίμων
1010 5110 1106 5164 καὶ
1144 5104 1311 5175 ὑγιῶν
1338 5098 1582 5171 τροφῶν,
1610 5093 1725 5191 ἀλλ’

197 5189 336 5284 item
366 5211 460 5265 καὶ
500 5206 815 5263 νοσοποιῶν.
866 5204 1003 5258 Ἀλλ’
1037 5196 1384 5270 ὲτοιμασθείη
1422 5193 1562 5284 ἡμῖν
1595 5189 1727 5284 τρά-

200 5282 341 5368 πζα,
381 5305 466 5372 ἐφ’
506 5302 575 5371 ἢν
608 5302 646 5370 ἡ
680 5300 866 5369 σοφία
903 5295 979 5363 τὰ
1008 5290 1225 5359 ἑαυτῆς
1272 5288 1501 5357 θύματα
1539 5282 1724 5372 ἐπιτί-

201 5399 327 5463 θησι,
480 5368 590 5448 τόν
619 5368 839 5459 ἑαυτῆς
874 5383 1038 5441 οἷν-ον
1088 5385 1173 5449 είς
1209 5376 1474 5448 κρατῆρα
1535 5368 1723 5441 κιρνᾷ.

252 5528 443 5583 ’lCor.
478 5543 539 5591 ιι,
572 5525 656 5578 M.
734 5525 775 5555 ¹⁰
804 5522 991 5577 Matth.
1033 5517 1212 5581 νι,Η;
1245 5515 1375 5567 Luc.
1407 5527 1479 5577 XI,
1513 5510 1564 5564 5.

253 5671 337 5744 (88)
372 5671 699 5735 Ἐσθίοντες,
727 5666 809 5723 vel
844 5682 964 5721 mox
995 5663 1111 5733 lege
1150 5655 1432 5728 Ἑϐραίων.

1646 5509 1683 5539 ¹¹
1714 5506 1879 5561 Exod.
1913 5499 2132 5564 xvr,15.
2208 5495 2506 5552 1’ibid.3il.

1836 4556 1929 4600 aut
1950 4544 2325 4614 rspeculatione
2356 4542 2805 4611 contemplamur.
2835 4540 3017 4608 Faxit,
3047 4551 3104 4594 ut
3139 4554 3244 4595 non
3273 4546 3398 4591 ten-

1839 4646 2012 4691 temus
2039 4650 2160 4691 eum
2186 4636 2240 4689 in
2282 4634 2536 4689 cordibus
2562 4633 2762 4686 nostris
2812 4650 2825 4697 ;
2878 4633 2929 4685 id
2962 4641 3044 4686 est
3072 4647 3177 4687 non
3207 4645 3273 4685 ex
3302 4644 3397 4683 su-

1836 4726 2077 4797 perﬁcie,
2120 4726 2213 4780 sed
2251 4740 2317 4780 ex
2354 4726 2463 4779 imo
2495 4726 2691 4779 mentis
2742 4724 3052 4780 dubitantes
3101 4725 3169 4778 de
3219 4721 3398 4776 divina

1836 4820 2116 4889 potentia;
2152 4833 2332 4888 neque
2375 4814 2709 4889 postulamus
2762 4831 2918 4871 escas
2971 4816 3252 4871 animabus
3299 4829 3398 4868 no-

1837 4913 2011 4978 stris;
2046 4928 2149 4967 non
2196 4928 2289 4968 eas
2324 4912 2446 4967 dico
2495 4910 2702 4966 animas
2751 4925 2867 4979 quae
2920 4919 3048 4964 sunt
3098 4907 3398 4963 secundum

1842 5006 2153 5077 imaginem,
2184 5021 2304 5076 quae
2330 5005 2647 5063 nutriuntur
2702 5003 2932 5073 panibus
2962 5004 3122 5067 vitae;
3156 5000 3247 5054 sed
3285 4997 3399 5054 illas

1840 5118 1961 5173 qua:
1991 5110 2266 5158 mutantur
2291 5101 2346 5155 in
2373 5112 2613 5163 carnem,
2646 5105 2933 5166 propterea
2966 5097 3109 5164 quod
3142 5094 3395 5149 materia-

1839 5197 1982 5252 libus
2008 5193 2478 5251 succenturiantur
2504 5189 2914 5255 affectionibus;
2949 5197 3264 5258 appetentes
3288 5203 3393 5243 nou

1833 5305 1951 5360 qua:
2006 5288 2159 5343 utilia
2214 5294 2339 5342 sunt
2398 5296 2451 5340 et
2479 5300 2610 5340 sana
2660 5283 3010 5347 nutrimenta,
3080 5280 3172 5335 sed
3244 5280 3391 5334 volu-

1834 5391 2021 5451 ptuosa
2070 5388 2123 5434 et
2168 5383 2387 5435 morbos
2414 5375 2672 5432 creantia.
2694 5374 3035 5445 Praeparetur
3064 5387 3187 5428 vero
3241 5373 3393 5427 nobis

2586 5494 2622 5522 ’³
2648 5489 2800 5545 Num.
2830 5504 2903 5555 x1,
2929 5487 3044 5555 5,6.
3091 5486 3281 5547 "ibid.
3305 5492 3390 5545 €20.

1898 5643 2010 5713 (89)
2044 5642 2202 5698 Forte
2243 5640 2499 5709 ἀντέχειν.
