4012 6340
596 315 696 368 ΗἹ

595 431 746 503 Μηδέ
776 431 910 502 ὀργὴ
946 432 1031 501 ἐφ’
1060 432 1207 502 ἡμᾶς
1230 429 1458 499 ἀναϐαίη
1480 469 1494 492 ,
1525 427 1587 480 τὸ
1628 425 1842 497 πνεῦμα
1875 426 1968 480 τοῦ
2011 427 2161 494 ἐξου-

597 524 871 588 σιάζοντος
897 524 958 576 τὸ
984 523 1280 595 ἀπατηλὸν.
1309 521 1368 573 τὸ
1399 520 1552 590 δίκην
1590 519 1894 590 προδρόμου
1929 519 1962 592 ἢ
1999 538 2164 574 κατα-

597 616 802 669 σκόπου
853 617 916 668 ἐκ
947 614 1041 668 τοῦ
1071 615 1257 667 σκότου
1289 613 1346 665 ἐν
1371 604 1415 678 ᾧ
1467 611 1770 680 ἐκέκρυπτο
1793 650 1808 674 ,
1837 613 1917 674 είς
1947 611 2044 682 τὴν
2069 612 2169 681 ψυ-

596 707 697 777 χὴν
734 707 879 760 ἀνιὸν
912 705 999 758 διά
1044 705 1142 774 τῆς
1177 701 1559 773 ὲνθυμήσεως’
1602 703 1736 774 μηδέ
1767 702 1842 765 ὡς
1891 702 2002 774 πῦρ
2042 703 2164 756 ἐξα-

598 765 754 865 ξθείη
781 798 844 849 ἐκ
875 785 982 848 τῶν
1010 765 1426 864 πεπυρωμένων
1453 765 1621 861 βελῶν
1649 765 1742 845 τοῦ
1766 765 1982 863 ἐχθροῦί
2024 794 2161 847 Ἀλλ’
2189 765 2231 822 C

596 887 826 959 ούρανοῦ
860 885 1067 957 θυρίδες
1095 888 1228 956 ἡμῖν
1279 886 1543 952 ἀνοιγεῐεν
1564 925 1578 947 ,
1603 886 1658 937 αἱ
1683 885 1790 939 τῶν
1825 885 2030 956 νοητῶν
2074 887 2165 939 κα)⁹

599 978 972 1050 πνευματικῶν
1001 977 1217 1045 ἐξαπλω
1246 976 1356 1048 (90)
1387 976 1577 1049 ἀρεταὶ
1615 1017 1630 1030 .
1651 1015 1665 1028 .
1687 1018 1701 1031 .
1721 1018 1733 1029 .
1753 1018 1767 1030 .
1788 1017 1802 1030 .
1826 1017 1838 1029 .
1867 1020 1876 1031 .
1897 1019 1910 1031 .
1936 1018 1949 1030 .
1977 977 2164 1030 κακίαι

597 1073 717 1142 ᾅδου
743 1073 836 1124 καὶ
867 1071 1124 1132 θανάτου,
1163 1069 1364 1132 αἵτινες
1404 1070 1463 1121 οὑ
1495 1069 1843 1139 κατισχύουσι
1874 1070 2001 1133 τῶν,
2025 1069 2166 1123 κατά

598 1161 820 1231 Πέτρον,
853 1159 1180 1213 ἀνελθόντων
1219 1160 1311 1212 ἐπὶ
1343 1159 1516 1222 πύλας
1547 1161 1643 1230 τῆς
1682 1159 1973 1231 θυγατέρος
2007 1159 2162 1213 Σιών.

597 1253 702 1304 Καὶ
735 1253 763 1302 6
796 1254 854 1303 ἐν
880 1249 960 1318 τῷ
1005 1249 1232 1320 κρυπτῷ
1259 1252 1356 1321 τῆς
1400 1250 1620 1322 καρδίας
1677 1251 1959 1322 ἅνθρωπος
1985 1291 1998 1314 ,
2044 1255 2163 1305 κατ’

595 1343 778 1395 εἰκόνα
815 1343 950 1394 Θεοῦ
973 1382 987 1405 ,
1019 1343 1297 1412 ὁμοέστιος
1325 1341 1574 1410 ἀγγέλοις
1599 1342 1826 1410 γένοιτο,
1861 1343 1953 1396 τοῦ
1979 1343 2166 1414 ἀληθι-

593 1432 684 1484 νοῦ
716 1433 891 1500 μάννα
927 1432 1383 1503 μεταλαμϐάνων,
1419 1434 1510 1486 καὶ
1538 1435 1646 1487 ἀπὸ
1685 1433 1910 1504 οὑρανοῦ
1939 1436 2162 1508 τροφὴν,

596 1523 709 1574 ἀλλ’
755 1523 856 1576 οὑκ
885 1523 994 1576 ἀπὸ
1019 1523 1120 1593 τῆς
1153 1524 1554 1596 ἐπικαταράτου
1597 1525 1730 1595 γῆς,
1761 1527 1828 1596 ἢν
1858 1527 1886 1578 6
1919 1527 2165 1597 ἁμαρτά-

596 1631 700 1665 νων
737 1615 795 1666 ἐν
827 1612 1023 1676 λύπαις
1050 1613 1236 1666 ἐσθίει.
1273 1617 1334 1667 Oi
1365 1614 1568 1667 τούτων
1610 1615 1896 1676 ἀκούοντες
1932 1616 2164 1686 πτερού-

601 1703 815 1757 σθωσαν
841 1745 855 1769 ,
885 1703 1297 1776 ἐπαιρέσθωσαν
1323 1743 1338 1767 ,
1374 1703 1568 1774 μηκέτι
1611 1705 1847 1758 ἔστωσαν
1883 1707 1941 1759 ἐν
1968 1707 2129 1778 σαρκί
2149 1725 2161 1737 ο

597 1795 935 1864 γενέσθωσαν
963 1781 1033 1848 ἐν’
1059 1794 1360 1866 πνεύματι·
1407 1798 1470 1848 Οἱ
1509 1795 1618 1864 γὰρ
1665 1796 1734 1849 ἐν
1776 1797 1955 1865 σαρκὶ
1997 1797 2167 1864 ὄντες

600 1875 721 1952 Θεῷ
745 1886 960 1966 ἀρέσαι
988 1889 1059 1941 οὐ
1083 1886 1388 1940 δύνανται.
1454 1888 1589 1942 Ἀλλ’
1639 1889 1731 1956 ἐπὶ
1783 1889 1881 1960 τὴν
1929 1891 2166 1966 ἱστορίαν

597 1980 826 2032 ἀνιτέον.

597 2153 1017 2234 Στίχκμδηβρὶ
1048 2152 1456 2234 pateatpateat:
1503 2157 1590 2234 sic
1625 2151 1767 2225 αἷμα
1795 2156 1948 2234 ’τοένς
1985 2173 2165 2234 πρτα-
2197 2129 2240 2184 D

660 2223 1068 2364 ᾕΞὺὲ-εῶιέῗῷν,
1102 2224 1200 2277 καὶ
1231 2225 1304 2278 τὰ
1341 2223 1696 2294 ὀμϐρήματαξ
1741 2225 1971 2290 αὐτῶν,
2011 2223 2171 2293 ὅπως

667 2383 796 2442 Οἶδα
857 2387 999 2444 κατά
1054 2387 1410 2460 τροπολογίαν
1455 2388 1683 2452 πολλοὺς
1731 2391 2006 2460 ποταμοὺς
2064 2393 2168 2445 Αί-

594 2481 801 2551 γύπτου
842 2480 1117 2542 ἐναντίους
1151 2479 1366 2551 Χριστῷ
1397 2479 1474 2550 τῷ
1526 2480 1764 2551 ἀληθινῷ
1806 2483 2070 2553 ποταμῷ,
2111 2475 2172 2536 οῦ

592 2571 662 2627 τά
702 2570 999 2642 ὁρμήματα
1029 2569 1128 2639 τὴν
1165 2569 1487 2639 Ἐκκλησίαν
1503 2571 1801 2641 εὐφραίνει.
1822 2571 2072 2624 Πάνταδέ
2099 2572 2168 2625 τά

593 2666 694 2735 τῆς
718 2663 990 2734 σωτηρίας
1021 2661 1272 2733 ἀλλότρια
1289 2661 1533 2732 ῥεύματα
1553 2701 1566 2726 ,
1595 2662 1631 2716 ἃ
1659 2665 1686 2716 6
1711 2663 1860 2729 Θεὸς,
1881 2664 2016 2734 (90°)
2043 2665 2167 2718 ὅταν

598 2754 852 2825 βούληταί
889 2770 1040 2816 τινας
1090 2753 1446 2822 ἐπιπρέψαι,
1487 2754 1574 2806 ἵνα
1619 2753 1920 2820 ἐξελθόντες
1973 2755 2167 2808 πίωσιν

596 2847 705 2900 ἀπὸ
748 2847 845 2917 τῆς
892 2845 1134 2916 πέτρας,
1167 2846 1202 2916 ἡ
1253 2845 1310 2898 δὲ
1352 2845 1526 2917 πέτρα
1559 2841 1627 2917 ἦν
1667 2849 1695 2899 6
1737 2847 1988 2918 Χριστὸς,
2026 2849 2168 2900 ποιεῖ

600 2938 900 3010 στραφῆναι
921 2939 1003 3000 είς
1031 2933 1188 3008 αἷμα.
1219 2938 1384 2990 Ὅταν
1404 2938 1510 3008 γὰρ
1537 2937 1646 3006 ἐγὼ
1667 2937 1888 3006 καταγὼ
1915 2938 2006 3001 οὓς
2057 2937 2168 3010 (91)

593 3030 870 3101 ἀλλοτρίου
904 3029 1094 3093 ὕδατος
1127 3030 1220 3084 καὶ
1244 3031 1606 3102 φρονήματος,
1637 3030 1730 3084 τοῦ
1763 3030 1896 3089 Θεοῦ
1924 3030 1998 3101 μὴ
2031 3030 2164 3102 (91⁸)

602 3123 1082 3193 παραστήσαντος·,
1113 3122 1194 3182 ὅτι
1252 3116 1392 3192 αἷμά
1436 3123 1616 3186 ἐστιν,
1663 3122 1844 3181 οὐκέτι
1879 3123 2048 3184 πίνω,
2083 3123 2168 3176 ἵνα

602 3213 930 3286 μὴ.’μέτοχος
962 3212 1197 3283 γίνωμαι
1227 3212 1456 3283 αἵματος
1482 3212 1662 3283 ὁμϐρή
1671 3229 1857 3282 ματος.
1882 3213 1942 3264 Oi
1976 3211 2032 3263 δέ
2060 3207 2167 3264 εἷεν

599 3304 694 3369 ἂν,
728 3305 777 3356 οἱ
810 3303 1013 3374 βραχέα
1047 3303 1142 3373 μὲν
1175 3302 1424 3370 λέγοντες
1444 3340 1460 3366 ,
1515 3299 1732 3370 ὀλέθρια
1778 3301 1855 3359 δέ.
1885 3299 2074 3367 τΚατά
2111 3302 2168 3361 δὲ

596 3396 696 3468 τὴν
727 3397 963 3470 ἱστορίαν
985 3435 999 3459 ,
1032 3394 1316 3463 Αἰγύπτιοι
1353 3393 1562 3447 ἀνωθεν
1611 3392 1753 3465 ὕδωρ
1801 3394 1900 3446 οὑκ
1931 3391 2164 3462 έχουσιν,

595 3489 717 3548 οὑδὲ
747 3489 954 3557 γίνεται
995 3487 1147 3550 ὑετὸς
1183 3487 1242 3542 ἐν,
1270 3485 1550 3556 Αἰγύπτῳ.
1585 3484 1889 3556 Ἱστορικῶς
1921 3484 2018 3556 μὲν
2047 3480 2162 3549 οὖν,

601 3583 782 3654 πάσης
826 3581 946 3634 τότε
979 3580 1076 3652 τῆς
1101 3577 1210 3631 τῶν
1251 3577 1456 3632 ὑδάτων
1511 3578 1724 3647 φύσεως
1761 3577 1902 3632 κατὰ
1943 3577 2040 3648 τὴν
2068 3576 2166 3631 Αί-

597 3693 800 3744 γυπτον
827 3674 906 3746 τῷ
942 3673 1324 3745 προστάγματι
1351 3672 1443 3725 τοῦ
1479 3672 1722 3736 Μωσέως
1749 3673 1828 3734 εἰς
1870 3665 2008 3742 αἷμα
2037 3687 2168 3742 τρα-

599 3767 791 3838 πείσης
809 3804 824 3827 ,
849 3767 924 3829 ὡς
952 3765 1190 3827 καὶτοὺς
1222 3763 1409 3833 ἰχθύας
1428 3805 1442 3828 ,
1471 3767 1550 3828 είς
1587 3763 1840 3838 σαρκώδη
1881 3763 2166 3834 παχύτητα

596 3859 690 3914 τοῦ
715 3859 904 3922 ὓδατος
927 3861 1326 3928 μετατεθέντος,
1349 3860 1728 3934 διαφθαρῆναι,
1753 3861 1865 3921 τοῖς
1897 3857 2166 3927 Ἑϐραίοις

596 3951 921 4022 ἀρυομένοις
948 3945 1086 4021 αἷμα
1124 3953 1223 4006 οὑκ
1249 3947 1337 4021 ἦν.
1381 3949 1542 4004 Ὅθεν
1581 3951 1704 4020 ἔσχε
1743 3950 1900 4019 καὶὴ
1953 3965 2166 4018 μαγγα-

599 4043 716 4097 νεία
745 4043 934 4115 καιρὸν
962 4044 1019 4097 ἐν
1052 4042 1130 4114 τῷ
1153 4043 1303 4112 παρά
1333 4045 1445 4104 τοῖς
1493 4041 1763 4111 Ἑϐραίοις
1792 4040 2166 4112 εὑρισκομένῳ

599 4135 772 4200 ὕδατι,
801 4135 862 4188 τὸ
888 4133 1193 4205 αἱματῶδες
1219 4131 1362 4204 ὕδωρ
1394 4131 1884 4202 παρασοφίσασθαι.
1917 4131 2165 4199 Πνεῦμα-

598 4227 763 4292 τικῶς
796 4227 853 4280 δὲ
883 4227 976 4280 καὶ
999 4225 1094 4279 νῦν
1125 4225 1182 4278 τὸ
1212 4227 1323 4279 ἴσον
1363 4224 1509 4278 ἔστιν
1545 4224 1670 4278 ἰδεῖν
1705 4222 2002 4291 γινόμενον.
2044 4222 2163 4282 Τῶν

597 4319 706 4391 γὰρ
738 4289 872 4389 πρὸς
907 4317 1006 4380 τὰς
1057 4316 1302 4380 ἐναντίας
1344 4314 1498 4382 δόξας
1534 4289 1890 4383 διεστηκότων
1922 4314 2034 4375 τοῖς
2070 4313 2166 4382 μὲν
2198 4289 2241 4347 Β

598 4410 826 4480 πότιμόν
853 4412 970 4463 ἐστι
998 4408 1092 4462 καὶ
1119 4408 1372 4477 διαφανὲς
1399 4406 1460 4458 τὸ
1506 4407 1652 4475 νᾶμα
1694 4402 1794 4472 τῆς
1836 4403 2070 4464 πίστεως
2092 4441 2107 4465 ,
2137 4399 2166 4452 ὃ

597 4522 685 4576 διὰ
709 4523 806 4593 τῆς
837 4523 983 4586 θείας
1011 4522 1356 4585 διδασκαλίας
1387 4519 1641 4592 ἀρύονται
1660 4534 1676 4550 θ
1717 4520 1830 4581 τοῖς
1857 4517 1913 4569 δὲ
1944 4516 2044 4586 τῆς
2071 4533 2168 4568 πο-

595 4617 768 4687 νηρᾶς
803 4615 1119 4688 ὑπολήψεως
1157 4614 1565 4684 αίγυπτιάζουσι
1611 4611 1892 4682 διεφθορὸς
1931 4606 2067 4682 αἷμα
2103 4611 2165 4663 τὸ

597 4707 741 4781 ὕδωρ
757 4706 981 4778 γίνεται.
1006 4711 1114 4762 Καὶ
1134 4709 1390 4772 πολλάκις
1412 4709 1680 4780 ἐπιχειρεῖ
1699 4709 1728 4759 6
1750 4705 2164 4778 παρασοφισμὸς

594 4800 693 4870 τῆς
727 4800 941 4873 ἀπάτης
978 4801 1072 4855 καί
1109 4801 1169 4855 τὸ
1210 4802 1316 4856 τῶν
1364 4801 1712 4874 Ἰσραηλιτῶν
1753 4800 1916 4853 ποτὸν
1959 4797 2037 4868 τῷ
2070 4815 2165 4868 μο-

594 4893 784 4965 λυσμῷ
810 4895 903 4947 τοῦ
932 4893 1159 4963 ψεύδους
1185 4889 1322 4966 αἷμα
1350 4897 1590 4967 ποιῆσαι,
1613 4893 1858 4946 τουτέστι
1903 4890 1991 4943 τὸν
2039 4890 2165 4960 ἡμέ-

589 5003 748 5056 τερον
777 4987 934 5055 λόγον
953 5026 967 5049 ,
999 4987 1092 5040 καὶ
1121 4990 1254 5058 ἡμῖν
1276 4986 1444 5050 δεῖξαι
1469 5027 1484 5052 ,
1517 4987 1589 5058 μὴ
1627 4985 1866 5039 τοιοῦτον
1900 4984 2026 5036 ὄντα
2053 4977 2163 5035 οἷόν

595 5080 760 5132 ἐστιν.
813 5079 951 5132 Ἀλλ’
981 5080 1080 5132 οὑκ
1109 5079 1426 5150 ἀχρειώσειε
1473 5078 1701 5132 καθόλου
1731 5078 1793 5130 τὸ
1833 5076 1994 5128 ποτὸν
2017 5114 2030 5138 ,
2061 5073 2162 5128 κᾶν

594 5169 660 5222 ἐκ
699 5169 792 5221 τοῦ
839 5171 1128 5242 προχείρου
1175 5170 1241 5222 δι’
1271 5170 1486 5238 ἀπάτην
1527 5167 1866 5240 περιφοινίξῃ
1906 5167 1966 5220 τὸ
2001 5163 2160 5229 εἶδος.

600 5259 752 5312 Πίνει
777 5260 882 5332 γὰρ
905 5265 933 5316 6
985 5261 1317 5333 Ἰσραηλίτης
1336 5261 1397 5313 τὸ
1422 5261 1672 5332 ἀληθινὸν
1695 5259 1860 5332 ὑδωρ,
1885 5259 2005 5313 οὐδὲ
2027 5259 2161 5330 πρὸς

593 5351 654 5405 τὸ
679 5349 815 5415 εἶδος
836 5355 935 5424 τῆς
955 5355 1175 5424 ἀπάτης
1203 5349 1681 5424 ἐπιστρεφόμεῖῖος.

663 5471 706 5502 ¹⁸
731 5470 1047 5538 Ρι·ον.ικ,2.
1133 5473 1176 5503 ¹⁶
1207 5472 1362 5527 Rom.
1401 5487 1515 5534 vui,
1543 5469 1594 5525 8.

665 5589 779 5657 (90‘;
823 5589 982 5645 Forte
1009 5591 1386 5657 ἐξαπλωθεῖεν.

666 5647 800 5747 (θολ)
849 5663 906 5715 ’Λ
946 5664 978 5714 δ
1004 5647 1164 5728 Θὲός.
1199 5662 1357 5718 Forte
1383 5661 1486 5719 del.
1520 5663 1573 5717 ἆ.

1479 305 2043 363 SUPPLEMENTUM
2083 306 2173 360 AD
2208 304 2374 362 01th}
2388 299 2550 358 ENIS
2582 297 2981 360 EXEGETICA.

3833 299 3927 351 HS

2282 443 2492 491 mensa,
2553 440 2714 494 super
2747 442 2904 497 quam
2933 425 3206 494 sapientia
3243 420 3657 486 mactationes
3687 436 3818 475 suas
3846 424 3932 474 im-

2278 523 2449 591 ponit,
2477 530 2524 576 et
2554 520 2730 574 vinum
2766 537 2918 575 suum
2944 522 3120 576 miscet
3152 520 3222 573 in
3253 528 3508 572 cratera
3536 516 3612 572 ”.
3650 514 3933 584 Nequeira

2275 616 2328 669 in
2359 629 2457 670 nos
2485 614 2781 680 ascendat;
2812 613 3034 682 spiritus
3061 621 3300 682 nempe
3322 617 3702 680 potestatem
3734 607 3934 663 haben-

2273 707 2343 761 tis
2371 707 2646 771 seductor,
2672 706 2760 772 qui
2791 705 3144 774 praecursoris
3183 705 3398 758 instar
3459 701 3562 756 vel
3619 701 3932 770 speculato-

2274 800 2370 865 ris,
2401 813 2467 853 ex
2518 797 2760 854 tenebris
2807 799 2858 850 in
2893 799 3086 867 quibus
3125 811 3271 851 sese
3330 794 3695 860 ab‘diderat,
3733 794 3786 848 in
3822 795 3930 848 ani-

2272 905 2413 944 mam
2464 887 2701 943 ascendit
2745 902 2841 956 per
2888 887 3303 956 cogitationem
3334 903 3352 939 :
3391 899 3601 953 neque
3637 898 3748 938 ceu
3801 884 3930 955 ignis

2280 980 2651 1035 inﬂammetur
2676 993 2742 1032 ex
2783 978 2974 1047 ignitis
3005 979 3212 1046 jaculis
3283 976 3562 1031 inimici.
3619 974 3740 1032 Sed
3782 975 3924 1032 fene-

2273 1082 2400 1127 stra:
2425 1070 2546 1126 coeli
2581 1071 2736 1126 nobis
2777 1069 3125 1139 aperiantur:
3161 1085 3395 1124 rerum
3448 1067 3924 1123 intellectualium

2273 1177 2336 1215 ac
2378 1161 2699 1231 spiritalium
2750 1161 2980 1215 virtutes
3028 1161 3459 1230 explicentur.
3515 1199 3532 1212 .
3581 1198 3598 1214 .
3651 1199 3669 1216 .
3713 1199 3728 1214 .
3775 1162 3920 1218 mala:

2273 1253 2472 1308 inferni
2509 1265 2563 1307 et
2593 1254 2805 1316 mortis,
2853 1268 2973 1320 quzr
3029 1268 3136 1308 non
3198 1253 3580 1324 praevalent,
3619 1254 3918 1308 secundum

2274 1344 2519 1412 Petrum,
2550 1345 2616 1400 iis
2642 1346 2732 1415 qui
2769 1349 3064 1401 ascendunt
3093 1349 3157 1400 ad
3204 1354 3433 1416 portas
3469 1344 3614 1399 ﬁlia:
3661 1343 3813 1401 Sion.
3855 1347 3915 1402 Et

2274 1437 2436 1492 homo
2469 1439 2560 1508 qui
2599 1449 2682 1494 est
2719 1441 2771 1494 in
2811 1440 3024 1494 occulto
3053 1444 3276 1507 cordis,
3320 1443 3434 1512 qui
3482 1453 3580 1496 est
3615 1445 3908 1499 secundum

2272 1530 2562 1602 imaginem
2597 1532 2716 1598 Dei,
2751 1533 3130 1590 commensalis
3165 1535 3542 1604 angelorum
3578 1535 3703 1600 ﬁat,
3733 1550 3903 1590 rerum

2272 1639 2468 1678 manna
2497 1625 2791 1680 comedens
2818 1634 2870 1680 et
2903 1642 3082 1682 escam
3113 1627 3179 1682 de
3208 1629 3404 1692 caelo,
3459 1643 3582 1682 non
3630 1638 3816 1682 autem
3843 1629 3902 1683 de

2276 1725 2418 1770 terra
2447 1717 2758 1783 maledicta,
2793 1735 2952 1788 quam
2987 1721 3076 1790 qui
3108 1730 3346 1788 peccat,
3385 1721 3448 1774 in
3487 1719 3784 1775 doloribus
3813 1735 3899 1774 co-

2274 1807 2462 1862 medit.
2491 1807 2593 1873 Qui
2632 1809 2746 1864 haec
2779 1811 3016 1864 audiunt
3042 1821 3275 1865 sumant
3339 1811 3502 1878 alas,
3562 1811 3620 1864 in
3680 1811 3894 1866 sublime

2272 1899 2535 1968 ferantur,
2594 1917 2701 1956 non
2748 1903 2977 1971 amplius
3014 1904 3121 1958 sint
3165 1904 3224 1958 in
3271 1917 3520 1968 carne;
3576 1903 3769 1958 sintin
3793 1902 3890 1970 spi-

2275 1991 2377 2044 ritu
2406 2008 2420 2046 :
2454 1990 2556 2058 Qui
2587 1993 2724 2045 enim
2754 1993 2805 2045 in
2833 2009 2986 2047 carne
3017 2004 3163 2057 sunt,
3193 1993 3321 2047 Deo
3359 1993 3600 2062 placere
3631 2010 3740 2048 non
3778 2008 3887 2061 pos-

2273 2094 2392 2137 sunt
2424 2085 2489 2136 ¹⁸.
2522 2085 2627 2138 Sed
2660 2085 2727 2138 ad
2763 2085 3043 2139 historiam
3076 2091 3530 2143 revertendum.

2273 2174 2334 2228 V.
2372 2176 2462 2243 44.
2498 2175 2564 2228 Et
2591 2177 2843 2229 convertit
2872 2177 2927 2228 in
2960 2179 3276 2248 sanguinem
3310 2180 3566 2248 [Iumina
3609 2197 3806 2247 eorum,
3831 2187 3876 2240 et

2478 2247 2731 2315 pluviales
2764 2264 2928 2320 aquas
2956 2247 3158 2314 eorum,
3190 2261 3252 2302 ut
3285 2247 3405 2303 non
3458 2251 3676 2304 bibant.

2248 2455 2266 2469 ,
2340 2402 2473 2457 Novi
2501 2405 2796 2459 secundum
2834 2406 3095 2462 moralem
3146 2421 3394 2463 sensum
3434 2409 3620 2463 multa
3663 2407 3871 2463 ﬂumina

2271 2497 2489 2568 Egypli
2521 2500 2794 2553 contraria
2827 2500 3048 2556 Christo
3090 2517 3220 2558 vero
3255 2503 3518 2572 ﬂumini,
3576 2507 3730 2576 cujus
3776 2507 3864 2560 im-

2277 2599 2435 2656 petus
2482 2588 2782 2644 Ecclesiam
2832 2590 3125 2647 lmtiﬁcant.
3180 2590 3262 2647 At
3332 2611 3700 2666 quaecunque
3754 2607 3863 2652 sunt

2274 2679 2473 2734 ﬂuenta
2505 2680 2664 2736 saluti
2691 2683 2985 2752 contraria,
3013 2687 3236 2754 quando
3276 2691 3406 2744 vult
3431 2689 3584 2745 Deus
3614 2690 3854 2761 quosdam

2273 2783 2615 2839 convertere,
2641 2783 2700 2828 ut
2723 2785 2986 2832 exeuntes
3015 2779 3203 2833 bibant
3225 2781 3308 2836 de
3344 2792 3542 2852 petra,
3575 2799 3698 2853 qua:
3722 2793 3856 2852 petra

2273 2861 2524 2920 Christus
2585 2875 2688 2933 est,
2757 2865 2889 2922 facit
2940 2875 2998 2923 ut
3046 2872 3099 2924 in
3148 2873 3508 2944 sanguinem
3566 2885 3846 2931 vertantur.

2272 2954 2498 3020 Quando
2530 2959 2675 3012 enim
2705 2974 2808 3029 ego
2838 2960 3034 3016 damno
3065 2963 3316 3020 alienam
3355 2983 3567 3038 aquam
3611 2970 3727 3024 sive
3767 2982 3850 3022 co-

2273 3049 2460 3118 gitata,
2513 3051 2620 3106 Deo
2662 3054 2790 3107 mihi
2831 3057 3166 3122 ostendente,
3218 3062 3366 3129 quia
3421 3063 3652 3133 sanguis
3695 3069 3844 3126 sunt;

2279 3156 2383 3194 non
2435 3143 2665 3212 amplius
2716 3144 2858 3209 bibo,
2913 3156 2971 3201 ut
3018 3163 3123 3203 non
3170 3155 3471 3223 particeps
3515 3155 3640 3210 liam
3673 3154 3847 3225 pluvia:

2269 3231 2566 3301 sanguinis.
2614 3232 2670 3286 ln
2727 3235 2830 3288 hoc
2877 3251 3040 3291 censu
3083 3239 3328 3297 habendi
3370 3245 3506 3311 sint,
3553 3247 3650 3315 qui
3687 3259 3838 3314 pauca

2269 3322 2486 3387 quidem
2544 3322 2862 3392 loquuntur,
2912 3329 3005 3381 sed
3077 3330 3452 3388 nihilominus
3522 3336 3832 3404 perniciosa.

2268 3409 2436 3464 Porro
2466 3413 2767 3466 secundum
2803 3414 3390 3489 historiam,A§gyptii
3410 3423 3636 3477 caelitus
3660 3435 3832 3490 aquam

2269 3516 2374 3555 non
2401 3501 2622 3568 habent,
2673 3519 2772 3560 nec
2819 3505 2880 3560 lit
2913 3507 3092 3576 pluvia
3146 3511 3200 3565 in
3246 3512 3528 3586 Egypto.
3580 3513 3829 3570 Historice

2269 3597 2451 3666 igitur,
2480 3599 2734 3655 universa
2798 3611 2927 3657 tunc
2982 3618 3241 3673 aquarum
3290 3619 3494 3663 natura
3545 3624 3644 3678 per
3684 3607 3827 3676 .Egy-

2268 3704 2420 3757 ptum
2447 3693 2704 3748 mandato
2737 3693 2941 3765 Moysis
2990 3697 3044 3752 in
3096 3699 3426 3769 sanguinem
3470 3716 3652 3764 versa,
3677 3711 3824 3767 usque

2267 3786 2401 3838 adeo
2420 3793 2476 3837 ut
2500 3785 2660 3838 etiam
2691 3787 2884 3854 pisces,
2918 3790 2970 3844 in
3001 3783 3257 3847 carneam
3289 3799 3610 3852 crassitiem
3641 3804 3818 3849 mutata

2266 3889 2431 3941 aqua,
2463 3875 2782 3944 interirent;
2812 3879 3051 3938 Hebraeis
3076 3885 3465 3944 haurientibus
3493 3887 3705 3958 sanguis
3725 3900 3818 3938 non

2266 3976 2404 4020 erat.
2429 3967 2606 4033 Quare
2646 3971 2810 4024 etiam
2860 3972 3034 4027 locum
3085 3975 3403 4032 habuerunt
3458 3977 3736 4049 praestigiae
3769 3974 3814 4026 in

2276 4073 2414 4124 aqua
2464 4077 2632 4132 penes
2682 4063 2936 4123 Hebrteos
2963 4069 3198 4135 inventa,
3231 4074 3591 4142 sanguineam
3639 4081 3812 4139 aquam

2275 4152 2589 4209 exhibendi.
2622 4155 2896 4226 Spirituali
2937 4176 3118 4230 sensu,
3163 4179 3302 4218 nunc
3357 4181 3574 4235 quoque
3597 4165 3712 4219 licet
3745 4159 3811 4212 νὶο

2270 4241 2396 4295 dere
2427 4242 2656 4311 idipsum
2687 4246 3020 4314 contingere.
3045 4251 3118 4305 Ex
3153 4255 3218 4311 iis
3247 4257 3392 4311 enim
3422 4256 3512 4325 qui
3545 4249 3808 4310 contrariis

2270 4336 2615 4402 Opinionihus
2638 4337 2964 4404 dividuntur,
3001 4342 3090 4396 alii
3123 4345 3321 4398 habent
3357 4347 3591 4415 potabile
3619 4359 3679 4398 ac
3705 4339 3806 4410 pel-

2268 4426 2505 4481 lucidum
2542 4429 2667 4484 ﬁdei
2710 4427 2990 4498 ﬂuentum,
3040 4431 3181 4500 quod
3226 4449 3289 4488 ex
3328 4436 3526 4489 divinis
3574 4431 3805 4488 hauriunt

2268 4517 2622 4574 documentis.
2665 4520 2734 4574 At
2777 4523 2843 4576 iis
2873 4525 2964 4592 qui
3002 4527 3245 4594 reproba:
3280 4527 3563 4581 sententia:
3613 4521 3800 4578 ratione

2266 4609 2560 4680 Egyptum
2588 4627 2697 4682 prae
2739 4629 2799 4670 se
2838 4615 3038 4684 lerunt,
3068 4618 3119 4671 in
3147 4631 3463 4686 corruptum
3505 4616 3798 4686 sanguinem

2264 4705 2447 4758 evadit
2481 4719 2620 4773 aqua
2649 4722 2750 4761 :ac
2779 4722 2918 4778 saepe
2952 4710 3234 4764 enituntur
3265 4712 3550 4782 praestigiae
3593 4704 3792 4765 erroris,

2267 4796 2620 4852 lsraeliticum
2657 4815 2870 4869 quoque
2908 4811 3094 4871 potum
3148 4804 3554 4874 inquinamento
3593 4796 3792 4854 menda-

2263 4888 2330 4941 cii
2371 4891 2690 4960 sanguinem
2723 4893 2936 4952 eﬂicere
2965 4913 2981 4963 ;
3019 4898 3072 4952 id
3101 4909 3184 4954 est
3214 4915 3519 4955 sermonem
3552 4903 3788 4952 nostrum.

2265 4981 2530 5051 nobisque
2559 4986 2853 5042 ostendere
2883 4988 3042 5044 talem
3079 5005 3186 5044 non
3219 5006 3337 5047 esse
3379 4989 3549 5058 qualis
3577 4995 3671 5040 est.
3695 4977 3787 5035 Sed

2268 5072 2474 5127 inutilis
2517 5090 2742 5144 prorsus
2797 5087 2955 5145 potus
3001 5096 3105 5133 non
3166 5081 3281 5146 ﬁet,
3337 5081 3542 5137 tametsi
3597 5079 3787 5142 περιείη

2263 5166 2437 5235 primo
2485 5184 2588 5238 per
2637 5185 2877 5224 errorem
2935 5176 3146 5242 species
3201 5177 3318 5246 ejus
3367 5173 3622 5228 rubescat.
3659 5161 3784 5220 Bibit

2264 5259 2406 5312 enim
2439 5259 2683 5314 Israelita
2719 5277 2972 5318 veracem
3001 5281 3215 5336 aquam,
3265 5267 3480 5322 minimc
3523 5257 3784 5330 respiciens

2257 5353 2497 5421 speciem
2533 5355 2756 5410 erroris.

2487 5491 2562 5508 Η

2338 5593 2449 5663 (9-1)
2481 5594 2640 5648 Forte
2666 5597 2986 5664 καταγνούς.

2330 5667 2465 5740 (91')
2493 5665 2653 5722 Forte
2682 5683 2790 5747 μοι.
