4012 6340
222 355 318 412 ΗΘ
1357 361 1611 417 FRAGM.
1655 361 1719 415 IN
1754 362 2164 418 PROVERBIA.

852 451 1011 505 ΨΑΛ.
1042 454 1121 505 II'.

415 539 564 611 Στζχ.
588 540 653 610 β’.
700 540 1045 605 Ἀλαλάξατε
1074 541 1151 608 τῷ
1185 544 1306 610 Θεῷ
1346 545 1553 599 Ἰακώϐ.

280 630 407 683 Θεὸν
439 632 632 685 Ἰακὼό
662 634 750 685 τὸν
780 634 999 704 Σωτῆρα
1032 634 1253 689 καλοῦσι
1282 636 1371 690 τὸν
1397 639 1452 688 ὲν
1485 638 1768 707 ἀνθρώπου

221 726 443 795 σχήματι
474 725 705 794 ὀφθέντα
749 726 825 797 τῷ
864 725 1053 779 Ἰακὼϐ
1101 729 1179 791 είς
1208 729 1436 800 δήλωσιν
1480 731 1578 800 τῆς
1636 731 1771 801 μετὰ

200 818 379 877 ααῦτα
415 818 888 890 ὲνανθρωπήσεως.
944 820 1257 885 Ἀλαλάζειν
1288 822 1343 874 δὲ
1377 824 1769 894 προστάττουσι

218 912 512 981 νικητήριον
552 909 717 982 ὕμνον
760 912 1171 982 ἀναπέμποντες
1217 913 1383 984 αὐτῷ,
1429 914 1502 978 ὼς
1535 915 1769 970 καταλύ-

218 1020 363 1056 σαντι
388 1003 473 1056 τὸν
498 1002 558 1056 τὸ
603 1004 801 1075 κράτος
836 1003 1025 1075 ἔχοντα
1055 1004 1150 1057 τοῦ
1181 1004 1430 1071 θανάτου,
1457 1009 1531 1070 ὠς
1561 1009 1625 1059 ὲκ
1670 1007 1768 1076 τῆς

214 1092 315 1146 τῶν
367 1093 624 1164 δαιμόνων
682 1095 1137 1158 καταδυναστείας
1184 1096 1488 1168 ῥυσαμένῳ.
1539 1100 1769 1152 Ἀλαλα-

214 1182 357 1251 τμὸς
379 1183 481 1253 γάρ
511 1186 656 1237 ἐστιν
696 1184 862 1256 ὕμνος
895 1184 1175 1248 ὲπινίκιος,
1213 1185 1270 1238 ὃν
1299 1187 1389 1239 καὶ
1418 1189 1464 1239 οἱ
1500 1190 1563 1240 ὲκ
1595 1187 1767 1240 Βαϐυ-

214 1275 371 1339 λῶνος
403 1277 765 1340 ἀνασωθέντες
795 1277 873 1347 τῷ
917 1278 1018 1347 τὴν
1061 1278 1216 1349 νίκην
1254 1278 1621 1351 δωρησαμένῳ
1651 1281 1769 1351 Θεῷ

212 1364 450 1434 ἀλλήλοις
495 1364 693 1434 ὑφῆναι
740 1365 1217 1437 παρακελεύονται.
1272 1367 1628 1441 Ἢθικώτερον
1677 1373 1767 1425 δέ·

210 1451 283 1511 ὧν
337 1459 433 1528 μὲν
484 1452 896 1530 κατορθούντων¹
930 1460 981 1511 οἱ
1030 1459 1230 1529 καρποὶ
1276 1462 1371 1512 ἐπὶ
1430 1462 1526 1525 τὰς
1579 1462 1771 1531 ληνοὺς

207 1550 480 1621 ἔρχονται,
524 1551 869 1607 ἀκουέτωσαν
908 1551 1032 1605 τοῦ·
1082 1549 1464 1620 Ἀγαλλιᾶσθε
1498 1551 1578 1617 τῷ
1616 1552 1768 1618 Θεῷ·

202 1644 228 1695 ό
253 1642 313 1695 δὲ
350 1643 607 1715 ἁμαρτὼν
638 1645 732 1698 καὶ
777 1644 1023 1713 δεόμενος
1070 1645 1353 1715 μετανοίας
1387 1646 1481 1698 καὶ
1526 1646 1774 1716 ἐπιστρο-

200 1734 307 1805 φῆς
344 1737 417 1807 μὴ
457 1735 820 1805 ἀγαλλιάσθω,
844 1735 979 1789 ἀλλά
1004 1734 1295 1805 λυπηθήτω
1324 1734 1468 1788 κατά
1506 1735 1657 1788 Θεόν.
1710 1738 1773 1788 Ἠ

194 1826 307 1899 γὰρ
340 1829 481 1882 κατὰ
512 1828 640 1881 Θεὸν
684 1827 827 1897 λύπη
878 1827 1161 1897 μετάνοιαν
1198 1829 1277 1889 είς
1325 1827 1596 1898 σωτηρίαν
1635 1829 1772 1896 ἀμε-

3322 361 3425 416 150

2424 436 2869 510 asin-LXXX?

2260 547 2317 599 V.
2358 548 2413 600 Ξ.
2452 546 2683 599 Jubilate
2713 547 2817 601 Deo
2844 546 3068 601 Jacob.‘

1939 638 2105 691 Deum
2138 635 2304 693 Jacob
2347 637 2616 706 appellant
2646 636 2977 692 Salvatorem
3007 678 3021 701 ,
3051 638 3141 707 qui
3171 638 3221 689 in
3253 640 3421 706 tigura

1870 730 2105 783 hominis
2150 727 2354 783 Jacobo
2386 730 2638 797 apparuit
2682 729 2749 782 ad
2794 730 3132 784 indicandam
3184 730 3419 783 futuram

1870 821 2317 876 incarnationem.
2347 820 2587 877 Jubilare
2620 830 2799 875 autem
2827 824 3031 888 iubent,
3064 823 3303 877 victoriae
3328 824 3423 892 hy-

1871 927 1996 966 mno
2024 913 2353 969 celebrantes
2382 928 2524 977 eum,
2559 922 2741 981 utpote
2771 913 2861 981 qui
2888 913 3249 982 proﬂigaverit
3273 914 3422 967 illum

1870 1002 2405 1072 quibabebatmortis
2436 1005 2743 1075 imperium,
2776 1012 2830 1058 et
2854 1020 2880 1056 a
2913 1008 3210 1059 daemonum
3246 1015 3426 1076 tyran-

1868 1096 1992 1150 nide
2040 1097 2091 1149 in
2156 1096 2457 1151 libertatem
2514 1098 2833 1151 asseruerit.
2887 1096 3143 1148 Jubilatio
3196 1111 3427 1163 namque

1871 1187 2101 1256 hymnus
2117 1199 2199 1242 est
2225 1188 2719 1258 victorialis,quem
2747 1190 2910 1243 etiam
2942 1189 3033 1258 qui
3062 1190 3126 1242 de
3159 1188 3429 1257 Babylone

1870 1276 2067 1329 servati
2098 1286 2241 1340 sunt,
2268 1278 2510 1331 victoria:
2544 1278 2783 1348 largitori
2822 1280 2931 1333 Deo
2968 1292 3170 1333 canere
3201 1292 3321 1332 sese
3346 1278 3429 1330 in-

1870 1368 2044 1421 vicem
2093 1369 2470 1425 adhortantur.
2516 1371 2579 1424 Et
2630 1374 2801 1441 magis
2843 1373 3122 1426 moraliter
3151 1391 3163 1424 :
3197 1386 3430 1441 quorum

1874 1460 2097 1513 virtuosi
2136 1460 2343 1516 fructus
2395 1463 2447 1513 in
2488 1462 2777 1515 toreularia
2818 1463 3078 1525 veniunt,
3125 1463 3429 1515 audiunto:

1870 1547 2106 1603 Jubilate
2144 1550 2248 1604 Deo
2286 1568 2303 1605 :
2335 1564 2391 1605 at
2423 1554 2511 1621 qui
2549 1554 2789 1621 peccavit
2826 1564 2880 1608 et
2923 1554 3127 1622 indiget
3162 1554 3434 1622 poeniten-

1880 1639 1948 1692 tia
1980 1648 2141 1708 atque
2166 1642 2538 1708 conversione,
2581 1661 2686 1699 non
2725 1646 2980 1709 exsultet,
3004 1647 3100 1700 sed
3130 1645 3315 1701 doleat
3350 1660 3435 1700 sc-

1875 1731 2107 1785 cundum
2138 1732 2327 1787 Deum.
2359 1734 2517 1790 Dolor
2548 1739 2688 1792 enim
2714 1738 3003 1793 secundum
3040 1739 3225 1800 Deum,
3261 1740 3431 1807 ι)ωηί-

1877 1821 2099 1875 tentiam
2141 1822 2193 1876 in
2235 1814 2465 1879 salutem
2494 1842 2598 1881 non
2645 1828 3007 1896 poenitendam
3038 1840 3315 1898 operatur.
3350 1829 3431 1884 Tu

193 1922 503 1991 ταμέλητον
534 1920 941 1989 κατεργάζεται.
977 1920 1085 1972 Καὶ
1112 1920 1197 1983 σὺ,
1222 1920 1315 1973 ὲάν
1356 1918 1638 1990 βοηθηθεὶς
1669 1918 1777 1971 ὑπὸ

1879 1928 2091 1984 quoque
2147 1916 2191 1969 si
2250 1918 2505 1971 divinitus
2563 1920 2777 1987 adjutus
2821 1921 3028 1974 fructus
3076 1922 3327 1976 invexisti
3376 1924 3431 1975 in

186 2011 337 2064 Θεοῦ
376 2012 478 2081 τὴν
516 2010 842 2080 συγκομιδὴν
868 2011 1106 2080 ἐποιήσω
1142 2010 1248 2063 τῶν
1282 2011 1509 2080 καρπῶν
1536 2010 1630 2063 ἐπὶ
1675 2010 1776 2074 τὰς

1880 2017 2068 2062 sancta
2101 2008 2419 2072 toreularia,
2446 2024 2513 2062 ne
2541 2009 2875 2066 obliviscaris
2902 2012 3018 2078 Dei,
3052 2023 3315 2081 quatenus
3344 2028 3435 2067 au-

180 2105 366 2173 ἀγίας
393 2104 612 2171 ληνοὺς,
654 2102 725 2173 μὴ
758 2102 1108 2156 ὲπιλανθάνου
1154 2102 1248 2155 τοῦ
1293 2103 1448 2167 Θεοῦ,
1483 2103 1616 2156 καθὸ
1651 2102 1777 2172 βοη-

1879 2099 2095 2153 xiliator
2143 2108 2264 2154 tuus
2321 2098 2444 2177 fuit.
2498 2099 2737 2155 Tametsi
2791 2104 2935 2157 haud
2997 2115 3283 2173 suppetant
3335 2106 3432 2161 tibi

177 2196 288 2258 θός
336 2212 432 2248 σου
467 2194 687 2263 γίνεται.
731 2194 848 2248 Κᾶν
881 2195 1089 2264 ἀπορῇς
1119 2194 1289 2262 λόγων
1336 2194 1444 2248 τῶν
1472 2195 1590 2248 κατ’
1624 2194 1778 2260 ἀξίαν

176 2287 688 2359 ἁποδοθησομένων
734 2286 812 2356 τῷ
866 2288 983 2359 Θεῷ
1032 2290 1089 2342 ὲν
1147 2288 1504 2360 εὐχαριστίᾳ,
1547 2288 1777 2352 ἀλάλαζε

176 2378 438 2448 εὐσήμῳ
470 2379 648 2448 φωνῇ,
700 2376 925 2448 καρδίας
966 2378 1299 2449 κεκραγυίας
1346 2377 1776 2446 ὑπερϐαινούσης

178 2466 258 2520 τὰ
322 2468 700 2538 σημαινόμενα
754 2467 1065 2537 ἀπορούσης
1107 2468 1337 2532 λέξεως,
1388 2469 1481 2520 καὶ
1533 2468 1617 2520 διὰ
1678 2468 1778 2538 τὴν

182 2560 440 2630 ἀπορίαν
472 2558 580 2612 τῶν
627 2558 822 2623 λέξεων
871 2560 1155 2630 ἀπόρρητα
1201 2558 1295 2612 καὶ
1326 2559 1537 2631 ἄρρητα
1588 2557 1777 2610 λαλού-

188 2668 320 2721 σης.
377 2650 505 2706 Ἐὰν
545 2651 652 2723 γὰρ
679 2652 884 2722 ἀναὸῇς
935 2652 1005 2705 τὰ
1044 2651 1238 2715 λεκτὰ,
1279 2652 1374 2705 ὲάν
1414 2650 1654 2723 ὑπερϐῇς
1710 2649 1777 2704 τὰ

190 2742 686 2814 ἀπαγγελλόμενα,
726 2744 792 2797 τὰ
836 2741 924 2796 διὰ
968 2743 1231 2814 στόματος
1290 2743 1638 2813 φωνούμενα,
1684 2744 1777 2796 καὶ

200 2834 356 2905 μόνῳ
402 2834 479 2905 νῷ
516 2834 747 2906 δυνηθῇς
792 2835 977 2906 ὑμνεῖν
1016 2834 1107 2887 τὸν
1155 2833 1305 2895 Θεὸν,
1350 2832 1425 2901 τῷ
1484 2832 1776 2904 ἀποροῦντι

195 2926 472 2979 ὲπιθείναι
501 2926 569 2980 τὰ
594 2927 787 2980 ἑαυτοῦ
812 2927 1086 2997 κινήματα
1120 2924 1197 2995 τῷ
1230 2918 1391 2995 λόγῳ,
1426 2923 1572 2995 παρά
1600 2924 1661 2976 τὸ
1688 2925 1777 2977 τὸν

197 3018 359 3086 λόγον
406 3019 500 3071 τὸν
532 3019 591 3071 ἐν
621 3019 704 3071 σοὶ
741 3020 815 3090 μὴ
847 3017 1101 3074 δύνασθαι
1132 3018 1417 3088 βαστάζειν
1442 3018 1537 3070 τοῦ
1582 3019 1673 3071 νοῦ
1710 3020 1778 3074 τά

1880 2192 2040 2246 verba
2073 2207 2191 2260 qua:
2231 2193 2391 2263 digne
2426 2193 2573 2247 reddi
2604 2193 2811 2262 possint
2851 2194 2958 2250 Deo
3003 2209 3098 2263 pro
3127 2197 3425 2265 gratiarum

1877 2286 2117 2349 actione;
2149 2284 2319 2354 jubila
2345 2285 2701 2340 nihilominus
2735 2286 2927 2356 insigni
2954 2301 3106 2353 voce,
3138 2292 3302 2342 corde
3323 2289 3434 2344 cla-

1876 2386 2058 2432 mante
2093 2378 2235 2447 quod
2272 2379 2685 2449 supergreditur
2710 2378 3018 2449 signiﬁcata
3049 2381 3314 2435 sermonis
3340 2384 3436 2435 de-

1878 2469 2109 2525 ﬁcientis
2135 2511 2151 2533 ,
2184 2481 2347 2540 atque
2391 2486 2487 2540 per
2532 2471 2892 2527 deﬁcientiam
2943 2475 3112 2542 ipsam
3145 2475 3435 2529 vocabulo-

1877 2578 2014 2624 rum,
2045 2572 2251 2617 secreta
2295 2572 2350 2616 et
2388 2562 2677 2618 ineffabilia
2714 2563 2976 2632 loquitur.
3010 2564 3065 2617 Si
3103 2566 3253 2619 enim
3284 2575 3441 2618 tran-

1876 2651 2104 2707 scendas
2146 2667 2265 2722 qua:
2322 2653 2504 2707 verbis
2554 2653 2838 2718 dicuntur,
2896 2668 2958 2708 ac
3004 2654 3441 2723 supergrediaris

1875 2757 1994 2812 quae
2053 2756 2147 2796 ore
2197 2742 2506 2810 proferente
2557 2743 2939 2807 enuntiantnr,
2991 2742 3212 2810 soloque
3254 2742 3443 2795 animo

1875 2834 2051 2905 possis
2096 2834 2353 2904 hymnum
2399 2834 2582 2888 dicere
2633 2832 2781 2896 Deo,
2830 2834 2953 2887 dum
3017 2834 3207 2902 nequis
3262 2842 3439 2887 motus

1878 2935 1999 2980 tuos
2028 2926 2212 2980 verbis
2238 2939 2561 2995 componere
2588 2966 2602 2989 ,
2634 2924 2762 2995 quia
2795 2940 2973 2979 sermo
3002 2935 3124 2979 tuus
3156 2938 3259 2978 non
3294 2923 3439 2977 valet

1876 3018 2180 3087 exprimere
2225 3031 2311 3071 res
2343 3016 2588 3072 occultas
2614 3017 2809 3071 mentis
2837 3026 2893 3071 et
2923 3017 3164 3077 divinas;
3194 3024 3435 3070 attamen

202 3110 494 3181 ἀπόρρητα
526 3110 618 3163 καὶ
642 3110 708 3164 τὰ
739 3110 875 3177 θεῖα,
907 3108 1189 3175 ἀλαλάξεις
1212 3110 1287 3179 τῷ
1319 3110 1436 3181 Θεῷ
1472 3109 1682 3175 Ἰακὼϐ,
1704 3111 1777 3175 ὼς

1879 3110 2073 3179 iubilas
2125 3110 2231 3164 Deo
2276 3108 2463 3171 Jacob,
2497 3116 2679 3177 utpote
2727 3108 2969 3162 imitator
3012 3106 3437 3178 supplantatoris

209 3202 453 3273 μιμητὴς
480 3201 575 3256 τοῦ
606 3202 924 3273 πτερνιστοῦ
961 3201 1171 3257 Ἰακώϐ.

814 3295 979 3352 ΨΑΛ.
1019 3295 1145 3347 PN'.

317 3388 463 3457 Στίχ.
500 3392 569 3456 γ’.
604 3386 828 3441 Αἰνεῖτε
854 3386 1039 3441 αὐτὸν
1064 3386 1134 3439 έν
1159 3386 1287 3457 ἤχῳ
1321 3388 1671 3458 σάλπιγγος.

1884 3201 2092 3254 Jacobi.

2496 3289 2687 3347 PSAL.
2719 3290 2822 3345 (IL.

2167 3381 2225 3433 V.
2256 3381 2311 3436 3.
2340 3379 2575 3434 Laudate
2609 3396 2728 3433 eum
2758 3380 2811 3431 in
2841 3396 2965 3434 sono
2997 3380 3157 3436 tubw.

286 3479 477 3542 Ἄλλος
518 3480 668 3550 φησὶ,
713 3477 811 3531 διὰ
842 3476 993 3547 ἤχου
1024 3480 1355 3547 κερατίνης.
1398 3480 1685 3552 Ἱερατικὸν
1721 3478 1777 3530 δὲ

1949 3473 2099 3528 Alius
2130 3473 2283 3537 dicit,
2310 3490 2399 3540 per
2444 3488 2630 3526 sonum
2657 3488 2859 3525 cornea;
2887 3474 2951 3527 ⁸⁷.
2976 3473 3103 3526 Erat
3130 3473 3233 3527 hoc
3262 3487 3443 3527 sacer-

221 3568 369 3623 τοῦτο
398 3570 459 3623 τὸ
484 3569 728 3642 ὄργανον.
757 3571 818 3622 Ol
855 3571 1016 3640 ἱερεῖς
1048 3569 1156 3640 γὰρ
1202 3571 1437 3640 ἐχρῶντο
1477 3573 1595 3633 ταῖς
1649 3569 1776 3622 σάλ-

224 3661 396 3730 πιγξι,
455 3661 562 3716 τῶν
604 3663 662 3715 ὲν
709 3662 835 3714 Σινᾶ
878 3660 1180 3730 γενομένων
1231 3661 1543 3728 σαλπίγγων
1584 3660 1779 3728 ἀναμι-

230 3756 571 3824 μνήσκοντες.
613 3753 766 3806 Κατά
806 3752 934 3820 γοῦν
968 3752 1057 3804 τὸν
1091 3752 1453 3821 πνευματικὸν
1494 3751 1620 3819 περὶ
1658 3750 1783 3803 σαλ-

231 3847 426 3913 πίγγων
495 3846 836 3915 κατασκευῆς
900 3845 1074 3912 λόγον,
1126 3842 1593 3896 κατασκευαστέον
1653 3842 1781 3896 σάλ-

232 3953 405 4005 πιγγα,
431 3937 517 3990 ἴνα
545 3939 602 3991 ἐν
632 3937 746 4006 ἤχῳ
779 3936 947 4006 αὐτῆς
972 3936 1268 4005 αἰνέσωμεν
1296 3934 1385 3988 τὸν
1410 3933 1559 3986 Θεόν.
1593 3931 1786 3986 Τοιαῦ-

230 4045 308 4082 ται
336 4029 400 4091 δ’,
429 4024 609 4098 οἶμαι,
644 4027 940 4095 σάλπιγγες
970 4025 1252 4097 δηλοῦνται
1287 4026 1379 4078 καὶ
1412 4026 1467 4077 ἐν
1501 4023 1577 4093 τῷ
1596 4041 1607 4053 ·
1636 4027 1787 4076 Σαλ-

1888 3563 2062 3617 dotale
2093 3563 2532 3617 instrumentum.
2580 3560 2905 3615 SacerdOtes
2953 3575 3185 3627 namque
3215 3561 3444 3613 uteban-

1890 3666 1979 3711 tur
2009 3656 2174 3722 tubis,
2203 3657 2257 3711 in
2286 3656 2602 3711 memoriam
2631 3653 2880 3707 tubarum
2910 3666 3026 3719 quae
3050 3651 3101 3703 in
3139 3650 3267 3703 Sina
3295 3649 3443 3705 clan-

1886 3756 2102 3803 xerunt.
2152 3747 2312 3802 Juxta
2362 3747 2528 3814 igitur
2576 3742 2905 3812 spiritualem
2961 3742 3443 3797 construendarum

1889 3838 2135 3893 tubarum
2168 3834 2827 3898 rationem,construenda
2859 3842 2938 3887 est
2973 3833 3117 3895 tuba,
3150 3842 3207 3887 ut
3236 3832 3449 3885 insono

1887 3929 2031 3983 illius
2064 3928 2345 3983 laudemus
2393 3926 2582 3981 Deum.
2625 3922 2972 3993 Huiusmodi,
3007 3934 3064 3978 ut
3100 3932 3250 3994 puto,
3301 3923 3445 3978 tuba:

1884 4020 2229 4075 declarantur
2270 4030 2325 4074 et
2362 4020 2414 4073 in
2445 4019 2535 4074 illo
2566 4019 2722 4074 loco:
2760 4016 3001 4085 Clanget,
3039 4027 3085 4069 et
3121 4015 3313 4067 mortui
3358 4029 3441 4066 re-

232 4122 395 4185 πίσει,
433 4120 533 4173 καὶ
562 4123 617 4172 οὶ
648 4120 845 4187 νεκροὶ
873 4117 1315 4187 ἐγερθήσονται.
1359 4116 1513 4167 Ἔστι
1543 4115 1597 4167 δὲ
1626 4114 1777 4185 ἐορτῆ

1884 4121 2097 4182 surgent
2147 4112 2210 4163 ¹⁸.
2266 4111 2361 4165 Est
2408 4119 2587 4165 autem
2656 4110 2849 4164 festum
2890 4107 3184 4163 ‘Neomenia
3228 4105 3446 4173 septimi

233 4212 495 4284 Νουμηνία
530 4210 757 4279 ἑϐδόμου
810 4209 1003 4281 μηνὸς,
1061 4209 1399 4279 μνημόσυνον
1447 4206 1778 4275 σαλπίγγων,

230 4305 341 4362 καθὸ
368 4304 593 4373 λέγεται
612 4320 626 4333 ’
671 4305 763 4356 Ἐν
789 4303 1093 4371 νεομηνίᾳ,
1127 4300 1431 4370 σάλπιγγι.

1890 4206 2111 4266 mensis,
2143 4203 2456 4258 memoriale
2486 4203 2757 4266 tubarum,
2788 4204 2928 4257 sicut
2957 4200 3153 4270 legitur
3184 4217 3196 4251 :
3232 4196 3295 4250 In
3323 4213 3447 4251 neo-

1888 4297 2083 4358 mem’a,
2114 4296 2236 4348 tuba
2270 4296 2334 4350 ¹⁹.
2752 4286 2762 4297 ”

236 4392 3449 4437 __________________________________________________

962 4481 1891 4615 ΩΡΙΓΕΝΟΥΣ
1966 4473 2712 4608 ΕΚΛΟΓΑΙ

1301 4688 1468 4773 ΕΙΣ
1506 4684 1709 4769 ΤΑΣ
1748 4681 2374 4767 ΠΑΡΟΙΜΙΑΣ.

639 4869 1211 4966 ORIGENIS
1286 4810 2010 4955 FRAGMEn—TA
2086 4861 2208 4949 IN
2296 4856 3017 4946 PBOVERBIA.

1261 5014 1585 5076 (Bibliotheca
1613 5014 1946 5073 Gallandiana,
1973 5027 2034 5061 ex
2058 5011 2198 5060 codd.
2230 5007 2427 5066 Venet.)

798 5151 908 5222 (οε)
932 5150 1084 5203 xeo.
1122 5150 1198 5199 A’.

288 5257 430 5327 Στίχ.
465 5260 540 5307 α’.
589 5248 741 5303 Ἐπεὶ
771 5248 827 5300 δὲ
857 5245 1054 5316 ἀρετὴν
1089 5239 1346 5309 εἶναιτὴν
1382 5238 1637 5308 φρόνησιν
1666 5234 1793 5288 Ἔλ-

243 5353 375 5421 ληνές
397 5349 645 5415 λέγουσι,
671 5342 763 5394 καὶ
778 5340 1047 5410 ὁρίζονται
1066 5337 1250 5406 αὐτήν·
1283 5329 1645 5397 Ἐπιστήμην
1663 5328 1793 5395 ἀγα.

256 5444 347 5496 θῶν
376 5441 475 5494 καὶ
494 5434 697 5491 κακῶν
724 5432 820 5486 καὶ
851 5429 1187 5496 οὺθετέρων·
1218 5426 1251 5495 ἢ
1273 5421 1612 5489 ἐπιστήμην
1636 5432 1793 5482 ποιη-

2560 5131 2708 5186 CAP.
2736 5131 2772 5183 Ι.

1953 5232 2085 5288 v.1.
2104 5230 2235 5297 Quia
2253 5239 2430 5284 autem
2443 5225 2665 5301 gentiles
2683 5225 2938 5278 virtutem
2965 5238 3084 5277 esse
3116 5222 3448 5290 prudentiam

1896 5323 2102 5384 dicunt,
2133 5329 2185 5373 ct
2207 5317 2467 5373 deﬁniunt
2487 5331 2603 5371 eam
2637 5335 2649 5370 :
2678 5314 2961 5369 Scientiam
2985 5313 3232 5367 bonorum
3263 5320 3312 5364 et
3332 5327 3447 5364 ma-

1896 5415 2067 5473 lorum
2108 5420 2152 5463 et
2201 5419 2545 5471 neutrorum;
2598 5406 2679 5460 vel
2729 5406 3015 5461 Scientiam
3063 5405 3375 5474 agendorum
3402 5415 3449 5455 et

262 5533 377 5585 τέων
394 5528 495 5584 καὶ
523 5529 597 5581 οὺ
626 5522 911 5591 ποιητέων
935 5520 1031 5573 καὶ
1052 5517 1391 5586 οὐθετέριιηνν,
1416 5509 1777 5580 παρέχουσαι

1900 5523 1998 5559 non
2018 5505 2330 5574 agendorum
2355 5512 2399 5556 et
2436 5511 2735 5555 neutrorum
2768 5518 2786 5564 ;
2814 5516 2929 5569 qua:
2952 5498 3140 5552 tribuat
3175 5498 3346 5563 facere
3365 5496 3450 5563 fa-

266 5624 349 5692 μὲν
378 5620 571 5676 ποιεῖν
595 5618 666 5671 τὰ
699 5614 959 5683 ποιητέα,
984 5612 1066 5683 μὴ
1098 5609 1286 5663 ποιεῖν
1317 5607 1383 5660 δέ
1418 5606 1486 5658 τὰ
1513 5602 1596 5672 μὴ
1638 5616 1799 5665 ποιη-

823 5712 905 5765 ¹⁸1
937 5712 1061 5765 Cor.
1096 5725 1185 5771 xv,
1213 5706 1302 5759 ΒΞ.
1383 5704 1422 5737 ’θ
1456 5701 1594 5755 Psal.
1625 5714 1783 5760 Lxxx,
1808 5696 1859 5749 4.

321 5722 355 5751 ¹⁷
392 5718 534 5777 Psal.
564 5732 648 5779 CL,
682 5717 733 5767 5.

1901 5596 2106 5658 cienda,
2157 5610 2255 5646 non
2297 5593 2539 5660 facienda
2584 5607 2699 5644 vero
2733 5608 2831 5645 non
2877 5593 3046 5658 facere
3082 5606 3101 5643 .'
3134 5587 3465 5655 colligamus

322 5814 415 5884 (9‘2)
449 5812 526 5866 Ex
550 5811 673 5866 cod.
710 5809 893 5863 Venet.
926 5807 1041 5861 .lill.
1070 5820 1186 5874 pag.
1213 5801 1297 5855 38.
1327 5800 1436 5868 ipse
1471 5798 1556 5851 hic
1582 5807 1793 5863 quoque
1820 5788 1995 5859 capita
2036 5796 2086 5840 et
2115 5797 2301 5839 versus
2332 5779 2611 5849 adscripsi.
