4012 6340
569 313 672 376 ιιι

1452 319 2010 409 δυρριιιιιιῖιςτυιι
2033 331 2128 387 ιι)
2156 331 2483 394 amemus
2518 330 2926 397 meamea.

3706 349 3799 405 152

573 457 673 497 nos
695 456 726 496 a
759 441 1039 511 Scriptura
1074 441 1375 512 prudentia
1427 457 1644 511 nomen,
1673 455 1727 500 et
1771 447 1950 517 ipsum
1981 463 2046 504 ex
2074 464 2118 504 Ct

2241 452 2362 507 τέα·
2392 454 2786 528 συναγάγωμεν
2806 460 2960 530 ἡμεῖς
2975 459 3083 514 ἀπὸ
3101 461 3197 532 τῆς
3215 437 3436 534 Γραξρῆς
3464 463 3525 517 τὸ
3551 464 3650 535 τῆς
3679 485 3804 537 φρο-

573 535 764 606 agendi
799 536 1244 605 consilium,'quo
1267 536 1450 590 videre
1478 539 1768 604 possimus,
1807 556 1932 595 num
1973 543 2137 599 multa

572 627 839 697 signiﬁcet
859 627 976 682 haec
1008 642 1134 690 vos,
1159 636 1251 680 aut
1281 640 1398 682 rem
1423 635 1628 684 tantum
1669 645 1856 685 unam.

639 805 823 861 Primo
863 806 1026 875 igitur
1064 807 1116 860 in
1157 807 1379 874 Genesi,
1413 811 1703 866 secundum
1763 812 2133 887 Septuaginta,

572 898 830 952 seribitttr
860 920 872 953 :
901 898 1123 966 Serpens
1151 915 1270 953 uero
1314 911 1424 954 erat
1452 904 1893 970 prudentissimus
1923 909 1972 940 ’°
1999 926 2014 974 ;
2045 924 2133 965 se-

568 990 802 1045 cundum
829 988 1098 1058 Aquilam,
1138 990 1281 1059 vafer
1307 992 1499 1062 ;juxt-a
1526 993 1931 1067 Symmachum,
1963 1002 2135 1070 safer-

569 1081 756 1134 rimus.
786 1079 975 1149 Itaque
1022 1092 1285 1150 quantum
1322 1085 1393 1138 ad
1429 1085 1569 1140 hanc
1642 1083 2134 1160 Septuagintavira-

566 1171 669 1226 ient
722 1186 909 1228 vocem
957 1173 1214 1242 pertinet,
1250 1185 1433 1242 posset
1479 1179 1602 1246 quis
1655 1182 1858 1247 dicere,
1914 1186 2132 1242 minime

565 1277 687 1319 esse
713 1264 966 1318 virtutem
996 1265 1372 1334 prudentiam;
1404 1282 1580 1339 neque
1607 1272 1753 1327 enim
1776 1287 2000 1344 serpens
2026 1279 2134 1330 vir-

566 1364 734 1411 tutem
765 1355 1024 1420 habebat,
1055 1359 1152 1410 sed
1190 1357 1562 1428 calliditatem,
1598 1378 1759 1433 quam
1795 1365 1960 1420 etiam
1988 1367 2131 1422 vitu-

560 1457 723 1517 perat
746 1448 869 1516 quis
910 1459 1164 1518 tanquam
1208 1452 1612 1524 improbitatem
1645 1451 1951 1525 quamdam.
1983 1458 2132 1515 lianc

560 1543 902 1613 prudentiam
936 1547 1280 1602 auenderunt
1320 1549 1423 1604 hoc
1477 1549 1592 1605 loco
1623 1550 1967 1622 Septuaginta
1988 1596 2003 1621 ,
2033 1569 2132 1624 per

559 1654 722 1707 quam
789 1639 934 1710 vafer
982 1641 1220 1711 prudens
1286 1643 1615 1698 nominatur.
1679 1643 1904 1698 Videtur
1965 1646 2126 1702 etiam

559 1731 910 1803 Evangelium
941 1738 1234 1790 secundum
1283 1735 1483 1791 Lucam
1533 1737 1673 1791 hanc
1710 1753 2005 1806 agnoscere
2054 1739 2127 1792 si-

2239 546 2444 616 νήσεως
2469 547 2658 618 ὃνομα,
2692 550 2782 603 καὶ
2817 551 2875 602 τὸ
2905 553 3036 621 παρ’
3062 553 3192 605 αὐτὸ
3217 557 3389 607 ποιεῖν
3412 554 3687 626 φρόνημα,
3720 560 3805 615 ἵνα

2236 636 2554 710 δυνηθῶμεν
2583 641 2728 708 ίδεῖν,
2758 645 2979 714 πότερον
3002 643 3312 717 πολύσημος
3329 649 3361 718 ἡ
3381 646 3596 720 λέξις,ἣ
3624 648 3682 703 ἓν
3708 667 3804 723 an-

2241 729 2418 798 μαίνει
2441 734 2690 804 πρᾶγμα.

2305 821 2528 893 Πρῶτον
2569 825 2671 894 μὲν
2705 820 2796 878 οὖν
2842 827 2899 880 ὲν
2949 829 3013 898 τῇ
3059 829 3323 897 Γενέσει,
3369 831 3508 885 κατὰ
3547 833 3646 904 μὲν
3685 837 3810 900 τοὺς

2248 913 2664 988 Ἑϐδομήκοντα,
2689 918 3015 991 γέγραπται·
3055 920 3108 974 Ὀ
3131 921 3199 975 δὲ
3239 922 3374 993 ὄφις
3410 921 3490 996 ἦν
3515 927 3805 996 φρονιμώ-

2233 1021 2425 1073 τατος·
2483 1008 2624 1063 κατὰ
2679 1010 2736 1063 δὲ
2810 1011 3056 1078 Ἀκύλαν,
3121 1015 3477 1084 πανοῦργος
3551 1017 3693 1072 κατὰ
3749 1018 3810 1075 δὲ

2234 1096 2543 1170 Σύμμαχον,
2588 1104 3083 1171 πανουργότατος·
3126 1104 3320 1159 οὐκοῦν
3356 1107 3479 1161 ὅσον
3516 1109 3606 1162 ἐπὶ
3633 1109 3810 1185 ταύτῃ

2233 1193 2296 1261 τῇ
2345 1191 2485 1256 λέξει
2530 1195 2638 1248 τῶν
2695 1195 3092 1266 Ἑϐδομήκοντα
3130 1196 3275 1265 λέγοι
3322 1215 3406 1261 τις
3449 1199 3533 1261 ἂν,
3571 1199 3652 1253 ὅτι
3705 1202 3808 1255 οὐκ

2232 1279 2377 1334 ἔστιν
2416 1282 2582 1354 ἀρετὴ
2635 1285 2668 1354 ἡ
2728 1285 3005 1356 φρόνησις⁸
3067 1285 3184 1339 οὐδὲ
3249 1272 3356 1358 γὰρ
3402 1290 3430 1341 ὁ
3485 1289 3603 1358 δφις
3660 1286 3808 1361 εῖχεν

2231 1375 2449 1446 ἀρετὴν,
2476 1377 2808 1448 πανουργίαν
2825 1377 2900 1442 δὲ,
2922 1378 2988 1450 ἢν
3007 1378 3100 1432 καὶ
3118 1376 3274 1448 ψέγει
3289 1397 3373 1443 τις
3387 1382 3809 1453 κακεντρέχειάν

2229 1483 2351 1519 τινα
2391 1466 2761 1539 ὑπάρχουσαν.
2813 1468 2962 1540 Αὕτη
2991 1470 3250 1542 φρόνησις
3285 1471 3379 1525 νῦν
3418 1472 3663 1545 νενόηται
3692 1476 3809 1538 τοῖς

2243 1554 2656 1627 Ἐϐδομήκοντα,
2709 1559 2838 1629 παρ’
2889 1559 2955 1630 ἥν
2989 1561 3017 1612 ὁ
3045 1559 3379 1632 πανοῦργος
3413 1563 3672 1634 φρόνιμος
3713 1564 3803 1618 λέ-

2229 1643 2435 1697 λεκται.
2476 1645 2657 1698 Ἔοικε
2685 1645 2743 1699 δὲ
2765 1648 2859 1700 καὶ
2881 1647 2942 1700 τὸ
2970 1649 3110 1702 κατὰ
3133 1649 3344 1703 Λουκᾶν
3364 1651 3700 1719 Εὑαγγέλιον
3725 1653 3809 1705 εἰ-

2227 1734 2371 1788 δέναι
2425 1734 2586 1789 τοῦτο
2619 1737 2681 1790 τὸ
2724 1739 3140 1809 σημαινόμενον,
3181 1741 3268 1794 ὅτε
3309 1741 3721 1812 ἀναγέγραπται
3774 1745 3806 1796 ὁ

559 1811 985 1888 gniﬁcationem,
1022 1839 1144 1877 cum
1182 1825 1247 1879 de
1293 1825 1578 1880 Salvature
1635 1829 1896 1896 scriptum
1949 1838 2031 1884 est
2070 1830 2118 1883 i'u

2227 1827 2417 1898 Σωτὴρ
2447 1829 2504 1880 ὲν
2527 1830 2592 1899 τῇ
2626 1829 2904 1901 παραϐολῇ
2941 1833 3219 1904 εἰρηκέναι
3243 1835 3319 1887 τό·
3343 1837 3450 1891 Καὶ
3475 1811 3807 1904 ἐπαινέσας

559 1912 819 1978 parabola
850 1914 1055 1969 dixisse
1088 1913 1194 1968 :Et
1227 1915 1451 1972 laudans
1497 1920 1649 1975 herus
1680 1937 2000 1976 weanomum
2027 1924 2129 1976 ini-

553 2006 792 2075 quitatis,
816 2009 937 2076 quia
977 2009 1258 2076 prudenter
1279 2010 1400 2079 fecit
1423 2013 1489 2078 “,
1516 2013 1566 2067 id
1597 2021 1681 2068 est
1707 2014 1880 2081 vafre,
1905 2015 2121 2069 callide.

555 2098 627 2152 At
657 2097 812 2153 facile
840 2100 965 2154 illud
997 2101 1246 2167 laudans,
1273 2119 1377 2157 non
1409 2105 1472 2158 de
1523 2104 1679 2160 laude
1711 2107 1929 2177 proprie
1965 2118 2136 2162 acce-’

553 2203 667 2259 pta,
702 2193 798 2246 sed
858 2209 955 2262 per
1004 2194 1403 2250 insolentiorem
1440 2197 1728 2266 quamdam
1782 2199 2122 2254 catachresin

554 2283 771 2350 dicitur,
798 2283 938 2339 sicut
965 2285 1196 2341 dicimus
1223 2286 1429 2342 laudari
1462 2289 1769 2358 quempiam
1794 2290 1960 2344 etiam
1993 2304 2123 2359 pro-

551 2381 674 2441 pter
703 2375 994 2430 mediocria
1025 2385 1080 2431 et
1109 2375 1326 2433 diversa
1362 2393 1527 2446 opera
1562 2380 1860 2448 vulgarium
1901 2383 2118 2449 artium,

550 2465 883 2520 admirantes
915 2468 1314 2536 quodammodo
1358 2482 1518 2522 curas
1547 2485 1667 2537 quae
1706 2470 1946 2524 excitant
1971 2485 2119 2526 men-

549 2559 620 2612 tis
661 2573 896 2612 acumen
913 2570 969 2613 et
997 2547 1370 2615 mobilitatem.
1406 2560 1534 2616 Item
1569 2562 1696 2616 illud
1729 2581 1742 2616 :
1771 2561 1951 2616 Estote
1986 2578 2114 2634 pru-

547 2650 726 2704 dentes
763 2652 895 2704 sicut
927 2660 1185 2719 serpentes
1205 2652 1249 2683 ⁹²
1276 2669 1290 2718 ;
1319 2653 1499 2724 quasi,
1534 2669 1638 2709 non
1668 2654 1840 2724 ignari
1888 2669 2116 2725 serpen-

550 2743 622 2794 tis
661 2743 1004 2797 astutiarum.
1066 2742 1298 2798 Necesse
1343 2745 1486 2799 enim
1545 2746 1799 2828 habetis,
1845 2747 2114 2816 quomodo

545 2837 837 2905 Apostolus
866 2836 1187 2902 nominavit,
1217 2836 1438 2892 affectos
1467 2837 1650 2892 dicere
1676 2855 1689 2891 :
1722 2836 1786 2891 Ut
1817 2853 1918 2892 non
1942 2840 2116 2907 oppri-

546 2944 758 2981 memur
797 2929 1224 2994 aSatana;uon
1271 2931 1408 2984 enim
1446 2930 1676 2998 cogitata
1721 2929 1867 2984 illius
1909 2931 2116 3001 ignora-

547 3037 666 3074 mus
693 3021 760 3077 ¹³.
792 3021 1070 3077 Mulierem
1107 3023 1309 3092 itaque,
1335 3037 1456 3092 qua:
1481 3026 1723 3091 prudens
1753 3039 1860 3077 non
1903 3034 2022 3078 erat
2062 3031 2119 3076 ut

2226 1922 2260 1972 ό
2285 1921 2499 1987 Κύριος
2529 1920 2635 1975 τὸν
2652 1924 2968 1992 οίκονόμον
2985 1924 3096 1993 τῆς
3117 1925 3370 1992 ἀδικίας,
3393 1927 3479 1981 ὅτι
3501 1929 3806 1998 φρονίμως

2223 2013 2494 2080 ἐποίησε·
2519 2014 2763 2068 τουτέστι
2793 2016 3133 2089 κακούργως,
3163 2020 3554 2090 κακεντρεχῶς.
3584 2020 3696 2073 Καὶ
3713 2021 3810 2075 τάσ-

2223 2124 2292 2189 χα
2323 2106 2403 2169 τὸ,
2425 2107 2769 2174 ἐπαινέσας,
2796 2108 2855 2160 οὐ
2881 2109 3022 2162 κατά
3053 2111 3142 2162 τὸν
3165 2111 3366 2183 κυρίως
3391 2111 3630 2175 ἔπαινον,
3665 2111 3807 2167 ἀλλὰ

2223 2200 2817 2271 καταχρηστικωτὲρως
2852 2200 3087 2269 λέγεται,
3126 2202 3260 2256 καθὸ
3301 2203 3528 2275 λέγομεν
3558 2206 3807 2258 ἐπαινεῖ-

2224 2289 2346 2343 σθαί
2395 2307 2516 2347 τινα
2549 2292 2644 2345 καὶ
2685 2293 2777 2346 ἐπὶ
2827 2293 3012 2363 μέσοις
3059 2295 3152 2347 καὶ
3202 2294 3476 2366 διαφόροις
3509 2295 3806 2368 πράγμασι

2226 2383 2405 2453 μέσων
2429 2384 2653 2454 τεχνῶν,
2696 2386 2790 2439 καὶ
2821 2381 2930 2440 οἷον
2966 2389 3014 2440 εί
3061 2387 3427 2456 θαυμάζοντες
3475 2389 3575 2453 τὰς
3613 2392 3806 2462 ἐντρε-

2222 2475 2394 2546 χείας,
2433 2474 2532 2539 τὰς
2553 2475 2906 2546 ὲμφωνούσας
2927 2479 2944 2499 ⁰
2972 2478 3032 2530 τὸ
3063 2479 3162 2548 τῆς
3192 2478 3428 2542 διανοίας
3466 2479 3558 2546 ὀξὺ
3588 2481 3683 2534 καὶ
3705 2482 3801 2536 εὑ-

2223 2565 2460 2635 κίνητονο
2509 2567 2603 2620 καὶ
2648 2565 2727 2620 τόο
2782 2568 3035 2622 Γίνεσθε
3072 2569 3344 2639 φρόνιμοι
3392 2571 3471 2637 ὡς
3505 2574 3567 2626 οἱ
3606 2572 3800 2642 ὄφεις·

2220 2657 2382 2710 οἱονεί¹
2413 2657 2489 2730 μὴ
2503 2659 2840 2731 ἀνιστόρητοι
2861 2660 2968 2714 τῶν
2983 2661 3077 2715 τοῦ
3105 2662 3280 2731 ὄφεως
3300 2665 3798 2736 πανουργημάτων.

2219 2742 2392 2818 Χρεία
2413 2747 2521 2820 γὰρ
2546 2749 2674 2821 ὑμῖν
2717 2751 2832 2816 τοῦ,
2863 2751 2938 2814 ὡς
2957 2753 2986 2804 ὁ
3030 2751 3348 2816 Ἀπόστολος
3372 2752 3644 2825 ὠνόμασε,
3674 2755 3801 2811 διιο-

2220 2838 2674 2910 κειμένουςςλέγει
2706 2841 2840 2926 (95χο
2875 2842 2997 2896 Ἵνα
3015 2842 3104 2912 μὴ
3136 2847 3662 2915 πλεονεκτηθῶμεν
3675 2845 3798 2903 ὑπὸ

2218 2927 2324 2981 τοῦ
2355 2926 2610 2984 Σατανᾶο
2664 2927 2737 2984 οὐ
2872 2929 3058 2984 αὐτοῦ
3073 2927 3144 2982 τὰ
3157 2927 3422 2998 νοήματα
3438 2932 3796 3004 ἀγνοοῦμεν.

2222 3019 2332 3090 Τὴν
2357 3018 2486 3088 γοῦν
2519 3018 2590 3090 μὴ
2614 3015 2777 3073 οὖσαν
2810 3018 3112 3089 φρονοῦσαν
3142 3020 3216 3082 ὡς
3243 3020 3331 3073 τὸν
3362 3021 3483 3088 δφιν
3510 3018 3800 3088 ἠπάτησεν

548 3127 794 3183 serpens,
831 3116 1044 3186 decepit
1074 3114 1164 3170 ille
1210 3115 1264 3169 in
1317 3116 1512 3168 astutia
1549 3129 1671 3169 sua.
1718 3113 1782 3168 Et
1818 3114 1922 3184 ﬁlii
1957 3115 2117 3184 hujus

2224 3113 2279 3166 ὲν
2301 3113 2367 3182 τῇ
2390 3109 2692 3181 πανουργίᾳ
2715 3109 2902 3163 αὐτοῦ.
2937 3110 3046 3164 Καὶ
3070 3113 3124 3164 οἱ
3149 3111 3265 3164 υἱοί
3295 3110 3401 3164 τοῦ
3429 3108 3642 3174 αἰῶνος
3661 3110 3802 3162 τού-

543 3208 750 3277 eeeuli,
777 3225 879 3264 non
913 3211 1292 3281 sapientiores,
1322 3213 1415 3266 sed
1444 3211 1802 3280 prudentiores
1831 3209 1958 3277 ﬁliis
1984 3209 2115 3263 lucis

2224 3220 2323 3256 του
2348 3204 2407 3256 οὐ
2438 3201 2756 3275 σοφώτεροι,
2781 3201 2915 3255 ἀλλὰ
2938 3202 3353 3272 φρονιμώτεροι
3379 3203 3497 3258 τῶν
3516 3201 3662 3257 υἱῶν
3685 3201 3800 3256 τοῦ

545 3311 668 3354 sunt
695 3300 777 3367 '5;
826 3315 1001 3370 neque
1043 3302 1142 3355 hoc
1183 3300 1501 3372 simpliciter
1541 3307 1596 3354 et
1623 3298 1888 3363 absolute,
1933 3299 2026 3354 sed
2061 3299 2118 3351 in

2224 3294 2407 3361 ςρωτός
2434 3295 2608 3346 εἰσιν·
2651 3293 2743 3346 καὶ
2771 3292 2891 3346 οὐδὲ
2921 3293 3078 3347 τοῦτο
3109 3293 3292 3357 ἁπλῶς
3322 3295 3416 3348 καὶ
3452 3293 3798 3366 ἀπολελυμέ-

547 3413 698 3450 suam
725 3397 1131 3466 generationem.

621 3487 975 3560 Signiﬁcatur
1002 3500 1058 3544 ct
1105 3488 1248 3543 aliud
1281 3487 1412 3559 quid
1445 3501 1576 3541 voce
1625 3483 1942 3555 prudentiae.
1979 3482 2116 3537 Deus

545 3584 710 3650 enim,
727 3585 921 3654 inquit,
950 3583 1208 3654 sapientia
1230 3581 1572 3650 fundamenta
1593 3579 1766 3648 posuit
1796 3589 1968 3644 terres,
1990 3592 2118 3645 prte-

544 3677 745 3740 paruvit
775 3686 952 3730 autem
977 3673 1127 3729 ctelos
1149 3674 1202 3727 in
1232 3671 1509 3750 prudentia
1532 3671 1610 3735 ²³;
1636 3670 1855 3734 virtute,
1872 3683 1975 3722 non
2006 3667 2116 3723 cal—

547 3762 777 3817 liditate.
811 3763 1066 3830 Agnoscit
1098 3771 1151 3816 et
1199 3760 1548 3832 Evangelium
1603 3760 1744 3814 hanc
1791 3771 2005 3828 quoque
2035 3757 2114 3811 si-

545 3852 946 3922 gniﬁcationem
992 3854 1045 3907 in
1094 3853 1349 3921 parabola
1389 3853 1455 3907 de
1492 3852 1804 3922 virginibus
1830 3850 2116 3921 prudenti-

543 3943 669 3997 bus.
719 3941 1002 3998 Manil’este
1045 3944 1188 3996 enim
1221 3942 1293 3995 ibi
1341 3943 1593 4008 fatuitati,
1627 3945 1742 3999 sive
1783 3943 2112 4013 improbitati

547 4035 597 4100 (a
643 4049 748 4103 qua
831 4035 966 4090 fatui
1037 4049 1146 4088 sua:
1184 4034 1461 4104 qualitatis
1494 4035 1982 4090 denominationem
2015 4034 2110 4087 ha-

547 4130 692 4191 bent,
716 4135 770 4181 et
791 4125 952 4180 fatua:
971 4126 1096 4180 item
1119 4125 1376 4196 virgines)
1395 4135 1647 4194 tanquam
1667 4126 1938 4179 contraria
1957 4141 2114 4178 usur-

544 4229 704 4288 patur
729 4219 1036 4289 prudentia,
1072 4233 1101 4272 a
1130 4233 1233 4288 qua
1259 4234 1368 4273 sua:
1396 4217 1675 4287 qualitatis
1721 4231 1914 4270 nomen
1968 4217 2112 4271 acci-

545 4312 698 4381 piunt
727 4311 1015 4380 prudentes
1053 4311 1188 4375 viri,
1220 4319 1274 4365 et
1324 4309 1620 4378 prudentes
1645 4307 1906 4376 virgines.
1951 4307 2106 4372 Quod

543 4401 588 4455 si
614 4402 808 4458 stultus
831 4403 1004 4458 malus
1033 4411 1136 4468 est,
1167 4413 1220 4457 et
1241 4400 1545 4458 contrarius
1577 4400 1704 4453 huic
1721 4407 1802 4454 est
1830 4398 2065 4467 prudens
2091 4415 2106 4464 ;

2215 3402 2351 3450 νως,
2385 3383 2497 3437 ἀλλ’
2521 3386 2608 3450 είς
2638 3385 2754 3453 τὴν
2783 3383 3010 3438 ἑαυτῶν
3043 3385 3278 3454 γενεάν.

2285 3478 2358 3548 Ση
2368 3477 2614 3548 μαίνεται
2629 3477 2685 3529 δὲ
2704 3477 2798 3532 καὶ
2809 3477 2935 3532 ἄλλο
2961 3495 3014 3529 τι
3033 3480 3098 3532 ὲκ
3125 3477 3226 3548 τῆς
3248 3479 3562 3551 φρονήσεως
3577 3478 3786 3550 φωνῆς’

2226 3569 2278 3622 Ὁ
2298 3569 2440 3636 Θεὸς
2467 3569 2594 3642 γὰρ,
2631 3569 2786 3640 φησὶ,
2817 3567 2890 3638 τῇ
2918 3570 3107 3638 σοφίᾳ
3136 3570 3491 3638 ἐθεμελίωσε
3511 3571 3626 3638 τὴν
3651 3570 3788 3642 777',

2213 3661 2502 3729 ἡτοίμασε
2521 3659 2588 3713 δὲ
2609 3660 2900 3736 οὐρανοὺς
2919 3661 2988 3715 ἐν
3011 3661 3315 3732 φρονήσει·
3343 3665 3409 3734 τῇ
3435 3663 3624 3735 ἀρετῇ,
3642 3664 3706 3717 οὐ
3721 3665 3788 3736 τῇ

2213 3751 2617 3823 κακεντρεχείᾳ.
2649 3734 2771 3806 Dida
2801 3752 2858 3806 δὲ
2888 3753 2983 3807 καὶ
3006 3753 3066 3806 τὸ
3088 3753 3416 3823 Εὐαγγέλιω
3444 3734 3505 3808 τδ
3529 3734 3794 3826 σημαινόλ

2216 3861 2371 3914 μενον
2398 3843 2554 3897 τοῦτο
2593 3845 2649 3896 ὲν
2667 3847 2744 3918 *τῇ
2775 3845 2900 3916 περὶ
2935 3845 3044 3900 τῶν
3067 3845 3343 3917 φρονίμων
3373 3847 3656 3918 παρθένων
3681 3865 3790 3903 πα-

2217 3934 2435 4004 ραϐολῇ.
2489 3915 2681 4003 Σαφῶς
2707 3933 2816 4005 γὰρ
2848 3915 3033 3988 ἐνθάδε
3088 3915 3153 4005 τῇ
3192 3915 3371 4006 μωρίᾳ
3417 3915 3551 4008 often
3595 3935 3790 4006 κακίᾳ,

2213 4026 2304 4094 ἀφ’
2331 4022 2400 4097 ἧς
2435 4025 2578 4078 ποιοὶ
2609 4026 2656 4077 οἱ
2703 4025 2875 4097 μωροὶ
2907 4025 3175 4094 λέγονται,
3219 4027 3313 4078 καὶ
3347 4027 3402 4080 αἱ
3439 4026 3618 4098 μωραὶ
3646 4045 3792 4100 παρ-

2213 4126 2373 4187 θένοι,
2409 4125 2482 4188 ὡς
2527 4124 2746 4178 ἐναντία
2787 4123 3265 4195 παραλαμὸἁνεται
3311 4127 3344 4195 ἡ
3387 4124 3665 4196 φρόνησις,
3695 4126 3790 4195 ἀφ’

2209 4214 2276 4290 ἦς
2306 4220 2452 4271 ποιοὶ
2467 4219 2803 4290 οίφρόνιμοι,
2840 4217 2934 4270 καὶ
2961 4219 3015 4269 αἱ
3046 4217 3294 4289 φρόνιμοι
3339 4216 3616 4288 παρθένοι.
3648 4217 3709 4270 Ei
3731 4216 3792 4272 δὲ

2209 4311 2237 4362 ὁ
2274 4311 2452 4381 μωρὸς
2476 4310 2694 4379 φαῦλος,
2730 4310 2821 4362 καὶ
2846 4309 3082 4372 ἐναντίος
3101 4308 3274 4380 τούτῳ
3307 4311 3334 4363 ὁ
3363 4309 3640 4380 φρόνιμος,
3663 4309 3786 4381 ἤτοι

2211 4402 2411 4472 φαῦλος
2425 4401 2577 4456 ἔσται
2603 4402 2925 4473 ὁφρὸνιμος,
2967 4402 2998 4472 ἢ
3029 4401 3332 4464 σπουδαῖος⁸
3360 4401 3418 4453 οὐ
3442 4399 3661 4454 δύναται
3677 4401 3791 4469 γὰρ

543 4495 648 4550 erit
691 4496 923 4564 prudens
953 4495 1066 4550 sive
1107 4495 1280 4567 malus
1311 4494 1428 4550 sive
1478 4491 1650 4548 bonus
1693 4509 1708 4546 :
1748 4490 1935 4561 nequit
1965 4490 2106 4544 enim

2224 4491 2562 4563 εἷναιφαῢλον
2577 4490 2861 4561 ἀδιάφορον
2878 4493 3134 4548 ἐναντίον.
3170 4492 3282 4545 Οὐκ
3309 4491 3422 4544 ἔστι
3453 4491 3508 4543 δὲ
3532 4490 3734 4560 φαῦλος
3759 4492 3792 4544 ὁ

541 4601 664 4641 esse
680 4586 824 4655 quod
851 4585 1047 4639 malum
1070 4594 1173 4651 est,
1201 4584 1512 4640 indiﬂ‘erens
1532 4581 1854 4652 oppositum.
1886 4579 1999 4634 Non
2026 4588 2110 4636 est

539 4687 720 4732 autem
743 4677 932 4740 malus,
957 4679 1186 4747 prudens
1221 4677 1382 4732 stulto
1410 4674 1692 4746 oppositus
1719 4689 1732 4725 :
1767 4687 1940 4744 neque
1959 4673 2104 4728 enim

541 4786 659 4838 qua:
684 4786 748 4826 ev
794 4771 1074 4840 prudentia
1111 4770 1485 4840 qualificantur
1508 4767 1804 4840 prudentes
1845 4765 2102 4836 virgines,

543 4863 744 4935 ingredi
777 4863 1077 4934 potuissent
1126 4879 1248 4918 cum
1293 4878 1491 4932 sponso
1524 4863 1591 4915 ad
1649 4860 1900 4930 nuptias;
1939 4865 2106 4914 restat

539 4957 704 5027 igitur
732 4957 1017 5011 honestum
1050 4957 1176 5026 quid
1201 4969 1320 5010 esse
1340 4954 1702 5025 prudentiam,
1737 4953 2104 5021 honestosque

539 5049 847 5115 prudentes.
883 5049 975 5105 Est
1014 5063 1144 5120 ergo
1183 5048 1474 5104 secundum
1519 5050 1636 5105 haec
1662 5048 1840 5102 virtus
1869 5043 2103 5115 pruden-

541 5141 633 5204 tia,
671 5151 724 5196 et
786 5143 926 5197 tales
969 5142 1316 5196 nominantur
1346 5141 1640 5213 prudentes
1689 5140 2101 5210 participatione

538 5232 853 5299 prudentiae,
891 5233 943 5288 in
973 5250 1077 5304 qua
1112 5233 1279 5290 caelos
1313 5238 1630 5303 prazparavit
1656 5234 1935 5288 Dominus.

575 5323 638 5378 V.
669 5321 723 5378 3.
752 5323 1098 5398 Cogitureque
1125 5325 1414 5396 justitiam,
1445 5334 1494 5381 et
1524 5326 1784 5396 judicium
1813 5315 2058 5396 dirigere.

604 5482 757 5538 Alius
789 5497 918 5539 vero
938 5486 1067 5540 dicit
1091 5505 1104 5540 :
1125 5487 1234 5542 iloc
1264 5501 1366 5542 non
1403 5486 1580 5554 inepte
1613 5484 1830 5554 quidam
1881 5481 2098 5538 intelle-

602 5619 650 5654 ”
679 5617 815 5678 Gen.
845 5636 928 5686 ιιι,
955 5621 1003 5675 Ι.
1083 5623 1122 5652 ²¹
1163 5622 1293 5680 Luc.
1339 5640 1452 5691 XVI,
1486 5622 1536 5679 8.
1617 5623 1660 5656 ²¹
1686 5621 1870 5677 Matth.
1905 5637 1957 5689 χ,
1986 5597 2070 5674 ἷϐ.

2224 5617 2259 5672 ll
2282 5619 2407 5675 Cor.
2444 5640 2502 5692 ιι,
2541 5624 2621 5679 Η.

607 5781 715 5860 (93)
748 5785 906 5842 Forte
940 5785 1136 5854 λέγειν.

2211 4586 2288 4657 τῷ
2314 4584 2480 4657 μωρῷ
2502 4585 2738 4648 ὲναντίος
2758 4584 3036 4656 φρόνιμος·
3061 4583 3159 4636 οὐκ
3191 4582 3255 4637 ἂν
3283 4582 3391 4652 γὰρ
3413 4583 3468 4634 αἱ
3495 4583 3633 4649 κατὰ
3653 4583 3791 4654 φρό-

2212 4696 2362 4749 νησιν
2390 4678 2760 4748 πεποιωμέναι
2785 4678 3034 4748 φρόνιμοι
3069 4673 3322 4746 παρθένοι
3348 4673 3592 4746 εἰσῆλθον
3643 4674 3790 4744 μετὰ

2211 4769 2304 4824 τοῦ
2335 4769 2566 4840 νυμφίου
2587 4770 2665 4832 εἰς
2687 4769 2814 4831 τοὺς
2841 4767 3066 4838 γάμους.
3091 4766 3348 4820 Λείπεται
3371 4766 3546 4819 τοίνυν
3573 4766 3788 4820 ἀστεῖον

2212 4859 2346 4916 εἶναι
2391 4861 2488 4932 τὴν
2534 4861 2812 4933 φρόνησιν,
2868 4860 2961 4913 καὶ
3010 4857 3258 4919 ἀστείους
3295 4858 3419 4921 τοὺς
3467 4857 3785 4928 φρονίμους.

2222 4956 2413 5028 Ἀρετὴ
2465 4955 2571 5027 ἄρα
2599 4954 2741 5008 κατὰ
2787 4953 2956 5006 ταῦτα
3010 4954 3043 5024 ἡ
3089 4953 3367 5024 φρόνησις,
3410 4954 3503 5005 καὶ
3531 4952 3691 5009 ,ποιοί
3731 4954 3789 5006 oi

2211 5048 2458 5120 φρόνιμοι
2495 5051 2690 5117 μετοχῇ
2719 5047 3051 5118 φρονήσεως,
3075 5047 3132 5100 ὲν
3215 5047 3337 5109 τοὺς
3358 5047 3618 5117 οὐρανοὺς
3640 5045 3790 5120 ἡτοί-

2211 5155 2379 5208 μασεν
2398 5139 2426 5189 ὁ
2453 5136 2672 5208 Κύριος.

2207 5321 2317 5391 (9.4)
2355 5320 2500 5389 Στίχ,
2538 5326 2605 5387 γ’,
2662 5317 2894 5385 Νοῆσαί
2941 5334 3002 5372 τε
3039 5319 3450 5386 δικαιοσύνην,
3481 5317 3577 5372 καί
3601 5326 3786 5391 κρῖμα

2792 5391 3192 5446 κατευθύνειν.

2283 5484 2470 5548 Ἄλλος
2500 5481 2558 5537 δέ
2592 5498 2740 5552 φησιν
2777 5481 2945 5535 Τοῦτο
2975 5483 3072 5536 οὐκ
3105 5482 3291 5552 ἀφυῶς
3318 5499 3460 5547 τινες
3486 5480 3770 5553 ὲξειλήφα-

2805 5621 2851 5653 ³³
2883 5621 3014 5677 Luc.
3054 5637 3166 5689 xw,
3199 5623 3250 5678 8.
3363 5623 3408 5656 "
3438 5619 3553 5676 Jer.
3590 5642 3651 5686 χ,
3683 5628 3758 5681 12

2278 5777 2389 5851 (94)
2415 5779 2541 5844 Quae
2582 5789 2896 5850 sequuntur,
2940 5789 3062 5837 sunt
3090 5785 3268 5839 omnia
3298 5798 3359 5838 ex
3397 5782 3513 5837 cod.
3544 5796 3660 5841 ut.
