4012 6340
239 330 333 388 ibi;

1373 328 1632 385 τωο-Μ.
1669 325 1736 383 IN
1768 325 1854 381 PB
1863 325 2184 386 OVERBiA.

3356 341 3457 397 151

234 467 306 506 σιν
327 445 536 501 ἐπὶτῶν
553 445 876 522 ύπερδατῶν
899 446 987 499 καὶ
1010 445 1379 516 ἀναστροφῶν.
1411 444 1777 518 Στρεφομένου

1883 455 2084 516 xerunt
2129 460 2250 501 cum
2307 448 2621 518 hyperbatis
2654 461 2708 507 et
2760 451 3177 512 inversiooibas.
3233 457 3456 514 Inversa

227 543 322 613 γὰρ
351 538 435 595 τοῦ
469 539 629 608 λόγου
665 539 802 594 κατά
848 541 943 610 τὴν
986 537 1154 604 τάξιν,
1180 540 1274 592 καὶ
1303 537 1584 602 δοκοῦντος
1604 536 1783 592 διακό-

229 632 441 688 πτεσθαι
477 631 572 685 τοῦ
618 631 900 704 εἰρημένου
931 631 1038 685 ἀπό
1077 648 1220 694 τινος
1249 631 1340 684 διὰ
1374 631 1539 701 μέσου
1567 629 1788 698 λεγομέ-

224 741 328 788 νου,
358 725 560 792 γίνεται
579 723 640 775 τὸ
673 721 971 795 ὑπερϐατὸν
999 723 1092 776 καὶ
1114 724 1441 794 καλούμενον
1465 721 1670 796 στροφὴ
1696 719 1784 772 λό-

223 834 333 884 γου.
369 815 532 869 Πάλιν
568 832 627 868 τε
663 809 750 881 αὖ,
784 813 1244 885 ἐναλλαττομένης
1271 813 1369 884 τῆς
1395 812 1592 878 λέξεως
1628 813 1689 866 ὲν
1718 814 1783 882 τῇ

221 907 723 980 προσαγορευομένῃ
753 909 1087 980 ἀναστροφῇ,
1123 905 1284 959 οἱονεὶ
1317 906 1520 976 στροφή
1549 906 1666 958 ἐστι
1689 904 1782 957 τοῦ

219 1001 390 1069 λόγου.
423 994 543 1052 οἷον
567 997 643 1062 ὡς
676 997 769 1051 ἐπὶ
801 996 1260 1070 παραδείγματος
1289 997 1317 1049 ὁ
1347 994 1634 1066 ψαλμῳδός
1676 1009 1780 1063 φη-

217 1108 318 1145 σιν·
353 1091 467 1145 Ὀτι
497 1090 777 1160 ἐσίτησα,
805 1085 1146 1158 ἐπαλαιώθη
1178 1086 1250 1141 τὰ
1282 1085 1430 1142 ὀστᾶ
1450 1106 1588 1158 μου.
1627 1088 1782 1140 Ἀνα-

215 1180 446 1253 στρέψας
479 1180 587 1253 γάρ
633 1182 748 1251 ἐρεῖ
773 1180 963 1244 οὕτως’
1019 1180 1140 1233 Ὅτι
1169 1178 1286 1233 ἀπὸ
1313 1177 1419 1232 τοῦ
1446 1175 1674 1248 κράζειν
1701 1196 1780 1249 με

209 1272 361 1340 πρὸς
382 1273 452 1326 σὲ
485 1272 636 1340 ὅλην
663 1271 778 1340 τὴν
798 1271 1029 1341 ἡμέραν
1046 1270 1320 1341 ἐσίγησα,
1351 1271 1685 1341 ἐπαλαιώθη
1707 1273 1780 1328 τὰ

208 1361 362 1419 ὀστᾶ
386 1381 520 1434 μου·
552 1363 638 1416 ἵνα
670 1362 912 1436 σημαίνῃ
925 1363 1099 1416 τοῦτο·
1145 1361 1356 1433 Ἐπειδὴ
1382 1363 1488 1416 ἀπὸ
1512 1363 1609 1433 τῆς
1640 1363 1776 1434 πρὸς

207 1457 264 1510 σὲ
297 1457 542 1529 κραυγῆς
558 1457 652 1510 καὶ
678 1457 915 1527 δεήσεως
941 1455 1034 1510 καὶ
1051 1454 1308 1518 αἰνέσεως
1331 1454 1776 1526 ὲπαυσὰμην,διὰ

204 1546 365 1602 τοῦτο
389 1548 657 1620 ἐξηράνθη
690 1546 760 1601 τὰ
780 1549 912 1601 ὀστᾶ
933 1565 1053 1618 μου.

271 1636 389 1709 (95)
437 1637 548 1692 Τοῦ
590 1637 796 1692 αὐτοῦ.
842 1637 1073 1690 Δύναται
1116 1635 1172 1689 δὲ
1214 1635 1418 1706 ἀληθὴς
1465 1629 1774 1707 δικαιοσύνη

197 1730 339 1801 πρὸς
365 1729 768 1800 ἀντιδιαστολὴν
813 1727 1066 1796 λέγεσθαι
1099 1728 1198 1797 τῆς
1225 1727 1517 1797 είκονικῆς.
1557 1726 1774 1779 Αὐτοδι-

1888 539 2031 592 enim
2061 553 2311 596 sermone
2337 542 2626 596 secundum
2653 558 2840 600 vocum
2861 545 3294 615 dispositionem,
3323 552 3449 605 dum

1888 629 2102 682 videtur
2133 630 2384 685 intercidi
2416 632 2559 700 quod
2607 633 2802 688 dicitur
2828 637 2894 690 ab
2921 636 3029 693 alio
3065 640 3211 708 quod
3251 640 3302 693 in
3337 656 3450 695 me-

1891 722 1983 776 dio
2007 723 2224 788 dicitur,
2257 724 2315 778 lit
2345 725 2702 796 hyperbaton,
2735 744 2824 783 seu
2868 736 3222 802 transgressio
3243 751 3451 792 sermo-

1887 807 1995 870 nis,
2024 818 2076 863 et
2100 810 2240 879 quod
2278 821 2506 866 vocatur
2533 815 2798 870 orationis
2837 819 3031 872 versio.
3066 820 3295 877 Rursum
3323 839 3448 879 vero

1885 894 2166 952 immolato
2197 914 2386 953 vocum
2427 913 2614 956 tenore
2652 904 2709 956 in
2747 920 2808 958 ea
2841 921 2959 974 quae
3000 916 3445 979 nuncupaturin-

1883 990 2077 1054 versio,
2111 991 2166 1044 lit
2219 993 2620 1060 quodammodo
2656 996 2926 1051 orationis
2963 999 3161 1054 versio.
3193 1001 3344 1070 Puta,
3389 1015 3448 1058 ut

1881 1082 2142 1152 exemplis
2171 1093 2386 1142 utamur
2414 1103 2429 1139 :
2457 1085 2743 1143 Psalmista
2783 1090 2956 1145 dicit:
2985 1091 3244 1157 Quoniam
3287 1100 3446 1164 tacui,

1883 1172 2292 1232 inveteraverunt
2340 1195 2459 1232 ossa
2515 1196 2632 1235 mea
2663 1181 2729 1238 ".
2763 1182 3090 1238 lnvertendo
3131 1185 3209 1240 sic
3255 1186 3396 1242 dicet
3429 1205 3445 1244 :

1884 1260 2141 1328 Quoniam
2180 1283 2211 1318 a
2245 1266 2522 1327 clamando
2562 1288 2642 1325 me
2689 1275 2757 1326 ad
2801 1283 2850 1328 te
2901 1284 3059 1328 totout
3093 1276 3230 1328 diem
3279 1280 3448 1344 tacui‘,

1881 1354 2291 1414 inveteraverunt
2328 1375 2446 1419 ossa
2481 1377 2594 1416 mea
2624 1379 2643 1428 ;
2678 1378 2786 1432 quo
2814 1364 3125 1435 signiﬁcet:
3160 1367 3296 1432 Quia
3335 1383 3452 1425 ces-

1880 1449 1994 1500 savi
2026 1463 2053 1499 a
2083 1449 2338 1518 clamore,
2371 1459 2424 1506 et
2457 1455 2858 1524 supplicatione
2888 1468 2943 1511 et
2986 1457 3144 1515 laude
3181 1468 3292 1525 tua,
3321 1475 3449 1529 prn-

1878 1549 2060 1608 pterea
2084 1542 2317 1596 arefacta
2363 1553 2489 1598 sunt
2525 1561 2646 1601 ossa
2685 1563 2823 1601 mea.

1948 1628 2220 1694 Ejusdem.
2256 1634 2439 1691 Potest
2459 1649 2635 1693 autem
2661 1657 2780 1696 vera
2800 1641 3002 1708 iustitia
3028 1644 3130 1700 dici
3162 1645 3227 1699 ad
3261 1646 3451 1700 distin‘

1878 1723 2110 1778 ctionem
2163 1726 2517 1797 imaginariae.
2569 1732 2822 1787 Christus
2870 1749 3104 1804 namque
3148 1745 3229 1790 est
3265 1752 3448 1791 essen—

192 1798 462 1897 καιοσύνη
493 1823 589 1894 μὲν
620 1798 783 1892 γὰρ-ὀ
819 1821 1068 1891 Χριστός·
1109 1819 1319 1892 μεθέξει
1351 1819 1407 1872 δὲ
1434 1818 1636 1890 ταύτης
1664 1819 1775 1888 ήέν

1882 1816 2023 1871 tialis
2064 1818 2309 1886 iustitia;
2348 1823 2694 1892 participabit
2754 1835 2929 1879 autem
2981 1798 3140 1897 hujus
3179 1843 3242 1881 ea
3270 1868 3285 1892 ,
3326 1845 3448 1898 quae

185 1913 416 1985 ἑκάστῳ
451 1913 558 1967 τῶν
585 1912 806 1966 δικαίων
845 1909 1004 1963 εἰκὼν
1031 1907 1184 1977 οὖσα,
1213 1911 1308 1964 καὶ
1337 1908 1616 1982 ἀφοροῦσα
1643 1908 1778 1979 πρὸς

183 2008 559 2080 παράδειγμα
604 2006 699 2058 τδν
725 2004 977 2076 Χριστὸν,
1027 2003 1161 2075 πρὸς
1204 2003 1263 2056 ὃν
1305 2003 1415 2074 (96)
1473 2004 1777 2076 γεγράφθαι

176 2101 410 2170 νομίζω
439 2099 523 2163 τὸ,
543 2098 774 2163 Δίκαιος
788 2099 999 2165 Κύριος
1014 2097 1109 2150 καί
1142 2095 1525 2162 δικαιοσύνας
1549 2097 1782 2166 ἠγάπη-

168 2204 336 2244 σεν.
387 2187 836 2243 ’Δντιδιέσταλται
872 2188 928 2241 δὲ
967 2187 1062 2242 καὶ
1086 2191 1152 2258 τῇ
1180 2186 1476 2260 συμϐολικῇ
1501 2188 1778 2242 δικαιοσύ-

169 2297 280 2352 νῃ·
325 2280 502 2334 πολλὰ
526 2282 632 2352 γὰρ
661 2282 720 2333 ὲν
751 2280 826 2351 τῷ
851 2280 1000 2351 νόμῳ
1023 2280 1121 2350 τῆς
1137 2280 1391 2350 ἀληθείας
1416 2280 1485 2333 τὰ
1515 2281 1774 2351 σύμϐολα·

168 2369 334 2424 ἀλλά
379 2372 472 2424 καὶ
514 2375 577 2442 τῇ
610 2370 793 2440 ψευδεῖ
817 2369 1146 2444 δικαιοσύνῃ.
1183 2371 1342 2425 Κατά
1375 2371 1429 2423 δὲ
1459 2372 1520 2424 τὸ
1558 2371 1778 2444 Ἑϐραῖ-

173 2462 281 2514 κὸν
310 2463 412 2515 καὶ
453 2462 578 2527 τοὺς
601 2463 816 2527 λοιποὺς
838 2463 899 2516 οὐ
919 2461 1237 2534 πρόσκειται
1261 2463 1322 2517 τὸ
1343 2462 1562 2533 ἀληθῆ,
1587 2464 1663 2528 ὡς
1677 2464 1776 2535 τῆς

176 2551 542 2626 δικαιοσύνης
566 2555 626 2608 ού
654 2555 946 2627 δεχομένης
978 2554 1400 2626 ἀντιδιαστολήν.

257 2647 408 2718 Τρία
433 2648 490 2700 δὲ
512 2650 769 2720 κριτήρια
798 2651 855 2704 ἐν
882 2651 1034 2720 ἡμῖν·
1061 2647 1320 2720 Αἴσθησις
1341 2647 1448 2701 τῶν
1477 2648 1768 2720 αἰσθητῶν·

179 2735 349 2805 λόγος
377 2739 487 2794 τῶν
524 2739 849 2810 λεγομένωνο
879 2742 973 2794 καὶ
1003 2740 1124 2805 νοῦς
1155 2741 1265 2794 τῶν
1303 2739 1524 2812 νοητῶν.
1565 2742 1774 2794 Κατευ-

185 2826 337 2880 θύνει
359 2829 418 2882 δέ
441 2847 525 2893 τις
553 2833 746 2901 κρῖμα,
769 2832 863 2884 καὶ
895 2830 1044 2895 θείας
1075 2832 1292 2904 χάριτος
1313 2833 1418 2904 πρό
1454 2850 1516 2902 γε
1547 2832 1654 2886 τῶν
1683 2832 1775 2886 ἄλ-

186 2917 298 2971 λων
323 2917 528 2989 τυχών.
549 2921 713 2988 Παρὰ
729 2919 876 2974 Θεοῦ
900 2919 1008 2992 γὰρ
1035 2923 1340 2977 εὐθύνεται
1356 2922 1428 2975 τὰ
1447 2921 1775 2992 διαδήματα

186 3006 268 3072 τῷ
314 3007 513 3076 ἀνδρί.
560 3009 713 3062 Ἐπεὶ
739 3008 953 3080 θνητὸς,
982 3009 1100 3074 πῶς
1140 3009 1206 3064 ἂν
1230 3013 1418 3082 νοήσαι
1440 3011 1537 3075 τὰς
1579 3013 1773 3066 ἑαυτοῦ

187 3098 378 3164 ύδούςς
408 3101 472 3154 Oi
507 3101 564 3154 δὲ
585 3100 778 3166 λοιποὶ,
807 3103 1006 3170 κρίσιν
1037 3103 1134 3157 καί
1167 3104 1460 3172 εὐθύτητα
1483 3103 1770 3170 ἐξέδωκαν,

188 3191 407 3255 οὐδενὸς
431 3192 657 3264 ἀκρίτου
686 3191 897 3263 ἔχοντος
921 3194 1122 3267 κρίσιν,
1157 3196 1277 3250 οὐδὲ
1313 3197 1526 3250 σκολιοῦ
1553 3199 1776 3271 εὐθύτη-

191 3302 311 3350 τας.
343 3285 458 3339 Καὶ
492 3285 632 3356 τάχα
661 3287 716 3338 αἱ
754 3287 945 3357 ἀρεταὶ
976 3287 1268 3360 εὐθύτητές
1294 3291 1450 3354 εἰσιν,
1476 3290 1552 3354 ὡς
1582 3293 1639 3344 αἱ
1669 3309 1773 3344 κα-

194 3379 307 3432 κίαι
335 3379 704 3449 σκολιότητες.

370 3562 521 3632 Στίχ.
551 3561 613 3615 δ’.
651 3562 774 3616 Ἵνα
799 3561 882 3627 δῷ
918 3561 1164 3627 ἀκάκοις
1200 3565 1590 3632 πανουργίαν.

277 3656 336 3708 ’0
358 3654 571 3724 ἀγνοῶν
591 3654 917 3725 κακοηθείας
951 3657 1070 3718 ταῖς
1099 3655 1455 3727 πανουργίαις
1485 3657 1776 3710 ὑποπίπτει

201 3747 305 3803 τῶν
354 3746 662 3820 κακοήθων,
711 3747 871 3810 αὐτὸς
925 3747 1126 3818 εὐήθης
1176 3748 1458 3817 ὑπάρχων.
1505 3748 1594 3812 Ὠς
1650 3749 1779 3819 περὶ

201 3837 397 3908 ψεκτοῦ
433 3838 568 3908 γοῦν
598 3837 692 3892 τοῦ
731 3839 904 3893 κακοῦ
937 3839 1174 3908 λέγεται·
1225 3841 1471 3907 Ἄκακος
1512 3842 1778 3896 πιστεύει

203 3933 376 3986 παντὶ
408 3933 588 4002 λόγῳ·
618 3931 807 4003 διόπερ
838 3933 1104 4003 ἐπήγαγε·
1146 3932 1490 4001 Πανοῦργος
1515 3932 1584 3985 δὲ
1608 3935 1776 4002 ἔρχε-

202 4041 291 4080 ται
312 4027 402 4092 είς
421 4025 762 4096 μετάνοιαν·
799 4025 1043 4079 τουτέστι
1071 4026 1198 4097 περὶ
1241 4019 1316 4078 ὧν
1340 4026 1622 4080 ἐπίστευσε
1648 4043 1780 4097 προ-

206 4120 376 4182 πετῶς
397 4122 668 4190 μετανοεῖ.
701 4118 809 4190 Τὴν
839 4119 1036 4172 κακίαν
1055 4117 1256 4189 ταύτην
1281 4119 1542 4190 εὐφημῶν
1562 4119 1590 4170 ὁ
1623 4119 1779 4170 ἈπΑ-

207 4213 384 4276 στολος
417 4207 568 4264 εἶπεν
596 4211 894 4283 ἁπλότητα,
937 4211 1132 4280 λέγων’
1160 4211 1473 4281 Φοϐοῦμαι,
1506 4210 1590 4280 μή
1631 4227 1773 4276 πως,

208 4302 280 4369 ὡς
297 4303 433 4372 ὄφις
452 4301 837 4371 ἐξηπάτησεν
859 4303 1025 4357 Εὔαν
1043 4303 1112 4357 ἐν
1133 4301 1205 4371 τῇ
1226 4303 1552 4370 πανουργίᾳ
1568 4301 1773 4365 αὑτοῦ,

212 4395 385 4461 οὕτως
411 4394 610 4465 φθαρῇ
627 4396 696 4449 τὰ
710 4395 978 4466 νοήματα
999 4395 1163 4466 ὑμῶν
1177 4396 1296 4450 ἀπὸ
1315 4393 1423 4462 τῆς
1443 4395 1777 4462 ἁπλότητος

1881 1908 2061 1978 imago
2094 1911 2314 1964 cuilibet
2339 1912 2607 1980 justorum
2637 1914 2801 1979 inest,
2834 1928 2887 1971 et
2913 1921 3138 1987 respicit
3174 1920 3444 1976 Christum

1883 2008 2140 2069 tanquam
2165 2002 2458 2070 exemplar,
2488 2006 2552 2058 de
2577 2021 2680 2073 qua
2706 2006 2832 2060 illud
2857 2009 3116 2077 scriptum
3151 2011 3314 2065 fuisse
3344 2028 3446 2082 pu-

1882 2096 1940 2140 to
1967 2106 1980 2139 :
2011 2087 2199 2143 Justus
2224 2089 2506 2159 Dominus,
2538 2104 2583 2146 et
2611 2094 2851 2162 justitias
2900 2098 3083 2150 dilexit
3109 2100 3175 2152 '7.
3218 2101 3444 2156 Contra-

1879 2180 2229 2252 disﬁnguitur
2255 2184 2420 2238 etiam
2455 2200 2484 2239 ε
2525 2187 2820 2255 symbolice
2847 2188 3089 2256 justitia;
3117 2192 3281 2246 multa
3304 2197 3446 2250 enim

1878 2284 2034 2326 erant
2065 2275 2117 2328 in
2160 2273 2277 2345 lege
2311 2276 2553 2332 veritatis
2579 2279 2858 2348 symbola;
2905 2281 3034 2350 quin
3065 2293 3118 2336 et
3148 2299 3177 2336 a
3222 2284 3453 2353 falsaju-

1877 2362 2044 2417 stitia.
2096 2361 2254 2418 Juxta
2293 2375 2470 2420 tamen
2505 2365 2832 2422 Hebraicum
2883 2380 2937 2424 et
2983 2371 3118 2425 alios
3150 2388 3253 2425 non
3303 2373 3453 2428 adest

1875 2453 2006 2510 illud
2055 2471 2253 2520 veram,
2301 2459 2498 2529 quippe
2539 2475 2645 2513 non
2701 2463 3033 2532 suscipiente
3071 2465 3454 2519 contradictio-

1874 2563 1994 2603 nem
2012 2547 2240 2616 justitia.

1945 2641 2162 2712 Triplex
2192 2651 2276 2696 est
2309 2641 2361 2696 in
2410 2643 2567 2697 nobis
2607 2643 2890 2712 iudicandi
2941 2643 3172 2702 facultas
3209 2662 3223 2700 :
3264 2650 3455 2704 sensus

1875 2750 1972 2804 pro
2023 2735 2406 2798 sensibilibus;
2442 2736 2582 2790 ratio
2625 2752 2723 2806 pro
2782 2736 2848 2791 iis
2897 2751 3016 2807 qua:
3070 2739 3352 2804 dicuntur;
3399 2751 3454 2796 et

1878 2843 2030 2884 mens
2068 2843 2165 2897 pro
2211 2829 2664 2899 intelligibilibus.
2701 2828 2894 2900 Dirigit
2944 2843 3123 2885 autem
3155 2833 3278 2902 quis
3304 2833 3450 2901 judi-

1875 2924 2018 2977 cium
2047 2963 2062 2988 ,
2111 2923 2276 2978 etiam
2326 2923 2504 2977 divina
2547 2923 2716 2992 gratia
2764 2939 2874 2992 pra:
2913 2926 3127 2979 caeteris
3156 2927 3198 2979 si
3231 2941 3450 2996 compos

1875 3013 1989 3068 ﬁat.
2013 3015 2054 3066 Α
2085 3013 2197 3069 Deo
2229 3013 2372 3067 enim
2402 3014 2705 3084 diriguntur
2733 3031 2936 3083 gressus
2970 3015 3194 3069 hominis
3220 3017 3287 3071 ³⁸.
3317 3016 3446 3072 Com

1877 3107 2019 3160 enim
2059 3107 2306 3160 mortalis
2345 3107 2436 3171 sit,
2468 3107 2739 3176 quomodo
2770 3107 3068 3175 intelligere
3117 3120 3302 3178 posset
3335 3109 3448 3164 vias

1878 3211 2004 3251 suas
2031 3196 2054 3250 ?
2085 3196 2296 3266 Reliqui
2335 3212 2460 3251 vero
2483 3198 2747 3267 judicium
2771 3209 2819 3252 et
2865 3199 3233 3254 rectitudinem
3264 3199 3447 3254 edidco

1878 3298 2022 3354 runt,
2050 3305 2171 3343 cum
2205 3305 2362 3344 nemo
2409 3290 2737 3345 indiscretus
2781 3291 3048 3360 judicium
3097 3292 3317 3357 habeat,
3351 3307 3450 3347 nec

1877 3396 2160 3451 perversos
2188 3383 2559 3437 rectitudines.
2597 3381 2662 3438 Et
2693 3383 2913 3436 omnino
2942 3385 3168 3438 virtutes
3209 3393 3335 3438 sunt
3361 3396 3453 3439 r6-

1876 3474 2185 3537 clitudines,
2209 3473 2667 3541 quemadmodum
2711 3473 2842 3528 vitia
2871 3473 3234 3543 obliquitates.

2143 3563 2207 3618 γ.
2242 3565 2296 3620 4.
2331 3563 2397 3618 Ut
2437 3565 2520 3618 det
2556 3564 2880 3632 simplicibus
2916 3563 3187 3616 astutiam.

1947 3653 2048 3721 Qui
2084 3655 2291 3724 ignorat
2319 3670 2510 3726 pravos
2539 3669 2739 3717 mores,
2768 3652 2979 3706 astuliis
2997 3651 3300 3706 succumbit
3325 3665 3448 3720 pra‘

1881 3763 2090 3813 rerum,
2123 3763 2245 3802 cum
2303 3749 2418 3818 ipse
2457 3747 2687 3815 simplex
2728 3753 2781 3800 et
2811 3744 3010 3814 probus
3046 3743 3137 3801 sit.
3182 3745 3258 3797 De
3311 3743 3452 3800 malo

1880 3840 2064 3910 igitur,
2094 3848 2347 3908 tanquam
2381 3838 2961 3908 vituperabili,dicitur
2991 3853 3004 3890 :
3039 3835 3269 3906 Simplex
3286 3837 3452 3892 credit

1879 3934 2020 3986 omni
2051 3933 2279 3988 sermoni
2303 3933 2368 3984 '9.
2392 3932 2683 4001 Propterea
2723 3928 3002 3996 subiunxit
3037 3947 3050 3982 :
3094 3927 3250 4000 ναίει·
3276 3944 3451 3985 autem

1878 4031 2014 4083 venit
2049 4029 2101 4079 in
2131 4022 2569 4100 paenitentiam“,
2603 4023 2703 4077 hoc
2731 4031 3076 4093 est,qunrnin
3110 4031 3308 4076 temere
3332 4037 3452 4077 cre-

1881 4121 2014 4176 didit
2066 4134 2189 4174 eum
2232 4117 2481 4188 pcenitet.
2533 4114 2685 4170 Hanc
2742 4115 3064 4183 pravitatem
3110 4129 3206 4182 per
3250 4115 3452 4181 caphe-

1881 4210 2041 4264 iniam
2065 4208 2354 4280 Apostolus
2391 4207 2526 4262 dixit
2550 4206 2984 4276 simplicitalem,
3017 4205 3269 4274 inquiens
3298 4223 3312 4258 ι
3357 4202 3453 4260 Ve-

1880 4319 1996 4356 reor
2022 4318 2119 4365 ne,
2145 4302 2280 4354 sicut
2319 4315 2529 4366 serpens
2574 4299 2773 4368 decepit
2809 4299 2976 4350 Evam
3013 4299 3068 4350 in
3105 4298 3299 4350 astutia
3330 4313 3447 4363 sua,

1878 4393 1951 4446 sic
1979 4399 2385 4459 corrumpantur
2425 4393 2652 4462 cogitata
2691 4401 2859 4444 vestra
2891 4405 2922 4442 a
2967 4388 3296 4457 simplicitate
3334 4405 3454 4456 quas

213 4486 310 4554 τῆς
327 4491 417 4553 εις
457 4486 565 4541 τὸν
606 4489 882 4556 Χριστόν.
919 4490 1010 4541 Δεῖ
1047 4484 1160 4550 οὖν,
1196 4486 1631 4558 φυλαττομένους
1678 4486 1775 4558 τὴν

1882 4493 1951 4535 est
1979 4482 2032 4535 in
2057 4479 2320 4534 Christum
2339 4481 2403 4533 ³¹.
2422 4479 2643 4547 Oportet
2661 4480 2845 4548 igitur,
2872 4487 2930 4532 ut
2958 4488 3210 4533 caventes
3233 4494 3263 4531 a
3299 4478 3453 4532 nudi-

216 4579 296 4633 τοῦ
325 4577 562 4651 πονηροῦ
592 4579 945 4649 πανουργίαν,
981 4579 1226 4648 γίνεσθαι
1267 4578 1386 4632 καθ’
1418 4578 1641 4642 ἑαυτοὺς
1676 4579 1774 4649 μὲν

1882 4574 1968 4642 gni
2006 4574 2226 4636 astutia,
2255 4573 2426 4626 simus
2457 4571 2509 4624 in
2540 4570 2694 4625 nobis
2727 4571 3038 4626 innocentes
3067 4579 3124 4623 ut
3155 4570 3448 4635 columbae;

219 4670 492 4742 ἀκεραίους
504 4669 580 4733 ὡς
611 4671 667 4723 al
695 4671 1034 4742 περιστεραὶ,
1056 4670 1192 4741 πρὸς
1219 4669 1275 4722 δὲ
1301 4668 1370 4722 τὰ
1401 4668 1778 4723 ἐπιϐουλεύον-

220 4777 280 4816 τα
301 4763 548 4834 φρόνιμοι
576 4762 653 4825 ὡς
685 4763 735 4814 oi.
786 4761 957 4831 δφεις.
1007 4759 1088 4830 Τῇ
1116 4762 1224 4834 γάρ
1258 4762 1451 4829 κακίᾳ,
1481 4761 1632 4832 φησὶ,
1672 4777 1777 4828 νη-

224 4855 448 4918 πιάζετε,
502 4855 635 4921 ταῖς
678 4853 746 4907 δὲ
792 4854 991 4923 φρεσί,
1028 4855 1267 4923 γίνεσθε
1301 4853 1534 4907 τέλειοι.
1582 4853 1646 4905 Ἡ
1675 4871 1778 4904 κα-

1879 4676 2070 4718 contra
2098 4680 2160 4717 ea
2190 4679 2324 4726 _vero
2369 4677 2490 4732 quae
2542 4661 2773 4716 insidias
2814 4669 3050 4727 struunt,
3078 4648 3366 4730 prudentes
3396 4667 3456 4713 ut

1878 4762 2176 4822 serpentes.
2197 4751 2405 4804 Malitia
2431 4752 2597 4812 enim,
2615 4751 2808 4818 inquit,
2823 4751 3135 4817 puerascite,
3152 4761 3318 4803 mente
3336 4765 3454 4802 vero

1881 4853 2038 4896 estote
2076 4842 2290 4911 perfecti
2317 4843 2382 4894 δ’.
2415 4841 2729 4896 lnnoeentia
2777 4841 2940 4910 igitur
2981 4841 3178 4910 duplex
3207 4850 3295 4895 est
3325 4859 3338 4894 :
3376 4841 3456 4893 νίς

227 4945 304 4998 κία
329 4945 437 5016 (97)
464 4939 556 4998 οὖν
582 4945 754 5016 διττή’
785 4943 957 5015 ψεκτὴ
990 4945 1107 5014 μὲν,
1144 4942 1218 5005 ὡς
1259 4941 1490 5012 εἴρηταιο
1524 4937 1777 5010 ἐπαινετὴ

1887 4933 2232 5003 tnpcrabilis,
2254 4943 2313 4987 ut
2352 4934 2552 4988 dictum
2583 4943 2683 4997 est,
2713 4940 2768 4986 et
2806 4931 3115 4999 laudabilis,
3143 4940 3199 4986 ut
3229 4945 3245 4986 :
3270 4931 3380 5002 Ego
3402 4931 3457 4987 in

227 5039 289 5106 δὲ,
311 5040 401 5104 ὡς·
449 5037 597 5110 Ἐγὼ
626 5038 696 5091 ἐν
712 5037 928 5104 ἀκακία
948 5055 1067 5106 μου
1106 5036 1460 5103 ἐπορεύθην.

288 5131 424 5202 Στίχ.
458 5137 518 5184 ε’.
578 5130 632 5181 '0
665 5128 732 5182 δὲ
757 5128 996 5198 νοήμων
1018 5127 1382 5195 κυϐέρνησιν
1406 5125 1710 5191 κτήσεται.

291 5223 391 5294 (98)
423 5222 702 5294 Ἐπείπερ,
726 5219 880 5288 λόγον
906 5218 1066 5287 σοφὸν
1088 5217 1182 5271 ἐὰν
1207 5216 1417 5289 ἀκούσῃ
1444 5217 1782 5286 ἐπιστήμων,

233 5315 410 5370 αἰνέσει
444 5313 624 5380 αὐτὸν,
653 5313 746 5366 καὶ
781 5312 867 5364 ἐπ’
895 5309 1054 5364 αὑτὸν
1087 5310 1408 5381 προσθήσει.
1451 5308 1508 5362 Ὀ
1547 5308 1602 5359 δὲ
1636 5306 1785 5375 γενό-

1881 5026 2176 5079 innocentia
2205 5042 2318 5079 mea
2339 5025 2567 5094 processi
2583 5025 2646 5079 ³³.

1890 5117 1950 5172 ν.
1989 5117 2041 5172 ὃ.
2067 5119 2169 5185 Qui
2194 5128 2366 5170 autem
2393 5117 2661 5188 intelligit,
2699 5117 3127 5189 gubernationem
3153 5117 3454 5188 possidebit.

1954 5210 2088 5264 Nam
2121 5211 2165 5263 si
2192 5225 2495 5264 sermonem
2519 5213 2814 5279 sapientem
2847 5211 3076 5265 audierit
3101 5211 3144 5266 is
3167 5211 3255 5279 qui
3278 5213 3456 5266 scien-

1888 5303 1957 5356 tia
1999 5303 2255 5372 ρτωιιίιιιε
2286 5311 2389 5366 est,
2416 5302 2654 5358 laudabit
2695 5303 2956 5368 illum,et
3001 5305 3070 5362 ad
3109 5303 3258 5361 illum
3307 5303 3456 5374 adji-

239 5425 374 5480 μενος
414 5407 628 5478 νοήμων
667 5406 729 5459 τὸ
760 5403 946 5458 λοιπὸν
983 5403 1277 5474 προσθήσει
1326 5400 1467 5454 κατά
1505 5417 1564 5452 τε
1594 5399 1777 5470 πρᾶξικ

1896 5396 2020 5451 ciet.
2053 5397 2116 5450 Et
2139 5397 2228 5466 qui
2265 5397 2566 5466 intelligens
2593 5396 2816 5452 ellectus
2838 5407 2941 5461 est,
2965 5397 3216 5468 deinceps
3242 5398 3459 5465 adiiciet

291 5501 484 5555 "Psal.
517 5515 671 5559 χχχι,
709 5499 763 5551 5.

239 5586 328 5635 xw,
372 5573 459 5626 20.
539 5571 585 5600 ³³
623 5568 764 5623 Psal.
792 5585 918 5631 xxv,
944 5569 1031 5622 11.

292 5665 391 5737 (95)
425 5665 628 5719 Eadem
661 5681 828 5734 usque
856 5666 922 5719 ad
958 5673 1268 5735 sequentem
1300 5675 1442 5717 vers.
1488 5665 1784 5716 occurrunt

243 5745 280 5790 ct
307 5741 348 5789 in
369 5740 492 5790 rod.
524 5750 660 5788 xxu.

291 5810 385 5880 (9li)
417 5809 474 5862 lu
506 5807 632 5861 cod.
672 5817 779 5856 xxn
805 5844 816 5867 ,
841 5801 924 5871 ἦν.

839 5499 882 5529 ’τ
917 5498 1059 5552 Psal.
1098 5513 1152 5563 Χ,
1187 5499 1241 5552 8.
1315 5497 1362 5528 ³⁸
1387 5495 1544 5550 Prov.
1580 5512 1645 5548 xx
1670 5535 1686 5559 ,
1720 5495 1777 5546 “ll

1882 5496 2288 5561 'Prov.xw,l5.
2320 5495 2364 5526 ³ο
2411 5495 2544 5550 ibid.
2621 5493 2662 5525 ³¹
2699 5493 2739 5547 ll
2787 5494 2914 5552 Cor.
2943 5511 3019 5564 ιι,
3051 5496 3103 5552 ὅ.

3201 5492 3248 5526 ³⁸
3277 5493 3295 5548 Ι
3327 5495 3455 5554 Cor.

1961 5657 2073 5723 (97)
2125 5658 2370 5712 Ἀκακία.

1963 5728 2075 5798 (98)
2112 5729 2256 5784 Idem
2293 5728 2428 5784 etin
2463 5728 2582 5784 cod.
2610 5744 2739 5785 χιιι.
