4012 6340
470 330 595 389 155
1374 307 1931 372 SUPPLEMENTUM
1969 302 2059 360 AD
2094 301 2421 360 omcENts
2454 300 2856 359 EXEGETICA.
3724 294 3831 348 me,

486 449 638 519 juxta
665 442 879 516 praxim
907 448 963 496 et
985 438 1274 504 theoriam,
1305 435 1447 490 unde
1471 442 1619 488 recta
1651 434 2053 498 consequantur
2081 467 2086 477 .

2189 422 2243 474 αὶ
2265 421 2515 491 θεωρίαν,
2556 419 2696 473 ὥστε
2741 419 2831 473 τὸν
2859 417 3009 490 παρὰ
3035 415 3260 470 ταῦτα
3317 408 3579 467 πλοῦτον
3627 428 3825 465 κατευι

490 501 614 609 quae
643 501 769 592 hinc
793 532 1118 604 proveniunt
1143 501 1359 585 divitias.
1392 526 1551 581 Deest
1593 533 1774 578 autem
1804 522 2051 574 humana:

2191 512 2330 566 ῦναι.
2361 512 2548 565 Λείπει
2570 506 2627 565 δὲ
2651 510 2727 582 τῷ
2751 509 3084 582 ἀνθρωπίνῳ
3119 506 3212 577 νῷ
3245 507 3283 577 ἡ
3335 502 3514 575 παρὰ
3544 501 3689 555 Θεοῦ
3729 520 3824 557 κυι-

682 591 923 683 divinum
952 623 1216 692 regimen,
1241 618 1380 688 quod
1416 616 1623 672 habens
1654 612 1958 683 intelligens
1990 623 2054 662 ac

2194 602 2429 673 έρνησις,
2477 602 2543 672 ἢν
2570 600 2707 672 ἔχων
2748 602 2776 653 ὁ
2815 599 3030 672 νοήμων
3053 597 3168 650 καὶ
3237 592 3507 666 προσέτι
3562 591 3735 663 σοφὸς
3758 595 3819 648 οὒ

492 729 751 789 praeterea
786 687 1041 784 sapiens:
1067 727 1171 766 non
1226 687 1461 780 patietur
1514 705 1714 775 aliquid
1750 703 1928 758 triste.
1956 698 2054 754 Vir

2189 693 2402 747 πείσεταί
2447 709 2501 773 τι
2534 691 2723 746 δεινόν.
2767 691 2825 744 '0
2850 688 3084 755 τοιοῦτος
3150 688 3371 742 πλέων
3411 687 3823 757 ἐπιστημόνως

495 778 801 877 huiusmodi
828 778 963 861 scite
989 778 1253 873 navigans
1283 802 1348 854 ad
1374 800 1562 862 Deum,
1597 796 1662 851 ad
1696 803 1905 865 portum
1932 807 2058 863 per-

2189 787 2294 858 πρὸς
2311 786 2402 839 τὸν
2434 785 2584 850 Θεὸν,
2609 785 2701 837 ὲπὶ
2726 783 2817 837 τὸν
2844 782 3037 853 λιμένα
3061 782 3300 854 φθάσει
3354 779 3467 834 τοῦ
3501 778 3823 852 θελήματος

496 871 681 957 veniet
707 897 1001 954 voluntatis
1038 871 1174 963 ejus.
1199 896 1270 947 At
1296 893 1387 962 qui
1436 889 1747 959 huiusmodi
1804 903 1912 943 non
1951 894 2055 947 est,

2189 878 2344 932 ιύτοῦ.
2383 878 2442 930 '0
2480 877 2537 930 δὲ
2571 876 2644 949 μὴ
2663 874 2899 939 τοιοῦτος
2931 874 3123 947 ἢπερὶ
3164 872 3288 944 τὴν
3321 871 3536 925 πίστιν
3569 871 3822 951 ναυαγή-

497 995 584 1050 vel
604 993 746 1048 circa
784 989 942 1044 ﬁdem
992 985 1334 1055 naufragium
1368 982 1552 1048 faciet,
1574 980 1659 1036 vel
1695 979 1840 1035 circa
1885 991 2055 1045 spem,

499 1083 584 1138 vel
636 1081 778 1136 circa
835 1077 1191 1137 charitatem,
1228 1079 1321 1126 aut
1365 1071 1597 1140 aliquam
1636 1083 1701 1123 ex
1748 1065 2056 1120 virtutibus.

499 1172 566 1226 Et
598 1170 686 1239 qui
718 1168 864 1223 circa
914 1165 1036 1219 illas
1069 1163 1411 1233 naufragium
1448 1160 1610 1224 fecit,
1645 1159 1843 1212 merito
1886 1162 2062 1226 potest

497 1260 677 1314 dicere
712 1275 728 1312 :
772 1254 900 1309 Veni
949 1255 1004 1307 in
1053 1253 1446 1322 profunditates
1480 1249 1664 1311 maris,
1704 1257 1751 1302 et
1803 1248 1952 1301 turbo
1975 1248 2064 1301 de-

499 1350 678 1402 mersit
712 1363 794 1400 me
824 1346 889 1400 “.
920 1344 986 1398 Et
1013 1354 1229 1412 oportet
1259 1358 1476 1413 semper
1500 1342 1681 1397 dicere
1710 1356 1725 1391 :
1758 1338 1973 1409 Eripiar
2000 1339 2062 1393 ab

499 1439 738 1494 osoribus
762 1438 909 1500 meis,
931 1444 979 1490 et
1000 1436 1063 1490 de
1083 1434 1360 1505 profundis
1394 1447 1649 1501 aquarum
1661 1429 1728 1483 ³⁸.

2165 989 2267 1034 σει,
2293 971 2326 1042 ἢ
2350 970 2479 1042 περὶ
2501 969 2599 1040 τὴν
2629 967 2834 1033 ἐλπίδα,
2870 967 2903 1038 ἢ
2951 966 3080 1038 περὶ
3126 966 3256 1036 τὴν
3297 964 3583 1034 ἀγάπην,
3629 962 3665 1033 ἦ
3700 980 3825 1019 τινα

2161 1063 2268 1117 τῶν
2297 1062 2525 1135 ἀρετῶν.
2573 1061 2631 1113 Ὀ
2676 1060 2731 1114 δὲ
2763 1059 2890 1131 περὶ
2916 1058 3115 1122 ταύτας
3159 1057 3541 1126 ναυαγήσας
3593 1054 3826 1121 εἰκότως

2167 1154 2232 1208 ἂν
2259 1153 2427 1222 λέγοι·
2470 1149 2693 1209 Ἦλθον
2732 1153 2819 1217 είς
2843 1150 2916 1203 τὰ
2937 1148 3097 1218 ,βάθη
3126 1148 3281 1218 τῆς.
3302 1146 3690 1215 θαλάσσης,
3723 1147 3817 1201 καὶ

2168 1244 2432 1313 καταιγίς
2456 1240 2847 1297 κατεπόντισέ
2865 1257 2961 1311 με.
2985 1242 3093 1294 Καὶ
3109 1239 3213 1292 δεῖ
3249 1237 3467 1306 λέγειν
3517 1237 3636 1290 ἀεί’
3701 1237 3822 1289 Ῥυ-

2169 1336 2383 1404 σθείην
2407 1335 2475 1388 ἐκ
2505 1333 2624 1387 τῶν
2650 1333 2989 1403 μισούντων
3007 1348 3101 1402 με,
3132 1329 3257 1385 καὶ
3295 1330 3381 1383 ἐκ
3416 1327 3556 1384 τῶν
3575 1326 3819 1394 ,βαθέων

2168 1423 2286 1479 τῶν
2328 1422 2577 1480 ὑδάτων.

1149 1525 1421 1594 Ejusdem.

2268 1566 2285 1582 ,
2791 1516 2900 1571 Τοῦ
2925 1516 3128 1571 αὐτοῦ.

510 1620 595 1675 V.‘
636 1619 692 1674 5.
747 1619 848 1685 Qui
878 1628 1054 1673 autem
1084 1617 1351 1684 intelligit,
1389 1615 1585 1686 inquit,
1639 1614 2068 1686 gubernationem

1137 1687 1441 1741 possidebit.

2189 1609 2321 1679 Ετίχ.
2350 1615 2411 1662 ε’.
2452 1609 2505 1662 '0
2541 1607 2610 1662 δὲ
2642 1608 2901 1678 νοήμων,
2937 1609 3089 1680 φησι,
3123 1605 3561 1676 κυϐέρνησιν
3598 1603 3815 1671 κτήσε-

2893 1696 3007 1735 ται.

1172 1705 1441 1742 ossraeau.

514 1779 573 1835 V.
599 1779 652 1833 6.
672 1778 1031 1850 Intelligetque
1047 1705 1376 1847 parabolam,
1397 1788 1445 1831 et
1465 1777 1741 1831 obscurum
1760 1788 2068 1829 sermonm.

2893 1705 3007 1735 ται.

2189 1773 2319 1843 Ξτίχ.
2371 1779 2445 1836 ς’.
2510 1772 2734 1839 Νοήσει
2785 1788 2850 1826 τε
2867 1768 3265 1897 λεὲαραὸολὴν
3312 1766 3431 1822 καί
3480 1766 3813 1821 σκοτεινὸν

2945 1857 3074 1897 γιον.

2945 1857 3074 1910 γιον.

582 1935 893 2005 Spiritualia
946 1935 1093 1991 enim
1137 1933 1507 2002 spiritualibus
1577 1941 1953 2001 comparantur
2007 1930 2072 1982 ³⁸.

2243 1931 2621 2002 Πνευματικὰ
2682 1929 2792 2000 γὰρ
2846 1927 3292 1999 πνευματικοῖς
3371 1927 3804 1997 συγκρίνεται.

510 2025 774 2081 Animalis
798 2035 969 2079 autem
994 2029 1147 2079 homo
1184 2042 1285 2078 non
1310 2025 1522 2093 suscipit
1547 2040 1608 2078 ea
1641 2039 1756 2095 qua:
1777 2033 1896 2077 sunt
1924 2022 2078 2090 spiri-

510 2130 594 2173 tus
632 2118 1014 2173 Dei:stultitia
1045 2119 1186 2172 enim
1224 2126 1302 2171 est
1335 2117 1437 2187 ipsi
1459 2117 1525 2181 '7,
1566 2104 1909 2183 Quazcunque
1930 2116 2075 2169 enim

510 2223 610 2279 per
681 2209 968 2279 parabolas
1035 2218 1114 2270 et.
1159 2210 1424 2264 obscuros
1493 2222 1775 2264 sermones
1844 2204 2078 2275 Spiritus

511 2309 730 2356 sanctus
767 2315 866 2369 per
896 2302 1191 2372 prophetas
1224 2300 1434 2356 locutus
1458 2310 1559 2362 est,
1595 2313 1657 2352 ea
1685 2298 1751 2353 iis
1782 2297 1874 2367 qui
1908 2297 2079 2366 parti-

2182 2026 2444 2095 Ψυχικὸς
2472 2025 2541 2079 δὲ
2564 2023 2870 2092 ἅνθρωπος
2892 2023 2964 2077 οὐ
2993 2020 3240 2090 δέχεται
3270 2021 3356 2075 τὰ
3380 2018 3507 2073 τοῦ
3544 2019 3810 2087 scr-supa-

2174 2134 2277 2183 τος
2307 2117 2412 2171 τοῦ
2454 2114 2629 2170 Θεοῦ*
2660 2114 2850 2184 μωρία
2889 2112 2998 2183 γὰρ
3031 2112 3196 2176 αὑτῷ
3245 2113 3475 2167 ἐστιν.
3519 2111 3670 2165 Ὅσα
3700 2108 3803 2178 γὰρ

2174 2206 2263 2261 διὰ
2285 2206 2605 2278 παραϐολῶν
2631 2204 2725 2259 καὶ
2755 2203 3044 2259 σκοτεινῶν
3061 2203 3248 2272 λόγων
3276 2203 3350 2256 τὸ
3381 2204 3560 2272 ἅγιον
3581 2200 3805 2270 Πνεῦμα

2175 2299 2262 2354 διὰ
2297 2299 2405 2353 τῶν
2430 2299 2723 2370 προφητῶν
2752 2297 3003 2369 ὲλάλησε,
3036 2297 3217 2352 ταῦτα
3254 2298 3389 2361 τοῖς
3423 2297 3694 2367 μετόχοις
3713 2293 3800 2347 καὶ

513 2393 700 2463 cipaut
731 2399 786 2446 et
816 2392 1222 2446 communicant
1249 2390 1474 2458 Spiritui
1513 2397 1702 2443 sancto
1746 2385 1903 2441 facile
1941 2384 2078 2440 [lunt

2189 2393 2451 2454 κοινωνοῖς
2484 2388 2579 2444 τοῦ
2616 2391 2772 2458 ἁγίου
2811 2390 2950 2443 Πνεύ
2959 2407 3126 2461 ματος
3178 2387 3510 2458 εὔγνωστα
3552 2387 3765 2457 γίνεται
3782 2426 3796 2449 ,

510 2492 659 2550 nota,
699 2498 822 2538 cum
851 2482 920 2537 ab
962 2482 1150 2537 eodem
1187 2480 1397 2548 Spiritu
1431 2479 1520 2533 illa
1572 2477 1918 2551 edoceantur.
1977 2475 2080 2541 Qui

514 2575 658 2629 enim
692 2577 932 2644 signatus
962 2589 1066 2627 non
1113 2580 1193 2627 est
1230 2583 1284 2627 et
1322 2571 1586 2641 regimine
1620 2578 1774 2625 caret
1803 2607 1822 2633 ,
1870 2566 2082 2622 divinas

515 2665 827 2734 Scripturas
859 2662 1157 2733 intelligere
1184 2677 1291 2716 non
1321 2661 1486 2715 valet.

621 2752 690 2808 ν.
751 2754 805 2806 7.
844 2751 1175 2821 Principium
1205 2750 1498 2821 sapientiw,
1548 2750 1703 2802 timor
1745 2748 1976 2804 Domini.

586 2844 847 2913 Principii
883 2859 1080 2899 nomen
1120 2842 1359 2898 declarat
1387 2853 1440 2899 et
1467 2842 1740 2905 ducatum,
1769 2850 1827 2894 ut
1860 2840 1913 2895 in
1946 2838 2037 2895 illo
2066 2856 2081 2893 :

520 2932 650 2988 Cum
672 2932 885 3001 justitia
905 2943 1240 3001 praeparatur
1265 2932 1481 2986 thronus
1502 2933 1749 3003 principii
1772 2932 1816 2965 ³⁸
1847 2948 1861 2984 :
1911 2941 1966 2986 ct
1987 2948 2082 2986 ru-

523 3016 1027 3091 dimenta'alicujus
1058 3025 1341 3090 doctrinae,
1382 3034 1440 3077 ut
1482 3025 1535 3078 in
1575 3024 1666 3079 illo
1704 3043 1717 3078 :
1754 3022 2083 3093 Principium

2179 2483 2269 2535 ὑπ’
2302 2481 2464 2535 αὐτοῦ
2507 2482 2602 2535 τοῦ
2644 2482 2959 2553 Πνεύματος
3002 2481 3491 2553 έκδιδασκόμενα.
3557 2479 3794 2552 ’Δσφρά-

2179 2592 2362 2645 γιστος
2397 2575 2506 2648 γὰρ
2549 2576 2643 2629 καὶ
2680 2575 3045 2648 ἀκυϐέρνητος
3067 2573 3168 2639 τὰς
3194 2575 3373 2639 θείας
3409 2572 3655 2646 Γραφάς
3681 2575 3797 2625 ὲπι-

2179 2665 2379 2734 γνῶναι
2403 2666 2462 2720 οὐ
2496 2666 2739 2721 δύναται.

2354 2759 2503 2828 Στίχ.
2537 2758 2600 2823 ζ’.
2643 2757 2821 2827 Ἀρχὴ
2853 2759 3093 2828 σοφίας,
3122 2759 3324 2828 φόϐος
3351 2759 3621 2827 Κυρίου.

2253 2850 2325 2903 Τὸ
2352 2850 2454 2921 τῆς
2483 2851 2656 2922 ἀρχῆς
2686 2852 2857 2923 ὄνομα
2884 2850 3034 2922 δηλοῖ
3060 2851 3155 2905 καὶ
3177 2851 3288 2920 τὴν
3326 2849 3675 2923 ἠγεμονίαν,
3717 2846 3785 2909 ὡς

2183 2944 2239 2995 ὲν
2262 2941 2367 3013 τῷ·
2409 2942 2567 2997 Μετὰ
2588 2942 2985 3010 δικαιοσύνης
3021 2941 3405 3013 ἐτοιμάζεται
3439 2945 3669 3011 θρόνος
3694 2941 3789 3007 ἀρ-

2188 3032 2301 3103 χῆς
2326 3051 2338 3064 ·
2375 3034 2470 3089 καὶ
2505 3035 2605 3105 τήν
2642 3051 2786 3097 τινος
2820 3033 3164 3097 διδασκαλίας
3202 3033 3570 3104 εἰσαγωγήν.
3612 3032 3697 3095 Ὠς
3728 3031 3783 3082 ἐν

520 3115 618 3168 viae
644 3117 811 3178 bona,
842 3115 1017 3184 facere
1040 3131 1159 3184 qua:
1186 3115 1339 3184 justa
1384 3126 1506 3170 sunt
1537 3116 1604 3181 ",
1646 3116 1698 3171 id
1731 3126 1815 3171 est
1849 3117 2075 3172 moralia

2189 3126 2273 3197 εῷ⁶
2306 3125 2474 3196 Ἀρχὴ
2506 3125 2651 3180 ὀδοῦ
2672 3125 2919 3195 ἀγαθῆς,
2943 3124 3133 3179 ποιεῖν
3152 3126 3225 3179 τὰ
3253 3125 3501 3186 δίκαια,
3543 3122 3784 3176 τουτέστι

523 3206 865 3260 documenta.
906 3202 1053 3257 Viam
1101 3215 1280 3257 autem
1338 3205 1533 3260 bonam
1591 3204 1761 3270 dicit,
1819 3205 2083 3261 theoriam

520 3303 642 3360 quae
674 3289 740 3342 ad
767 3288 1089 3358 sapientiam
1128 3287 1299 3343 ducit.
1349 3287 1681 3357 Principium
1721 3296 1805 3344 est
1870 3303 2089 3358 quoque

523 3395 688 3438 causa
734 3379 961 3449 alicujus
1003 3380 1356 3443 exsistentiae,
1420 3387 1479 3433 ut
1526 3379 1578 3433 in
1644 3377 1736 3434 illo
1769 3377 1923 3450 :Ego
1973 3395 2089 3433 sum

523 3470 842 3540 principium
874 3482 925 3523 et
947 3469 1073 3538 ﬁnis
1098 3471 1143 3502 ”
1175 3469 1538 3539 :principium
1568 3467 1805 3538 quidem,
1836 3477 2088 3537 tauquam

524 3562 618 3631 qui
651 3576 774 3617 esse
797 3563 1011 3629 tribuit;
1036 3561 1158 3616 ﬂnis
1183 3575 1335 3626 vero,
1357 3570 1414 3616 ut
1438 3560 1784 3630 perfectionis
1807 3561 2087 3615 motivum.

529 3654 640 3709 Hoc
669 3654 835 3724 igitur
879 3652 998 3708 loco
1032 3653 1356 3723 principium
1450 3663 1535 3708 est
1568 3652 1814 3708 doctrina
1847 3653 2091 3708 introdu—

527 3759 656 3798 cens
684 3746 752 3798 ad
793 3744 1135 3812 sapientiam,
1168 3744 1319 3814 juxta
1358 3744 1450 3798 Dei
1480 3743 1730 3800 timorem
1764 3744 2088 3800 consistens.

530 3832 718 3888 Timor
740 3833 884 3887 enim
916 3833 1006 3900 qui
1036 3835 1217 3901 passio
1253 3835 1472 3902 quidem
1499 3834 1573 3889 sit
1600 3876 1616 3901 ,
1660 3844 1744 3891 est
1768 3835 2092 3890 infortunio-

529 3940 648 3978 rum
669 3924 1021 3992 exspectatio.
1053 3924 1152 3989 Qui
1185 3934 1313 3979 sunt
1340 3926 1394 3978 in
1425 3926 1621 3981 timore
1653 3941 1861 3996 ptume,
1888 3928 2091 3982 evitant

528 4014 876 4083 pravitatem.
897 4012 1081 4082 Neque
1106 4015 1248 4068 hunc
1278 4017 1494 4084 proprie
1522 4017 1615 4070 Dei
1647 4018 1891 4071 timorem
1911 4017 2094 4086 appel-

531 4106 646 4160 lare
675 4114 927 4175 oportet,
959 4105 1063 4159 etsi
1121 4103 1282 4158 afﬁcit
1330 4114 1613 4159 metuentes
1654 4123 1770 4159 eum
1801 4108 1890 4177 qui
1929 4117 2093 4175 potest

531 4206 581 4251 et
612 4196 846 4250 animam
886 4205 933 4250 et
957 4211 1146 4264 corpus
1183 4196 1395 4262 perdere
1435 4196 1491 4248 in
1533 4199 1820 4264 gehennam
1854 4197 1920 4250 εί.
1956 4198 2093 4252 Eum

532 4283 682 4353 ejicit
709 4284 945 4355 perfecta
970 4284 1231 4340 charitas.
1252 4284 1440 4338 Timor
1468 4286 1632 4355 igitur
1668 4284 1762 4339 Dei
1801 4301 1960 4342 verus
2012 4298 2096 4343 est

2187 3218 2256 3274 τὰ
2277 3217 2442 3287 ἠθικά
2474 3217 2836 3288 παιδεύματα.
2883 3218 3029 3272 Ὀδὸν
3056 3217 3113 3271 δὲ
3138 3216 3296 3286 λέγει
3319 3217 3556 3288 ἀγαθὴν
3575 3216 3675 3286 τὴν
3693 3211 3782 3265 ἐπὶ

2190 3309 2377 3380 σοφίαν
2402 3311 2637 3378 ἄγουσαν
2656 3310 2907 3382 θεωρίαν.
2936 3309 3099 3383 Ἀρχὴ
3123 3310 3216 3363 καὶ
3247 3311 3287 3382 ἡ
3306 3310 3465 3374 τινὸς
3499 3306 3781 3379 ὑπάρξεως

2189 3400 2355 3465 αἰτία,
2391 3400 2467 3464 ὡς
2495 3403 2552 3455 ὲν
2582 3399 2691 3470 τῷο
2731 3400 2870 3471 Ἐγώ
2892 3404 3008 3470 εἰμι
3040 3403 3078 3470 ἡ
3111 3400 3269 3469 ἀρχὴ
3325 3402 3433 3456 καὶ
3473 3402 3542 3454 τὸ
3570 3400 3731 3461 τέλος
3760 3411 3773 3423 ’

2190 3492 2331 3564 ἀρχὴ
2367 3493 2462 3563 μὲν
2480 3493 2555 3557 ὡς
2583 3492 2644 3545 τὸ
2673 3486 2811 3546 εἶναι
2837 3492 3030 3557 διδοὺς,
3066 3492 3217 3555 τέλος
3236 3491 3299 3545 δὲ
3332 3492 3417 3557 ὼς
3447 3489 3777 3546 τελειώσεως

2191 3579 2429 3650 ἀφορμή.
2470 3578 2584 3635 Νῦν
2615 3574 2706 3633 οὖν
2738 3580 2903 3650 ἀρχὴ,
2932 3581 2965 3651 ή
3012 3580 3311 3648 εἰσάγουσα
3342 3583 3432 3644 εἰς
3452 3581 3561 3651 τὴν
3593 3575 3774 3645 σοφίαν

2195 3667 2446 3739 μάθησις,
2474 3668 2615 3723 κατά
2634 3669 2723 3724 τὸν
2738 3669 2829 3723 τοῦ
2856 3670 2991 3724 Θεοῦ
3009 3670 3172 3740 φόϐον
3189 3671 3595 3742 συνισταμένη.
3618 3666 3776 3726 Φόϐος

2192 3759 2300 3832 γὰρ
2329 3761 2627 3832 παθητικὸς
2660 3762 2756 3832 μὲν
2796 3761 2983 3819 δεινῶν
3034 3762 3357 3833 προσδοκία.
3402 3761 3772 3832 Ἐγγινὸμενοι

2190 3851 2268 3922 τῷ
2307 3852 2456 3923 φόϐῳ
2496 3853 2767 3916 κολάσεως
2809 3854 3113 3908 ἐκκλίνουσι
3140 3854 3240 3926 τὴν
3289 3855 3524 3910 κακίαν.
3579 3849 3771 3905 Τοῦτον

2192 3941 2313 3995 οὐδὲ
2358 3940 2520 4011 φόϐον
2568 3941 2701 3995 Θεοῦ
2756 3943 2962 4014 κυρίως
3001 3944 3513 4015 προσαγορευτέον,
3575 3944 3625 3995 εί
3682 3937 3767 3992 καί

2194 4031 2423 4086 ἅπτεται
2454 4029 2573 4084 τῶν
2607 4031 2988 4101 φοϐουμένων
3010 4031 3117 4085 τὸν
3140 4031 3491 4103 δυνάμενον
3520 4031 3620 4088 καί
3659 4031 3768 4098 ψυ-

2194 4122 2315 4192 χὴν
2334 4122 2430 4176 καὶ
2453 4121 2624 4192 σῶμα
2651 4120 2945 4177 ἀπολέσαι
2969 4123 3039 4176 ἐν
3059 4121 3289 4193 γεέννῃ.
3328 4126 3429 4178 Ὃν
3456 4121 3707 4178 ἐκϐάλλει
3734 4120 3762 4186 ἡ

2194 4213 2374 4267 τελεία
2399 4215 2606 4287 ἀγάπη.
2621 4214 2755 4268 Θεοῦ
2777 4215 2834 4268 δὲ
2850 4213 3032 4284 φόϐος,
3059 4214 3309 4287 ἀληθὴς-1]
3331 4217 3480 4271 κατά
3497 4212 3765 4284 σεϐασμὸν

2196 4305 2469 4371 εὐλάϐεια,
2495 4306 2611 4360 καθ’
2639 4306 2697 4359 ὃν
2723 4306 2880 4361 θέλει
2903 4323 2986 4369 τις
3003 4307 3237 4375 σφόδρα
3257 4308 3327 4361 ἐν
3345 4309 3481 4375 ταῖς
3496 4303 3764 4368 ἐντολαῖς

534 4376 713 4446 pietas
753 4375 1024 4446 religiosa,
1067 4375 1218 4446 juxta
1259 4391 1423 4445 quam
1466 4376 1778 4447 religionem
1822 4378 1931 4432 vult
1976 4380 2086 4448 quis

2197 4399 2381 4454 αὐτοῦ
2417 4399 2564 4470 πόθῳ
2607 4400 2843 4471 γνησίῳ,
2878 4400 2957 4462 εἰς
3002 4398 3138 4470 ἔργα
3182 4401 3536 4471 μεταϐάλλων
3569 4396 3750 4459 αὐτὰς,

533 4468 857 4522 vehementer
879 4468 933 4520 in
958 4467 1224 4521 mandatis
1253 4467 1367 4537 ejus
1396 4466 1440 4499 δ’
1466 4468 1735 4523 desiderio
1759 4470 1993 4538 sincero,
2027 4473 2094 4529 ad
2126 4459 2170 4513 Ῑ)

535 4574 700 4629 opera
733 4559 982 4628 redigens
1000 4558 1111 4625 illa,
1145 4560 1345 4629 quique
1375 4561 1432 4614 lit
1461 4562 1786 4632 principium
1816 4566 2092 4635 sapientize

534 4650 629 4706 Dei
656 4650 948 4705 secundum
984 4650 1361 4707 initiationcm.
1398 4652 1705 4710 Pleniorem
1747 4658 1945 4712 etenim
1970 4675 2090 4714 eum

536 4742 782 4798 invenies
824 4740 879 4795 in
915 4757 978 4797 eo
1008 4743 1098 4812 qui
1152 4745 1450 4800 secundum
1483 4747 1802 4817 sapientiam
1834 4748 1943 4817 jam
1973 4767 2088 4820 per-

535 4835 707 4891 fectus
741 4843 845 4897 est,
889 4834 955 4890 de
990 4849 1096 4905 quo
1148 4835 1369 4902 dicitur,
1429 4854 1532 4892 non
1580 4855 1693 4894 esse
1741 4842 2092 4909 deﬁcientium

535 4926 836 4981 timentibus
858 4925 1025 4982 Deum
1058 4926 1124 4980 ⁸³.

538 5017 602 5074 ν.
667 5018 720 5072 7.
776 5016 961 5073 Pietas
1005 5028 1176 5071 autem
1207 5019 1267 5072 in
1310 5018 1513 5083 Deum,
1540 5024 1854 5093 principium
1888 5040 2090 5081 sensus.

610 5107 785 5161 Divini
808 5108 1014 5163 scilicet
1049 5123 1262 5173 sensus,
1293 5109 1409 5178 ejus
1436 5110 1525 5176 qui
1558 5120 1641 5165 est
1684 5128 1874 5184 nempe
1902 5131 2095 5172 secun-

538 5196 667 5251 dum
700 5198 1010 5254 interiorem
1051 5200 1321 5272 hominem
1357 5214 1373 5253 :
1409 5204 1705 5258 secundum
1746 5221 1903 5276 quem
1950 5210 2095 5266 vide-

540 5304 658 5342 mus
683 5288 854 5342 lucem
887 5305 1070 5344 veram
1094 5329 1109 5353 ,
1146 5300 1203 5343 et
1244 5291 1492 5345 audimus
1524 5304 1733 5350 secreta
1769 5301 2012 5367 oracula,
2043 5311 2098 5357 et

538 5377 810 5432 nutrimus
858 5391 998 5447 pane
1043 5378 1185 5443 vitae,
1233 5389 1287 5432 et
1335 5379 1724 5450 participamus
1790 5385 2096 5457 fragrantizc

610 5559 823 5616 “Psal.
877 5561 1144 5622 uvm,‘5.
1247 5562 1293 5595 ³⁸
1338 5563 1467 5617 ibid.
1531 5567 1616 5622 15.

1721 5568 1764 5600 ³⁸
1800 5568 1817 5623 l
1854 5570 1979 5625 Cor.
2019 5587 2080 5634 ll,
2146 5571 2232 5625 15.
2329 5566 2370 5598 ³⁷
2404 5566 2534 5620 ibid.
2599 5566 2683 5621 11.

2200 4495 2292 4546 καὶ
2331 4494 2472 4564 ἀρχὴ
2525 4492 2715 4562 σοφίας
2758 4492 2893 4547 Θεοῦ
2946 4494 3226 4565 γινόμενος
3285 4497 3406 4548 κατ’
3435 4488 3754 4560 εἰσαγωγήν-

2199 4585 2573 4658 Πληρέστατον
2602 4586 2707 4659 γὰρ
2739 4585 2924 4639 τοῦτον
2952 4587 3199 4657 εὑρήσεις
3226 4589 3283 4640 ὲν
3308 4587 3386 4658 τῷ
3409 4586 3554 4641 κατά
3575 4582 3756 4652 σοφίαν

2197 4678 2595 4751 τετελεσμένῳ,
2639 4678 2759 4733 καθ’
2786 4679 2843 4733 ὃν
2875 4678 3088 4746 λέγεται
3109 4718 3125 4739 ,
3144 4678 3232 4749 μὴ
3273 4675 3426 4735 εἶναι
3461 4676 3756 4746 ὑστέρημα

2200 4770 2321 4838 τοῖς
2341 4770 2731 4841 φοϐουμένοις
2755 4772 2861 4826 τὸν
2887 4773 3050 4826 Θεόν.

3080 4856 3097 4889 \

2200 5017 2345 5088 Στίχ.
2377 5017 2440 5082 ζ’.
2477 5015 2764 5072 Εὐσέϐεια
2800 5016 2867 5069 δὲ
2903 5017 2989 5082 εἰς
3028 5015 3191 5082 Θεὸν,
3219 5014 3375 5085 ἀρχὴ
3406 5010 3745 5077 αἰσθήσεως·

2273 5111 2384 5181 Τῆς
2407 5108 2558 5172 θείας
2587 5108 2909 5180 αἰσθήσεως,
2939 5108 3039 5178 τῆς
3063 5107 3203 5162 κατὰ
3218 5108 3309 5162 τὸν
3324 5108 3430 5162 έσω
3457 5104 3740 5175 ἀνθρωπυνν

2205 5202 2327 5258 καθ’
2352 5204 2417 5274 ἢν
2451 5203 2589 5256 ὀσῶν
2639 5202 2748 5272 (99)
2786 5201 2884 5272 μὲν
2929 5200 2992 5254 τὸ
3042 5201 3157 5270 φῶς
3212 5201 3271 5254 τὸ
3325 5197 3603 5271 ἀληθινὸν,
3660 5189 3743 5244 καὶ

2205 5296 2474 5367 ἀκούομεν
2501 5295 2611 5348 τῶν
2639 5293 3035 5365 κεκρυμμένων
3065 5293 3257 5362 λογίων
3277 5333 3291 5357 ,
3329 5292 3422 5346 καὶ
3453 5280 3737 5359 τρεφόμεθα

2200 5390 2289 5445 τὸν
2327 5391 2489 5462 ἄρτον
2530 5390 2628 5461 τῆς
2661 5389 2833 5462 ζωῆς,
2878 5384 3385 5460 ἀντιλαμϐανόμεθά
3423 5399 3479 5435 τε
3533 5373 3740 5434 εὐωδίας

2793 5567 2835 5599 ³⁸
2889 5566 3043 5623 Prov.
3103 5581 3215 5630 XVI,
3272 5562 3353 5616 12.
3453 5559 3493 5592 ³⁸
3537 5552 3651 5611 ibid.
3679 5545 3730 5606 5.

548 5629 593 5664 "°
613 5632 775 5703 Apoc.
800 5647 840 5687 I.
876 5631 928 5684 8.
1004 5630 1047 5662 “
1074 5630 1258 5687 Matth.
1294 5651 1346 5702 x,
1380 5633 1467 5689 28.
1546 5637 1747 5694 "Psal.
1786 5656 1892 5703 CXI,
1930 5643 1973 5696 Ι.
2056 5629 2086 5673 θ

2189 5639 2271 5695 tal.
2304 5653 2494 5703 χχχιιι,
2519 5637 2603 5690 10.

609 5743 719 5816 (99)
763 5746 817 5797 Ὁ
825 5743 1020 5815 ρῶμεν.
