4012 6340
279 371 382 423 {37

1499 366 1757 423 FRAGM.
1800 363 1863 419 IN
1899 362 2306 423 PROVERBiA.

3379 364 3478 419 158

273 483 539 557 Χριστοῦ,
572 488 665 541 καὶ
698 486 973 558 ἁπτόμεθα
1000 484 1094 538 τοῦ
1116 483 1271 552 λόγου
1301 484 1402 552 τῆς
1428 482 1593 552 ζωῆς.
1619 481 1797 551 Ταύτη

1931 481 2159 541 Christi,
2192 490 2247 532 et
2310 478 2617 549 attingimus
2668 479 2884 533 verbum
2943 478 3083 532 vitae.
3149 476 3477 545 Principium

266 576 413 648 ἀρχὴ
443 578 541 648 τῆς
569 580 882 650 αἰσθήσεως,
902 581 933 649 ἡ
955 578 1087 648 πρὸς
1116 576 1245 630 Θεὸν
1274 575 1804 667 εὐσέϐειαηουτέρτι

1931 569 2089 635 hujus
2114 584 2330 633 sensus,
2391 578 2470 624 est
2508 570 2680 637 pietas
2718 568 2769 622 in
2811 568 2997 635 Deum,
3055 583 3244 635 nempe
3295 568 3481 620 incon-

266 671 367 722 ἀτί
389 671 486 739 (ι).

1929 676 2100 714 ειιεεα.

264 757 415 828 Στίχ.
447 765 495 828 η’
531 759 641 825 Υἱὲ,
668 760 887 826 νόμους
902 756 1002 828 (2)7
1030 758 1414 828 :racpdcoov,
1432 756 1529 809 καὶ
1558 753 1643 823 μὴ
1671 752 1804 807 ἁπώ

1930 750 1993 802 ν.
2032 752 2087 805 8.
2152 750 2328 814 Audi,
2371 751 2487 828 ﬁli,_
2530 751 2667 828 leges
2714 753 2877 819 patris
2902 754 3016 828 _tui,
3046 769 3202 822 neque
3239 752 3475 820 repudies

651 832 764 896 σθη
800 827 1055 897 θεσμοὺς
1079 827 1300 895 μητρός
1325 842 1457 878 σου.

338 918 549 990 Πατρὸς
580 919 675 991 μὲν
699 918 964 988 ἀκούομεν
988 917 1305 988 λόγους,τῆς
1333 916 1553 986 Γραφῆς
1571 934 1584 947 ο
1624 913 1825 985 μητρὸς

265 1010 323 1063 δὲ
353 1009 450 1072 τὰς
482 1010 755 1082 ἀγράφους
781 1008 1105 1080 παραδόσεις
1132 1006 1233 1076 τῆς
1276 1005 1615 1076 Ἐκκλησίας·
1644 1006 1822 1056 ὁποῖον

265 1102 329 1153 τὸ
344 1101 616 1173 νηστεύειν
641 1103 697 1154 ὲν
716 1100 1105 1171 παρασκευαῖς,
1132 1096 1223 1149 καὶ
1238 1096 1641 1166 ἓτερατοιαῦτα.
1662 1096 1821 1147 Ὥστε

269 1195 431 1264 φησί·
476 1192 572 1261 Μὴ
606 1192 799 1246 πάντα
839 1190 975 1245 θέλε
1023 1188 1137 1243 ἀπὸ
1192 1187 1537 1257 γραμμάτων
1562 1187 1815 1240 ἀκούειν.

272 1285 423 1336 Ἐστι
445 1284 501 1337 δὲ
525 1284 618 1336 καὶ
651 1284 774 1346 τοὺς
799 1281 1058 1350 φυσικοὺς
1081 1282 1219 1333 νοεῖν
1242 1280 1497 1350 πατέρας,
1529 1279 1560 1349 ἢ
1589 1280 1819 1342 καὶτοὺς

266 1376 662 1446 πνευματικοὺς
712 1378 854 1427 νοεῖν
893 1372 1262 1434 διδασκάλους.
1308 1372 1416 1424 Καὶ
1465 1371 1573 1441 γὰρ
1617 1370 1818 1424 τούτων

270 1466 447 1536 μήτηρ
477 1467 510 1535 ἡ
552 1464 866 1535 Ἐκκλησία.

264 1556 407 1625 Στίχ.
448 1556 512 1611 θ’.
537 1556 841 1625 Στέφανον
868 1556 976 1624 γὰρ
1003 1554 1256 1623 χαρίτων
1275 1552 1419 1621 δέξῃ
1457 1551 1541 1619 σῇ
1566 1551 1816 1623 κορυφῇ.

345 1647 497 1701 Ἀλλά
534 1647 627 1700 καὶ
659 1647 842 1719 χάρισι
867 1646 999 1699 Θεοῦ
1027 1645 1245 1709 πολλαῖς
1277 1644 1578 1714 σωζόμεθα.

896 1738 1049 1790 ΚΕΦ.
1092 1738 1165 1788 A'.

325 1830 472 1900 Στίχ.
507 1836 603 1883 κε’.
626 1832 687 1882 Ol
712 1828 1004 1897 ὀφθαλμοί
1024 1843 1139 1881 σου
1170 1828 1311 1895 ὀρθὰ
1323 1827 1737 1891 βλεπέτωσαν.

336 1920 506 1991 Ὀρθά
538 1920 733 1991 ὁρῶσιν
785 1920 833 1971 οἱ
869 1918 1157 1989 λογισμοὺς
1206 1918 1418 1988 ἔχοντες
1448 1917 1672 1981 ἀπαθεῖς
1721 1917 1814 1970 καὶ

239 2011 498 2082 δόγματα
530 2010 719 2080 ἀληθῆ.
757 2011 872 2062 Ὄτ⁹
908 2009 973 2062 ἂν
1026 2009 1185 2083 λέγῃ·
1238 2011 1303 2062 Ol
1359 2010 1649 2077 ὀφθαλμοί
1687 2022 1802 2061 σου

238 2101 400 2169 ὀρθὰ
417 2098 834 2165 βλεπέτωσαν,
867 2098 963 2169 τὴν
992 2100 1177 2169 ὅρασιν
1208 2098 1354 2169 δηλοῖ
1367 2099 1466 2168 τῆς
1492 2098 1684 2168 ψυχῆς.
1708 2100 1816 2151 Καὶ

233 2193 325 2245 ὅτ’
368 2192 437 2244 ἂν
468 2189 887 2261 παραινῇιφάγε
912 2190 1069 2258 μέλι,
1090 2188 1196 2253 υἱὲ,
1221 2190 1320 2242 ἵνα
1335 2189 1642 2259 γλυκανθῇ
1673 2191 1817 2243 ὁλά-

227 2282 405 2350 ρυγξ
428 2297 560 2343 σου,
583 2282 698 2352 μέλι
714 2281 982 2350 τροπικῶς
998 2282 1093 2352 τὴν
1117 2281 1265 2335 θείαν
1279 2281 1425 2350 λέγει
1453 2282 1810 2345 διδασκαλίαν,

230 2376 374 2444 ἥτις
401 2373 499 2444 τὴν
533 2373 906 2444 πνευματικὴν
928 2372 1240 2443 καταρτίζει
1278 2372 1495 2440 γνῶσιν.
1534 2372 1689 2424 Ἀλλά
1719 2375 1810 2427 καὶ

227 2467 473 2519 ἅπτεται
506 2464 679 2534 ψυχῆς
708 2466 742 2530 ἡ
772 2464 958 2533 σοφία’
1005 2464 1311 2532 Ἐράσθητι
1341 2463 1447 2534 γὰρ
1467 2462 1674 2531 αὐτῆς,
1711 2465 1810 2518 ἵνα

226 2570 308 2607 σε
335 2553 677 2623 παραλάϐῃ.
714 2555 869 2625 Ψυχὴ
895 2554 973 2618 δὲ,
1003 2555 1089 2607 διὰ
1113 2554 1446 2625 περιπλοκῆς
1477 2555 1639 2625 σοφίᾳ
1679 2556 1809 2608 ἐνω-

229 2645 415 2709 θεῖσα,
453 2644 723 2716 άγιασμοῦ
752 2644 1051 2717 πληροῦται
1078 2646 1169 2698 καὶ
1202 2636 1584 2717 καθαρότητος.
1609 2648 1726 2699 Ἔτι
1743 2665 1807 2716 γε

231 2739 345 2809 μὴν
377 2738 488 2791 τῶν
518 2737 749 2808 Χριστοῦ
774 2738 957 2810 μύρων
980 2741 1012 2810 ἡ
1043 2739 1141 2809 τῆς
1169 2738 1342 2809 ψυχῆς
1358 2739 1806 2812 ἀντιλαμϐάνεται

227 2828 521 2901 ὄσφρησις.

885 2921 1041 2973 ΚΕΦ.
1086 2922 1161 2974 E'.

231 3011 386 3081 Στξχ.
422 3018 493 3079 γ’.
526 3010 621 3078 Μὴ
655 3013 914 3079 πρόσεχε
947 3012 1148 3080 φαύλῃ
1186 3012 1421 3081 γυναικί
1443 3028 1456 3042 ⁸
1506 3012 1645 3081 μέλι
1696 3013 1805 3081 γὰρ

486 3080 803 3140 ἀποστάζει
830 3081 946 3135 ἀπὸ
982 3080 1230 3151 χειλέων
1259 3080 1560 3151 γυναικός.

2322 822 2719 874 constitutiones
2759 822 2939 874 aratris
2972 834 3091 875 luat.

1998 911 2172 966 Patris
2214 912 2428 981 quidem
2458 913 2601 982 leges
2632 914 2899 977 audimus,
2927 912 3211 981 Scripturae
3240 927 3428 982 nempe
3453 932 3468 968 :

1925 1005 2114 1060 matris
2166 1020 2326 1072 vero,
2382 1020 2485 1059 non
2545 1006 2777 1074 scriptas
2825 1004 3137 1058 traditiones
3184 1005 3471 1068 Ecclesiae;

1923 1095 2219 1164 cujusmodi
2244 1107 2325 1151 est
2352 1097 2596 1167 jeiunare
2613 1098 2780 1152 sextis
2796 1096 2966 1161 feriis,
2991 1102 3044 1148 et
3075 1094 3175 1147 alia
3201 1095 3464 1164 huiusmo-

1922 1187 1993 1241 di.
2033 1186 2182 1243 Unde
2214 1190 2346 1243 dicit
2381 1208 2394 1243 :
2434 1187 2560 1241 Noli
2598 1192 2773 1242 omnia
2803 1206 2833 1240 a
2865 1186 3051 1239 litteris
3096 1186 3296 1238 audire.
3326 1186 3471 1239 Licet

1919 1288 1973 1331 et
2001 1280 2275 1335 naturales
2305 1281 2617 1351 intelligere
2654 1290 2855 1348 patres,
2882 1278 2965 1331 vel
2996 1277 3290 1347 intelligere
3317 1277 3471 1345 spiri-

1922 1370 2090 1427 tuales
2113 1372 2381 1427 doctores.
2409 1371 2609 1426 Horum
2636 1383 2717 1425 est
2743 1371 2885 1433 enim
2910 1380 3081 1424 mater
3109 1366 3365 1422 Beclesia.

1920 1546 1988 1599 ν.
2035 1547 2087 1602 9.
2138 1549 2397 1603 Coronam
2425 1550 2561 1603 enim
2595 1551 2880 1619 gratiarum
2907 1549 3127 1618 accipies
3164 1558 3255 1602 tuo
3289 1546 3469 1617 capiti.

1992 1636 2092 1692 Sed
2128 1639 2270 1693 enim
2305 1641 2487 1709 gratiis
2510 1639 2599 1693 Dei
2634 1640 2812 1694 multis
2834 1639 3119 1694 salvamur.

2540 1731 2692 1789 CAP.
2730 1732 2814 1787 IV.

2130 1821 2188 1878 ν.
2246 1821 2338 1876 25.
2406 1822 2558 1875 Oculi
2613 1826 3257 1901 tuiﬁrectaaspictunto.

1988 1914 2151 1969 Recta
2178 1914 2482 1981 aspiciunt,
2528 1915 2618 1983 qui
2659 1899 3007 1984 cogitationes
3040 1899 3466 1987 liahent'nequa»

1916 2020 2076 2073 quam
2117 2006 2457 2073 passionihus
2501 2006 2780 2072 obnoxias,
2837 2019 2886 2062 et
2938 2012 3149 2064 veracia
3193 2011 3461 2081 dogmata.

1917 2096 2143 2162 Quando
2163 2098 2316 2161 dicit,
2338 2097 2488 2151 Oculi
2510 2100 2587 2149 tui
2612 2109 2752 2151 recta
2772 2101 3080 2167 aspiciunto,
3101 2102 3270 2156 visum
3292 2104 3463 2156 innuit

1916 2191 2127 2245 animae.
2149 2189 2215 2244 Et
2236 2190 2450 2258 quando
2479 2189 2968 2245 hortatur:Comede
2992 2194 3111 2256 mel,
3141 2194 3239 2260 ﬁli,
3259 2206 3311 2246 ut
3339 2195 3463 2247 dul-

1914 2292 2124 2335 coretur
2145 2290 2332 2350 guttur
2362 2293 2505 2335 tuum
2541 2281 2620 2346 δὴ
2674 2280 2777 2334 mel
2805 2270 3027 2352 ﬁgurate
3061 2285 3191 2338 dicit
3230 2286 3463 2339 divinam

1914 2368 2232 2434 doctrinam,
2277 2384 2398 2438 quae
2475 2368 2819 2439 Spiritualem
2872 2373 3144 2448 componit
3196 2376 3461 2429 notitiam.

1913 2458 2292 2514 Verumtamen
2322 2460 2483 2517 allicit
2514 2480 2733 2533 quoque
2758 2468 2990 2520 animam
3031 2467 3291 2535 sapientia
3326 2485 3340 2521 :
3374 2468 3467 2522 Di-

1908 2552 2010 2619 lige
2047 2551 2189 2604 enim
2222 2550 2391 2617 illam,
2424 2564 2479 2605 ut
2516 2565 2565 2606 te
2588 2568 2823 2609 assumat
2852 2557 2918 2611 δυ.
2944 2557 3137 2610 Anima
3160 2567 3339 2611 autem
3373 2574 3466 2626 per

1907 2642 2331 2710 complexionem
2356 2644 2636 2711 sapientia:
2656 2648 2822 2711 unita,
2847 2647 3273 2703 sanctiﬁcatione
3295 2648 3466 2714 reple—

1910 2743 1997 2789 tur
2026 2744 2078 2789 et
2107 2736 2360 2805 puritate.
2390 2736 2582 2790 Adhuc
2616 2747 2794 2795 tamen
2840 2750 3233 2811 unguentorum
3262 2739 3460 2795 Christi

1905 2828 2158 2884 olfactum
2189 2831 2382 2886 animae
2405 2848 2597 2887 sensus
2613 2834 2861 2903 percipit.

2549 2924 2698 2979 CAP.
2756 2925 2822 2980 V.

1907 3013 1973 3069 V.
2029 3015 2083 3068 5.
2129 3016 2210 3069 Ne
2240 3016 2479 3069 attendas
2502 3017 2654 3069 mala:
2675 3018 2924 3070 mulieri:
2950 3019 3051 3071 mel
3078 3035 3213 3071 enim
3233 3018 3397 3072 stillat
3427 3037 3460 3072 a

2467 3088 2625 3139 labiis
2654 3087 2905 3142 mulieris.

301 3173 396 3244 Μὴ
420 3174 650 3245 πρόσεχε
677 3174 925 3245 ἀπατηλῇ
955 3174 1284 3246 διδασκαλίᾳ,
1322 3174 1409 3228 διὰ
1441 3174 1538 3244 τῆς
1565 3192 1795 3246 χρηστο-

1975 3173 2053 3229 Ne
2092 3178 2340 3232 attendas
2368 3177 2657 3233 seductrici
2688 3179 2967 3245 doctrinae,
3000 3194 3096 3249 per
3129 3179 3263 3234 bella
3297 3180 3458 3234 verba

232 3266 422 3334 λογίας
461 3265 804 3335 δελεαζούσῃ.

233 3356 382 3427 Στεχ.
415 3356 478 3408 δ’.
503 3357 795 3427 ”Υστερον
815 3354 1018 3427 μέντοι
1046 3357 1392 3427 αζικρότερον
1414 3356 1598 3426 χολῆς
1616 3358 1798 3427 ,εὑρήι

301 3425 456 3492 decc,
490 3425 587 3478 καὶ
618 3425 994 3494 ἠκονημένον
1017 3425 1256 3493 μᾶλλον
1276 3425 1572 3496 μαχαίρας
1600 3426 1799 3481 διστό-

298 3515 439 3565 μου.

304 3590 597 3659 Μάχαιραν
618 3587 765 3656 λέγει
796 3587 895 3658 τὴν
923 3586 1210 3657 τιμωρίαν,
1251 3587 1391 3640 κατά
1412 3588 1501 3639 τό·
1539 3592 1799 3656 Τραυμα-

237 3681 347 3733 τίαι
377 3680 677 3749 μαχαίρας
703 3697 820 3749 μου
851 3678 990 3732 ἐστέ
1015 3696 1027 3707 ·
1068 3679 1102 3747 ἢ
1131 3677 1225 3748 τὴν
1259 3678 1458 3748 κρίσιν,
1491 3680 1612 3748 ἥτις
1656 3681 1798 3732 ἐστὶν

236 3771 307 3834 ὠς
343 3772 588 3842 μάχαιρα
620 3769 768 3834 ὀξεῖα
813 3768 1152 3842 ἐξερευνῶσα
1180 3768 1249 3821 τὰ
1284 3769 1505 3839 κρυπτά
1543 3771 1640 3841 τῆς
1667 3788 1800 3843 καρ-

239 3859 372 3922 δίας.
1014 3846 1031 3861 ⁴
1436 3870 1439 3873 ’

238 3951 378 4020 Στίχ.
415 3947 489 4013 ς’.
526 3948 822 4017 Σεραλεραὶ
862 3948 929 4001 δὲ
963 3952 1022 4002 al
1058 3949 1262 4018 τροχαὶ
1292 3949 1513 4017 αὐτῆς,
1544 3950 1643 4003 καὶ
1688 3953 1797 4005 οὐκ

824 4020 1165 4088 εὐγνωστοι.

301 4114 574 4186 Σφαλεραὶ
592 4115 648 4167 αἱ
668 4113 857 4184 τροχαὶ
884 4112 1073 4180 αὐτῆς,
1100 4113 1190 4164 καὶ
1208 4112 1308 4166 ούκ
1332 4111 1642 4180 εὔγνωστοι,
1661 4114 1795 4166 διότι

236 4207 333 4259 ἀπὸ
349 4207 535 4267 κακῶν
558 4208 637 4268 εἰς
660 4203 803 4258 κακά
827 4202 1218 4274 ἀνακυλιομένη
1249 4206 1312 4255 ὲκ
1331 4204 1428 4274 τῆς
1452 4206 1666 4276 μακρᾶς
1688 4206 1794 4259 τῶν

236 4297 563 4367 ἀγαπώντων
590 4296 757 4366 αὐτὴν
786 4294 1069 4366 συνηθείας
1089 4312 1102 4324 ⁸
1134 4295 1375 4366 σφαλερὰ
1401 4291 1551 4360 οὖσα,
1578 4297 1671 4349 καὶ
1698 4298 1793 4367 τῆς

239 4390 504 4461 βασιλείας
529 4389 635 4441 τῶν
661 4387 900 4459 οὐρανῶν
925 4386 1322 4457 ἀποστεροῦσα,
1355 4388 1449 4440 καὶ
1472 4389 1551 4450 εἰς
1571 4388 1793 4456 γέενναν

237 4484 688 4554 παραπέμπουσα.

1900 3267 2180 3322 inescanti.

1902 3357 1966 3414 V.
2017 3358 2072 3412 4.
2126 3357 2320 3413 Postea
2353 3370 2524 3413 tamen
2562 3362 2796 3415 amarius
2824 3362 2949 3429 quid
2973 3361 3092 3429 felle
3113 3364 3338 3417 invenies
3359 3402 3375 3428 ,
3411 3374 3458 3416 et

2130 3440 2342 3482 acutum
2378 3430 2545 3499 magis
2584 3446 2741 3499 quam
2772 3432 2979 3500 gladius
3020 3448 3225 3499 anceps.

1976 3584 2225 3639 Gladium
2274 3586 2405 3659 dicit
2469 3600 2716 3653 pinnam;
2763 3585 2914 3653 juxta
2977 3585 3144 3640 illud:
3187 3584 3455 3637 Vulnerati

1902 3672 2068 3741 gladii
2102 3674 2201 3727 mei
2242 3675 2365 3726 estis
2398 3673 2465 3729 ⁸⁸.
2530 3672 2621 3725 Vel
2660 3672 2940 3740 judicium,
2992 3674 3136 3739 quod
3185 3683 3267 3728 est
3321 3673 3460 3727 sicut

1902 3765 2115 3834 gladius
2140 3773 2329 3819 acutus
2358 3764 2679 3833 perquirens
2707 3762 2916 3818 occulta
2951 3763 3149 3820 cordis.

1902 3943 1965 3998 V.
1996 3944 2049 3999 6.
2084 3943 2329 3997 Fallaces
2358 3952 2527 3997 autem
2554 3944 2736 3998 orbita:
2762 3944 2925 4011 illius,
2952 3954 3000 4000 et
3028 3962 3146 4017 qua:
3177 3962 3278 3999 non
3303 3945 3460 4013 facile

2537 4027 2783 4068 noscantu
2794 4032 2834 4067 Υ.

1976 4103 2222 4158 Fallaces
2245 4103 2432 4159 orbita:
2466 4103 2630 4170 illius,
2675 4116 2729 4159 ct
2770 4121 2888 4173 qua:
2920 4122 3024 4160 non
3051 4106 3204 4161 facile
3230 4123 3458 4163 noscan-

1900 4210 2003 4262 tur,
2039 4206 2321 4274 propterea
2363 4199 2505 4267 qnod
2536 4214 2565 4251 a
2598 4199 2753 4253 malis
2781 4199 2832 4252 in
2864 4198 3001 4253 mala
3037 4200 3348 4254 devolvatur
3388 4216 3455 4255 ex

1899 4294 2052 4364 longa
2088 4294 2388 4347 amantium
2445 4307 2563 4345 eam
2613 4292 3026 4347 consuetudine.
3077 4291 3262 4345 Fallax
3292 4302 3454 4346 estet

1895 4400 2059 4455 regno
2104 4386 2369 4441 cazlorum
2410 4385 2623 4454 privat,
2673 4392 2726 4439 et
2760 4385 2811 4435 in
2843 4386 3145 4453 gehennam
3191 4384 3449 4438 detrudit.

238 4579 372 4649 Σιίχ.
415 4584 503 4630 ια’.
520 4576 727 4631 Ἠνίκα
753 4574 829 4627 ἂν
853 4570 1238 4649 κατατριϐὧσι
1276 4569 1496 4638 σάρκες
1518 4571 1788 4641 σώματός

1908 4565 1959 4619 ν.
2011 4565 2097 4619 il.
2153 4564 2374 4630 Quando
2430 4571 2773 4616 conterantur
2817 4577 2999 4614 carnes
3062 4560 3294 4629 corporis
3353 4561 3450 4613 tui.

931 4657 1069 4697 σου.

296 4742 390 4797 Διά
415 4740 509 4794 τοῦ
547 4737 936 4809 κατατριϐἦναι
975 4734 1072 4797 τάς
1105 4733 1333 4804 σάρκας,
1372 4734 1469 4805 τὴν
1492 4735 1786 4787 ἀκολασίαν

241 4834 393 4903 δηλοῖ,
429 4831 633 4903 φθοράν
661 4846 780 4884 τινα
812 4823 995 4881 οὖσαν.
1025 4824 1121 4877 Διά
1148 4826 1203 4877 δὲ
1226 4824 1334 4877 τῶν
1362 4826 1565 4879 κακιῶν
1595 4828 1643 4878 οἱ
1669 4827 1791 4879 πολ-

241 4925 307 4978 λοὶ
328 4923 707 4993 κατατρίϐουσι
727 4920 823 4982 τὰς
846 4916 938 4971 τοῦ
955 4916 1189 4989 Χριστοῦ
1217 4918 1441 4988 σάρκας,
1465 4920 1557 4972 καὶ
1572 4936 1632 4972 το
1653 4915 1790 4989 αἷμα

244 5017 694 5076 καταναλίσκουσι,
730 5012 904 5066 κοινὸν
923 5010 1053 5064 αὐτὸ
1078 5010 1437 5080 ἡγησάμενοι.

282 5108 415 5178 Στίχ.
451 5107 527 5159 ιδ’.
566 5106 706 5172 Παρ’
730 5104 935 5172 ὀλίγον
955 5102 1247 5171 ἐγενόμην
1275 5101 1345 5153 ἐν
1370 5101 1546 5153 παντὶ
1578 5101 1754 5167 κακῷ.

300 5200 436 5267 Παρ⁹
460 5197 669 5266 ὀλίγον
696 5195 1005 5264 ἐγενόμην.
1030 5186 1138 5244 Ἦν
1161 5192 1247 5243 ὅτε
1270 5192 1369 5243 ούκ
1397 5187 1465 5259 ἦν
1493 5193 1676 5255 κακία,
1699 5194 1791 5245 καὶ

245 5289 374 5342 ἔσται
401 5290 487 5341 ὅτε
514 5289 614 5340 οὐκ
640 5286 811 5338 ἔσται.
845 5284 957 5335 Ούκ
986 5278 1051 5353 ἦν
1090 5282 1167 5349 δὲ,
1223 5284 1313 5335 ὅτε
1363 5282 1463 5333 οὐκ
1493 5277 1560 5352 ἦν
1603 5284 1788 5355 ἀρετὴ,

245 5381 344 5433 οὐδὲ
372 5380 519 5431 ἔσται
550 5379 640 5430 ὅτε
671 5378 771 5429 οὐκ
798 5374 970 5427 ἔσται.
999 5372 1383 5439 Ἀνεξάλειπτα
1401 5371 1509 5443 γὰρ
1536 5372 1604 5425 τὰ
1627 5373 1792 5444 σπέρ-

250 5490 371 5542 ματα
402 5472 499 5542 τῆς
521 5470 743 5540 ἀρετῆς.
769 5467 951 5519 Πείθει
973 5466 1029 5518 δέ
1058 5484 1123 5536 με
1155 5466 1248 5518 καὶ
1281 5457 1435 5527 οὗτος
1458 5482 1470 5494 ·
1501 5468 1642 5533 Παρ⁹
1670 5466 1791 5519 ὀλί-

246 5581 351 5631 γον,
386 5565 481 5616 καὶ
508 5566 621 5617 οὐκ
641 5562 709 5614 ἐν
734 5560 909 5613 παντὶ
932 5560 1090 5625 κακῷ
1120 5558 1374 5630 γεγονώς
1398 5577 1409 5588 ·
1452 5560 1545 5612 καὶ
1571 5561 1599 5612 ό
1632 5560 1791 5613 πλού-

299 5664 339 5691 ⁵⁸
361 5658 516 5713 Prov.
557 5672 708 5717 xxnv,
742 5657 824 5709 15.
900 5655 947 5685 ’⁵⁸
986 5656 1140 5709 Prov.
1174 5672 1249 5720 Iv,
1276 5654 1328 5707 6.

300 5756 362 5823 (i)
386 5754 553 5809 Forte
593 5751 897 5823 ἀτίνακτος.

1968 4722 2069 4775 Per
2105 4722 2350 4776 carnium
2378 4720 2757 4773 contritionem
2790 4719 3257 4789 intemperantiam
3286 4720 3453 4773 deno-

1901 4825 1997 4879 tat,
2029 4830 2146 4881 quae
2177 4823 2260 4869 est
2283 4812 2528 4881 quaedam
2558 4813 2855 4878 corruptio.
2887 4812 2990 4866 Per
3020 4814 3246 4866 crimina
3278 4821 3453 4866 autem

1897 4907 2111 4975 quidam
2161 4910 2456 4959 conterunt
2513 4901 2716 4955 Christi
2770 4918 2992 4969 carnes,
3038 4908 3094 4957 et
3141 4903 3451 4971 sanguinem

1898 5000 2209 5064 absumunt,
2250 4996 2535 5066 profanum
2568 4995 2739 5063 ipsum
2762 4996 3107 5049 arbitrantes.

2091 5091 2151 5143 V.
2195 5090 2283 5142 M.
2320 5087 2707 5156 Propemodum
2744 5086 2820 5156 fui
2857 5088 2910 5140 in
2945 5086 3085 5139 omni
3113 5085 3270 5137 malo.

1974 5180 2363 5249 Propemodum
2414 5180 2514 5250 fui.
2558 5180 2861 5247 Aliquando
2908 5178 3095 5230 vitium
3158 5194 3263 5231 non
3315 5190 3452 5245 erat,

1899 5275 2249 5341 futurumque
2290 5280 2373 5325 est
2405 5281 2461 5325 ut
2495 5288 2604 5327 non
2656 5274 2739 5327 sit.
2770 5269 3081 5340 'Nunquant
3112 5285 3238 5324 vero
3284 5269 3454 5327 virtus

1899 5369 2148 5431 nonfuit,
2181 5382 2278 5422 ncc
2309 5368 2549 5422 futurum
2578 5375 2662 5419 est
2696 5376 2754 5419 ut
2790 5365 3012 5418 nonsit.
3052 5363 3269 5417 Semina
3301 5376 3450 5416 nam-

1899 5478 2002 5531 que
2035 5461 2245 5515 virtutis
2277 5462 2441 5515 deleri
2484 5476 2585 5515 non
2618 5470 2861 5529 possunt.
2886 5458 3179 5512 Persuadet
3207 5468 3333 5506 vero
3369 5469 3453 5505 me

1895 5556 2072 5611 ctiste
2102 5573 2115 5609 :
2156 5551 2573 5624 Propemodum,
2606 5562 2653 5608 et
2698 5569 2800 5607 non
2834 5552 2887 5605 in
2929 5552 3067 5606 omni
3096 5548 3235 5603 malo
3259 5545 3353 5615 lui.
3388 5543 3453 5598 Et

1404 5655 1448 5686 "
1478 5654 1718 5724 Sophon.
1754 5672 1817 5723 IL,
1844 5658 1927 5711 12,

300 5819 361 5899 (2)
392 5827 553 5881 Deest
597 5823 779 5876 ἄκουε.
826 5822 939 5877 Mox
996 5827 1203 5880 videtur
1256 5824 1535 5894 legendum
1570 5819 1763 5894 ἀπώπῃ
1800 5845 1804 5870 ‹

1908 5839 1919 5877 t
1948 5820 2067 5877 cod.
2096 5820 2246 5874 Alex.
