4012 6340
537 379 674 445 «165

1425 391 1976 449 SUPPLEMENTUM
2008 392 2101 445 AD
2131 375 2452 450 OlilGENlS
2488 389 2896 452 EXEGETICA.

3694 400 3786 457 Nil

467 507 475 516 '
545 507 722 562 sibilia
755 509 968 578 respicit
998 525 1016 577 ;
1047 509 1241 575 oratio,
1271 511 1433 566 verba
1467 522 1517 566 et
1541 512 1893 584 cogitationes
1918 532 1932 579 ;
1959 518 2081 568 men

2210 513 2315 567 τῶν
2346 515 2603 586 ῥημάτων
2649 517 2743 569 καὶ
2766 515 2874 569 τῶν
2905 517 3216 587 νοημάτων·
3250 518 3281 569 ὁ
3320 517 3381 570 δὲ
3433 516 3578 583 νοῦς,
3605 519 3792 594 Θεωρία

543 602 802 674 denique,
833 605 886 659 in
931 604 1378 661 intellectualibus
1413 607 1576 662 rebus
1601 617 1868 665 versatur.

616 692 639 725 ³
665 693 818 751 Sicut
859 711 1011 751 mens
1045 711 1137 766 per
1163 711 1352 752 sensus
1376 697 1443 751 ad
1481 698 1761 753 sensibilia
1788 699 2101 765 intenditur,

547 785 618 840 ita
643 787 806 841 etiam
835 801 932 856 per
956 787 1180 841 virtutes
1207 787 1591 843 intellectualia
1616 790 1887 845 observat.
1904 791 2100 858 Quam-

546 879 732 934 obrem
777 894 962 934 sensus
1011 893 1223 950 quoque
1255 879 1537 935 continere
1567 880 1852 948 rationem,
1887 885 2103 952 sapiens

545 969 797 1028 Salomon
820 986 916 1026 nos
939 972 1113 1027 docet.

610 1058 633 1088 ⁸
659 1058 758 1123 Qui
793 1059 1087 1129 nequitiam
1127 1061 1348 1126 habent,
1377 1070 1642 1130 quatenus
1674 1064 1903 1135 improbi
1951 1075 2099 1130 sunt,

541 1148 859 1216 sapientiam
887 1161 1246 1218 aspernantur
1278 1171 1289 1206 :
1318 1163 1371 1206 et
1401 1155 1528 1222 quia
1561 1157 1753 1209 timore
1781 1168 1987 1221 carent,
2011 1160 2100 1226 qui

540 1253 731 1295 sensus
754 1241 969 1296 initium
1017 1245 1167 1309 facit,
1200 1245 1403 1301 idcirco
1428 1247 1560 1302 fatui
1593 1258 1718 1302 sunt
1743 1260 1796 1304 et
1824 1250 2101 1319 sapientia!

539 1342 956 1403 contemptores.
993 1334 1134 1401 Quid
1196 1335 1268 1389 ita
1294 1337 1317 1390 ’ί
1341 1339 1463 1406 quia
1502 1354 1677 1408 neque
1709 1349 1896 1410 agunt,
1927 1355 2101 1410 neque

540 1422 870 1494 intelligunt.
902 1425 1164 1495 Quisquis
1192 1427 1336 1481 enim
1384 1430 1523 1484 male
1579 1432 1723 1501 agit,
1759 1431 1931 1486 lucem
1965 1433 2097 1487 odit.

539 1515 726 1586 Neque
754 1533 846 1573 eos
868 1521 1086 1589 propria
1117 1532 1306 1575 natura
1366 1523 1711 1588 dehonestat,
1737 1524 1828 1578 sed
1863 1525 2096 1593 ipsorum

538 1609 776 1667 inscitia.
808 1608 1190 1668 Verumtamen:
1230 1613 1302 1683 pii
1337 1613 1584 1668 homines
1614 1616 1949 1684 disciplinam
1986 1631 2100 1670 am-

538 1699 866 1768 plectuntur,
902 1710 958 1755 ut
986 1705 1242 1760 mundato
1266 1707 1445 1760 animo
1475 1708 1744 1777 excipiant
1783 1707 1956 1773 illam,
1981 1723 2098 1780 quae

539 1791 594 1846 in
627 1791 930 1847 malivolam
985 1796 1218 1850 animam
1259 1812 1364 1851 non
1399 1798 1721 1868 ingreditur,
1753 1800 2094 1869 sapientiam.

537 1881 728 1950 Secus,
765 1887 856 1955 qui
885 1886 978 1941 Dei
1020 1889 1210 1946 timore
1260 1901 1468 1954 carent,
1501 1899 1591 1960 qui
1646 1905 1840 1948 sensus
1883 1894 2091 1948 initium

538 1980 688 2044 facit,
715 1995 888 2046 neque
913 1983 1233 2051 sapientiam
1275 1997 1450 2054 neque
1486 1985 1823 2054 disciplinam
1853 1988 2092 2056 sapiunt,

531 2071 627 2125 sed
655 2081 939 2144 utramque
969 2086 1330 2144 aspernantur
1360 2090 1373 2133 :
1401 2077 1544 2133 velut
1565 2078 1639 2132 illi
1665 2079 1755 2148 qui
1793 2078 1956 2135 Vetus
1991 2081 2093 2135 Te-

529 2167 852 2214 stamentum
888 2176 992 2216 non
1011 2160 1325 2227 admittunt,
1351 2173 1406 2217 ct
1428 2163 1736 2220 Creatorem
1760 2167 2093 2222 crudelitatis

526 2247 866 2306 insimulant.

511 2385 520 2415 ,
597 2343 618 2374 ⁸
650 2341 801 2399 Sicut
845 2355 1030 2400 vertex
1072 2355 1128 2400 et
1170 2347 1366 2401 collum
1414 2347 1503 2402 hic
1550 2348 1768 2404 denotat
1815 2359 2087 2416 mentem,

522 2436 593 2491 ita
625 2438 790 2491 etiam
841 2452 1042 2493 corona
1090 2447 1145 2492 et
1191 2450 1414 2508 torques
1462 2439 1768 2509 signiﬁcant
1815 2442 1918 2496 hoc
1972 2443 2089 2498 loco

519 2529 824 2585 scientiam.
852 2529 1004 2585 Solet
1030 2531 1173 2584 enim
1220 2530 1452 2598 Spiritus
1499 2541 1720 2586 sanctus
1761 2532 1945 2588 multis
1992 2549 2090 2588 no-

517 2621 753 2676 minibus
790 2619 1080 2689 indigitare
1127 2619 1291 2674 Deum
1332 2631 1385 2674 et
1433 2621 1654 2691 angelos
1685 2621 1820 2692 ejus,
1852 2633 2102 2691 mentem,

517 2727 579 2766 ac
628 2713 901 2773 virtutem,
935 2711 1215 2767 scientiam
1246 2721 1301 2767 et
1339 2713 1733 2782 insipientiam,
1791 2715 2083 2782 malitiam,

517 2801 805 2870 ipsumque
834 2801 1107 2856 diabolum
1131 2817 1252 2857 cum
1281 2803 1482 2872 angelis
1506 2803 1638 2872 ejus.
1664 2804 1818 2859 Haud
1849 2821 1976 2861 vero
2008 2817 2086 2860 te-

516 2907 665 2947 mere
686 2893 900 2947 nomina
923 2894 1174 2963 imponit,
1207 2902 1265 2948 ut
1298 2895 1514 2964 quidam
1541 2897 1852 2951 existimant
1871 2899 1991 2957 ;sed
2017 2913 2080 2952 ea

516 2985 848 3039 diversarum
872 2987 1253 3076 ‘operationum
1283 2998 1409 3042 sunt
1441 2989 1636 3043 indicia
1669 3007 1684 3043 :
1724 2991 1832 3044 Deo
1864 2992 2078 3060 quidem

512 3090 609 3145 per
637 3077 858 3144 angelos
904 3078 956 3131 in
1003 3078 1158 3133 nobis
1197 3088 1495 3147 operante;
1535 3089 1587 3134 et
1630 3080 1784 3134 nobis
1819 3082 1870 3136 in
1904 3096 1968 3136 eo
2002 3082 2079 3135 vi-

513 3167 712 3233 cissim,
737 3169 1046 3238 pariterque
1068 3169 1281 3225 diabolo
1310 3184 1438 3240 erga
1470 3185 1568 3226 nos
1594 3182 1806 3242 agente.

579 3345 602 3377 ⁸
627 3345 691 3401 Hi
719 3357 845 3402 sunt
876 3347 1311 3406 adversariorum
1346 3352 1682 3417 cohaeredes,
1716 3352 1805 3421 qui
1830 3354 2071 3407 eamdem

505 3449 628 3489 cum
651 3436 779 3506 ipsis
803 3439 1130 3508 participant
1154 3440 1572 3510 improbitatem.
1597 3441 1889 3497 Commune
1911 3457 2073 3510 porro

506 3536 612 3593 est,
647 3529 788 3596 quod
821 3545 925 3582 non
975 3539 1058 3584 est
1092 3532 1250 3586 unius
1302 3532 1418 3586 Dei.
1455 3534 1837 3588 Animadverte
1894 3544 2071 3589 autem

507 3621 848 3676 concordiam
880 3622 1179 3692 improbam
1206 3635 1260 3680 et
1286 3628 1593 3683 exitiosam.

574 3715 594 3744 ⁷
629 3714 763 3768 Rete
808 3725 888 3769 est
933 3728 1135 3771 aeterna
1170 3732 1352 3787 ptena,
1389 3728 1443 3772 et
1474 3718 1623 3773 varia
1665 3721 1873 3789 punitio
1899 3734 2016 3790 quae
2041 3736 2068 3772 a

500 3805 642 3874 justo
671 3804 850 3872 judice
885 3808 1110 3876 impuris
1149 3811 1432 3865 animabus
1480 3811 1797 3881 imponitur,
1824 3821 1884 3865 ut
1933 3811 2070 3865 male

503 3906 646 3952 nata:
681 3898 776 3952 alae
797 3899 1108 3966 perdantur.
1145 3898 1265 3952 .lam
1305 3917 1434 3956 vero
1459 3904 1672 3970 pennati
1704 3918 1803 3958 nos
1827 3903 2070 3957 homines

505 3985 751 4050 dicimur,
799 3987 924 4055 quia
958 3988 1174 4042 volandi
1231 3989 1455 4055 viribus,
1506 3991 1766 4060 siquidem
1821 3991 2066 4058 velimus,

502 4078 709 4148 praediti
742 4093 948 4132 sumus.

575 4169 596 4199 ⁸
625 4169 840 4222 Exitqu
870 4184 1014 4222 nunc
1061 4169 1296 4238 appellat
1324 4169 1692 4239 egredientem
1724 4186 1751 4223 a
1787 4171 1986 4225 malitia
2016 4181 2070 4225 et

502 4259 807 4328 insipientia
839 4260 1094 4312 animam.
1131 4259 1224 4312 llle
1258 4269 1437 4314 autem
1480 4269 1562 4314 est
1601 4259 1831 4313 ﬁliorum
1856 4260 2068 4314 lsraelis

501 4354 698 4420 exitus,
724 4355 814 4422 qui
847 4355 905 4408 lit
937 4365 1058 4423 post
1087 4355 1323 4424 genesim
1361 4371 1427 4408 ex
1463 4356 1672 4424 judicio
1714 4355 1806 4410 Dei
1848 4370 1912 4409 ac
1951 4370 2066 4407 ma-

502 4446 742 4514 gisterio.
771 4445 887 4500 Jam
916 4446 1085 4514 ipsam
1108 4446 1341 4498 animam
1372 4447 1502 4501 dicit
1535 4447 1769 4516 plateam
1798 4462 1811 4499 :
1850 4465 1868 4498 ι
1897 4440 2080 4500 Dilala'

2213 605 2319 658 τῶν
2353 606 2576 677 νοητῶν.

2277 699 2484 772 Ὥσπερ
2521 698 2608 751 διὰ
2652 698 2758 752 τῶν
2799 699 3099 771 αἰσθήσεων
3135 703 3166 754 ὁ
3203 701 3337 765 νοῦς
3365 703 3653 758 ἐπιϐάλλει
3691 711 3792 770 τοῖς

2205 790 2495 860 αἰσθητοῖς,
2556 789 2696 843 οὕτω
2745 793 2837 844 καὶ
2868 790 2954 845 διά
2985 791 3090 845 τῶν
3138 793 3368 863 ἀρετῶν
3417 794 3708 847 ἐποπτεύει
3733 797 3794 849 τὰ

2204 882 2384 953 νοητά·
2417 882 2605 953 διόπερ
2638 883 2731 935 καὶ
2766 882 3069 954 αἰσθήσεως
3100 883 3279 936 αὑτὸν
3315 884 3479 954 λόγον
3512 885 3725 956 ἐπέχειν
3771 891 3796 940 ὁ

2205 972 2364 1041 σοφὸς
2389 971 2637 1041 Σολομὼν
2660 974 2805 1044 ἡμᾶς
2835 973 3092 1029 διδάσκει.

2273 1057 2333 1115 Oi
2373 1063 2636 1132 κτώμενοι
2689 1064 2908 1129 κακίαν,
2954 1064 3033 1135 τῷ
3071 1065 3243 1118 κακοὶ
3289 1059 3796 1132 εἶναιαὲξουδενοῦσι

2205 1155 2413 1222 σοφίαν·
2439 1157 2532 1209 καὶ
2567 1155 2640 1226 μὴ
2674 1155 2887 1225 ἔχοντες
2919 1157 3078 1226 φόϐον
3099 1158 3198 1211 τὸν
3233 1157 3510 1211 ποιοῦντα
3530 1158 3698 1230 ἀρχὴν
3721 1163 3796 1213 αί-

2203 1246 2463 1317 σθήσεως,
2494 1248 2872 1318 ἀναισθητοῦσι
2908 1251 3000 1303 καὶ
3029 1249 3380 1314 ἐξουδενοῦσι
3411 1251 3627 1319 σοφίαν·
3660 1253 3792 1317 πῶςς

2200 1333 2276 1405 τῷ
2310 1337 2384 1406 μὴ
2419 1338 2672 1408 πράττειν
2709 1339 2841 1410 μηδὲ
2869 1340 3124 1410 μετιέναι·
3183 1343 3304 1403 πᾶς
3335 1340 3453 1410 γὰρ
3478 1344 3507 1394 ὁ
3527 1341 3597 1394 τὰ
3630 1342 3792 1410 φαῦλα

2201 1427 2473 1499 πράττων,
2521 1434 2666 1500 μισεῖ
2695 1431 2754 1484 τὸ
2808 1431 2944 1500 φῶς·
2980 1431 3092 1485 ἀλλ’
3124 1432 3190 1485 οὐ
3246 1432 3408 1504 παρά
3469 1433 3571 1504 τὴν
3603 1434 3792 1488 οἰκείαν

2201 1519 2359 1586 φύσιν
2390 1521 2733 1590 ἁτιμάζεται,
2775 1522 2909 1576 ἀλλά
2948 1522 3096 1594 παρά
3136 1524 3244 1594 τὴν
3293 1523 3534 1577 ἐκείνων
3560 1526 3786 1592 ἄγνοιαν·

2200 1611 2313 1664 ἀλλ’
2339 1614 2387 1664 οἱ
2421 1613 2660 1677 εὐσεϐεῖς
2692 1614 2968 1685 αἱροῦνται
2997 1614 3093 1684 τὴν
3126 1616 3419 1681 παιδείαν,
3456 1615 3549 1668 ἵνα
3579 1615 3674 1687 τὴν
3700 1617 3788 1686 ψυ-

2201 1702 2298 1773 χὴν
2323 1703 2702 1775 καθαρθέντες,
2739 1705 3076 1769 εἰσδέξωνται
3097 1706 3200 1776 τὴν
3224 1709 3312 1770 είς
3341 1707 3679 1777 κακότεχνον
3699 1708 3788 1778 ψυ-

2201 1795 2302 1866 χὴν
2329 1794 2400 1866 μὴ
2434 1796 2700 1849 εἰσιοῦσαν
2725 1797 2931 1865 σοφίαν·
2950 1800 2998 1850 οἱ
3014 1797 3069 1850 δὲ
3093 1797 3167 1869 μὴ
3207 1797 3441 1868 ἔχοντες
3465 1799 3782 1868 φόϐονΘεοῦ,

2198 1889 2287 1941 τὸν
2308 1888 2559 1941 ποιοῦντα
2583 1888 2754 1960 ἀρχὴν
2793 1889 3112 1959 αἰσθήσεως,
3147 1891 3561 1960 ἀναισθητοῦσι
3607 1891 3786 1959 σοφίας

2194 1981 2286 2033 καὶ
2319 1981 2581 2044 παιδείας,
2613 1983 2705 2033 καὶ
2742 1981 3108 2044 ἐξουθενοῦσιν
3151 1982 3461 2054 ἀμφότερα
3645 1983 3716 2046 ὡς
3739 1983 3780 2035 oi

2191 2071 2287 2142 τὴν
2303 2070 2541 2124 Παλαιὰν
2561 2071 2634 2142 μὴ
2649 2071 2939 2142 δεχόμενοι,
2955 2072 3046 2125 καὶ
3060 2072 3150 2125 τὸν
3171 2075 3250 2145 Δη
3262 2075 3538 2146 μιουργὸν
3555 2074 3629 2138 ὡς
3645 2074 3780 2145 ὠμὸν

2190 2163 2578 2229 διαϐάλλοντες.

2265 2343 2472 2414 Ὥσπερ
2493 2346 2525 2414 ἡ
2551 2343 2758 2416 κορυφὴ
2789 2345 2880 2397 καὶ
2908 2343 3220 2416 ὁτράχηλος
3246 2344 3411 2415 δηλοῖ
3441 2341 3673 2396 ἐνταῦθα
3691 2337 3777 2396 τὸν

2188 2434 2330 2499 νοῦν,
2362 2434 2502 2488 οῦτω
2527 2437 2618 2489 καὶ
2645 2439 2672 2489 ὁ
2707 2437 2967 2506 στέφανος
2999 2439 3091 2491 καὶ
3123 2440 3150 2492 ὁ
3178 2438 3371 2500 κλοιὸς
3414 2435 3652 2488 ἐνταῦθα
3681 2450 3766 2503 ση-

2191 2527 2370 2597 μαίνει
2415 2527 2514 2597 τὴν
2543 2527 2760 2596 γνῶσιν·
2796 2527 2931 2600 αῦτη
2966 2529 3074 2601 γὰρ
3106 2532 3138 2602 ἡ
3177 2530 3454 2600 συνήθεια
3483 2526 3580 2580 τοῦ
3610 2525 3768 2579 Πνεύ-

2191 2635 2354 2689 ματος
2386 2617 2479 2670 τοῦ
2510 2618 2684 2688 ἁγίου,
2726 2619 2937 2683 πολλοῖς
2965 2620 3224 2690 ὀνόμασιν
3250 2620 3517 2690 ὠνόμασε
3547 2617 3767 2671 τὸνθεόν

2184 2726 2244 2762 τε
2278 2709 2372 2762 καὶ
2415 2711 2540 2773 τοὺς
2586 2709 2849 2779 ἀγγέλους
2891 2711 3074 2776 αὐτοῦ,
3119 2712 3214 2765 καὶ
3246 2712 3342 2766 τὸν
3378 2711 3529 2776 νοῦν,
3566 2709 3654 2763 καὶ
3677 2709 3766 2779 τὴν

2184 2800 2402 2872 ἀρετὴν,
2434 2802 2527 2855 καὶ⁵
2555 2801 2651 2873 τὴν
2678 2802 2899 2872 γνῶσιν,
2930 2803 3022 2856 καὶ
3063 2803 3160 2874 τὴν
3190 2804 3503 2871 ἀγνωσίαν,
3540 2802 3633 2855 καὶ
3674 2799 3762 2868 τὴν

2184 2894 2398 2959 κακίαν,
2453 2896 2545 2948 καὶ
2578 2895 2740 2948 αὑτὸν
2777 2895 2865 2948 τὸν
2906 2894 3146 2948 διάϐολον
3201 2895 3302 2948 καὶ
3337 2897 3470 2957 τοὺς
3511 2892 3761 2961 ἀγγέλους

2181 2983 2363 3036 αὐτοῦ·
2413 2984 2734 3054 οὐχ’ἀπλῶς
2774 2986 2831 3039 δὲ
2879 2985 3057 3057 τίθησι
3092 2983 3160 3048 τά
3199 2985 3472 3055 ὀνόματα,
3519 2983 3594 3046 ὥς
3628 2996 3758 3064 τινες

2181 3076 2399 3132 οἴονται·
2445 3078 2713 3148 διαφόρων
2747 3080 3034 3149 ἐνεργειῶν
3063 3079 3167 3130 είσὶ
3194 3078 3587 3149 γνωρίσματα·
3635 3069 3756 3126 Θεοῦ

2102 3209 2142 3265 C
2181 3167 2236 3219 δὲ
2263 3168 2350 3221 διὰ
2380 3169 2486 3222 τῶν
2517 3169 2762 3237 ἀγγέλων
2805 3171 2932 3239 ἡμῖν
2962 3167 3342 3240 ἐνεργοῦντος,
3372 3170 3472 3222 καὶ
3501 3165 3654 3238 ἡμῶν
3703 3165 3754 3214 ἐν

2177 3259 2342 3329 αὐτῷ,
2373 3260 2642 3330 δαιμόνων
2662 3278 2721 3313 τε
2751 3261 2887 3331 πρὸς
2922 3262 3087 3331 ἡμᾶς.

2247 3346 2406 3405 υῦτοι
2432 3353 2635 3421 συγκλη
2645 3354 2854 3423 ρονόμοι
2876 3355 2982 3406 τῶν
2999 3354 3393 3423 ἀντικειμένων
3413 3353 3574 3414 εἰσὶν,
3597 3346 3642 3402 οἱ
3661 3345 3752 3415 τῆς

2174 3445 2338 3514 αὐτῆς
2354 3445 2535 3508 αὐτοῖς
2556 3445 2749 3508 κακίας
2770 3446 2970 3516 μεταλα
2979 3445 3302 3516 μϐάνοντες·
3323 3446 3509 3498 κοινὸν
3524 3443 3583 3496 δέ
3598 3445 3750 3500 ἐστιν,

2173 3538 2200 3589 ὃ
2231 3539 2302 3610 μὴ
2332 3538 2424 3590 τοῦ
2459 3538 2575 3601 ἑνός
2618 3540 2733 3590 ἐστι
2769 3537 2862 3590 τοῦ
2904 3539 3056 3592 Θεοῦ·
3117 3543 3216 3614 ὅρα
3261 3541 3331 3594 δὲ
3384 3539 3635 3610 ὁμόνοιαν
3667 3549 3753 3586 πο-

2173 3628 2344 3699 νηρὰν
2367 3628 2458 3680 καὶ
2490 3627 2729 3699 ὄλεθρον.

2241 3720 2461 3774 Δίκτυόν
2495 3723 2610 3774 ἐστι
2650 3722 2867 3786 κόλασις
2909 3722 3142 3789 αἰώνιος,
3183 3723 3278 3776 καὶ
3324 3719 3651 3791 πολυσχιδὴς
3679 3732 3750 3768 τι-

2175 3813 2351 3884 μωρία
2405 3813 2557 3883 παρὰ
2612 3814 2704 3867 τοῦ
2751 3815 2956 3867 δικαίου
3019 3813 3204 3884 κριτοῦ
3250 3811 3384 3876 ταῖς
3431 3810 3747 3878 ἀκαθάρτῡις

2171 3905 2551 3976 προσαγομένη
2583 3905 2777 3975 ψυχαῖς
2803 3906 2889 3958 ἐπ’
2916 3906 3158 3977 ἀπωλείᾳ
3184 3905 3291 3958 τῶν
3333 3904 3524 3966 κακῶς
3555 3897 3742 3967 ἐκφύνο

2169 4012 2277 4047 των
2306 3995 2538 4065 πτερῶν·
2572 3994 2825 4066 πτερωτά
2859 3996 2933 4059 δὲ,
2970 3999 3130 4067 ἡμεῖς
3159 3998 3206 4048 οἱ
3237 3996 3525 4067 ἄνθρωποι
3558 3992 3608 4044 οἱ
3657 3987 3742 4041 δύ-

2170 4102 2329 4154 ναμιν
2359 4086 2450 4138 ἐὰν
2480 4085 2719 4156 θέλωμεν
2759 4086 2970 4156 ἔχοντες
2993 4087 3086 4138 τοῦ
3112 4087 3446 4157 ἀναπτῆναι.

2241 4175 2454 4241 Ἔξοδον
2499 4176 2592 4230 νῦν
2639 4177 2890 4248 ὀνομάζει
2929 4179 3026 4249 τὴν
3081 4177 3403 4244 ἐξελθοῦσαν
3432 4174 3610 4245 ψυχὴν
3641 4168 3740 4224 ἀπὸ

2168 4265 2362 4328 κακίας
2379 4267 2470 4319 καὶ
2495 4267 2782 4335 ἀγνωσίας·
2808 4268 3025 4339 τοιαύτη
3056 4268 3110 4320 δὲ
3139 4267 3313 4331 ἔξοδος
3343 4267 3454 4320 τῶν
3479 4263 3608 4317 υἱῶν
3648 4259 3738 4311 Ἰσ-

2172 4355 2325 4426 ραὴλ,
2368 4358 2400 4426 ἡ
2441 4358 2575 4428 μετά
2608 4358 2705 4429 τὴν
2735 4360 2798 4410 ἐκ
2840 4359 2940 4428 τῆς
2974 4359 3204 4430 κρίσεως
3234 4357 3326 4409 τοῦ
3370 4356 3509 4410 Θεοῦ
3540 4352 3634 4406 καὶ
3663 4349 3736 4402 διο

2166 4447 2460 4511 δασκαλίας
2490 4450 2703 4516 γένεσιν
2729 4454 3001 4518 γεγονυῖα·
3027 4450 3122 4520 τὴν
3159 4447 3323 4519 αὐτὴν
3354 4449 3412 4502 δὲ
3447 4445 3622 4517 ψυχὴν
3646 4437 3734 4493 καὶ

500 4538 664 4599 enim,
700 4537 874 4606 inquit
905 4537 1207 4606 Scriptura,
1233 4551 1294 4591 os
1325 4549 1494 4604 tuum,
1527 4549 1575 4592 et
1609 4539 1838 4608 implebo
1863 4538 2008 4591 illud.
2040 4557 2058 4588 ι

2189 4541 2426 4595 τλατεῖαν
2455 4541 2600 4610 λέγει
2621 4559 2634 4572 ·
2661 4561 2678 4591 ι
2701 4543 2974 4596 Πλάτυνον
2999 4541 3126 4611 γὰρ,
3155 4541 3307 4610 φησὶ,
3330 4541 3393 4593 τὸ
3429 4539 3601 4609 στόμα
3622 4549 3728 4592 σου,

506 4647 525 4679 ι
545 4628 610 4682 Et
625 4643 718 4684 vos
741 4645 954 4698 quoque
968 4629 1289 4693 dilatamini,
1313 4648 1331 4680 ι
1353 4630 1426 4683 ait
1443 4631 1492 4683 in
1519 4631 1750 4684 secunda
1773 4631 1840 4683 ad
1865 4629 2056 4685 Corin-

500 4722 641 4776 thios
673 4722 886 4776 Paulus.
922 4722 985 4775 Et
1012 4725 1078 4777 ab
1104 4725 1284 4776 anima
1339 4722 1576 4791 quidem,
1617 4737 1739 4791 quae
1763 4722 1836 4775 ita
1865 4721 2057 4785 evasit,

499 4813 800 4868 celebratur
829 4816 1113 4884 sapientia,
1144 4825 1198 4869 et
1229 4816 1283 4868 in
1313 4825 1452 4870 terra
1495 4816 1786 4870 virtutibus
1819 4815 2056 4882 spatiosa

500 4906 830 4960 conﬁdenter
856 4905 1015 4976 degit.
1046 4907 1300 4962 Summos
1327 4917 1504 4962 autem
1535 4923 1718 4962 muros
1741 4907 1868 4960 dicit
1893 4907 2059 4976 ipsius

503 5010 763 5052 summam
798 5013 828 5052 a
872 4995 1252 5067 cupiditatibus
1302 4999 1786 5068 tranquillitatem:
1817 4999 2058 5066 quando-

502 5088 714 5154 quidem
763 5092 853 5157 qui
905 5092 1079 5159 legem
1127 5089 1394 5162 diligunt,
1445 5106 1654 5142 murum
1688 5090 1790 5144 sibi
1827 5091 2058 5143 circum-

502 5177 976 5245 dant.Cujusmodi
1007 5181 1143 5234 muri
1169 5182 1342 5249 gratia
1373 5190 1620 5249 precatur
1647 5181 1809 5234 David
1833 5181 2051 5252 dicens;

2163 4631 2253 4683 καὶ
2265 4629 2369 4700 πλη
2378 4629 2534 4700 ρώσω
2549 4631 2692 4684 αὐτό·
2710 4651 2727 4681 ι
2737 4633 2828 4684 καὶ
2845 4648 2866 4683 ι
2879 4629 3229 4700 πλατύνθητε,
3247 4631 3399 4700 φησὶ,
3421 4630 3514 4682 καὶ
3525 4626 3674 4696 ὑμεῖς
3682 4659 3695 4683 ν
3708 4638 3722 4667 ’

2163 4723 2220 4774 ἐν
2251 4723 2315 4791 τῇ
2364 4721 2498 4792 πρὸς
2530 4724 2847 4794 Κορινθίους
2875 4726 2902 4776 ό
2944 4722 3170 4784 Παῦλος·
3227 4723 3321 4774 καὶ
3369 4721 3474 4775 ὑπὸ
3507 4718 3604 4789 μὲν
3637 4715 3728 4781 τῆς

2162 4812 2332 4875 οὕτως
2379 4812 2738 4885 ἐξερχομένης
2771 4815 2964 4884 ψυχῆς,
3015 4813 3260 4882 ὑμνεῖται
3294 4814 3327 4883 ἡ
3369 4811 3546 4879 σοφία·
3587 4809 3642 4858 ὲν
3673 4801 3724 4854 δὲ

2164 4908 2233 4976 γῇ
2274 4905 2648 4978 πλατυνομένῃ
2700 4905 2785 4958 διά
2817 4906 2923 4956 τῶν
2955 4903 3183 4975 ἀρετῶν,
3236 4902 3544 4975 παρρησίαν
3586 4897 3722 4963 ἄγει.

2167 4997 2456 5069 Ἀκρωνδέ
2483 4999 2702 5069 τειχέων
2725 4998 2911 5068 αὐτῆς,
2944 4998 3039 5068 τὴν
3065 4997 3236 5070 ἄκραν
3276 4996 3539 5051 ἀπάθειαν
3561 4991 3719 5056 λέγει’

2163 5091 2317 5160 εἰπερ
2346 5091 2393 5142 οἱ
2428 5090 2745 5158 ἀγαπῶντες
2784 5089 2873 5142 τὸν
2907 5090 3088 5160 νόμον,
3131 5088 3565 5160 παραϐάλλουσιν
3605 5082 3723 5132 ἐαυ-

2159 5182 2271 5243 τοῖς
2303 5183 2494 5250 τεῖχος·
2521 5181 2658 5252 ὑπὲρ
2686 5175 2745 5234 οῦ
2771 5182 2982 5252 τείχους
3014 5180 3228 5252 εὔχεται
3259 5184 3352 5234 καὶ
3389 5182 3417 5231 ὀ
3464 5173 3621 5230 Δαυῖδ
3639 5169 3718 5222 λέ-

507 5270 1410 5330 cAEdiﬁcanturmurillierusalem
1451 5291 1465 5326 :
1504 5294 1523 5325 ι
1549 5275 1604 5328 id
1632 5283 1716 5329 est
1738 5274 1893 5341 hujus
1924 5289 2056 5329 meae

2189 5288 2288 5323 ων·
2320 5290 2337 5321 ι
2363 5272 2771 5342 Οἱκοδομηθήτω
2786 5272 2853 5324 τὰ
2875 5273 3023 5344 τείχη
3050 5270 3419 5346 Ἰερουσαλὴμ,
3444 5287 3462 5318 ι
3483 5261 3715 5318 τουτέστι

503 5360 691 5415 anima:
717 5367 968 5430 prostrati
1011 5368 1148 5420 muri
1182 5375 1398 5436 propter
1419 5366 1563 5421 Uria}
1588 5367 1879 5437 negotium.

564 5539 586 5570 ’
617 5538 892 5604 Quomodo
921 5555 1046 5612 ergo
1074 5542 1208 5596 dixit
1231 5550 1387 5596 antea
1412 5540 1666 5596 Salomon
1703 5555 1717 5591 :
1752 5558 1770 5591 ‹
1801 5538 1900 5606 Qui
1936 5555 2058 5610 per-

2164 5362 2264 5431 τῆς
2295 5364 2503 5416 τοιᾶσδε
2547 5363 2723 5432 ψυχῆς
2755 5363 2822 5415 τὰ
2863 5363 3345 5427 καταπεπτωκότα,
3391 5355 3623 5430 δηλονότι
3653 5353 3712 5400 ἐκ

2162 5450 2262 5519 τῆς
2286 5452 2378 5504 τοῦ
2406 5453 2600 5522 Ούρίου
2628 5453 2967 5524 προφάσεως.

2232 5545 2355 5608 Πῶς
2371 5541 2463 5598 οὖν
2475 5545 2779 5617 ἔμπροσθέν
2808 5547 3009 5617 φησινό
3030 5543 3294 5613 Σολομῶν·
3318 5563 3336 5598 ι
3361 5544 3415 5596 Ὁ
3432 5539 3488 5594 δὲ
3512 5526 3711 5603 ἐπιχαί-

565 5677 744 5734 ³ν.7,
823 5678 994 5733 ‘ibid.
1069 5679 1259 5735 'v.9.
1337 5681 1543 5735 ‘v.H.
1620 5682 1722 5734 "v.
1757 5683 1844 5738 17.
1912 5683 2081 5736 “v.2

2212 5692 2232 5722 ³
2263 5699 2317 5737 νγ.
2356 5684 2446 5737 26.

563 5822 662 5890 (l')
704 5820 824 5875 llaec
860 5823 1052 5890 partim
1085 5833 1401 5893 repetuntur
1429 5842 1492 5882 ex
1526 5827 1925 5894 superioribus;
1964 5828 2056 5881 sed
2099 5835 2278 5881 tamen
2313 5828 2383 5881 ita
2410 5841 2467 5879 se
2499 5826 2656 5880 habet
2690 5827 2877 5882 codex.
