4012 6340
220 378 306 432 163

1325 378 1688 436 EXPOSITIO
1714 381 1781 435 IN
1810 382 2224 441 PROVERBIA.

3300 402 3400 459 166

210 509 300 565 ρων
320 489 777 560 άπολλυμένῳ¹οὺκ
805 490 1217 561 ἁθακυθήσεται;
1259 512 1275 545 ι
1308 495 1378 547 Ἦ
1408 496 1545 566 τάχα
1569 497 1713 549 οὕτω.

1806 546 1812 558 _
1840 509 2000 555 eunte
2056 503 2272 571 gaudet,
2322 518 2423 558 non
2472 507 2575 560 erit
2610 507 2910 567 innocens?
2944 532 2963 565 ι
2991 512 3082 568 Vel
3131 515 3292 586 igitur
3325 519 3398 573 ita

206 580 355 652 χαίρει
381 581 411 648 ἡ
441 580 620 647 σοφία,
645 580 718 644 ὡς
741 581 907 652 ἐχάρη
947 582 1039 634 ἐπὶ
1069 585 1134 653 τῇ
1169 584 1415 656 ἀπωλείᾳ
1449 588 1729 641 Ματθαίου

204 672 277 725 τοῦ
300 670 538 737 τελώνου,
568 674 657 724 καὶ
682 674 769 725 ἐπὶ
792 675 883 727 τοῦ
916 676 1114 748 λῃστοῦ
1153 677 1394 749 ἀπωλείᾳ
1418 679 1733 733 πιστεύσαν-

202 778 274 824 τος
294 759 361 829 τῷ
388 759 626 833 Χριστῷ;
649 762 738 815 τοῦ
766 765 859 834 μὲν
884 766 1015 836 γὰρ,
1031 767 1122 819 τὸν
1149 766 1400 839 λῃστὴνή
1436 770 1618 838 σοφία⁸
1638 771 1729 823 τοῦ

194 852 262 915 δὲ,
294 852 377 904 τὸν
401 853 630 923 τελώνην
651 855 896 909 ἀπώλεσε
930 857 1028 927 (Ξ).

254 942 521 1015 Πολιορκία
562 944 678 997 ἐστὶ
702 946 1012 1001 διδασκαλία
1036 948 1222 1020 ἠθικὴ,
1248 951 1345 1022 τὴν
1370 952 1553 1015 κακῶς
1581 954 1727 1005 οἱκο-

186 1034 483 1104 δομηθεῖσαν
528 1035 703 1109 ψυχὴν
734 1040 1184 1111 καταστρέφουσα
1228 1044 1319 1095 ἐπὶ
1356 1046 1420 1114 τῇ
1454 1044 1547 1097 τοῦ
1590 1044 1724 1099 Θεοῦ

185 1125 463 1195 πολιορκίᾳ.

246 1216 439 1287 Ὥσπερ
459 1216 528 1270 τά
552 1219 718 1289 νήπια
745 1220 949 1290 μεταξὺ
979 1220 1197 1274 δικαίων
1226 1224 1318 1276 καὶ
1345 1224 1544 1280 ἀδίκων
1564 1228 1719 1291 εἰσὶν,

176 1304 304 1357 οὕτω
335 1307 423 1359 καὶ
444 1308 641 1372 πάντες
669 1312 716 1363 oi
749 1312 1022 1384 ἄνθρωποι
1058 1314 1257 1383 μεταξὺ
1291 1318 1533 1385 ἀγγέλων
1549 1336 1607 1371 τε
1634 1323 1723 1374 καὶ

172 1396 423 1465 δαιμόνων
483 1401 610 1465 εἰσὶ,
667 1404 801 1472 μήτε
860 1404 1111 1475 δαίμονες
1145 1406 1293 1470 ὄντες
1328 1411 1460 1480 μήτε
1505 1412 1723 1479 ἄγγελοι

169 1488 603 1557 χρηματίζοντες,
630 1493 789 1566 μέχρι
815 1495 915 1564 τῆς
932 1497 1236 1561 συντελείας
1255 1499 1347 1551 τοῦ
1382 1502 1590 1566 αἰῶνοςο
1618 1504 1725 1573 ἡδί-

165 1597 289 1634 κουν
319 1583 374 1635 δὲ
422 1585 667 1655 νηπίους,
703 1584 845 1652 εἷπε,
901 1590 1029 1660 περὶ
1076 1582 1149 1643 ὧν
1196 1592 1429 1662 Χριστὸς
1474 1594 1595 1665 ἔφη’
1632 1596 1722 1668 Μὴ

165 1675 545 1747 σκανδαλίσητε
572 1678 669 1732 ἕνα
700 1679 807 1732 τῶν
837 1681 1047 1751 μικρῶν
1082 1681 1306 1736 τούτων.

1834 592 2028 657 gaudet
2055 593 2334 661 sapientia,
2365 607 2522 664 prout
2554 599 2620 654 de
2643 613 2897 667 pereunte
2930 607 3218 673 publicano
3256 606 3388 663 Mat-

1836 685 1974 739 thaao
2002 686 2181 754 gavisa
2229 696 2328 752 est,
2365 703 2465 744 nec
2504 705 2607 744 non
2658 691 2725 745 de
2753 706 3009 761 pereunte
3053 698 3264 754 latrone
3300 701 3393 770 qui

1832 773 2046 828 Christo
2078 776 2353 830 credidit?
2381 777 2540 833 Certe
2573 780 2657 833 hic
2681 781 2945 837 latronem
2976 787 3261 855 sapientia,
3286 790 3392 845 illic

1835 881 1961 920 vero
1989 867 2328 935 publicanum
2363 871 2748 937 pessumdedit.

1901 959 1944 990 ¹⁰
1975 959 2229 1014 Obsessio
2261 971 2341 1015 est
2379 964 2599 1016 moralis
2638 964 2906 1031 doctrina,
2938 983 3057 1036 qua:
3096 973 3235 1028 male
3260 974 3385 1029 tedi-

1829 1052 2038 1106 ficatam
2068 1054 2301 1107 animam
2339 1054 2587 1125 subjugat
2609 1057 2879 1111 obsidenti
2908 1058 3037 1114 Deo.

1895 1235 1934 1264 “
1969 1231 2118 1287 Sicut
2150 1232 2385 1288 infantes
2430 1235 2591 1289 medii
2617 1246 2742 1291 sunt
2786 1238 2927 1291 inter
2964 1240 3139 1307 iustos
3169 1251 3223 1294 et
3252 1242 3389 1310 inju-

1823 1332 1953 1387 stos,
1979 1323 2055 1378 sic
2083 1323 2242 1377 etiam
2275 1327 2452 1378 cuncti
2489 1324 2740 1381 homines
2774 1329 2936 1382 medii
2972 1329 3114 1384 inter
3171 1333 3389 1400 angelos

1823 1412 2195 1482 daemonesque
2244 1424 2396 1475 sunt,
2444 1414 2563 1482 quia
2608 1431 2783 1486 neque
2822 1418 2996 1488 angeli
3045 1429 3169 1473 sunt
3214 1437 3388 1491 neque

1823 1503 2091 1557 dmmones
2141 1513 2269 1557 ante
2313 1506 2492 1558 saeculi
2528 1510 3074 1563 consummationem.
3123 1510 3384 1579 lnjuriam

1822 1603 1998 1657 autem
2029 1595 2348 1659 inferebant,
2383 1597 2574 1666 inquit,
2601 1601 2861 1669 parvulis,
2899 1600 2967 1655 de
3005 1602 3201 1670 quibus
3230 1605 3385 1659 Chri-

1822 1690 1936 1734 stus
1967 1680 2101 1733 dixit
2136 1699 2148 1733 :
2176 1680 2373 1736 Cavete
2402 1698 2466 1737 ne
2489 1701 2643 1753 quem
2684 1702 2749 1741 ex
2780 1688 2863 1742 his
2888 1692 3123 1758 parvulis
3158 1695 3385 1750 scanda-

1825 1769 2019 1825 lizetis.
2090 1774 2101 1835 Ι

228 1854 287 1907 Ὀ
343 1856 556 1926 ἀπαθὴς
600 1857 861 1926 ἡσυχάζει
882 1857 1094 1925 ἀφόϐως
1142 1860 1251 1913 άπὸ
1299 1860 1496 1923 παντὸς
1552 1863 1713 1917 κακοῦ

1896 1862 1939 1892 ¹²
1971 1862 2363 1930 Cupiditatibus
2395 1864 2554 1918 homo
2578 1865 2712 1919 liber
2746 1868 2943 1922 nullam
2981 1887 3199 1939 pravam
3232 1875 3381 1944 cogi-

154 1946 433 2016 λογισμοῦ,
461 1948 556 2000 καὶ
585 1950 697 2016 μετ’
726 1948 904 2016 ὀλίγον
947 1950 1359 2020 κατασκηνώσει
1390 1955 1445 2005 ἐν
1475 1956 1539 2023 τῇ
1570 1953 1720 2033 βασι-

152 2036 263 2107 λείᾳ
319 2037 414 2090 τοῦ
461 2038 614 2090 Θεοῦ·
659 2038 733 2101 ὡς
779 2039 1016 2103 ἀκούσας
1061 2042 1153 2093 καὶ
1184 2040 1419 2107 φυλάξας
1460 2044 1526 2097 τά
1549 2062 1717 2117 προσ-

147 2128 410 2199 τάγματα
431 2128 621 2194 αὺτοῦ,
654 2130 732 2183 ὃτι
755 2131 976 2201 ἧλπισεν
1009 2134 1094 2186 ἐπ’
1117 2133 1299 2187 αὐτόν.

1826 1952 2079 2006 tationem
2110 1953 2408 2020 experitur,
2436 1963 2490 2006 et
2525 1956 2687 2021 paulo
2721 1970 2839 2025 post
2889 1961 2939 2012 in
2977 1976 3139 2032 regno
3166 1964 3256 2019 Dei
3290 1966 3381 2019 ha-

1823 2042 2019 2097 bitabit
2050 2060 2063 2095 :
2096 2041 2293 2109 quippe
2323 2043 2411 2110 qui
2438 2044 2686 2099 mandata
2713 2047 2830 2115 ejus
2859 2052 3227 2119 custodiverit,
3257 2058 3381 2125 quia

1825 2136 2059 2206 speravit
2084 2137 2135 2189 in
2163 2151 2307 2191 eum.

1649 2246 1799 2301 CAP.
1834 2246 1899 2301 ll.

210 2334 414 2398 Οὕτως
463 2334 686 2405 κρύπτει
720 2338 938 2409 ἐντολὴν
988 2338 1080 2391 τοῦ
1110 2324 1244 2393 Θεοῦ
1274 2342 1301 2392 6
1330 2342 1496 2395 ποιῶν
1527 2341 1714 2413 αὐτὴν,

140 2424 165 2492 ἢ
195 2426 226 2476 6
261 2424 346 2495 μὴ
375 2425 468 2477 ἐπὶ
518 2426 786 2497 κενοδοξία
819 2429 1005 2481 ποιῶνο
1045 2430 1165 2482 ὅθεν
1190 2432 1282 2483 καὶ
1305 2435 1352 2485 οἱ
1382 2432 1629 2503 δαίμονες
1654 2436 1716 2488 ἐκ

142 2514 227 2567 τοῦ
284 2513 366 2596 μὴ
399 2519 693 2587 συγχωρεῖν
743 2517 910 2589 αὐτὴν
935 2523 1105 2574 ποιεῖν
1139 2523 1304 2593 ἡμᾶς,
1338 2523 1600 2596 ἁρπάζειν
1632 2524 1714 2577 λέ-

148 2624 307 2676 γοντα
314 2586 356 2660 ι’.

209 2700 345 2752 Τότε
378 2700 626 2770 συνήσεις
649 2700 806 2764 πᾶ)ςὸ
833 2702 993 2771 φόϐος
1017 2704 1109 2757 τοῦ
1124 2705 1326 2776 Κυρίου
1356 2707 1495 2780 ἀρχὴ
1525 2710 1712 2779 σοφίας

153 2791 308 2853 ἐστὶν,
348 2791 440 2842 καὶ
472 2792 588 2855 πῶς
609 2793 706 2864 τῆς
734 2793 825 2846 τοῦ
851 2794 986 2847 Θεοῦ
1008 2795 1261 2864 γνώσεως
1282 2798 1487 2865 γίνεται
1522 2801 1711 2872 πρόξε-

153 2899 248 2944 νος,
293 2882 422 2934 ὅταν
458 2885 514 2935 ἐν
561 2884 738 2937 πίστει
786 2888 877 2939 καὶ
906 2887 1056 2958 πόθῳ
1096 2888 1244 2959 αύτῷ
1273 2891 1520 2963 ὑπάρχῃς
1543 2910 1711 2965 προσ-

157 2972 285 3042 δεής·
310 2973 664 3043 προῦπάρξαι
690 2975 747 3028 δὲ
777 2977 856 3029 δεῖ
886 2979 1073 3046 σοφίαν
1112 2980 1204 3033 καὶ
1237 2980 1467 3045 σύνεσιν,
1497 2985 1630 3055 πρὸς
1652 2986 1712 3038 τὸ

156 3062 429 3133 δυνηθῆναι
490 3067 723 3119 συνεῖναι
772 3067 933 3137 φόϐον
986 3070 1209 3140 Κυρίου·
1265 3047 1617 3145 προσάξωμεν
1654 3078 1710 3131 δὲ
1738 3047 1779 3104 C

162 3154 309 3206 ταῦτα
334 3158 452 3219 τοῖς
478 3156 574 3226 τὴν
615 3157 804 3226 σοφίαν
858 3160 951 3213 καὶ
972 3160 1184 3214 σύνεσιν
1222 3161 1574 3227 ἐξουθενοῦσι·
1609 3186 1710 3222 κα-

161 3245 427 3313 ταφεύγειν
465 3246 521 3299 δὲ
550 3247 887 3319 βουλομένοις
924 3252 1015 3305 ἐπὶ
1043 3253 1102 3305 τὸ
1132 3254 1409 3322 φοϐεῖσθαι
1440 3257 1530 3311 τὸν
1557 3259 1707 3324 Θεὸν,

163 3335 221 3398 ὡς
256 3338 340 3389 ἐπὶ
370 3339 600 3409 εὐχερὲς
623 3341 872 3411 πρᾶγμα.

218 3429 444 3500 Χριστοῦ
500 3431 609 3503 γάρ
650 3433 722 3503 μὴ
758 3433 1043 3504 ῥυομένου,
1079 3436 1153 3499 ὡς
1179 3439 1386 3508 ἀγαθὴν
1419 3440 1706 3512 δδεύσομεν

165 3520 243 3589 τὴν
266 3524 466 3593 κακήν·
501 3523 645 3591 ἅγιοι
680 3524 776 3594 μὲν
802 3525 907 3597 γὰρ
956 3528 1133 3581 πάντα
1178 3528 1390 3597 λέγουσι
1423 3535 1607 3587 πιστά·
1642 3534 1710 3587 τά

166 3608 209 3660 δὲ
251 3611 324 3663 οὗ*
351 3616 379 3666 6
400 3614 460 3665 δὲ
476 3613 726 3678 διάϐολος
759 3616 910 3670 οὐδὲν
936 3619 1141 3680 πιστὸν,
1179 3620 1297 3671 ἀντὶ
1325 3620 1441 3683 τοῦ,
1476 3624 1709 3687 πίστεως

170 3699 305 3764 ἀξιον
330 3704 500 3774 ἄνδρα
527 3705 634 3775 γὰρ
664 3706 756 3759 νῦν
782 3706 872 3759 τὸν
893 3707 1137 3760 διάϐολον
1161 3708 1329 3776 λέγει,
1359 3711 1436 3773 ὡς
1461 3714 1517 3764 ὲν
1531 3713 1709 3781 Εὐαγ-

170 3793 354 3857 γελίοιςο
375 3795 427 3847 εἴ
460 3812 531 3863 γε
560 3795 839 3866 ἄνθρωπος
870 3799 1103 3868 πονηρὸς
1140 3800 1357 3873 ἔσπειρε
1389 3803 1455 3855 τὰ
1478 3803 1705 3868 ζιζάνια·

174 3886 362 3958 pario-tn
393 3889 445 3941 δὲ
480 3888 561 3951 ὡς
589 3888 761 3944 ἔοικεν
799 3891 1076 3962 ἐπιϐουλὴ,
1108 3895 1169 3946 τὸ
1204 3899 1513 3965 περιτυχεῖν
1545 3897 1703 3969 βουλῇ

174 3979 306 4045 κακῇ,
352 3979 441 4031 καὶ
489 3979 719 4050 ἀνδράσι
759 3980 949 4045 δολίοις
988 3984 1080 4036 καὶ
1125 3983 1373 4049 ὑπούλοις
1403 3986 1494 4040 καὶ
1542 4005 1707 4057 πονη-

176 4082 280 4133 ροις.

227 4161 323 4232 Εξή
350 4164 472 4217 ποιὰ
501 4163 665 4234 βουλὴ
688 4167 1111 4241 συντετριμμένη
1142 4169 1303 4238 ἤγουν
1326 4171 1698 4242 ὲσκοτισμένη,

174 4251 241 4303 νοῦ
273 4254 465 4326 κίνησίς
505 4258 672 4319 ἐστιν,
724 4256 837 4321 πῶς
887 4257 1024 4329 αῦτη
1060 4261 1320 4313 ἀπέλιπεν
1359 4261 1698 4317 διδασκαλίαν

174 4342 403 4413 νεότητος;
436 4347 564 4411 πῶς
586 4348 641 4400 δὲ
673 4350 767 4402 καὶ
796 4349 940 4414 θείας
970 4351 1261 4405 ἐπελάθετο
1287 4353 1572 4425 διαθήκης;
1609 4356 1697 4418 Ὠς

174 4434 255 4503 γὰρ
277 4440 388 4509 περὶ
407 4440 554 4505 {dion
583 4440 820 4510 λογικοῦ,
848 4444 945 4513 τῆς
969 4446 1141 4514 κακῆς
1165 4444 1357 4513 βουλῆς
1372 4448 1499 4515 ἡμῖν
1522 4446 1695 4499 διαλέ-

178 4538 313 4589 γεται.
336 4533 397 4583 Ἥ
418 4534 512 4587 νῦν
546 4533 739 4603 βουλὴν
768 4535 949 4605 κακὴν
978 4535 1066 4589 τὸν
1088 4536 1329 4596 διάϐολον
1351 4537 1516 4604 λέγει’
1544 4539 1695 4602 οὗτος

182 4613 263 4684 γὰρ
279 4621 439 4684 κακῶς
461 4622 833 4685 ἐϐουλεύσατο,
858 4622 1042 4675 εἰπών·
1080 4642 1097 4674 ι
1122 4625 1330 4678 Ἐπάνω
1352 4626 1459 4679 τῶν
1483 4628 1694 4698 ἄστρων

185 4701 299 4773 θήσω
318 4711 397 4762 τὸν
415 4713 601 4784 θρόνον
635 4732 754 4785 μου,
782 4715 872 4767 καὶ
893 4715 1085 4785 ἔσομαι
1107 4717 1288 4786 ὅμοιος
1310 4718 1385 4787 τῷ
1400 4718 1654 4790 Ὑψίστιεν
1669 4739 1688 4770 ι

186 4795 423 4856 ἐπελάθετο
449 4807 502 4858 δὲ
526 4807 629 4875 τῆς
663 4806 809 4870 θείας
833 4807 1103 4875 γνώσεως,
1138 4810 1445 4863 καταλιπὼν
1473 4810 1568 4880 τὴν
1618 4811 1695 4862 δι-

187 4882 424 4945 δασκαλίαν
462 4896 562 4966 τῆς
598 4897 860 4965 νεότητος
896 4899 1016 4966 ἥτις
1047 4898 1235 4968 νεότης
1277 4899 1373 4970 τὴν
1427 4900 1695 4971 προτέραν

189 4976 315 5031 αὑτοῦ
337 4987 650 5061 κατάστασιν
674 4989 847 5059 δηλοῖ,
903 4989 1024 5042 καθ’
1052 4990 1118 5059 ῆν
1148 4991 1240 5042 καὶ
1268 4988 1503 5059 ζηλωτὸς
1526 4988 1613 5061 ἦν’
1644 4994 1691 5045 εί

190 5063 363 5135 ἃνέους
392 5054 599 5131 δύναται
631 5054 920 5145 συνετίξειν
941 5054 1085 5133 ἔνθα-
1101 5081 1232 5133 πολὺ
1252 5082 1311 5134 τὸ
1325 5054 1597 5151 δυσήνιοξμ,
1618 5084 1690 5154 μὴ

192 5164 435 5235 πραΰτης·
459 5170 631 5241 πολλῷ
655 5173 852 5241 μᾶλλον
874 5172 1147 5243 πρεσϐύτῃ
1173 5172 1465 5243 ὠφέλιμος-

221 5333 369 5428 ]Οσοι
419 5347 904 5419 καταλαμϐάνονται
943 5349 1045 5403 ὑπὸ
1093 5352 1349 5405 ἐνιαυτῶν
1394 5351 1556 5422 ζωῆς,
1602 5351 1687 5404 διὰ

191 5426 272 5474 τῶν
296 5426 448 5498 ἔργων
476 5436 570 5506 τῆς
595 5438 889 5509 μελλούσης
908 5438 1133 5504 ἀειζώου
1160 5443 1324 5513 ζωῆς,
1355 5436 1498 5495 οῦτοι
1529 5458 1689 5496 κατα-

1899 2344 1941 2374 ¹³
1971 2342 2060 2397 Sie
2086 2343 2176 2397 Dei
2201 2352 2527 2412 praeceptum
2576 2346 2886 2411 abscondit,
2921 2352 3011 2418 qui
3040 2352 3166 2409 illud
3199 2357 3385 2411 obser-

1821 2444 1929 2497 vat,
1960 2432 2042 2487 vel
2071 2434 2163 2501 qui
2195 2434 2336 2488 haud
2362 2436 2431 2489 ob
2449 2451 2640 2490 vanam
2670 2436 2897 2504 gloriam
2920 2442 3191 2501 observat.
3211 2446 3385 2514 Quare

1819 2534 1875 2581 et
1902 2525 2193 2587 daemones,
2238 2528 2365 2579 dum
2402 2542 2498 2581 nos
2533 2543 2638 2582 non
2676 2531 2860 2584 sinunt
2899 2532 3027 2588 illud
3059 2536 3382 2606 observare,

1817 2631 2009 2687 rapere
2046 2618 2321 2672 dicuntur.

1892 2711 1934 2742 “
1974 2711 2125 2765 Tune
2156 2710 2423 2779 intelliges
2451 2715 2717 2782 quomodo
2740 2716 2901 2770 timor
2924 2717 3137 2775 Domini
3170 2723 3377 2778 initium

1815 2803 2090 2873 sapientiae
2124 2804 2214 2869 sit,
2251 2814 2305 2858 et
2353 2806 2620 2872 quomodo
2649 2808 2940 2877 agnitionis
2973 2810 3064 2867 Dei
3100 2814 3257 2870 dator
3285 2818 3377 2885 sit,

1813 2896 2242 2965 quotiescunque
2290 2912 2409 2949 cum
2443 2897 2546 2952 fide
2575 2910 2627 2950 et
2656 2899 2922 2955 desiderio
2976 2904 3070 2959 fies
3103 2905 3216 2960 Deo
3246 2923 3375 2973 sup-

1814 2987 1953 3054 plex.
1988 2984 2092 3040 Sed
2136 2987 2345 3041 anteire
2388 2988 2547 3043 debet
2591 2990 2850 3058 sapientia
2896 3003 2950 3047 et
3000 2995 3372 3068 intelligentia,

1813 3076 1961 3144 prius
1987 3090 2145 3144 quam
2184 3075 2396 3134 Domini
2440 3080 2685 3134 timorem
2717 3086 3172 3151 comprehendere
3199 3103 3376 3145 mente

1810 3183 1997 3235 queas.
2032 3167 2156 3223 Haec
2194 3169 2258 3224 iis
2289 3169 2625 3227 inculcamus
2656 3173 2744 3242 qui
2779 3175 3098 3243 sapientiam
3132 3192 3185 3235 et
3213 3182 3371 3237 intel-

1809 3260 2082 3330 ligentiam
2130 3271 2518 3329 aspernantur;
2553 3273 2607 3318 et
2660 3274 2839 3321 tamen
2886 3271 2951 3322 ad
3004 3269 3093 3323 Dei
3123 3271 3369 3328 timorem

1809 3351 2067 3406 accedere
2096 3352 2298 3417 volunt,
2329 3362 2585 3423 tanquam
2617 3356 2683 3409 ad
2713 3356 2872 3413 facile
2898 3360 3194 3428 negotium.

1879 3443 1921 3472 ¹⁵
1952 3440 2062 3495 Nisi
2096 3442 2341 3498 Christus
2372 3460 2470 3498 nos
2496 3444 2707 3509 liberet,
2749 3451 2886 3504 mala
2911 3453 2996 3504 via
3025 3453 3184 3518 quasi
3226 3452 3363 3507 bona

1809 3546 2111 3600 pergcmus.
2144 3534 2326 3587 Sancti
2372 3546 2519 3588 certe
2570 3536 2800 3591 fideliter
2855 3539 3035 3593 omnia
3071 3541 3279 3605 dicunt,
3316 3552 3370 3595 et

1807 3637 1929 3690 quae
1953 3632 2079 3677 sunt
2118 3640 2295 3679 secus.
2331 3625 2584 3679 Diabolus
2608 3642 2735 3681 vero
2769 3629 2901 3681 nihil
2930 3630 3177 3693 fideliter,
3209 3634 3259 3686 id
3290 3646 3373 3688 est

1809 3714 1910 3767 fide
1941 3715 2177 3783 dignum.
2204 3716 2449 3783 Namque
2481 3717 2569 3771 hic
2602 3717 2869 3772 diabolum
2905 3721 3003 3773 viri
3036 3723 3251 3778 nomine
3277 3726 3373 3779 de-

1809 3815 1981 3871 notat,
2011 3816 2069 3860 ut
2098 3808 2150 3860 in
2173 3808 2496 3878 Evangeliis,
2544 3810 2805 3880 siquidem
2841 3813 2947 3869 illic
2992 3815 3162 3871 malus
3205 3818 3370 3875 homo

1808 3898 2015 3951 zizania
2064 3899 2219 3953 sevit.
2253 3899 2605 3955 Maximarum
2658 3912 2803 3959 certe
2848 3905 3163 3962 insidiarum
3201 3910 3369 3966 instar

1806 3996 1905 4053 est,
1940 4003 2062 4042 cum
2092 3989 2285 4059 aliquis
2317 3991 2370 4045 in
2400 4007 2622 4061 pravum
2653 3994 2931 4050 consilium
2975 3998 3183 4066 incidit,
3207 4011 3366 4073 atque

1803 4080 1856 4133 in
1892 4081 2137 4136 homines
2167 4082 2401 4145 doiosos,
2433 4082 2674 4150 fallaces,
2708 4093 2761 4140 et
2790 4088 3083 4157 improbos.

1876 4171 1920 4201 ’⁸
1951 4170 2006 4224 Si
2051 4170 2369 4226 cuicuimodi
2400 4175 2685 4229 consilium
2714 4179 3030 4246 contritum,
3064 4182 3116 4235 id
3140 4193 3224 4238 est
3263 4186 3363 4240 ob-

1801 4268 2095 4317 scuratum.
2141 4262 2334 4315 mentis
2375 4266 2664 4319 commotio
2709 4275 2823 4332 est,
2856 4285 2951 4323 cur
2982 4272 3361 4329 adolescentia:

1730 4389 1772 4443 D
1801 4351 2137 4420 disciplinam
2164 4352 2433 4420 deseruit;
2467 4371 2565 4409 cur
2592 4356 2756 4411 divini
2795 4357 3017 4415 foederis
3048 4362 3212 4418 oblita
3237 4368 3363 4421 est?

1800 4440 1930 4493 Nam
1966 4442 2129 4495 veluti
2163 4458 2285 4495 cum
2314 4445 2564 4498 rationali
2596 4448 2814 4502 animali
2850 4450 2915 4503 de
2939 4467 3102 4521 pravo
3136 4455 3358 4511 consilio

1797 4533 2075 4585 nobiscum
2101 4532 2355 4601 loquitur.
2384 4534 2478 4588 Vel
2511 4551 2653 4590 nunc
2682 4537 2877 4592 malum
2910 4543 3193 4596 consilium
3227 4545 3358 4600 dicit

1796 4622 2082 4676 diabolum.
2118 4622 2213 4677 Hic
2246 4625 2387 4678 enim
2429 4625 2668 4695 improbe
2697 4642 2878 4682 secum
2911 4632 3253 4700 deliberavit,
3274 4637 3354 4690 di-

1796 4727 1921 4767 cens
1957 4727 1971 4763 :
2011 4731 2028 4763 ‹
2057 4712 2229 4782 Super
2258 4724 2401 4767 astra
2427 4732 2620 4783 ponam
2663 4719 2908 4773 thronum
2934 4738 3132 4791 meum,
3154 4741 3356 4795 eroque

1796 4804 1986 4857 similis
2003 4804 2294 4858 Altissimo.
2328 4825 2345 4855 ι
2369 4806 2474 4859 Sed
2500 4808 2697 4862 oblitus
2722 4821 2802 4864 est
2829 4812 3020 4867 divinae
3036 4818 3349 4884 agnitionis,

1795 4895 2000 4962 abjeeta
2034 4894 2409 4950 adolescentia:
2448 4896 2748 4967 disciplina.
2777 4902 3149 4959 Adolescentia
3169 4915 3349 4960 autem

1794 4985 2115 5053 intelligitur
2152 4984 2297 5052 prior
2331 4983 2447 5051 ejus
2488 4996 2682 5052 status,
2724 5004 2830 5057 quo
2861 4990 2986 5044 felix
3021 5001 3159 5045 erat.
3195 4992 3347 5057 Quod

1778 5078 1840 5145 ,si
1897 5077 2265 5132 adolescentes
2310 5078 2592 5147 disciplina
2641 5082 2856 5135 erudire
2899 5084 3183 5154 valct,qua2
3218 5095 3349 5141 tetas

1794 5170 1998 5237 absque
2023 5169 2304 5239 disciplina
2332 5171 2485 5226 valde
2517 5182 2805 5227 contumax
2828 5182 2940 5240 est;
2970 5176 3151 5246 utique
3182 5176 3347 5235 multo

1794 5259 1900 5313 erit
1934 5260 2117 5313 utilior
2142 5260 2345 5315 homini
2373 5263 2510 5315 seni.

1865 5352 1907 5383 ⁸⁷
1946 5351 2260 5421 Quicunque
2293 5355 2768 5423 apprehenduntur
2797 5357 2863 5412 ab
2898 5358 3052 5413 annis
3080 5360 3221 5429 vitae,
3249 5374 3345 5431 per

1792 5458 1952 5513 opera
1982 5445 2174 5500 futurae
2200 5455 2417 5501 alternae
2453 5447 2594 5513 vitae,
2640 5448 2693 5502 hi
2741 5458 2914 5505 rectas
2942 5452 3165 5507 semitas
3196 5452 3345 5507 inve-

250 5609 284 5639 "
306 5619 447 5673 [27.
519 5628 555 5658 “
595 5645 646 5687 ν.
676 5632 763 5685 3‘2.
843 5632 885 5660 ”
912 5644 961 5684 V.
996 5630 1084 5684 55.
1168 5630 1209 5661 ¹³
1232 5646 1281 5686 V.
1328 5631 1352 5685 1
1460 5630 1503 5661 ¹⁵
1542 5645 1590 5685 V.
1629 5630 1680 5684 '5.

1839 5648 1885 5686 ν.
1924 5634 2008 5688 12.
2088 5636 2133 5667 ⁸⁸
2161 5636 2330 5694 ν.17.
2404 5638 2448 5667 ⁴⁷
2472 5640 2635 5694 ν.19.

203 5728 548 5877 ιῐέιῗ)ἱὲιῶἒεὶιίιὲίς
576 5751 638 5807 de
670 5753 830 5807 variis
871 5752 1060 5821 σοφίας
1089 5753 1376 5824 generibus
1430 5751 1714 5825 Origenes,

537 5854 551 5868 .
561 5856 579 5886 λ
1016 5862 1021 5871 .

1748 5756 1835 5812 hic
1872 5758 2087 5827 quidem
2133 5773 2357 5829 pravam
2387 5761 2676 5829 serpentis,
2737 5776 2831 5819 seu
2878 5739 3098 5830 diaboli,
3129 5761 3344 5833 sapien-
