4012 6340
661 377 761 433 167

1531 359 2088 421 SUPPLEMENTUM
2124 362 2216 414 AD
2245 358 2570 416 ORIGENIS
2603 353 3018 416 EXEGETICA.
3764 365 3845 422 168

657 491 807 544 nient
841 483 1241 557 imperturbata;
1267 483 1566 553 quietmque
1595 481 1717 535 vitae
1760 480 1883 549 (Qui
1909 482 2087 548 secus)
2120 478 2206 533 mi-

2326 476 2660 548 λαμϐάνουσι
2692 476 2911 547 τρίϐους
2948 473 3158 538 εὐθείας
3191 473 3293 544 τῆς
3317 474 3582 547 ἀταράχου
3613 477 3700 530 καλ⁸
3732 479 3854 533 ἀδια-

658 581 952 638 sericordia
978 579 1069 633 Dei
1097 593 1199 631 non
1225 573 1622 643 compelluntur
1640 572 1694 626 in
1728 573 1844 626 vias
1868 582 2046 626 rectas
2067 579 2228 625 teter-

659 689 741 727 nae
770 667 1182 728 vitex—"Nam
1216 673 1510 720 sectatores
1520 661 1926 732 justitimdiligit
1953 661 2226 725 Dominus,

662 776 835 830 neque
861 775 953 813 eos
991 758 1163 826 capiet
1194 753 1477 809 consilium
1515 752 1735 806 malum.
1761 750 1864 817 Qui
1909 762 2089 805 autem
2117 767 2222 806 non

661 850 1062 921 apprehendunt
1086 856 1261 901 rectas
1285 845 1414 899 vita:
1441 844 1578 907 vias,
1615 857 1718 896 non
1755 852 2136 897 convertentur
2159 844 2224 898 ad

662 957 879 1012 regnum
917 940 1030 1006 Dei,
1065 939 1194 1009 quia
1226 937 1434 993 scilicet
1469 934 1682 990 diabolo
1708 933 2011 988 conﬁdunt.

2148 1225 2298 1282 CAP.
2331 1226 2420 1282 Ill.

731 1322 774 1354 "
805 1321 896 1376 ille
926 1321 1266 1376 obliviscitur
1305 1318 1462 1390 legis,
1503 1320 1592 1390 qui
1636 1317 1881 1390 legitime
1905 1333 2009 1373 non
2041 1319 2174 1375 vivit
2204 1335 2220 1375 :

655 1415 898 1470 meminit
927 1427 1057 1468 vero
1104 1412 1256 1482 legis,
1297 1413 1387 1482 qui
1419 1429 1486 1468 ex
1515 1413 1631 1483 ejus
1652 1427 1840 1466 norma
1885 1412 2050 1466 vitam
2078 1428 2222 1468 com-

653 1506 823 1575 ponit.
848 1503 942 1558 llle
972 1504 1098 1558 item
1134 1503 1296 1557 verba
1344 1504 1434 1558 Dei
1466 1504 1721 1567 custodit,
1746 1503 1834 1573 qui
1867 1518 1969 1557 non
2005 1518 2067 1558 ea
2100 1511 2220 1559 tan-

654 1597 932 1653 tummodo
962 1595 1300 1665 exsequitur,
1341 1595 1432 1649 sed
1474 1604 1528 1649 et
1564 1595 1684 1650 aliis
1718 1596 1854 1650 idem
1888 1596 2066 1651 facere
2096 1612 2220 1652 sua-

654 1691 763 1746 det.
792 1690 839 1744 ls
867 1698 1044 1744 autem
1079 1690 1241 1744 verba
1266 1690 1357 1744 Dei
1388 1691 1720 1759 pessumdat,
1751 1691 1842 1759 qui
1883 1704 1980 1745 nec
2008 1691 2122 1762 ipse
2152 1705 2216 1746 ea

653 1781 875 1851 exsequi
917 1780 1048 1843 vult,
1080 1789 1135 1835 et
1184 1779 1319 1835 alios
1367 1779 1586 1852 insuper
1634 1781 1876 1850 impedit.
1917 1779 2031 1835 Non
2074 1781 2216 1836 enim

654 1873 928 1928 auditores
964 1871 1096 1942 legis
1134 1870 1590 1940 iustiﬁcabuntur.

724 1965 770 1997 ”
801 1963 1035 2030 Sanitas,
1079 1978 1243 2032 quam
1278 1964 1450 2019 virtus
1483 1965 1702 2034 praebet,
1756 1965 1958 2021 medela
1982 1975 2067 2022 est
2097 1965 2217 2022 vita:

658 2067 762 2112 tua:
806 2058 923 2112 :sic
973 2057 1132 2111 etiam
1187 2055 1284 2110 Dei
1321 2057 1492 2126 gratia
1525 2065 1579 2111 et
1623 2071 1755 2112 cura
1798 2057 2218 2129 cogitationibus

653 2150 761 2204 tuis
776 2157 829 2204 et
844 2149 1102 2204 consiliis.
1122 2147 1256 2204 Cum
1279 2149 1472 2204 animae
1500 2149 1665 2213 vires,
1688 2149 1740 2204 id
1764 2157 1848 2204 est
1873 2151 2118 2216 virtutes,
2136 2151 2218 2204 di-

650 2241 827 2294 vinam
851 2254 1029 2295 curam
1054 2240 1257 2294 sortita:
1276 2239 1497 2305 fuerint,
1513 2249 1637 2293 tunc
1656 2238 1834 2293 omnia
1856 2254 1977 2294 ossa
1994 2255 2111 2295 mea
2131 2239 2215 2294 di-

649 2339 776 2386 cent
805 2347 819 2383 :
858 2350 876 2383 (
905 2330 1144 2397 Domine,
1168 2329 1411 2395 Domine,
1437 2329 1557 2398 quis
1573 2328 1762 2382 similis
1785 2338 1867 2383 est
1883 2329 2015 2384 tibi?
2040 2348 2058 2381 ι
2081 2328 2214 2384 Nam

649 2420 832 2474 divino
858 2419 1108 2489 praesidio
1136 2419 1443 2488 impetrato,
1472 2417 1800 2473 memorialis
1837 2417 2066 2474 facultas
2098 2420 2214 2472 ani-

649 2526 748 2565 ma:
769 2525 989 2580 prorsus
1004 2510 1146 2563 dicet
1162 2527 1178 2562 :
1197 2507 1428 2563 tMemor
1441 2507 1515 2563 fui
1537 2507 1647 2575 Dei,
1667 2517 1720 2564 et
1736 2509 1911 2564 laetata
1938 2525 2074 2565 sum.
2090 2529 2108 2562 ι
2131 2511 2214 2565 Si-

647 2602 852 2656 militer
868 2600 1278 2668 contemplativa
1303 2595 1529 2656 facultas
1545 2603 1687 2657 dicet
1713 2620 1725 2655 :
1755 2621 1772 2654 ι
1802 2602 2039 2658 intellexi
2054 2619 2211 2681 opera

648 2702 757 2755 tua,
777 2699 830 2746 et
846 2689 1115 2760 obstupui.
1142 2710 1160 2741 ι
1176 2689 1543 2748 Desiderativa
1558 2707 1712 2763 aeque
1728 2695 1896 2751 dicet:
1917 2715 1936 2748 ι
1967 2697 2210 2762 Domine,

645 2797 827 2840 coram
863 2790 918 2836 te
946 2794 1106 2836 omne
1139 2781 1464 2838 desiderium
1504 2801 1705 2840 meum.
1731 2805 1749 2837 ι
1778 2789 2014 2858 Denique
2049 2791 2212 2844 ratio-

649 2875 784 2932 nalis
814 2875 1038 2934 facultas
1064 2879 1236 2935 dicet:
1267 2895 1285 2928 ι
1314 2875 1559 2947 Cogitavi
1589 2877 1701 2933 dies
1727 2881 1992 2950 antiquos.
2019 2899 2037 2932 ›
2066 2881 2212 2937 Reli-

647 2983 767 3038 quae
799 2971 1000 3038 pariter
1037 2969 1319 3024 facultates
1352 2969 1424 3022 ita
1449 2978 1505 3024 s'e
1538 2979 1748 3040 gerent.

716 3148 762 3180 ²¹
800 3146 1091 3218 Sapientia:
1115 3147 1372 3203 studiosis
1407 3146 1541 3202 nihil
1586 3146 1866 3204 molestum
1900 3147 2028 3214 erit,
2072 3149 2212 3204 sicut

645 3242 810 3294 etiam
859 3240 913 3295 in
949 3241 1188 3311 pecunia:
1243 3239 1540 3312 cupiditate
1573 3239 1847 3295 usuvenit.
1889 3239 2039 3295 Mens
2074 3253 2209 3309 pura

645 3333 967 3401 propinquat
994 3331 1295 3402 sapientiae,
1329 3333 1454 3401 quia
1485 3331 1626 3402 quod
1671 3335 1869 3386 bonum
1900 3343 1986 3386 εει
2023 3332 2210 3402 digno--

645 3422 765 3477 scit.
821 3420 1202 3478 Verumtamen
1246 3424 1460 3493 impura
1509 3436 1663 3478 mens
1720 3423 1980 3493 sapientia
2024 3422 2210 3494 procul

645 3513 839 3568 aberit.

712 3608 762 3638 “
823 3605 935 3662 lloc
987 3606 1187 3680 lignum
1265 3615 1386 3676 post
1451 3606 1934 3677 transgressionem
1991 3617 2208 3674 gustare

643 3699 880 3753 Atlamus
912 3701 1269 3768 prohibetur;
1302 3700 1500 3770 quippe
1540 3700 1667 3769 quia
1702 3713 1730 3752 a
1758 3697 1982 3766 iustitia:
2017 3699 2208 3755 fructi-

643 3795 743 3847 bus
767 3794 1010 3847 nascitur
1042 3793 1204 3847 arbor
1235 3794 1383 3848 vitae.
1423 3794 1598 3848 Arbor
1627 3805 1758 3848 vero
1783 3794 1927 3856 vitae,
1947 3793 2204 3861 sapientia

642 3881 738 3938 Dei
771 3891 873 3938 est.
911 3883 1108 3938 Merito
1133 3895 1316 3939 autem
1349 3893 1572 3954 tangere
1597 3884 1802 3954 lignum
1848 3885 1952 3938 hoc
1979 3883 2204 3938 interdi-

643 3977 787 4030 citur
814 3975 998 4044 iniquo
1025 3975 1217 4031 cuivis.

713 4065 761 4097 ”
782 4065 922 4120 Deus
956 4066 1221 4135 sapientia
1246 4079 1339 4119 sua
1375 4071 1575 4119 terram
1606 4081 1819 4136 quoque
1847 4066 2118 4134 fundavit,
2152 4077 2207 4124 et

644 4173 809 4214 sensu
853 4158 970 4226 ejus
999 4167 1295 4227 eruperunt
1332 4157 1534 4226 abyssi,
1575 4165 1626 4212 et
1669 4160 1838 4212 nubes
1867 4173 1989 4212 rore
2012 4174 2202 4213 mana-

643 4259 787 4305 runt.
829 4249 999 4317 Quam
1025 4263 1151 4318 ergo
1194 4249 1281 4302 hic
1320 4248 1573 4302 Salomon
1624 4258 1826 4304 terram
1872 4250 2027 4315 dixit,
2065 4251 2203 4305 Pau-

641 4344 725 4397 lus
769 4342 1109 4397 latitudinem
1142 4340 1470 4410 appellavit;
1515 4351 1570 4395 et
1603 4342 1692 4412 qui
1727 4341 1815 4396 hic
1854 4341 1974 4396 coeli
2019 4343 2203 4398 dicun-

2336 569 2528 625 στάτου
2565 567 2730 640 ζωῆς·
2770 569 2831 620 οὐ
2862 566 3374 638 καταλαμϐάνονται
3400 567 3506 620 ὑπὸ
3533 566 3635 620 τῶν
3659 571 3854 643 οἰκτειρ-

2335 659 2452 730 μῶν
2480 657 2644 712 αὐτοῦ
2679 659 2758 720 εἰς
2788 656 2887 722 τὰς
2921 656 3138 729 τρίϐους
3169 656 3272 727 τῆς
3300 656 3512 717 εὐθείας
3542 657 3861 722 ἁειζωῖας....

2332 747 2633 811 Διώκοντας
2654 747 2758 818 γὰρ
2779 746 3122 816 δικαιοσύνην
3147 747 3343 816 ἀγαπᾷ
3368 746 3588 817 Κύριος,
3617 749 3704 802 καὶ
3731 749 3780 801 οὐ
3802 750 3859 820 μὴ

2329 837 2798 908 συγκαταλάϐηται
2826 838 3021 899 αὐτοὺς
3045 839 3078 908 ἡ
3106 837 3202 891 τοῦ
3236 837 3479 908 πονηροῦ
3512 837 3687 910 βουλή·
3718 840 3769 891 οὐ
3790 857 3862 893 και

2325 930 2728 1002 ταλαμϐάνουσι
2778 930 2835 984 δὲ
2863 930 3080 1001 τρίϐους
3107 930 3325 994 εὐθείας
3358 929 3523 1000 ζωῆς·
3557 931 3672 984 οὐδὲ
3700 933 3765 1003 μὴ
3788 934 3861 987 ἁν-

2332 1021 2712 1094 τιστρέψουσιν
2741 1023 2822 1084 είς
2846 1021 2945 1091 τὴν
2991 1021 3268 1091 βασιλείαν
3296 1021 3392 1075 τοῦ
3425 1019 3580 1088 Θεοῦ,
3610 1023 3656 1075 οἱ
3681 1023 3751 1093 τῷ
3776 1024 3862 1080 δια-

2340 1113 2479 1184 ϐόλῳ
2500 1111 2838 1176 πεποιθότες.

2399 1313 2565 1386 Οὗτος
2587 1321 2996 1378 ἐπιλανθάνεται
3011 1321 3104 1376 τοῦ
3120 1324 3312 1394 νόμου,
3336 1323 3366 1375 ὁ
3387 1323 3462 1394 μὴ
3478 1321 3712 1393 νομίμως
3726 1322 3857 1392 βιούς·

2327 1409 2478 1476 οὗτος
2507 1413 2565 1466 δὲ
2595 1413 2862 1485 μέμνηται
2902 1414 2996 1467 τοῦ
3042 1415 3229 1485 νόμου,
3265 1417 3295 1468 ό
3327 1412 3438 1478 ζῶν
3465 1414 3586 1467 κατ’
3607 1412 3769 1467 αὐτόν·
3790 1415 3861 1466 καὶ

2326 1501 2478 1570 οὗτος
2508 1509 2666 1578 τηρεῖ
2694 1507 2762 1560 τὰ
2811 1509 3028 1580 ῥήματα
3057 1507 3150 1561 τοῦ
3184 1506 3347 1572 Θεοῦ,
3375 1509 3404 1560 ὁ
3445 1508 3520 1579 μὴ
3555 1507 3703 1577 μόνον
3726 1506 3860 1559 ποιῶν

2324 1600 2486 1664 αὐτὰ,
2541 1599 2674 1654 ἀλλὰ
2721 1601 2815 1654 καὶ
2864 1601 3042 1664 ἄλλοις
3079 1600 3602 1671 συμϐουλευόμενος.
3635 1594 3782 1663 Οὗτος
3813 1597 3858 1652 δὲ

2322 1689 2610 1744 ἀπόλλυσιν
2641 1688 2800 1754 αὐτὰ,
2833 1691 2861 1742 ό
2887 1688 2960 1761 μὴ
2983 1669 3304 1760 βουλόμεῦος
3340 1669 3601 1762 πράττειν
3625 1688 3766 1753 αὐτὰ,
3786 1687 3860 1741 καὶ

2319 1783 2539 1854 ἐτέρους
2565 1781 2806 1836 κωλύων·
2851 1781 2912 1834 οὐ
2953 1782 3062 1854 γάρ
3104 1784 3154 1836 οἱ
3199 1783 3470 1854 ἀκροαταὶ
3505 1781 3598 1836 τοῦ
3624 1783 3765 1853 νόμου
3803 1780 3857 1833 δι-

2319 1875 2737 1947 καιωθήσονται.

2389 1974 2560 2036 Ἴασις
2583 1971 2728 2024 ἐστὶν
2751 1972 2784 2042 ὴ
2819 1969 2878 2034 ἐξ
2897 1969 3099 2041 ἀρετῆς
3133 1969 3316 2038 ὑγίεια
3346 1970 3416 2040 τῇ
3455 1967 3690 2039 πολιτείᾳ
3709 1983 3801 2020 σου·
3825 1968 3849 2037 ἡ

2314 2064 2370 2117 δὲ
2401 2062 2494 2117 τοῦ
2527 2061 2658 2116 Θεοῦ
2704 2062 2863 2135 χάρις
2896 2061 2990 2115 καὶ
3029 2059 3322 2131 ἐπιμέλεια
3359 2062 3475 2124 τοῖς
3495 2058 3756 2129 λογισμοῖς
3779 2073 3849 2109 σου

2315 2156 2409 2210 καὶ
2431 2155 2803 2226 διανοήμασιν·
2835 2153 2964 2206 ὅταν
2995 2153 3054 2206 αἱ
3084 2151 3346 2224 δυνάμεις
3374 2151 3473 2222 τῆς
3497 2150 3682 2220 ψυχῆς,
3721 2148 3850 2219 ἤγουν

2315 2249 2371 2300 αί
2402 2246 2617 2318 ἀρεταὶ,
2661 2243 2974 2316 ἐπιμελείας
3013 2243 3236 2314 τύχωσι,
3269 2243 3333 2297 τὸ
3375 2240 3667 2313 τηνικαῦτα
3705 2237 3852 2310 ὲροῦσι

2317 2340 2489 2393 πάντα
2520 2338 2589 2392 τὰ
2607 2339 2738 2392 ὀστᾶ
2765 2354 2884 2410 μου·
2906 2355 2922 2388 ι
2953 2335 3144 2407 Κύριε,
3170 2335 3366 2406 Κύριε,
3409 2335 3495 2397 τίς
3521 2332 3694 2404 ὅμοιός
3712 2347 3803 2391 σοις
3825 2345 3844 2383 ι

2331 2431 2672 2503 Ἐπιμελείας
2695 2430 2802 2502 γὰρ
2814 2428 3051 2500 τυχοῦσα
3076 2430 3109 2498 ἡ
3131 2445 3234 2500 μνη
3244 2426 3536 2500 μονευτικὴ
3558 2425 3758 2495 δύναμις
3773 2423 3846 2492 τῆς

2311 2520 2505 2593 ψυχῆς,
2537 2521 2750 2584 πάντως
2788 2523 2904 2592 ἐρεῖ
2929 2520 3010 2575 τό·
3040 2527 3062 2572 t'
3083 2519 3394 2591 Ἐμνήσθην
3410 2517 3505 2571 τοῦ
3533 2516 3662 2570 Θεοῦ
3688 2515 3765 2569 καὶ
3777 2515 3844 2566 εὐο

2314 2611 2572 2683 φράνθην.
2598 2633 2616 2664 ι
2635 2610 2865 2683 Ὁμοίως
2883 2612 2939 2665 δὲ
2962 2613 3052 2665 καὶ
3069 2611 3324 2683 ἡ’ὀπτικὴ
3349 2609 3492 2674 λέξει
3508 2607 3584 2663 τό·
3603 2606 3848 2677 «Κατενόη-

2314 2701 2448 2754 σατὰ
2464 2700 2598 2772 ἔργα
2611 2717 2724 2767 σου,
2753 2703 2846 2754 καὶ
2877 2701 3117 2771 ἐξέστην.
3131 2720 3150 2753 ι
3169 2699 3452 2764 Ὡσαύτως
3465 2701 3522 2754 δὲ
3537 2700 3628 2754 καὶ
3646 2701 3674 2770 ὴ
3701 2695 3848 2752 ἐπιθυ-

2315 2795 2535 2865 μητική·
2558 2813 2575 2844 ι
2601 2791 2793 2865 Κύριε,
2825 2793 3064 2846 ἐναντίον
3098 2810 3190 2846 σου
3208 2793 3368 2847 πᾶσα
3395 2777 3701 2864 ἤὲπιθυμία
3721 2803 3841 2861 pom

2310 2887 2423 2956 ὲρεί
2454 2884 2509 2937 δὲ
2527 2885 2617 2937 καὶ
2634 2886 2667 2955 ἡ
2685 2883 2897 2955 λογική·
2923 2883 3353 2956 «Διελογισάμην
3378 2887 3411 2957 ή
3422 2885 3587 2957 μέρας
3605 2881 3839 2954 ἀρχαίας.)

2310 2976 2466 3031 Κατὰ
2497 2975 2670 3030 ταῦτα
2718 2975 3054 3046 συμϐήσεται
3086 2976 3180 3030 καὶ
3203 2977 3305 3030 ἐπὶ
3352 2977 3458 3030 τῶν
3508 2974 3673 3031 ἄλλων
3715 2970 3842 3025 δυνά-

2319 3081 2487 3135 μεων.

2381 3157 2764 3221 Τουτέστιτοῖς
2792 3156 3133 3229 βουλομένοις
3167 3158 3327 3214 οὐδὲν
3353 3158 3604 3213 δύσκολον
3628 3156 3743 3227 ἔχοι,
3767 3169 3840 3205 κα-

2313 3248 2491 3322 θάπερ
2515 3252 2548 3321 ἠ
2576 3250 2682 3304 τῶν
2706 3267 2810 3321 χρη
2821 3249 3000 3320 μάτων
3028 3249 3317 3321 ἐπιθυμία·
3334 3252 3460 3316 νοῦς
3487 3249 3704 3322 καθαρὸς
3727 3244 3842 3313 ἐγγί-

2311 3341 2390 3405 ζει
2413 3342 2592 3416 σοφίᾳ·
2621 3341 2807 3413 ἐπειδὴ
2838 3341 2898 3394 τὸ
2935 3335 2992 3394 εὖ
3019 3341 3294 3410 γινώσκει·
3328 3345 3358 3397 ό
3377 3343 3434 3397 δὲ
3456 3341 3738 3413 ἀκάθαρτος
3764 3353 3837 3406 μα·

2309 3433 2511 3506 κρυνθή
2522 3451 2669 3488 σεται
2703 3435 2795 3488 ἀπ’
2810 3434 2997 3505 αὐτῆς.

2378 3607 2580 3661 Τούτου
2627 3607 2720 3661 τοῦ
2756 3607 2912 3675 ξύλου
2958 3608 3093 3679 μετὰ
3135 3608 3232 3680 τὴν
3276 3609 3592 3683 παράϐασιν
3623 3608 3648 3660 ὁ
3699 3600 3834 3669 ’Δδὰμ

2312 3700 2742 3772 μεταλαμϐάνειν
2793 3699 3088 3754 κωλύεται·
3146 3703 3302 3773 εἴπερ
3363 3703 3471 3757 ἀπὸ
3523 3696 3731 3771 καρπῶν
3775 3693 3834 3746 δι-

2307 3791 2597 3863 καιοσύνης
2645 3792 2926 3860 φυτεύεται
2973 3793 3184 3864 δένδρον
3236 3795 3412 3867 ζωῆς·
3461 3795 3520 3847 τὸ
3567 3791 3619 3844 δὲ
3660 3785 3834 3854 δένδρον

2306 3882 2469 3954 ζωῆς,
2504 3884 2536 3952 ἡ
2582 3882 2675 3936 τοῦ
2717 3883 2850 3936 Θεοῦ
2888 3884 3047 3952 σοφία
3101 3884 3216 3936 ἐστί
3237 3901 3251 3916 ·
3287 3883 3522 3948 δικαίως
3550 3883 3604 3936 δὲ
3635 3874 3831 3948 ἅψασθαι

2305 3972 2608 4026 κεκώλυται
2630 3973 2819 4026 τούτου
2849 3973 2941 4027 τοῦ
2967 3973 3123 4039 ξύλου
3155 3975 3264 4038 πᾶς
3297 3977 3629 4048 παράνομος.

2384 4065 2443 4118 Ὁ
2486 4064 2617 4130 Θεὸς
2665 4069 2728 4137 τῇ
2780 4067 2877 4138 μὲν
2926 4067 3087 4138 σοφίᾳ
3115 4067 3206 4121 καὶ
3233 4067 3332 4137 τὴν
3375 4069 3476 4140 γῆν
3518 4061 3829 4136 ὲθεμελίωσε·

2304 4156 2394 4209 διὰ
2425 4157 2482 4209 δὲ
2512 4157 2612 4228 τῆς
2641 4158 2941 4229 αἰσθήσεως
2977 4159 3138 4212 αὐτοῦ
3173 4157 3487 4230 ὲρῤάγησαν
3528 4156 3749 4213 ἄϐυσσοι,
3777 4144 3833 4198 τὰ

2301 4249 2358 4302 δὲ
2380 4249 2515 4320 νέφη
2543 4249 2813 4320 ἐρρύησαν
2841 4251 3090 4322 δρόσους·
3122 4250 3188 4321 ἢν
3217 4246 3309 4304 οὖν
3333 4250 3568 4306 ἐνταῦθα
3593 4248 3687 4316 γῆν
3713 4237 3828 4298 εἶπεν

2302 4341 2511 4406 Παῦλος
2545 4343 2573 4394 ὁ
2605 4341 2758 4410 ἆγιος
2784 4341 2984 4405 πλάτος
3024 4343 3303 4414 ὠνόμασε·
3353 4343 3451 4398 καὶ
3482 4345 3604 4404 τοὺς
3637 4329 3833 4390 ἐνταῦθα

645 4445 753 4500 tur,
784 4433 1122 4488 altitudinem
1148 4431 1237 4487 ille
1267 4441 1424 4486 vocat
1455 4433 1752 4501 inEpistola
1793 4433 1862 4488 ad
1899 4433 2156 4503 Ephesios
2182 4453 2197 4502 ;

2311 4429 2562 4500 οὐρανοὺς
2590 4429 2933 4502 λεγομένους,
2967 4430 3098 4501 ὕψος
3138 4433 3340 4497 ἐκεῖνος
3363 4437 3418 4488 ὲν
3447 4435 3510 4504 τῇ
3539 4430 3666 4501 πρὸς
3698 4419 3831 4488 Ἐφ’

641 4537 842 4596 etquae
871 4525 1075 4594 tropice
1109 4525 1364 4580 dicuntur
1407 4525 1607 4596 abyssi,
1649 4541 1741 4580 eas
1777 4525 2195 4597 profunditatem

640 4619 770 4675 dicit
803 4641 816 4676 :
847 4619 1106 4676 roriferas
1133 4619 1364 4688 denique
1406 4617 1594 4684 nubes,
1634 4618 2037 4689 longitudinem.
2071 4617 2196 4673 Haec

639 4726 802 4784 porro
836 4711 1015 4767 omnia
1052 4710 1400 4766 rationalium
1432 4719 1746 4764 naturarum
1776 4709 2014 4780 symbola
2047 4719 2189 4775 sunt,

639 4817 757 4872 quae
795 4812 989 4858 ornatu
1018 4811 1070 4856 et
1099 4815 1329 4872 corpore
1357 4797 1608 4856 differunt
1640 4802 1934 4854 secundum
1961 4802 2191 4870 propriae

637 4895 1041 4953 constitutionis
1071 4895 1396 4963 analogiam.
1420 4892 1679 4963 Congruit
1701 4892 1976 4961 sapientiae
1996 4907 2189 4946 nomen

638 4987 800 5041 etiam
823 4986 913 5040 Dei
932 4985 1088 5042 Filio.
1117 4986 1223 5040 Sed
1247 4996 1302 5040 et
1327 4985 1509 5038 anima
1538 4982 1728 5048 ﬁdelis,
1758 4992 1898 5038 terra
1915 4991 1995 5038 est
2009 4991 2194 5038 centu-

638 5078 829 5146 plicem
859 5077 1092 5132 fructum
1123 5078 1393 5133 reddens:
1429 5092 1550 5146 qua:
1589 5075 1804 5146 quidem
1849 5089 1914 5129 ex
1966 5075 2191 5144 pingue-

639 5169 781 5235 dine,
811 5169 862 5224 id
884 5179 966 5224 est
992 5170 1280 5239 sapientia,
1325 5168 1543 5236 sapiens
1584 5171 1673 5232 lit,
1711 5167 1820 5223 Deo
1871 5167 2191 5237 sapientiam

637 5272 797 5328 super
825 5275 886 5314 ea
917 5259 1193 5315 fundante.
1232 5259 1382 5314 Facit
1406 5259 1549 5313 enim
1575 5259 1716 5314 hanc
1739 5259 1970 5313 animam
1987 5257 2191 5314 doctri-

636 5362 718 5401 na:
748 5347 1039 5416 cumulum,
1077 5350 1355 5420 sapientiae,
1384 5351 1640 5413 cinnum;
1685 5357 1845 5418 atque
1871 5362 1934 5402 ex
1959 5363 2021 5403 ea
2051 5362 2192 5402 sem-

635 5451 729 5504 per
757 5437 1091 5506 proliciente,
1119 5438 1318 5496 caelum
1349 5436 1510 5492 efﬁcit
1533 5476 1549 5503 ,
1592 5436 1937 5506 purissimam
1969 5444 2188 5489 creatu-

635 5539 768 5593 ram,
801 5527 1114 5597 angelorum
1157 5541 1320 5601 atque
1365 5527 1811 5584 intellectualium
1863 5526 2190 5580 substantia-

635 5633 750 5671 rum
780 5618 1143 5676 habitaculum
1167 5662 1184 5690 ,
1217 5621 1528 5678 exsistentis
1560 5621 1658 5676 Dei
1695 5634 1856 5676 sensu
1886 5617 2184 5688 praeditam,

2300 4518 2446 4582 σίους
2476 4518 2660 4572 καλεῖ·
2685 4519 2778 4572 καὶ
2803 4519 2902 4582 τὰς
2929 4519 3226 4590 λεγομένας
3260 4520 3536 4592 τροπικῶς
3571 4515 3830 4572 ἀϐύσσους,

2294 4609 2548 4680 ὀνομάζει
2593 4609 2778 4681 βάθος·
2831 4611 2900 4665 τὰ
2951 4611 3332 4684 δεδροσωμένα
3367 4614 3520 4685 νέφη,
3565 4609 3725 4681 μῆκος
3751 4616 3830 4654 κα-

2294 4703 2409 4756 λεῖ·
2443 4701 2616 4756 ταῦτα
2643 4703 2699 4756 δὲ
2730 4703 2907 4757 πάντα
2938 4705 3170 4773 λογικῶν
3205 4707 3320 4758 ἐστι
3356 4706 3566 4777 φύσεων
3593 4693 3826 4770 σύμϐολα.

2295 4793 2682 4864 διαιρουμένων
2729 4795 2952 4866 κόσμοις
2985 4796 3078 4850 καὶ
3126 4796 3336 4868 σώματι
3385 4797 3525 4852 κατὰ
3572 4785 3830 4854 ἀναλογίαν

2295 4887 2394 4958 τῆς
2437 4888 2845 4951 καταστάσεως·
2888 4887 3114 4960 ἁρμόζει
3157 4888 3312 4942 τοῦτο
3355 4890 3447 4944 καὶ
3488 4885 3578 4941 νῦν
3622 4880 3694 4951 τῷ
3733 4871 3829 4941 Υἱῷ

2297 4978 2389 5032 τοῦ
2430 4978 2595 5033 Θεοῦ·
2657 4978 2791 5034 ἀλλὰ
2852 4980 2945 5033 καὶ
2994 4982 3027 5050 ἡ
3084 4979 3230 5051 ψυχὴ
3275 4982 3309 5052 ἡ
3361 4978 3544 5049 πιστὴ,
3595 4973 3658 5044 γῆ
3699 4971 3828 5022 ἐστίν

2301 5070 2788 5124 ὲκατονταπλασίον
2846 5071 3295 5142 καρποφοροῦσα·
3359 5072 3491 5142 αὕτη
3537 5067 3590 5120 δὲ
3639 5066 3698 5116 ὲκ
3741 5056 3828 5125 τῆς

2300 5163 2568 5234 πιότητος,
2599 5163 2720 5233 ἥτις
2764 5162 2882 5215 ἐστὶ
2919 5164 3096 5232 σοφία,
3135 5166 3268 5236 σοφὴ
3293 5183 3307 5196 ·
3353 5159 3708 5235 θεμελιοῦντος
3744 5147 3828 5200 αὖ·

2297 5254 2394 5326 τὴν
2452 5255 2536 5306 ἐπ’
2586 5253 2722 5324 αὐτῇ
2769 5252 2866 5307 τοῦ
2909 5254 3076 5308 Θεοῦ·
3129 5256 3338 5325 έδράζει
3380 5255 3485 5325 γὰρ
3540 5245 3696 5315 αὐτὴν
3736 5237 3824 5306 τὴν

2297 5344 2613 5417 συναγωγὴν
2663 5347 2764 5418 τῆς
2813 5345 3180 5414 διδασκαλίας,
3236 5349 3326 5401 καὶ
3380 5345 3534 5416 πῆξιν
3589 5336 3687 5392 άπὸ
3747 5343 3822 5380 σο·
3923 5359 3926 5362 ι

2296 5437 2422 5506 φίας
2466 5436 2785 5508 ποιούμενος
2804 5453 2817 5469 ο
2873 5440 2971 5492 καῖ
3017 5441 3104 5494 ἀεὶ
3161 5437 3587 5512 προκοπτούσης,
3618 5418 3821 5512 οὐρανὸν

2293 5531 2684 5604 ἀπεργάζεται,
2720 5532 3100 5604 καθαρώτατον
3137 5508 3358 5604 κτίσμα,
3398 5526 3636 5597 ἀγγέλων
3665 5533 3717 5569 τε
3743 5508 3822 5604 καὶ

2293 5619 2400 5675 τῶν
2433 5619 2636 5702 νοερῶν
2663 5622 2858 5678 οὐσιῶν
2905 5623 3240 5694 οἰκητήριον,
3277 5616 3544 5676 λαϐοῦσάν
3575 5627 3627 5664 τε
3653 5601 3820 5669 αἴσθτ]ῳ

703 5796 749 5830 ⁸⁸
771 5812 820 5852 v.
851 5798 934 5856 l9.
974 5799 1019 5832 ¹⁹
1087 5803 1220 5855 v.1.
1297 5803 1341 5833 '°
1374 5818 1425 5857 ν.
1455 5801 1508 5858 8.
1568 5805 1631 5879 ,³⁸
1667 5817 1720 5858 v.
1765 5801 1891 5856 15.-
1928 5802 1973 5835 “
2016 5816 2068 5855 v.
2116 5801 2203 5859 l8.

2311 5802 2325 5836 '
2361 5818 2412 5856 v.
2445 5804 2535 5859 l9.
