  <div class='ocr_page' id='page_1' title='image "/cluster/home/n/w/nwhite01/storage/ocr_20150623/17/mdp.39015031604831/090.png"; bbox 0 0 4012 6340; ppageno 0'>
   <div class='ocr_carea' id='block_1_1' title="bbox 222 456 300 513">
    <p class='ocr_par' dir='ltr' id='par_1_1' title="bbox 222 456 300 513">
     <span class='ocr_line' id='line_1_1' title="bbox 222 456 300 513; baseline -0.038 -2"><span class='ocrx_word' id='word_1_1' title='bbox 222 456 300 513; x_wconf 71' lang='lat'><strong>:69</strong></span> 
     </span>
    </p>
   </div>
   <div class='ocr_carea' id='block_1_2' title="bbox 1361 453 2285 510">
    <p class='ocr_par' dir='ltr' id='par_1_2' title="bbox 1361 453 2285 510">
     <span class='ocr_line' id='line_1_2' title="bbox 1361 453 2285 510; baseline 0.003 -3"><span class='ocrx_word' id='word_1_2' title='bbox 1361 453 1725 509; x_wconf 75' lang='lat' dir='ltr'><strong>EXI’OSITIO</strong></span> <span class='ocrx_word' id='word_1_3' title='bbox 1767 454 1829 508; x_wconf 83' lang='lat' dir='ltr'><strong>IN</strong></span> <span class='ocrx_word' id='word_1_4' title='bbox 1870 453 2285 510; x_wconf 56' lang='lat' dir='ltr'><strong>PROVEI‘BIA.</strong></span> 
     </span>
    </p>
   </div>
   <div class='ocr_carea' id='block_1_3' title="bbox 3334 463 3432 517">
    <p class='ocr_par' dir='ltr' id='par_1_3' title="bbox 3334 463 3432 517">
     <span class='ocr_line' id='line_1_3' title="bbox 3334 463 3432 517; baseline 0 -1"><span class='ocrx_word' id='word_1_5' title='bbox 3334 463 3432 517; x_wconf 85' lang='lat' dir='ltr'><strong>I70</strong></span> 
     </span>
    </p>
   </div>
   <div class='ocr_carea' id='block_1_4' title="bbox 214 570 1766 645">
    <p class='ocr_par' dir='ltr' id='par_1_4' title="bbox 214 570 1766 644">
     <span class='ocr_line' id='line_1_4' title="bbox 214 570 1766 644; baseline 0.001 -18"><span class='ocrx_word' id='word_1_6' title='bbox 214 593 281 627; x_wconf 80' lang='grc' dir='ltr'><strong>σιν</strong></span> <span class='ocrx_word' id='word_1_7' title='bbox 315 570 403 625; x_wconf 77' lang='grc' dir='ltr'><strong>τοῦ</strong></span> <span class='ocrx_word' id='word_1_8' title='bbox 450 570 627 636; x_wconf 76' lang='grc' dir='ltr'>ὄντος,</span> <span class='ocrx_word' id='word_1_9' title='bbox 670 575 764 628; x_wconf 72' lang='grc' dir='ltr'>καὶ</span> <span class='ocrx_word' id='word_1_10' title='bbox 809 572 1167 625; x_wconf 85' lang='grc' dir='ltr'>κατανοοῦσαν</span> <span class='ocrx_word' id='word_1_11' title='bbox 1220 573 1317 642; x_wconf 81' lang='grc' dir='ltr'>τὴν</span> <span class='ocrx_word' id='word_1_12' title='bbox 1368 573 1475 625; x_wconf 86' lang='grc' dir='ltr'><strong>τῶν</strong></span> <span class='ocrx_word' id='word_1_13' title='bbox 1515 575 1766 644; x_wconf 83' lang='grc' dir='ltr'>πραγμά-</span> 
     </span>
    </p>
   </div>
   <div class='ocr_carea' id='block_1_5' title="bbox 1868 570 3431 645">
    <p class='ocr_par' dir='ltr' id='par_1_5' title="bbox 1880 574 3431 645">
     <span class='ocr_line' id='line_1_5' title="bbox 1880 574 3431 645; baseline 0.008 -18"><span class='ocrx_word' id='word_1_14' title='bbox 1880 590 2058 629; x_wconf 88' lang='lat' dir='ltr'><strong>rerum</strong></span> <span class='ocrx_word' id='word_1_15' title='bbox 2100 574 2302 629; x_wconf 69' lang='lat' dir='ltr'><strong>intima:</strong></span> <span class='ocrx_word' id='word_1_16' title='bbox 2347 584 2549 629; x_wconf 76' lang='lat' dir='ltr'><strong>naturte</strong></span> <span class='ocrx_word' id='word_1_17' title='bbox 2600 578 2860 645; x_wconf 86' lang='lat' dir='ltr'><strong>peritam,</strong></span> <span class='ocrx_word' id='word_1_18' title='bbox 2899 589 2951 635; x_wconf 92' lang='lat' dir='ltr'><strong>et</strong></span> <span class='ocrx_word' id='word_1_19' title='bbox 3019 583 3285 637; x_wconf 86' lang='lat' dir='ltr'><strong>variorum</strong></span> <span class='ocrx_word' id='word_1_20' title='bbox 3342 587 3431 639; x_wconf 85' lang='lat' dir='ltr'><strong>Dei</strong></span> 
     </span>
    </p>
   </div>
   <div class='ocr_carea' id='block_1_6' title="bbox 212 660 1766 733">
    <p class='ocr_par' dir='ltr' id='par_1_6' title="bbox 212 660 1766 733">
     <span class='ocr_line' id='line_1_6' title="bbox 212 660 1766 733; baseline -0.001 -17"><span class='ocrx_word' id='word_1_21' title='bbox 212 680 305 717; x_wconf 83' lang='grc' dir='ltr'><strong>των</strong></span> <span class='ocrx_word' id='word_1_22' title='bbox 346 662 654 733; x_wconf 86' lang='grc' dir='ltr'>ἀκρίϐειαν,</span> <span class='ocrx_word' id='word_1_23' title='bbox 698 664 859 715; x_wconf 77' lang='grc' dir='ltr'>οἱονεὶ</span> <span class='ocrx_word' id='word_1_24' title='bbox 903 663 962 715; x_wconf 86' lang='grc' dir='ltr'><strong>τὸ</strong></span> <span class='ocrx_word' id='word_1_25' title='bbox 1000 660 1307 732; x_wconf 78' lang='grc' dir='ltr'><strong>πολύμυθον</strong></span> <span class='ocrx_word' id='word_1_26' title='bbox 1356 662 1461 717; x_wconf 86' lang='grc' dir='ltr'><strong>τῶν</strong></span> <span class='ocrx_word' id='word_1_27' title='bbox 1504 663 1595 716; x_wconf 87' lang='grc' dir='ltr'><strong>τοῦ</strong></span> <span class='ocrx_word' id='word_1_28' title='bbox 1638 663 1766 715; x_wconf 81' lang='grc' dir='ltr'>Θεοῦ</span> 
     </span>
    </p>
   </div>
   <div class='ocr_carea' id='block_1_7' title="bbox 1868 660 2215 733">
    <p class='ocr_par' dir='ltr' id='par_1_7' title="bbox 1873 665 2215 732">
     <span class='ocr_line' id='line_1_7' title="bbox 1873 665 2215 732; baseline 0.006 -15"><span class='ocrx_word' id='word_1_29' title='bbox 1873 665 2215 732; x_wconf 80' lang='lat' dir='ltr'><strong>judiciorttm.</strong></span> 
     </span>
    </p>
   </div>
   <div class='ocr_carea' id='block_1_8' title="bbox 213 754 503 826">
    <p class='ocr_par' dir='ltr' id='par_1_8' title="bbox 213 754 503 826">
     <span class='ocr_line' id='line_1_8' title="bbox 213 754 503 826; baseline -0.007 -18"><span class='ocrx_word' id='word_1_30' title='bbox 213 754 503 826; x_wconf 72' lang='grc' dir='ltr'>χριμάτων.</span> 
     </span>
    </p>
   </div>
   <div class='ocr_carea' id='block_1_9' title="bbox 275 845 1769 918">
    <p class='ocr_par' dir='ltr' id='par_1_9' title="bbox 275 845 1769 918">
     <span class='ocr_line' id='line_1_9' title="bbox 275 845 1769 918; baseline 0.001 -22"><span class='ocrx_word' id='word_1_31' title='bbox 275 846 413 918; x_wconf 78' lang='grc' dir='ltr'>Πρὸς</span> <span class='ocrx_word' id='word_1_32' title='bbox 448 845 621 916; x_wconf 84' lang='grc' dir='ltr'>μόνην</span> <span class='ocrx_word' id='word_1_33' title='bbox 668 845 770 915; x_wconf 77' lang='grc' dir='ltr'>τὴν</span> <span class='ocrx_word' id='word_1_34' title='bbox 814 845 1006 915; x_wconf 83' lang='grc' dir='ltr'>σοφίαν</span> <span class='ocrx_word' id='word_1_35' title='bbox 1034 845 1386 900; x_wconf 80' lang='grc' dir='ltr'><strong>ἀδυνατοῦσιν</strong></span> <span class='ocrx_word' id='word_1_36' title='bbox 1421 848 1466 899; x_wconf 93' lang='grc' dir='ltr'>οἱ</span> <span class='ocrx_word' id='word_1_37' title='bbox 1496 846 1769 916; x_wconf 83' lang='grc' dir='ltr'>δαίμονες,</span> 
     </span>
    </p>
   </div>
   <div class='ocr_carea' id='block_1_10' title="bbox 213 936 1772 1007">
    <p class='ocr_par' dir='ltr' id='par_1_10' title="bbox 213 936 1772 1007">
     <span class='ocr_line' id='line_1_10' title="bbox 213 936 1772 1007; baseline -0.001 -18"><span class='ocrx_word' id='word_1_38' title='bbox 213 938 486 1007; x_wconf 74' lang='grc' dir='ltr'>λογισμοὺς</span> <span class='ocrx_word' id='word_1_39' title='bbox 514 936 805 1007; x_wconf 83' lang='grc' dir='ltr'>ἐμϐάλλειν</span> <span class='ocrx_word' id='word_1_40' title='bbox 837 939 918 1000; x_wconf 86' lang='grc' dir='ltr'><strong>εἰς</strong></span> <span class='ocrx_word' id='word_1_41' title='bbox 946 937 1045 1007; x_wconf 85' lang='grc' dir='ltr'>τὴν</span> <span class='ocrx_word' id='word_1_42' title='bbox 1067 936 1297 1007; x_wconf 77' lang='grc' dir='ltr'><strong>καρδίαν</strong></span> <span class='ocrx_word' id='word_1_43' title='bbox 1321 938 1411 990; x_wconf 90' lang='grc' dir='ltr'><strong>τοῦ</strong></span> <span class='ocrx_word' id='word_1_44' title='bbox 1449 937 1772 1007; x_wconf 85' lang='grc' dir='ltr'>σεσοφισμέ-</span> 
     </span>
    </p>
   </div>
   <div class='ocr_carea' id='block_1_11' title="bbox 213 1025 1773 1098">
    <p class='ocr_par' dir='ltr' id='par_1_11' title="bbox 213 1025 1773 1098">
     <span class='ocr_line' id='line_1_11' title="bbox 213 1025 1773 1098; baseline -0.001 -18"><span class='ocrx_word' id='word_1_45' title='bbox 213 1045 296 1080; x_wconf 81' lang='grc' dir='ltr'><strong>νου</strong></span> <span class='ocrx_word' id='word_1_46' title='bbox 333 1026 402 1097; x_wconf 78' lang='grc' dir='ltr'>μὴ</span> <span class='ocrx_word' id='word_1_47' title='bbox 429 1027 891 1098; x_wconf 83' lang='grc' dir='ltr'>συγχωρούμενοι·</span> <span class='ocrx_word' id='word_1_48' title='bbox 927 1028 957 1078; x_wconf 82' lang='grc' dir='ltr'><strong>ὁ</strong></span> <span class='ocrx_word' id='word_1_49' title='bbox 996 1027 1103 1098; x_wconf 83' lang='grc' dir='ltr'><strong>γάρ</strong></span> <span class='ocrx_word' id='word_1_50' title='bbox 1145 1026 1268 1088; x_wconf 91' lang='grc' dir='ltr'>νοῦς</span> <span class='ocrx_word' id='word_1_51' title='bbox 1309 1029 1419 1088; x_wconf 88' lang='grc' dir='ltr'>τοῖς</span> <span class='ocrx_word' id='word_1_52' title='bbox 1449 1028 1548 1097; x_wconf 82' lang='grc' dir='ltr'>τῆς</span> <span class='ocrx_word' id='word_1_53' title='bbox 1584 1025 1773 1095; x_wconf 89' lang='grc' dir='ltr'>σοφίας</span> 
     </span>
    </p>
   </div>
   <div class='ocr_carea' id='block_1_12' title="bbox 213 1117 1772 1190">
    <p class='ocr_par' dir='ltr' id='par_1_12' title="bbox 213 1117 1772 1190">
     <span class='ocr_line' id='line_1_12' title="bbox 213 1117 1772 1190; baseline -0.001 -18"><span class='ocrx_word' id='word_1_54' title='bbox 213 1117 642 1188; x_wconf 76' lang='grc' dir='ltr'>ἀντιποιούμενος</span> <span class='ocrx_word' id='word_1_55' title='bbox 697 1118 1076 1190; x_wconf 81' lang='grc' dir='ltr'><strong>θεωρήμασιν,</strong></span> <span class='ocrx_word' id='word_1_56' title='bbox 1147 1118 1495 1180; x_wconf 85' lang='grc' dir='ltr'>ἀνεπίδεκτος</span> <span class='ocrx_word' id='word_1_57' title='bbox 1563 1118 1772 1186; x_wconf 88' lang='grc' dir='ltr'>γίνεται</span> 
     </span>
    </p>
   </div>
   <div class='ocr_carea' id='block_1_13' title="bbox 213 1208 1773 1280">
    <p class='ocr_par' dir='ltr' id='par_1_13' title="bbox 213 1208 1773 1280">
     <span class='ocr_line' id='line_1_13' title="bbox 213 1208 1773 1280; baseline -0.001 -18"><span class='ocrx_word' id='word_1_58' title='bbox 213 1210 469 1280; x_wconf 79' lang='grc' dir='ltr'>λογισμῶν</span> <span class='ocrx_word' id='word_1_59' title='bbox 507 1208 855 1280; x_wconf 85' lang='grc' dir='ltr'>ἀκαθάρτων.</span> <span class='ocrx_word' id='word_1_60' title='bbox 893 1241 962 1251; x_wconf 94' lang='grc'><strong>-</strong></span> <span class='ocrx_word' id='word_1_61' title='bbox 991 1208 1135 1273; x_wconf 89' lang='grc' dir='ltr'>Νοῦς</span> <span class='ocrx_word' id='word_1_62' title='bbox 1173 1208 1408 1280; x_wconf 82' lang='grc' dir='ltr'>καθαρὸς</span> <span class='ocrx_word' id='word_1_63' title='bbox 1452 1210 1656 1276; x_wconf 75' lang='grc' dir='ltr'>ἐγγίζει</span> <span class='ocrx_word' id='word_1_64' title='bbox 1686 1227 1773 1262; x_wconf 62' lang='grc' dir='ltr'><strong>σου</strong></span> 
     </span>
    </p>
   </div>
   <div class='ocr_carea' id='block_1_14' title="bbox 208 1297 1770 1372">
    <p class='ocr_par' dir='ltr' id='par_1_14' title="bbox 208 1297 1770 1372">
     <span class='ocr_line' id='line_1_14' title="bbox 208 1297 1770 1372; baseline 0.002 -22"><span class='ocrx_word' id='word_1_65' title='bbox 208 1300 320 1372; x_wconf 72' lang='grc' dir='ltr'>φίᾳ,</span> <span class='ocrx_word' id='word_1_66' title='bbox 368 1300 550 1371; x_wconf 84' lang='grc' dir='ltr'>ἐπειδὴ</span> <span class='ocrx_word' id='word_1_67' title='bbox 590 1302 653 1354; x_wconf 85' lang='grc' dir='ltr'>τὸ</span> <span class='ocrx_word' id='word_1_68' title='bbox 704 1297 764 1354; x_wconf 83' lang='grc' dir='ltr'><strong>εὖ</strong></span> <span class='ocrx_word' id='word_1_69' title='bbox 809 1299 1101 1369; x_wconf 77' lang='grc' dir='ltr'>γινώσκειο</span> <span class='ocrx_word' id='word_1_70' title='bbox 1145 1302 1173 1352; x_wconf 87' lang='grc' dir='ltr'><strong>ό</strong></span> <span class='ocrx_word' id='word_1_71' title='bbox 1210 1300 1265 1353; x_wconf 82' lang='grc' dir='ltr'><strong>δὲ</strong></span> <span class='ocrx_word' id='word_1_72' title='bbox 1314 1299 1620 1370; x_wconf 77' lang='grc' dir='ltr'>ἀκάθαρτος</span> <span class='ocrx_word' id='word_1_73' title='bbox 1664 1318 1770 1370; x_wconf 90' lang='grc' dir='ltr'>μα-</span> 
     </span>
    </p>
   </div>
   <div class='ocr_carea' id='block_1_15' title="bbox 1951 844 3432 922">
    <p class='ocr_par' dir='ltr' id='par_1_15' title="bbox 1951 844 3432 922">
     <span class='ocr_line' id='line_1_15' title="bbox 1951 844 3432 922; baseline 0.008 -26"><span class='ocrx_word' id='word_1_74' title='bbox 1951 844 1994 874; x_wconf 80' lang='grc'><strong>²⁸</strong></span> <span class='ocrx_word' id='word_1_75' title='bbox 2042 844 2331 913; x_wconf 73' lang='lat' dir='ltr'><strong>Sapientite</strong></span> <span class='ocrx_word' id='word_1_76' title='bbox 2397 845 2773 899; x_wconf 92' lang='lat' dir='ltr'><strong>tantummodo</strong></span> <span class='ocrx_word' id='word_1_77' title='bbox 2827 850 3115 913; x_wconf 72' lang='lat' dir='ltr'><strong>prtevalere</strong></span> <span class='ocrx_word' id='word_1_78' title='bbox 3154 866 3432 922; x_wconf 88' lang='lat' dir='ltr'><strong>nequeunt</strong></span> 
     </span>
    </p>
   </div>
   <div class='ocr_carea' id='block_1_16' title="bbox 1878 935 3433 1015">
    <p class='ocr_par' dir='ltr' id='par_1_16' title="bbox 1878 935 3433 1015">
     <span class='ocr_line' id='line_1_16' title="bbox 1878 935 3433 1015; baseline 0.009 -27"><span class='ocrx_word' id='word_1_79' title='bbox 1878 935 2172 999; x_wconf 76' lang='lat' dir='ltr'><strong>dretnones,</strong></span> <span class='ocrx_word' id='word_1_80' title='bbox 2208 938 2298 1005; x_wconf 92' lang='lat' dir='ltr'><strong>qui</strong></span> <span class='ocrx_word' id='word_1_81' title='bbox 2329 952 2518 1003; x_wconf 80' lang='lat' dir='ltr'><strong>pravas</strong></span> <span class='ocrx_word' id='word_1_82' title='bbox 2567 939 2925 1007; x_wconf 83' lang='lat' dir='ltr'><strong>cogitationes</strong></span> <span class='ocrx_word' id='word_1_83' title='bbox 2968 944 3017 994; x_wconf 92' lang='lat' dir='ltr'><strong>in</strong></span> <span class='ocrx_word' id='word_1_84' title='bbox 3056 959 3146 997; x_wconf 89' lang='lat' dir='ltr'><strong>cor</strong></span> <span class='ocrx_word' id='word_1_85' title='bbox 3180 948 3433 1015; x_wconf 79' lang='lat' dir='ltr'><strong>sapientis</strong></span> 
     </span>
    </p>
   </div>
   <div class='ocr_carea' id='block_1_17' title="bbox 1877 1029 3434 1102">
    <p class='ocr_par' dir='ltr' id='par_1_17' title="bbox 1877 1029 3434 1102">
     <span class='ocr_line' id='line_1_17' title="bbox 1877 1029 3434 1102; baseline 0.008 -22"><span class='ocrx_word' id='word_1_86' title='bbox 1877 1043 1981 1082; x_wconf 89' lang='lat' dir='ltr'><strong>non</strong></span> <span class='ocrx_word' id='word_1_87' title='bbox 2010 1029 2266 1082; x_wconf 85' lang='lat' dir='ltr'><strong>sinuntur</strong></span> <span class='ocrx_word' id='word_1_88' title='bbox 2311 1029 2549 1095; x_wconf 80' lang='lat' dir='ltr'><strong>injicere.</strong></span> <span class='ocrx_word' id='word_1_89' title='bbox 2621 1029 2753 1083; x_wconf 86' lang='lat' dir='ltr'><strong>Nam</strong></span> <span class='ocrx_word' id='word_1_90' title='bbox 2787 1047 2938 1086; x_wconf 88' lang='lat' dir='ltr'><strong>mens</strong></span> <span class='ocrx_word' id='word_1_91' title='bbox 2984 1035 3259 1102; x_wconf 72' lang='lat' dir='ltr'><strong>sapientia:</strong></span> <span class='ocrx_word' id='word_1_92' title='bbox 3303 1056 3434 1093; x_wconf 90' lang='lat' dir='ltr'><strong>eon-</strong></span> 
     </span>
    </p>
   </div>
   <div class='ocr_carea' id='block_1_18' title="bbox 1877 1119 3435 1195">
    <p class='ocr_par' dir='ltr' id='par_1_18' title="bbox 1877 1119 3435 1195">
     <span class='ocr_line' id='line_1_18' title="bbox 1877 1119 3435 1195; baseline 0.009 -23"><span class='ocrx_word' id='word_1_93' title='bbox 1877 1119 2311 1188; x_wconf 88' lang='lat' dir='ltr'><strong>templalionibus</strong></span> <span class='ocrx_word' id='word_1_94' title='bbox 2366 1121 2605 1185; x_wconf 87' lang='lat' dir='ltr'><strong>intenta,</strong></span> <span class='ocrx_word' id='word_1_95' title='bbox 2661 1121 2893 1191; x_wconf 89' lang='lat' dir='ltr'><strong>impuris</strong></span> <span class='ocrx_word' id='word_1_96' title='bbox 2928 1127 3343 1195; x_wconf 79' lang='lat' dir='ltr'><strong>cogitationibus</strong></span> <span class='ocrx_word' id='word_1_97' title='bbox 3377 1132 3435 1186; x_wconf 80' lang='lat' dir='ltr'><strong>ﬁt</strong></span> 
     </span>
    </p>
   </div>
   <div class='ocr_carea' id='block_1_19' title="bbox 1876 1212 3433 1293">
    <p class='ocr_par' dir='ltr' id='par_1_19' title="bbox 1876 1212 3433 1293">
     <span class='ocr_line' id='line_1_19' title="bbox 1876 1212 3433 1293; baseline 0.008 -28"><span class='ocrx_word' id='word_1_98' title='bbox 1876 1212 2175 1280; x_wconf 88' lang='lat' dir='ltr'><strong>impervia.-</strong></span> <span class='ocrx_word' id='word_1_99' title='bbox 2206 1213 2384 1267; x_wconf 79' lang='lat' dir='ltr'><strong>-Mens</strong></span> <span class='ocrx_word' id='word_1_100' title='bbox 2407 1228 2540 1281; x_wconf 90' lang='lat' dir='ltr'><strong>pura</strong></span> <span class='ocrx_word' id='word_1_101' title='bbox 2572 1217 2971 1286; x_wconf 82' lang='lat' dir='ltr'><strong>appropinquat</strong></span> <span class='ocrx_word' id='word_1_102' title='bbox 2992 1222 3291 1290; x_wconf 62' lang='lat' dir='ltr'><strong>sapientia},</strong></span> <span class='ocrx_word' id='word_1_103' title='bbox 3314 1229 3433 1293; x_wconf 86' lang='lat' dir='ltr'><strong>quia</strong></span> 
     </span>
    </p>
   </div>
   <div class='ocr_carea' id='block_1_20' title="bbox 1873 1306 3436 1382">
    <p class='ocr_par' dir='ltr' id='par_1_20' title="bbox 1873 1306 3436 1382">
     <span class='ocr_line' id='line_1_20' title="bbox 1873 1306 3436 1382; baseline 0.01 -27"><span class='ocrx_word' id='word_1_104' title='bbox 1873 1306 2012 1373; x_wconf 91' lang='lat' dir='ltr'><strong>quod</strong></span> <span class='ocrx_word' id='word_1_105' title='bbox 2048 1316 2254 1359; x_wconf 87' lang='lat' dir='ltr'><strong>rectum</strong></span> <span class='ocrx_word' id='word_1_106' title='bbox 2292 1316 2373 1362; x_wconf 89' lang='lat' dir='ltr'><strong>est</strong></span> <span class='ocrx_word' id='word_1_107' title='bbox 2407 1307 2649 1375; x_wconf 83' lang='lat' dir='ltr'><strong>agnoscit</strong></span> <span class='ocrx_word' id='word_1_108' title='bbox 2686 1322 2874 1363; x_wconf 90' lang='lat' dir='ltr'><strong>:secus</strong></span> <span class='ocrx_word' id='word_1_109' title='bbox 2898 1325 3023 1364; x_wconf 87' lang='lat' dir='ltr'><strong>vero</strong></span> <span class='ocrx_word' id='word_1_110' title='bbox 3047 1311 3255 1382; x_wconf 88' lang='lat' dir='ltr'><strong>impura</strong></span> <span class='ocrx_word' id='word_1_111' title='bbox 3286 1330 3436 1371; x_wconf 91' lang='lat' dir='ltr'><strong>meus</strong></span> 
     </span>
    </p>
   </div>
   <div class='ocr_carea' id='block_1_21' title="bbox 203 1391 904 1464">
    <p class='ocr_par' dir='ltr' id='par_1_21' title="bbox 203 1391 904 1464">
     <span class='ocr_line' id='line_1_21' title="bbox 203 1391 904 1464; baseline -0.001 -18"><span class='ocrx_word' id='word_1_112' title='bbox 203 1391 401 1464; x_wconf 81' lang='grc' dir='ltr'>κρυνθή</span> <span class='ocrx_word' id='word_1_113' title='bbox 410 1409 558 1445; x_wconf 79' lang='grc' dir='ltr'>σεται</span> <span class='ocrx_word' id='word_1_114' title='bbox 590 1391 683 1446; x_wconf 88' lang='grc' dir='ltr'>ἀπ’</span> <span class='ocrx_word' id='word_1_115' title='bbox 715 1392 904 1462; x_wconf 82' lang='grc' dir='ltr'>αὐτῆς.</span> 
     </span>
    </p>
   </div>
   <div class='ocr_carea' id='block_1_22' title="bbox 264 1478 1773 1554">
    <p class='ocr_par' dir='ltr' id='par_1_22' title="bbox 264 1478 1773 1554">
     <span class='ocr_line' id='line_1_22' title="bbox 264 1478 1773 1554; baseline 0.001 -20"><span class='ocrx_word' id='word_1_116' title='bbox 264 1482 609 1554; x_wconf 84' lang='grc' dir='ltr'>Πρόσκομμα</span> <span class='ocrx_word' id='word_1_117' title='bbox 656 1480 881 1551; x_wconf 81' lang='grc' dir='ltr'>λογικῆς</span> <span class='ocrx_word' id='word_1_118' title='bbox 931 1478 1144 1550; x_wconf 84' lang='grc' dir='ltr'>φύσεώς</span> <span class='ocrx_word' id='word_1_119' title='bbox 1179 1482 1293 1535; x_wconf 82' lang='grc' dir='ltr'>ἐστι</span> <span class='ocrx_word' id='word_1_120' title='bbox 1342 1481 1596 1552; x_wconf 79' lang='grc' dir='ltr'>λογισμὸς</span> <span class='ocrx_word' id='word_1_121' title='bbox 1639 1482 1773 1535; x_wconf 87' lang='grc' dir='ltr'>ἀκά-</span> 
     </span>
    </p>
   </div>
   <div class='ocr_carea' id='block_1_23' title="bbox 195 1570 1770 1646">
    <p class='ocr_par' dir='ltr' id='par_1_23' title="bbox 195 1570 1770 1646">
     <span class='ocr_line' id='line_1_23' title="bbox 195 1570 1770 1646; baseline 0.007 -29"><span class='ocrx_word' id='word_1_122' title='bbox 195 1571 416 1641; x_wconf 73' lang='grc' dir='ltr'>θαρτος,</span> <span class='ocrx_word' id='word_1_123' title='bbox 463 1571 497 1641; x_wconf 82' lang='grc' dir='ltr'><strong>ἢ</strong></span> <span class='ocrx_word' id='word_1_124' title='bbox 543 1570 746 1639; x_wconf 88' lang='grc' dir='ltr'>γνῶσις</span> <span class='ocrx_word' id='word_1_125' title='bbox 784 1570 983 1642; x_wconf 78' lang='grc' dir='ltr'>ψευδής</span> <span class='ocrx_word' id='word_1_126' title='bbox 1004 1589 1015 1601; x_wconf 89' lang='grc'><strong>·</strong></span> <span class='ocrx_word' id='word_1_127' title='bbox 1049 1574 1077 1625; x_wconf 87' lang='grc' dir='ltr'>ὁ</span> <span class='ocrx_word' id='word_1_128' title='bbox 1116 1571 1173 1624; x_wconf 84' lang='grc' dir='ltr'>δὲ</span> <span class='ocrx_word' id='word_1_129' title='bbox 1203 1575 1270 1642; x_wconf 86' lang='grc' dir='ltr'>τῇ</span> <span class='ocrx_word' id='word_1_130' title='bbox 1306 1573 1400 1625; x_wconf 90' lang='grc' dir='ltr'><strong>τοῦ</strong></span> <span class='ocrx_word' id='word_1_131' title='bbox 1439 1573 1574 1626; x_wconf 83' lang='grc' dir='ltr'>Θεοῦ</span> <span class='ocrx_word' id='word_1_132' title='bbox 1612 1573 1770 1646; x_wconf 81' lang='grc' dir='ltr'>βουλῇ</span> 
     </span>
    </p>
   </div>
   <div class='ocr_carea' id='block_1_24' title="bbox 192 1663 1582 1736">
    <p class='ocr_par' dir='ltr' id='par_1_24' title="bbox 192 1663 1582 1736">
     <span class='ocr_line' id='line_1_24' title="bbox 192 1663 1582 1736; baseline 0.001 -20"><span class='ocrx_word' id='word_1_133' title='bbox 192 1663 774 1735; x_wconf 82' lang='grc' dir='ltr'>περιστοιχειούμενος,</span> <span class='ocrx_word' id='word_1_134' title='bbox 808 1666 865 1717; x_wconf 87' lang='grc' dir='ltr'><strong>ἐν</strong></span> <span class='ocrx_word' id='word_1_135' title='bbox 893 1664 1104 1726; x_wconf 81' lang='grc' dir='ltr'>τούτοις</span> <span class='ocrx_word' id='word_1_136' title='bbox 1132 1664 1194 1717; x_wconf 84' lang='grc' dir='ltr'><strong>οὐ</strong></span> <span class='ocrx_word' id='word_1_137' title='bbox 1224 1664 1582 1736; x_wconf 84' lang='grc' dir='ltr'>προσκόπτει.</span> 
     </span>
    </p>
   </div>
   <div class='ocr_carea' id='block_1_25' title="bbox 1873 1394 2672 1465">
    <p class='ocr_par' dir='ltr' id='par_1_25' title="bbox 1873 1394 2672 1465">
     <span class='ocr_line' id='line_1_25' title="bbox 1873 1394 2672 1465; baseline 0.004 -18"><span class='ocrx_word' id='word_1_138' title='bbox 1873 1409 1902 1447; x_wconf 90' lang='lat' dir='ltr'><strong>a</strong></span> <span class='ocrx_word' id='word_1_139' title='bbox 1937 1394 2195 1462; x_wconf 82' lang='lat' dir='ltr'><strong>sapientia</strong></span> <span class='ocrx_word' id='word_1_140' title='bbox 2230 1396 2391 1465; x_wconf 84' lang='lat' dir='ltr'><strong>longe</strong></span> <span class='ocrx_word' id='word_1_141' title='bbox 2425 1397 2672 1450; x_wconf 87' lang='lat' dir='ltr'><strong>discedit.</strong></span> 
     </span>
    </p>
   </div>
   <div class='ocr_carea' id='block_1_26' title="bbox 1941 1486 3426 1563">
    <p class='ocr_par' dir='ltr' id='par_1_26' title="bbox 1941 1486 3426 1563">
     <span class='ocr_line' id='line_1_26' title="bbox 1941 1486 3426 1563; baseline 0.007 -24"><span class='ocrx_word' id='word_1_142' title='bbox 1941 1486 1986 1517; x_wconf 78' lang='grc'><strong>⁸⁸</strong></span> <span class='ocrx_word' id='word_1_143' title='bbox 2020 1486 2343 1541; x_wconf 86' lang='lat' dir='ltr'><strong>Scandalum</strong></span> <span class='ocrx_word' id='word_1_144' title='bbox 2372 1488 2658 1543; x_wconf 89' lang='lat' dir='ltr'><strong>rationalis</strong></span> <span class='ocrx_word' id='word_1_145' title='bbox 2689 1498 2896 1545; x_wconf 73' lang='lat' dir='ltr'><strong>natura:</strong></span> <span class='ocrx_word' id='word_1_146' title='bbox 2925 1501 3011 1546; x_wconf 89' lang='lat' dir='ltr'><strong>est</strong></span> <span class='ocrx_word' id='word_1_147' title='bbox 3036 1494 3299 1563; x_wconf 83' lang='lat' dir='ltr'><strong>cogitatio</strong></span> <span class='ocrx_word' id='word_1_148' title='bbox 3332 1496 3426 1549; x_wconf 89' lang='lat' dir='ltr'><strong>im-</strong></span> 
     </span>
    </p>
   </div>
   <div class='ocr_carea' id='block_1_27' title="bbox 1874 1578 3434 1649">
    <p class='ocr_par' dir='ltr' id='par_1_27' title="bbox 1874 1578 3434 1649">
     <span class='ocr_line' id='line_1_27' title="bbox 1874 1578 3434 1649; baseline 0.008 -21"><span class='ocrx_word' id='word_1_149' title='bbox 1874 1592 2035 1645; x_wconf 88' lang='lat' dir='ltr'><strong>pura,</strong></span> <span class='ocrx_word' id='word_1_150' title='bbox 2076 1578 2155 1632; x_wconf 93' lang='lat' dir='ltr'><strong>vel</strong></span> <span class='ocrx_word' id='word_1_151' title='bbox 2196 1580 2331 1632; x_wconf 80' lang='lat' dir='ltr'><strong>falsa</strong></span> <span class='ocrx_word' id='word_1_152' title='bbox 2362 1581 2615 1649; x_wconf 81' lang='lat' dir='ltr'><strong>cognitio.</strong></span> <span class='ocrx_word' id='word_1_153' title='bbox 2649 1578 2749 1646; x_wconf 79' lang='lat' dir='ltr'><strong>Qui</strong></span> <span class='ocrx_word' id='word_1_154' title='bbox 2798 1592 2979 1637; x_wconf 88' lang='lat' dir='ltr'><strong>autem</strong></span> <span class='ocrx_word' id='word_1_155' title='bbox 3027 1584 3202 1639; x_wconf 90' lang='lat' dir='ltr'><strong>divina</strong></span> <span class='ocrx_word' id='word_1_156' title='bbox 3245 1588 3434 1643; x_wconf 83' lang='lat' dir='ltr'><strong>volun-</strong></span> 
     </span>
    </p>
   </div>
   <div class='ocr_carea' id='block_1_28' title="bbox 1875 1671 3425 1737">
    <p class='ocr_par' dir='ltr' id='par_1_28' title="bbox 1875 1671 3425 1737">
     <span class='ocr_line' id='line_1_28' title="bbox 1875 1671 3425 1737; baseline 0.008 -16"><span class='ocrx_word' id='word_1_157' title='bbox 1875 1678 1985 1722; x_wconf 93' lang='lat' dir='ltr'><strong>tate</strong></span> <span class='ocrx_word' id='word_1_158' title='bbox 2017 1671 2462 1727; x_wconf 75' lang='lat' dir='ltr'><strong>circummunitos</strong></span> <span class='ocrx_word' id='word_1_159' title='bbox 2489 1682 2595 1737; x_wconf 89' lang='lat' dir='ltr'><strong>est,</strong></span> <span class='ocrx_word' id='word_1_160' title='bbox 2633 1672 2685 1727; x_wconf 93' lang='lat' dir='ltr'><strong>in</strong></span> <span class='ocrx_word' id='word_1_161' title='bbox 2713 1685 2840 1730; x_wconf 91' lang='lat' dir='ltr'><strong>ante</strong></span> <span class='ocrx_word' id='word_1_162' title='bbox 2873 1676 3013 1731; x_wconf 89' lang='lat' dir='ltr'><strong>dicta</strong></span> <span class='ocrx_word' id='word_1_163' title='bbox 3047 1693 3150 1731; x_wconf 92' lang='lat' dir='ltr'><strong>non</strong></span> <span class='ocrx_word' id='word_1_164' title='bbox 3179 1679 3425 1734; x_wconf 89' lang='lat' dir='ltr'><strong>incurrit.</strong></span> 
     </span>
    </p>
   </div>
   <div class='ocr_carea' id='block_1_29' title="bbox 255 1754 1766 1838">
    <p class='ocr_par' dir='ltr' id='par_1_29' title="bbox 255 1754 1766 1827">
     <span class='ocr_line' id='line_1_29' title="bbox 255 1754 1766 1827; baseline 0.002 -21"><span class='ocrx_word' id='word_1_165' title='bbox 255 1754 402 1808; x_wconf 83' lang='grc' dir='ltr'>Οὔτε</span> <span class='ocrx_word' id='word_1_166' title='bbox 450 1754 662 1824; x_wconf 78' lang='grc' dir='ltr'>ἔφοδος,</span> <span class='ocrx_word' id='word_1_167' title='bbox 714 1756 869 1826; x_wconf 81' lang='grc' dir='ltr'>φησὶ,</span> <span class='ocrx_word' id='word_1_168' title='bbox 915 1756 1166 1826; x_wconf 79' lang='grc' dir='ltr'>πονηρῶν</span> <span class='ocrx_word' id='word_1_169' title='bbox 1215 1755 1490 1827; x_wconf 84' lang='grc' dir='ltr'>λογισμῶν</span> <span class='ocrx_word' id='word_1_170' title='bbox 1550 1755 1766 1827; x_wconf 81' lang='grc' dir='ltr'>φοϐήσει</span> 
     </span>
    </p>
   </div>
   <div class='ocr_carea' id='block_1_30' title="bbox 1868 1754 3426 1838">
    <p class='ocr_par' dir='ltr' id='par_1_30' title="bbox 1944 1758 3426 1838">
     <span class='ocr_line' id='line_1_30' title="bbox 1944 1758 3426 1838; baseline 0.009 -28"><span class='ocrx_word' id='word_1_171' title='bbox 1944 1760 1985 1789; x_wconf 76' lang='grc'><strong>³⁷</strong></span> <span class='ocrx_word' id='word_1_172' title='bbox 2022 1758 2205 1828; x_wconf 77' lang='lat' dir='ltr'><strong>Neque</strong></span> <span class='ocrx_word' id='word_1_173' title='bbox 2238 1761 2497 1828; x_wconf 82' lang='lat' dir='ltr'><strong>incursio,</strong></span> <span class='ocrx_word' id='word_1_174' title='bbox 2526 1764 2721 1832; x_wconf 88' lang='lat' dir='ltr'><strong>inquit,</strong></span> <span class='ocrx_word' id='word_1_175' title='bbox 2754 1769 3016 1820; x_wconf 84' lang='lat' dir='ltr'><strong>malarum</strong></span> <span class='ocrx_word' id='word_1_176' title='bbox 3040 1769 3426 1838; x_wconf 84' lang='lat' dir='ltr'><strong>cogitationum</strong></span> 
     </span>
    </p>
   </div>
   <div class='ocr_carea' id='block_1_31' title="bbox 179 1844 1766 1925">
    <p class='ocr_par' dir='ltr' id='par_1_31' title="bbox 179 1844 1766 1915">
     <span class='ocr_line' id='line_1_31' title="bbox 179 1844 1766 1915; baseline 0.002 -18"><span class='ocrx_word' id='word_1_177' title='bbox 179 1844 271 1899; x_wconf 73' lang='grc' dir='ltr'>τὸν</span> <span class='ocrx_word' id='word_1_178' title='bbox 308 1847 577 1915; x_wconf 83' lang='grc' dir='ltr'>γεγονότα</span> <span class='ocrx_word' id='word_1_179' title='bbox 622 1846 803 1915; x_wconf 74' lang='grc' dir='ltr'>σοφὸν,</span> <span class='ocrx_word' id='word_1_180' title='bbox 851 1844 974 1898; x_wconf 76' lang='grc' dir='ltr'>οὔτε</span> <span class='ocrx_word' id='word_1_181' title='bbox 1020 1846 1238 1911; x_wconf 85' lang='grc' dir='ltr'>ἀσεϐεῖς</span> <span class='ocrx_word' id='word_1_182' title='bbox 1287 1846 1483 1911; x_wconf 76' lang='grc' dir='ltr'>ἔξωθεν</span> <span class='ocrx_word' id='word_1_183' title='bbox 1528 1848 1766 1910; x_wconf 80' lang='grc' dir='ltr'>ἐπιόντες</span> 
     </span>
    </p>
   </div>
   <div class='ocr_carea' id='block_1_32' title="bbox 1868 1844 3427 1925">
    <p class='ocr_par' dir='ltr' id='par_1_32' title="bbox 1875 1850 3427 1925">
     <span class='ocr_line' id='line_1_32' title="bbox 1875 1850 3427 1925; baseline 0.006 -23"><span class='ocrx_word' id='word_1_184' title='bbox 1875 1850 2170 1919; x_wconf 89' lang='lat' dir='ltr'><strong>sapientem</strong></span> <span class='ocrx_word' id='word_1_185' title='bbox 2216 1852 2591 1917; x_wconf 82' lang='lat' dir='ltr'><strong>terrelacient;</strong></span> <span class='ocrx_word' id='word_1_186' title='bbox 2633 1869 2803 1925; x_wconf 86' lang='lat' dir='ltr'><strong>neque</strong></span> <span class='ocrx_word' id='word_1_187' title='bbox 2867 1857 3014 1923; x_wconf 90' lang='lat' dir='ltr'><strong>impii</strong></span> <span class='ocrx_word' id='word_1_188' title='bbox 3064 1860 3306 1914; x_wconf 81' lang='lat' dir='ltr'><strong>exterius</strong></span> <span class='ocrx_word' id='word_1_189' title='bbox 3352 1861 3427 1915; x_wconf 84' lang='lat' dir='ltr'><strong>ir-</strong></span> 
     </span>
    </p>
   </div>
   <div class='ocr_carea' id='block_1_33' title="bbox 174 1920 1766 2016">
    <p class='ocr_par' dir='ltr' id='par_1_33' title="bbox 174 1934 1766 2007">
     <span class='ocr_line' id='line_1_33' title="bbox 174 1934 1766 2007; baseline -0.001 -19"><span class='ocrx_word' id='word_1_190' title='bbox 174 1934 277 2006; x_wconf 76' lang='grc' dir='ltr'><strong>τὴν</strong></span> <span class='ocrx_word' id='word_1_191' title='bbox 308 1936 485 1990; x_wconf 80' lang='grc' dir='ltr'>αὐτοῦ</span> <span class='ocrx_word' id='word_1_192' title='bbox 532 1936 923 2007; x_wconf 72' lang='grc' dir='ltr'>καθαιρήσουσι</span> <span class='ocrx_word' id='word_1_193' title='bbox 967 1934 1213 2005; x_wconf 88' lang='grc' dir='ltr'>δύναμιν,</span> <span class='ocrx_word' id='word_1_194' title='bbox 1261 1935 1548 2007; x_wconf 81' lang='grc' dir='ltr'>ἐρημῶσαι</span> <span class='ocrx_word' id='word_1_195' title='bbox 1594 1934 1766 1988; x_wconf 84' lang='grc' dir='ltr'>θέλον-</span> 
     </span>
    </p>
   </div>
   <div class='ocr_carea' id='block_1_34' title="bbox 1868 1920 3430 2016">
    <p class='ocr_par' dir='ltr' id='par_1_34' title="bbox 1878 1942 3430 2016">
     <span class='ocr_line' id='line_1_34' title="bbox 1878 1942 3430 2016; baseline 0.008 -22"><span class='ocrx_word' id='word_1_196' title='bbox 1878 1946 2116 2006; x_wconf 81' lang='lat' dir='ltr'><strong>ruentes,</strong></span> <span class='ocrx_word' id='word_1_197' title='bbox 2146 1942 2397 1996; x_wconf 87' lang='lat' dir='ltr'><strong>virtutem</strong></span> <span class='ocrx_word' id='word_1_198' title='bbox 2424 1944 2540 2012; x_wconf 81' lang='lat' dir='ltr'><strong>ejus</strong></span> <span class='ocrx_word' id='word_1_199' title='bbox 2570 1944 2887 2016; x_wconf 77' lang='lat' dir='ltr'><strong>infringent,</strong></span> <span class='ocrx_word' id='word_1_200' title='bbox 2914 1949 3040 2002; x_wconf 92' lang='lat' dir='ltr'><strong>dum</strong></span> <span class='ocrx_word' id='word_1_201' title='bbox 3071 1964 3191 2004; x_wconf 90' lang='lat' dir='ltr'><strong>eum</strong></span> <span class='ocrx_word' id='word_1_202' title='bbox 3218 1962 3430 2007; x_wconf 88' lang='lat' dir='ltr'><strong>natura-</strong></span> 
     </span>
    </p>
   </div>
   <div class='ocr_carea' id='block_1_35' title="bbox 175 2024 1766 2115">
    <p class='ocr_par' dir='ltr' id='par_1_35' title="bbox 175 2024 1766 2097">
     <span class='ocr_line' id='line_1_35' title="bbox 175 2024 1766 2097; baseline 0.001 -19"><span class='ocrx_word' id='word_1_203' title='bbox 175 2042 269 2088; x_wconf 80' lang='grc' dir='ltr'><strong>τες</strong></span> <span class='ocrx_word' id='word_1_204' title='bbox 298 2026 422 2079; x_wconf 86' lang='grc' dir='ltr'><strong>τῶν</strong></span> <span class='ocrx_word' id='word_1_205' title='bbox 447 2026 607 2095; x_wconf 86' lang='grc' dir='ltr'>φύσει</span> <span class='ocrx_word' id='word_1_206' title='bbox 640 2025 821 2079; x_wconf 89' lang='grc' dir='ltr'>καλῶν</span> <span class='ocrx_word' id='word_1_207' title='bbox 841 2044 853 2058; x_wconf 75' lang='grc' dir='ltr'><strong>ο</strong></span> <span class='ocrx_word' id='word_1_208' title='bbox 884 2024 974 2079; x_wconf 83' lang='grc' dir='ltr'><strong>τὸν</strong></span> <span class='ocrx_word' id='word_1_209' title='bbox 1014 2025 1122 2097; x_wconf 82' lang='grc' dir='ltr'>γὰρ</span> <span class='ocrx_word' id='word_1_210' title='bbox 1154 2026 1424 2080; x_wconf 81' lang='grc' dir='ltr'>ἀνάλωτον</span> <span class='ocrx_word' id='word_1_211' title='bbox 1460 2027 1633 2091; x_wconf 79' lang='grc' dir='ltr'>οὐδεὶς</span> <span class='ocrx_word' id='word_1_212' title='bbox 1675 2026 1766 2079; x_wconf 88' lang='grc' dir='ltr'>δυ-</span> 
     </span>
    </p>
   </div>
   <div class='ocr_carea' id='block_1_36' title="bbox 1868 2024 3420 2115">
    <p class='ocr_par' dir='ltr' id='par_1_36' title="bbox 1875 2033 3420 2115">
     <span class='ocr_line' id='line_1_36' title="bbox 1875 2033 3420 2115; baseline 0.006 -29"><span class='ocrx_word' id='word_1_213' title='bbox 1875 2033 2018 2088; x_wconf 90' lang='lat' dir='ltr'><strong>libus</strong></span> <span class='ocrx_word' id='word_1_214' title='bbox 2071 2033 2229 2087; x_wconf 88' lang='lat' dir='ltr'><strong>bonis</strong></span> <span class='ocrx_word' id='word_1_215' title='bbox 2280 2034 2513 2102; x_wconf 88' lang='lat' dir='ltr'><strong>spoliare</strong></span> <span class='ocrx_word' id='word_1_216' title='bbox 2563 2035 2767 2089; x_wconf 89' lang='lat' dir='ltr'><strong>volunt.</strong></span> <span class='ocrx_word' id='word_1_217' title='bbox 2826 2036 3066 2108; x_wconf 82' lang='lat' dir='ltr'><strong>Namque</strong></span> <span class='ocrx_word' id='word_1_218' title='bbox 3100 2043 3420 2115; x_wconf 83' lang='lat' dir='ltr'><strong>inexpugna-</strong></span> 
     </span>
    </p>
   </div>
   <div class='ocr_carea' id='block_1_37' title="bbox 164 2115 1766 2202">
    <p class='ocr_par' dir='ltr' id='par_1_37' title="bbox 164 2115 1766 2186">
     <span class='ocr_line' id='line_1_37' title="bbox 164 2115 1766 2186; baseline 0.001 -18"><span class='ocrx_word' id='word_1_219' title='bbox 164 2117 421 2186; x_wconf 77' lang='grc' dir='ltr'>νὴσεται</span> <span class='ocrx_word' id='word_1_220' title='bbox 448 2116 633 2169; x_wconf 88' lang='grc' dir='ltr'>λαϐεῖν</span> <span class='ocrx_word' id='word_1_221' title='bbox 670 2132 682 2145; x_wconf 94' lang='grc'>·</span> <span class='ocrx_word' id='word_1_222' title='bbox 721 2115 920 2181; x_wconf 84' lang='grc' dir='ltr'>καίτοι,</span> <span class='ocrx_word' id='word_1_223' title='bbox 957 2116 1009 2170; x_wconf 88' lang='grc' dir='ltr'><strong>τί</strong></span> <span class='ocrx_word' id='word_1_224' title='bbox 1055 2116 1149 2169; x_wconf 89' lang='grc' dir='ltr'><strong>τοῦ</strong></span> <span class='ocrx_word' id='word_1_225' title='bbox 1190 2115 1418 2180; x_wconf 84' lang='grc' dir='ltr'>ἀσεϐοῦς</span> <span class='ocrx_word' id='word_1_226' title='bbox 1453 2116 1766 2169; x_wconf 82' lang='grc' dir='ltr'>αὐθαδέστε-</span> 
     </span>
    </p>
   </div>
   <div class='ocr_carea' id='block_1_38' title="bbox 1868 2115 3427 2202">
    <p class='ocr_par' dir='ltr' id='par_1_38' title="bbox 1876 2123 3427 2202">
     <span class='ocr_line' id='line_1_38' title="bbox 1876 2123 3427 2202; baseline 0.006 -24"><span class='ocrx_word' id='word_1_227' title='bbox 1876 2123 2039 2178; x_wconf 88' lang='lat' dir='ltr'><strong>bilcm</strong></span> <span class='ocrx_word' id='word_1_228' title='bbox 2089 2123 2213 2191; x_wconf 91' lang='lat' dir='ltr'><strong>quis</strong></span> <span class='ocrx_word' id='word_1_229' title='bbox 2259 2123 2571 2192; x_wconf 82' lang='lat' dir='ltr'><strong>expugnet?</strong></span> <span class='ocrx_word' id='word_1_230' title='bbox 2645 2124 2961 2195; x_wconf 84' lang='lat' dir='ltr'><strong>Quanquam</strong></span> <span class='ocrx_word' id='word_1_231' title='bbox 3028 2144 3212 2185; x_wconf 83' lang='lat' dir='ltr'><strong>revera</strong></span> <span class='ocrx_word' id='word_1_232' title='bbox 3264 2133 3427 2202; x_wconf 91' lang='lat' dir='ltr'><strong>impio</strong></span> 
     </span>
    </p>
   </div>
   <div class='ocr_carea' id='block_1_39' title="bbox 163 2206 1766 2292">
    <p class='ocr_par' dir='ltr' id='par_1_39' title="bbox 163 2206 1766 2278">
     <span class='ocr_line' id='line_1_39' title="bbox 163 2206 1766 2278; baseline 0.001 -19"><span class='ocrx_word' id='word_1_233' title='bbox 163 2221 328 2275; x_wconf 75' lang='lat' dir='ltr'><strong>90v;</strong></span> <span class='ocrx_word' id='word_1_234' title='bbox 366 2208 531 2261; x_wconf 83' lang='grc' dir='ltr'>Ἀλλά</span> <span class='ocrx_word' id='word_1_235' title='bbox 574 2208 666 2260; x_wconf 81' lang='grc' dir='ltr'><strong>καὶ</strong></span> <span class='ocrx_word' id='word_1_236' title='bbox 706 2207 867 2260; x_wconf 80' lang='grc' dir='ltr'>αὐτοῦ</span> <span class='ocrx_word' id='word_1_237' title='bbox 908 2225 1038 2278; x_wconf 89' lang='grc' dir='ltr'>φησι</span> <span class='ocrx_word' id='word_1_238' title='bbox 1074 2206 1167 2260; x_wconf 87' lang='grc' dir='ltr'><strong>τοῦ</strong></span> <span class='ocrx_word' id='word_1_239' title='bbox 1212 2206 1548 2262; x_wconf 81' lang='grc' dir='ltr'>παντοδαποῦ</span> <span class='ocrx_word' id='word_1_240' title='bbox 1583 2207 1766 2278; x_wconf 78' lang='grc' dir='ltr'>θηρίου</span> 
     </span>
    </p>
   </div>
   <div class='ocr_carea' id='block_1_40' title="bbox 1868 2206 3429 2292">
    <p class='ocr_par' dir='ltr' id='par_1_40' title="bbox 1876 2211 3429 2292">
     <span class='ocr_line' id='line_1_40' title="bbox 1876 2211 3429 2292; baseline 0.008 -27"><span class='ocrx_word' id='word_1_241' title='bbox 1876 2211 2093 2265; x_wconf 87' lang='lat' dir='ltr'><strong>homine</strong></span> <span class='ocrx_word' id='word_1_242' title='bbox 2124 2212 2255 2265; x_wconf 88' lang='lat' dir='ltr'><strong>nihil</strong></span> <span class='ocrx_word' id='word_1_243' title='bbox 2284 2222 2365 2265; x_wconf 87' lang='lat' dir='ltr'><strong>est</strong></span> <span class='ocrx_word' id='word_1_244' title='bbox 2391 2213 2674 2268; x_wconf 88' lang='lat' dir='ltr'><strong>audacius.</strong></span> <span class='ocrx_word' id='word_1_245' title='bbox 2708 2214 2847 2281; x_wconf 84' lang='lat' dir='ltr'><strong>Quin</strong></span> <span class='ocrx_word' id='word_1_246' title='bbox 2878 2218 3010 2271; x_wconf 89' lang='lat' dir='ltr'><strong>adeo</strong></span> <span class='ocrx_word' id='word_1_247' title='bbox 3032 2219 3201 2284; x_wconf 87' lang='lat' dir='ltr'><strong>ipsam</strong></span> <span class='ocrx_word' id='word_1_248' title='bbox 3219 2237 3429 2292; x_wconf 90' lang='lat' dir='ltr'><strong>quoque</strong></span> 
     </span>
    </p>
   </div>
   <div class='ocr_carea' id='block_1_41' title="bbox 162 2295 1766 2374">
    <p class='ocr_par' dir='ltr' id='par_1_41' title="bbox 162 2295 1766 2369">
     <span class='ocr_line' id='line_1_41' title="bbox 162 2295 1766 2369; baseline 0.002 -25"><span class='ocrx_word' id='word_1_249' title='bbox 162 2296 565 2369; x_wconf 77' lang='grc' dir='ltr'>περιγενήσῃ,</span> <span class='ocrx_word' id='word_1_250' title='bbox 602 2296 780 2365; x_wconf 82' lang='grc' dir='ltr'>πρᾶος</span> <span class='ocrx_word' id='word_1_251' title='bbox 822 2295 896 2348; x_wconf 85' lang='grc' dir='ltr'>ὢν</span> <span class='ocrx_word' id='word_1_252' title='bbox 948 2296 1041 2350; x_wconf 77' lang='grc' dir='ltr'><strong>καὶ</strong></span> <span class='ocrx_word' id='word_1_253' title='bbox 1100 2295 1366 2366; x_wconf 82' lang='grc' dir='ltr'>ἐπιεικὴς,</span> <span class='ocrx_word' id='word_1_254' title='bbox 1415 2295 1506 2349; x_wconf 87' lang='grc' dir='ltr'><strong>τοῦ</strong></span> <span class='ocrx_word' id='word_1_255' title='bbox 1563 2297 1766 2367; x_wconf 79' lang='grc' dir='ltr'>Κυρίου</span> 
     </span>
    </p>
   </div>
   <div class='ocr_carea' id='block_1_42' title="bbox 1868 2295 3432 2374">
    <p class='ocr_par' dir='ltr' id='par_1_42' title="bbox 1877 2302 3432 2374">
     <span class='ocr_line' id='line_1_42' title="bbox 1877 2302 3432 2374; baseline 0.009 -19"><span class='ocrx_word' id='word_1_256' title='bbox 1877 2304 2326 2359; x_wconf 87' lang='lat' dir='ltr'><strong>immanissimam</strong></span> <span class='ocrx_word' id='word_1_257' title='bbox 2358 2302 2529 2358; x_wconf 81' lang='lat' dir='ltr'><strong>feram</strong></span> <span class='ocrx_word' id='word_1_258' title='bbox 2562 2306 2865 2374; x_wconf 89' lang='lat' dir='ltr'><strong>superabis,</strong></span> <span class='ocrx_word' id='word_1_259' title='bbox 2910 2308 3054 2363; x_wconf 89' lang='lat' dir='ltr'><strong>mitis</strong></span> <span class='ocrx_word' id='word_1_260' title='bbox 3096 2310 3141 2363; x_wconf 90' lang='lat' dir='ltr'><strong>si</strong></span> <span class='ocrx_word' id='word_1_261' title='bbox 3186 2312 3352 2367; x_wconf 78' lang='lat' dir='ltr'><strong>fueris</strong></span> <span class='ocrx_word' id='word_1_262' title='bbox 3380 2330 3432 2369; x_wconf 90' lang='lat' dir='ltr'><strong>et</strong></span> 
     </span>
    </p>
   </div>
   <div class='ocr_carea' id='block_1_43' title="bbox 162 2385 1766 2473">
    <p class='ocr_par' dir='ltr' id='par_1_43' title="bbox 162 2385 1766 2457">
     <span class='ocr_line' id='line_1_43' title="bbox 162 2385 1766 2457; baseline 0.001 -20"><span class='ocrx_word' id='word_1_263' title='bbox 162 2385 348 2449; x_wconf 76' lang='grc' dir='ltr'>ὖντος</span> <span class='ocrx_word' id='word_1_264' title='bbox 377 2387 517 2456; x_wconf 85' lang='grc' dir='ltr'><strong>μετά</strong></span> <span class='ocrx_word' id='word_1_265' title='bbox 551 2386 642 2439; x_wconf 85' lang='grc' dir='ltr'><strong>σοῦ</strong></span> <span class='ocrx_word' id='word_1_266' title='bbox 664 2403 676 2416; x_wconf 90' lang='grc'><strong>·</strong></span> <span class='ocrx_word' id='word_1_267' title='bbox 701 2385 946 2439; x_wconf 82' lang='grc' dir='ltr'>ἐντεῦθεν</span> <span class='ocrx_word' id='word_1_268' title='bbox 975 2386 1032 2439; x_wconf 86' lang='grc' dir='ltr'><strong>δέ</strong></span> <span class='ocrx_word' id='word_1_269' title='bbox 1065 2386 1427 2457; x_wconf 86' lang='grc' dir='ltr'>μανθάνομεν,</span> <span class='ocrx_word' id='word_1_270' title='bbox 1460 2385 1535 2450; x_wconf 87' lang='grc' dir='ltr'>ὡς</span> <span class='ocrx_word' id='word_1_271' title='bbox 1559 2389 1591 2457; x_wconf 77' lang='grc' dir='ltr'>ἡ</span> <span class='ocrx_word' id='word_1_272' title='bbox 1616 2388 1766 2457; x_wconf 77' lang='grc' dir='ltr'>ἐλεη-</span> 
     </span>
    </p>
   </div>
   <div class='ocr_carea' id='block_1_44' title="bbox 1868 2385 3432 2473">
    <p class='ocr_par' dir='ltr' id='par_1_44' title="bbox 1873 2396 3432 2473">
     <span class='ocr_line' id='line_1_44' title="bbox 1873 2396 3432 2473; baseline 0.005 -22"><span class='ocrx_word' id='word_1_273' title='bbox 1873 2397 2170 2466; x_wconf 86' lang='lat' dir='ltr'><strong>benignus,</strong></span> <span class='ocrx_word' id='word_1_274' title='bbox 2216 2396 2327 2449; x_wconf 86' lang='lat' dir='ltr'><strong>Deo</strong></span> <span class='ocrx_word' id='word_1_275' title='bbox 2360 2396 2473 2459; x_wconf 35' lang='lat' dir='ltr'><strong>,tibi</strong></span> <span class='ocrx_word' id='word_1_276' title='bbox 2525 2396 2831 2453; x_wconf 88' lang='lat' dir='ltr'><strong>assistente.</strong></span> <span class='ocrx_word' id='word_1_277' title='bbox 2894 2397 3033 2454; x_wconf 89' lang='lat' dir='ltr'><strong>Hinc</strong></span> <span class='ocrx_word' id='word_1_278' title='bbox 3068 2401 3432 2473; x_wconf 82' lang='lat' dir='ltr'><strong>intelligimus,</strong></span> 
     </span>
    </p>
   </div>
   <div class='ocr_carea' id='block_1_45' title="bbox 169 2475 1766 2566">
    <p class='ocr_par' dir='ltr' id='par_1_45' title="bbox 169 2475 1766 2550">
     <span class='ocr_line' id='line_1_45' title="bbox 169 2475 1766 2550; baseline 0.003 -21"><span class='ocrx_word' id='word_1_279' title='bbox 169 2475 405 2548; x_wconf 69' lang='grc' dir='ltr'>ίιοσύνη</span> <span class='ocrx_word' id='word_1_280' title='bbox 441 2480 713 2548; x_wconf 87' lang='grc' dir='ltr'>περιαιρεῖ</span> <span class='ocrx_word' id='word_1_281' title='bbox 745 2477 980 2549; x_wconf 78' lang='grc' dir='ltr'>φοϐερὰς</span> <span class='ocrx_word' id='word_1_282' title='bbox 1017 2479 1336 2547; x_wconf 77' lang='grc' dir='ltr'>φαντασίας,</span> <span class='ocrx_word' id='word_1_283' title='bbox 1381 2479 1593 2550; x_wconf 81' lang='grc' dir='ltr'>νύκτωρ</span> <span class='ocrx_word' id='word_1_284' title='bbox 1636 2480 1766 2549; x_wconf 81' lang='grc' dir='ltr'>ἡμῖν</span> 
     </span>
    </p>
   </div>
   <div class='ocr_carea' id='block_1_46' title="bbox 1868 2475 3436 2566">
    <p class='ocr_par' dir='ltr' id='par_1_46' title="bbox 1872 2488 3436 2566">
     <span class='ocr_line' id='line_1_46' title="bbox 1872 2488 3436 2566; baseline 0.007 -26"><span class='ocrx_word' id='word_1_285' title='bbox 1872 2490 1944 2543; x_wconf 89' lang='lat' dir='ltr'><strong>ab</strong></span> <span class='ocrx_word' id='word_1_286' title='bbox 1987 2488 2332 2558; x_wconf 88' lang='lat' dir='ltr'><strong>eleemosyna</strong></span> <span class='ocrx_word' id='word_1_287' title='bbox 2377 2489 2652 2560; x_wconf 77' lang='lat' dir='ltr'><strong>exstingui</strong></span> <span class='ocrx_word' id='word_1_288' title='bbox 2682 2490 2852 2545; x_wconf 89' lang='lat' dir='ltr'><strong>malas</strong></span> <span class='ocrx_word' id='word_1_289' title='bbox 2891 2493 3263 2562; x_wconf 78' lang='lat' dir='ltr'><strong>cogitationes,</strong></span> <span class='ocrx_word' id='word_1_290' title='bbox 3317 2512 3436 2566; x_wconf 70' lang='lat' dir='ltr'><strong>qua:</strong></span> 
     </span>
    </p>
   </div>
   <div class='ocr_carea' id='block_1_47' title="bbox 168 2570 1766 2655">
    <p class='ocr_par' dir='ltr' id='par_1_47' title="bbox 168 2570 1764 2643">
     <span class='ocr_line' id='line_1_47' title="bbox 168 2570 1764 2643; baseline -0.001 -18"><span class='ocrx_word' id='word_1_291' title='bbox 168 2570 620 2641; x_wconf 81' lang='grc' dir='ltr'>συμϐαινούσας,</span> <span class='ocrx_word' id='word_1_292' title='bbox 651 2572 684 2643; x_wconf 82' lang='grc' dir='ltr'>ἢ</span> <span class='ocrx_word' id='word_1_293' title='bbox 716 2572 809 2624; x_wconf 79' lang='grc' dir='ltr'><strong>καὶ</strong></span> <span class='ocrx_word' id='word_1_294' title='bbox 828 2570 1173 2642; x_wconf 88' lang='grc' dir='ltr'>θεωρητικῶς</span> <span class='ocrx_word' id='word_1_295' title='bbox 1194 2588 1207 2600; x_wconf 81' lang='grc'><em>’</em></span> <span class='ocrx_word' id='word_1_296' title='bbox 1245 2570 1305 2623; x_wconf 86' lang='grc' dir='ltr'><strong>ού</strong></span> <span class='ocrx_word' id='word_1_297' title='bbox 1342 2571 1497 2641; x_wconf 83' lang='grc' dir='ltr'>μόνον</span> <span class='ocrx_word' id='word_1_298' title='bbox 1523 2570 1600 2634; x_wconf 85' lang='grc' dir='ltr'><strong>δὲ,</strong></span> <span class='ocrx_word' id='word_1_299' title='bbox 1631 2571 1764 2623; x_wconf 79' lang='grc' dir='ltr'>ἀλλὰ</span> 
     </span>
    </p>
   </div>
   <div class='ocr_carea' id='block_1_48' title="bbox 1868 2570 3434 2655">
    <p class='ocr_par' dir='ltr' id='par_1_48' title="bbox 1872 2579 3434 2655">
     <span class='ocr_line' id='line_1_48' title="bbox 1872 2579 3434 2655; baseline 0.004 -22"><span class='ocrx_word' id='word_1_300' title='bbox 1872 2587 2032 2633; x_wconf 91' lang='lat' dir='ltr'><strong>noctu</strong></span> <span class='ocrx_word' id='word_1_301' title='bbox 2065 2579 2219 2633; x_wconf 86' lang='lat' dir='ltr'><strong>nobis</strong></span> <span class='ocrx_word' id='word_1_302' title='bbox 2270 2580 2548 2645; x_wconf 87' lang='lat' dir='ltr'><strong>eveniunt,</strong></span> <span class='ocrx_word' id='word_1_303' title='bbox 2597 2579 2679 2633; x_wconf 85' lang='lat' dir='ltr'><strong>vel</strong></span> <span class='ocrx_word' id='word_1_304' title='bbox 2727 2594 2823 2648; x_wconf 90' lang='lat' dir='ltr'><strong>per</strong></span> <span class='ocrx_word' id='word_1_305' title='bbox 2850 2580 3215 2649; x_wconf 80' lang='lat' dir='ltr'><strong>phantasiam.</strong></span> <span class='ocrx_word' id='word_1_306' title='bbox 3255 2583 3434 2655; x_wconf 85' lang='lat' dir='ltr'><strong>Neque</strong></span> 
     </span>
    </p>
   </div>
   <div class='ocr_carea' id='block_1_49' title="bbox 172 2662 1766 2737">
    <p class='ocr_par' dir='ltr' id='par_1_49' title="bbox 172 2662 1765 2735">
     <span class='ocr_line' id='line_1_49' title="bbox 172 2662 1765 2735; baseline -0.002 -17"><span class='ocrx_word' id='word_1_307' title='bbox 172 2664 279 2718; x_wconf 73' lang='grc' dir='ltr'><strong>καὶ</strong></span> <span class='ocrx_word' id='word_1_308' title='bbox 307 2663 425 2717; x_wconf 86' lang='grc' dir='ltr'><strong>τῶν</strong></span> <span class='ocrx_word' id='word_1_309' title='bbox 455 2664 515 2716; x_wconf 85' lang='grc' dir='ltr'><strong>ἐν</strong></span> <span class='ocrx_word' id='word_1_310' title='bbox 535 2666 600 2735; x_wconf 84' lang='grc' dir='ltr'>τῇ</span> <span class='ocrx_word' id='word_1_311' title='bbox 629 2665 953 2733; x_wconf 84' lang='grc' dir='ltr'>μεταστάσει</span> <span class='ocrx_word' id='word_1_312' title='bbox 991 2662 1241 2734; x_wconf 83' lang='grc' dir='ltr'>πονηρῶν</span> <span class='ocrx_word' id='word_1_313' title='bbox 1282 2662 1640 2734; x_wconf 85' lang='grc' dir='ltr'>κατηγοριῶν,</span> <span class='ocrx_word' id='word_1_314' title='bbox 1673 2665 1765 2717; x_wconf 77' lang='grc' dir='ltr'><strong>καὶ</strong></span> 
     </span>
    </p>
   </div>
   <div class='ocr_carea' id='block_1_50' title="bbox 1868 2662 3432 2737">
    <p class='ocr_par' dir='ltr' id='par_1_50' title="bbox 1871 2670 3432 2737">
     <span class='ocr_line' id='line_1_50' title="bbox 1871 2670 3432 2737; baseline 0.006 -14"><span class='ocrx_word' id='word_1_315' title='bbox 1871 2671 1923 2724; x_wconf 88' lang='lat' dir='ltr'><strong>id</strong></span> <span class='ocrx_word' id='word_1_316' title='bbox 1955 2671 2328 2727; x_wconf 88' lang='lat' dir='ltr'><strong>tantummodo</strong></span> <span class='ocrx_word' id='word_1_317' title='bbox 2355 2687 2369 2737; x_wconf 91' lang='lat'><strong>;</strong></span> <span class='ocrx_word' id='word_1_318' title='bbox 2398 2670 2491 2727; x_wconf 88' lang='lat' dir='ltr'><strong>sed</strong></span> <span class='ocrx_word' id='word_1_319' title='bbox 2528 2688 2556 2724; x_wconf 91' lang='lat' dir='ltr'><strong>a</strong></span> <span class='ocrx_word' id='word_1_320' title='bbox 2583 2670 2735 2725; x_wconf 90' lang='lat' dir='ltr'><strong>malis</strong></span> <span class='ocrx_word' id='word_1_321' title='bbox 2771 2672 2822 2725; x_wconf 92' lang='lat' dir='ltr'><strong>in</strong></span> <span class='ocrx_word' id='word_1_322' title='bbox 2852 2673 2976 2727; x_wconf 71' lang='lat' dir='ltr'><strong>vita:</strong></span> <span class='ocrx_word' id='word_1_323' title='bbox 3012 2676 3240 2728; x_wconf 88' lang='lat' dir='ltr'><strong>transitu</strong></span> <span class='ocrx_word' id='word_1_324' title='bbox 3270 2692 3432 2732; x_wconf 82' lang='lat' dir='ltr'><strong>accu-</strong></span> 
     </span>
    </p>
   </div>
   <div class='ocr_carea' id='block_1_51' title="bbox 172 2755 1766 2834">
    <p class='ocr_par' dir='ltr' id='par_1_51' title="bbox 172 2755 1764 2828">
     <span class='ocr_line' id='line_1_51' title="bbox 172 2755 1764 2828; baseline 0 -19"><span class='ocrx_word' id='word_1_325' title='bbox 172 2755 291 2809; x_wconf 83' lang='grc' dir='ltr'><strong>τῶν</strong></span> <span class='ocrx_word' id='word_1_326' title='bbox 311 2758 372 2809; x_wconf 86' lang='grc' dir='ltr'><strong>ἐν</strong></span> <span class='ocrx_word' id='word_1_327' title='bbox 400 2759 467 2827; x_wconf 82' lang='grc' dir='ltr'>τῇ</span> <span class='ocrx_word' id='word_1_328' title='bbox 498 2756 678 2828; x_wconf 86' lang='grc' dir='ltr'>κρίσει</span> <span class='ocrx_word' id='word_1_329' title='bbox 709 2756 1013 2826; x_wconf 56' lang='grc' dir='ltr'>βλαπτικίὼ</span> <span class='ocrx_word' id='word_1_330' title='bbox 1042 2757 1314 2812; x_wconf 77' lang='grc' dir='ltr'>κολάσεων</span> <span class='ocrx_word' id='word_1_331' title='bbox 1344 2759 1616 2828; x_wconf 87' lang='grc' dir='ltr'>περιαιρεῖ</span> <span class='ocrx_word' id='word_1_332' title='bbox 1638 2757 1764 2820; x_wconf 82' lang='grc' dir='ltr'>τοὺς</span> 
     </span>
    </p>
   </div>
   <div class='ocr_carea' id='block_1_52' title="bbox 1868 2755 3431 2834">
    <p class='ocr_par' dir='ltr' id='par_1_52' title="bbox 1870 2761 3431 2834">
     <span class='ocr_line' id='line_1_52' title="bbox 1870 2761 3431 2834; baseline 0.004 -18"><span class='ocrx_word' id='word_1_333' title='bbox 1870 2762 2171 2817; x_wconf 82' lang='lat' dir='ltr'><strong>Sationibus</strong></span> <span class='ocrx_word' id='word_1_334' title='bbox 2194 2801 2209 2829; x_wconf 91' lang='lat'><strong>,</strong></span> <span class='ocrx_word' id='word_1_335' title='bbox 2240 2770 2295 2817; x_wconf 91' lang='lat' dir='ltr'><strong>et</strong></span> <span class='ocrx_word' id='word_1_336' title='bbox 2327 2778 2357 2817; x_wconf 89' lang='lat' dir='ltr'><strong>a</strong></span> <span class='ocrx_word' id='word_1_337' title='bbox 2395 2761 2634 2817; x_wconf 87' lang='lat' dir='ltr'><strong>molestis</strong></span> <span class='ocrx_word' id='word_1_338' title='bbox 2666 2761 2853 2830; x_wconf 89' lang='lat' dir='ltr'><strong>judieii</strong></span> <span class='ocrx_word' id='word_1_339' title='bbox 2892 2767 3075 2834; x_wconf 84' lang='lat' dir='ltr'><strong>poenis</strong></span> <span class='ocrx_word' id='word_1_340' title='bbox 3110 2765 3299 2822; x_wconf 89' lang='lat' dir='ltr'><strong>liberat</strong></span> <span class='ocrx_word' id='word_1_341' title='bbox 3338 2785 3431 2823; x_wconf 90' lang='lat' dir='ltr'><strong>eos</strong></span> 
     </span>
    </p>
   </div>
   <div class='ocr_carea' id='block_1_53' title="bbox 174 2846 1766 2923">
    <p class='ocr_par' dir='ltr' id='par_1_53' title="bbox 174 2846 1763 2921">
     <span class='ocr_line' id='line_1_53' title="bbox 174 2846 1763 2921; baseline 0 -21"><span class='ocrx_word' id='word_1_342' title='bbox 174 2846 331 2902; x_wconf 68' lang='grc' dir='ltr'>οὕτω</span> <span class='ocrx_word' id='word_1_343' title='bbox 362 2847 695 2920; x_wconf 84' lang='grc' dir='ltr'>φρονοῦντας</span> <span class='ocrx_word' id='word_1_344' title='bbox 714 2864 726 2877; x_wconf 79' lang='grc'><strong><em>⁸</em></strong></span> <span class='ocrx_word' id='word_1_345' title='bbox 758 2848 819 2901; x_wconf 78' lang='grc' dir='ltr'>τὸ</span> <span class='ocrx_word' id='word_1_346' title='bbox 854 2849 984 2902; x_wconf 78' lang='grc' dir='ltr'>αὐτὸ</span> <span class='ocrx_word' id='word_1_347' title='bbox 1006 2849 1063 2902; x_wconf 88' lang='grc' dir='ltr'>δὲ</span> <span class='ocrx_word' id='word_1_348' title='bbox 1099 2852 1241 2902; x_wconf 79' lang='grc' dir='ltr'>ποιεῖ</span> <span class='ocrx_word' id='word_1_349' title='bbox 1274 2848 1365 2902; x_wconf 76' lang='grc' dir='ltr'><strong>καὶ</strong></span> <span class='ocrx_word' id='word_1_350' title='bbox 1406 2848 1647 2921; x_wconf 88' lang='grc' dir='ltr'>πραότας</span> <span class='ocrx_word' id='word_1_351' title='bbox 1668 2849 1763 2900; x_wconf 72' lang='grc' dir='ltr'><strong>καὶ</strong></span> 
     </span>
    </p>
   </div>
   <div class='ocr_carea' id='block_1_54' title="bbox 1868 2846 3423 2923">
    <p class='ocr_par' dir='ltr' id='par_1_54' title="bbox 1868 2853 3423 2923">
     <span class='ocr_line' id='line_1_54' title="bbox 1868 2853 3423 2923; baseline 0.005 -16"><span class='ocrx_word' id='word_1_352' title='bbox 1868 2854 1959 2922; x_wconf 89' lang='lat' dir='ltr'><strong>qui</strong></span> <span class='ocrx_word' id='word_1_353' title='bbox 2016 2854 2115 2908; x_wconf 86' lang='lat' dir='ltr'><strong>hac</strong></span> <span class='ocrx_word' id='word_1_354' title='bbox 2159 2863 2343 2909; x_wconf 84' lang='lat' dir='ltr'><strong>mente</strong></span> <span class='ocrx_word' id='word_1_355' title='bbox 2377 2863 2521 2909; x_wconf 90' lang='lat' dir='ltr'><strong>sunt.</strong></span> <span class='ocrx_word' id='word_1_356' title='bbox 2570 2853 2712 2909; x_wconf 88' lang='lat' dir='ltr'><strong>Idem</strong></span> <span class='ocrx_word' id='word_1_357' title='bbox 2749 2864 3009 2923; x_wconf 76' lang='lat' dir='ltr'><strong>pnestant</strong></span> <span class='ocrx_word' id='word_1_358' title='bbox 3052 2861 3423 2920; x_wconf 80' lang='lat' dir='ltr'><strong>mansuetudo.</strong></span> 
     </span>
    </p>
   </div>
   <div class='ocr_carea' id='block_1_55' title="bbox 174 2940 1766 3015">
    <p class='ocr_par' dir='ltr' id='par_1_55' title="bbox 174 2940 1760 3012">
     <span class='ocr_line' id='line_1_55' title="bbox 174 2940 1760 3012; baseline 0 -19"><span class='ocrx_word' id='word_1_359' title='bbox 174 2940 485 3011; x_wconf 75' lang='grc' dir='ltr'>ἀοργησία,</span> <span class='ocrx_word' id='word_1_360' title='bbox 522 2941 611 2992; x_wconf 72' lang='grc' dir='ltr'><strong>καὶ</strong></span> <span class='ocrx_word' id='word_1_361' title='bbox 665 2941 1046 3012; x_wconf 83' lang='grc' dir='ltr'>μακροθυμία,</span> <span class='ocrx_word' id='word_1_362' title='bbox 1106 2942 1200 2994; x_wconf 82' lang='grc' dir='ltr'><strong>καὶ</strong></span> <span class='ocrx_word' id='word_1_363' title='bbox 1248 2942 1346 2995; x_wconf 80' lang='grc' dir='ltr'>ὅσα</span> <span class='ocrx_word' id='word_1_364' title='bbox 1402 2941 1606 3009; x_wconf 83' lang='grc' dir='ltr'>πέφυκε</span> <span class='ocrx_word' id='word_1_365' title='bbox 1660 2958 1760 2993; x_wconf 86' lang='grc' dir='ltr'>κα-</span> 
     </span>
    </p>
   </div>
   <div class='ocr_carea' id='block_1_56' title="bbox 1868 2940 3426 3015">
    <p class='ocr_par' dir='ltr' id='par_1_56' title="bbox 1869 2946 3426 3015">
     <span class='ocr_line' id='line_1_56' title="bbox 1869 2946 3426 3015; baseline 0.004 -16"><span class='ocrx_word' id='word_1_366' title='bbox 1869 2946 2081 3012; x_wconf 88' lang='lat' dir='ltr'><strong>lenitas,</strong></span> <span class='ocrx_word' id='word_1_367' title='bbox 2121 2946 2403 3015; x_wconf 85' lang='lat' dir='ltr'><strong>patientia,</strong></span> <span class='ocrx_word' id='word_1_368' title='bbox 2438 2954 2492 3001; x_wconf 91' lang='lat' dir='ltr'><strong>et</strong></span> <span class='ocrx_word' id='word_1_369' title='bbox 2517 2960 2851 3015; x_wconf 67' lang='lat' dir='ltr'><strong>quaecunque</strong></span> <span class='ocrx_word' id='word_1_370' title='bbox 2884 2947 2950 2999; x_wconf 89' lang='lat' dir='ltr'><strong>ad</strong></span> <span class='ocrx_word' id='word_1_371' title='bbox 2981 2948 3311 3004; x_wconf 89' lang='lat' dir='ltr'><strong>cohibendas</strong></span> <span class='ocrx_word' id='word_1_372' title='bbox 3335 2952 3426 3005; x_wconf 69' lang='lat' dir='ltr'><strong>irae</strong></span> 
     </span>
    </p>
   </div>
   <div class='ocr_carea' id='block_1_57' title="bbox 174 3033 1766 3111">
    <p class='ocr_par' dir='ltr' id='par_1_57' title="bbox 174 3033 1761 3106">
     <span class='ocr_line' id='line_1_57' title="bbox 174 3033 1761 3106; baseline -0.001 -18"><span class='ocrx_word' id='word_1_373' title='bbox 174 3035 504 3089; x_wconf 83' lang='grc' dir='ltr'>ταστέλλειν</span> <span class='ocrx_word' id='word_1_374' title='bbox 542 3033 634 3088; x_wconf 83' lang='grc' dir='ltr'>τὸν</span> <span class='ocrx_word' id='word_1_375' title='bbox 678 3036 848 3106; x_wconf 81' lang='grc' dir='ltr'>θυμὸν</span> <span class='ocrx_word' id='word_1_376' title='bbox 890 3036 1309 3106; x_wconf 75' lang='grc' dir='ltr'>ταρασσόμενονο</span> <span class='ocrx_word' id='word_1_377' title='bbox 1358 3034 1515 3103; x_wconf 82' lang='grc' dir='ltr'>εἴπερ</span> <span class='ocrx_word' id='word_1_378' title='bbox 1560 3037 1626 3088; x_wconf 88' lang='grc' dir='ltr'><strong>ἐκ</strong></span> <span class='ocrx_word' id='word_1_379' title='bbox 1662 3033 1761 3103; x_wconf 82' lang='grc' dir='ltr'>τῆς</span> 
     </span>
    </p>
   </div>
   <div class='ocr_carea' id='block_1_58' title="bbox 1868 3033 3424 3111">
    <p class='ocr_par' dir='ltr' id='par_1_58' title="bbox 1868 3036 3424 3111">
     <span class='ocr_line' id='line_1_58' title="bbox 1868 3036 3424 3111; baseline 0.004 -18"><span class='ocrx_word' id='word_1_380' title='bbox 1868 3039 2257 3093; x_wconf 81' lang='lat' dir='ltr'><strong>commotiones</strong></span> <span class='ocrx_word' id='word_1_381' title='bbox 2297 3047 2581 3108; x_wconf 88' lang='lat' dir='ltr'><strong>spectant:</strong></span> <span class='ocrx_word' id='word_1_382' title='bbox 2620 3036 2883 3107; x_wconf 87' lang='lat' dir='ltr'><strong>siquidem</strong></span> <span class='ocrx_word' id='word_1_383' title='bbox 2908 3056 2972 3094; x_wconf 83' lang='lat' dir='ltr'><strong>ex</strong></span> <span class='ocrx_word' id='word_1_384' title='bbox 3008 3040 3105 3095; x_wconf 70' lang='lat' dir='ltr'><strong>ira:</strong></span> <span class='ocrx_word' id='word_1_385' title='bbox 3140 3045 3424 3111; x_wconf 87' lang='lat' dir='ltr'><strong>perturba—</strong></span> 
     </span>
    </p>
   </div>
   <div class='ocr_carea' id='block_1_59' title="bbox 176 3125 1766 3201">
    <p class='ocr_par' dir='ltr' id='par_1_59' title="bbox 176 3125 1761 3199">
     <span class='ocr_line' id='line_1_59' title="bbox 176 3125 1761 3199; baseline -0.002 -19"><span class='ocrx_word' id='word_1_386' title='bbox 176 3127 439 3199; x_wconf 83' lang='grc' dir='ltr'>ταραχῆς</span> <span class='ocrx_word' id='word_1_387' title='bbox 474 3126 571 3180; x_wconf 85' lang='grc' dir='ltr'><strong>τοῦ</strong></span> <span class='ocrx_word' id='word_1_388' title='bbox 617 3126 788 3199; x_wconf 87' lang='grc' dir='ltr'>θυμοῦ</span> <span class='ocrx_word' id='word_1_389' title='bbox 826 3128 895 3181; x_wconf 83' lang='grc' dir='ltr'>τὰ</span> <span class='ocrx_word' id='word_1_390' title='bbox 934 3127 1137 3199; x_wconf 87' lang='grc' dir='ltr'>φοϐερὰ</span> <span class='ocrx_word' id='word_1_391' title='bbox 1182 3127 1440 3198; x_wconf 84' lang='grc' dir='ltr'>φάσματα</span> <span class='ocrx_word' id='word_1_392' title='bbox 1478 3125 1634 3180; x_wconf 79' lang='grc' dir='ltr'>εἴωθε</span> <span class='ocrx_word' id='word_1_393' title='bbox 1678 3125 1761 3193; x_wconf 85' lang='grc' dir='ltr'>γί-</span> 
     </span>
    </p>
   </div>
   <div class='ocr_carea' id='block_1_60' title="bbox 1868 3125 3011 3201">
    <p class='ocr_par' dir='ltr' id='par_1_60' title="bbox 1871 3130 3011 3201">
     <span class='ocr_line' id='line_1_60' title="bbox 1871 3130 3011 3201; baseline 0.003 -17"><span class='ocrx_word' id='word_1_394' title='bbox 1871 3131 2013 3187; x_wconf 85' lang='lat' dir='ltr'><strong>tione</strong></span> <span class='ocrx_word' id='word_1_395' title='bbox 2041 3130 2313 3188; x_wconf 86' lang='lat' dir='ltr'><strong>terribiles</strong></span> <span class='ocrx_word' id='word_1_396' title='bbox 2345 3131 2642 3201; x_wconf 71' lang='lat' dir='ltr'><strong>phantasia:</strong></span> <span class='ocrx_word' id='word_1_397' title='bbox 2673 3132 2787 3186; x_wconf 90' lang='lat' dir='ltr'><strong>tieri</strong></span> <span class='ocrx_word' id='word_1_398' title='bbox 2815 3131 3011 3188; x_wconf 87' lang='lat' dir='ltr'><strong>solent.</strong></span> 
     </span>
    </p>
   </div>
   <div class='ocr_carea' id='block_1_61' title="bbox 180 3221 1828 3328">
    <p class='ocr_par' dir='ltr' id='par_1_61' title="bbox 180 3221 1828 3328">
     <span class='ocr_line' id='line_1_61' title="bbox 180 3221 401 3277; baseline 0.014 -4"><span class='ocrx_word' id='word_1_399' title='bbox 180 3221 401 3277; x_wconf 87' lang='grc' dir='ltr'>νεσθαι.</span> 
     </span>
     <span class='ocr_line' id='line_1_62' title="bbox 257 3275 1828 3328; baseline 0 0"><span class='ocrx_word' id='word_1_400' title='bbox 257 3315 323 3328; x_wconf 65' lang='grc' dir='ltr'>η.</span> <span class='ocrx_word' id='word_1_401' title='bbox 423 3314 435 3328; x_wconf 87' lang='grc'><strong><em>,</em></strong></span> <span class='ocrx_word' id='word_1_402' title='bbox 599 3311 845 3328; x_wconf 64' lang='grc' dir='ltr'><strong>-..ω</strong></span> <span class='ocrx_word' id='word_1_403' title='bbox 1058 3310 1260 3328; x_wconf 28' lang='grc' dir='ltr'>..ιγ</span> <span class='ocrx_word' id='word_1_404' title='bbox 1395 3275 1828 3328; x_wconf 27' lang='grc' dir='ltr'>τέλμα</span> 
     </span>
    </p>
   </div>
   <div class='ocr_carea' id='block_1_62' title="bbox 253 3305 1766 3385">
    <p class='ocr_par' dir='ltr' id='par_1_62' title="bbox 253 3305 1762 3385">
     <span class='ocr_line' id='line_1_63' title="bbox 253 3305 1762 3385; baseline -0.005 -17"><span class='ocrx_word' id='word_1_405' title='bbox 253 3315 333 3368; x_wconf 83' lang='grc' dir='ltr'><strong>Οὐ</strong></span> <span class='ocrx_word' id='word_1_406' title='bbox 368 3314 532 3385; x_wconf 89' lang='grc' dir='ltr'>μόνον</span> <span class='ocrx_word' id='word_1_407' title='bbox 561 3314 665 3367; x_wconf 88' lang='grc' dir='ltr'><strong>τῶν</strong></span> <span class='ocrx_word' id='word_1_408' title='bbox 695 3311 965 3382; x_wconf 83' lang='grc' dir='ltr'>ἐδωδίμων</span> <span class='ocrx_word' id='word_1_409' title='bbox 1012 3310 1086 3382; x_wconf 84' lang='grc' dir='ltr'>μὴ</span> <span class='ocrx_word' id='word_1_410' title='bbox 1120 3310 1332 3382; x_wconf 83' lang='grc' dir='ltr'>ἀπόσχῃ</span> <span class='ocrx_word' id='word_1_411' title='bbox 1365 3305 1423 3363; x_wconf 83' lang='grc' dir='ltr'><strong>εὖ</strong></span> <span class='ocrx_word' id='word_1_412' title='bbox 1461 3312 1632 3363; x_wconf 81' lang='grc' dir='ltr'>ποιεῖν</span> <span class='ocrx_word' id='word_1_413' title='bbox 1676 3311 1762 3362; x_wconf 81' lang='grc' dir='ltr'>ἐν-</span> 
     </span>
    </p>
   </div>
   <div class='ocr_carea' id='block_1_63' title="bbox 1868 3305 3420 3385">
    <p class='ocr_par' dir='ltr' id='par_1_63' title="bbox 1932 3305 3420 3381">
     <span class='ocr_line' id='line_1_64' title="bbox 1932 3305 3420 3381; baseline 0.003 -20"><span class='ocrx_word' id='word_1_414' title='bbox 1932 3309 1977 3339; x_wconf 75' lang='grc'><strong>³⁸</strong></span> <span class='ocrx_word' id='word_1_415' title='bbox 1994 3306 2108 3361; x_wconf 81' lang='lat' dir='ltr'><strong>Non</strong></span> <span class='ocrx_word' id='word_1_416' title='bbox 2128 3305 2395 3361; x_wconf 61' lang='lat' dir='ltr'><strong>alimonia:</strong></span> <span class='ocrx_word' id='word_1_417' title='bbox 2419 3306 2787 3361; x_wconf 88' lang='lat' dir='ltr'><strong>tantummodo</strong></span> <span class='ocrx_word' id='word_1_418' title='bbox 2811 3306 2991 3377; x_wconf 83' lang='lat' dir='ltr'><strong>largus</strong></span> <span class='ocrx_word' id='word_1_419' title='bbox 3006 3318 3123 3363; x_wconf 87' lang='lat' dir='ltr'><strong>esto</strong></span> <span class='ocrx_word' id='word_1_420' title='bbox 3144 3309 3420 3381; x_wconf 84' lang='lat' dir='ltr'><strong>indigenti,</strong></span> 
     </span>
    </p>
   </div>
   <div class='ocr_carea' id='block_1_64' title="bbox 185 3402 1763 3477">
    <p class='ocr_par' dir='ltr' id='par_1_64' title="bbox 185 3402 1763 3477">
     <span class='ocr_line' id='line_1_65' title="bbox 185 3402 1763 3477; baseline -0.004 -18"><span class='ocrx_word' id='word_1_421' title='bbox 185 3405 300 3477; x_wconf 80' lang='grc' dir='ltr'>δεῆ,</span> <span class='ocrx_word' id='word_1_422' title='bbox 340 3406 486 3461; x_wconf 82' lang='grc' dir='ltr'><strong>ἀλλά</strong></span> <span class='ocrx_word' id='word_1_423' title='bbox 545 3407 639 3459; x_wconf 78' lang='grc' dir='ltr'><strong>καὶ</strong></span> <span class='ocrx_word' id='word_1_424' title='bbox 674 3403 922 3473; x_wconf 86' lang='grc' dir='ltr'>γνώσεως</span> <span class='ocrx_word' id='word_1_425' title='bbox 966 3402 1100 3456; x_wconf 87' lang='grc' dir='ltr'>Θεοῦ</span> <span class='ocrx_word' id='word_1_426' title='bbox 1133 3404 1228 3455; x_wconf 71' lang='grc' dir='ltr'><strong>καὶ</strong></span> <span class='ocrx_word' id='word_1_427' title='bbox 1263 3402 1452 3472; x_wconf 81' lang='grc' dir='ltr'>σοφίας</span> <span class='ocrx_word' id='word_1_428' title='bbox 1490 3403 1583 3455; x_wconf 70' lang='grc' dir='ltr'>καὶ</span> <span class='ocrx_word' id='word_1_429' title='bbox 1616 3403 1763 3453; x_wconf 89' lang='grc' dir='ltr'>ἐντο-</span> 
     </span>
    </p>
   </div>
   <div class='ocr_carea' id='block_1_65' title="bbox 189 3493 1762 3565">
    <p class='ocr_par' dir='ltr' id='par_1_65' title="bbox 189 3493 1762 3565">
     <span class='ocr_line' id='line_1_66' title="bbox 189 3493 1762 3565; baseline -0.004 -12"><span class='ocrx_word' id='word_1_430' title='bbox 189 3498 323 3553; x_wconf 83' lang='grc' dir='ltr'>λῶν·</span> <span class='ocrx_word' id='word_1_431' title='bbox 374 3499 471 3552; x_wconf 73' lang='grc' dir='ltr'>καὶ</span> <span class='ocrx_word' id='word_1_432' title='bbox 518 3500 626 3552; x_wconf 85' lang='grc' dir='ltr'>πᾶν</span> <span class='ocrx_word' id='word_1_433' title='bbox 679 3495 854 3551; x_wconf 86' lang='grc' dir='ltr'>ὁτιοῦν</span> <span class='ocrx_word' id='word_1_434' title='bbox 903 3494 1020 3565; x_wconf 81' lang='grc' dir='ltr'><strong>Θεῷ</strong></span> <span class='ocrx_word' id='word_1_435' title='bbox 1065 3495 1215 3564; x_wconf 83' lang='grc' dir='ltr'>φίλον</span> <span class='ocrx_word' id='word_1_436' title='bbox 1276 3496 1370 3548; x_wconf 68' lang='grc' dir='ltr'><strong>καὶ</strong></span> <span class='ocrx_word' id='word_1_437' title='bbox 1420 3496 1557 3563; x_wconf 58' lang='grc' dir='ltr'>πρὸς</span> <span class='ocrx_word' id='word_1_438' title='bbox 1599 3493 1762 3547; x_wconf 68' lang='grc' dir='ltr'>αὐτὸν</span> 
     </span>
    </p>
   </div>
   <div class='ocr_carea' id='block_1_66' title="bbox 190 3583 1652 3662">
    <p class='ocr_par' dir='ltr' id='par_1_66' title="bbox 190 3583 1652 3662">
     <span class='ocr_line' id='line_1_67' title="bbox 190 3583 1652 3662; baseline -0.003 -19"><span class='ocrx_word' id='word_1_439' title='bbox 190 3590 445 3655; x_wconf 73' lang='grc' dir='ltr'>οἰκειοῦν,</span> <span class='ocrx_word' id='word_1_440' title='bbox 474 3590 550 3662; x_wconf 84' lang='grc' dir='ltr'>μὴ</span> <span class='ocrx_word' id='word_1_441' title='bbox 584 3589 795 3660; x_wconf 81' lang='grc' dir='ltr'>ἀπόσχῃ</span> <span class='ocrx_word' id='word_1_442' title='bbox 819 3583 877 3642; x_wconf 76' lang='grc' dir='ltr'>εὖ</span> <span class='ocrx_word' id='word_1_443' title='bbox 913 3591 1084 3641; x_wconf 83' lang='grc' dir='ltr'>ποιεῖν</span> <span class='ocrx_word' id='word_1_444' title='bbox 1105 3587 1184 3658; x_wconf 87' lang='grc' dir='ltr'>τῷ</span> <span class='ocrx_word' id='word_1_445' title='bbox 1214 3587 1510 3657; x_wconf 84' lang='grc' dir='ltr'>ἐνδεομένῳ</span> <span class='ocrx_word' id='word_1_446' title='bbox 1541 3603 1652 3639; x_wconf 86' lang='grc' dir='ltr'>σου.</span> 
     </span>
    </p>
   </div>
   <div class='ocr_carea' id='block_1_67' title="bbox 257 3761 1765 3836">
    <p class='ocr_par' dir='ltr' id='par_1_67' title="bbox 257 3761 1765 3836">
     <span class='ocr_line' id='line_1_68' title="bbox 257 3761 1765 3836; baseline -0.003 -18"><span class='ocrx_word' id='word_1_447' title='bbox 257 3765 409 3834; x_wconf 80' lang='grc' dir='ltr'>Δῦτη</span> <span class='ocrx_word' id='word_1_448' title='bbox 442 3767 477 3836; x_wconf 82' lang='grc' dir='ltr'><strong>ἡ</strong></span> <span class='ocrx_word' id='word_1_449' title='bbox 508 3764 644 3836; x_wconf 79' lang='grc' dir='ltr'>πρὸς</span> <span class='ocrx_word' id='word_1_450' title='bbox 666 3765 754 3817; x_wconf 85' lang='grc' dir='ltr'><strong>τὸν</strong></span> <span class='ocrx_word' id='word_1_451' title='bbox 785 3763 1012 3834; x_wconf 82' lang='grc' dir='ltr'>πλησίον</span> <span class='ocrx_word' id='word_1_452' title='bbox 1043 3762 1209 3834; x_wconf 76' lang='grc' dir='ltr'>ἔχθρα</span> <span class='ocrx_word' id='word_1_453' title='bbox 1234 3761 1605 3833; x_wconf 82' lang='grc' dir='ltr'>ἀπεργάζεταί</span> <span class='ocrx_word' id='word_1_454' title='bbox 1646 3778 1765 3814; x_wconf 87' lang='grc' dir='ltr'>τινα</span> 
     </span>
    </p>
   </div>
   <div class='ocr_carea' id='block_1_68' title="bbox 201 3851 1587 3928">
    <p class='ocr_par' dir='ltr' id='par_1_68' title="bbox 201 3851 1587 3928">
     <span class='ocr_line' id='line_1_69' title="bbox 201 3851 1587 3928; baseline -0.004 -18"><span class='ocrx_word' id='word_1_455' title='bbox 201 3857 380 3921; x_wconf 82' lang='grc' dir='ltr'>κακὸν,</span> <span class='ocrx_word' id='word_1_456' title='bbox 411 3857 476 3909; x_wconf 84' lang='grc' dir='ltr'><strong>οὐ</strong></span> <span class='ocrx_word' id='word_1_457' title='bbox 512 3856 670 3927; x_wconf 84' lang='grc' dir='ltr'>μόνον</span> <span class='ocrx_word' id='word_1_458' title='bbox 704 3856 1030 3928; x_wconf 84' lang='grc' dir='ltr'>σωματικὸν,</span> <span class='ocrx_word' id='word_1_459' title='bbox 1057 3853 1190 3907; x_wconf 82' lang='grc' dir='ltr'><strong>ἀλλά</strong></span> <span class='ocrx_word' id='word_1_460' title='bbox 1223 3854 1316 3906; x_wconf 80' lang='grc' dir='ltr'><strong>καὶ</strong></span> <span class='ocrx_word' id='word_1_461' title='bbox 1337 3851 1587 3922; x_wconf 78' lang='grc' dir='ltr'>ψυχικόν.</span> 
     </span>
    </p>
   </div>
   <div class='ocr_carea' id='block_1_69' title="bbox 267 3938 1763 4015">
    <p class='ocr_par' dir='ltr' id='par_1_69' title="bbox 267 3938 1763 4015">
     <span class='ocr_line' id='line_1_70' title="bbox 267 3938 1763 4015; baseline -0.006 -16"><span class='ocrx_word' id='word_1_462' title='bbox 267 3948 492 4015; x_wconf 78' lang='grc' dir='ltr'><strong>ΙἈγνοιιι</strong></span> <span class='ocrx_word' id='word_1_463' title='bbox 513 3946 717 4015; x_wconf 82' lang='grc' dir='ltr'>Κυρίου</span> <span class='ocrx_word' id='word_1_464' title='bbox 754 3947 813 3999; x_wconf 85' lang='grc' dir='ltr'><strong>ἐν</strong></span> <span class='ocrx_word' id='word_1_465' title='bbox 849 3945 1017 4009; x_wconf 76' lang='grc' dir='ltr'>οἴκοις</span> <span class='ocrx_word' id='word_1_466' title='bbox 1058 3943 1287 4007; x_wconf 76' lang='grc' dir='ltr'>ἀσεϐῶν,</span> <span class='ocrx_word' id='word_1_467' title='bbox 1313 3942 1511 4010; x_wconf 84' lang='grc' dir='ltr'>γνῶσις</span> <span class='ocrx_word' id='word_1_468' title='bbox 1548 3940 1603 3991; x_wconf 83' lang='grc' dir='ltr'>δὲ</span> <span class='ocrx_word' id='word_1_469' title='bbox 1630 3938 1763 3991; x_wconf 86' lang='grc' dir='ltr'>Θεοῦ</span> 
     </span>
    </p>
   </div>
   <div class='ocr_carea' id='block_1_70' title="bbox 203 4030 1759 4109">
    <p class='ocr_par' dir='ltr' id='par_1_70' title="bbox 203 4030 1759 4109">
     <span class='ocr_line' id='line_1_71' title="bbox 203 4030 1759 4109; baseline -0.008 -17"><span class='ocrx_word' id='word_1_470' title='bbox 203 4041 255 4092; x_wconf 82' lang='grc' dir='ltr'><strong>ἐν</strong></span> <span class='ocrx_word' id='word_1_471' title='bbox 284 4037 481 4109; x_wconf 77' lang='grc' dir='ltr'>ψυχαῖς</span> <span class='ocrx_word' id='word_1_472' title='bbox 518 4037 769 4091; x_wconf 81' lang='grc' dir='ltr'><strong>δικαίων⁹</strong></span> <span class='ocrx_word' id='word_1_473' title='bbox 821 4036 1075 4100; x_wconf 77' lang='grc' dir='ltr'>ἐπαύλεις</span> <span class='ocrx_word' id='word_1_474' title='bbox 1118 4034 1340 4088; x_wconf 88' lang='grc' dir='ltr'>δικαίων</span> <span class='ocrx_word' id='word_1_475' title='bbox 1395 4030 1759 4099; x_wconf 77' lang='grc' dir='ltr'>εὐλογοῦνται,</span> 
     </span>
    </p>
   </div>
   <div class='ocr_carea' id='block_1_71' title="bbox 203 4122 1763 4202">
    <p class='ocr_par' dir='ltr' id='par_1_71' title="bbox 203 4122 1763 4202">
     <span class='ocr_line' id='line_1_72' title="bbox 203 4122 1763 4202; baseline -0.007 -17"><span class='ocrx_word' id='word_1_476' title='bbox 203 4132 319 4185; x_wconf 78' lang='grc' dir='ltr'>ὅταν</span> <span class='ocrx_word' id='word_1_477' title='bbox 354 4133 383 4185; x_wconf 87' lang='grc' dir='ltr'>ὁ</span> <span class='ocrx_word' id='word_1_478' title='bbox 422 4130 658 4202; x_wconf 83' lang='grc' dir='ltr'>Χριστὸς</span> <span class='ocrx_word' id='word_1_479' title='bbox 702 4130 949 4201; x_wconf 82' lang='grc' dir='ltr'>ἀπονέμῃ</span> <span class='ocrx_word' id='word_1_480' title='bbox 982 4128 1048 4181; x_wconf 78' lang='grc' dir='ltr'>τὰ</span> <span class='ocrx_word' id='word_1_481' title='bbox 1080 4128 1216 4199; x_wconf 82' lang='grc' dir='ltr'>γέρα</span> <span class='ocrx_word' id='word_1_482' title='bbox 1262 4127 1475 4195; x_wconf 78' lang='grc' dir='ltr'>ἑκάστῳ</span> <span class='ocrx_word' id='word_1_483' title='bbox 1520 4123 1659 4178; x_wconf 84' lang='grc' dir='ltr'><strong>κατά</strong></span> <span class='ocrx_word' id='word_1_484' title='bbox 1696 4122 1763 4175; x_wconf 87' lang='grc' dir='ltr'><strong>τά</strong></span> 
     </span>
    </p>
   </div>
   <div class='ocr_carea' id='block_1_72' title="bbox 205 4213 1763 4290">
    <p class='ocr_par' dir='ltr' id='par_1_72' title="bbox 205 4213 1763 4290">
     <span class='ocr_line' id='line_1_73' title="bbox 205 4213 1763 4290; baseline -0.003 -19"><span class='ocrx_word' id='word_1_485' title='bbox 205 4222 329 4290; x_wconf 74' lang='grc' dir='ltr'>ιργα</span> <span class='ocrx_word' id='word_1_486' title='bbox 354 4220 534 4274; x_wconf 79' lang='grc' dir='ltr'>αὐτῶν</span> <span class='ocrx_word' id='word_1_487' title='bbox 554 4238 567 4250; x_wconf 73' lang='grc' dir='ltr'><strong>ο</strong></span> <span class='ocrx_word' id='word_1_488' title='bbox 601 4221 714 4283; x_wconf 90' lang='grc' dir='ltr'>τοῖς</span> <span class='ocrx_word' id='word_1_489' title='bbox 740 4218 958 4273; x_wconf 81' lang='grc' dir='ltr'>ἀσεϐέσι</span> <span class='ocrx_word' id='word_1_490' title='bbox 987 4218 1043 4271; x_wconf 79' lang='grc' dir='ltr'>δὲ</span> <span class='ocrx_word' id='word_1_491' title='bbox 1077 4217 1321 4288; x_wconf 87' lang='grc' dir='ltr'>κατάραν</span> <span class='ocrx_word' id='word_1_492' title='bbox 1354 4217 1449 4269; x_wconf 73' lang='grc' dir='ltr'><strong>καὶ</strong></span> <span class='ocrx_word' id='word_1_493' title='bbox 1481 4214 1580 4267; x_wconf 77' lang='grc' dir='ltr'><strong>οὐκ</strong></span> <span class='ocrx_word' id='word_1_494' title='bbox 1611 4213 1763 4267; x_wconf 75' lang='grc' dir='ltr'>εὐλο-</span> 
     </span>
    </p>
   </div>
   <div class='ocr_carea' id='block_1_73' title="bbox 209 4314 339 4380">
    <p class='ocr_par' dir='ltr' id='par_1_73' title="bbox 209 4314 339 4380">
     <span class='ocr_line' id='line_1_74' title="bbox 209 4314 339 4380; baseline 0 -15"><span class='ocrx_word' id='word_1_495' title='bbox 209 4314 339 4380; x_wconf 83' lang='grc' dir='ltr'>γίαν.</span> 
     </span>
    </p>
   </div>
   <div class='ocr_carea' id='block_1_74' title="bbox 277 4397 1759 4477">
    <p class='ocr_par' dir='ltr' id='par_1_74' title="bbox 277 4397 1759 4477">
     <span class='ocr_line' id='line_1_75' title="bbox 277 4397 1759 4477; baseline -0.007 -19"><span class='ocrx_word' id='word_1_496' title='bbox 277 4405 341 4458; x_wconf 82' lang='grc' dir='ltr'><strong>Ἠ</strong></span> <span class='ocrx_word' id='word_1_497' title='bbox 380 4403 529 4477; x_wconf 79' lang='grc' dir='ltr'>ἄκρα</span> <span class='ocrx_word' id='word_1_498' title='bbox 568 4403 737 4457; x_wconf 89' lang='grc' dir='ltr'>κακία</span> <span class='ocrx_word' id='word_1_499' title='bbox 772 4401 865 4455; x_wconf 81' lang='grc' dir='ltr'><strong>καὶ</strong></span> <span class='ocrx_word' id='word_1_500' title='bbox 909 4402 986 4465; x_wconf 82' lang='grc' dir='ltr'><strong>είς</strong></span> <span class='ocrx_word' id='word_1_501' title='bbox 1038 4399 1185 4463; x_wconf 88' lang='grc' dir='ltr'>τέλος</span> <span class='ocrx_word' id='word_1_502' title='bbox 1237 4397 1548 4470; x_wconf 86' lang='grc' dir='ltr'>ἐπηρμένη,</span> <span class='ocrx_word' id='word_1_503' title='bbox 1592 4398 1759 4468; x_wconf 79' lang='grc' dir='ltr'>ὑπερ-</span> 
     </span>
    </p>
   </div>
   <div class='ocr_carea' id='block_1_75' title="bbox 211 4485 1760 4565">
    <p class='ocr_par' dir='ltr' id='par_1_75' title="bbox 211 4485 1760 4565">
     <span class='ocr_line' id='line_1_76' title="bbox 211 4485 1760 4565; baseline -0.006 -19"><span class='ocrx_word' id='word_1_504' title='bbox 211 4493 394 4565; x_wconf 78' lang='grc' dir='ltr'>ηφανία</span> <span class='ocrx_word' id='word_1_505' title='bbox 436 4492 711 4547; x_wconf 82' lang='grc' dir='ltr'>καλεῖται·</span> <span class='ocrx_word' id='word_1_506' title='bbox 758 4490 1135 4545; x_wconf 85' lang='grc' dir='ltr'>ἀντιτάσσεται</span> <span class='ocrx_word' id='word_1_507' title='bbox 1174 4488 1230 4541; x_wconf 82' lang='grc' dir='ltr'>δὲ</span> <span class='ocrx_word' id='word_1_508' title='bbox 1261 4487 1464 4559; x_wconf 87' lang='grc' dir='ltr'>Κύριος</span> <span class='ocrx_word' id='word_1_509' title='bbox 1508 4489 1615 4549; x_wconf 86' lang='grc' dir='ltr'>τοῖς</span> <span class='ocrx_word' id='word_1_510' title='bbox 1665 4485 1760 4555; x_wconf 84' lang='grc' dir='ltr'><strong>μὲν</strong></span> 
     </span>
    </p>
   </div>
   <div class='ocr_carea' id='block_1_76' title="bbox 1864 3398 3419 3471">
    <p class='ocr_par' dir='ltr' id='par_1_76' title="bbox 1864 3398 3419 3471">
     <span class='ocr_line' id='line_1_77' title="bbox 1864 3398 3419 3471; baseline 0.002 -19"><span class='ocrx_word' id='word_1_511' title='bbox 1864 3415 2048 3456; x_wconf 85' lang='lat' dir='ltr'><strong>verum</strong></span> <span class='ocrx_word' id='word_1_512' title='bbox 2075 3400 2234 3453; x_wconf 89' lang='lat' dir='ltr'><strong>etiam</strong></span> <span class='ocrx_word' id='word_1_513' title='bbox 2261 3398 2464 3452; x_wconf 81' lang='lat' dir='ltr'><strong>notitia:</strong></span> <span class='ocrx_word' id='word_1_514' title='bbox 2491 3398 2585 3451; x_wconf 87' lang='lat' dir='ltr'><strong>Dei</strong></span> <span class='ocrx_word' id='word_1_515' title='bbox 2618 3400 3001 3468; x_wconf 65' lang='lat' dir='ltr'><strong>sapientiaeque</strong></span> <span class='ocrx_word' id='word_1_516' title='bbox 3033 3400 3147 3468; x_wconf 87' lang='lat' dir='ltr'><strong>ejus</strong></span> <span class='ocrx_word' id='word_1_517' title='bbox 3189 3412 3242 3454; x_wconf 92' lang='lat' dir='ltr'><strong>et</strong></span> <span class='ocrx_word' id='word_1_518' title='bbox 3282 3418 3419 3471; x_wconf 78' lang='lat' dir='ltr'><strong>prae-</strong></span> 
     </span>
    </p>
   </div>
   <div class='ocr_carea' id='block_1_77' title="bbox 1864 3490 3422 3563">
    <p class='ocr_par' dir='ltr' id='par_1_77' title="bbox 1864 3490 3422 3563">
     <span class='ocr_line' id='line_1_78' title="bbox 1864 3490 3422 3563; baseline -0.001 -16"><span class='ocrx_word' id='word_1_519' title='bbox 1864 3503 2161 3563; x_wconf 89' lang='lat' dir='ltr'><strong>ceptorum.</strong></span> <span class='ocrx_word' id='word_1_520' title='bbox 2204 3491 2271 3544; x_wconf 86' lang='lat' dir='ltr'><strong>Et</strong></span> <span class='ocrx_word' id='word_1_521' title='bbox 2305 3490 2569 3561; x_wconf 87' lang='lat' dir='ltr'><strong>quidquid</strong></span> <span class='ocrx_word' id='word_1_522' title='bbox 2604 3491 2712 3544; x_wconf 83' lang='lat' dir='ltr'><strong>Deo</strong></span> <span class='ocrx_word' id='word_1_523' title='bbox 2741 3500 2951 3558; x_wconf 85' lang='lat' dir='ltr'><strong>gratum</strong></span> <span class='ocrx_word' id='word_1_524' title='bbox 2985 3503 3087 3554; x_wconf 91' lang='lat' dir='ltr'><strong>est,</strong></span> <span class='ocrx_word' id='word_1_525' title='bbox 3131 3493 3287 3559; x_wconf 90' lang='lat' dir='ltr'><strong>eique</strong></span> <span class='ocrx_word' id='word_1_526' title='bbox 3326 3509 3422 3546; x_wconf 88' lang='lat' dir='ltr'><strong>nos</strong></span> 
     </span>
    </p>
   </div>
   <div class='ocr_carea' id='block_1_78' title="bbox 1865 3582 3424 3654">
    <p class='ocr_par' dir='ltr' id='par_1_78' title="bbox 1865 3582 3424 3654">
     <span class='ocr_line' id='line_1_79' title="bbox 1865 3582 3424 3654; baseline 0 -16"><span class='ocrx_word' id='word_1_527' title='bbox 1865 3586 2321 3654; x_wconf 82' lang='lat' dir='ltr'><strong>appropinquans,</strong></span> <span class='ocrx_word' id='word_1_528' title='bbox 2371 3598 2437 3636; x_wconf 90' lang='lat' dir='ltr'><strong>ne</strong></span> <span class='ocrx_word' id='word_1_529' title='bbox 2481 3583 2720 3637; x_wconf 87' lang='lat' dir='ltr'><strong>tribuere</strong></span> <span class='ocrx_word' id='word_1_530' title='bbox 2748 3583 2952 3634; x_wconf 85' lang='lat' dir='ltr'><strong>ahnuas</strong></span> <span class='ocrx_word' id='word_1_531' title='bbox 2979 3582 3028 3634; x_wconf 90' lang='lat' dir='ltr'><strong>ei</strong></span> <span class='ocrx_word' id='word_1_532' title='bbox 3079 3583 3170 3651; x_wconf 88' lang='lat' dir='ltr'><strong>qui</strong></span> <span class='ocrx_word' id='word_1_533' title='bbox 3209 3597 3309 3651; x_wconf 87' lang='lat' dir='ltr'><strong>ope</strong></span> <span class='ocrx_word' id='word_1_534' title='bbox 3333 3592 3424 3638; x_wconf 86' lang='lat' dir='ltr'><strong>tua</strong></span> 
     </span>
    </p>
   </div>
   <div class='ocr_carea' id='block_1_79' title="bbox 1867 3678 2087 3744">
    <p class='ocr_par' dir='ltr' id='par_1_79' title="bbox 1867 3678 2087 3744">
     <span class='ocr_line' id='line_1_80' title="bbox 1867 3678 2087 3744; baseline -0.009 -14"><span class='ocrx_word' id='word_1_535' title='bbox 1867 3678 2087 3744; x_wconf 84' lang='lat' dir='ltr'><strong>indiget.</strong></span> 
     </span>
    </p>
   </div>
   <div class='ocr_carea' id='block_1_80' title="bbox 1938 3762 3429 3831">
    <p class='ocr_par' dir='ltr' id='par_1_80' title="bbox 1938 3762 3429 3831">
     <span class='ocr_line' id='line_1_81' title="bbox 1938 3762 3429 3831; baseline 0.001 -12"><span class='ocrx_word' id='word_1_536' title='bbox 1938 3770 1981 3799; x_wconf 84' lang='grc'><strong><em>²⁹</em></strong></span> <span class='ocrx_word' id='word_1_537' title='bbox 2009 3766 2133 3822; x_wconf 72' lang='lat' dir='ltr'><strong>Ilaec</strong></span> <span class='ocrx_word' id='word_1_538' title='bbox 2162 3768 2422 3821; x_wconf 89' lang='lat' dir='ltr'><strong>adversus</strong></span> <span class='ocrx_word' id='word_1_539' title='bbox 2469 3762 2775 3831; x_wconf 83' lang='lat' dir='ltr'><strong>proximum</strong></span> <span class='ocrx_word' id='word_1_540' title='bbox 2807 3762 3086 3817; x_wconf 86' lang='lat' dir='ltr'><strong>inimicitia</strong></span> <span class='ocrx_word' id='word_1_541' title='bbox 3118 3763 3257 3819; x_wconf 88' lang='lat' dir='ltr'><strong>male</strong></span> <span class='ocrx_word' id='word_1_542' title='bbox 3300 3765 3429 3821; x_wconf 80' lang='lat' dir='ltr'><strong>facit</strong></span> 
     </span>
    </p>
   </div>
   <div class='ocr_carea' id='block_1_81' title="bbox 1868 3854 3306 3924">
    <p class='ocr_par' dir='ltr' id='par_1_81' title="bbox 1868 3854 3306 3924">
     <span class='ocr_line' id='line_1_82' title="bbox 1868 3854 3306 3924; baseline -0.001 -11"><span class='ocrx_word' id='word_1_543' title='bbox 1868 3859 2101 3913; x_wconf 89' lang='lat' dir='ltr'><strong>hominis</strong></span> <span class='ocrx_word' id='word_1_544' title='bbox 2128 3872 2232 3910; x_wconf 93' lang='lat' dir='ltr'><strong>non</strong></span> <span class='ocrx_word' id='word_1_545' title='bbox 2264 3855 2477 3924; x_wconf 90' lang='lat' dir='ltr'><strong>corpori</strong></span> <span class='ocrx_word' id='word_1_546' title='bbox 2516 3863 2749 3918; x_wconf 85' lang='lat' dir='ltr'><strong>tantum,</strong></span> <span class='ocrx_word' id='word_1_547' title='bbox 2777 3854 2869 3908; x_wconf 89' lang='lat' dir='ltr'><strong>sed</strong></span> <span class='ocrx_word' id='word_1_548' title='bbox 2896 3855 3057 3909; x_wconf 90' lang='lat' dir='ltr'><strong>etiam</strong></span> <span class='ocrx_word' id='word_1_549' title='bbox 3093 3856 3306 3912; x_wconf 66' lang='lat' dir='ltr'><strong>animae.</strong></span> 
     </span>
    </p>
   </div>
   <div class='ocr_carea' id='block_1_82' title="bbox 1936 3945 3427 4021">
    <p class='ocr_par' dir='ltr' id='par_1_82' title="bbox 1936 3945 3427 4021">
     <span class='ocr_line' id='line_1_83' title="bbox 1936 3945 3427 4021; baseline 0 -16"><span class='ocrx_word' id='word_1_550' title='bbox 1936 3951 1981 3981; x_wconf 78' lang='grc' dir='ltr'><strong>³ο</strong></span> <span class='ocrx_word' id='word_1_551' title='bbox 2013 3948 2318 4021; x_wconf 80' lang='lat' dir='ltr'><strong>Ignorantia</strong></span> <span class='ocrx_word' id='word_1_552' title='bbox 2346 3946 2437 4001; x_wconf 90' lang='lat' dir='ltr'><strong>Dei</strong></span> <span class='ocrx_word' id='word_1_553' title='bbox 2467 3946 2519 3999; x_wconf 91' lang='lat' dir='ltr'><strong>in</strong></span> <span class='ocrx_word' id='word_1_554' title='bbox 2548 3945 2796 4000; x_wconf 86' lang='lat' dir='ltr'><strong>domibus</strong></span> <span class='ocrx_word' id='word_1_555' title='bbox 2826 3946 3106 4016; x_wconf 88' lang='lat' dir='ltr'><strong>impiorum</strong></span> <span class='ocrx_word' id='word_1_556' title='bbox 3133 3967 3148 4014; x_wconf 90' lang='lat'><strong>;</strong></span> <span class='ocrx_word' id='word_1_557' title='bbox 3180 3950 3273 4004; x_wconf 91' lang='lat' dir='ltr'><strong>Dei</strong></span> <span class='ocrx_word' id='word_1_558' title='bbox 3300 3965 3427 4005; x_wconf 89' lang='lat' dir='ltr'><strong>con-</strong></span> 
     </span>
    </p>
   </div>
   <div class='ocr_carea' id='block_1_83' title="bbox 1867 4036 3423 4111">
    <p class='ocr_par' dir='ltr' id='par_1_83' title="bbox 1867 4036 3423 4111">
     <span class='ocr_line' id='line_1_84' title="bbox 1867 4036 3423 4111; baseline -0.001 -14"><span class='ocrx_word' id='word_1_559' title='bbox 1867 4055 1945 4097; x_wconf 81' lang='lat' dir='ltr'><strong>tra</strong></span> <span class='ocrx_word' id='word_1_560' title='bbox 1975 4041 2161 4097; x_wconf 89' lang='lat' dir='ltr'><strong>notitia</strong></span> <span class='ocrx_word' id='word_1_561' title='bbox 2203 4040 2256 4094; x_wconf 90' lang='lat' dir='ltr'><strong>in</strong></span> <span class='ocrx_word' id='word_1_562' title='bbox 2288 4036 2881 4107; x_wconf 90' lang='lat' dir='ltr'><strong>animabusjustorum.</strong></span> <span class='ocrx_word' id='word_1_563' title='bbox 2921 4038 3200 4094; x_wconf 89' lang='lat' dir='ltr'><strong>Domieilia</strong></span> <span class='ocrx_word' id='word_1_564' title='bbox 3251 4044 3423 4111; x_wconf 54' lang='lat' dir='ltr'><strong>justoa</strong></span> 
     </span>
    </p>
   </div>
   <div class='ocr_carea' id='block_1_84' title="bbox 1866 4130 3421 4202">
    <p class='ocr_par' dir='ltr' id='par_1_84' title="bbox 1866 4130 3421 4202">
     <span class='ocr_line' id='line_1_85' title="bbox 1866 4130 3421 4202; baseline -0.006 -11"><span class='ocrx_word' id='word_1_565' title='bbox 1866 4152 1982 4191; x_wconf 91' lang='lat' dir='ltr'><strong>rum</strong></span> <span class='ocrx_word' id='word_1_566' title='bbox 2018 4132 2409 4189; x_wconf 89' lang='lat' dir='ltr'><strong>benedicuntur</strong></span> <span class='ocrx_word' id='word_1_567' title='bbox 2442 4146 2454 4181; x_wconf 89' lang='lat'><strong>:</strong></span> <span class='ocrx_word' id='word_1_568' title='bbox 2486 4144 2608 4186; x_wconf 92' lang='lat' dir='ltr'><strong>cum</strong></span> <span class='ocrx_word' id='word_1_569' title='bbox 2654 4130 2861 4185; x_wconf 82' lang='lat' dir='ltr'><strong>St-ilicet</strong></span> <span class='ocrx_word' id='word_1_570' title='bbox 2885 4130 3136 4186; x_wconf 87' lang='lat' dir='ltr'><strong>Christus</strong></span> <span class='ocrx_word' id='word_1_571' title='bbox 3186 4135 3421 4202; x_wconf 85' lang='lat' dir='ltr'><strong>ipsorum</strong></span> 
     </span>
    </p>
   </div>
   <div class='ocr_carea' id='block_1_85' title="bbox 1862 4224 3424 4300">
    <p class='ocr_par' dir='ltr' id='par_1_85' title="bbox 1862 4224 3424 4300">
     <span class='ocr_line' id='line_1_86' title="bbox 1862 4224 3424 4300; baseline 0 -19"><span class='ocrx_word' id='word_1_572' title='bbox 1862 4229 2118 4300; x_wconf 88' lang='lat' dir='ltr'><strong>operibus</strong></span> <span class='ocrx_word' id='word_1_573' title='bbox 2140 4225 2358 4298; x_wconf 74' lang='lat' dir='ltr'><strong>praemia</strong></span> <span class='ocrx_word' id='word_1_574' title='bbox 2387 4224 2678 4286; x_wconf 88' lang='lat' dir='ltr'><strong>retribuet;</strong></span> <span class='ocrx_word' id='word_1_575' title='bbox 2704 4231 3073 4280; x_wconf 81' lang='lat' dir='ltr'><strong>verumtamen</strong></span> <span class='ocrx_word' id='word_1_576' title='bbox 3113 4225 3289 4295; x_wconf 89' lang='lat' dir='ltr'><strong>impiis</strong></span> <span class='ocrx_word' id='word_1_577' title='bbox 3315 4244 3424 4281; x_wconf 86' lang='lat' dir='ltr'><strong>ma-</strong></span> 
     </span>
    </p>
   </div>
   <div class='ocr_carea' id='block_1_86' title="bbox 1862 4316 2847 4384">
    <p class='ocr_par' dir='ltr' id='par_1_86' title="bbox 1862 4316 2847 4384">
     <span class='ocr_line' id='line_1_87' title="bbox 1862 4316 2847 4384; baseline -0.003 -11"><span class='ocrx_word' id='word_1_578' title='bbox 1862 4320 2227 4384; x_wconf 90' lang='lat' dir='ltr'><strong>ledictiouem,</strong></span> <span class='ocrx_word' id='word_1_579' title='bbox 2260 4332 2364 4371; x_wconf 91' lang='lat' dir='ltr'><strong>non</strong></span> <span class='ocrx_word' id='word_1_580' title='bbox 2397 4316 2847 4371; x_wconf 85' lang='lat' dir='ltr'><strong>benedictionem.</strong></span> 
     </span>
    </p>
   </div>
   <div class='ocr_carea' id='block_1_87' title="bbox 1930 4406 3419 4476">
    <p class='ocr_par' dir='ltr' id='par_1_87' title="bbox 1930 4406 3419 4476">
     <span class='ocr_line' id='line_1_88' title="bbox 1930 4406 3419 4476; baseline -0.001 -13"><span class='ocrx_word' id='word_1_581' title='bbox 1930 4410 1972 4441; x_wconf 84' lang='grc'><strong>³¹</strong></span> <span class='ocrx_word' id='word_1_582' title='bbox 2027 4410 2248 4463; x_wconf 86' lang='lat' dir='ltr'><strong>Summa</strong></span> <span class='ocrx_word' id='word_1_583' title='bbox 2306 4415 2361 4461; x_wconf 88' lang='lat' dir='ltr'><strong>et</strong></span> <span class='ocrx_word' id='word_1_584' title='bbox 2411 4414 2781 4460; x_wconf 90' lang='lat' dir='ltr'><strong>consummata</strong></span> <span class='ocrx_word' id='word_1_585' title='bbox 2828 4407 3108 4475; x_wconf 90' lang='lat' dir='ltr'><strong>nequitia,</strong></span> <span class='ocrx_word' id='word_1_586' title='bbox 3171 4406 3419 4476; x_wconf 89' lang='lat' dir='ltr'><strong>superbia</strong></span> 
     </span>
    </p>
   </div>
   <div class='ocr_carea' id='block_1_88' title="bbox 1865 4495 3421 4574">
    <p class='ocr_par' dir='ltr' id='par_1_88' title="bbox 1865 4495 3421 4574">
     <span class='ocr_line' id='line_1_89' title="bbox 1865 4495 3421 4574; baseline -0.003 -17"><span class='ocrx_word' id='word_1_587' title='bbox 1865 4503 2188 4574; x_wconf 88' lang='lat' dir='ltr'><strong>appellatur.</strong></span> <span class='ocrx_word' id='word_1_588' title='bbox 2226 4500 2552 4553; x_wconf 84' lang='lat' dir='ltr'><strong>Adversatur</strong></span> <span class='ocrx_word' id='word_1_589' title='bbox 2580 4506 2759 4548; x_wconf 89' lang='lat' dir='ltr'><strong>autem</strong></span> <span class='ocrx_word' id='word_1_590' title='bbox 2802 4495 2939 4550; x_wconf 89' lang='lat' dir='ltr'><strong>Deus</strong></span> <span class='ocrx_word' id='word_1_591' title='bbox 2972 4496 3202 4567; x_wconf 87' lang='lat' dir='ltr'><strong>injustis,</strong></span> <span class='ocrx_word' id='word_1_592' title='bbox 3233 4511 3421 4567; x_wconf 88' lang='lat' dir='ltr'><strong>quate-</strong></span> 
     </span>
    </p>
   </div>
   <div class='ocr_carea' id='block_1_89' title="bbox 213 4578 1766 4670">
    <p class='ocr_par' dir='ltr' id='par_1_89' title="bbox 213 4578 1755 4659">
     <span class='ocr_line' id='line_1_90' title="bbox 213 4578 1755 4659; baseline -0.009 -14"><span class='ocrx_word' id='word_1_593' title='bbox 213 4591 416 4656; x_wconf 82' lang='grc' dir='ltr'>ἀδίκοις,</span> <span class='ocrx_word' id='word_1_594' title='bbox 449 4590 525 4654; x_wconf 84' lang='grc' dir='ltr'>ὡς</span> <span class='ocrx_word' id='word_1_595' title='bbox 556 4586 866 4659; x_wconf 88' lang='grc' dir='ltr'>δικαιοσύνη</span> <span class='ocrx_word' id='word_1_596' title='bbox 888 4603 901 4616; x_wconf 76' lang='grc' dir='ltr'><strong>ο</strong></span> <span class='ocrx_word' id='word_1_597' title='bbox 936 4587 1053 4655; x_wconf 82' lang='grc' dir='ltr'>τοῖς</span> <span class='ocrx_word' id='word_1_598' title='bbox 1076 4582 1354 4653; x_wconf 81' lang='grc' dir='ltr'>ψεύσταις,</span> <span class='ocrx_word' id='word_1_599' title='bbox 1393 4581 1467 4643; x_wconf 84' lang='grc' dir='ltr'>ὡς</span> <span class='ocrx_word' id='word_1_600' title='bbox 1499 4578 1723 4649; x_wconf 82' lang='grc' dir='ltr'>ἀλήθεια</span> <span class='ocrx_word' id='word_1_601' title='bbox 1744 4596 1755 4606; x_wconf 94' lang='grc'><strong>·</strong></span> 
     </span>
    </p>
   </div>
   <div class='ocr_carea' id='block_1_90' title="bbox 1868 4578 3417 4670">
    <p class='ocr_par' dir='ltr' id='par_1_90' title="bbox 1868 4588 3417 4661">
     <span class='ocr_line' id='line_1_91' title="bbox 1868 4588 3417 4661; baseline -0.002 -14"><span class='ocrx_word' id='word_1_602' title='bbox 1868 4610 1964 4649; x_wconf 91' lang='lat' dir='ltr'><strong>nus</strong></span> <span class='ocrx_word' id='word_1_603' title='bbox 2018 4591 2229 4661; x_wconf 71' lang='lat' dir='ltr'><strong>iustitia</strong></span> <span class='ocrx_word' id='word_1_604' title='bbox 2278 4597 2382 4654; x_wconf 87' lang='lat' dir='ltr'><strong>est,</strong></span> <span class='ocrx_word' id='word_1_605' title='bbox 2441 4588 2794 4642; x_wconf 85' lang='lat' dir='ltr'><strong>mendacibus</strong></span> <span class='ocrx_word' id='word_1_606' title='bbox 2852 4598 3115 4655; x_wconf 88' lang='lat' dir='ltr'><strong>quatenus</strong></span> <span class='ocrx_word' id='word_1_607' title='bbox 3169 4592 3371 4645; x_wconf 84' lang='lat' dir='ltr'><strong>veritas</strong></span> <span class='ocrx_word' id='word_1_608' title='bbox 3404 4634 3417 4655; x_wconf 88' lang='lat'><strong>,</strong></span> 
     </span>
    </p>
   </div>
   <div class='ocr_carea' id='block_1_91' title="bbox 214 4670 1754 4751">
    <p class='ocr_par' dir='ltr' id='par_1_91' title="bbox 214 4670 1754 4751">
     <span class='ocr_line' id='line_1_92' title="bbox 214 4670 1754 4751; baseline -0.012 -13"><span class='ocrx_word' id='word_1_609' title='bbox 214 4688 307 4747; x_wconf 79' lang='grc' dir='ltr'>τοῖς</span> <span class='ocrx_word' id='word_1_610' title='bbox 346 4683 402 4736; x_wconf 87' lang='grc' dir='ltr'>δὲ</span> <span class='ocrx_word' id='word_1_611' title='bbox 446 4679 831 4751; x_wconf 81' lang='grc' dir='ltr'>ὑπερηφάνοις,</span> <span class='ocrx_word' id='word_1_612' title='bbox 879 4679 954 4741; x_wconf 85' lang='grc' dir='ltr'>ὼς</span> <span class='ocrx_word' id='word_1_613' title='bbox 999 4672 1492 4743; x_wconf 81' lang='grc' dir='ltr'>ταπεινοφροσύνῃ·</span> <span class='ocrx_word' id='word_1_614' title='bbox 1537 4670 1615 4723; x_wconf 87' lang='grc' dir='ltr'><strong>διὸ</strong></span> <span class='ocrx_word' id='word_1_615' title='bbox 1663 4670 1754 4722; x_wconf 76' lang='grc' dir='ltr'><strong>καὶ</strong></span> 
     </span>
    </p>
   </div>
   <div class='ocr_carea' id='block_1_92' title="bbox 214 4762 1754 4843">
    <p class='ocr_par' dir='ltr' id='par_1_92' title="bbox 214 4762 1754 4843">
     <span class='ocr_line' id='line_1_93' title="bbox 214 4762 1754 4843; baseline -0.009 -14"><span class='ocrx_word' id='word_1_616' title='bbox 214 4777 309 4840; x_wconf 77' lang='grc' dir='ltr'>τοῖς</span> <span class='ocrx_word' id='word_1_617' title='bbox 347 4773 578 4828; x_wconf 85' lang='grc' dir='ltr'>ταπεινά</span> <span class='ocrx_word' id='word_1_618' title='bbox 611 4770 859 4843; x_wconf 84' lang='grc' dir='ltr'>φρονοῦσι</span> <span class='ocrx_word' id='word_1_619' title='bbox 912 4770 1061 4839; x_wconf 85' lang='grc' dir='ltr'>φίλος</span> <span class='ocrx_word' id='word_1_620' title='bbox 1099 4769 1243 4823; x_wconf 78' lang='grc' dir='ltr'>ἐστί’</span> <span class='ocrx_word' id='word_1_621' title='bbox 1287 4765 1442 4819; x_wconf 83' lang='grc' dir='ltr'>τοῦτο</span> <span class='ocrx_word' id='word_1_622' title='bbox 1484 4762 1591 4835; x_wconf 88' lang='grc' dir='ltr'><strong>γάρ</strong></span> <span class='ocrx_word' id='word_1_623' title='bbox 1639 4765 1754 4816; x_wconf 89' lang='grc' dir='ltr'>ἐστι</span> 
     </span>
    </p>
   </div>
   <div class='ocr_carea' id='block_1_93' title="bbox 216 4858 1757 4936">
    <p class='ocr_par' dir='ltr' id='par_1_93' title="bbox 216 4858 1757 4936">
     <span class='ocr_line' id='line_1_94' title="bbox 216 4858 1757 4936; baseline -0.008 -16"><span class='ocrx_word' id='word_1_624' title='bbox 216 4866 285 4927; x_wconf 77' lang='grc' dir='ltr'><strong>τὸ,</strong></span> <span class='ocrx_word' id='word_1_625' title='bbox 309 4866 495 4919; x_wconf 85' lang='grc' dir='ltr'>Δίδωσι</span> <span class='ocrx_word' id='word_1_626' title='bbox 524 4866 681 4936; x_wconf 80' lang='grc' dir='ltr'>χάριν</span> <span class='ocrx_word' id='word_1_627' title='bbox 712 4864 979 4926; x_wconf 86' lang='grc' dir='ltr'>ταπεινοῖς</span> <span class='ocrx_word' id='word_1_628' title='bbox 998 4879 1010 4891; x_wconf 87' lang='grc'>·</span> <span class='ocrx_word' id='word_1_629' title='bbox 1046 4863 1156 4924; x_wconf 88' lang='grc' dir='ltr'>τοῖς</span> <span class='ocrx_word' id='word_1_630' title='bbox 1184 4859 1240 4912; x_wconf 82' lang='grc' dir='ltr'>δὲ</span> <span class='ocrx_word' id='word_1_631' title='bbox 1265 4860 1628 4930; x_wconf 83' lang='grc' dir='ltr'>ὑπερηφάνοις</span> <span class='ocrx_word' id='word_1_632' title='bbox 1664 4858 1757 4910; x_wconf 87' lang='grc' dir='ltr'>ἀν-</span> 
     </span>
    </p>
   </div>
   <div class='ocr_carea' id='block_1_94' title="bbox 220 4959 526 5011">
    <p class='ocr_par' dir='ltr' id='par_1_94' title="bbox 220 4959 526 5011">
     <span class='ocr_line' id='line_1_95' title="bbox 220 4959 526 5011; baseline 0 0"><span class='ocrx_word' id='word_1_633' title='bbox 220 4959 526 5011; x_wconf 81' lang='grc' dir='ltr'>τιτάσσεται.</span> 
     </span>
    </p>
   </div>
   <div class='ocr_carea' id='block_1_95' title="bbox 275 5044 1757 5122">
    <p class='ocr_par' dir='ltr' id='par_1_95' title="bbox 275 5044 1757 5122">
     <span class='ocr_line' id='line_1_96' title="bbox 275 5044 1757 5122; baseline -0.004 -19"><span class='ocrx_word' id='word_1_634' title='bbox 275 5050 429 5117; x_wconf 79' lang='grc' dir='ltr'>Δόξαν</span> <span class='ocrx_word' id='word_1_635' title='bbox 481 5048 728 5122; x_wconf 82' lang='grc' dir='ltr'>οὐράνιον</span> <span class='ocrx_word' id='word_1_636' title='bbox 777 5046 1268 5118; x_wconf 85' lang='grc' dir='ltr'>κληρονομήσουσιν</span> <span class='ocrx_word' id='word_1_637' title='bbox 1327 5046 1375 5097; x_wconf 87' lang='grc' dir='ltr'>οἱ</span> <span class='ocrx_word' id='word_1_638' title='bbox 1425 5045 1523 5116; x_wconf 84' lang='grc' dir='ltr'>τὴν</span> <span class='ocrx_word' id='word_1_639' title='bbox 1580 5044 1757 5097; x_wconf 77' lang='grc' dir='ltr'>ἔνθεον</span> 
     </span>
    </p>
   </div>
   <div class='ocr_carea' id='block_1_96' title="bbox 223 5135 1759 5214">
    <p class='ocr_par' dir='ltr' id='par_1_96' title="bbox 223 5135 1759 5214">
     <span class='ocr_line' id='line_1_97' title="bbox 223 5135 1759 5214; baseline -0.005 -18"><span class='ocrx_word' id='word_1_640' title='bbox 223 5142 384 5214; x_wconf 76' lang='grc' dir='ltr'>σοφίαν</span> <span class='ocrx_word' id='word_1_641' title='bbox 419 5140 680 5213; x_wconf 84' lang='grc' dir='ltr'>μαθόντες</span> <span class='ocrx_word' id='word_1_642' title='bbox 709 5156 767 5192; x_wconf 89' lang='grc' dir='ltr'><strong>τε</strong></span> <span class='ocrx_word' id='word_1_643' title='bbox 799 5139 891 5192; x_wconf 78' lang='grc' dir='ltr'>καὶ</span> <span class='ocrx_word' id='word_1_644' title='bbox 925 5136 1261 5202; x_wconf 79' lang='grc' dir='ltr'>διδάξαντες·</span> <span class='ocrx_word' id='word_1_645' title='bbox 1303 5135 1522 5206; x_wconf 73' lang='grc' dir='ltr'>ὕψωσαν</span> <span class='ocrx_word' id='word_1_646' title='bbox 1555 5138 1609 5189; x_wconf 83' lang='grc' dir='ltr'>δὲ</span> <span class='ocrx_word' id='word_1_647' title='bbox 1643 5139 1759 5190; x_wconf 87' lang='grc' dir='ltr'>ἐαυ-</span> 
     </span>
    </p>
   </div>
   <div class='ocr_carea' id='block_1_97' title="bbox 221 5228 1755 5305">
    <p class='ocr_par' dir='ltr' id='par_1_97' title="bbox 221 5228 1755 5305">
     <span class='ocr_line' id='line_1_98' title="bbox 221 5228 1755 5305; baseline -0.006 -16"><span class='ocrx_word' id='word_1_648' title='bbox 221 5236 311 5298; x_wconf 80' lang='grc' dir='ltr'>τοῖς</span> <span class='ocrx_word' id='word_1_649' title='bbox 348 5234 568 5305; x_wconf 85' lang='grc' dir='ltr'>ἀτιμίαν</span> <span class='ocrx_word' id='word_1_650' title='bbox 612 5234 661 5286; x_wconf 78' lang='lat' dir='ltr'><strong>oi.</strong></span> <span class='ocrx_word' id='word_1_651' title='bbox 713 5232 926 5293; x_wconf 82' lang='grc' dir='ltr'>ἀσεϐεῖς</span> <span class='ocrx_word' id='word_1_652' title='bbox 978 5228 1202 5283; x_wconf 85' lang='grc' dir='ltr'>ἐνώπιον</span> <span class='ocrx_word' id='word_1_653' title='bbox 1238 5228 1483 5297; x_wconf 80' lang='grc' dir='ltr'>ἀγγέλων</span> <span class='ocrx_word' id='word_1_654' title='bbox 1529 5229 1621 5283; x_wconf 77' lang='grc' dir='ltr'>καὶ</span> <span class='ocrx_word' id='word_1_655' title='bbox 1663 5230 1755 5282; x_wconf 88' lang='grc' dir='ltr'>άν-</span> 
     </span>
    </p>
   </div>
   <div class='ocr_carea' id='block_1_98' title="bbox 224 5321 1015 5399">
    <p class='ocr_par' dir='ltr' id='par_1_98' title="bbox 224 5321 1015 5399">
     <span class='ocr_line' id='line_1_99' title="bbox 224 5321 1015 5399; baseline -0.004 -20"><span class='ocrx_word' id='word_1_656' title='bbox 224 5321 428 5399; x_wconf 84' lang='grc' dir='ltr'>θρώπων</span> <span class='ocrx_word' id='word_1_657' title='bbox 456 5324 607 5396; x_wconf 84' lang='grc' dir='ltr'><strong>παρά</strong></span> <span class='ocrx_word' id='word_1_658' title='bbox 634 5322 728 5377; x_wconf 89' lang='grc' dir='ltr'><strong>τοῦ</strong></span> <span class='ocrx_word' id='word_1_659' title='bbox 756 5321 1015 5393; x_wconf 87' lang='grc' dir='ltr'>Χριστοῦ.</span> 
     </span>
    </p>
   </div>
   <div class='ocr_carea' id='block_1_99' title="bbox 1863 4679 3422 4756">
    <p class='ocr_par' dir='ltr' id='par_1_99' title="bbox 1863 4679 3422 4756">
     <span class='ocr_line' id='line_1_100' title="bbox 1863 4679 3422 4756; baseline -0.004 -16"><span class='ocrx_word' id='word_1_660' title='bbox 1863 4684 2110 4756; x_wconf 85' lang='lat' dir='ltr'><strong>superbis</strong></span> <span class='ocrx_word' id='word_1_661' title='bbox 2141 4690 2407 4751; x_wconf 88' lang='lat' dir='ltr'><strong>quatenus</strong></span> <span class='ocrx_word' id='word_1_662' title='bbox 2438 4679 2699 4733; x_wconf 89' lang='lat' dir='ltr'><strong>modestia</strong></span> <span class='ocrx_word' id='word_1_663' title='bbox 2721 4686 2820 4732; x_wconf 80' lang='lat' dir='ltr'><strong>est.</strong></span> <span class='ocrx_word' id='word_1_664' title='bbox 2850 4679 3141 4748; x_wconf 81' lang='lat' dir='ltr'><strong>Propterea</strong></span> <span class='ocrx_word' id='word_1_665' title='bbox 3168 4692 3218 4734; x_wconf 89' lang='lat' dir='ltr'><strong>et</strong></span> <span class='ocrx_word' id='word_1_666' title='bbox 3250 4684 3422 4735; x_wconf 86' lang='lat' dir='ltr'><strong>humi-</strong></span> 
     </span>
    </p>
   </div>
   <div class='ocr_carea' id='block_1_100' title="bbox 1863 4769 3419 4838">
    <p class='ocr_par' dir='ltr' id='par_1_100' title="bbox 1863 4769 3419 4838">
     <span class='ocr_line' id='line_1_101' title="bbox 1863 4769 3419 4838; baseline -0.006 -6"><span class='ocrx_word' id='word_1_667' title='bbox 1863 4778 1989 4832; x_wconf 92' lang='lat' dir='ltr'><strong>lium</strong></span> <span class='ocrx_word' id='word_1_668' title='bbox 2014 4776 2220 4830; x_wconf 88' lang='lat' dir='ltr'><strong>amicus</strong></span> <span class='ocrx_word' id='word_1_669' title='bbox 2257 4780 2358 4826; x_wconf 91' lang='lat' dir='ltr'><strong>est.</strong></span> <span class='ocrx_word' id='word_1_670' title='bbox 2384 4770 2459 4823; x_wconf 89' lang='lat' dir='ltr'><strong>Ita</strong></span> <span class='ocrx_word' id='word_1_671' title='bbox 2481 4769 2622 4822; x_wconf 89' lang='lat' dir='ltr'><strong>enim</strong></span> <span class='ocrx_word' id='word_1_672' title='bbox 2654 4770 2959 4838; x_wconf 82' lang='lat' dir='ltr'><strong>signiﬁcant</strong></span> <span class='ocrx_word' id='word_1_673' title='bbox 2989 4772 3150 4827; x_wconf 80' lang='lat' dir='ltr'><strong>verba</strong></span> <span class='ocrx_word' id='word_1_674' title='bbox 3187 4793 3198 4826; x_wconf 91' lang='lat'><strong>:</strong></span> <span class='ocrx_word' id='word_1_675' title='bbox 3233 4771 3419 4825; x_wconf 83' lang='lat' dir='ltr'><strong>Humi-</strong></span> 
     </span>
    </p>
   </div>
   <div class='ocr_carea' id='block_1_101' title="bbox 1867 4863 3149 4936">
    <p class='ocr_par' dir='ltr' id='par_1_101' title="bbox 1867 4863 3149 4936">
     <span class='ocr_line' id='line_1_102' title="bbox 1867 4863 3149 4936; baseline -0.004 -15"><span class='ocrx_word' id='word_1_676' title='bbox 1867 4870 2004 4924; x_wconf 86' lang='lat' dir='ltr'><strong>libus</strong></span> <span class='ocrx_word' id='word_1_677' title='bbox 2038 4868 2130 4922; x_wconf 91' lang='lat' dir='ltr'><strong>dat</strong></span> <span class='ocrx_word' id='word_1_678' title='bbox 2160 4864 2390 4936; x_wconf 80' lang='lat' dir='ltr'><strong>gratiam</strong></span> <span class='ocrx_word' id='word_1_679' title='bbox 2415 4878 2430 4927; x_wconf 89' lang='lat'><strong>;</strong></span> <span class='ocrx_word' id='word_1_680' title='bbox 2456 4868 2511 4914; x_wconf 87' lang='lat' dir='ltr'><strong>at</strong></span> <span class='ocrx_word' id='word_1_681' title='bbox 2537 4863 2781 4933; x_wconf 86' lang='lat' dir='ltr'><strong>superbis</strong></span> <span class='ocrx_word' id='word_1_682' title='bbox 2811 4863 3149 4917; x_wconf 89' lang='lat' dir='ltr'><strong>adversatur.</strong></span> 
     </span>
    </p>
   </div>
   <div class='ocr_carea' id='block_1_102' title="bbox 1933 5033 3416 5105">
    <p class='ocr_par' dir='ltr' id='par_1_102' title="bbox 1933 5033 3416 5105">
     <span class='ocr_line' id='line_1_103' title="bbox 1933 5033 3416 5105; baseline -0.006 -9"><span class='ocrx_word' id='word_1_683' title='bbox 1933 5044 1976 5075; x_wconf 79' lang='grc'>³³</span> <span class='ocrx_word' id='word_1_684' title='bbox 2025 5039 2312 5097; x_wconf 69' lang='grc' dir='ltr'>Οωιεειοιη</span> <span class='ocrx_word' id='word_1_685' title='bbox 2343 5035 2569 5105; x_wconf 85' lang='lat' dir='ltr'><strong>gloriam</strong></span> <span class='ocrx_word' id='word_1_686' title='bbox 2599 5033 3015 5099; x_wconf 63' lang='lat' dir='ltr'><strong>hazreditabunt,</strong></span> <span class='ocrx_word' id='word_1_687' title='bbox 3062 5034 3151 5101; x_wconf 86' lang='lat' dir='ltr'><strong>qui</strong></span> <span class='ocrx_word' id='word_1_688' title='bbox 3183 5033 3416 5088; x_wconf 87' lang='lat' dir='ltr'><strong>divinam</strong></span> 
     </span>
    </p>
   </div>
   <div class='ocr_carea' id='block_1_103' title="bbox 1862 5122 3415 5203">
    <p class='ocr_par' dir='ltr' id='par_1_103' title="bbox 1862 5122 3415 5203">
     <span class='ocr_line' id='line_1_104' title="bbox 1862 5122 3415 5203; baseline -0.01 -14"><span class='ocrx_word' id='word_1_689' title='bbox 1862 5133 2176 5203; x_wconf 87' lang='lat' dir='ltr'><strong>sapientiam</strong></span> <span class='ocrx_word' id='word_1_690' title='bbox 2208 5127 2500 5182; x_wconf 87' lang='lat' dir='ltr'><strong>didicerint</strong></span> <span class='ocrx_word' id='word_1_691' title='bbox 2529 5134 2585 5180; x_wconf 91' lang='lat' dir='ltr'><strong>et</strong></span> <span class='ocrx_word' id='word_1_692' title='bbox 2616 5122 2918 5179; x_wconf 88' lang='lat' dir='ltr'><strong>docuerint.</strong></span> <span class='ocrx_word' id='word_1_693' title='bbox 2967 5123 3255 5179; x_wconf 83' lang='lat' dir='ltr'><strong>Cumulant</strong></span> <span class='ocrx_word' id='word_1_694' title='bbox 3289 5140 3415 5181; x_wconf 76' lang='lat' dir='ltr'><strong>vero</strong></span> 
     </span>
    </p>
   </div>
   <div class='ocr_carea' id='block_1_104' title="bbox 1861 5215 3415 5295">
    <p class='ocr_par' dir='ltr' id='par_1_104' title="bbox 1861 5215 3415 5295">
     <span class='ocr_line' id='line_1_105' title="bbox 1861 5215 3415 5295; baseline -0.006 -13"><span class='ocrx_word' id='word_1_695' title='bbox 1861 5226 1960 5283; x_wconf 89' lang='lat' dir='ltr'><strong>sibi</strong></span> <span class='ocrx_word' id='word_1_696' title='bbox 1991 5221 2337 5295; x_wconf 84' lang='lat' dir='ltr'><strong>ignominiam</strong></span> <span class='ocrx_word' id='word_1_697' title='bbox 2362 5218 2544 5289; x_wconf 88' lang='lat' dir='ltr'><strong>impii,</strong></span> <span class='ocrx_word' id='word_1_698' title='bbox 2577 5231 2754 5273; x_wconf 82' lang='lat' dir='ltr'><strong>coram</strong></span> <span class='ocrx_word' id='word_1_699' title='bbox 2786 5215 2990 5285; x_wconf 87' lang='lat' dir='ltr'><strong>angelis</strong></span> <span class='ocrx_word' id='word_1_700' title='bbox 3012 5226 3066 5269; x_wconf 90' lang='lat' dir='ltr'><strong>et</strong></span> <span class='ocrx_word' id='word_1_701' title='bbox 3092 5215 3415 5285; x_wconf 84' lang='lat' dir='ltr'><strong>hominibus,</strong></span> 
     </span>
    </p>
   </div>
   <div class='ocr_carea' id='block_1_105' title="bbox 1860 5316 2155 5373">
    <p class='ocr_par' dir='ltr' id='par_1_105' title="bbox 1860 5316 2155 5373">
     <span class='ocr_line' id='line_1_106' title="bbox 1860 5316 2155 5373; baseline -0.027 0"><span class='ocrx_word' id='word_1_702' title='bbox 1860 5334 1889 5373; x_wconf 88' lang='lat' dir='ltr'><strong>a</strong></span> <span class='ocrx_word' id='word_1_703' title='bbox 1916 5316 2155 5371; x_wconf 88' lang='lat' dir='ltr'><strong>Christo.</strong></span> 
     </span>
    </p>
   </div>
   <div class='ocr_carea' id='block_1_106' title="bbox 1686 5458 1957 5515">
    <p class='ocr_par' dir='ltr' id='par_1_106' title="bbox 1686 5458 1957 5515">
     <span class='ocr_line' id='line_1_107' title="bbox 1686 5458 1957 5515; baseline 0.004 -4"><span class='ocrx_word' id='word_1_704' title='bbox 1686 5458 1833 5515; x_wconf 87' lang='lat' dir='ltr'><strong>CAP.</strong></span> <span class='ocrx_word' id='word_1_705' title='bbox 1869 5459 1957 5512; x_wconf 82' lang='lat' dir='ltr'><strong>IV.</strong></span> 
     </span>
    </p>
   </div>
   <div class='ocr_carea' id='block_1_107' title="bbox 283 5568 1753 5645">
    <p class='ocr_par' dir='ltr' id='par_1_107' title="bbox 283 5568 1753 5645">
     <span class='ocr_line' id='line_1_108' title="bbox 283 5568 1753 5645; baseline -0.006 -16"><span class='ocrx_word' id='word_1_706' title='bbox 283 5574 538 5639; x_wconf 83' lang='grc' dir='ltr'>Παιδείαν,</span> <span class='ocrx_word' id='word_1_707' title='bbox 576 5573 676 5645; x_wconf 74' lang='grc' dir='ltr'>τὴν</span> <span class='ocrx_word' id='word_1_708' title='bbox 719 5571 915 5642; x_wconf 63' lang='grc' dir='ltr'>ἠθικὴν</span> <span class='ocrx_word' id='word_1_709' title='bbox 945 5570 1141 5643; x_wconf 79' lang='grc' dir='ltr'>ἀρετὴν</span> <span class='ocrx_word' id='word_1_710' title='bbox 1179 5569 1356 5639; x_wconf 81' lang='grc' dir='ltr'>λέγει·</span> <span class='ocrx_word' id='word_1_711' title='bbox 1396 5571 1622 5634; x_wconf 69' lang='grc' dir='ltr'>ἔννοιαν,</span> <span class='ocrx_word' id='word_1_712' title='bbox 1658 5568 1753 5639; x_wconf 81' lang='grc' dir='ltr'>τὴν</span> 
     </span>
    </p>
   </div>
   <div class='ocr_carea' id='block_1_108' title="bbox 232 5662 1760 5738">
    <p class='ocr_par' dir='ltr' id='par_1_108' title="bbox 232 5662 1760 5738">
     <span class='ocr_line' id='line_1_109' title="bbox 232 5662 1760 5738; baseline -0.007 -15"><span class='ocrx_word' id='word_1_713' title='bbox 232 5667 348 5724; x_wconf 83' lang='grc' dir='ltr'>θείαν</span> <span class='ocrx_word' id='word_1_714' title='bbox 379 5666 606 5738; x_wconf 86' lang='grc' dir='ltr'>γνῶσιν·</span> <span class='ocrx_word' id='word_1_715' title='bbox 642 5665 753 5728; x_wconf 84' lang='grc' dir='ltr'>υίὸς</span> <span class='ocrx_word' id='word_1_716' title='bbox 781 5663 835 5717; x_wconf 76' lang='grc' dir='ltr'><strong>δὲ</strong></span> <span class='ocrx_word' id='word_1_717' title='bbox 869 5663 1077 5733; x_wconf 88' lang='grc' dir='ltr'>ἀρετῶν</span> <span class='ocrx_word' id='word_1_718' title='bbox 1110 5664 1139 5715; x_wconf 81' lang='grc' dir='ltr'>ὁ</span> <span class='ocrx_word' id='word_1_719' title='bbox 1168 5664 1285 5716; x_wconf 80' lang='grc' dir='ltr'>κατ’</span> <span class='ocrx_word' id='word_1_720' title='bbox 1324 5662 1490 5727; x_wconf 75' lang='grc' dir='ltr'>αὑτὰς</span> <span class='ocrx_word' id='word_1_721' title='bbox 1528 5678 1760 5717; x_wconf 78' lang='grc' dir='ltr'>πεποιω-</span> 
     </span>
    </p>
   </div>
   <div class='ocr_carea' id='block_1_109' title="bbox 1936 5558 3419 5632">
    <p class='ocr_par' dir='ltr' id='par_1_109' title="bbox 1936 5558 3419 5632">
     <span class='ocr_line' id='line_1_110' title="bbox 1936 5558 3419 5632; baseline -0.004 -12"><span class='ocrx_word' id='word_1_722' title='bbox 1936 5568 1982 5603; x_wconf 74' lang='lat'>&quot;</span> <span class='ocrx_word' id='word_1_723' title='bbox 2034 5563 2380 5632; x_wconf 89' lang='lat' dir='ltr'><strong>Disciplinam</strong></span> <span class='ocrx_word' id='word_1_724' title='bbox 2448 5562 2581 5615; x_wconf 90' lang='lat' dir='ltr'><strong>dicit</strong></span> <span class='ocrx_word' id='word_1_725' title='bbox 2628 5558 2883 5614; x_wconf 89' lang='lat' dir='ltr'><strong>moralem</strong></span> <span class='ocrx_word' id='word_1_726' title='bbox 2926 5562 3206 5626; x_wconf 88' lang='lat' dir='ltr'><strong>virtutem;</strong></span> <span class='ocrx_word' id='word_1_727' title='bbox 3265 5561 3419 5615; x_wconf 75' lang='lat' dir='ltr'><strong>intel«</strong></span> 
     </span>
    </p>
   </div>
   <div class='ocr_carea' id='block_1_110' title="bbox 1866 5652 3415 5724">
    <p class='ocr_par' dir='ltr' id='par_1_110' title="bbox 1866 5652 3415 5724">
     <span class='ocr_line' id='line_1_111' title="bbox 1866 5652 3415 5724; baseline -0.005 -10"><span class='ocrx_word' id='word_1_728' title='bbox 1866 5660 2091 5724; x_wconf 84' lang='lat' dir='ltr'><strong>lectum,</strong></span> <span class='ocrx_word' id='word_1_729' title='bbox 2124 5655 2366 5713; x_wconf 85' lang='lat' dir='ltr'><strong>divinam</strong></span> <span class='ocrx_word' id='word_1_730' title='bbox 2402 5654 2703 5710; x_wconf 86' lang='lat' dir='ltr'><strong>scientiam.</strong></span> <span class='ocrx_word' id='word_1_731' title='bbox 2746 5652 2915 5707; x_wconf 78' lang='lat' dir='ltr'><strong>Filius</strong></span> <span class='ocrx_word' id='word_1_732' title='bbox 2949 5665 3127 5711; x_wconf 84' lang='lat' dir='ltr'><strong>autem</strong></span> <span class='ocrx_word' id='word_1_733' title='bbox 3156 5655 3415 5708; x_wconf 89' lang='lat' dir='ltr'><strong>virtutum</strong></span> 
     </span>
    </p>
   </div>
   <div class='ocr_carea' id='block_1_111' title="bbox 314 5877 1766 5947">
    <p class='ocr_par' dir='ltr' id='par_1_111' title="bbox 314 5880 1766 5947">
     <span class='ocr_line' id='line_1_112' title="bbox 314 5880 1766 5947; baseline -0.017 14"><span class='ocrx_word' id='word_1_734' title='bbox 314 5890 354 5923; x_wconf 82' lang='grc'><strong><em>⁵⁸</em></strong></span> <span class='ocrx_word' id='word_1_735' title='bbox 382 5907 434 5947; x_wconf 72' lang='grc' dir='ltr'><strong>νε</strong></span> <span class='ocrx_word' id='word_1_736' title='bbox 464 5887 552 5945; x_wconf 70' lang='grc'><strong>18·</strong></span> <span class='ocrx_word' id='word_1_737' title='bbox 628 5887 675 5918; x_wconf 79' lang='grc'><strong>⁸⁸</strong></span> <span class='ocrx_word' id='word_1_738' title='bbox 711 5903 762 5941; x_wconf 69' lang='lat' dir='ltr'><strong>V-</strong></span> <span class='ocrx_word' id='word_1_739' title='bbox 794 5887 880 5941; x_wconf 70' lang='grc' dir='ltr'><strong>ἳό-</strong></span> <span class='ocrx_word' id='word_1_740' title='bbox 959 5888 1002 5920; x_wconf 80' lang='grc'><strong>’⁷</strong></span> <span class='ocrx_word' id='word_1_741' title='bbox 1032 5900 1084 5939; x_wconf 78' lang='lat' dir='ltr'><strong>v.</strong></span> <span class='ocrx_word' id='word_1_742' title='bbox 1114 5882 1204 5936; x_wconf 71' lang='lat'><strong>25.</strong></span> <span class='ocrx_word' id='word_1_743' title='bbox 1281 5882 1324 5916; x_wconf 69' lang='grc'><strong>’⁸</strong></span> <span class='ocrx_word' id='word_1_744' title='bbox 1354 5897 1404 5938; x_wconf 88' lang='lat' dir='ltr'><strong>v.</strong></span> <span class='ocrx_word' id='word_1_745' title='bbox 1431 5881 1521 5937; x_wconf 67' lang='lat'><strong>27.</strong></span> <span class='ocrx_word' id='word_1_746' title='bbox 1600 5880 1646 5915; x_wconf 82' lang='lat'>&quot;</span> <span class='ocrx_word' id='word_1_747' title='bbox 1674 5895 1724 5934; x_wconf 89' lang='lat' dir='ltr'><strong>v.</strong></span> <span class='ocrx_word' id='word_1_748' title='bbox 1753 5880 1766 5936; x_wconf 73' lang='grc' dir='ltr'>Ξ</span> 
     </span>
    </p>
   </div>
   <div class='ocr_carea' id='block_1_112' title="bbox 1868 5877 3057 5947">
    <p class='ocr_par' dir='ltr' id='par_1_112' title="bbox 1917 5877 3057 5937">
     <span class='ocr_line' id='line_1_113' title="bbox 1917 5877 3057 5937; baseline -0.002 -6"><span class='ocrx_word' id='word_1_749' title='bbox 1917 5879 1962 5914; x_wconf 82' lang='grc'><strong>³⁹</strong></span> <span class='ocrx_word' id='word_1_750' title='bbox 1984 5889 2033 5935; x_wconf 82' lang='lat' dir='ltr'><strong>v.</strong></span> <span class='ocrx_word' id='word_1_751' title='bbox 2068 5878 2154 5937; x_wconf 74' lang='lat'><strong>&#39;53.</strong></span> <span class='ocrx_word' id='word_1_752' title='bbox 2228 5877 2266 5910; x_wconf 82' lang='grc'><strong>³¹</strong></span> <span class='ocrx_word' id='word_1_753' title='bbox 2298 5894 2345 5932; x_wconf 90' lang='lat' dir='ltr'><strong>v.</strong></span> <span class='ocrx_word' id='word_1_754' title='bbox 2378 5878 2466 5932; x_wconf 79' lang='grc'><strong>³54.</strong></span> <span class='ocrx_word' id='word_1_755' title='bbox 2542 5877 2584 5913; x_wconf 76' lang='grc'><strong>³’</strong></span> <span class='ocrx_word' id='word_1_756' title='bbox 2612 5895 2659 5932; x_wconf 88' lang='lat' dir='ltr'><strong>v.</strong></span> <span class='ocrx_word' id='word_1_757' title='bbox 2698 5879 2788 5934; x_wconf 78' lang='lat'><strong>55.</strong></span> <span class='ocrx_word' id='word_1_758' title='bbox 2863 5878 2905 5911; x_wconf 85' lang='grc'>³³</span> <span class='ocrx_word' id='word_1_759' title='bbox 2930 5894 2980 5931; x_wconf 87' lang='lat' dir='ltr'><strong>v.</strong></span> <span class='ocrx_word' id='word_1_760' title='bbox 3011 5878 3057 5930; x_wconf 85' lang='lat' dir='ltr'><strong>I.</strong></span> 
     </span>
    </p>
   </div>
   <div class='ocr_carea' id='block_1_113' title="bbox 520 5980 1191 6051">
    <p class='ocr_par' dir='ltr' id='par_1_113' title="bbox 520 5980 1191 6051">
     <span class='ocr_line' id='line_1_114' title="bbox 520 5980 1191 6051; baseline -0.013 0"><span class='ocrx_word' id='word_1_761' title='bbox 520 5991 787 6051; x_wconf 76' lang='grc' dir='ltr'>ΡΑτιιοι..</span> <span class='ocrx_word' id='word_1_762' title='bbox 833 5988 949 6049; x_wconf 80' lang='lat' dir='ltr'><strong>Gn.</strong></span> <span class='ocrx_word' id='word_1_763' title='bbox 999 5980 1191 6047; x_wconf 73' lang='lat' dir='ltr'><strong>XVII.</strong></span> 
     </span>
    </p>
   </div>
   <div class='ocr_carea' id='block_1_114' title="bbox 3024 5972 3062 6029">
    <p class='ocr_par' dir='ltr' id='par_1_114' title="bbox 3024 5972 3062 6029">
     <span class='ocr_line' id='line_1_115' title="bbox 3024 5972 3062 6029; baseline 0 0"><span class='ocrx_word' id='word_1_764' title='bbox 3024 5972 3062 6029; x_wconf 76' lang='lat'><strong>6</strong></span> 
     </span>
    </p>
   </div>
  </div>
