4012 6340
604 389 696 446 171

1446 369 2001 428 SUPPLEMENTUM
2041 367 2131 420 AD
2165 363 2485 422 ORIGENIS
2521 356 2938 418 EXEGETICA.

3721 347 3724 350 ’
3764 354 3847 408 l7!

601 525 704 579 est,
740 511 830 581 qui
872 509 974 563 illis
1005 513 1089 562 est
1111 502 1486 579 informatus;
1525 496 1726 565 quique
1762 493 1904 548 haud
1934 491 2158 546 alterius

2269 487 2439 558 μένος,
2465 486 2523 548 ὃς
2556 483 2656 536 οὐκ
2684 482 2840 536 ἄλλου
2865 480 3040 550 χάριν,
3072 477 3189 530 ἀλλ’
3225 476 3399 528 ἕνεκα
3435 472 3535 542 τῆς
3564 471 3843 543 ἀρετῆςτὰ

602 608 678 663 rei
725 603 917 675 gratia,
966 600 1058 654 sed
1097 604 1317 668 propter
1346 594 1515 663 ipsam
1554 590 1834 652 virtutem,
1881 584 1938 640 in
1985 598 2049 640 ea
2105 599 2162 639 se

603 705 840 754 exercet.

671 789 717 820 “
769 786 976 839 Donum
1011 782 1208 835 bonum
1240 776 1309 830 do
1349 773 1758 837 vobis,cmleste
1803 785 2060 842 regnum,
2119 770 2162 824 si

602 881 776 952 legem
821 892 991 932 meam
1025 887 1132 928 non
1162 866 1532 926 deserueritis.
1570 865 1668 921 Hic
1715 880 1880 934 porro
1921 863 2163 918 animad-

603 972 920 1028 vertendum
952 977 1056 1030 est,
1088 968 1286 1021 donum
1337 963 1542 1016 bonum
1577 959 1680 1014 dici
1716 959 1784 1013 ab
1806 965 2163 1019 comentem,

604 1075 824 1135 propter
863 1061 1011 1114 illum
1055 1057 1145 1126 qui
1175 1059 1311 1111 dona
1376 1053 1429 1108 in
1476 1052 1652 1107 sinum
1705 1049 1904 1117 accipit
1945 1045 2163 1116 injuste,

602 1167 783 1211 etnec
824 1165 1080 1221 prospero
1119 1161 1375 1203 successu
1408 1144 1600 1198 utitur.
1654 1140 1788 1194 Nam
1837 1139 2021 1208 iniqua
2076 1135 2163 1190 illa

602 1249 742 1302 dona
794 1243 924 1297 dicit
958 1254 1054 1310 pro
1095 1235 1328 1307 improbi
1363 1233 1602 1289 hominis
1648 1229 1902 1301 negotiis,
1949 1242 2068 1298 qua:
2118 1225 2163 1281 si

602 1353 756 1391 mens
785 1335 1043 1403 excipiat,
1068 1331 1122 1386 in
1149 1329 1255 1384 viis
1279 1327 1392 1382 suis
1423 1341 1526 1380 non
1557 1324 1869 1379 fortunatur
1889 1359 1903 1377 .

673 1432 716 1462 ³⁵
751 1431 961 1486 Corona
990 1424 1307 1494 gratiarum,
1341 1419 1592 1473 mandata
1621 1415 1829 1472 Domini
1865 1422 2012 1479 sunt,
2048 1427 2165 1482 qna:

604 1525 756 1593 regni
819 1534 1077 1576 coronam
1129 1514 1364 1569 vicissim
1401 1509 1712 1566 retribuunt
1753 1507 2166 1562 observantibus

606 1618 743 1684 ipsa.
774 1615 989 1668 Corona
1013 1623 1138 1663 vero
1163 1607 1480 1661 deliciarum
1512 1602 1746 1671 cognitio
1775 1599 1892 1663 Dei,
1921 1613 2036 1668 quaa
2071 1613 2168 1652 nos

608 1718 916 1777 protegens,
945 1715 1157 1758 omnem
1189 1697 1447 1752 lascivam
1478 1691 1885 1764 cogitationem,
1919 1677 2165 1744 omnem?

606 1816 709 1870 que
735 1799 919 1853 falsam
947 1795 1224 1852 scientiam
1254 1788 1482 1859 repellit.

2267 581 2386 633 κατ’
2420 577 2586 648 αὐτὴν
2618 577 2848 645 ἐνεργεῖ.

2336 755 2516 826 Δῶρον
2541 752 2739 822 ἀγαθὸν
2774 749 3048 823 δωροῦμαι
3079 747 3235 818 ὑμῖν,
3272 745 3381 816 τὴν
3419 741 3744 814 ἐπουράνιον
3769 741 3851 812 βα-

2267 850 2487 915 σιλείαν,
2524 847 2618 901 ἐὰν
2648 844 2740 899 τὸν
2778 843 2940 914 νόμον
2990 857 3090 911 μου
3145 837 3225 909 μὴ
3277 833 3727 905 ἐγκαταλίπητε·
3768 851 3850 904 ση-

2269 941 2524 1014 μειωτέον
2566 939 2624 993 δὲ
2669 935 2934 997 ἐνταῦθα,
2981 934 3062 986 ὅτι
3107 930 3288 1002 δῶρον
3343 926 3561 994 ἀγαθὸν
3618 927 3852 996 ὀνομάζει

2264 1033 2356 1086 τὸν
2375 1030 2520 1094 νοῦν,
2549 1028 2635 1082 διὰ
2665 1027 2756 1081 τὸν
2783 1023 3128 1095 λαμϐάνοντα
3152 1019 3316 1087 δῶρα
3340 1017 3402 1070 ἐν
3431 1017 3624 1087 κόλπῳ
3652 1015 3852 1082 ἀδίκως,

2266 1127 2359 1180 καὶ
2384 1124 2459 1197 μὴ
2487 1121 2968 1190 κατευοδούμενονο
3013 1117 3197 1169 ἐκεῖνα
3237 1113 3360 1183 γὰρ
3393 1109 3554 1181 δῶρα
3597 1109 3771 1172 ἄδικα,
3797 1110 3855 1163 τά

2267 1217 2563 1290 πράγματα
2590 1213 2739 1281 λέγει
2779 1209 2872 1263 τοῦ
2911 1205 3169 1278 πονηροῦ,
3193 1204 3372 1274 ,ἆπερ
3407 1203 3440 1271 6
3473 1202 3602 1266 νοῦς
3648 1201 3855 1272 δεχόμε-

2266 1325 2374 1371 νος,
2399 1306 2460 1359 οὐ
2485 1300 2866 1358 κατευοδοῦται
2903 1301 2959 1354 ἐν
2989 1300 3110 1361 ταῖς
3136 1297 3287 1360 ὁδοῖς
3331 1293 3533 1349 αὐτοῦ.

2336 1401 2603 1469 Στέφανος
2625 1397 2860 1469 χαρίτων
2881 1397 2936 1448 αί
2957 1393 3164 1448 ἐντολαὶ
3189 1392 3294 1446 τοῦ
3321 1389 3470 1444 Θεοῦ
3493 1390 3655 1452 εἰσιν,
3677 1388 3854 1449 αἳτινες

2265 1491 2357 1546 τὸν
2417 1490 2674 1560 στέφανον
2737 1487 2839 1557 τῆς
2899 1485 3173 1557 βασιλείας
3250 1473 3699 1554 ἀντιπαρέχουσι
3759 1482 3854 1545 τοῖς

2268 1576 2511 1630 ποιοῦσιν
2535 1575 2705 1638 αὐτάς
2724 1592 2736 1604 ·
2776 1575 3039 1642 στέφανος
3062 1573 3120 1626 δὲ
3143 1572 3369 1645 τρυφῆς
3397 1573 3434 1642 ἡ
3471 1571 3678 1638 γνῶσις
3710 1573 3740 1641 ἡ
3771 1569 3852 1624 τοῦ

2266 1668 2422 1732 Θεοῦ,
2464 1668 2585 1738 ἥτις
2621 1665 3063 1738 ὑπερασπίζουσα
3109 1663 3312 1735 ἡμῶν,
3381 1663 3572 1716 πάντα
3617 1662 3852 1732 λογισμὸν

2266 1760 2508 1832 ἐμπαθῆ,
2538 1761 2631 1814 καὶ
2665 1761 2842 1813 πᾶσαν
2875 1759 3074 1827 γνῶσιν
3103 1757 3284 1827 ψευδῆ
3317 1755 3658 1810 ἀπωθεῖται.

675 1890 718 1921 ³⁸
744 1887 836 1943 lla:
857 1884 1159 1953 complures
1186 1881 1284 1935 via:
1310 1879 1375 1933 ad
1410 1893 1570 1932 unam
1596 1887 1822 1948 vergunt
1855 1878 2020 1938 viam,
2047 1887 2165 1944 quae

2337 1848 2505 1907 Αῦται
2535 1853 2589 1905 αἱ
2625 1849 2814 1904 πολλαὶ⁵
2857 1849 2964 1904 ὁδοὶ
3007 1851 3086 1912 είς
3133 1849 3268 1919 μίαν
3321 1849 3563 1916 ἄγουσιν
3602 1846 3738 1912 ὁδὸν,
3765 1845 3848 1917 τὴν

607 1982 739 2038 dicit
767 1997 780 2034 :
813 1979 926 2049 Ego
947 1992 1064 2032 sum
1097 1974 1203 2029 via.
1256 1969 1449 2025 Multas
1490 1980 1668 2026 autem
1700 1970 1813 2022 vias
1837 1968 1968 2021 dixit
1998 1968 2170 2020 virtu-

608 2085 706 2136 tes,
734 2087 852 2142 quae
881 2071 947 2124 ad
971 2068 1062 2124 Dei
1093 2066 1460 2137 cognitionem
1502 2063 1792 2118 deducunt.
1840 2056 2162 2128 Mnltiplica-

606 2169 802 2221 buntur
819 2172 995 2218 autem
1024 2159 1149 2214 anni
1172 2159 1296 2212 vitae
1323 2156 1548 2219 homini,
1578 2153 1667 2222 qui
1701 2152 1751 2206 in
1778 2149 2164 2221 prophetarum

607 2273 738 2313 voce
771 2255 920 2310 audit
951 2251 1224 2308 ctelestem
1254 2249 1504 2309 Patrem,
1533 2243 1831 2313 recipitque
1852 2255 1950 2311 per
1981 2239 2166 2308 unige-

606 2349 777 2400 nitum
803 2344 997 2399 Filium
1030 2341 1191 2400 verba
1227 2338 1390 2402 illius,
1416 2337 1543 2389 utin
1573 2334 1697 2388 vita:
1723 2332 1880 2401 iustae
1909 2329 2008 2386 viis
2034 2330 2164 2384 diri-

605 2422 786 2504 gatnr,
825 2450 933 2504 quo
964 2433 1144 2489 salvus
1172 2430 1264 2486 ﬁat
1293 2429 1348 2482 in
1376 2439 1579 2482 mterna
1613 2424 1741 2478 vita.

675 2621 716 2653 ³⁷
748 2617 952 2674 Horum
978 2624 1288 2671 castrorum
1325 2610 1484 2666 statio
1513 2617 1597 2665 est
1631 2607 1893 2678 nequitia,
1943 2616 1998 2660 et
2027 2605 2161 2659 falsa

606 2709 858 2771 scientia,
897 2715 952 2762 et
979 2704 1236 2776 quidquid
1262 2703 1368 2757 Deo
1395 2701 1630 2756 invisum
1655 2709 1760 2755 est.
1795 2699 1991 2755 Hostes
2017 2698 2161 2754 enim

606 2811 732 2854 sunt
751 2800 925 2869 impia:
949 2798 1321 2870 cogitationes,
1351 2811 1468 2867 qua:
1491 2793 1703 2850 animas
1726 2793 2017 2864 perimunt.

676 2989 719 3020 ³⁸
752 2985 972 3041 Dilectis
1000 2983 1112 3042 suis
1139 2982 1363 3053 largitur
1401 2981 1542 3036 Deus
1579 2994 1860 3042 somnum;
1907 2986 1963 3032 at
2012 2976 2161 3045 impii

610 3077 896 3133 dilectione
922 3075 1039 3144 ejus
1061 3089 1168 3130 non
1201 3072 1473 3134 fruuntur,
1509 3058 1705 3140 quibus
1731 3077 1880 3124 certe
1915 3083 2161 3124 somnum

607 3167 869 3222 Dominus
914 3180 1018 3220 non
1054 3162 1320 3220 concedit.
1379 3160 1520 3216 Hinc
1573 3158 1902 3215 credibiliter
1950 3159 2160 3214 ostendi

2269 1946 2528 2000 εἰποῦσαν
2547 1962 2561 1975 ·
2592 1943 2733 2012 Ἐγώ
2761 1945 2874 2015 εἰμι
2899 1943 2933 2012 ἡ
2960 1942 3077 2005 ὁδός
3095 1959 3108 1973 ·
3137 1940 3348 2005 πολλὰς
3368 1940 3431 1995 δὲ
3457 1941 3683 2011 εἴρηκεν
3696 1939 3843 2002 ὁδοὺς.

2267 2041 2364 2102 τάς
2398 2037 2596 2110 ἀρετὰς
2626 2036 2725 2100 τὰς
2753 2034 3022 2108 φερούσας
3055 2035 3149 2088 ἐπί
3177 2034 3283 2106 τὴν
3327 2032 3545 2102 γνῶσιν
3577 2031 3670 2084 τοῦ
3702 2028 3838 2084 Θεοῦ.

2267 2130 2704 2204 Πληθυνθήσεται
2743 2129 2799 2182 δὲ
2832 2127 2925 2198 ἐτη
2963 2126 3106 2198 ζωῆς
3148 2125 3242 2179 τοῦ
3302 2123 3611 2186 ἀκούοντος
3643 2120 3845 2175 διά.τῶν

2268 2222 2560 2296 προφητῶν
2589 2220 2682 2274 τοῦ
2708 2219 3030 2291 ἐπουρανίου
3051 2218 3289 2288 Πατρός,
3321 2217 3422 2270 καὶ
3453 2215 3739 2287 δεχομένου
3767 2211 3841 2266 διά

2265 2316 2359 2370 τοῦ
2393 2313 2711 2386 μονογενοῦς
2740 2312 2868 2365 Υἱοῦ
2909 2312 3034 2374 τοὺς
3073 2310 3268 2379 λόγους
3304 2307 3502 2373 αὐτοῦ,
3539 2309 3621 2370 είς
3649 2305 3707 2358 τὸ
3735 2319 3840 2358 κατ-

2267 2407 2590 2477 ευθυνθῆναι
2634 2407 2691 2459 ἐν
2742 2407 2861 2468 ταῖς
2889 2403 3026 2465 ὁδοῖς
3069 2403 3166 2474 τῆς
3199 2400 3567 2470 δικαιοσύνης
3597 2397 3688 2453 τοῦ
3718 2397 3834 2467 βίον,

2264 2501 2408 2563 ὅπως
2435 2496 2690 2568 ἀποσωθῇ
2721 2497 2800 2560 είς
2821 2495 2921 2566 τὴν
2948 2495 3173 2560 ἀείζωον
3195 2493 3372 2564 ζωήν.

2336 2591 2535 2645 Τούτου
2569 2589 2663 2642 τοῦ
2700 2586 2930 2658 στρατοῦ
2959 2588 2987 2639 6
3030 2586 3196 2650 τόπος
3236 2587 3397 2639 ἐστὶν
3433 2585 3469 2654 ἡ
3501 2581 3670 2636 κακία
3700 2579 3834 2646 καὶὴ

2263 2682 2608 2752 ψευδώνυμος
2633 2682 2854 2750 γνῶσις,
2889 2680 2984 2734 καὶ
3010 2679 3115 2731 πᾶν
3144 2677 3330 2730 ὁτιοῦν
3358 2675 3592 2729 ἄδεκτον
3621 2669 3696 2742 τῷ
3717 2667 3834 2738 Θεῷ·

2266 2775 2510 2846 πολέμιοι
2535 2774 2643 2845 γάρ
2677 2776 2811 2828 εἰσιν
2836 2774 2886 2826 οἱ
2920 2770 3135 2833 ἀσεϐεῖς
3179 2768 3474 2839 λογισμοὶ,
3525 2765 3698 2837 ψυχὰς
3721 2765 3835 2818 ἀπυ-

2265 2866 2583 2930 κτείνοντες,
3109 2901 3113 2907 .

2348 2958 2430 3010 Ἐν
2457 2959 2572 3019 τοῖς
2605 2956 2907 3027 ἀγαπητοῖς
2939 2952 3103 3027 αὐτοῦ
3129 2952 3357 3006 δίδωσιν
3381 2953 3412 3005 6
3435 2949 3636 3022 Κύριος
3666 2946 3826 3000 ὕπνον

2263 3050 2314 3103 oi.
2351 3049 2407 3102 δὲ
2449 3049 2666 3112 ἀσεϐεῖς
2714 3049 2814 3102 οὐκ
2861 3047 2998 3100 εἰσιν
3028 3044 3192 3098 αὐτοῦ
3220 3043 3544 3115 ἀγαπητοί³
3586 3042 3694 3101 τοῖς
3723 3037 3830 3090 ἀσε-

2266 3139 2415 3193 ϐέσιν
2441 3140 2547 3212 ἀρα
2586 3138 2646 3190 οὐ
2677 3137 2888 3191 δίδωσιν
2933 3136 3095 3189 ὕπνον
3137 3137 3166 3188 6
3209 3134 3464 3208 Κύριος·
3510 3129 3744 3186 ἐντεῦθεν
3780 3125 3827 3178 δέ

609 3269 802 3330 potest,
835 3259 977 3313 haud
1010 3271 1128 3313 esse
1158 3257 1406 3312 idoneam
1447 3251 1708 3324 capiendo
1743 3265 1934 3309 somno
1963 3251 2165 3308 daemo-

2273 3231 2386 3285 ἔστι
2419 3233 2514 3286 καὶ
2535 3229 2802 3294 πειθανῶς
2834 3229 3024 3296 δεῖξαι,
3060 3229 3141 3281 ὅτι
3169 3228 3228 3280 οὐ
3257 3226 3556 3282 καθεύδειν
3577 3221 3827 3292 πεφύκασι

607 3369 735 3408 num
761 3361 1026 3407 naturam.

679 3443 724 3475 ³³
759 3443 1028 3496 Anteeunt
1052 3438 1206 3494 nobis
1252 3437 1502 3503 virtutes,
1535 3449 1739 3505 nosque
1768 3433 2076 3489 illuminant
2112 3431 2166 3487 in

606 3543 871 3603 prasente
928 3531 1071 3596 vita;
1125 3542 1248 3600 quae
1298 3529 1341 3583 si
1383 3543 1505 3583 cum
1555 3528 1736 3581 l'utura
1797 3533 2166 3593 comparetur,

606 3641 726 3697 qua:
749 3626 864 3681 dies
887 3613 1126 3690 est,'nox
1158 3621 1403 3686 dicetur;
1434 3620 1604 3673 donec
1637 3627 1892 3688 exsurgat
1917 3617 2032 3671 dies
2054 3656 2069 3680 ,
2113 3617 2166 3670 in

606 3734 713 3788 qua
738 3715 962 3784 iustitiae
994 3713 1074 3770 sol
1101 3713 1328 3768 orietur.
1381 3708 1479 3766 Vel
1533 3710 1682 3776 dicit,
1718 3708 1894 3778 quoad
1948 3717 2061 3762 tuto
2112 3709 2166 3761 in

609 3813 726 3863 loco
765 3823 863 3863 nos
892 3807 1248 3867 constituant,
1291 3818 1394 3858 non
1430 3803 1711 3858 recedunt.
1739 3803 1844 3858 Est
1882 3801 2026 3856 enim
2061 3800 2166 3856 dici

607 3899 908 3972 proprium,
927 3907 982 3952 ut
1017 3897 1265 3951 tenebras
1295 3895 1562 3965 dispellat.
1591 3895 1744 3961 Quod
1765 3908 1895 3950 sane
1915 3892 2167 3949 Christus

608 3991 776 4044 etiam
822 3988 1006 4043 aiebat
1038 4006 1050 4042 :
1081 3986 1182 4053 Qui
1233 3985 1478 4040 ambulat
1528 3985 1580 4039 in
1618 3987 1725 4048 die,
1771 4001 1877 4040 non
1923 3983 2166 4040 oll'endit.

609 4082 808 4142 Contra
835 4081 894 4135 ﬁt
930 4081 982 4136 in
1018 4080 1122 4134 viis
1158 4077 1482 4148 impiorum;
1516 4077 1606 4147 qui
1650 4093 1772 4132 cum
1795 4093 1969 4147 neque
1995 4078 2170 4132 sciant

609 4189 785 4245 neque
823 4173 1144 4242 intelligant,
1176 4172 1230 4226 in
1279 4171 1520 4228 tenebris
1566 4169 1845 4224 ambulant
1893 4180 1949 4224 et
1991 4169 2166 4224 olTerr-

605 4269 769 4334 dunt;
802 4281 979 4337 neque
1023 4265 1183 4319 ullam
1221 4264 1432 4318 veniam
1472 4261 1783 4326 inveniunt,
1825 4261 1978 4332 quasi
2015 4263 2167 4331 igno-

607 4362 785 4414 rantia
845 4357 1085 4429 prolapsi
1135 4355 1332 4410 fuerint
1377 4375 1390 4410 :
1440 4355 1540 4424 ipsi
1583 4353 1724 4408 enim
1752 4353 1857 4408 sibi
1917 4354 2167 4408 tenebras

598 4456 964 4511 .obduxerunt.
994 4455 1060 4510 Et
1090 4453 1308 4516 videsis,
1335 4452 1478 4521 quod
1503 4451 1674 4504 virtus
1703 4449 1754 4503 in
1783 4447 1974 4502 mediis
2002 4449 2163 4503 etiam

609 4546 846 4600 tenebris
885 4545 1057 4599 lucem
1099 4541 1384 4608 diﬂundit;
1432 4541 1673 4611 nequitia
1702 4550 1900 4608 autem,
1951 4539 2004 4593 in
2039 4541 2159 4595 luce
2192 4569 2235 4623 ι)

604 4651 815 4708 quoque
842 4634 1180 4692 tenebrescit.

673 4730 720 4762 ἰο
759 4728 866 4791 Sed
908 4741 1082 4797 neque
1125 4724 1397 4796 quomodo
1452 4732 1678 4794 peccant
1732 4724 1882 4792 impii
1949 4723 2158 4788 sciunt,

601 4837 778 4895 neque
797 4835 1014 4877 causam
1042 4817 1394 4874 oﬂ’ensionum
1421 4831 1638 4872 suarum
1668 4825 1864 4870 norunt
1890 4831 1903 4868 :
1930 4815 2163 4884 denique

602 4933 670 4971 ne
699 4917 872 4984 ipsum
904 4912 1120 4981 quidem
1167 4917 1449 4980 peccatum
1481 4923 1638 4963 suum
1683 4909 2156 4972 animadvertunt;

599 5007 743 5076 quod
773 5013 1032 5059 extremae
1057 5002 1309 5071 nequitia:
1340 4999 1595 5054 indicium
1631 5008 1736 5055 est.

673 5096 718 5127 ’δι
749 5095 953 5150 Fontes
978 5095 1114 5149 dicit
1143 5093 1398 5156 virtutes,
1431 5092 1570 5146 unde
1595 5099 1770 5146 scatet
1802 5105 1937 5160 aqua
1971 5091 2156 5146 vivens

603 5186 904 5242 divinorum
937 5187 1250 5252 verborum,
1284 5183 1337 5238 id
1367 5189 1449 5236 est
1477 5181 1676 5237 Christi
1705 5183 1953 5252 cognitio.
1991 5183 2156 5238 David

601 5293 815 5349 quoque
850 5296 866 5333 :
898 5279 1304 5349 Apparnerunt,
1343 5274 1536 5343 inquit,
1581 5273 1755 5328 fontes
1786 5290 2072 5344 aquarum,
2103 5284 2159 5330 et

603 5367 839 5424 revelata
903 5378 1027 5422 sunt
1079 5365 1431 5420 fundamenta
1484 5363 1633 5418 orbis
1695 5373 2001 5431 terrarum,
2055 5365 2157 5421 sub

607 5463 842 5518 adventu
870 5460 1119 5514 videlicet
1143 5457 1450 5513 Servatoris
1478 5455 1646 5511 nostri
1671 5454 1797 5510 Jesu
1823 5455 2048 5512 Chrisd.

679 5646 724 5678 ⁸²
748 5643 899 5699 Oculi
927 5641 1024 5707 tui,
1060 5641 1440 5710 inquit,_recta
1469 5639 1706 5708 videant,
1745 5639 1797 5696 id
1825 5648 1908 5696 est
1937 5655 2002 5697 ea
2037 5649 2158 5694 tan-

2267 3327 2536 3397 δαίμονες.
2705 3397 2707 3402 1

2337 3437 2773 3511 Προπορεύονται
2829 3434 2988 3506 ἡμῶν
3032 3434 3088 3488 al
3120 3433 3342 3504 ἀρεταὶ.
3395 3432 3492 3487 καὶ
3531 3428 3827 3502 φωτίζουσιν

2264 3534 2413 3606 ἡμᾶς
2433 3534 2489 3587 ἐν
2527 3530 2604 3601 τῷ
2625 3529 2849 3600 παρόντι
2880 3527 2998 3598 βίῳ,
3027 3526 3084 3590 ὃς
3118 3525 3252 3597 πρὸς
3275 3526 3377 3580 τὸν
3411 3524 3686 3596 μέλλοντα,
3711 3515 3826 3588 ἠμέ-

2271 3643 2366 3697 ραν
2398 3624 2548 3691 ὄντα,
2583 3622 2678 3689 νὺξ
2703 3621 2951 3690 λέγεται·
2993 3619 3097 3682 ἓως
3130 3617 3478 3689 κατορθώσει
3510 3618 3545 3688 ἡ
3572 3612 3746 3685 ἡμέρα
3776 3609 3826 3697 ἐν

2265 3715 2357 3796 ᾖὸ
2387 3719 2484 3791 τῆς
2523 3713 2866 3784 δικαιοσύνης
2913 3712 3064 3782 ἥλιος
3107 3709 3412 3764 ἀνατέλλει.
3466 3708 3538 3761 Ἢ
3583 3704 3695 3758 ἀντὶ
3725 3696 3822 3758 τοῦ,

2264 3795 2368 3874 ἕως
2398 3811 2546 3881 ἡμᾶς
2575 3810 2632 3861 ἐν
2659 3804 2925 3876 ἀσφαλείᾳ
2957 3805 3423 3874 καταστήσουσιν,
3451 3800 3550 3854 οὐκ
3583 3795 3822 3865 ἀφίσταν-

2265 3919 2380 3956 ται·
2410 3901 2566 3955 τοῦτο
2605 3898 2715 3970 γὰρ
2754 3895 2968 3969 ἡμέρας
3014 3894 3165 3960 ἴδιον,
3213 3893 3274 3948 τὸ
3333 3893 3530 3954 σκότος
3575 3884 3817 3941 διαλύειν’

2265 3998 2399 4064 ὅπερ
2441 3989 2533 4047 οὖν
2570 3992 2663 4046 καὶ
2685 3989 2917 4062 Χριστὸς
2971 3987 3152 4054 ἔλεγεν
3174 4001 3187 4015 ’
3235 3984 3294 4038 '0
3333 3980 3654 4055 περιπατῶν
3688 3979 3738 4029 ὲν
3764 3973 3818 4041 τῇ

2265 4087 2447 4159 ἡμέρᾳ
2490 4085 2549 4138 οὐ
2599 4082 2960 4153 προσκόπτει·
3012 4077 3317 4133 τούναντίον
3372 4078 3429 4130 δὲ
3476 4077 3532 4130 αἱ
3569 4073 3672 4127 τῶν
3710 4071 3818 4122 ἀσε-

2267 4178 2375 4231 ϐὦν
2398 4195 2409 4206 ·
2447 4177 2568 4229 ἐπεὶ
2594 4170 2686 4227 οῦν
2716 4174 2815 4226 οὐκ
2844 4171 3084 4240 ἔγνωσαν
3115 4169 3233 4222 οὐδέ
3264 4165 3622 4240 συνῆκαν,’ὲν
3662 4158 3820 4214 σκότει

2264 4265 2703 4340 διαπορεύονται·
2776 4264 3246 4335 προσκόπτουσιν,
3315 4261 3435 4314 ἀλλ’
3496 4259 3597 4314 οὐκ
3659 4253 3818 4324 ἔχουσι

2267 4337 2589 4428 συγγνώμην
2634 4355 2709 4418 ὡς
2755 4352 2947 4424 ἀγνοίᾳ
2999 4350 3492 4422 προσπταίοντεςο,
3522 4345 3670 4402 αὐτοὶ
3723 4337 3818 4407 γὰρ

2264 4451 2473 4512 ἑαυτοῖς
2513 4448 2574 4501 τὸ
2620 4447 2808 4508 σκότος
2859 4443 3181 4516 εἰργάσαντο
3203 4460 3216 4472 ·
3273 4443 3377 4514 ὅρα
3426 4442 3485 4495 δὲ
3533 4441 3609 4502 ὡς
3655 4436 3686 4505 ἡ
3734 4430 3818 4502 μὲν

2265 4541 2431 4613 ἀρετὴ
2468 4540 2561 4594 καὶ
2595 4541 2651 4592 ἐν
2686 4538 2865 4591 σκότει
2911 4536 3024 4605 φῶς
3069 4535 3340 4606 ἐποίησεν·
3376 4538 3412 4606 ἡ
3444 4535 3501 4588 δὲ
3543 4528 3704 4585 κακία
3737 4521 3818 4576 καὶ

2266 4638 2322 4688 ἐν
2362 4634 2500 4704 φωτὶ
2530 4633 2736 4695 σκότος.
2767 4660 2838 4671 --
2888 4629 3022 4682 Οὐδὲ
3058 4628 3149 4681 τὸν
3179 4627 3380 4699 τρόπον
3437 4626 3553 4689 πῶς
3590 4615 3818 4692 ἁμαρτά-

2266 4744 2464 4792 νουσιν,
2502 4728 2550 4778 oi
2586 4724 2804 4787 ἀσεϐεῖς
2849 4723 3198 4776 ἐπίστανταν
3241 4720 3360 4773 οὐδὲ
3399 4719 3497 4790 τὴν
3534 4715 3704 4770 αἰτίαν
3743 4723 3817 4775 γι-

2265 4819 2548 4880 νώσκουσι,
2607 4816 2770 4870 πόθεν
2835 4812 3297 4886 προσκόπτουσιν·
3357 4810 3473 4864 ἀλλ’
3525 4805 3641 4859 οὐδὲ
3697 4794 3814 4886 αὐτὸ

2264 4911 2418 4966 τοῦτο
2461 4911 2658 4974 ἴσασιν,
2710 4910 2793 4961 ὅτι
2841 4902 3282 4976 παρανομοῦσιψ
3332 4898 3649 4974 ὅπεριέστὶν
3698 4884 3814 4960 γνώ-

2268 5023 2433 5077 ρισμα
2462 5005 2558 5076 τῆς
2586 5002 2818 5074 ἐσχάτης
2849 4997 3064 5060 κακίας.
3515 5011 3518 5014 ’

2333 5072 2525 5168 Πηγὰς
2543 5072 2688 5162 λέγει
2718 5092 2817 5155 τὰς
2845 5088 3066 5162 ἀρετὰς,
3095 5089 3187 5157 ἀφ’
3208 5081 3283 5141 ὧν
3310 5084 3560 5154 γεννᾶται
3589 5077 3648 5130 τὸ
3677 5072 3806 5168 ὓξωρ

2262 5185 2323 5238 τὺ
2507 5161 2625 5236 τῶν
2660 5181 2818 5235 θείων
2872 5161 3152 5251 ῥημάτων,
3201 5178 3337 5248 ὅπερ
3387 5173 3531 5228 ἐστὶν
3562 5171 3593 5239 ἠ
3627 5161 3805 5251 γνῶσις

2263 5276 2357 5330 τοῦ
2387 5275 2644 5347 Χριστοῦ.
2673 5274 2782 5326 Καὶ
2806 5273 2834 5324 ό
2859 5248 3020 5326 Ᾰαυῗδ
3043 5289 3056 5301 '
3095 5268 3376 5340 Ὠφθησαν
3401 5264 3527 5336 γὰρ,
3547 5248 3801 5347 φησὶν,ῌαί

2263 5342 2451 5441 πηγαὶ-
2467 5367 2574 5422 τῶν
2619 5365 2844 5428 ὑδάτων,
2886 5363 2982 5417 καὶ
3019 5359 3464 5430 ἀνεκαλύφθησαν
3502 5352 3566 5406 τά
3599 5342 3800 5441 θεμέλια

2260 5426 2364 5529 τῆξ.
2397 5457 2739 5528 οἰκουμένης,
2785 5426 2936 5525 παρά
2974 5453 3073 5524 τὴν
3109 5426 3400 5522 ἐπιδημίαν
3449 5439 3677 5514 δηλονότι
3712 5426 3796 5484 τοῦ

2257 5551 2503 5622 Σωτῆρος
2534 5549 2688 5621 ἡμῶν
2725 5547 2897 5619 Ἰησοῦ
2919 5544 3173 5618 Χριστοῦ.

2331 5643 2392 5694 Oi.
2423 5640 2686 5712 ὀφθαλμοί
2723 5658 2836 5705 σου,
2878 5633 3051 5702 εἶπεν,
3088 5635 3221 5708 ὀρθὰ
3271 5631 3619 5706 βλεπέτωσαν,
3648 5625 3791 5673 τουτ-

709 5839 750 5870 ”
780 5855 827 5892 γ,
862 5837 914 5892 2.
992 5833 1036 5867 ⁸⁵
1060 5830 1186 5889 v.9.
1263 5830 1378 5884 ἰν.
1411 5829 1498 5886 l0.
1574 5828 1615 5862 ³⁷
1650 5828 1818 5888 ν.15.
1894 5827 1937 5860 ³⁸
1967 5843 2016 5884 V-
2067 5825 2151 5882 16o

2269 5830 2357 5880 'v.
2395 5822 2477 5877 18.
2555 5824 2598 5853 ‘°
2633 5839 2680 5879 v.
2729 5824 2815 5878 l9.
2891 5823 2934 5855 δι
2973 5838 3019 5877 v.
3075 5821 3164 5878 21.
3241 5821 3284 5854 δ’
3319 5818 3462 5876 v.25.
