4012 6340
211 397 293 450 ΗΞ
1336 390 1701 448 EXPOSITIO
1732 390 1795 443 IN
1830 389 2248 447 PROVERBIA.
3312 399 3411 451 174

203 516 299 568 ἐστι
340 512 407 565 τὰ
469 512 590 583 Θεῷ
620 511 758 581 μόνα
799 511 940 580 φίλα,
974 511 1138 581 ἤγουν
1171 511 1236 564 τά
1275 513 1425 581 παρὰ
1461 512 1567 565 τῶν
1612 530 1747 583 προ-

1871 528 1968 565 ιυιιι
2003 527 2124 581 quae
2162 513 2269 565 Deo
2300 521 2423 566 sunt
2453 512 2648 582 placita
2674 533 2687 580 ;
2714 530 2904 584 nempe
2928 530 3047 584 quae
3075 530 3105 569 a
3136 517 3414 586 prOphctis

199 604 359 674 φητῶν
386 604 521 672 ἡμῖν
566 602 955 672 σαφηνισθέντα
1000 602 1126 671 περὶ
1170 602 1263 655 τοῦ
1307 603 1543 674 Χριστοῦ
1594 604 1754 672 μόνου

1871 603 2201 657 ηιιειιιίίοειειιο
2226 604 2381 657 nobis
2416 603 2637 657 fuerunt
2678 608 2738 658 de
2782 606 2895 659 solo
2924 606 3141 662 Christo
3175 608 3413 676 discipu-

196 696 273 749 καὶ
302 694 410 747 τῶν
441 692 697 764 μαθητῶν
729 691 891 746 αὐτοῦ
918 710 930 721 ·
971 693 1066 745 καὶ
1099 695 1198 747 ὅσα
1232 695 1384 763 παρά
1428 710 1575 754 τινος
1616 692 1757 762 πρὸς

1878 694 2027 760 isque
2051 692 2165 759 ejus
2199 710 2211 745 :
2246 705 2585 761 quzecunque
2617 694 2843 763 denique
2877 695 2975 750 abs
3018 698 3207 765 quovis
3229 696 3415 751 dicen-

193 788 267 840 τὸν
294 784 529 855 Χριστὸν
551 782 847 837 οὶκειοῦντα
872 783 1131 854 λαληθείη
1158 784 1251 837 καὶ
1287 784 1465 854 μόνον.

1871 798 1945 836 .ur
1977 783 2041 835 ad
2067 782 2341 836 Christum
2370 785 2743 837 tantummodo
2778 784 3109 839 deducentia.

246 878 532 946 Συμφωνεῖ
565 874 772 937 τούτοις
805 876 883 937 τὸ,
930 877 1057 929 Ἐὰν
1094 875 1170 945 μὴ
1201 874 1404 946 Κύριος
1431 874 1758 944 οἰκοδομήσῃ

188 969 331 1035 οἷκον,
368 972 467 1023 καὶ
506 970 712 1040 φυλάξῃ
752 970 939 1022 πόλιν·
988 969 1261 1022 τουτέστιν
1292 968 1385 1021 ἐὰν
1429 968 1504 1039 μὴ
1548 965 1751 1036 Κύριος

186 1067 277 1136 dira
304 1067 441 1135 ἡμῖν
478 1065 629 1134 ἰσχὺν
661 1064 753 1117 τοῦ
799 1061 1129 1116 κατευθῦναι
1162 1060 1230 1113 τὰ
1267 1060 1401 1129 πρὸς
1440 1058 1600 1111 αὐτὸν
1636 1058 1750 1111 δια-

184 1160 411 1228 δήματα,
441 1157 617 1228 μάτην
648 1160 810 1228 ἡμεῖς
850 1154 1150 1224 κοπιῶμεν,
1185 1154 1232 1206 οἱ
1276 1153 1348 1224 μὴ
1382 1154 1438 1204 ὲν
1469 1151 1748 1221 παρακλή-

183 1266 250 1301 σει
288 1250 458 1305 αὑτὸν
506 1248 954 1320 ἐπικαλούμενοι,
1000 1246 1116 1301 ἀλλ’
1154 1247 1213 1298 ὲν
1253 1242 1508 1315 αὑθαδείῃ
1541 1244 1748 1311 ἐπιχει-

180 1340 387 1410 ροῦντες
399 1385 415 1395 .

1928 874 1973 905 ⁸³
2000 872 2095 928 llis
2129 884 2431 929 consonant
2466 874 2555 928 illa
2592 891 2604 926 :
2641 874 2755 928 Nisi
2784 874 3038 931 Dominus
3062 878 3417 933 aediﬁcaverit

1857 964 2097 1029 domum,
2122 966 2539 1021 etcuslodiverit
2562 966 2870 1033 civitatem;
2909 968 2960 1020 id
2982 976 3082 1034 est,
3107 971 3204 1021 nisi
3232 969 3407 1023 Domi-

1861 1070 1960 1109 nus
1996 1055 2152 1109 nobis
2182 1055 2289 1109 vim
2335 1055 2765 1124 suppeditaverit
2812 1056 3080 1123 dirigendi
3129 1058 3195 1111 ad
3243 1060 3417 1127 ipsum

1856 1161 2076 1214 gressus
2102 1156 2345 1211 nostros,
2370 1145 2574 1200 frustra
2602 1161 2699 1201 nos
2731 1146 3039 1201 laboramus
3061 1187 3075 1209 ,
3106 1148 3195 1213 qui
3226 1162 3422 1215 nequa-

1856 1254 2017 1308 quam
2052 1254 2175 1294 enm
2221 1240 2475 1308 precibus
2512 1239 2861 1304 invocamus,
2902 1239 3001 1293 sed
3039 1254 3159 1293 cum
3199 1240 3421 1295 audacia

1855 1344 1969 1383 rem
2011 1330 2270 1399 gerimus.

1690 1424 1841 1480 CAP.
1879 1422 1945 1475 V.

235 1535 688 1606 Στωμυλεύονται
718 1532 825 1602 γὰρ
856 1532 975 1584 αἵτε
1019 1529 1278 1601 πρόδηλοι
1312 1527 1530 1597 πόρναι,
1567 1524 1661 1578 καί
1702 1524 1756 1577 αἱ

1930 1518 1974 1549 ⁸⁸
2032 1516 2303 1574 Blaterant
2346 1520 2489 1573 enim
2518 1529 2625 1574 tum
2666 1520 2894 1588 publica:
2922 1520 3237 1573 meretrices
3263 1560 3278 1583 ,
3307 1529 3421 1572 tum

180 1625 270 1679 τῶν
339 1626 671 1697 ἑτεροδόξων
748 1622 1106 1684 διδασκαλίαι,
1176 1618 1462 1673 ἀπατῶσαι
1518 1615 1604 1669 διὰ
1661 1614 1761 1684 τῆς

1871 1613 2309 1665 acterodoxorum
2341 1613 2576 1679 scholae,
2636 1613 2860 1681 pulchro
2912 1612 3135 1681 eloquio,
3160 1613 3426 1678 ingenuo-

180 1720 570 1789 χρηστολογίας
629 1718 728 1782 τὰς
780 1716 888 1769 τῶν
937 1715 1157 1767 ἀκάκων
1203 1711 1466 1781 καρδίαςο
1529 1708 1758 1777 μεγίστη

1871 1718 1975 1757 rum
1998 1704 2158 1757 corda
2190 1702 2536 1772 decipientes.
2592 1704 2686 1759 Est
2720 1705 2904 1772 itaque
2939 1712 3111 1757 tutum
3156 1704 3411 1764 maxime,

174 1807 256 1865 οὖν
282 1812 561 1881 ἀσφάλεια
595 1812 653 1865 τὸ
691 1809 766 1881 μὴ
797 1807 999 1863 ἁλῶναι
1028 1804 1122 1876 τὴν
1155 1804 1357 1874 ἀρχήν·
1402 1800 1596 1853 ἁλόντα
1627 1798 1756 1870 γὰρ,

1871 1808 1925 1847 te
1990 1794 2147 1848 initio
2207 1795 2572 1864 decipiantur;
2642 1812 2764 1849 nam
2832 1797 3117 1864 deceptus,
3198 1793 3416 1849 difﬁcile

172 1904 430 1958 δύσκολον
473 1905 773 1972 διαφυγεῖν.
1019 1972 1023 1977 ἢ
1232 1972 1235 1973 ν

1871 1886 2060 1939 avadit.
2127 1877 2133 1884 ’

234 1996 430 2067 Μέχρι
473 1996 571 2066 μὲν
608 1995 705 2064 τῆς
747 1991 918 2061 ἀκοῆς
947 1972 1145 2050 αὐτῶν,
1193 1972 1252 2040 τὸ
1280 1985 1461 2039 καλόν.
1496 1981 1755 2053 Σημαίνει

1930 1972 1979 2004 ’⁸⁸
2013 1973 2321 2027 Auditionis
2360 1984 2535 2037 tenus,
2583 1974 2887 2029 delectatio.
2924 1974 3200 2044 Pingucdo
3237 1984 3417 2030 autem

166 2085 217 2137 δὲ
249 2064 517 2147 τὸνλῖπος
561 2084 659 2153 τὴν
708 2080 923 2152 ἡδονὴν,
953 2079 1046 2147 ἀφ’
1072 2074 1140 2149 ἧς
1168 2076 1404 2129 τίκτεται
1435 2073 1469 2142 ἡ
1512 2070 1754 2142 ἀκαθαρ-

1871 2064 2194 2139 voluptatem
2244 2065 2497 2126 denotat,
2554 2077 2619 2116 ex
2668 2078 2772 2131 qua
2819 2064 3103 2130 impuritas
3151 2064 3420 2134 gignitur;

164 2179 297 2231 σία·
339 2172 420 2247 ἦς
444 2176 683 2243 ἔκγονον,
732 2172 898 2226 κακία
932 2171 1025 2223 καὶ
1060 2170 1281 2237 ἄγνοιαι
1324 2159 1398 2219 ὧν
1449 2163 1602 2217 οὐδὲν
1645 2162 1758 2215 ἔστι

1871 2154 2016 2223 Iujns
2047 2155 2353 2225 progenies,
2382 2156 2617 2223 nequitia
2646 2164 2697 2208 et
2724 2154 2958 2208 inscitia.
2990 2155 3154 2224 Atqui
3182 2156 3265 2210 his
3285 2156 3429 2211 vitiis

163 2246 513 2341 πικρότερον
550 2269 607 2320 έν
635 2268 746 2328 τοῖς
784 2264 1061 2333 γεγονόσιν
1114 2261 1291 2331 εὑρεῖν
1333 2260 1391 2310 ὲν
1427 2255 1609 2327 ἡμέρᾳ
1641 2252 1758 2323 κρί-

1871 2248 1997 2302 nihil
2028 2247 2335 2302 invenietur
2365 2246 2607 2301 amarius
2640 2247 2691 2300 in
2721 2246 2810 2301 die
2831 2246 3038 2316 judicii.

234 2378 283 2411 ω
328 2401 341 2412 .

164 2377 230 2413 σε
250 2377 543 2502 ’ἐντεῦθεν
588 2442 928 2514 γινώσκομεν
975 2443 1056 2495 ὅτι
1090 2441 1151 2493 τὸ
1183 2436 1409 2508 θυμικὸν
1445 2436 1608 2506 μέρος
1639 2433 1758 2485 ἐπι-

1939 2420 1984 2452 “
2038 2419 2176 2474 llinc
2222 2418 2600 2488 cognoscimus
2642 2416 2959 2487 qualitatem
3012 2417 3326 2471 iracnndam
3378 2418 3430 2472 in

172 2542 370 2611 κρατεῖ
404 2540 465 2591 ὲν
491 2512 609 2599 τοῖς
643 2512 921 2605 δαίμοσινο
956 2531 1296 2601 Ἀνελεήμων
1319 2526 1449 2598 γὰρ,
1482 2524 1634 2595 φησὶ,
1664 2522 1755 2575 θυ-

1871 2516 2192 2571 daemonibus
2220 2513 2537 2583 praevalere.
2594 2512 2823 2566 Immitis
2878 2527 3021 2567 enim
3077 2522 3181 2577 est,
3237 2512 3426 2580 inquit,

181 2603 297 2702 μδς,
325 2630 425 2683 καὶ
464 2627 607 2692 ὀξεῖα
630 2603 768 2697 ὀργῆ
797 2624 975 2679 αὐτῶν
999 2642 1010 2652 ·
1044 2620 1334 2692 θηρεύουσι
1360 2619 1471 2687 γὰρ
1502 2616 1581 2678 είς
1609 2610 1757 2666 ἀπώ-

1871 2607 2013 2661 furor
2041 2620 2247 2667 eorum,
2276 2616 2325 2659 et
2354 2604 2434 2659 ira
2460 2614 2637 2658 acuta.
2672 2604 2951 2659 Venantur
2978 2603 3174 2673 quippe
3206 2605 3269 2657 ad
3299 2604 3436 2658 inte-

180 2724 329 2777 λειαν
368 2722 501 2784 τοὺς
540 2718 965 2791 πειθαρχοῦντας
997 2716 1179 2777 αὐτοῖς
1198 2730 1210 2742 ·
1254 2710 1395 2765 οὓτω
1420 2709 1529 2780 γὰρ
1561 2706 1757 2776 τιμῶσι

1871 2701 2024 2755 ritum
2048 2714 2142 2755 eos
2169 2698 2259 2767 qui
2283 2696 2386 2751 sibi
2412 2696 2811 2763 obtemperant.
2843 2696 2935 2751 Sic
2977 2696 3223 2751 videlicet
3258 2698 3427 2751 hono-

1866 2800 1986 2844 rant
2008 2805 2122 2854 eos,
2150 2790 2242 2858 qui
2271 2789 2413 2858 ipsos
2446 2790 2734 2843 honorant.

186 2815 303 2876 τοὺς
326 2811 607 2876 τιμῶντας
635 2809 853 2871 αὐτούς.

462 2830 607 2874 ivra;
635 2830 853 2871 αυτους.
2008 2830 2122 2854 ννυτ
2151 2830 2242 2858 ιιι--
2271 2830 2413 2858 -ιι-ινυ
2446 2830 2734 2843 "ww-um-

388 2830 506 2949 ἴξιν
570 2902 777 2949 κακιῶν
831 2901 880 2949 οἱ
946 2899 1173 2949 πονηροὶ
1228 2895 1608 2949 κατατοξϐουσι
1662 2889 1761 2949 τὰς
1933 2883 1977 2914 ³⁷
2006 2882 2248 2937 Peccatis
2283 2880 2397 2935 ευίε
2425 2878 2653 2949 iﬁipl‘Obi
2702 2879 2946 2934 homines
2982 2877 3187 2932 Christi
3239 2891 3433 2931 carnes

247 2904 344 2957 Διὰ
391 2902 506 2955 τῶν
570 2902 777 2957 κακιῶν
831 2901 880 2954 οἱ
946 2899 1173 2973 πονηροὶ
1228 2895 1608 2967 κατατρίϐουσι
1662 2889 1761 2953 τὰς

188 3001 388 3072 σάρκας
432 2998 528 3051 τοῦ
571 2996 831 3069 Χριστοῦ,
878 2995 972 3049 καὶ
1020 2969 1251 3063 τόαῖμα
1288 2987 1759 3045 καταναλίσκουσι.

1871 2984 2174 3040 conterunt,
2204 2981 2259 3029 et.
2283 2975 2594 3043 sanguinem
2626 2981 2969 3034 consumunt,
3002 2984 3116 3024 rem
3149 2969 3428 3039 profanam

190 3063 351 3145 zotva
411 3090 549 3144 αὐτὸ
594 3063 932 3161 ἡγησάμενοι
983 3087 1080 3157 (l)'
1130 3084 1188 3139 Ὁ
1221 3075 1447 3155 τρώγων
1490 3081 1597 3153 γάρ
1640 3096 1761 3150 μου,

1871 3069 2267 3123 existimantes.
2300 3067 2550 3121 Attamen
2576 3066 2651 3119 ait
2674 3064 2921 3119 Christus
2958 3082 2972 3117 :
3001 3063 3102 3130 Qui
3145 3063 3429 3117 manducat

192 3182 330 3252 φησὶ,
364 3180 464 3252 τὴν
492 3154 702 3249 σάρκα,
729 3154 822 3230 καὶ
853 3154 1021 3229 πίνων
1042 3154 1160 3245 μου
1196 3154 1269 3226 τὺί
1289 3168 1446 3244 αἷμα,
1483 3172 1590 3242 ἔχει
1621 3169 1764 3239 ζωὴν

1871 3174 2045 3213 meam
2108 3173 2329 3214 carnem
2386 3169 2442 3211 et
2477 3156 2608 3210 bibit
2655 3171 2829 3210 meum
2887 3156 3226 3226 sanguinem,
3265 3154 3425 3210 habet

189 3246 431 3336 αἰῶνιονξ
471 3246 636 3338 κάγὼ
688 3268 979 3339 ἀναστήσω
1020 3266 1181 3320 αὐτὸν
1210 3268 1268 3321 ἐν
1300 3264 1503 3335 ἐσχάτῃ
1545 3261 1756 3333 ἡμέρᾳ*

1871 3251 2030 3303 vitam
2056 3258 2336 3312 aeternam,
2358 3256 2413 3302 et
2430 3262 2528 3317 ego
2547 3246 2879 3302 resuscitabo
2896 3261 3019 3301 eum
3052 3247 3103 3299 in
3134 3246 3430 3299 novissimo

193 3366 218 3415 ὁ
238 3364 286 3417 δὲ
316 3336 783 3428 ἀναξίωςήὲσθίων
815 3336 1061 3431 τὺνσῶμα
1093 3360 1187 3413 καὶ¹
1220 3359 1391 3414 πίνων
1420 3355 1481 3409 τὸ
1515 3349 1653 3425 αἷμα
1671 3351 1762 3405 τοῦ

1871 3340 1977 3395 die.
1992 3336 2109 3409 iam
2125 3353 2255 3392 vero
2276 3338 2363 3407 qui
2382 3338 2597 3408 indigne
2614 3353 2807 3407 corpus
2830 3338 3119 3420 manducat
3137 3346 3189 3389 et
3208 3337 3426 3405 sangui-

198 3453 403 3524 Κυρίου,
422 3406 613 3525 κρῖμα
645 3451 820 3522 ἑαυτῷ
841 3406 1024 3503 ὲσθίεῑ
1042 3450 1136 3504 καὶ
1164 3448 1325 3503 πίνει.
1577 3406 1590 3425 ⁸

1871 3406 2154 3487 nem-bibit
2182 3406 2419 3495 Domini,
2446 3406 2837 3498 judiciumsibi
2873 3406 3164 3482 manducat
3189 3436 3244 3481 et
3266 3428 3425 3481 bibit.

256 3541 355 3598 Ἦν
377 3546 466 3598 ὅτε
505 3545 611 3598 οὐκ
644 3540 712 3615 ἦν
740 3543 930 3608 κακὸν,
976 3543 1070 3596 καὶ
1114 3541 1267 3593 ἔσται
1303 3540 1392 3592 ὅτε
1435 3538 1536 3590 οὐκ
1584 3535 1761 3588 ἔσται·

199 3637 550 3704 ἀνεξάλειπτα
583 3637 691 3709 γὰρ
732 3637 800 3691 τά
836 3637 1126 3707 σπέρματα
1174 3635 1273 3705 τῆς
1316 3632 1546 3702 ἀρετῆς·
1596 3629 1769 3682 πείθει

200 3729 249 3782 δέ
276 3748 336 3800 με
363 3732 454 3785 καὶ
487 3725 650 3793 οὗτος
682 3729 811 3799 παρ’
835 3728 1034 3796 ὀλίγον,
1060 3726 1155 3779 καὶ
1179 3725 1239 3777 οὐ
1268 3723 1489 3785 τελείως
1524 3722 1582 3774 ὲν
1611 3723 1771 3775 παντὶ

204 3822 334 3892 κακῷ
373 3820 624 3891 γεγονὼς
671 3823 699 3874 ὁ
740 3820 998 3882 πλούσιος
1048 3819 1105 3871 ὲν
1148 3816 1225 3888 τῷ
1273 3816 1376 3888 ᾄδῃ
1426 3813 1513 3867 διὰ
1572 3812 1771 3866 κακίαν

206 3917 527 3985 κρινόμενος,
561 3913 654 3967 καὶ
694 3912 978 3984 οἰκτείρων
1015 3910 1142 3972 τοὺς
1181 3906 1443 3977 ἀδελφούς
1481 3904 1556 3976 (2)
1578 3920 1591 3931 ·
1630 3903 1689 3957 τὸ
1716 3902 1769 3955 δὲ

209 4005 373 4071 ἐλεεῖν,
398 4008 625 4079 σπέρμα
646 4006 901 4074 τυγχάνει
924 4003 986 4057 τὸ
1016 4000 1300 4057 κάλλιστον
1329 3999 1426 4070 τῆς
1456 3996 1675 4068 ἀρετῆς.

280 4184 339 4238 Ἦ
377 4185 581 4253 γνῶσις
629 4182 722 4235 κα)⁸
768 4181 946 4253 φρέαρ
991 4179 1107 4231 ἐστὶ
1146 4178 1238 4230 καὶ
1285 4176 1469 4247 πηγή·
1506 4175 1616 4235 τοῖς,
1671 4170 1768 4241 μὲν

216 4275 305 4345 γὰρ
327 4273 680 4348 προσελθοῦσι
708 4276 827 4336 ταῖς
853 4273 1094 4342 ἀρεταῖς,
1131 4269 1265 4339 βαθὺ
1300 4268 1474 4340 φρέαρ
1516 4262 1655 4319 εἶναι
1686 4262 1769 4316 δο-

218 4369 314 4418 κεῖ’
336 4371 441 4431 τοῖς
467 4367 523 4420 δὲ
562 4365 801 4419 ἀπαθέσι
830 4365 923 4417 καὶ
952 4360 1234 4432 καθαροῖς,
1280 4360 1431 4430 πηγή
1452 4374 1466 4388 ο
1502 4356 1643 4410 οὕτω
1676 4355 1770 4409 καὶ

219 4460 243 4509 ὁ
264 4460 432 4532 Σωτὴρ
462 4458 755 4522 ἐκαθέζετο
785 4458 877 4510 ἐπὶ
903 4458 969 4527 τῇ
998 4455 1168 4524 πηγῇ,
1194 4451 1311 4522 ὥρα
1338 4446 1404 4521 ἦν
1435 4449 1565 4501 ὡσεὶ¹
1603 4449 1734 4516 ἕκτη
1754 4465 1765 4475 ·

1940 3522 1987 3555 ⁸⁸
2018 3522 2155 3577 Olim
2191 3535 2297 3576 non
2329 3521 2427 3573 fuit
2456 3520 2681 3583 malum,
2718 3528 2774 3572 et
2804 3519 2905 3571 hoc
2930 3517 3104 3585 ipsum
3146 3514 3435 3580 aliquando

1871 3628 1979 3667 non
2035 3613 2180 3665 erit:
2212 3619 2340 3665 sunt
2392 3609 2538 3663 enim
2594 3606 2903 3661 indelebilia
2936 3603 3157 3657 virtutis
3205 3603 3431 3656 semina.

1875 3705 1985 3759 Hoc
2028 3704 2160 3756 mihi
2218 3700 2606 3772 propemodum
2656 3697 2853 3751 suadet
2891 3696 3043 3749 dives
3089 3693 3177 3747 ille
3210 3694 3435 3762 quivnon

1871 3794 2093 3850 omnino
2125 3802 2272 3846 totus
2299 3792 2474 3846 malus
2500 3791 2706 3853 fuerat,
2754 3787 2853 3842 etsi
2886 3787 2954 3841 ob
2984 3785 3276 3854 nequitiam
3303 3782 3437 3837 infe-

1870 3887 1948 3941 ris
1978 3884 2324 3952 adjudicatus
2357 3901 2372 3937 :
2400 3897 2528 3939 ecce
2564 3882 2706 3936 enim
2734 3879 2820 3934 ille
2853 3877 3289 3933 misericordiam
3308 3890 3433 3946 erga

1872 3975 2069 4029 fratres
2121 3974 2409 4027 retinebat.
2470 3973 2629 4041 Atqui
2681 3970 3054 4026 misericordia
3120 3982 3302 4022 semen
3354 3973 3436 4021 est

1872 4069 2090 4122 virtutis
2119 4068 2402 4137 optimum.

1940 4162 1984 4194 "’
2033 4162 2275 4216 Seicntia
2323 4173 2514 4230 puteus
2559 4158 2719 4215 simul
2783 4166 2868 4212 est
2921 4165 2978 4211 et
3033 4154 3196 4210 fons:
3232 4155 3432 4209 etenim

1873 4255 1983 4310 illis
2012 4256 2101 4323 qui
2134 4254 2201 4308 ad
2232 4254 2489 4308 virtutem
2540 4254 2774 4323 primum
2819 4251 3105 4316 accedunt,
3137 4245 3434 4316 profundus

1870 4357 2065 4418 puteus
2091 4347 2304 4401 videtur
2335 4362 2351 4400 :
2381 4356 2437 4400 at
2465 4344 2877 4414 imper-turbatis
2905 4354 3064 4409 atque
3089 4339 3261 4408 puris,
3292 4337 3429 4392 fons.

1871 4439 1964 4494 Sic
1986 4441 2150 4494 etiam
2201 4436 2451 4492 Salvator
2485 4435 2702 4491 sedebat
2734 4448 2897 4501 supra
2936 4431 3137 4485 fontem
3171 4429 3300 4482 hora
3327 4428 3435 4481 cir-

223 4521 452 4624 πηγηνΙδὲ
481 4555 597 4609 νόει
622 4553 721 4623 τὴν
770 4550 921 4604 θείαν
944 4521 1188 4615 ⁷γνῶσιν,
1239 4521 1335 4597 καὶ
1376 4542 1436 4594 οὐ
1484 4540 1544 4593 τὸ
1594 4540 1764 4610 φρέαρ

1872 4532 2009 4586 citer
2034 4539 2204 4585 sexta.
2235 4529 2313 4583 Tu
2337 4544 2467 4583 vero
2496 4529 2697 4581 fontem
2730 4525 2967 4594 intellige
2994 4522 3226 4576 divinam
3260 4521 3432 4574 scien-

227 4616 538 4712 mb'bdatog-
592 4616 779 4716 ὥσπερ
824 4643 878 4696 δὲ
929 4644 962 4713 ἡ
1004 4638 1154 4710 πηγὴ
1201 4638 1485 4709 πρόκειται
1531 4633 1764 4695 ἀκόπως,

1881 4626 2045 4684 tiam,
2086 4637 2193 4675 non
2242 4636 2394 4690 aqua:
2452 4630 2692 4689 puteum.
2739 4618 2807 4671 Et
2844 4616 3003 4671 sicuti
3056 4616 3176 4669 fons
3224 4622 3435 4682 prostat

228 4740 438 4793 τουτέστι
491 4740 552 4793 τὸ
600 4738 790 4809 τρέχον
847 4735 989 4805 ὕδωρ
1041 4733 1154 4794 τοῖς
1215 4728 1459 4798 διψῶσιν,
1513 4725 1652 4779 οὕτω
1709 4722 1770 4774 τὸ

232 4831 378 4903 γρέαρ
407 4835 459 4887 ὲν
491 4833 647 4901 κόπῳ
678 4833 787 4894 τοῖς
815 4829 1056 4882 θέλουσιν
1094 4822 1303 4877 ἀντλεῖν
1324 4840 1335 4851 ·
1384 4820 1475 4873 καὶ
1516 4818 1704 4886 ὥσπερ
1734 4817 1768 4885 ἡ

233 4925 359 4994 πηγὴ
372 4925 640 4989 άπαυστός
660 4925 772 4975 ἐστι
788 4920 880 4974 τοῦ
904 4920 1036 4989 ῥεῖν,
1050 4915 1262 4984 οὖτωςή
1282 4910 1569 4981 αἰσθητικὴ
1584 4908 1768 4981 γραφὴ

236 5014 424 5068 ἀένναον
452 5017 562 5087 ἔχει
599 5017 689 5069 τὸν
718 5013 934 5086 δρόμον,
962 5010 1056 5063 καὶ
1078 5007 1296 5061 εῠκολον
1329 5007 1441 5067 τοῖς
1471 5002 1662 5071 διψῶσι
1682 4999 1769 5051 τὸν

237 5103 344 5158 Θεὸν
371 5110 665 5180 γεραίρειν·
698 5106 791 5159 καὶ
819 5104 1006 5172 ὥσπερ
1047 5100 1105 5153 τὸ
1137 5098 1312 5170 φρέαρ
1346 5095 1510 5148 κόπον
1545 5092 1771 5163 παρέχει

239 5199 330 5259 τοῖς
358 5200 647 5263 ἀπλοῦσιν,
691 5198 830 5252 οὕτω
877 5195 971 5249 καὶ
1015 5196 1048 5265 ὴ
1092 5190 1403 5261 θεωρητικὴ
1435 5186 1633 5255 γνῶσις
1661 5186 1773 5247 τοῖς

242 5284 424 5340 θέλουσι
448 5290 511 5343 δι’
538 5290 707 5359 αὐτῆς
736 5289 832 5350 τὰς
865 5286 1062 5359 ἀρετὰς
1106 5281 1468 5353 κατορθῶσαι,
1512 5276 1685 5347 ψυχῆς
1712 5292 1772 5327 τε

243 5379 322 5429 καὶ
352 5379 604 5449 σώματος,
637 5382 707 5435 τά
732 5398 791 5434 τε
823 5380 939 5433 θεῖα
980 5379 1195 5441 ἐννοεῖν,
1237 5374 1332 5427 καὶ
1358 5370 1460 5441 τῆς
1506 5367 1774 5439 βασιλείας

246 5468 336 5520 τῶν
362 5471 591 5541 οὐρανῶν
623 5472 1053 5542 ἀντιποιηθῆναι.

1878 4719 2083 4784 absque
2114 4716 2323 4780 labore,
2365 4723 2550 4782 utpote
2591 4727 2730 4781 aqua
2769 4712 3076 4767 discurrens
3101 4710 3435 4773 sitientibus,

1876 4810 1949 4863 ita
1975 4818 2168 4878 puteus
2197 4808 2434 4861 laborem
2459 4805 2691 4873 requirit
2717 4804 3013 4861 volentium
3039 4803 3340 4857 exantlare.
3371 4801 3435 4855 Et

1877 4899 2035 4955 sicuti
2072 4898 2195 4953 l‘ons
2236 4898 2574 4953 incessanter
2623 4906 2830 4961 manat,
2889 4899 2962 4949 ita
2997 4894 3267 4949 sensibilis
3303 4894 3437 4948 scri-

1877 5003 2030 5062 ptura
2057 5005 2344 5060 perennem
2386 4990 2550 5044 habet
2575 4990 2776 5044 [luxum
2797 5030 2810 5055 ,
2863 4988 3205 5061 faciliterque
3232 4984 3316 5039 his
3346 4986 3436 5054 qui

1878 5084 2065 5139 sitiunt
2130 5084 2293 5137 Deum
2349 5081 2539 5138 donat.
2604 5082 2665 5135 Et
2726 5081 2883 5135 sicuti
2942 5087 3135 5149 puteus
3198 5077 3433 5139 laborem

1875 5184 2025 5231 creat
2050 5172 2560 5239 exantlantibus,ita
2594 5184 2647 5228 et
2674 5174 2898 5229 scientia
2930 5171 3335 5241 contemplativa
3370 5172 3437 5227 iis

1878 5268 1969 5339 qui
1994 5266 2179 5321 volunt
2194 5256 2419 5321 virtutes
2445 5276 2592 5322 recte
2611 5281 2868 5322 exercere
2887 5264 3077 5318 animae
3088 5265 3437 5333 corporisque

1879 5371 1935 5416 et
1996 5360 2175 5414 divina
2232 5358 2575 5430 intelligere,
2632 5370 2686 5415 et
2727 5360 2987 5414 etelorum
3031 5368 3253 5425 regnum
3317 5355 3435 5408 adi»-

1880 5454 2034 5522 pisci.

308 5602 417 5660 “v.
453 5608 542 5662 27.
615 5609 658 5641 ιδ
705 5625 752 5663 v.
804 5609 856 5661 ι.
932 5609 977 5638 ιι
1016 5623 1067 5660 v.
1111 5607 1166 5660 5.
1240 5604 1286 5637 ια
1318 5602 1462 5657 v.9.
1538 5599 1581 5632 "
1624 5596 1764 5654 νου·

1871 5595 1888 5625 ³
1924 5608 1976 5645 ν.
2015 5593 2102 5645 M.
2178 5591 2222 5623 "
2248 5590 2423 5649 v.15.

306 5728 770 5812 (“Animadverte
814 5735 1142 5812 catholicum
1177 5729 1472 5812 doctissimi
1526 5736 1590 5812 et
1621 5725 1765 5812 anti-

256 5796 464 5925 ‘lﬂissitlni
490 5804 731 5876 Origcnis
762 5806 1125 5862 testimonium
1167 5806 1231 5859 de
1279 5806 1627 5857 sacrosancta
1666 5796 1768 5849 Eu-

258 5876 279 5915 ’2
314 5884 406 5926 arts
434 5888 498 5926 ta.

1943 5719 2019 5787 t2)
2065 5717 2162 5772 llic
2204 5718 2379 5772 innuit
2419 5718 2678 5787 Origenes
2720 5731 2959 5771 errorem
3006 5716 3155 5769 illum
3190 5729 3342 5768 suum
3375 5713 3443 5767 de

1877 5791 2079 5911 ΐιιιιιιῖξι,
2106 5797 2225 5855 post
2258 5791 2440 5855 vitam,
2465 5789 2813 5845 conversione
2838 5790 3143 5858 impiorum,
3176 5796 3228 5838 et
3250 5796 3441 5851 ptL’ua-

1878 5876 1993 5911 l‘lllli
2036 5875 2141 5911 ιιιιτ.

1878 5876 1993 5914 “Illi
2018 5875 2141 5912 ιιιιτ.
