4012 6340
571 413 674 469 175

1413 412 1961 469 SUPI’LEMENTUM
1994 414 2080 468 AD
2112 413 2429 471 ORIGENIS
2467 411 2871 476 EXEGETICA.

3677 424 3791 481 1'76

638 530 684 562 ⁸⁰
702 529 799 585 llic
843 527 1080 583 mulieris
1116 525 1375 581 vocabulo
1419 527 1698 582 scientiam
1737 526 1828 582 Dei
1859 529 2077 582 denotat

2288 530 2523 582 Γυναῖκα
2558 531 2783 583 ἐνταῦθα
2812 531 2907 602 τὴν
2942 530 3031 584 τοῦ
3058 531 3190 586 Θεοῦ
3238 533 3437 602 γνῶσιν
3483 538 3738 608 σημαίνει
3765 555 3785 568 ’

567 638 685 694 quae
714 622 868 677 nobis
897 621 1006 690 jam
1042 620 1164 674 inde
1193 619 1259 672 ab
1315 617 1675 672 adolescentia
1730 619 1925 672 tradita
1987 620 2118 684 fuit;

564 726 620 769 et
645 730 803 783 quam
832 713 1076 781 superius
1117 709 1371 765 Salomon
1405 710 1706 778 iuventutis
1755 713 2119 776 magisterium

565 807 726 860 dixit.
769 804 892 869 Fili,
925 803 1064 858 enim
1108 802 1300 871 inquit,
1333 817 1399 856 ne
1421 811 1472 858 te
1501 803 1981 871 capiatconsilinm
2007 819 2120 856 ma-

567 900 674 952 lum
702 899 776 970 (id
807 896 1148 951 estdiabolns
1180 895 1443 948 malorum
1475 895 1823 964 consiliorum
1861 893 2118 964 molitor),

568 1007 675 1061 quo
698 990 940 1046 doctrina
976 987 1276 1057 iuventutis
1305 987 1592 1053 deseritur,
1630 997 1684 1042 et
1725 987 1964 1042 divinum
2019 987 2121 1041 foe-

566 1087 665 1139 dus
693 1081 946 1136 oblivioni
991 1080 1241 1134 traditur.
1272 1079 1480 1134 Oblivio
1510 1089 1688 1134 autem
1731 1089 1785 1133 et
1813 1079 2116 1144 derelictio,

561 1188 810 1246 possessu
844 1174 1087 1229 scientiae
1125 1171 1419 1226 deteriores
1453 1183 1615 1237 sunt,
1662 1171 1828 1224 veluti
1887 1173 2118 1227 sanitate

562 1264 716 1335 longe
746 1263 895 1334 pejor
921 1261 1162 1324 morbus,
1193 1270 1245 1314 et
1271 1258 1408 1314 infra
1438 1260 1602 1313 vitam
1629 1275 1794 1314 mors.
1830 1259 2000 1313 Simul
2033 1269 2113 1312 ta-

559 1372 678 1412 men
708 1356 823 1426 ipsa
866 1355 1089 1409 scientia
1122 1363 1174 1406 et
1212 1362 1384 1406 mater
1413 1352 1613 1406 dicitur
1667 1362 1721 1406 et
1773 1367 1909 1405 uxor
1955 1362 2116 1421 atque

554 1466 710 1508 soror
743 1466 756 1504 :
791 1456 984 1510 mater,
1013 1448 1136 1515 quia
1166 1447 1254 1515 qui
1297 1447 1480 1500 docuit
1516 1461 1602 1500 me
1625 1485 1640 1510 ,
1695 1460 1790 1513 per
1837 1444 2112 1498 scientiam

555 1541 858 1612 megenuit,
883 1550 939 1593 ut
970 1538 1162 1591 Paulus
1189 1553 1281 1606 per
1310 1537 1651 1605 Evnngelinm
1680 1535 1930 1590 Galatas:
1957 1552 2110 1598 uxor,

553 1637 679 1703 quia
714 1633 840 1686 mihi
866 1631 1112 1701 copulata
1138 1632 1279 1699 parit
1310 1632 1534 1683 virtutes
1561 1638 1614 1683 et
1651 1638 1793 1683 recta
1825 1629 2108 1698 dogmata;

556 1723 822 1791 siquidem
860 1736 1045 1790 reapse
1099 1720 1322 1774 scientia
1360 1719 1499 1787 parit
1559 1720 1676 1772 viro
1725 1719 2058 1786 prudentiam
2094 1737 2106 1770 :

2223 622 2357 693 αῦτη
2387 622 2440 675 δὲ
2469 624 2532 675 ἐκ
2567 624 2810 694 νεότητος
2855 625 2984 694 ἡμῖν
3040 625 3225 695 ἐδόθη·
3291 629 3480 696 ἥντινα
3532 631 3796 703 ἀνωτέρω

2220 715 2562 770 διδασκαλίαν
2580 721 2608 770 6
2628 719 2874 790 Σολομῶν
2897 721 3142 792 νεότητος
3164 725 3307 793 λέγει
3333 743 3344 754 ·
3366 727 3482 789 Υἱὲ,
3501 729 3615 799 γάρ
3633 747 3793 799 φησι,

2223 806 2295 877 μή
2331 823 2388 858 σε
2427 808 2702 881 καταλάϐῃ
2733 809 2891 882 βουλὴ
2923 815 3066 884 κακὴ
3113 815 3236 883 (τὸν
3289 816 3534 871 διάϐολον
3591 819 3793 886 λέγων,

2218 898 2293 959 ὡς
2326 898 2507 961 κακῶς
2538 899 2998 973 βουλευσάμενον)·
3065 907 3098 976 ἡ
3145 907 3480 962 ἀπολιποῦσα
3540 911 3791 965 διδασκα-

2218 988 2336 1043 λίαν
2382 991 2647 1062 νεότητος,
2703 996 2796 1048 καὶ
2850 995 3109 1068 διαθήκην
3148 997 3295 1053 Θείαν
3347 1001 3786 1074 ἐπιλελησμένη·

2217 1077 2350 1151 λήθη
2381 1080 2434 1132 δὲ
2462 1083 2552 1135 καὶ
2585 1084 2884 1154 ἀπόλειψις,
2921 1087 3171 1154 γνώσεως
3204 1093 3449 1162 κτήσεως
3495 1093 3784 1164 δεύτεραιο

2217 1165 2403 1238 ὥσπερ
2437 1171 2528 1221 καὶ
2549 1171 2733 1239 ὑγείας
2758 1173 2909 1238 νόσος
2933 1176 3152 1249 ἐσχάτη,
3209 1181 3302 1233 καὶ
3355 1180 3500 1251 ζωῆς
3553 1181 3786 1248 Θάνατος

2214 1257 2492 1329 δεύτερος·
2529 1261 2642 1332 ἅμα
2669 1264 2844 1317 δὲκαὶ
2890 1267 3097 1331 τούτοις
3123 1287 3201 1333 τε,
3233 1271 3312 1323 ὅτι
3364 1274 3501 1344 ὅπερ
3553 1275 3587 1344 ἡ
3642 1274 3782 1346 αὑτὴ

2214 1351 2430 1418 γνῶσις,
2466 1354 2559 1406 καὶ
2608 1357 2788 1428 μήτηρ
2815 1357 3030 1426 λέγεται
3062 1362 3153 1413 καὶ
3185 1363 3320 1434 γυνὴ
3368 1365 3462 1418 καὶ¹
3529 1365 3734 1436 ἀδελφή
3766 1385 3780 1396 ·

2217 1443 2396 1514 μήτηρ
2422 1445 2536 1513 μὲν,
2563 1447 2748 1519 ἐπειδὴ
2780 1450 2808 1502 6
2843 1449 3056 1516 διδάξας
3097 1469 3184 1522 με,
3224 1453 3290 1506 δι’
3311 1454 3480 1525 αὐτῆς
3507 1474 3574 1526 με
3599 1458 3785 1525 γεγέν-

2211 1551 2390 1602 νηκεν,
2413 1536 2486 1599 ὡς
2501 1538 2707 1602 Παῦλος
2736 1539 2821 1593 διὰ
2853 1541 2942 1593 τοῦ
2971 1543 3298 1612 Εύαγγελίου
3329 1545 3570 1610 Γαλάτας
3593 1564 3609 1578 ·
3643 1549 3782 1617 γυνῇ

2209 1624 2284 1688 δὲ,
2326 1627 2408 1679 δτι
2458 1629 2687 1684 συνοῦσά
2716 1649 2804 1701 μοι
2845 1633 3014 1688 τίκτει
3040 1636 3137 1698 τάς
3176 1638 3372 1708 ἀρετὰς
3404 1640 3496 1690 καὶ
3527 1639 3782 1709 δόγματα

2209 1715 2374 1787 ὀρθόν
2409 1717 2547 1786 εἴγε
2575 1721 2606 1789 η
2640 1724 2798 1789 σοφία
2830 1723 2980 1797 ἀνδρὶ
3011 1726 3182 1778 τίκτει
3209 1727 3468 1797 φρόνησιν
3495 1746 3506 1757 ·
3544 1730 3774 1800 ἀδελφὴ,

557 1827 734 1876 soror,
769 1813 892 1880 quia
923 1827 1020 1881 ego
1049 1812 1250 1880 pariter
1302 1823 1460 1878 atque
1518 1810 1608 1862 illa
1659 1825 1724 1863 ex
1779 1825 1886 1862 uno
1941 1810 2098 1878 geniti

2209 1807 2288 1861 δτι
2319 1807 2430 1876 ἐγώ
2449 1827 2506 1861 τε
2540 1811 2632 1864 καὶ
2651 1811 2785 1880 αὕτη
2815 1814 2878 1865 ἐκ
2911 1815 3002 1868 τοῦ
3033 1817 3148 1878 ἐνὸς
3175 1817 3475 1888 γεγόναμεν
3506 1819 3641 1871 Θεοῦ
3677 1820 3778 1871 καὶ

555 1903 754 1956 inimus
781 1878 888 1956 Deo
917 1878 1093 1956 Patre.
1120 1901 1219 1953 Dic
1254 1899 1421 1965 enim,
1455 1900 1651 1969 inquit,
1707 1900 2000 1968 sapientiae,
2050 1909 2098 1951 ut

2207 1897 2445 1968 Πατρός-
2475 1893 2661 1954 Εἶπον
2683 1878 2998 1976 γὰρ,’φησὶ,
3032 1905 3146 1972 τὴν
3169 1878 3411 1976 evectae,
3439 1907 3565 1976 σὴν
3593 1909 3776 1963 ἀδελ-

552 2015 702 2052 wror
729 2009 819 2050 tua
844 1997 910 2050 sit
941 1995 1006 2047 δ’.

620 2091 665 2122 ⁵⁸
697 2090 880 2146 Gratia
911 2097 966 2145 et
1020 2088 1257 2143 amicitia
1312 2087 1564 2142 liberant.
1595 2085 1778 2141 Virtus
1819 2095 1999 2143 autem
2051 2095 2099 2140 et

552 2183 774 2238 scientia
839 2181 1155 2236 rationalem
1190 2179 1422 2234 animam
1460 2179 1715 2233 liberant.
1749 2176 1880 2232 Nam
1931 2179 2101 2249 gratia

546 2287 601 2331 et
635 2275 897 2340 amicitia,
926 2274 1097 2328 virtus
1121 2283 1176 2328 et
1207 2273 1432 2326 scientia
1475 2282 1618 2327 sunt.
1660 2271 1776 2324 Jam
1804 2271 1849 2324 si
1909 2286 2102 2326 cervus

540 2382 606 2421 ex
650 2366 908 2431 amicitia,
939 2377 994 2419 et
1025 2365 1202 2435 pullus
1240 2378 1304 2416 ex
1353 2363 1541 2435 gratiis
1599 2362 1870 2432 gignitur;
1913 2376 2102 2415 cervus

541 2457 758 2526 quidem
793 2469 876 2511 est
926 2454 1398 2524 contemplationis
1435 2453 1759 2525 symbolum,
1794 2453 1969 2521 pullus
2001 2468 2100 2505 au-

544 2557 648 2600 tem
673 2545 876 2615 quietis
915 2559 944 2597 a
981 2543 1403 2613 cupiditatibus;
1456 2557 1685 2610 quorum
1741 2541 1970 2595 alterum
2033 2558 2100 2597 ex

538 2640 852 2703 virtutibus,
886 2637 1112 2692 alterunt
1160 2652 1224 2692 ex
1273 2636 1494 2690 scientia
1529 2635 1756 2690 conﬁeri
1820 2652 2099 2704 compara-

541 2742 655 2786 tum
681 2741 784 2785 est.
817 2759 886 2770 —
916 2730 1118 2785 Cervus
1149 2740 1230 2782 est
1264 2728 1739 2797 contemplationis
1788 2729 2098 2799 symbolum

535 2823 681 2879 circa
713 2837 972 2892 corporea
993 2832 1047 2874 et
1077 2822 1389 2889 incorporea
1420 2830 1473 2874 et
1498 2821 1779 2875 scientiam
1812 2821 1900 2873 Dei
1929 2821 2099 2874 zami-

541 2915 672 2969 citia
719 2922 921 2974 autem,
951 2913 1255 2967 dilectionis
1281 2928 1405 2982 erga
1467 2912 1634 2967 Deum
1687 2923 1742 2965 et
1802 2912 2092 2967 homines:

537 3007 720 3078 pullus
752 3005 1008 3075 denique,
1042 3005 1412 3075 imperturbati
1438 3005 1709 3060 animi.Et
1744 3005 1948 3059 theoria
1984 3005 2098 3074 qni-

534 3099 657 3153 dem
697 3097 936 3152 scientiae
974 3095 1090 3162 Dei,
1130 3111 1194 3149 ex
1235 3095 1426 3149 anima:
1477 3096 1764 3149 virtutibus
1822 3095 2090 3164 procreari

2207 1987 2331 2056 ερὴν
2351 1986 2524 2046 εἶναι.

2289 2081 2349 2135 Ἥ
2375 2071 2532 2154 χάρις
2557 2086 2649 2139 καὶ
2687 2088 2718 2158 ἡ
2759 2087 2910 2157 φιλία
2941 2088 3305 2162 ἐλευθεροῖοὴ
3358 2091 3414 2145 δὲ
3459 2093 3625 2164 ἀρετὴ
3672 2091 3775 2145 καὶ

2203 2173 2398 2241 γνῶσις
2433 2177 2769 2249 ἐλευθεροῦσι
2829 2179 3004 2250 ψυχὴν
3053 2181 3310 2253 λογικήν
3368 2185 3400 2254 ἠ
3457 2185 3612 2255 χάρις
3659 2185 3778 2255 γὰρ

2203 2267 2296 2319 καὶ
2324 2268 2356 2336 ή
2385 2268 2554 2336 φιλία,
2582 2269 2749 2341 ἀρετὴ
2783 2273 2875 2324 καὶ
2909 2273 3108 2339 γνῶσίς
3147 2275 3323 2327 ἐστιν’
3365 2277 3412 2326 εἰ
3461 2276 3516 2329 δὲ
3567 2277 3774 2347 ἔλαφος

2203 2362 2266 2412 ὲκ
2294 2360 2391 2429 τῆς
2414 2361 2612 2430 φιλίας,
2639 2365 2667 2416 6
2691 2364 2864 2428 πῶλος
2901 2367 2963 2417 ἐκ
2991 2364 3097 2418 τῶν
3125 2367 3360 2437 χαρίτων
3387 2370 3636 2435 γεννᾶται
3670 2387 3683 2398 ·
3733 2371 3774 2441 ἡ

2200 2447 2291 2504 οῦν
2324 2451 2516 2522 ἓλαφός
2540 2457 2654 2508 ἐστι
2681 2455 2782 2526 τῆς
2815 2456 3042 2525 θεωρίας
3067 2457 3329 2528 σύμϐολον
3348 2476 3360 2488 ·
3408 2461 3436 2512 6
3467 2460 3522 2512 δὲ
3563 2461 3770 2525 πῶλος,

2199 2545 2299 2614 τῆς
2319 2544 2584 2608 ἀπαθείας
2604 2564 2617 2576 ο
2659 2548 2692 2617 ἡ
2735 2548 2832 2618 μὲν
2862 2547 2989 2620 γὰρ,
3017 2547 3073 2614 ἐξ
3107 2549 3314 2620 ἀρετῶν
3335 2567 3348 2578 ·
3379 2553 3412 2620 ἡ
3437 2551 3512 2615 δὲ,
3561 2554 3624 2604 ὲκ
3662 2553 3764 2622 τῆς

2199 2632 2445 2702 γνώσεως
2472 2635 2714 2702 γίνεσθαι
2753 2637 3010 2706 πέφυκεν.
3051 2670 3119 2679 —
3146 2639 3210 2692 Ἡ
3257 2639 3355 2710 μὲν
3397 2641 3591 2711 ἔλαφός
3615 2645 3772 2696 ἐστιν

2200 2724 2429 2797 θεωρίας
2483 2729 2778 2798 σύμϐολον,
2832 2731 3096 2801 σωμάτων
3171 2733 3265 2786 καὶ
3307 2734 3608 2802 ἀσωμάτων
3669 2736 3768 2788 καὶ

2198 2818 2452 2887 γνώσεως
2484 2820 2617 2873 Θεοῦ
2644 2839 2656 2851 ·
2689 2825 2721 2892 ὴ
2751 2823 2808 2875 δὲ
2841 2824 3010 2892 φιλία,
3043 2825 3142 2894 τῆς
3183 2826 3318 2897 πρὸς
3348 2827 3479 2880 Θεὸν
3524 2829 3618 2882 καὶ
3671 2831 3766 2882 τὸν

2198 2911 2420 2982 πλησίον
2456 2913 2672 2984 ἀγάπης
2693 2929 2706 2944 ο
2743 2915 2770 2966 6
2803 2916 2860 2968 δὲ
2904 2915 3101 2980 πῶλος,
3127 2917 3225 2987 τῆς
3255 2918 3517 2982 ἀπαθείας
3538 2937 3550 2948 ·
3585 2921 3680 2972 καὶ
3727 2924 3766 2993 ἡ

2199 3005 2297 3076 μὲν
2327 3005 2524 3082 θεωρία
2560 3007 2659 3076 τῆς
2680 3007 2813 3078 πρὸς
2837 3008 2967 3062 Θεὸν
2990 3009 3258 3077 γνώσεως,
3289 3010 3345 3077 ἐξ
3368 3012 3573 3082 ἀρετῶν
3599 3013 3762 3066 εἴωθε

2194 3097 2437 3166 γίνεσθαι
2459 3097 2732 3168 ψυχικῶν·
2770 3102 2801 3170 ἡ
2859 3099 2913 3152 δὲ
2947 3101 3154 3172 ἀγάπη,
3188 3103 3250 3154 ὲκ
3302 3103 3399 3172 τῆς
3451 3103 3637 3174 σοφίας
3683 3106 3766 3172 γί-

535 3189 673 3244 solet
701 3208 715 3243 :
747 3187 984 3251 dilectio,
1017 3203 1079 3242 ex
1109 3185 1370 3257 sapientia
1411 3202 1427 3240 :
1462 3185 1822 3254 tranquillitas
1845 3226 1859 3250 ,
1889 3202 1952 3239 ex
1985 3187 2094 3240 vir-

2199 3188 2379 3242 νεσθαι
2408 3189 2646 3259 πέφυκεν
2665 3207 2677 3219 ·
2706 3190 2738 3260 ὴ
2770 3190 2825 3243 δὲ
2848 3189 3107 3255 ἀπάθεια,
3141 3193 3204 3244 ὲκ
3233 3192 3340 3245 τῶν
3370 3193 3460 3247 τοῦ
3507 3193 3763 3265 σώματος

536 3281 738 3336 tutibus
759 3282 1020 3350 corporis.
1048 3277 1308 3333 Hortatur
1344 3294 1472 3332 vero
1510 3293 1606 3333 nos
1645 3289 1700 3331 ut
1739 3295 1860 3332 cunt
1913 3278 2094 3347 hujus-

538 3373 682 3427 tnodi
718 3372 910 3443 gratiis
947 3387 1159 3442 semper
1185 3388 1462 3427 versemur
1497 3392 1511 3427 :
1572 3389 1693 3428 nam
1729 3375 1818 3443 qui
1853 3390 1970 3428 cum
2027 3378 2093 3431 iis

534 3473 873 3527 consuescet,
904 3480 1010 3519 nou
1045 3463 1111 3518 ad
1139 3464 1302 3518 Deum
1334 3466 1505 3519 solum
1544 3468 1796 3533 accedet,
1843 3469 1936 3522 sed
1967 3483 2091 3521 cum

533 3558 622 3612 illo
651 3557 815 3613 etiam
871 3556 1155 3611 habitabit.
1189 3587 1258 3597 —
1288 3555 1509 3626 Propria
1565 3559 1841 3614 rationalis
1889 3570 2090 3614 natura)

529 3661 611 3705 est
637 3653 830 3716 virtus,
859 3665 980 3718 quae
1014 3649 1250 3703 amicitia
1297 3651 1614 3720 appellatur,
1643 3660 1696 3706 et
1756 3651 1863 3707 Deo
1909 3653 2091 3707 conci-

530 3742 627 3796 liat
674 3741 997 3811 copulatque
1023 3755 1117 3795 eos
1151 3741 1243 3810 qui
1282 3755 1342 3795 se
1375 3753 1784 3813 sequnnturper
1806 3744 2088 3798 scientiam

530 3834 648 3890 Dei.
689 3863 756 3873 —
783 3832 915 3886 Nam
952 3833 1044 3900 qui
1071 3834 1291 3888 virtutis
1333 3835 1679 3903 seientimque
1728 3850 1912 3890 amore
1941 3836 2090 3891 duci-

531 3935 641 3994 tur,
679 3935 1091 3996 quotuscunque
1123 3926 1403 3982 meliorum
1431 3939 1536 3983 est.

599 4106 648 4140 ⁸³
668 4105 919 4162 Nonnulli
951 4107 1054 4160 hoc
1082 4105 1146 4160 de
1169 4105 1392 4174 profana
1427 4108 1689 4175 sapientia
1736 4110 1841 4164 dici
1876 4119 2084 4180 putant,

530 4198 584 4254 in
611 4212 714 4267 qua
737 4196 827 4250 diu
863 4196 1064 4251 versari
1102 4211 1205 4248 non
1236 4195 1468 4263 expedit,
1492 4208 1708 4266 prepter
1735 4200 2004 4255 hmrentes
2032 4202 2086 4255 in

529 4303 594 4343 ca
624 4301 858 4344 errores.
877 4285 980 4340 Alii
1017 4286 1467 4354 deimprobilate,
1503 4288 1792 4355 quominus
1835 4289 2086 4344 videlicet

532 4377 832 4432 familiares
878 4377 928 4431 ei
984 4377 1173 4441 simus,
1224 4379 1648 4446 interpretantur
1697 4379 1776 4433 sic
1825 4397 1836 4431 :
1895 4394 2087 4448 nempe

532 4469 682 4538 quia,
705 4467 806 4523 etsi
842 4468 1169 4538 impossibile
1201 4480 1281 4524 est
1314 4467 1602 4524 hominem'
1627 4470 1780 4525 malis
1803 4472 2084 4541 cogitatio-

2194 3279 2434 3350 ἀρετῶνσ
2480 3284 2732 3350 παραινεῖ
2759 3281 2814 3335 δὲ
2864 3283 3012 3352 ἡμᾶς
3054 3286 3172 3348 ταῖς
3229 3285 3503 3349 τοιαύταις
3542 3287 3763 3357 χάρισιν

2194 3371 2280 3424 ἀεὶ
2309 3372 2652 3442 προσομιλεῖν
2668 3389 2681 3402 ο
2715 3375 2742 3425 6
2767 3372 2821 3424 δὲ
2843 3373 3048 3436 τούτοις
3071 3374 3479 3446 ὲμφιλοχωρῶν,
3510 3376 3572 3428 ού
3596 3377 3763 3446 μόνον

2190 3465 2268 3536 τῷ
2289 3464 2407 3535 Θεῷ
2431 3465 2839 3537 προσομιλήσει,
2861 3467 2994 3520 ἀλλά
3039 3457 3131 3521 καὶ
3181 3467 3424 3531 σύνοικος
3467 3469 3760 3538 γενήσεται

2192 3554 2356 3625 αύτῷ.
2389 3587 2456 3596 —-
2479 3555 2603 3608 Ἰδία
2634 3557 2731 3627 τῆς
2758 3557 2981 3627 λογικῆς
3043 3558 3256 3628 φύσεώς
3319 3561 3465 3612 ἐστιν
3485 3560 3519 3628 ἡ
3561 3559 3756 3628 ἀρετὴ,

2191 3647 2312 3717 ἥτις
2343 3647 2582 3703 καλεῖται
2615 3648 2762 3717 φιλία
2783 3690 2796 3714 ,
2854 3651 2948 3704 καὶ
2981 3650 3324 3721 συμφιλιάζει
3351 3649 3428 3720 τῷ
3474 3649 3593 3720 Θεῷ
3628 3651 3757 3714 τοὺς

2192 3739 2487 3810 ἑπομένους
2515 3740 2648 3811 αὐτῇ
2699 3739 2785 3794 διὰ
2838 3741 2940 3810 τῆς
2992 3740 3244 3809 γνώσεως
3275 3739 3368 3813 τοῦ
3395 3739 3550 3794 Θεοῦ.
3572 3769 3642 3780 --
3665 3740 3758 3792 Ἐν

2189 3829 2297 3900 γὰρ
2325 3833 2389 3902 τῇ
2443 3831 2544 3900 τῆς
2591 3832 2789 3903 ἀρετῆς
2839 3831 2989 3904 φιλίᾳ
3034 3833 3122 3885 καὶ
3170 3835 3234 3903 τῇ
3275 3832 3376 3901 τῆς
3431 3829 3760 3901 γνώσεως,6

2189 3921 2716 3993 συμπεριφερόμενος
2775 3921 3058 3987 πολλοστός
3116 3925 3229 3976 ἐστι
3269 3922 3376 3977 τῶν
3437 3921 3749 3991 ὠφελουμέ-

2189 4029 2293 4066 νων
2300 4052 2313 4065 .

2260 4102 2415 4166 Τινὲς
2444 4103 2542 4172 μὲν
2573 4105 2729 4158 τοῦτο
2749 4106 2876 4176 περὶ
2919 4106 3017 4176 τῆς
3046 4105 3239 4172 ἔξωθεν
3269 4107 3456 4174 σοφίας
3497 4103 3750 4175 νομίζου-

2193 4210 2242 4246 σι
2269 4192 2538 4261 λέγεσθαι,
2574 4195 2708 4264 πρὸς
2733 4195 2797 4265 ἦν
2831 4193 3094 4264 χρονίζειν
3122 4196 3178 4248 οὐ
3226 4195 3387 4248 καλὸν
3419 4193 3504 4248 διὰ
3558 4192 3653 4257 τὰς
3691 4195 3752 4246 ὲν

2189 4286 2326 4356 αὐτῇ
2355 4287 2567 4348 ἀπάτας
2587 4304 2600 4317 ·
2625 4287 2767 4350 τινὲς
2791 4287 2846 4338 δὲ
2894 4287 3022 4358 περὶ
3047 4289 3144 4358 τῆς
3177 4287 3373 4351 κακίας
3415 4288 3508 4341 καὶ
3571 4287 3633 4340 τὸ
3673 4285 3754 4357 μὴ

2188 4377 2353 4430 πολὺν
2380 4375 2518 4432 εἶναι
2572 4378 2708 4449 πρὸς
2744 4379 2940 4450 αὐτὴν,
2989 4380 3379 4450 ἑρμηνεύουσιν
3422 4379 3625 4441 οὕτως’
3665 4378 3749 4431 ὃτι

2187 4467 2441 4521 ἀδύνατον
2466 4467 2562 4538 μὲν
2592 4467 2930 4522 παντάπασιν
2951 4468 3246 4538 ἀπέχεσθαι
3275 4467 3554 4540 ἄνθρωπον
3585 4486 3753 4538 πονη-

527 4558 685 4613 nibus
708 4560 926 4614 omnino
955 4575 1142 4615 carere
1163 4600 1178 4625 ,
1203 4571 1440 4616 attamen
1471 4563 1521 4616 in
1548 4563 1612 4616 iis
1643 4578 1746 4618 non
1782 4564 2078 4631 immorari,

2199 4562 2293 4631 οῶν
2314 4563 2605 4633 λογισμῶν⁸
2637 4564 2709 4635 μὴ
2739 4564 3066 4636 ἐγχρονίζειν
3087 4563 3264 4635 μέντοι
3288 4563 3346 4615 ὲν
3365 4562 3565 4624 αὐτοῖς,
3589 4560 3750 4613 δυνα-

525 4649 816 4718 possibile;
843 4665 976 4720 quas
1007 4661 1200 4706 auctor
1229 4650 1384 4704 ulnas
1404 4652 1659 4721 appellat.

2187 4654 2278 4708 τόν
2298 4671 2312 4685 ⁸
2347 4653 2440 4718 οὓς
2464 4654 2559 4707 καὶ
2590 4656 2835 4724 ἀγκάλας
2867 4655 3037 4708 καλεῖ.

2023 4767 2172 4824 CAP.
2214 4767 2302 4825 Vl.

594 4859 644 4893 “
669 4859 986 4929 Quicunque
1020 4858 1120 4914 sibi
1155 4859 1384 4914 amicum
1432 4857 1704 4915 Christum
1757 4865 2074 4934 despondet,

527 4961 784 5022 tanquam
826 4949 1089 5019 justitiam
1121 4965 1186 5004 ac
1226 4952 1530 5017 veritatem,
1565 4953 1609 5006 is
1652 4954 1887 5010 animant
1922 4974 2076 5013 suam

525 5044 760 5100 inimicis
785 5043 1082 5106 contradit,
1119 5043 1208 5111 qui
1260 5043 1503 5100 homines
1549 5062 1860 5117 oppugnare
1904 5050 2077 5102 solent

523 5145 742 5201 propter
771 5135 1005 5203 ipsorum
1041 5147 1167 5201 erga
1193 5132 1528 5189 Salvatorem
1576 5137 1912 5191 charitatem.
1945 5136 2076 5189 Nam

525 5223 762 5279 Charitas
779 5224 1056 5294 spiritalis,
1072 5233 1152 5278 est
1172 5223 1397 5278 scientia
1423 5224 1534 5289 Dei,
1559 5227 1709 5294 cujus
1735 5243 1894 5281 causa
1911 5229 2078 5282 sancti

524 5318 626 5370 viri
669 5317 764 5372 Dei
803 5329 925 5373 sunt
976 5317 1158 5380 amici,
1196 5328 1253 5370 ut
1298 5315 1531 5372 Joannes
1586 5319 1824 5388 Baptista
1873 5322 2081 5375 amicus

524 5411 704 5479 Sponsi
730 5420 863 5474 erat,
905 5411 1241 5481 Moysesque,
1269 5419 1322 5462 et
1349 5411 1571 5478 apostoli
1608 5427 1622 5463 :
1653 5411 1770 5465 Jam
1802 5413 1964 5480 enim,
2000 5415 2081 5467 in-

526 5501 660 5569 quit,
683 5516 787 5554 non
812 5502 1090 5570 appellabo
1113 5518 1205 5556 vos
1229 5517 1436 5565 servos,
1461 5502 1554 5556 sed
1577 5503 1801 5556 amicos.

595 5684 640 5718 "
668 5683 856 5738 Viden'
881 5694 1147 5739 certamen
1183 5695 1236 5740 et
1279 5684 1610 5753 vigilantiam
1633 5684 1658 5738 ?
1680 5684 1888 5739 Anima:
1913 5685 2070 5754 quip-

590 5839 636 5874 ⁸⁸
662 5857 710 5896 v.
749 5840 831 5894 i8.
903 5840 947 5872 "
981 5837 1137 5893 Prov.
1177 5854 1264 5904 vn,
1294 5839 1343 5894 ί.
1420 5839 1464 5869 ⁸⁸
1491 5839 1650 5892 v.19.
1728 5839 1770 5869 ⁵³
1811 5855 1857 5892 v.
1892 5838 1978 5894 20.
2058 5840 2100 5871 "
2136 5859 2184 5893 v.
2225 5840 2277 5893 5.

2255 4867 2370 4929 Πᾶς
2419 4868 2446 4918 6
2498 4865 2585 4919 τὸν
2636 4867 2786 4934 φίλον
2835 4865 2926 4918 τὸν
2971 4863 3204 4934 Χριστὸν
3253 4860 3618 4931 ἐγγυώμενος,
3671 4859 3750 4922 ὡς

2182 4957 2526 5028 δικαιοσύνην
2575 4958 2667 5010 καὶ
2713 4956 2987 5027 ἀλήθειαν,
3029 4954 3364 5024 παραδίδωσι
3409 4953 3509 5024 τὴν
3549 4950 3746 5004 ἑαυτοῦ

2181 5051 2356 5122 ψυχὴν
2377 5052 2489 5112 τοῖς
2518 5048 2747 5119 ἐχθροῖς,
2764 5050 2875 5110 τοῖς
2901 5045 3111 5099 εἰωθόσι
3143 5045 3393 5114 πολεμεῖν
3409 5047 3517 5106 τοῖς
3539 5043 3751 5114 ἀνθρὼ-

2185 5159 2326 5204 ποις,
2361 5138 2448 5192 διὰ
2473 5138 2569 5210 τὴν
2620 5139 2752 5207 πρὸς
2779 5138 2868 5190 τὸν
2911 5137 3136 5208 Σωτῆρα
3175 5136 3385 5206 φιλίαν·
3436 5135 3584 5203 φιλία
3635 5135 3749 5207 γάρ

2185 5236 2298 5286 ἐστι
2329 5229 2689 5300 πνευματικὴ,
2729 5227 2926 5298 γνῶσις
2952 5227 3106 5296 Θεοῦ,
3132 5227 3252 5281 καθ’
3283 5228 3346 5296 ἢν
3373 5228 3463 5279 καὶ
3495 5227 3544 5278 οἱ
3597 5226 3748 5294 ἆγιοι

2188 5321 2329 5391 φίλοι
2385 5318 2514 5373 Θεοῦ
2555 5317 2995 5390 χρηματίζουσιν,
3027 5318 3100 5380 ὡς
3128 5321 3156 5370 6
3192 5315 3440 5385 Ἰωάννης
3491 5318 3518 5366 6
3546 5317 3750 5369 Βαπτι-

2188 5412 2315 5481 στὴς
2341 5409 2489 5479 φίλος
2510 5405 2577 5479 ἦν
2605 5407 2697 5461 τοῦ
2723 5409 2974 5476 νυμφίου,
2993 5407 3228 5475 Μωῦσῆς
3252 5423 3310 5458 τε
3345 5406 3434 5458 καὶ
3454 5405 3748 5458 οίάπόστο-

2186 5501 2296 5554 λοι⁹
2327 5500 2667 5570 Ούκέτιγὰρ,
2714 5500 2896 5570 φησιν,
2925 5500 3066 5569 ὑμᾶς
3117 5495 3264 5549 καλῶ
3321 5495 3556 5558 δούλους,
3610 5496 3750 5550 ἀλλὰ

2186 5593 2386 5662 φίλους.
2975 5649 2982 5654 ,

2258 5686 2418 5756 Ὁρᾷς
2448 5685 2629 5752 ἀγῶνα
2661 5685 2753 5740 καὶ
2780 5683 3113 5756 ἀγρυπνίαν;
3151 5680 3353 5742 Ὕπνος
3378 5679 3476 5748 μέν
3502 5679 3622 5732 ἐστι
3641 5678 3751 5749 ψυ-

2357 5839 2399 5869 ⁸⁸
2429 5855 2476 5890 v.
2513 5841 2562 5893 ὦ.
