4012 6340
226 353 327 406 f7?
1391 344 1751 400 EXPOSlTiO
1784 344 1846 397 IN
1886 343 2295 398 PROVERBlA.
3354 341 3455 394 178

218 472 323 544 χῆς
361 472 394 540 ἡ
450 469 567 522 κατ’
613 468 884 538 ἐνέργειαν
926 467 1200 538 ἁμαρτία·
1253 468 1559 538 νυσταγμὸς
1613 467 1689 529 δὲ,
1738 486 1764 519 τ

1898 483 1961 535 pe
1998 481 2223 520 somnus
2255 472 2331 520 est
2354 472 2628 534 peractum
2661 474 2933 531 peccatum
2967 480 2976 511 :
3016 463 3327 517 dormttatio
3363 479 3456 514 au-

216 565 436 633 πρῶτον
458 565 515 615 ὲν
549 566 614 633 τῇ
641 560 780 631 ψυχῇ
819 560 1197 630 συνιστάμενον
1226 560 1536 631 ἀκάθαρτον
1578 559 1754 629 νόημα

1896 570 2002 613 tem
2028 558 2291 614 conflatus
2316 559 2368 611 in
2397 558 2575 610 anima
2607 558 2845 625 impurus
2871 560 3136 625 cogitatus
3173 574 3186 611 :
3221 556 3455 625 denique

216 656 628 725 ἑπινυσταγμὸς
656 654 708 706 δὲ
731 657 762 723 ἡ
789 653 919 723 πρὸς
942 653 1007 705 τὰ
1037 654 1203 725 χείρω
1226 654 1394 724 ῥοπή·
1428 652 1623 705 κωλύει
1650 648 1740 704 οὖν

1894 651 2285 714 indormitatio,
2303 650 2592 705 declinatio
2616 650 2681 701 ad
2708 649 2995 701 deteriora.
3022 648 3177 703 Vetat
3204 664 3448 704 somnum

218 751 319 821 μὲν
339 749 498 819 νόμος
531 748 618 801 τὸν
658 746 817 799 ὕπνον
837 764 848 775 ⁸
878 746 964 798 τὸν
1008 746 1065 798 δὲ
1094 745 1401 814 νυσταγμὸν
1448 745 1509 797 τὸ
1553 745 1764 813 Εὐαγγέ

1893 744 1999 812 lex,
2037 744 2467 799 dormitationem
2502 742 2849 811 Evangelium
2878 760 2890 793 :
2923 743 3009 794 illa
3032 744 3174 796 enim
3215 751 3450 811 amputat.

216 843 329 895 λιον
350 859 364 873 ο
390 843 436 893 εἰ
458 857 517 908 γε
534 841 562 892 ό
582 840 677 910 μὲν
708 838 1027 909 περικόπτει
1050 839 1148 909 τὴν
1174 839 1292 890 κατ’
1318 838 1593 909 ἐνέργειαν
1622 840 1764 908 ἁμαρ

1893 836 2100 907 peccati
2128 835 2668 895 consummationem,
2715 834 2818 887 hoc
2872 834 3233 889 suborientem
3282 836 3447 889 menti

214 934 340 987 τίαν
361 950 376 963 ’
410 932 465 985 τὸ
500 932 577 995 δὲ,
608 932 704 1002 τὴν
742 932 884 984 κατὰ
914 930 1154 983 διάνοιαν
1204 930 1418 1000 πρῶτον
1470 930 1763 1000 συνισταμέ

1892 930 2203 998 nequitiam.
2233 928 2364 980 Nam
2396 927 2593 981 dictum
2625 926 2721 979 fuit
2752 926 2990 994 antiquis
3020 943 3032 976 :
3066 925 3183 979 Non
3213 927 3447 990 occides;

210 1044 312 1097 νην
343 1026 551 1079 κακίαν·
588 1024 814 1097 Ἐρρέθη
838 1025 968 1096 γὰρ,
1003 1023 1155 1095 φησὶ,
1180 1026 1288 1086 τοῖς
1316 1022 1577 1094 ἀρχαίοις,
1595 1023 1672 1077 Οὐ
1696 1040 1764 1091 φο

1888 1038 1989 1094 ego
2025 1032 2203 1076 autem
2232 1022 2352 1075 dico
2377 1019 2549 1084 vobis,
2581 1020 2698 1072 Non
2733 1018 2988 1071 irascaris

206 1118 423 1179 νεύσεις
447 1133 461 1147 ’
492 1116 599 1185 ἐγὼ
619 1116 675 1169 δὲ
694 1116 834 1183 λέγω
860 1117 1008 1186 ὑμῖν,
1040 1116 1153 1168 Οὐκ
1180 1114 1502 1186 όργισΘήσῃ.

286 1208 626 1280 Σημειωτέον
654 1206 909 1271 ἐνταῦθα,
940 1209 1021 1261 ὅτι
1042 1206 1140 1277 τὴν
1166 1207 1259 1259 τοῦ
1296 1206 1581 1278 μύρμηκος
1632 1223 1787 1274 φυσι-

203 1298 313 1368 κὴν
350 1299 668 1370 ἐναρμόνιον
702 1299 939 1369 κίνησιν,
988 1298 1178 1367 σοφίαν
1232 1297 1415 1351 καλεῖ·
1458 1298 1549 1351 καὶ
1599 1297 1707 1368 γὰρ
1758 1298 1786 1349 6

199 1390 515 1462 σοᾳώτερος
555 1382 757 1459 σοφοῦ,
801 1389 1106 1461 σοφώτερος
1159 1389 1405 1458 λέγεται·
1441 1389 1557 1453 πῶς
1597 1390 1651 1442 δὲ
1692 1391 1784 1442 καὶ

194 1483 296 1535 οὐκ
324 1483 473 1536 ἐστιν
508 1483 613 1536 ὑπὸ
645 1482 931 1552 δεσπότην,
967 1483 1017 1534 εἴ
1050 1498 1111 1550 γε
1150 1480 1217 1534 τὰ
1277 1482 1564 1551 σύμπαντα
1622 1482 1783 1535 δοῦλα

194 1575 289 1627 τοῦ
325 1573 465 1627 Θεοῦ
496 1575 562 1644 ;ἢ
594 1576 809 1645 μήποτε
829 1577 856 1627 6
890 1575 1022 1637 Θεὸς
1075 1574 1289 1642 λέγεται
1320 1574 1581 1644 δεσπότης
1603 1574 1781 1643 διχῶς,

191 1666 267 1728 ὡς
298 1664 659 1737 δημιουργὸς,
695 1666 789 1719 καὶ
816 1666 892 1729 ὡς
924 1665 1356 1736 γινωσκόμενοςς
1390 1665 1482 1719 Διὸ
1516 1667 1606 1719 καὶ
1640 1667 1764 1718 Παῦ

1889 1662 2028 1717 Deus
2053 1661 2338 1729 dupliciter
2363 1660 2559 1714 dicitur
2585 1658 2852 1722 dominus,
2876 1668 2929 1711 et
2966 1658 3090 1726 quia
3130 1666 3365 1720 creator,
3393 1662 3449 1709 et

191 1756 279 1819 λος
348 1756 591 1828 γράφει·
636 1756 785 1811 Νυνὶ
840 1756 909 1809 δὲ
951 1756 1448 1826 ἐλευθερωθέντες
1502 1757 1620 1811 ἀπὸ
1676 1755 1764 1824 τῆς

1888 1753 2013 1821 quia
2043 1743 2311 1821 cognitus.
2349 1752 2522 1818 Quare
2540 1761 2592 1803 et
2627 1749 2820 1804 Paulus
2854 1750 3041 1804 scribit
3081 1767 3093 1800 :
3126 1747 3282 1802 Nunc
3327 1764 3446 1802 vero

185 1847 510 1917 ἁμαρτίας,
545 1849 947 1914 δουλωθέντες
974 1848 1042 1901 δὲ
1074 1848 1154 1915 τῷ
1208 1847 1328 1914 Θεῷ
1362 1849 1625 1920 (δηλονότι
1657 1867 1759 1903 κατ

1890 1844 2095 1897 liberati
2122 1862 2151 1895 ιι
2178 1853 2405 1912 peccato,
2428 1842 2560 1896 servi
2582 1852 2753 1895 autem
2800 1842 2923 1909 facti
2950 1840 3060 1895 Deo
3091 1840 3167 1911 (id
3226 1851 3309 1896 est
3360 1856 3447 1896 se-

183 1940 399 2014 ἁρετὴν
444 1943 539 1997 καὶ
574 1942 794 2011 γνῶσιν)
821 1940 988 2009 ἔχετε
1045 1942 1153 1996 τόν
1194 1941 1426 2009 καρπὸν
1472 1942 1637 2011 ὑμῶν
1693 1947 1764 2008 εὶς

1880 1936 2114 1991 cundum
2141 1938 2395 1989 virtutem
2426 1950 2490 1990 ac
2514 1935 3038 2004 scientiam).habetis
3078 1934 3304 2001 fructum
3357 1949 3443 1986 ve-

178 2031 520 2102 ἀγιασμὸν,
557 2032 622 2085 τὸ
653 2032 719 2084 δὲ
748 2031 922 2098 τέλος
952 2030 1104 2100 ζωὴν
1151 2033 1421 2086 αἰώνιον·
1481 2036 1529 2088 εἰ
1579 2034 1633 2088 δὲ
1682 2034 1764 2088 τοί

1880 2039 2046 2083 stram
2076 2032 2127 2082 in
2146 2028 2803 2096 sanctiﬁcationemjﬁnem
2820 2044 2935 2081 vero
2954 2029 3108 2081 vitam
3122 2027 3437 2083 aeternam".

176 2125 446 2179 τοιούτου
473 2124 663 2187 τέλους
710 2124 802 2177 καὶ
824 2125 928 2195 τῆς
976 2123 1230 2193 γνώσεως
1274 2126 1503 2195 ἄμοιρός
1562 2129 1709 2180 ἐστιν
1753 2134 1764 2182 ι

1880 2121 1997 2176 Jam
2022 2123 2063 2175 si
2108 2121 2231 2176 linis
2285 2120 2585 2188 huiusmodi
2637 2130 2799 2186 atque
2840 2120 3084 2173 scientia:
3120 2136 3316 2188 expers
3360 2131 3442 2177 est

169 2215 457 2287 μύρμηξ,
479 2180 671 2285 ἄλογος
686 2214 778 2281 ὢν,
824 2180 1094 2286 δηλονότι
1127 2180 1226 2271 καί
1252 2180 1351 2290 τῆς
1379 2180 1629 2292 τοιαύτης
1659 2180 1764 2276 δουέ

1882 2213 2107 2268 formica
2127 2222 2318 2281 utpote
2343 2210 2695 2272 irrationalis,
2721 2218 2931 2263 constat
2961 2225 3080 2263 eam
3113 2226 3231 2266 esse
3252 2212 3442 2281 hujus-

165 2306 351 2370 λείας
384 2307 664 2378 ἐλεύθερος
692 2326 705 2339 ·
740 2306 915 2371 καλῶς
934 2302 1025 2362 οῦν
1057 2308 1269 2377 λέγεται
1302 2311 1376 2381 μὴ
1410 2308 1545 2364 εἶναι
1572 2312 1600 2365 ό
1636 2313 1764 2384 μύρ-

1879 2307 2084 2361 οοιιιοιη
2110 2321 2327 2375 quoque
2354 2302 2617 2357 famulatu
2646 2303 2914 2357 liberam.’
2931 2302 3076 2359 Bene
3097 2318 3224 2373 ergo
3246 2305 3443 2359 dicitur

176 2397 299 2468 μηξ
343 2398 453 2451 ὑπὸ
495 2398 775 2469 δεσπότην,
826 2396 969 2451 κατὰ
1012 2398 1216 2470 ταύτην
1269 2399 1368 2471 τὴν
1417 2404 1764 2457 δεσποτείαν⁴

1879 2397 2103 2452 formica
2141 2412 2247 2451 non
2279 2410 2398 2451 esse
2456 2397 2557 2448 sub
2588 2395 2830 2455 domino,
2866 2394 3165 2449 secundum
3191 2394 3440 2463 hujusce-

175 2481 329 2539 εἶναι
362 2486 422 2539 δὲ
455 2487 615 2540 πάλιν
645 2488 749 2540 ὑπὸ
778 2486 1093 2542 δεσποτείαν
1120 2487 1356 2559 λέγεται,
1376 2491 1479 2546 ὑπὸ
1500 2493 1589 2547 τὸν
1620 2493 1764 2557 Θεὸν,

1878 2490 2022 2542 modi
2058 2488 2414 2541 dominatum.
2438 2488 2691 2539 Attamen
2723 2487 2822 2540 sub
2854 2484 2944 2539 Dei
2984 2485 3255 2539 dominatu
3284 2484 3445 2541 vicis-

178 2579 257 2643 ὡς
295 2578 410 2632 ὑπὸ
434 2578 783 2652 δημιουργόν.

1875 2582 1975 2635 sim
2009 2581 2231 2645 dicitur,
2258 2580 2357 2634 sub
2384 2594 2448 2633 eo
2477 2579 2684 2633 scilicet
2715 2587 2971 2646 tanquam
3004 2588 3274 2634 creatore.

256 2671 363 2725 Διά
413 2673 512 2742 μὲν
562 2672 656 2726 τοῦ
700 2673 989 2746 μύρμηκος
1052 2673 1227 2727 ἔοικεν
1292 2677 1321 2729 6
1369 2675 1618 2747 Σολομῶν
1674 2677 1764 2749 τὴν

1948 2673 1993 2705 ⁵⁸
2026 2672 2286 2726 Formicae
2326 2671 2682 2725 similitudine
2712 2671 2927 2725 videtur
2976 2674 3130 2726 nobis
3184 2672 3441 2728 Salomon

188 2764 506 2834 πρακτικὴν
540 2765 654 2819 όδὸν
698 2768 828 2837 ἡμῖν
884 2767 1222 2838 ὑπογράφειν
1245 2785 1256 2796 ·
1316 2766 1403 2821 διὰ
1430 2767 1485 2820 δὲ
1538 2769 1639 2839 τῆς
1673 2787 1764 2839 με-

1874 2765 2017 2817 viam
2079 2764 2271 2833 agendi
2329 2764 2643 2817 describere
2699 2779 2715 2816 :
2771 2779 2871 2832 ape
2927 2773 3107 2817 autem
3172 2764 3438 2819 theoriam

190 2853 405 2923 λίσσης,
440 2855 538 2925 τὴν
567 2856 797 2928 θεωρίαν
817 2856 925 2911 τῶν
961 2858 1261 2927 γεγονότων
1290 2858 1541 2927 σημαίνει
1569 2860 1661 2912 καὶ
1677 2860 1764 2913 αύ-

1875 2866 2117 2911 actarum
2153 2871 2334 2910 rerum
2365 2856 2639 2925 ipsiusque
2694 2857 2894 2911 actoris
2928 2856 3187 2913 denotare
3218 2874 3229 2908 :
3274 2873 3435 2927 quant

1960 1197 2006 1230 ⁸⁵
2047 1198 2142 1253 llic
2175 1195 2708 1252 animadvertendum
2737 1204 2842 1258 est,
2877 1192 3119 1248 formica:
3156 1194 3447 1249 naturalem

1886 1297 2209 1352 concinnum
2237 1304 2468 1359 motum,
2505 1293 2686 1345 vocari
2736 1290 2804 1344 ab
2833 1300 3053 1343 auctore
3106 1288 3448 1357 sapientiam.

1886 1387 2019 1441 Nam
2048 1389 2137 1456 qui
2161 1396 2244 1443 est
2270 1386 2517 1455 sapiente
2548 1383 2864 1453 sapientior,
2894 1382 2940 1435 is
2992 1380 3191 1435 dicitur
3234 1378 3448 1449 sapien-

1889 1481 2017 1533 tior.
2043 1478 2326 1545 Quomodo
2358 1488 2538 1532 autem
2574 1478 2794 1530 formica
2824 1477 2925 1529 sub
2964 1472 3181 1528 domino
3210 1488 3316 1527 non
3342 1479 3449 1538 est,

1886 1571 2330 1640 quandoquidem
2353 1571 2530 1623 omnia
2570 1569 2679 1624 Deo
2720 1566 3087 1622 famulantur?
3144 1565 3249 1619 nisi
3304 1563 3448 1633 quod

192 2946 281 2999 τοῦ
302 2946 399 2999 τοῦ
432 2949 775 3019 ποιήσαντος,
818 2950 1009 3019 ἥντινα
1033 2948 1126 3001 καὶ
1146 2948 1375 3021 καθαροὶ
1413 2950 1507 3003 καὶ
1541 2951 1773 3023 ἀκάθαρ-

198 3046 297 3101 τοι,
328 3040 427 3092 καὶ
488 3038 643 3107 σοφοὶ
690 3041 785 3093 καὶ
839 3040 1076 3111 ἀνόητοι,
1124 3042 1261 3111 πρὸς
1305 3040 1404 3112 τὴν
1449 3042 1550 3112 τῆς
1593 3042 1771 3114 ψυχῆς

197 3130 380 3197 ὑγείαν
415 3132 810 3203 προσφέρονται
830 3150 842 3161 ³
871 3134 965 3185 καὶ
995 3134 1240 3203 φαίνεται
1272 3136 1370 3206 μέν
1403 3153 1492 3205 μοι
1522 3136 1550 3186 ό
1580 3138 1767 3207 κηρὸς,

198 3220 372 3274 αὐτῶν
394 3222 503 3275 τῶν
522 3225 861 3295 πραγμάτων
890 3225 1044 3294 λόγον
1066 3226 1279 3298 ἐπέχειν
1299 3244 1311 3256 '
1348 3227 1406 3280 τὸ
1426 3228 1469 3281 δ’
1489 3229 1767 3283 ἐναποκεῖ-

202 3328 353 3380 μενον
405 3313 555 3385 αύτῷ
595 3314 736 3384 μέλι,
779 3314 1039 3386 σύμϐολον
1080 3313 1215 3369 εἶναι
1264 3318 1357 3387 τῆς
1391 3318 1621 3391 θεωρίας
1668 3321 1766 3373 αὺ-

199 3401 297 3455 τῶν
322 3419 337 3433 ⁸
371 3405 512 3457 καὶὸ
536 3405 635 3476 μὲν
670 3406 835 3477 κηρὸς
866 3406 1276 3479 παρελεύσεται·
1312 3409 1371 3463 '0
1393 3410 1766 3481 οὐρανὸςγὰρ,

204 3497 346 3567 φησι,
378 3497 530 3568 καὶὴ
560 3498 632 3568 γῆ
684 3498 1102 3569 παρελεύσεται·
1140 3498 1201 3552 τὸ
1237 3500 1292 3552 δὲ
1344 3498 1463 3570 μέλι
1511 3501 1570 3552 ού
1629 3518 1767 3573 παρ-

204 3587 501 3641 ιλεύσεται·
531 3588 774 3661 οὐδὲγὰρ
804 3592 851 3642 οἱ
880 3590 1024 3660 λόγοι
1054 3590 1479 3661 παρελεύσονται
1506 3590 1599 3644 τοῦ
1657 3593 1768 3644 Σωο

204 3678 355 3750 τῆρος
388 3677 546 3749 ἡμῶν
582 3678 757 3750 Ἰησοῦ
787 3680 1049 3751 Χριστοῦσ
1089 3681 1217 3750 περὶ
1246 3674 1320 3733 ὧν
1352 3681 1501 3749 λέγει
1549 3684 1576 3735 6
1613 3682 1769 3735 Σολο-

210 3769 345 3840 μῶν·
377 3772 567 3838 Κηριά
589 3771 850 3841 μέλιτος,
886 3773 1048 3842 λόγοι
1086 3773 1261 3826 καλοί
1280 3791 1294 3805 ·
1335 3775 1653 3843 γλύκαονμα
1702 3774 1768 3827 δὲ

205 3862 405 3927 αὐτῶν,
440 3863 602 3930 ἴασις
634 3863 869 3933 ψυχῆς’
897 3866 991 3919 καὶ⁵
1022 3867 1050 3918 ό
1082 3865 1262 3931 Δαυῒδ,
1292 3868 1383 3932 Ὡς
1409 3868 1763 3936 γλυκύτερα,

205 3956 345 4025 φησι,
373 3955 452 4021 τῷ
474 3956 725 4027 λάρυγγί
744 3976 883 4027 μου,
914 3957 984 4012 τὰ
1010 3958 1182 4028 λόγιά
1206 3976 1320 4012 σου
1351 3959 1500 4028 ὑπὲρ
1523 3961 1657 4030 μέλι
1685 3958 1764 4026 τῷ

207 4048 441 4115 στόματί
463 4065 586 4118 μου
605 4065 619 4079 ·
656 4048 715 4101 τὸ
746 4049 800 4101 δὲ
822 4049 1164 4121 ἀποτέλεσμα
1200 4050 1291 4104 τοῦ
1318 4052 1479 4104 πόνου
1508 4051 1616 4105 τῶν
1636 4055 1763 4122 ἀρε-

208 4136 307 4191 τῶν
331 4139 542 4209 καὶτῆς
580 4139 853 4208 γνώσεως,
903 4141 1061 4196 πόνον
1100 4142 1380 4213 ὠνόμασεο
1428 4143 1664 4215 βασιλεῖς
1702 4143 1760 4197 δὲ

210 4229 297 4282 καὶ
343 4230 573 4295 ἰδιώτας,
604 4233 663 4285 οὐ
690 4233 815 4295 τοὺς
846 4234 906 4285 τὸ
929 4233 1162 4304 διάδημα
1186 4233 1404 4305 ἔχοντας
1426 4274 1440 4299 ,
1486 4236 1519 4305 ἢ
1549 4235 1670 4298 τοὺς
1701 4236 1757 4287 ὲν

1875 2950 2139 3004 theoriatn
2187 2964 2280 3003 seu
2315 2949 2615 3003 doctrinam
2654 2949 2769 3017 puri
2813 2964 2966 3017 teque
3011 2958 3174 3018 atque
3218 2950 3434 3018 impuri,

1874 3042 2143 3113 sapientes
2164 3057 2226 3096 ac
2257 3041 2410 3105 fatui,
2438 3043 2501 3094 ad
2549 3056 2659 3095 suae
2698 3041 2893 3095 animae
2948 3036 3234 3097 sanitatem
3282 3044 3435 3097 adhi-

1876 3136 2020 3188 bent.
2060 3132 2127 3186 Et
2153 3134 2278 3186 mihi
2314 3135 2523 3187 videtur
2565 3134 2737 3195 favus,
2787 3132 3025 3200 ipsorum
3094 3137 3431 3205 negotiorum

1871 3225 2047 3280 locum
2079 3234 2263 3279 tenere
2292 3242 2306 3280 :
2334 3227 2541 3280 haerens
2559 3235 2736 3281 autem
2764 3226 2810 3279 ei
2842 3225 3285 3296 mel,symbolum
3314 3242 3433 3283 esse

1871 3318 2096 3373 theoria:
2120 3319 2376 3385 ipsorum.
2413 3318 2476 3371 Et
2506 3317 2661 3371 favus
2685 3320 2899 3385 quidem
2926 3320 3223 3388 praeteribit
3251 3336 3266 3374 :
3308 3335 3429 3373 nam

1861 3411 2086 3475 Caelum,
2114 3412 2303 3481 inquit,
2322 3422 2375 3466 et
2396 3421 2539 3465 terra
2562 3412 2912 3481 prmteribunt
2941 3432 2952 3465 :
2985 3411 3086 3464 inel
3118 3420 3293 3465 tamen
3321 3428 3425 3466 non

1867 3504 2184 3574 praeteribit,
2211 3504 2337 3573 quia
2359 3504 2655 3559 Salvatoris
2682 3504 2851 3557 nostri
2873 3502 2998 3557 Jesu
3036 3503 3235 3557 Christi
3271 3506 3428 3557 verba

1869 3613 1973 3651 non
2001 3596 2368 3665 praeteribunt.
2411 3596 2485 3650 De
2515 3595 2710 3664 quibus
2769 3596 2902 3649 dicit
2941 3594 3192 3649 Salomon
3226 3611 3241 3647 :
3298 3592 3430 3645 Favi

1867 3687 2061 3750 mellis,
2084 3688 2288 3755 pulchri
2325 3702 2627 3749 sermones;
2670 3697 2715 3737 et
2751 3684 2973 3737 dulcedo
3006 3684 3213 3748 horum,
3242 3685 3431 3736 nnimw

1867 3779 2068 3833 medela
2096 3779 2163 3833 '9.
2197 3777 2366 3832 David
2395 3779 2558 3832 etiam
2592 3796 2604 3831 :
2638 3775 2910 3839 Dulciora,
2949 3774 3144 3843 inquit,
3190 3775 3429 3843 faucibus

1865 3873 1991 3927 meis
2017 3870 2236 3926 oracut‘a
2269 3881 2380 3934 tua,
2410 3869 2526 3938 plus
2553 3885 2706 3939 quant
2731 3868 2832 3921 mel
2862 3869 2940 3921 ori
2989 3883 3101 3921 meo
3166 3868 3230 3923 ⁸ο.
3278 3868 3420 3922 Elite-

1865 3975 2015 4018 ctum
2039 3979 2169 4018 vero
2199 3963 2400 4017 laboris
2425 3961 2680 4015 virtutum
2709 3971 2869 4030 atque
2891 3962 3154 4026 scientiae,
3186 3962 3423 4015 laborem

1861 4056 2181 4111 nominavit.
2218 4056 2389 4122 lteges
2415 4069 2577 4123 porro
2610 4065 2664 4108 et
2688 4055 2905 4118 idiotas,
2933 4070 3038 4107 non
3063 4053 3194 4107 dicit
3220 4054 3300 4107 vel
3328 4068 3423 4107 eos

1860 4149 1951 4220 qui
1981 4148 2284 4203 diademate
2321 4158 2604 4209 ornantur,
2638 4145 2720 4199 vel
2742 4146 2808 4199 de
2844 4145 3189 4214 sterquilinio
3222 4157 3420 4213 paupe-

1857 4258 1986 4308 res;
2012 4245 2105 4296 sed
2130 4239 2374 4296 homines
2394 4240 2483 4309 qui
2512 4255 2640 4310 erga
2665 4239 2831 4294 Deum
2872 4247 3104 4292 mentem
3139 4237 3273 4289 bene
3294 4232 3418 4288 cru-

211 4322 388 4393 κοπρίᾳ
411 4323 649 4393 πένητας
672 4324 839 4393 λέγει,
872 4324 1006 4377 ἀλλὰ
1035 4326 1159 4388 τοὺς
1192 4326 1327 4395 πρὸς
1374 4327 1464 4379 τὸν
1496 4326 1624 4379 Θεὸν
1665 4327 1755 4380 τὸν

1867 4336 2023 4389 litam
2052 4344 2215 4404 atque
2247 4333 2301 4388 in
2348 4334 2645 4389 virtutibus
2678 4332 3022 4388 obfirmatam
3063 4330 3282 4393 habent,
3321 4328 3418 4382 hos

211 4412 319 4465 νοῦν
345 4416 728 4485 σεσοφισμένον
754 4419 847 4471 καὶ
878 4418 1188 4491 ἐρρωμένον
1214 4422 1335 4483 ταῖς
1365 4420 1580 4491 ἀρεταῖς
1605 4419 1753 4489 έχον-

213 4523 315 4569 τας,
347 4507 576 4577 βασιλεῖς
600 4507 765 4576 λέγει.

285 4598 335 4651 '0
368 4598 532 4662 ῦπνος
559 4594 711 4662 οὗτος
738 4599 871 4672 μόνῃ
904 4600 1142 4670 πέφυκεν
1170 4600 1579 4672 ὲπισυμϐαίνειν
1606 4600 1749 4673 ψυχῇ

1782 4552 1826 4607 D

1856 4442 2006 4497 reges
2027 4428 2174 4482 dicit.

1925 4606 1967 4640 ⁶¹
2008 4605 2244 4661 Somnus
2277 4606 2366 4659 hic
2396 4603 2645 4661 rationali
2696 4612 2899 4658 tantum
2952 4603 3142 4657 anima:
3184 4604 3412 4671 obrepit.

217 4689 409 4760 λογικῇ·
432 4691 685 4761 σημαίνει
713 4692 817 4762 γὰρ
852 4692 1085 4747 ἐνταῦθα
1112 4691 1384 4764 [ἄγνοι]αν
1422 4694 1515 4747 καὶ
1576 4695 1753 4762 ἀγνω-

1867 4698 2099 4768 Namque
2123 4700 2211 4754 hic
2251 4700 2528 4769 significat
2587 4697 2952 4765 insipientiam
3007 4705 3063 4749 et
3121 4696 3410 4750 inscitiam.

222 4777 417 4837 οἰωνῶν
439 4785 473 4854 ἡ
501 4784 777 4856 ἀγρυπνία
799 4787 943 4839 ποιεῖ
965 4804 1103 4851 τινα,
1119 4786 1194 4851 ὡς
1218 4788 1491 4859 στρουθίον
1523 4789 1751 4859 μονάζον

225 4877 300 4929 ἐπὶ
326 4877 580 4948 δώματος.

284 4970 590 5040 Προσεκτέον
628 4969 857 5023 ἐνταῦθα
890 4970 1095 5041 μήποτε
1131 4970 1237 5041 ἄρα
1280 4970 1366 5023 διὰ
1417 4972 1522 5024 τῶν
1573 4974 1748 5026 τοιού-

230 5076 311 5113 των
333 5062 635 5132 κινημάτων
666 5062 758 5116 τοῦ
788 5061 1035 5132 σώματος
1067 5061 1405 5131 γινώσκωσιν
1442 5065 1489 5115 οί
1514 5065 1748 5118 ἀντικεί-

233 5170 346 5223 μενοι
368 5155 488 5219 τοὺς
515 5156 697 5209 αὐτῶν
735 5156 1024 5227 λογισμοὺς
1064 5158 1119 5209 ὲν
1154 5157 1284 5227 ἡμῖν
1319 5156 1711 5227 στρεφομένους
1733 5174 1748 5189 ο

1854 4791 2144 4860 Evigilatio
2174 4791 2394 4858 quidem
2439 4790 2568 4843 facit
2621 4788 2891 4841 hominem
2954 4794 3208 4855 tanquam
3270 4796 3414 4838 stru-

1856 4885 2093 4937 thioncin
2134 4881 2438 4935 solitarium
2479 4881 2531 4932 iu
2564 4881 2739 4933 domo.

1923 4976 1966 5005 ⁶¹
1994 4974 2089 5028 llic
2120 4972 2503 5027 attendendum
2539 4982 2644 5035 est,
2676 4987 2740 5024 ne
2775 4971 2911 5024 forte
2933 4985 2998 5023 ex
3041 4966 3410 5035 hujuscemodi

1848 5068 2092 5137 corporis
2116 5066 2352 5120 motibus
2376 5072 2706 5130 cognoscant
2734 5062 3029 5116 adversarii
3055 5060 3412 5130 cogitationes

1847 5160 1989 5214 intra
2016 5175 2114 5213 nos
2140 5167 2447 5211 versantes.
2504 5155 2637 5210 Nam
2664 5156 2907 5210 cordium
2962 5154 3178 5224 quidem
3233 5152 3409 5208 solum

233 5244 377 5316 ἐπειδὴ
403 5245 835 5319 καρδιογνώστην
867 5247 1135 5326 μόνονστὸν
1155 5247 1287 5302 Θεὸν
1313 5245 1752 5317 πεπιστεύκαμεν

1867 5255 2017 5309 )eum
2046 5253 2376 5323 cognitorem
2407 5266 2528 5307 esse
2562 5253 2849 5307 credimus.

233 5330 351 5391 εἶναι.

286 5428 372 5492 Πᾶς
394 5431 418 5483 ό
445 5430 675 5503 τρώγων
704 5428 802 5495 τὰς
829 5430 1037 5503 σάρκας
1056 5430 1145 5484 τοῦ
1181 5429 1413 5503 Χριστοῦ
1441 5430 1536 5483 καὶ
1577 5431 1743 5486 πίνων

235 5518 279 5570 τὸ
297 5515 402 5591 αἷμα
430 5524 496 5577 αὑ
510 5522 600 5577 τοῦ
628 5522 730 5595 (l),
760 5526 949 5578 κτᾶται
984 5518 1121 5593 αἷμα
1170 5523 1375 5578 δίκαιον
1396 5540 1412 5556 ο
1461 5516 1523 5575 οὗ
1569 5540 1744 5594 στερι-

301 5662 395 5721 "v.
426 5665 486 5721 6.
565 5665 614 5698 ⁵⁷
647 5663 805 5721 Rom.
838 5682 912 5732 vi,
945 5664 1037 5720 22.

272 5777 326 5853 ll)
355 5779 565 5834 Rursus
591 5775 846 5853 Origenis
870 5776 1063 5853 «ιο-εδ.
1105 5777 1437 5853 Euebaristia
1460 5778 1743 5853 sententia

222 5847 449 5920 catholica,
489 5864 662 5920 quam
701 5854 753 5902 ct
802 5848 854 5902 in
912 5847 1029 5904 aliis
1082 5851 1321 5917 ejusdem
1366 5852 1580 5921 scriptis
1630 5848 1735 5905 late

1129 5665 1175 5697 ⁸⁸
1218 5682 1269 5719 ν.
1298 5666 1351 5722 8.
1428 5667 1473 5699 ⁸⁸
1501 5667 1659 5723 Prov.
1690 5682 1802 5733 xvi,
1824 5664 1913 5718 '24.

1924 5436 1968 5468 ⁸³
1996 5434 2312 5504 Quicunque
2333 5434 2532 5490 Christi
2588 5447 2782 5487 carnes
2823 5431 3129 5495 manducat,
3180 5441 3234 5485 et
3291 5429 3410 5499 ejus

1851 5529 2173 5599 sanguinem
2207 5528 2362 5593 bibit,
2388 5526 2925 5597 sanguinctniustum
2972 5525 3241 5593 possidet;
3299 5538 3404 5590 quo

2019 5664 2063 5695 ⁶⁰
2094 5663 2179 5719 Ps.
2223 5680 2411 5723 cxvttt.
2447 5665 2565 5719 10³5.
2652 5666 2692 5695 ⁸⁸
2719 5680 2769 5716 ν.
2792 5663 2895 5718 9.“
2932 5680 2977 5716 v.
3009 5664 3093 5717 l3.
3157 5662 3203 5692 ”
3237 5677 3285 5715 v.
3318 5661 3406 5716 l7.

1855 5777 2072 5845 exponit
2106 5786 2266 5847 atque
2310 5787 2479 5834 tuetur
2512 5777 2808 5834 lluetiusin
2844 5775 3198 5847 (Irigenicnis,
3221 5776 3310 5831 lib.
3347 5790 3406 5842 ll,

1844 5848 2053 5903 dissert.
2081 5863 2187 5913 XIV,
2206 5846 2259 5901 ‘2.
