3942 6318
572 409 669 461 ιτς)

1407 398 1966 459 SUPPLEMENTUM
1999 397 2087 451 Al)
2126 393 2446 451 ORIGENIS
2483 389 2893 448 EXEGETICA.

3697 397 3802 453 fSO

570 529 612 581 si
642 525 879 596 privetur
921 522 1197 578 rationalis
1222 522 1420 585 anima,
1454 535 1515 576 ea
1543 521 1678 576 mori
1717 520 1935 573 dicitur.
1983 516 2114 570 Nam

2228 515 2462 584 σκομένη
2502 511 2647 582 ψυχὴ
2687 510 2897 580 λογικὴ,
2946 509 3156 579 λέγεται
3195 511 3552 582 ἀποθνήσκειν
3576 531 3588 544 ·
3635 515 3797 589 Ψυχὴ

569 622 749 674 anima
779 632 897 687 quae
920 625 1126 687 peccat,
1154 615 1266 685 ipsa
1299 616 1574 669 morietur.
1601 614 1753 681 Quod
1775 614 1817 667 si
1857 614 1977 690 quis
1999 627 2124 666 san-

567 714 684 780 guis
711 711 893 779 justus
915 717 1018 770 est,
1050 708 1236 774 utique
1268 706 1374 760 erit
1409 715 1464 760 et
1513 704 1766 774 injustas,
1815 719 1974 776 quem
2020 703 2121 758 sibi

567 800 843 854 attrahunt
874 799 968 868 qui
1016 795 1302 851 comedunt
1343 796 1528 850 datum
1578 795 1630 849 in
1679 811 1857 850 escam
1910 794 2123 865 populis

564 893 875 963 )EthiOpum
908 891 952 922 ⁸⁸
982 888 1316 959 (draconem)
1359 903 1499 957 pane
1527 890 1794 944 mendacii
1835 890 2117 943 nutritum.

563 985 630 1038 Et
654 998 782 1039 sane
813 982 906 1050 qui
946 982 1048 1036 diis
1072 981 1264 1036 alienis
1285 979 1618 1044 sacrificant,
1653 980 1857 1049 justum
1898 980 2117 1048 sangui-

561 1090 681 1135 nem
713 1088 865 1127 suum
908 1071 1304 1141 pessumdant:
1344 1072 1435 1140 qui
1487 1082 1664 1126 autem
1698 1082 1871 1128 semet
1910 1071 2120 1126 sacrifi-

558 1168 700 1218 cium
737 1164 846 1218 Deo
874 1163 972 1218 soli
1002 1162 1256 1228 offerunt,
1290 1162 1327 1217 ii
1364 1164 1680 1234 sanguinem
1711 1164 1967 1233 injustam
2009 1163 2118 1219 dis-

556 1256 809 1326 perduut.
851 1256 1222 1326 Subsequetur
1264 1267 1446 1314 autem
1498 1259 1720 1315 omnino
1755 1258 1938 1329 injusti
1991 1273 2117 1312 san-

553 1349 732 1420 guinis
755 1349 1054 1420 corruptio.
1091 1349 1476 1406 Verumtamen
1529 1353 1580 1406 id
1611 1351 1822 1407 nonnisi
1853 1356 2116 1420 praesente

551 1451 793 1511 tempore
817 1441 1043 1506 accidit;
1065 1441 1157 1496 sed
1182 1442 1248 1496 ab
1272 1443 1425 1498 initio
1445 1459 1548 1498 non
1577 1444 1678 1498 fuit
1701 1443 1800 1498 sic.
1830 1441 1944 1497 Non
1970 1441 2111 1495 enim

551 1535 602 1589 in
633 1536 805 1590 morbi
837 1536 1182 1606 corruptione
1210 1536 1460 1592 valetudo
1509 1553 1797 1608 puerorum
1842 1536 1965 1601 fuit,
2021 1535 2110 1604 qui

546 1631 662 1686 sani
701 1627 860 1685 initio
877 1629 1043 1697 geniti
1071 1627 1308 1683 fuerunt.

617 1721 664 1753 "
685 1720 1051 1789 Reprehendit
1089 1729 1279 1777 mutua
1322 1721 1622 1787 mendacia,
1675 1737 1797 1790 quae
1844 1721 1992 1789 ipsos
2042 1724 2109 1774 ad

2226 607 2354 674 γὰρ,
2377 607 2558 676 φησὶν,
2585 605 2617 675 ἡ
2654 603 3060 676 ἁμαρτάνουσα,
3089 603 3225 673 αὕτη
3254 604 3601 658 ἀποθανεῖται
3622 625 3636 637 ο
3661 610 3711 660 εἰ
3740 608 3800 662 δέ

2224 700 2370 751 ἐστιν
2398 693 2534 767 αἷμα
2560 696 2786 759 δίκαιον,
2824 695 2937 748 ἔστι
2968 695 3210 765 δηλονότι
3247 696 3339 747 καὶ
3373 689 3512 766 αἷμα
3554 697 3744 752 ἄδικον
3779 717 3793 731 ο

2222 791 2358 861 ὅπερ
2392 790 2712 857 συνάγουσιν
2750 790 2808 840 ἐν
2845 789 3058 851 ἑαυτοῖς
3085 789 3134 840 οἱ
3167 788 3544 853 κατεσθίοντες
3567 792 3629 845 τὸ
3647 792 3799 845 δεδο-

2224 882 2381 952 μένον
2405 881 2597 952 βρῶμα
2628 880 2775 943 λαοῖς
2802 882 2913 943 τοῖς
2950 880 3162 950 Αἰθίοψι
3187 923 3200 947 ,
3229 883 3325 936 καὶ
3360 885 3695 957 τρεφόμενον
3717 885 3800 956 τῷ

2219 974 2368 1045 ἄρτῳ
2396 972 2488 1025 τοῦ
2513 971 2770 1042 ψεύδουςο
2824 971 2916 1025 καὶ
2954 973 3002 1024 οῖ
3045 973 3142 1042 μὲν
3191 972 3410 1036 θύοντες
3455 974 3597 1038 θεοῖς
3637 975 3799 1030 ἀλλο-

2218 1059 2407 1132 τρίοι“ς,
2441 1061 2500 1114 τὸ
2533 1060 2732 1114 δίκαιον
2767 1060 2974 1115 ἑαυτῶν
3005 1059 3142 1132 αἷμα
3185 1064 3706 1121 καταναλίσκουσιν·
3737 1072 3790 1122 οἱ

2216 1154 2271 1207 δέ
2304 1154 2513 1216 ἑαυτοῖς
2544 1151 2734 1206 θυσίαν
2755 1151 2832 1223 τῷ
2859 1153 3004 1223 μόνῳ
3035 1152 3172 1224 Θεῷ,
3201 1152 3264 1206 τὸ
3313 1155 3494 1210 ἄδικον
3549 1157 3802 1230 διαφθεί-

2219 1259 2402 1314 ρουσιν
2433 1236 2596 1313 αἷμα’
2621 1242 2976 1312 ἀκολουθήσει
3006 1242 3062 1295 δὲ
3091 1244 3310 1308 πάντως
3345 1249 3430 1318 τῇ
3482 1247 3581 1319 μὲν
3612 1250 3798 1322 φθορᾷ

2214 1334 2306 1387 τοῦ
2334 1335 2516 1387 ἀδίκου
2547 1336 2794 1406 αἵματος
2828 1335 2964 1390 ἀλλά
2996 1335 3151 1391 τοῦτο
3177 1339 3276 1409 μὲν
3303 1341 3518 1405 πάντως
3562 1342 3658 1395 νῦν
3688 1345 3796 1398 πέ-

2215 1445 2352 1496 φυκε
2381 1427 2647 1496 γίνεσθαι,
2677 1429 2769 1482 ἀπ’
2790 1429 2962 1499 ἀρχῆς
2979 1428 3035 1481 δὲ
3064 1430 3161 1500 ούχ
3192 1430 3362 1495 οὕτως
3385 1451 3397 1462 ·
3424 1434 3482 1486 οὐ
3515 1433 3625 1505 γάρ
3647 1438 3797 1492 κατά

2213 1517 2417 1590 φθορὰν
2442 1519 2604 1573 ’νόσου
2655 1519 2814 1588 ὑγεία
2839 1519 2946 1573 τῶν
2984 1520 3210 1587 παίδων,
3249 1523 3387 1592 μετά
3445 1526 3547 1595 τῆς
3595 1527 3794 1597 ὑγείας

2213 1608 2306 1660 ἀπ’
2330 1609 2502 1680 ἀρχῆς
2524 1609 2875 1680 τικτομένων.

2279 1701 2587 1757 Διαϐάλλων
2615 1701 2675 1755 τὸ
2710 1701 2902 1772 ψεῦδος
2933 1691 3200 1776 ἀλλήλοις,
3225 1707 3422 1772 αὐτοὺς
3446 1709 3524 1773 είς
3574 1710 3794 1784 διακρί-

545 1811 970 1880 disceptationes
1019 1813 1306 1868 conl‘erunt
1346 1821 1509 1880 atque
1565 1813 1706 1868 lites.
1763 1811 1859 1867 Vel
1910 1814 2108 1868 fratres

2211 1813 2322 1859 σεις
2361 1797 2515 1867 φέρει
2544 1797 2640 1850 καὶ
2670 1796 2962 1862 ἀντιδικίας
2989 1815 3002 1829 ·
3029 1798 3061 1868 ἢ
3088 1799 3305 1868 ἀδελφοί
3334 1805 3468 1856 εἰσιν
3495 1805 3545 1856 οἱ
3595 1806 3658 1859 τὸ
3683 1807 3790 1878 τῆς

545 1911 694 1965 sunt,
735 1901 826 1970 qui
853 1904 1157 1972 adeptionis
1201 1903 1429 1974 gratiam
1479 1903 1703 1967 habent,
1758 1913 1813 1958 et
1861 1906 1960 1960 sub
1996 1921 2103 1959 uno

2210 1888 2479 1952 υἱοθεσίας
2512 1888 2724 1958 ἔχοντες
2753 1889 3014 1961 χάρισμα,
3052 1891 3145 1943 καὶ
3175 1892 3280 1945 ὑπὸ
3307 1893 3398 1946 τὸν
3435 1896 3594 1950 αὑτὸν
3629 1899 3791 1964 ὄντες

549 2003 677 2048 sunt
705 2001 858 2062 patre
887 1994 1134 2059 Christo;
1163 2012 1300 2065 quos
1332 1995 1564 2050 invicem
1607 1996 1913 2052 distrahere
1943 2013 2104 2053 cona-

547 2095 635 2140 tur
666 2085 818 2140 testis
868 2085 1192 2155 iniquitatis,
1227 2087 1662 2156 perturbationes
1725 2089 1860 2155 ipsis
1902 2090 2103 2144 immit-

539 2187 658 2234 tens
679 2178 976 2246 etjudicia.
1012 2180 1246 2235 Verbum
1273 2193 1454 2236 autem
1516 2199 1534 2231 ι
1577 2184 1825 2238 accendit
1860 2201 1878 2236 ι
1937 2198 2103 2253 ερροσο

539 2273 702 2337 nitur,
724 2285 784 2328 ut
817 2272 1004 2339 credo,
1039 2282 1262 2342 propter
1304 2273 1530 2330 vitiosas
1561 2276 1938 2345 cogitationes,
1984 2291 2103 2344 quae

535 2365 774 2420 animum
804 2366 868 2420 ad
895 2367 1031 2420 iram
1056 2367 1351 2435 odiumque
1375 2365 2098 2436 inflammant,cupiditatem

533 2469 711 2515 autem
775 2460 841 2514 ad
901 2459 1076 2529 turpia
1123 2473 1310 2528 opera.
1372 2457 1691 2524 llujusmodi
1746 2459 2098 2530 cogitationes

533 2551 730 2606 Paulus
759 2566 979 2621 quoque
1004 2550 1341 2620 appellavit“
1366 2551 1591 2620 maligni
1631 2551 1735 2606 tela
1770 2553 1942 2623 ignea,
1979 2567 2098 2622 qua:

533 2643 764 2696 animam
795 2642 1084 2697 vulnerant
1111 2652 1448 2712 mortemque
1479 2643 1777 2699 adducunt.

600 2737 644 2767 ⁸⁷
684 2734 910 2789 Matrem
930 2749 1112 2788 secum
1135 2735 1337 2790 habere
1367 2749 1489 2789 eum
1518 2735 1691 2806 jubet,
1717 2752 1837 2805 qua:
1882 2746 1966 2792 est
2010 2753 2094 2792 sa-

530 2828 734 2897 pientia
799 2843 1095 2897 generatis,
1147 2842 1344 2896 nempe
1391 2827 1482 2880 illa
1549 2829 1842 2883 secundum
1897 2829 2089 2887 Deum.

2207 1978 2418 2049 πατέρα
2450 1980 2680 2050 Χριστόν
2703 1997 2714 2009 ·
2750 1978 2841 2042 οὓς
2870 1979 3122 2051 χωρίζειν
3167 1985 3434 2054 ἐπιχειρεῖ
3485 1989 3514 2038 6
3566 1987 3787 2058 μάρτυς

2202 2071 2300 2141 τῆς
2326 2070 2557 2133 ἀδικίας,
2597 2070 2838 2142 ταραχὰς
2869 2073 2927 2125 ἐν
2975 2073 3158 2136 αὐτοῖς
3201 2074 3483 2146 ἐμϐάλλων
3521 2079 3615 2132 καὶ
3660 2082 3789 2151 κρί-

2204 2181 2314 2228 σεις
2335 2181 2347 2194 ·
2371 2163 2428 2215 τὸ
2452 2163 2507 2215 δὲ
2535 2182 2552 2213 ι
2573 2163 2801 2227 ἐκκαίει,
2833 2182 2852 2215 ι
2881 2163 2956 2227 ὡς
2981 2160 3152 2234 οἶμαι,
3172 2168 3517 2241 προστίθεται
3543 2171 3632 2225 διὰ
3654 2173 3786 2236 τοὺς

2201 2255 2468 2325 ἐμπαθεῖς
2522 2255 2834 2326 λογισμοὺς,
2863 2256 3204 2322 ἀνάπτοντας
3245 2260 3412 2325 θυμὸν
3470 2264 3590 2333 μὲν,
3638 2265 3784 2336 πρὸς

2198 2347 2365 2417 ὀργὴν
2398 2347 2491 2399 καὶ
2527 2350 2680 2417 μῖσος
2719 2347 3013 2418 ἐπιθυμίαν
3041 2349 3098 2404 δὲ
3151 2351 3286 2423 πρὸς
3332 2355 3561 2426 αἰσχρὰς
3607 2359 3783 2427 ἐργα-

2201 2439 2352 2502 σίας·
2381 2438 2602 2503 τούτους
2629 2440 2753 2504 τοὺς
2803 2439 3100 2511 λογισμοὺς
3140 2445 3235 2496 καὶ
3268 2445 3296 2496 6
3348 2444 3502 2513 ἅγιος
3557 2447 3783 2514 Παῦλος

2197 2531 2446 2602 ὠνόμασε
2504 2531 2595 2585 τοῦ
2656 2531 2894 2604 πονηροῦ
2942 2533 3073 2604 βέλη
3124 2537 3516 2609 πεπυρωμένα,
3566 2539 3777 2611 τιτρώ-

2197 2637 2394 2674 σκοντα
2426 2621 2524 2690 τὴν
2547 2621 2742 2692 ψυχὴν,
2779 2621 2874 2676 καὶ⁹
2896 2620 3124 2676 θάνατον
3157 2624 3514 2695 ἐργαζόμενα.

2265 2735 2387 2806 Τὴν
2413 2735 2622 2806 μητέρα
2657 2734 2957 2804 ἐπάγεσθαι
2991 2735 3340 2808 προστάσσει,
3395 2737 3516 2807 ἥτις
3553 2739 3700 2792 ἐστὶν
3735 2739 3775 2810 ἠ

2195 2827 2356 2896 σοφία
2372 2825 2636 2894 γεννῶσα,
2671 2826 2826 2898 ἡμὲν
2859 2826 2999 2881 κατὰ
3034 2828 3164 2882 Θεόν
3187 2847 3200 2859 ·
3247 2829 3420 2883 καίτοι
3449 2831 3614 2901 ἐχρῆν
3664 2834 3772 2886 αὐ-

528 2921 695 2990 Atqui
728 2920 1056 2988 oportuisset
1087 2928 1296 2988 patrem
1323 2921 1504 2988 potius
1535 2921 1842 2988 nominare,
1863 2937 2092 2992 namque

2205 2919 2279 2972 τὸν
2299 2921 2470 2972 εἰπεῖν
2495 2918 2584 2971 τὸν
2613 2919 2826 2990 πατέρα
2846 2939 2857 2949 ·
2882 2913 3034 2983 οὗτος
3053 2919 3161 2990 γὰρ
3192 2921 3328 2992 πρὸς
3351 2923 3410 2976 τὸ
3439 2927 3671 2978 συνεῖναι
3687 2926 3770 2997 τῷ

528 3013 614 3066 hic
645 3012 709 3066 ad
733 3012 826 3065 ﬁlii
857 3012 1232 3067 exsistentiam
1265 3012 1383 3080 plus
1411 3015 1639 3067 confert.
1675 3013 1782 3067 Sed
1814 3014 1939 3083 quia
1971 3016 2086 3070 fieri

2205 3010 2291 3081 θὶῷ
2323 3011 2520 3082 μᾶλλον
2550 3010 2982 3082 ἐπιτηδειότερος
3007 3027 3019 3040 ο
3048 3009 3162 3064 ἀλλ’
3194 3013 3380 3084 ἐπειδὴ
3411 3016 3470 3067 ού
3515 3017 3768 3080 δυνατὸν,

527 3105 737 3174 nequit,
769 3114 827 3157 ut
860 3104 974 3174 ipse
993 3105 1158 3159 Deum
1185 3115 1480 3176 cognoscat
1513 3114 1639 3161 ante
1681 3105 1946 3162 factarum
2003 3125 2088 3164 re-

2205 3105 2349 3160 ιῦτὺν
2375 3104 2576 3174 γνῶναι
2602 3105 2692 3159 τὸν
2728 3105 2858 3158 Θεὸν
2887 3107 2993 3173 πρὸ
3022 3107 3121 3178 τῆς
3161 3109 3267 3162 τῶν
3297 3110 3596 3178 γεγονότων
3627 3111 3767 3165 θεω-

527 3210 645 3248 rum
668 3195 942 3262 notitiam,
968 3195 1090 3251 ideo
1111 3205 1335 3262 matrem
1361 3197 1540 3266 potius
1573 3213 1736 3268 quam
1766 3209 1975 3270 patrem
1998 3215 2083 3254 se-

2205 3198 2334 3262 Dfag,
2369 3198 2554 3251 τούτου
2579 3198 2736 3269 χάριν
2776 3198 2873 3269 τὴν
2917 3198 3127 3270 μητέρα
3173 3201 3266 3253 καὶ
3293 3201 3354 3254 οὐ
3397 3202 3486 3255 τὸν
3548 3204 3766 3276 πατέρα

522 3300 646 3338 cum
679 3287 883 3341 habere
917 3285 1110 3354 jubet;
1173 3295 1229 3339 ut
1264 3300 1360 3355 per
1399 3295 1628 3340 matrem
1675 3287 1815 3342 filius
1874 3299 2082 3358 patrem

2205 3280 2516 3357 προστάσσει
2540 3287 2868 3356 ἐπάγεσθαι·
2900 3289 2984 3342 ἵνα
3009 3290 3096 3343 διὰ
3121 3291 3219 3362 τῆς
3251 3291 3453 3361 μητρὸς
3479 3295 3507 3346 6
3539 3294 3650 3357 υίὸς
3677 3295 3765 3367 ἴδῃ

520 3388 831 3450 cognoscat.
858 3377 990 3432 Nam
1021 3378 1122 3432 nisi
1155 3378 1270 3446 ipsa
1293 3393 1416 3432 eum
1447 3380 1740 3447 pepererit,
1768 3379 1943 3435 lucem
1977 3398 2084 3437 non

2205 3379 2277 3432 τὸν
2314 3379 2527 3450 πατέρα
2551 3397 2564 3410 ·
2607 3379 2702 3433 ἐὰν
2732 3379 2838 3452 γὰρ
2877 3381 3014 3453 αὐτὴ
3058 3381 3131 3452 μὴ
3160 3385 3417 3454 γεννήσῃ,
3464 3385 3523 3438 οὐ
3572 3385 3764 3456 βλέπει

519 3473 733 3544 aspicit,
765 3489 887 3542 qua:
913 3471 1161 3527 videlicet
1188 3472 1356 3540 ipsius
1392 3473 1478 3526 Dei
1506 3473 1715 3542 agnitio
1740 3485 1842 3529 est.

587 3565 634 3598 ⁸⁸
665 3566 801 3632 Quia
837 3565 1145 3619 mandatum
1171 3564 1303 3632 legis
1363 3565 1584 3619 lucerna
1627 3576 1712 3620 est
1756 3575 1812 3621 et
1859 3567 1972 3623 lux.
2018 3569 2085 3623 Et

517 3645 746 3716 fortasse
766 3660 981 3712 lucerna
1017 3656 1421 3720 Testamentum
1446 3656 1616 3714 Vetus
1647 3669 1730 3716 est
1754 3676 1768 3714 :
1793 3661 1922 3716 illud
1937 3663 2080 3716 enim

515 3762 634 3806 erat
668 3753 823 3822 quasi
855 3751 1072 3805 lucerna
1100 3765 1219 3819 quae
1254 3751 1649 3808 incendebatur
1677 3762 1729 3808 et
1760 3755 2074 3824 apparebat.

515 3844 631 3897 Lux
664 3857 809 3907 vero,
833 3842 1041 3896 Novum
1069 3842 1476 3898 Testamentum
1510 3853 1629 3902 est:
1666 3845 1776 3917 Ego
1800 3847 1967 3912 enim,
1995 3848 2078 3900 in-

516 3935 657 4004 quit,
713 3934 801 3989 lux
853 3949 972 3988 sum
1035 3935 1258 3999 mundi;
1319 3939 1690 4006 improborum
1746 3939 2077 4009 rcdargutio,

513 4031 777 4084 bonorum
818 4029 1073 4086 eruditio.
1119 4030 1255 4085 Nam
1296 4045 1391 4099 per
1435 4030 1604 4100 legem
1661 4033 1898 4102 cognitio
1950 4047 2078 4103 pec-

509 4122 640 4178 cati.

577 4199 622 4246 δ⁹
645 4212 820 4268 Tanta
847 4222 930 4269 est
964 4215 1106 4271 enim
1142 4215 1398 4285 nequitiae
1425 4215 1697 4286 voluptas,
1727 4225 1927 4285 quanta
1957 4216 2078 4271 uni-

505 4308 554 4363 ci
585 4309 760 4378 panis.

573 4399 619 4430 ⁷⁰
645 4399 703 4453 Si
730 4413 760 4452 a
788 4413 913 4454 vera
943 4398 1171 4476 scientia
1201 4398 1554 4468 corripiatur,
1581 4399 1863 4454 scientiam
1886 4415 2075 4470 quam-

503 4493 639 4548 libet
669 4492 862 4548 falsam
892 4493 1125 4561 abjiciet,
1157 4493 1425 4563 quiantea
1465 4492 1772 4559 furabatur,
1790 4494 1858 4550 ob
1890 4495 2071 4549 scien-

506 4589 594 4642 tiae
627 4587 1007 4657 indigentiam,
1039 4602 1104 4642 ex
1159 4587 1421 4643 infatuata
1460 4605 1490 4643 a
1532 4589 1826 4646 Servatore
1886 4598 2071 4644 nostro

504 4679 738 4733 scientia
769 4693 834 4733 ac
858 4679 1153 4748 sapientia.
1183 4678 1520 4735 Redditurus
1553 4689 1732 4734 autem
1761 4679 2069 4748 septuplum

499 4771 728 4837 dicitur,
755 4772 880 4840 quia
903 4775 1104 4843 septies
1132 4773 1183 4828 in
1206 4774 1297 4829 die
1320 4774 1564 4831 laudabit
1597 4775 1766 4829 Deum
1795 4814 1814 4841 ,
1845 4782 1900 4829 et
1933 4789 2068 4828 cun-

498 4865 604 4920 ctis
627 4866 884 4920 sensibus
909 4866 1025 4921 suis
1049 4867 1158 4922 Deo
1185 4867 1710 4934 traditis,.liberabit
1744 4882 1805 4924 se
1840 4882 1869 4922 a
1905 4882 2066 4938 para-

498 4957 568 5011 tis
601 4956 821 5014 diabolo
856 4965 912 5013 et
939 4959 1147 5028 angelis
1172 4957 1290 5027 ejus
1325 4960 1629 5030 suppliciis.

565 5222 611 5254 "
665 5222 856 5279 Omnis
910 5225 1003 5294 qui
1059 5224 1334 5294 iniquitati
1378 5227 1783 5293 communicat,
1820 5229 2068 5285 mwchus

492 5318 594 5374 est,
633 5310 832 5365 diaboli
866 5311 1080 5368 scilicet
1125 5313 1216 5382 qui
1271 5316 1479 5382 primus
1517 5331 1747 5371 uxorem
1787 5319 1938 5373 duxit
1968 5335 2061 5374 ne-

2185 3471 2245 3524 τὸ
2273 3472 2407 3541 φῶς,
2435 3473 2571 3543 ὅπερ
2592 3472 2708 3525 ἐστὶ¹
2739 3472 2938 3542 γνῶσις
2970 3475 3135 3527 αὑτοῦ
3156 3475 3250 3528 τοῦ
3279 3477 3434 3531 Θεοῦ.

2206 3619 2210 3622 ,
2256 3563 2376 3617 Ὅτι
2409 3566 2442 3634 ἡ
2471 3563 2654 3635 ἐντολὴ
2674 3564 2766 3617 τοῦ
2799 3565 2961 3636 νόμου
2995 3565 3185 3636 λύχνος
3208 3567 3324 3620 ἐστὶ
3357 3569 3448 3621 καὶ
3477 3567 3592 3637 φῶς
3614 3586 3629 3600 ·
3661 3571 3763 3624 καὶ

2185 3658 2324 3728 τάχα
2345 3657 2555 3729 λύχνος,
2584 3661 2616 3729 ὴ
2647 3658 2861 3713 Παλαιὰ
2879 3659 3124 3730 Διαθήκη
3166 3660 3312 3713 ἐστίν
3335 3678 3348 3692 ⁸
3399 3661 3604 3724 ἐκεῖνος
3645 3662 3760 3734 γὰρ

2181 3742 2248 3819 ἦν
2280 3747 2520 3817 ὁλύχνος
2551 3749 2579 3801 6
2625 3749 2912 3819 καιόμενος
2956 3750 3050 3803 καὶ
3098 3749 3335 3819 φαίνων·
3390 3750 3523 3820 φῶς,
3555 3753 3588 3821 ή
3638 3751 3762 3806 Νέα

2181 3839 2419 3910 Διαθήκη
2447 3855 2458 3866 ·
2479 3838 2620 3907 Ἐγὼ
2650 3840 2778 3910 γὰρ,
2809 3841 2992 3912 φησὶν,
3020 3843 3134 3912 εἰμὶ
3165 3842 3226 3894 τὸ
3254 3842 3369 3911 φῶς
3398 3843 3490 3896 τοῦ
3510 3846 3717 3915 κόσμου
3741 3865 3753 3876 ·

2182 3931 2399 4002 ἔλεγχος
2429 3932 2524 4002 μὲν
2544 3931 2652 3984 τῶν
2686 3933 2890 3996 κακῶν,
2913 3933 3130 3989 παιδεία
3156 3934 3212 3987 δὲ
3242 3935 3352 3989 τῶν
3384 3936 3605 4005 ἀγαθῶν
3624 3957 3638 3969 ο
3665 3939 3757 3993 διὰ

2180 4025 2284 4096 γὰρ
2314 4024 2477 4095 νόμου
2514 4024 2810 4094 ἐπίγνωσις
2835 4027 3126 4098 ἁμαρτίας.

2249 4203 2495 4274 Τοσαύτη
2517 4204 2623 4275 γάρ
2653 4205 2799 4259 ἐστιν
2835 4209 2868 4277 ἡ
2896 4207 3056 4280 ἡδονὴ
3089 4208 3188 4280 τῆς
3219 4209 3438 4276 κακίας,
3489 4211 3588 4282 ὅση
3655 4214 3752 4266 καὶ

2178 4296 2293 4361 ἐνὸς
2324 4298 2511 4368 ἄρτου.

2260 4389 2382 4443 Ἐὰν
2412 4390 2523 4460 ἁλῷ
2555 4391 2658 4445 ὑπὸ
2696 4391 2950 4460 γνώσεως
2990 4395 3240 4467 ἀληθοῦς,
3281 4397 3615 4469 ἀποθήσεται
3651 4403 3747 4454 πᾶ-

2179 4501 2275 4536 σαν
2299 4486 2498 4552 γνῶσιν
2521 4484 2709 4558 ψευδῆ,
2764 4490 2791 4541 6
2824 4489 3084 4562 πρότερον
3117 4490 3382 4556 κλέπτων,
3427 4494 3493 4548 δι’
3529 4495 3740 4550 ἔνδειαν

2175 4578 2447 4647 γνώσεως,
2474 4581 2579 4634 ἀπὸ
2617 4582 2715 4652 τῆς
2771 4585 3148 4657 μωρανθείσης
3201 4588 3305 4641 ὑπὸ
3358 4588 3450 4642 τοῦ
3485 4590 3744 4660 Σωτῆρος

2173 4669 2327 4740 ἡμῶν
2363 4669 2615 4739 γνώσεως
2658 4673 2751 4726 καὶ
2788 4675 3013 4744 σοφίαςο
3075 4677 3354 4733 ἀποτίσειν
3404 4678 3459 4732 δὲ
3521 4679 3743 4747 λέγεται

2170 4764 2596 4829 ἑπταπλασίονα,
2627 4766 2688 4819 τὸ
2747 4767 2974 4832 ἑπτάκις
3010 4769 3111 4840 τῆς
3167 4772 3382 4843 ἡμέρας
3435 4774 3603 4828 αἰνεῖν
3650 4774 3745 4828 τὸν

2167 4856 2328 4909 Θεόν⁸
2370 4856 2464 4910 καὶ
2501 4858 2677 4912 πάντα
2717 4858 2786 4912 τά
2828 4860 3139 4932 ὑπάρχοντα
3198 4862 3345 4934 αὐτῴ
3409 4863 3744 4936 αἰσθητήρια

2163 4949 2286 5014 δοὺς
2329 4949 2406 5021 τῷ
2476 4951 2616 5022 Θεῷ,
2691 4951 2914 5022 ῥύσεται
2960 4954 3149 5008 ἐαυτὸν
3215 4955 3280 5009 ἐκ
3341 4956 3448 5010 τῶν
3505 4960 3739 5028 ἡτοιμα-

2171 5042 2389 5111 σμένων
2414 5042 2490 5114 τῷ
2521 5043 2750 5115 διαϐόλῳ
2776 5045 2865 5098 καὶ
2905 5047 3018 5108 τοῖς
3047 5047 3295 5117 ἀγγέλοις
3352 5048 3516 5105 αὐτοῦ
3565 5067 3741 5119 τιμω-

2168 5136 2317 5206 ριῶν.

2235 5230 2350 5293 Πᾶς
2382 5230 2410 5281 ὁ
2465 5231 2796 5302 κοινωνήσας
2843 5232 2910 5302 τῇ
2977 5233 3168 5305 κακίᾳ,
3227 5234 3410 5306 μοιχός
3465 5235 3581 5288 ἐστι
3639 5234 3736 5287 τοῦ

2163 5319 2405 5374 διαϐόλου
2429 5322 2521 5375 τοῦ
2562 5322 2776 5393 πρώτου
2804 5324 3082 5394 γήμαντος
3110 5325 3208 5397 τὴν
3243 5327 3440 5380 κακίαν
3458 5368 3472 5390 ,
3514 5327 3610 5380 καὶ
3635 5328 3733 5380 ἀπ’

492 5402 744 5472 quitiam,
770 5413 827 5456 et
845 5405 912 5457 ab
937 5405 1094 5461 initio
1128 5406 1395 5460 homicida
1437 5407 1558 5465 fuit.
1600 5408 1743 5465 Idem
1791 5426 1914 5466 cum
1964 5411 2052 5467 illo

2205 5415 2336 5486 ρχῆς
2385 5415 2667 5483 γεγονότος
2723 5416 3168 5489 ἁνθρωποκτόνου
3194 5432 3210 5448 ο
3267 5419 3362 5472 καὶ
3431 5419 3528 5472 σὺν
3580 5419 3734 5491 αὑτῷ

492 5496 688 5550 anima:
718 5496 949 5566 propria:
973 5499 1198 5555 exitium
1233 5499 1416 5554 infert.

2159 5509 2432 5561 ἀπώλειαν
2454 5511 2518 5572 τῇ
2553 5509 2696 5580 ψυχῇ
2728 5510 2892 5565 αὑτοῦ
2927 5514 3313 5583 περιποιεῖται.

1979 5603 2130 5660 CAP.
2176 5599 2277 5663 VII.

559 5682 606 5771 7'
641 5685 806 5742 Soror
849 5697 1030 5744 nostra
1064 5692 1326 5762 sapientia
1376 5703 1479 5760 est,
1518 5703 1780 5763 quatenus
1817 5697 1904 5753 ille
1963 5700 2055 5769 qui

2251 5701 2474 5773 Ἀδελφὴ
2515 5702 2670 5773 ἡμῶν
2723 5704 2880 5773 σοφία
2932 5704 3062 5771 ἐστὶ,
3102 5703 3233 5757 διότι
3279 5706 3308 5758 6
3347 5705 3575 5777 ποιήσας
3623 5704 3728 5776 τὴν

559 5877 601 5908 ⁸⁸
641 5879 728 5937 l‘s.
766 5899 955 5950 Lxxm,
983 5885 1059 5941 Μ,
1129 5887 1169 5919 ⁸⁸
1206 5903 1252 5940 ι’.
1294 5887 1373 5943 l9.
1423 5886 1462 5921 ⁵⁸
1494 5887 1627 5960 Eph.
1659 5905 1730 5956 v1,
1763 5890 1843 5945 lb’.
1926 5894 1967 5925 ⁸⁷
2004 5895 2114 5954 v.2‘

2242 5891 2284 5925 ει
2319 5907 2365 5946 γ’
2390 5888 2475 5945 23.
2558 5891 2599 5926 ea
2625 5907 2673 5946 ν,
2704 5891 2790 5947 26,
2870 5892 2911 5924 7°
2950 5907 2998 5948 γ,
3030 5890 3116 5950 50.
3191 5891 3233 5924 ⁷⁸
3269 5907 3317 5946 t'.
3353 5888 3440 5946 52.
3516 5891 3633 5946 ’⁹ν.
3665 5888 3723 5946 4.
