3942 6318
224 343 314 401 IS!

1365 348 1729 406 EXPOSiTlO
1761 352 1824 406 IN
1853 353 2262 409 PROVERBIA.

3332 357 3431 410 18‘.’

214 464 493 534 ἀσώματον
527 463 683 535 φύσιν
707 466 911 538 Πατὴρ,
955 469 1042 522 καὶ
1075 470 1274 542 ταύτην
1315 473 1612 543 πεποίηκεν
1634 492 1645 503 ·
1691 491 1773 527 σο-

1894 489 2245 545 neorpoream
2287 486 2533 533 naturam
2564 479 2686 535 fecit
2717 479 2910 545 Pater,
2940 478 3079 534 hanc
3121 493 3330 548 quoque
3358 477 3426 531 fe.

214 559 332 626 φίαν
357 558 414 611 δὲ
439 560 667 614 ἐνταῦθα
704 560 845 628 λέγει
883 562 943 614 οὐ
982 562 1072 614 τὸν
1105 563 1233 617 Υἱὸν
1282 564 1377 618 τοῦ
1433 564 1589 632 Θεοῦ,
1636 567 1773 620 ἀλλὰ

212 651 305 719 τὴν
329 648 561 721 θεωρίαν
596 653 700 705 τῶν
736 652 1000 723 σωμάτων
1044 656 1139 707 καὶ
1175 655 1503 728 ἀσωμάτων,
1542 660 1636 711 καὶ
1674 660 1773 730 τῆς

213 746 267 796 ἐν
300 744 430 815 αὐτῇ
460 745 690 815 κρίσεως
722 745 815 799 καὶ⁸
845 746 1102 818 προνοίας
1139 749 1451 821 ὲγκείμενα.

278 834 382 905 Τὴν
417 836 592 906 σάρκα
642 836 732 890 τοῦ
778 837 1063 910 ἀνθρώπου
1117 838 1304 910 θυρίδα
1344 843 1601 914 ὀνομάζει
1643 845 1770 899 νῦν’

213 925 295 979 διὰ
325 928 426 998 γάρ
454 928 653 1001 ταύτης
682 931 710 982 ὁ
751 931 983 1002 πονηρὸς
1027 930 1125 994 τὰς
1158 933 1370 997 ἀπάτας
1406 938 1516 1001 τοῖς
1562 937 1771 1008 ἀνθρὼ-

216 1034 333 1081 πυις
364 1020 682 1091 ἐργάζεται,
722 1025 833 1087 τοῖς
864 1023 1206 1094 βουλομένοις
1249 1025 1451 1080 ὁδεύειν
1492 1027 1590 1100 τὴν
1636 1029 1771 1083 πλα-

216 1110 354 1163 τείαν
393 1111 509 1190 easy
544 1113 637 1167 καὶ
669 1114 1007 1187 εὐρύχωρον,
1050 1115 1143 1168 καὶ
1183 1117 1498 1187 ἀπάγουσαν
1544 1120 1637 1173 ἐπὶ
1675 1121 1773 1192 τὴν

216 1202 506 1259 άπώλειαν’
540 1205 771 1260 ἐνταῦθα
803 1207 860 1261 δὲ
890 1208 1213 1279 προσεκτέον
1256 1211 1307 1262 τί
1342 1228 1503 1281 φησιν
1552 1214 1579 1265 ό
1614 1213 1770 1266 Σολο-

218 1295 330 1365 μῶν
353 1297 474 1368 περὶ
505 1299 601 1367 τῆς
632 1298 828 1364 κακίας
848 1316 861 1331 ·
890 1301 972 1353 ὅτι
1017 1299 1116 1354 οὑκ
1165 1301 1301 1372 αύτὴ
1352 1303 1441 1357 τὸν
1490 1303 1771 1374 ἄνθρωπον

214 1388 269 1440 ὲν
298 1387 485 1459 ἀρχαῖς
524 1390 615 1442 επὶ
652 1390 749 1462 τὴν
790 1388 1059 1445 πλατεῖαν
1099 1390 1219 1459 ἄγει
1243 1409 1256 1422 ο
1304 1391 1425 1444 οὐδὲ
1474 1393 1772 1463 ἀναγκάζει

213 1480 528 1549 πορεύεσθαι
565 1482 754 1548 διόδοις
781 1482 942 1536 οἴκων
966 1482 1133 1552 αὐτῆς
1152 1523 1166 1545 ,
1196 1482 1229 1553 ἥ
1256 1484 1634 1554 προσεγγίζειν
1662 1503 1770 1554 γω-

211 1571 317 1641 νίᾳ,
348 1572 378 1642 ἦ
404 1572 584 1628 λαλεῖν
625 1575 682 1629 ὲν
718 1577 897 1629 σκότει
926 1574 1222 1647 έσπερινῷ·
1264 1574 1380 1628 ἀλλ’
1411 1576 1503 1628 ἐὰν
1533 1578 1618 1650 ἴδῃ
1653 1577 1773 1631 τινά

210 1664 391 1717 ἑαυτὸν
420 1665 721 1720 ἐπιδιδόντα
744 1671 864 1731 ταῖς
891 1668 1104 1739 ἡδοναῖς
1127 1709 1141 1732 ,
1177 1667 1338 1732 εὐθὺς
1368 1671 1599 1740 συναντᾷ
1628 1669 1773 1740 αὐτῷ

204 1756 263 1808 τὸ
290 1750 427 1821 εἶδος
449 1757 643 1829 ἔχουσα
665 1760 939 1830 πορνικὸν,
960 1759 995 1828 ἢ
1018 1762 1159 1811 ποιεῖ
1184 1758 1281 1823 τὰς
1301 1759 1434 1813 νέων
1456 1760 1773 1825 ἐξίπτασθαι

202 1847 453 1917 καρδίας.
1674 1894 1675 1897 η

269 1939 337 1991 Oi
393 1938 492 2009 μὲν
532 1938 590 1991 ὲν
637 1941 755 2003 ταῖς
809 1940 1090 2003 πλατείαις
1138 1940 1484 2011 ρεμϐόμενοι,
1533 1942 1775 2013 μοιχείας

193 2028 301 2081 καὶ
334 2030 591 2099 πορνείας
628 2032 721 2084 καὶ
760 2031 966 2103 κλοπῆς
990 2032 1320 2102 λαμϐάνουσι
1358 2023 1680 2104 λογίσμούς’
1728 2035 1777 2087 οἱ

187 2119 255 2174 δὲ
307 2121 415 2188 ἔξω
446 2123 646 2175 τούτων
695 2123 1017 2209 ῥεμϐόμενοι
1038 2164 1053 2189 ,
1083 2123 1179 2187 τὰς
1222 2125 1370 2197 παρὰ
1403 2126 1561 2196 φύσιν
1585 2126 1776 2197 ἡδονὰς

194 2211 588 2283 μετέρχονται,
618 2215 1014 2284 ἀρσενοκοιτεῖν
1047 2214 1457 2286 ἐπιζητοῦντες,
1490 2219 1582 2271 καὶ
1606 2218 1777 2273 ἄλλων

191 2300 375 2355 τινῶν
399 2302 882 2373 ἀπαγορευομένων
921 2298 1256 2376 πραγμάτων
1291 2308 1588 2373 φαντασίας
1637 2308 1776 2379 λαμ-

187 2390 498 2455 ϐάνοντες’
552 2393 648 2464 ὅρα
693 2392 749 2445 δὲ
804 2394 877 2466 μὴ
931 2397 1299 2473 κατηγόρημαο
1332 2395 1419 2467 εἴη
1478 2398 1634 2450 τοῦτο
1684 2400 1776 2452 καὶ

190 2486 375 2554 ἁγίων
400 2485 608 2557 ἀνδρῶν
631 2507 643 2515 ε
683 2486 774 2541 καί
796 2505 878 2551 τις
915 2489 988 2559 μὴ
1018 2490 1305 2561 ἡσυχάζων
1333 2490 1469 2544 ἀλλὰ
1503 2491 1773 2564 ῥεμϐόμε-

189 2594 290 2641 νος
309 2618 324 2643 ,
355 2580 471 2637 τοῖς
499 2579 913 2650 κατηγορήμασι
954 2582 1267 2654 κοινωνήσει
1304 2582 1405 2652 τῆς
1451 2582 1644 2654 ἀτίμου
1676 2602 1772 2653 γυ-

194 2667 408 2729 ναικός.
560 2724 563 2727 _
1428 2719 1433 2725 .

273 2758 395 2811 Τῶν
418 2757 725 2831 λογισμῶν,
769 2763 818 2814 oi
853 2761 951 2832 μὲν
986 2762 1215 2835 καθαροί
1265 2765 1421 2831 εἰσιν,
1462 2766 1510 2819 οἱ
1542 2765 1597 2819 δὲ
1637 2768 1774 2821 ἀκά-

201 2849 393 2919 θαρτοι
413 2867 427 2880 ’
457 2852 550 2903 καὶ
572 2852 677 2904 τῶν
700 2853 973 2925 γραμμῶν
1002 2858 1055 2908 αἱ
1084 2857 1181 2926 μὲν
1208 2856 1411 2910 εὐθεῖαι
1452 2857 1737 2913 καλοῦνται
1757 2876 1773 2892 ⁶

202 2942 260 2993 αἱ
285 2942 342 2995 δὲ
363 2942 729 3014 κεκλασμέναι
749 2963 762 2976 °
789 2946 958 3013 γωνία
979 2946 1036 2999 δέ
1059 2948 1173 3000 ἐστι
1197 2948 1540 3019 κεκλασμένη
1562 2950 1742 3005 εὐθεῖα
1759 2970 1773 2985 ·

203 3034 237 3104 ἦ
268 3034 440 3102 γωνία
469 3036 683 3116 νοητῶς,
714 3038 867 3113 ἐστιν
893 3038 921 3090 ὁ
943 3038 1249 3109 ἀκάθαρτος
1283 3040 1537 3114 λογισμός
1556 3062 1569 3075 ·
1594 3044 1652 3098 τὸ
1685 3041 1776 3099 οὖν

206 3125 359 3196 παρὰ
395 3127 574 3181 πᾶσαν
602 3129 802 3197 γωνίαν
835 3131 1131 3203 ἐνεδρεύειν
1158 3131 1254 3203 τὴν
1281 3134 1474 3187 κακίαν
1498 3175 1513 3200 ,
1540 3135 1689 3207 δηλοῖ
1718 3138 1778 3191 τὸ

1876 566 1972 622 cit.
2020 568 2353 639 Sapientiam
2395 581 2573 626 autem
2621 574 2722 627 boc
2767 574 2888 629 loco
2917 574 3045 628 dicit
3092 589 3197 627 non
3230 570 3429 626 Filium

1878 662 1991 729 Dei,
2028 666 2118 721 sed
2165 668 2524 737 corporalium
2582 678 2637 723 et
2688 670 3100 738 incorporalium
3151 669 3428 726 notionem

1876 761 2129 830 insitique
2152 760 2313 814 divini
2340 761 2526 829 judieii
2560 776 2622 815 ac
2649 762 3009 828 providentiae.

1948 854 1992 886 ⁷³
2025 852 2268 908 Hominis
2297 868 2514 907 carnem
2554 869 2695 907 nunc
2727 853 3011 907 fenestram
3043 855 3307 925 appellat:
3336 870 3431 926 per
3508 878 3517 887 ι

1877 946 2017 1007 lianc
2047 946 2242 1014 quippe
2288 944 2550 1014 malignus
2596 944 2778 999 fucum
2812 945 3115 1001 hominibus
3162 948 3309 1013 facit,
3340 948 3428 1015 qui

1873 1037 1983 1094 lata
2015 1039 2358 1108 spatiosaque
2384 1038 2467 1091 via
2498 1037 2747 1093 incedere
2777 1038 2966 1093 volunt
2994 1039 3057 1091 ad
3080 1039 3426 1108 perditionem

1874 1129 2119 1185 ducente.
2167 1129 2267 1184 Hic
2301 1144 2429 1184 vero
2460 1129 3001 1185 animadvertendum
3027 1138 3109 1184 est
3139 1132 3267 1200 quid
3290 1132 3431 1185 dicat

1875 1221 1940 1275 de
1970 1221 2203 1290 nequitia
2240 1219 2519 1285 Salomon,
2574 1236 2766 1291 nempe
2796 1223 2936 1291 quod
2973 1236 3075 1275 non
3121 1223 3232 1290 ipsa
3264 1223 3434 1275 ltomi-

1875 1328 1998 1369 nem
2039 1313 2190 1368 initio
2223 1313 2276 1366 in
2327 1314 2557 1383 plateam
2592 1314 2764 1376 ducit,
2812 1328 2983 1381 neque
3025 1314 3169 1381 cogit
3211 1327 3434 1382 pergere

1876 1406 1929 1459 in
1962 1405 2107 1461 vicos
2136 1407 2327 1461 aedium
2357 1421 2597 1470 suarum,
2630 1422 2803 1476 neque
2836 1409 2901 1461 ad
2932 1398 3186 1475 anguium
3222 1406 3433 1474 propin-

1875 1512 2062 1567 quare,
2106 1509 2199 1553 aut
2243 1500 2294 1554 in
2345 1501 2667 1571 vespertinis
2713 1498 2949 1555 tenebris
2996 1498 3227 1569 colloqui
3268 1515 3282 1553 :
3341 1495 3434 1550 sed

1874 1597 2158 1659 postquam
2186 1590 2454 1646 hominem
2491 1591 2687 1648 viderit
2729 1601 2917 1660 sponte
2965 1606 3023 1645 se
3074 1589 3435 1659 voluptatibus

1879 1679 2210 1745 tradentem,
2269 1690 2395 1735 tunc
2431 1682 2477 1736 ei
2533 1682 2591 1735 fit
2636 1682 2847 1735 obviam
2900 1679 3203 1735 meretricia
3261 1677 3435 1731 forma

1876 1782 2170 1842 assumpta,
2202 1788 2320 1843 quae
2338 1772 2589 1840 iuvenum
2615 1775 2775 1829 corda
2803 1773 2927 1827 facit
2948 1772 3183 1827 exsilire.

1949 1948 1996 1981 ⁷⁸
2022 1947 2123 2015 Qui
2148 1949 2200 2003 in
2228 1947 2418 2019 plateis
2442 1956 2643 2002 temere
2668 1948 2997 2001 inambulant
3017 1988 3031 2009 ,
3054 1947 3119 2001 de
3147 1945 3430 2008 adulterio,

1878 2039 2225 2102 scortatione,
2260 2036 2509 2105 furtoque
2546 2035 2700 2090 facile
2728 2034 2982 2103 cogitant.
3010 2035 3107 2100 Qui
3132 2050 3257 2087 vero
3279 2042 3432 2087 extra

1879 2133 1992 2185 haec
2043 2132 2159 2186 loca
2204 2130 2483 2196 otiantur,
2536 2128 2841 2184 contrarias
2890 2139 3096 2183 naturae
3138 2127 3434 2197 voluptates

1878 2232 2174 2287 sectantur,
2227 2219 2589 2275 masculorum
2630 2218 2951 2275 concubitus
2995 2216 3331 2280 all'ectantes,
3382 2226 3436 2270 et

1876 2314 1977 2368 alia
2014 2314 2254 2383 quazdam
2301 2312 2466 2366 vetita
2508 2325 2671 2381 Opera
2703 2310 3040 2364 meditantes.
3082 2308 3225 2363 Cave
3257 2315 3431 2359 autem

1878 2424 1943 2463 ne
1977 2408 2090 2464 hace
2133 2406 2443 2462 criminatio
2497 2406 2550 2459 in
2615 2414 2836 2459 sanctos
2879 2416 3093 2472 quoque
3130 2401 3272 2455 viros
3300 2400 3438 2453 inci-

1870 2504 1966 2573 dat
1993 2518 2005 2551 :
2042 2517 2164 2556 nam
2195 2500 2296 2555 nisi
2334 2500 2455 2571 quis
2489 2498 2834 2553 solitudinem
2867 2500 3111 2558 adamet,
3137 2495 3230 2549 sed
3262 2493 3440 2562 potius

1879 2603 2080 2650 temere
2108 2603 2349 2663 vagetur,
2390 2593 2436 2647 is
2479 2591 2696 2662 quidem
2742 2591 3039 2644 inhonestae
3072 2588 3312 2642 mulieris
3355 2585 3437 2638 in-

1877 2688 2095 2742 famiam
2132 2684 2491 2755 participabit.

1945 2782 1990 2812 ⁷⁵
2019 2780 2387 2850 Cogitationes
2413 2777 2532 2831 alia:
2557 2790 2707 2845 pura:
2741 2784 2882 2839 sunt,
2915 2772 3031 2825 alim
3063 2772 3307 2840 impune.
3340 2766 3437 2821 Li-
3458 2820 3471 2843 Ι

1878 2889 1991 2931 nete
2019 2874 2218 2943 pariter
2248 2871 2367 2925 alia:
2392 2879 2551 2925 recta:
2579 2879 2723 2936 sunt,
2750 2868 2867 2921 alia:
2914 2865 3139 2920 inflexae.
3191 2863 3435 2932 Angulus

1878 2974 2055 3020 autem
2082 2973 2166 3019 est
2193 2960 2386 3017 inflexa
2412 2962 2570 3016 linea.
2618 2959 2785 3014 Porro
2815 2956 3245 3014 intellectualiter
3270 2970 3434 3021 angu-

1877 3057 1962 3123 lus
1984 3065 2069 3112 est
2093 3056 2299 3124 impura
2333 3053 2609 3123 cogitatio.
2651 3051 2817 3120 igitur
2846 3051 2899 3104 in
2937 3046 3187 3104 omnibus
3229 3044 3434 3114 angulis

1878 3148 2061 3203 venari
2086 3145 2421 3216 iniquitatem
2443 3188 2455 3210 ,
2485 3144 2706 3212 perinde
2731 3153 2813 3198 est
2839 3157 2900 3197 ac
2934 3142 3075 3197 omni
3100 3141 3431 3209 impnrarum

203 3216 292 3270 διὰ
320 3220 541 3272 πάντων
573 3219 681 3273 τῶν
712 3222 1032 3293 ἀκαθάρτων
1065 3223 1338 3296 λογισμῶν
1374 3227 1543 3297 αὐτὴν
1576 3227 1776 3292 ἐξαπα-

1888 3239 2268 3311 cogitationum
2298 3250 2497 3306 genere
2519 3234 2751 3289 animam
2787 3233 3059 3303 propriam
3093 3230 3361 3299 decipere.

206 3312 305 3381 τᾷν
342 3313 443 3385 τὴν
474 3313 673 3384 ψυχήν.

274 3404 374 3458 Διά
419 3404 527 3458 τῶν
559 3405 779 3477 κειριῶν
806 3408 899 3461 καὶ
930 3408 1023 3461 τοῦ
1059 3410 1253 3481 κρόκου
1310 3410 1532 3465 καὶτῶν
1552 3410 1772 3475 λοιπῶν,

207 3497 275 3549 τὰ
296 3496 550 3566 ἀπατηλά
577 3496 925 3570 θεωρήματα,
958 3501 991 3572 ἢ
1022 3500 1091 3553 τά
1118 3501 1347 3573 διάφορα
1382 3502 1528 3573 πάθη
1581 3504 1778 3575 σημαί-

209 3602 307 3639 νει.
336 3614 407 3625 -—
435 3587 578 3658 Ὅρα
616 3588 714 3659 τὴν
761 3591 986 3657 κακίαν,
1032 3593 1129 3645 οὐκ
1172 3591 1397 3663 ἔχουσαν
1448 3594 1541 3662 ἀφ’
1583 3595 1777 3665 ἑαυτῆς

210 3678 385 3749 ἀρχὴν
403 3718 418 3743 ,
454 3678 566 3733 ἀλλ’
589 3680 695 3733 ἀπὸ
736 3682 842 3736 τῶν
874 3683 972 3752 τῆς
1002 3683 1203 3753 ἀρετῆς
1244 3684 1741 3755 προοιμιαζομένων
1761 3703 1773 3715 ·

211 3770 270 3823 τὸ
316 3770 427 3842 γὰρ
468 3774 719 3826 κοινωνὸν
768 3774 954 3828 λαϐεῖν
1001 3775 1223 3839 θυσίας,
1277 3775 1502 3844 ἀγαθόν.
1558 3776 1683 3828 Ὅτε
1724 3777 1779 3830 δὲ

214 3865 393 3929 αὐτοῖς
421 3866 808 3933 κατεπάλαισε,
841 3869 960 3922 τότε
981 3868 1265 3940 ὲνίησιτὸν
1294 3868 1389 3933 ίὸν,
1425 3867 1492 3922 τὰ
1518 3871 1629 3932 τοῖς
1654 3869 1781 3940 ἐρῶ-

219 3974 298 4010 σιν
326 3958 638 4030 ὶπιθυμητά
676 3961 1079 4035 καταλέγουσα,
1111 3960 1146 4015 ἀ
1174 3961 1347 4014 πάντα
1398 3960 1559 4014 ἱκανὰ
1607 3979 1777 4015 κατα-

217 4049 530 4121 γοητεῦσαι,
556 4050 615 4102 οὒ
645 4051 771 4123 περὶ
798 4052 897 4122 τὴν
928 4050 1128 4104 οἰκείαν
1157 4048 1337 4120 φύσιν,
1366 4048 1503 4103 ἀλλὰ
1533 4052 1660 4122 περὶ
1682 4050 1778 4122 τὴν

219 4142 321 4194 τῶν
342 4143 649 4196 ἀκουόντων
688 4142 997 4214 ἀφροσύνην
1017 4161 1030 4174 ·
1071 4143 1211 4197 κατά
1259 4142 1315 4196 δὲ
1342 4142 1574 4197 διάνοιαν
1617 4144 1650 4215 ἡ
1683 4162 1779 4199 κα-

222 4233 310 4287 κία
332 4233 488 4304 ζητεῖ
515 4234 574 4287 τὸ
603 4235 889 4306 πρόσωπον
932 4234 1087 4305 ἡμῶν
1125 4233 1509 4305 καταισχῦναι,
1550 4234 1639 4289 διά
1671 4235 1777 4288 τῶν

223 4328 438 4399 κειριῶν
460 4327 557 4381 καὶ
579 4326 678 4398 τῆς
705 4326 909 4398 κλίνης,
941 4328 1159 4381 καὶτῶν
1186 4329 1533 4398 ἁμφιτάπων,
1565 4329 1657 4381 καὶ
1684 4328 1774 4381 τοῦ

227 4420 439 4491 κρόκου,
463 4420 557 4474 καὶ
582 4418 675 4473 τοῦ
700 4419 1069 4491 κινναμώμου’
1097 4421 1236 4492 άπερ
1259 4419 1401 4474 κακά
1428 4420 1521 4473 καὶ¹
1550 4420 1779 4492 διάφορα

227 4512 363 4582 πάθη
412 4512 665 4582 σημαίνει
715 4511 913 4583 ἡδονῶν
960 4512 1110 4583 παρά
1161 4514 1272 4576 τοῖς
1308 4513 1620 4584 ἐφευρεταῖς
1670 4514 1775 4566 τῶν

230 4604 403 4657 κακῶν
435 4605 712 4675 γινόμενα.
1335 4658 1340 4664 ,

290 4700 359 4757 Τὸ
372 4698 449 4752 δι’
466 4696 702 4766 ἡμερῶν
718 4693 1253 4765 πολλῶνέπίινήξει
1265 4701 1350 4761 εἰς
1367 4690 1469 4750 τὸν
1486 4693 1655 4750 οἷκον
1673 4698 1749 4751 αὐ
1762 4727 1777 4735 -

235 4790 326 4844 τοῦ
339 4791 480 4844 πάνυ
500 4788 877 4860 πνευματικῶς
898 4788 1206 4850 ὲνατενίσας
1220 4790 1285 4858 τῇ
1306 4788 1579 4859 οἰκονομία
1592 4786 1782 4840 ὁΠαῦ-

235 4882 331 4949 λος,
352 4882 579 4952 ἔσχατον
604 4880 792 4952 ἐχθρὸν
824 4879 970 4947 λέγει
995 4878 1382 4952 καταργεῖσθαι
1414 4879 1501 4932 τὸν
1525 4878 1748 4931 θάνατον
1769 4893 1782 4905 ’

236 4975 286 5028 ὃν
321 4975 411 5029 καὶ
443 4973 613 5045 ἄνδρα
646 4969 784 5026 εἶναι
831 4973 926 5043 τῆς
974 4972 1235 5042 πονηρίας
1281 4969 1526 5039 Σολομῶν
1574 4969 1788 5039 προδιέ-

210 5068 431 5138 .γραψε·
464 5065 557 5119 τὸν
611 5065 686 5129 ὡς
735 5064 1013 5135 βαλαντίον
1054 5062 1316 5134 ἀργυρίου
1353 5061 1582 5114 λαϐόντα
1629 5063 1685 5114 ὲν
1720 5063 1789 5131 τῇ

244 5161 368 5232 χειρὶ
414 5158 575 5213 αὑτοῦ
617 5159 716 5228 τὴν
743 5157 1163 5228 ανθρωπότητα,
1206 5156 1255 5208 εί
1310 5155 1403 5208 καὶ
1430 5149 1582 5216 αὖθις
1625 5155 1681 5206 ὲν
1713 5152 1789 5224 τῷ

246 5256 558 5326 ἁμαρτάνειν
585 5254 646 5306 ού
677 5251 905 5323 πάρεστι
927 5248 1252 5321 προϐλέπειν
1280 5246 1371 5299 τὸν
1397 5243 1490 5298 τοῦ
1522 5243 1655 5297 Θεοῦ
1692 5245 1785 5313 φόο

247 5349 355 5402 θον
388 5349 521 5402 διότι
554 5347 776 5418 κήδεται
816 5343 1134 5415 ἀνεχόμενος
1172 5341 1264 5394 τοῦ
1298 5340 1488 5408 γένους
1538 5337 1659 5391 τῶν
1694 5338 1786 5389 ἀνα

247 5441 458 5513 θρώπων
481 5459 496 5473 ·
537 5440 661 5494 ἐπεὶ
684 5440 733 5491 εἰ
760 5438 835 5509 μὴ
862 5437 949 5490 τὸν
976 5434 1067 5490 τοῦ
1098 5434 1229 5488 Θεοῦ
1256 5432 1418 5503 φόϐον
1463 5429 1783 5500 προέϐλεπε,

252 5535 452 5607 ῥυζηδὸν
486 5534 695 5595 πάντας
721 5531 786 5584 ἂν
812 5528 1075 5583 ἀπώλετο.

301 5630 411 5685 Τῶν
438 5624 719 5702 ἐῤῥωδιῶν
744 5624 866 5696 τρία
891 5622 1021 5693 γένη
1041 5621 1195 5679 εἰσὶν,
1233 5620 1259 5673 ὅ
1285 5635 1341 5671 τε
1375 5616 1610 5687 κέμφος,
1646 5614 1733 5666 καὶ
1762 5616 1788 5666 ὁ

298 5814 338 5847 ’³
370 5830 419 5868 v.
458 5814 515 5867 6.
600 5807 645 5837 7"
684 5821 731 5858 γ.
762 5803 841 5859 i2.
920 5805 963 5835 ”
992 5820 1038 5856 v.
1083 5801 1159 5856 12.

1950 3419 1996 3449 ⁷⁸
2025 3416 2231 3472 institis
2276 3424 2435 3484 atque
2461 3427 2620 3468 croco
2654 3420 2708 3465 et
2736 3410 2856 3464 aliis
2886 3407 3191 3477 hujusmodi
3223 3405 3436 3459 fallaces

1884 3509 2298 3579 imaginationcs
2340 3506 2629 3573 variasque
2675 3501 3107 3571 perturbationes
3149 3496 3437 3564 significat.

1883 3629 1952 3640 --
1983 3599 2175 3668 Specta
2225 3596 2518 3666 nequitiam
2567 3592 2707 3647 haud
2735 3607 2798 3646 ex
2848 3605 2905 3644 se
2949 3592 3061 3656 ipsa
3109 3586 3318 3640 initium
3346 3600 3438 3638 su-

1886 3697 2140 3754 mentem,
2163 3688 2255 3742 sed
2282 3702 2311 3740 a
2334 3686 2552 3739 virtutis
2580 3680 2906 3763 primordiis.
2932 3678 3064 3731 Nam
3094 3674 3329 3730 sodalem
3353 3688 3439 3727 sa-

1885 3783 2074 3840 crificii
2102 3794 2400 3845 assumere,
2433 3779 2570 3833 bona
2622 3790 2710 3830 res
2738 3785 2841 3829 est.
2882 3774 2985 3828 Sed
3028 3787 3148 3827 cum
3185 3780 3233 3824 te
3276 3783 3469 3838 expu-r

1886 3873 2154 3946 gnaverit,
2180 3880 2305 3925 tunc
2328 3884 2591 3925 venenum
2619 3867 2710 3922 tibi
2742 3866 2933 3922 mulier
2960 3862 3263 3932 inspirabit,
3290 3876 3440 3914 ama-

1890 3964 2023 4020 toria
2062 3964 2310 4032 loquens,
2342 3976 2463 4031 qua:
2492 3960 2671 4016 omnia
2713 3959 3026 4028 decipiendo
3059 3956 3247 4011 idonea
3279 3963 3435 4016 sunt;

1887 4057 2028 4127 baud
2076 4056 2319 4125 equidem
2353 4069 2421 4110 ex
2468 4052 2683 4123 propria
2711 4060 2920 4116 natura,
2966 4048 3059 4104 sed
3104 4048 3173 4102 ob
3218 4048 3438 4103 audien-

1888 4150 2019 4204 tium
2068 4147 2367 4202 stultitiam.
2397 4144 2831 4204 intellectualiter
2867 4158 3017 4205 vero,
3052 4140 3288 4210 nequitia
3323 4151 3432 4195 sat-

1886 4242 1997 4313 agit
2030 4240 2219 4294 faciem
2251 4248 2487 4296 nostram
2538 4238 2760 4308 implere
2790 4234 3103 4305 ignominia,
3134 4233 3352 4298 institis,
3386 4241 3440 4287 et

1884 4332 2070 4399 cubili,
2111 4342 2164 4387 et
2208 4332 2496 4401 tapetibus,
2531 4340 2585 4385 et
2620 4342 2783 4384 croco
2810 4342 2874 4381 ac
2903 4328 3241 4382 cinnamomo
3270 4340 3285 4378 :
3322 4339 3439 4394 qum

1884 4424 2055 4480 malas
2092 4408 2371 4491 variasque
2397 4420 2725 4490 voluptatum
2748 4418 3031 4488 passiones
3060 4416 3382 4486 significant,
3410 4430 3439 4467 a

1885 4518 2135 4573 vitiorum
2163 4513 2530 4568 inventoribus
2556 4510 2882 4579 excogitata.

1952 4609 1995 4640 7"
2036 4605 2206 4659 Verba
2261 4606 2374 4658 haec
2406 4618 2421 4654 :
2455 4608 2569 4668 post
2615 4600 2725 4654 dies
2770 4600 2960 4653 multos
3023 4610 3307 4655 revertetur
3369 4601 3438 4652 ad

1886 4700 2100 4753 domum
2122 4712 2295 4759 suam,
2324 4691 2638 4761 spiritaliter
2667 4693 2885 4745 omnino
2915 4701 2967 4744 et
2991 4694 3054 4745 ad
3080 4690 3439 4745 teconomiam

1886 4790 2057 4844 relata
2087 4796 2338 4856 spectans
2374 4783 2595 4847 Paulus,
2627 4792 2954 4852 postremum
2980 4783 3190 4837 hostem
3219 4783 3293 4835 ait
3317 4795 3443 4833 εντα

1888 4889 2127 4944 enatum,
2160 4878 2211 4932 id
2246 4886 2329 4932 est
2356 4885 2607 4941 mortem,
2632 4889 2791 4943 quam
2818 4890 2912 4928 ceu
2946 4874 3218 4928 hominem
3248 4871 3446 4939 iniqui-

1892 4969 2019 5025 tatis
2054 4968 2307 5023 Salomon
2342 4964 2598 5021 describit
2643 4979 2660 5018 :
2701 4966 2789 5032 qui
2840 4944 3149 5018 crumenam
3183 4960 3330 5015 velut
3358 4976 3445 5015 ar-

1887 5072 2047 5134 gento
2076 5060 2286 5132 plenam
2336 5060 2387 5113 in
2417 5058 2665 5113 manibus
2714 5064 2876 5120 tenet,
2928 5055 2977 5108 id
3030 5063 3111 5109 est
3140 5054 3445 5109 immanita-

1889 5165 2028 5219 tem;
2062 5154 2105 5209 si
2139 5153 2273 5208 forte
2301 5153 2473 5207 denuo
2502 5151 2627 5205 dum
2670 5156 2880 5219 peccat,
2909 5146 3150 5201 divinum
3196 5147 3440 5202 timorem

1886 5248 2136 5303 omittere
2173 5253 2358 5315 queat.
2411 5243 2697 5313 Propterea
2730 5241 2945 5311 angitur
2986 5241 3113 5294 dum
3139 5254 3307 5310 genus
3336 5242 3438 5294 bu-

1893 5354 2109 5394 manum
2161 5338 2390 5392 tolerare
2434 5335 2664 5405 cogitur.
2711 5333 2843 5387 Nam
2891 5332 2993 5387 nisi
3047 5331 3286 5386 diabolus
3346 5330 3440 5386 Det

1895 5431 2139 5484 timorem
2169 5444 2278 5499 prae
2308 5427 2481 5483 oculis
2536 5426 2777 5489 haberet,
2824 5432 3046 5479 cunctos
3086 5437 3285 5493 magno
3340 5424 3441 5475 im-

1894 5530 2019 5589 petu
2050 5520 2331 5588 pessumda
2342 5528 2441 5573 ret.

1965 5612 2010 5643 ⁷⁸
2049 5612 2401 5669 llerodiorum
2450 5611 2550 5667 tria
2588 5624 2786 5682 genera
2830 5618 2970 5681 sunt,
3023 5608 3111 5666 ille
3156 5607 3245 5678 qui
3296 5620 3443 5662 cem-

1238 5800 1476 5857 wms.
1543 5782 1673 5851 ἠν.
1713 5796 1797 5850 20.
1876 5797 1993 5851 “‘v.
2035 5795 2123 5851 ει.
