3942 6318
520 303 613 359 εδδ

1343 309 1899 369 SUPPLEMENTUM
1932 311 2023 366 AD
2057 312 2373 370 ORIGENIS
2403 307 2821 371 EXEGETICA.

3616 316 3714 373 18$

511 426 666 491 phus,
699 434 754 480 et
780 427 869 497 qui
905 428 1077 495 albus,
1107 439 1161 484 et
1188 432 1279 500 qui
1308 433 1595 486 asteriscus
1624 432 2041 503 appellaturJlos

2158 438 2345 502 λευκὸς
2368 480 2381 502 ,
2407 439 2500 492 καὶ
2525 438 2554 490 ὀ
2578 437 2899 511 ἀστερίσκος
2920 437 3248 510 καλούμενος
3268 456 3280 470 ·
3309 437 3513 495 τούτων
3537 438 3569 494 ὀ
3598 439 3724 510 κρεμ-

511 516 651 570 inter
710 521 968 588 cempltus
1018 521 1403 590 intemperante
1446 523 1513 577 ad
1557 524 1758 577 coitum
1818 524 2057 590 libidine,

509 605 627 662 dire
654 609 962 665 concumbit
1006 620 1060 665 οι
1096 611 1280 666 veneri
1308 611 1565 682 indulget,
1598 615 1905 682 clamatque
1931 617 2057 671 dum

508 697 836 770 libidinatur,
877 702 1189 768 sanguinem
1222 703 1396 758 oculis
1424 706 1699 771 emittens,
1727 716 2056 777 generatque

505 810 803 852 aerumnose
825 805 879 851 et
899 811 1002 851 non
1031 798 1147 852 sine
1169 798 1430 854 cruciatu.
1457 796 1578 854 Jam
1603 815 1731 855 vero
1750 800 1965 856 videtur
1989 818 2054 858 ex

507 886 662 957 hujus
689 890 932 944 animalis
966 889 1188 946 historia
1223 890 1494 947 delineare
1523 892 1657 948 istos
1688 896 1897 964 cempbi
1935 896 2057 951 imi-

506 986 707 1034 tatores
734 993 797 1033 ac
842 978 1047 1035 similes
1089 984 1309 1050 propter
1345 983 1835 1052 intemperantiam.
1886 985 1978 1039 Est
2000 996 2056 1041 et

502 1068 646 1121 aliud
677 1069 729 1123 in
751 1070 882 1123 mari
918 1072 1269 1140 cemphornm
1297 1087 1484 1142 genus,
1515 1076 1777 1145 gregatim
1808 1077 1908 1132 hac
1935 1077 2056 1133 illac

500 1160 760 1226 volitans;
796 1176 934 1232 quos
961 1171 1136 1218 nautm
1178 1164 1343 1220 multa
1386 1180 1506 1222 esca
1541 1166 1651 1222 funi
1687 1169 1933 1238 imposita
1963 1183 2056 1224 ve-

500 1259 714 1307 nantur.
753 1252 816 1307 Hi
850 1255 995 1308 enim
1024 1270 1126 1309 non
1164 1257 1323 1311 modo
1348 1273 1452 1313 non
1488 1258 1697 1329 fugiunt
1724 1261 1768 1316 si
1800 1276 1937 1329 quos
1966 1276 2053 1315 ca-

498 1352 616 1403 ptos
641 1344 844 1415 vident,
892 1348 985 1401 sed
1020 1346 1156 1402 alius
1189 1347 1350 1403 alium
1385 1354 1687 1420 praecedere
1739 1351 1960 1408 festinat
1986 1353 2051 1406 ad

496 1446 795 1506 capturam.
819 1437 911 1493 Sic
942 1440 1189 1495 videntur
1214 1444 1303 1512 qni
1333 1443 1383 1496 in
1413 1444 1543 1499 vitio
1567 1444 1891 1511 volutantur,
1912 1445 2053 1500 alius

498 1525 658 1580 alium
722 1542 976 1598 superare
1028 1530 1392 1600 voluptatibus
1458 1536 1779 1606 gestientes,
1845 1533 2049 1591 exitiali

499 1626 670 1673 morte
699 1628 867 1676 semet
898 1621 1192 1692 implicare.

2165 545 2261 596 φος
2292 526 2545 600 ἀκρατῶς
2575 527 2713 599 ἔχων
2742 528 2867 600 περὶ
2896 527 2992 592 τὰς
3018 520 3211 600 μίξεις,
3238 531 3486 601 χαλεπῶς
3512 531 3724 596 εὐνάζε-

2162 636 2247 672 ται
2280 619 2372 673 καὶ
2400 618 2598 689 ὀχεύει,
2633 619 2820 693 κράζει
2844 637 2926 685 τε,
2956 622 3050 675 καὶ
3084 622 3285 692 ὀχεύων
3312 617 3451 695 αἷμα
3501 625 3723 696 ἀφίησιν

2161 711 2225 764 ὲκ
2252 710 2359 765 τῶν
2389 710 2698 782 ὀφθαλμῶν,
2733 712 2825 765 καὶ
2857 713 3027 766 τίκτει
3051 713 3267 783 φαύλως
3289 717 3383 770 καὶ
3413 717 3720 788 ὀδυνηρῶς’

2160 792 2300 855 ἔὸικε
2328 800 2385 854 δὲ
2412 802 2444 872 ἡ
2477 801 2661 874 γραφὴ
2687 803 2795 855 ἀπὸ
2824 802 2925 874 τῆς
2956 802 3191 875 ἱστορίας
3216 805 3308 859 τοῦ
3336 804 3475 871 ζῶον
3508 807 3723 873 τούτου,

2159 890 2283 952 τοὺς
2314 888 2661 960 πειθομένους
2685 892 2751 963 τῇ
2779 891 3011 963 πονηρίᾳ.
3044 894 3433 966 κεμφωμένους
3493 898 3591 950 καὶ
3638 898 3729 965 ἒξ-

2159 980 2541 1053 ωμοιωμένους
2561 979 2667 1034 τῶν
2711 981 2912 1053 ὀρνέων
2943 982 3012 1035 δι’
3039 983 3331 1040 ἀκολασίαν
3352 1001 3371 1019 ο
3399 985 3514 1040 ἐστι
3537 986 3597 1042 δὲ
3629 988 3729 1042 καὶ

2160 1068 2285 1123 ἄλλο
2304 1066 2441 1135 εἶδος
2470 1070 2680 1141 κέμφου
2724 1072 2782 1124 ὲν
2817 1075 2881 1144 τῇ
2921 1070 3160 1147 θαλάσσῃ
3191 1075 3310 1128 κατ’
3326 1076 3526 1145 ἀγέλας
3560 1080 3728 1135 ίπτά-

2165 1177 2321 1233 μενον
2363 1155 2467 1216 ὧδε
2505 1162 2727 1217 κάκεῖσε
2745 1179 2760 1195 ’
2795 1162 2825 1216 ὀ
2864 1163 2914 1216 οἱ
2961 1163 3241 1238 πλωτῆρες
3281 1167 3729 1244 πολυάγκυστρον

2156 1250 2498 1316 δελεάσαντες
2548 1254 2752 1322 σχοῖνον
2776 1294 2791 1318 ,
2847 1253 3135 1325 ἀγρεύουσι
3156 1273 3172 1286 ·
3202 1255 3319 1310 καὶ·
3354 1258 3413 1310 ού
3468 1258 3628 1330 μόνον
3659 1264 3730 1315 οὐ

2158 1342 2345 1414 φεύγει
2372 1343 2579 1414 βλέπων
2601 1344 2668 1398 τὰ
2697 1343 3026 1415 θηρευθέντα
3047 1386 3061 1411 ,
3111 1346 3245 1401 ἀλλά
3274 1349 3368 1402 καὶ
3390 1349 3546 1415 ἄλλος
3578 1352 3732 1425 ἄλλῳ

2159 1435 2443 1508 προτρέχει
2480 1435 2840 1507 ἀγρενθῆναι’
2889 1436 3063 1502 οὕτως
3096 1437 3336 1495 ἐοίκασιν
3374 1445 3422 1496 οἱ
3449 1447 3514 1517 τῇ
3553 1448 3731 1519 κακίςι

2157 1526 2635 1599 προσομιλοῦντες,
2677 1527 2834 1592 ἄλλος
2881 1526 3038 1582 ἀλλον
3081 1531 3240 1602 νικᾷν
3280 1532 3599 1600 σπεύδοντες
3635 1537 3730 1591 διὰ

2154 1619 2260 1674 τῶν
2285 1619 2504 1691 ἡδονῶν,
2522 1618 2794 1692 ὲπολέθρῳ
2816 1610 3032 1694 θανάτῳ
3046 1621 3270 1688 ἑαυτοὺς
3286 1625 3726 1698 περιπείρουσιν.

2019 1720 2124 1775 AP.
2160 1716 2294 1774 Vlll.

1972 1722 2041 1779 CA

566 1803 611 1835 ⁷⁸
638 1803 875 1860 tior'boc
903 1805 1020 1862 loco
1054 1808 1181 1863 dicit
1214 1824 1312 1878 pro
1339 1812 1556 1877 virtute,
1586 1828 1704 1882 quae
1737 1814 1886 1870 cordi
1910 1813 2041 1869 acci«

2160 1722 2467 1879 γιίέὀιρδίαν
2505 1806 2736 1861 ἐνταῦθα
2758 1807 2855 1880 τὴν
2876 1808 3078 1880 ἀρετὴν
3109 1809 3316 1884 εἴρηκε,
3354 1814 3451 1888 τὴν
3479 1815 3730 1887 ἐπισυμ-

499 1893 598 1948 dit.
640 1892 733 1951 Vel
759 1911 852 1951 cor
897 1898 1030 1953 dicit
1064 1900 1190 1956 illud
1222 1912 1461 1959 creatum
1506 1921 1534 1959 a
1566 1905 1675 1962 Deo
1705 1917 1760 1961 et
1790 1907 2050 1977 spiritale.

563 2071 609 2103 “
671 2071 1003 2143 Sapientiam
1073 2077 1158 2132 hic
1214 2096 1310 2149 pro
1374 2083 1604 2151 quodam
1656 2085 1950 2158 disciplina:
2000 2099 2050 2143 et

496 2163 733 2218 scientiae
754 2182 951 2235 genere
978 2170 1193 2240 accipit.
1233 2171 1366 2228 Nam
1396 2173 1675 2243 disciplina
1721 2179 2053 2248 scientiaque

495 2255 803 2327 nominatis,
836 2260 985 2316 addit
1015 2281 1028 2317 :
1059 2260 1253 2317 Melior
1283 2274 1359 2321 est
1387 2267 1530 2321 enim
1568 2271 1830 2339 sapientia
1857 2271 2053 2341 lapidi-

496 2350 586 2403 ἕως
625 2352 869 2420 pretiosis
920 2372 940 2409 :
970 2357 1121 2424 quasi
1167 2357 1453 2426 disciplina
1500 2368 1554 2415 et
1586 2362 1814 2416 sc'ieutia
1864 2363 2045 2419 conti-

493 2452 682 2509 neatur
712 2445 765 2498 in
790 2447 1072 2515 sapientia,
1100 2462 1220 2517 qua:
1250 2464 1279 2503 a
1313 2448 1514 2520 Spiritu
1541 2452 1715 2518 datur,
1749 2454 1799 2508 id
1825 2444 1907 2509 est
1929 2470 2051 2510 ver-

491 2533 615 2587 bum
647 2536 947 2604 sapientite.
981 2538 1037 2594 ld
1074 2539 1246 2609 ipsum
1302 2556 1433 2596 vero
1467 2543 1667 2599 dicitur
1695 2545 1856 2601 etiam
1890 2547 2049 2618 spiri-

492 2638 576 2681 tus
604 2628 927 2698 adoptionis.

557 2717 601 2750 ⁸⁸
635 2720 1007 2775 Adnotandum
1053 2731 1157 2786 est,
1199 2723 1537 2791 iniquitatem
1594 2736 1648 2782 et
1699 2727 1952 2797 iniuriam
1989 2738 2045 2786 et

488 2807 818 2875 superbiam,
864 2810 969 2865 dici
1006 2810 1095 2867 hic
1124 2826 1220 2881 pro
1253 2814 1468 2870 homine
1510 2816 1730 2886 iujusto,
1768 2830 2045 2876 contume-

490 2899 641 2962 lioso,
676 2910 730 2955 et
761 2901 1014 2971 superbo,
1050 2918 1207 2974 quem
1240 2921 1306 2961 ex
1341 2905 1442 2964 hoc
1476 2909 1709 2978 pessimo
1743 2910 1906 2967 animi
1944 2914 2041 2968 ha-

488 2989 597 3044 bittt
630 2990 895 3060 indigitat.

555 3080 601 3113 ⁸³
628 3081 680 3136 Id
714 3092 857 3144 est,a
883 3100 965 3138 me
995 3094 1199 3140 rectum
1238 3087 1522 3143 consilium
1548 3098 1599 3145 et
1645 3098 1813 3144 tntum
1853 3105 2039 3160 proce-

485 3171 561 3227 ttn
589 3189 602 3225 ε
633 3173 722 3229 ubi
751 3175 889 3228 enim
921 3176 1070 3241 illud,
1107 3178 1177 3234 ibi
1209 3180 1307 3234 hoc
1330 3195 1545 3250 quoque
1574 3192 1677 3237 est.
1713 3157 1895 3238 Vitlett'
1914 3185 2032 3240 ubi-
2062 3157 2106 3214 ο

484 3280 592 3332 que
626 3267 922 3335 anteposita
954 3278 1007 3323 et
1038 3273 1345 3339 praestantia
1386 3273 1701 3344 incorporea
1743 3276 2038 3345 corporali-

484 3359 619 3414 bus?
662 3360 861 3416 Deinde
904 3372 1189 3433 postquam
1238 3366 1395 3435 dixit,
1444 3381 1663 3437 regnum
1714 3369 1887 3438 ipsum
1920 3385 1947 3423 a
1978 3385 2039 3425 se

482 3452 737 3518 conferri,
784 3453 928 3509 addit
975 3439 1117 3525 quod
1149 3457 1318 3512 multo
1368 3456 1541 3525 majus
1594 3470 1676 3513 est
1710 3475 1725 3512 :
1763 3475 1885 3513 nam
1936 3460 2037 3517 hoc

482 3559 670 3613 reapse
721 3559 948 3615 regnare
986 3557 1092 3611 est,
1142 3549 1186 3603 si
1219 3550 1340 3620 quis
1386 3550 1660 3605 dominatu
1700 3552 1847 3623 jnste
1897 3552 2039 3608 sciat

481 3636 576 3690 uti.
603 3634 854 3691 Nonnulli
879 3637 1201 3708 interpretes
1232 3656 1416 3710 regum
1445 3643 1663 3698 nomine
1706 3643 1793 3699 hic
1838 3644 2035 3700 intelli-

479 3735 607 3796 gunt
629 3737 845 3784 sanctos
868 3739 921 3784 et
948 3745 1227 3799 proceres;
1267 3744 1525 3803 tyrannos
1553 3744 1732 3790 autem
1770 3736 1909 3802 illos,
1941 3738 2031 3806 qui

443 3817 654 3873 -adbuc
688 3833 809 3873 cum
854 3833 1023 3876 carne
1066 3823 1376 3890 decertant,
1432 3834 1488 3880 et
1541 3827 1864 3896 cupiditates
1906 3843 2032 3884 suas

477 3908 708 3963 violenta
738 3910 786 3963 vi
818 3922 1081 3980 premunt.

550 4000 597 4033 ⁸³
648 4001 902 4072 Majorem
947 4003 1236 4060 dilectione
1293 4006 1381 4062 hic
1428 4023 1663 4064 amorem
1718 4011 2029 4079 introducit,

479 4094 693 4162 quando
728 4096 913 4150 eodem
944 4096 1131 4151 ordine
1162 4113 1265 4152 non
1292 4100 1527 4168 ponitur.
1558 4101 1695 4156 Ecce
1723 4104 1868 4158 enim
1897 4104 2032 4159 Ser-

476 4194 661 4239 vatore
687 4186 896 4241 dicente
940 4185 1118 4251 Petro,
1146 4188 1313 4243 Amas
1356 4204 1440 4243 me
1468 4188 1550 4243 °‘?
1595 4191 1682 4245 hic
1707 4194 2031 4262 alloquentis

476 4278 613 4331 bene
643 4292 867 4347 gnarus,
901 4280 1042 4347 quod
1067 4281 1244 4336 minus
1276 4293 1391 4337 erat
1428 4285 1529 4341 sibi
1576 4287 1763 4342 tribuit
1798 4290 2023 4345 dicens:

473 4365 641 4437 D.ligo
667 4377 740 4423 te.
775 4367 958 4425 Tertio
978 4379 1151 4424 autem
1183 4373 1406 4430 audiens
1439 4395 1452 4432 :
1487 4377 1669 4434 Simon
1714 4379 1881 4448 Jonm,
1907 4383 2026 4438 dili-

2157 1901 2441 1956 6αίνουσαν
2473 1904 2535 1975 τῇ
2570 1903 2764 1976 καρδίᾳ
2796 1906 2827 1977 ἢ
2856 1907 2954 1978 τὴν
2977 1906 3082 1961 ὑπὸ
3100 1906 3234 1961 Θεοῦ
3262 1906 3588 1980 κτιζομένην
3621 1908 3731 1981 τὴν

2164 1993 2547 2063 πνευματικήν.

2224 2083 2332 2154 Τὴν
2376 2084 2562 2153 σοφίαν
2590 2083 2821 2141 ἐνταῦθα
2848 2090 2927 2152 ὡς
2954 2089 3109 2159 γένος
3139 2089 3298 2146 ἔλαϐε
3338 2090 3436 2161 τῆς
3469 2089 3727 2157 παιδείας

2154 2176 2246 2228 καὶ
2285 2175 2383 2243 τῆς
2416 2175 2667 2245 γνώσεως
2689 2195 2702 2208 ·
2747 2179 2991 2234 παιδείαν
3018 2181 3126 2253 γὰρ
3165 2181 3257 2236 καὶ
3284 2182 3484 2250 γνῶσιν
3510 2182 3715 2255 προτά-

2153 2266 2297 2334 ξας,ὲ
2305 2268 2484 2336 πάγει·
2500 2269 2808 2338 Κρείσσων
2825 2272 2933 2342 γὰρ
2944 2274 3129 2342 σοφία
3145 2275 3329 2328 λίθων
3339 2273 3719 2340 πολυτελῶν,

2148 2357 2224 2421 ὡς
2260 2359 2357 2430 τῆς
2389 2359 2632 2425 παιδείας
2666 2362 2759 2415 καὶ
2800 2362 2897 2433 τῆς
2922 2362 3175 2432 γνώσεως
3214 2366 3615 2437 περισχομένης
3659 2368 3723 2422 ὲν

2148 2452 2214 2522 τῇ
2245 2452 2403 2525 σοφίᾳ
2423 2453 2522 2523 (l),
2559 2454 2703 2527 ἥπερ
2727 2454 2816 2508 διὰ
2841 2454 2930 2509 τοῦ
2966 2455 3279 2529 Πνεύματος
3307 2458 3503 2514 δίδοται
3522 2499 3537 2524 ,
3558 2459 3722 2530 λόγος

2149 2542 2339 2611 σοφίας
2363 2561 2377 2575 ·
2408 2545 2470 2598 τὸ
2505 2544 2549 2598 δ’
2596 2546 2731 2600 αὐτὸ
2770 2547 2926 2601 τοῦτο
2956 2546 3171 2617 λέγεται
3216 2549 3310 2603 καὶ
3342 2550 3556 2622 πνεῦμα
3597 2554 3722 2607 uio—

2148 2632 2353 2700 θεσίας.
2653 2641 2657 2646 ’

2213 2728 2553 2799 Σημειωτέον
2590 2732 2673 2784 ὅτι
2710 2730 2920 2786 ἀδικίαν
2948 2732 3043 2787 καὶ
3081 2731 3238 2804 ὓϐριν
3275 2732 3369 2788 καὶ
3414 2734 3714 2807 ὑπερηφα-

2146 2820 2281 2884 νίαν,
2308 2821 2399 2874 τὸν
2418 2821 2598 2876 ἄδικον
2626 2821 2884 2896 ὑϐριστὴν
2906 2824 2999 2878 καί
3028 2825 3374 2897 ὑπερήφανον
3394 2826 3560 2898 λέγει,
3597 2828 3716 2884 ἀπὺ

2142 2911 2242 2983 τῆς
2272 2912 2551 2986 χειρίστης
2572 2914 2738 2984 ἕξεως
2755 2915 3034 2988 ὀνομάζων
3055 2918 3235 2973 αὐτόν.

2212 3113 2468 3168 Τουτέστι
2494 3117 2621 3186 παρ’
2642 3117 2774 3188 ἐμοῦ
2802 3118 2861 3173 τὸ
2883 3117 3134 3173 εὔϐουλον
3160 3121 3252 3174 καὶ
3274 3119 3512 3191 ἀσφαλές
3530 3136 3544 3151 ⁸
3568 3123 3710 3177 ὅπου

2138 3205 2244 3278 γὰρ
2272 3206 2449 3273 τοῦτο,
2485 3209 2729 3264 κάκεῖνο’
2765 3211 2896 3284 ὁρᾷς
2923 3213 3195 3284 πανταχοῦ
3238 3213 3607 3285 προτιθέμενα
3635 3219 3711 3269 τὰ

2136 3297 2398 3369 ἀσώματα
2424 3301 2531 3354 τῶν
2546 3303 2872 3373 σωματικῶν
2894 3304 2985 3358 καὶ
3008 3305 3343 3376 κρατοῦντα;
3372 3301 3508 3360 Εἶτα
3530 3305 3707 3361 εἰπὼν

2137 3391 2229 3444 καὶ
2255 3392 2384 3445 αὐτὸ
2411 3393 2471 3446 τὸ
2493 3393 2791 3464 βασιλεύειν
2812 3396 2878 3449 δι’
2898 3396 3066 3468 αὐτῆς
3112 3397 3391 3469 γινόμενον
3410 3439 3424 3463 ,
3456 3399 3706 3470 ἐπήγαγε

2138 3484 2229 3537 καὶ
2253 3484 2282 3537 ὃ
2324 3484 2502 3557 πολλῷ
2549 3486 2731 3557 μεῖζόν
2758 3489 2875 3542 ἐστι.
2897 3506 2910 3519 ·
2941 3489 3098 3543 τοῦτο
3130 3489 3240 3561 γὰρ
3273 3489 3575 3560 βασιλεύειν
3600 3532 3615 3556 ,
3638 3489 3708 3543 τὸ

2134 3575 2387 3631 δύνασθαι
2421 3579 2643 3643 δικαίως
2675 3580 2971 3653 κεχρῆσθαι
2996 3583 3062 3653 τῇ
3093 3583 3256 3653 αρχῇ,
3287 3581 3489 3652 βέλτιον
3519 3598 3533 3612 ⁸
3566 3580 3706 3636 ἔνιοι

2133 3667 2209 3733 δὲ,
2242 3669 2480 3740 βασιλεῖς
2514 3673 2615 3743 μὲν
2653 3674 2778 3738 τοὺς
2825 3674 3013 3743 ἁγίους
3043 3675 3137 3729 καὶ
3191 3676 3549 3746 μεγιστᾶναςο
3606 3692 3706 3728 τυ-

2136 3762 2358 3834 ράννους
2375 3765 2455 3829 δὲ,
2479 3766 2605 3828 τοὺς
2632 3765 2713 3818 ἔτι
2743 3765 3110 3838 πολεμοῦντας
3130 3767 3228 3839 τὴν
3249 3768 3446 3841 σάρκα,
3473 3768 3569 3822 καὶ
3590 3768 3705 3823 τῶν

2133 3849 2320 3906 παθῶν
2347 3850 2762 3923 τυραννοῦντας.

2203 4030 2389 4095 Μείζω
2421 4032 2602 4102 φιλίας
2628 4036 2837 4103 εἰσάγει
2857 4035 2956 4107 τὴν
2982 4036 3200 4108 ἀγάπην
3223 4038 3455 4092 ἐνταῦθα
3476 4081 3490 4102 ,
3528 4040 3701 4109 ἡνίκα

2132 4118 2206 4190 μὴ
2240 4120 2378 4174 κατά
2412 4120 2505 4175 τοῦ
2540 4122 2703 4177 αὐτοῦ
2745 4124 3032 4181 τάττεται·
3079 4127 3267 4199 ἀμέλει
3312 4129 3405 4183 τοῦ
3439 4130 3698 4201 Σωτῆρος

2127 4209 2203 4281 τῷ
2228 4211 2416 4283 Πέτρῳ
2430 4213 2695 4281 λέγοντος,
2737 4216 2977 4289 Ἀγαπᾷς
3003 4237 3068 4289 με
3087 4237 3101 4283 ;
3121 4220 3206 4274 τὸν
3238 4221 3695 4293 προσδιαλεγόμε-

2127 4319 2214 4355 νον
2236 4301 2408 4366 είδὼς,
2431 4304 2490 4357 τὸ
2514 4299 2672 4375 ἦττον
2693 4304 2903 4361 δίδωσιν
2926 4309 3122 4382 ἐαυτῷ,
3158 4312 3239 4377 τὸ,
3272 4314 3398 4367 Ὅτι
3429 4312 3567 4385 φιλῶ
3594 4331 3657 4368 σε
3676 4333 3690 4346 θ

2127 4393 2186 4447 τὸ
2220 4393 2276 4447 δὲ
2307 4393 2485 4464 τρίτον
2521 4396 2780 4462 ἀκούσας,
2805 4400 2985 4472 Σίμων
3032 4402 3205 4468 Ἰωνᾶ,
3235 4404 3408 4474 φιλεῖς
3438 4423 3541 4476 με;
3568 4405 3696 4460 ἐλυ-

471 4456 555 4523 gis
582 4458 709 4513 me?
735 4475 879 4528 aegro
912 4462 1091 4516 animo
1121 4463 1243 4529 l'uit,
1283 4467 1410 4535 quia
1443 4471 1597 4525 tertia
1641 4472 1743 4526 hac
1777 4474 1891 4529 vice
1925 4476 2025 4530 nii-

2151 4485 2274 4556 ιήθη
2296 4456 2377 4540 ὅτι
2402 4487 2464 4541 τὸ
2492 4484 2651 4561 ἦττον
2675 4456 2854 4562 τρίτον
2870 4456 3037 4565 ,αὐτῷ
3067 4456 3509 4570 προσένειμεν(ἒῇ

471 4547 619 4602 noris
645 4549 976 4620 signiﬁcatus
1010 4556 1322 4611 vocabulum
1355 4575 1537 4615 secum
1560 4563 1911 4621 adhibuisset.

538 4636 586 4670 ⁸⁸
617 4637 775 4695 Solus
821 4643 1033 4712 sapiens
1086 4644 1234 4702 dives
1278 4647 1608 4721 illustrisque
1647 4664 1728 4711 est
1763 4672 1777 4708 :
1820 4658 2018 4712 etenim

469 4727 745 4800 multiplex
768 4733 906 4799 apud
938 4748 1057 4787 eum
1090 4737 1356 4805 possessio
1395 4751 1496 4807 est,
1535 4749 1591 4796 et
1632 4745 1907 4813 sapientia:
1937 4763 2020 4803 se-

467 4822 646 4889 mina;
679 4838 798 4894 qute
826 4824 878 4879 in
903 4826 1092 4895 spiritu
1121 4844 1326 4895 serens,
1356 4834 1517 4888 vitam
1550 4836 1719 4889 metit.
1764 4836 1897 4891 Cum
1923 4854 2018 4893 au-

466 4922 571 4967 tem
596 4928 720 4969 suas
756 4931 877 4971 esse
914 4918 1043 4972 dicit
1086 4921 1326 4989 divitias,
1350 4924 1529 4981 dicere
1578 4927 1789 4982 videtur
1821 4945 1834 4979 :
1873 4928 2017 4985 Nihil

462 5017 596 5073 opus
665 5008 759 5063 tibi
808 5017 891 5065 est
930 5012 1201 5080 expensis,
1249 5030 1345 5070 nec
1405 5032 1463 5071 re
1506 5032 1641 5072 nova
1689 5020 1906 5089 aliqua,
1958 5031 2016 5075 ut

463 5111 645 5153 amore
676 5090 793 5157 meo
819 5106 1088 5174 potiaris;
1127 5118 1333 5162 tantum
1366 5110 1576 5179 diligas,
1609 5123 1663 5167 et
1699 5114 2013 5169 reda'mabe-

2199 4666 2320 4718 Ὅτι
2354 4666 2511 4735 μόνος
2564 4668 2593 4719 ὀ
2644 4668 2803 4738 σοφὸς
2847 4669 3096 4735 πλούσιος
3143 4673 3236 4726 καὶ
3272 4674 3496 4741 εὐκλεής
3519 4692 3533 4706 ο
3567 4675 3689 4733 ἔστι

2125 4756 2233 4827 γὰρ
2255 4757 2312 4811 ἐν
2340 4755 2486 4826 αὺτῷ
2526 4758 2714 4829 κτῆσις
2742 4761 2948 4815 πολλῶν
2994 4763 3088 4816 καί
3114 4766 3426 4837 γεννήματα
3459 4752 3649 4835 σοφίας
3668 4787 3680 4799 ·

2123 4844 2159 4899 ἃ
2186 4846 2279 4899 καὶ
2309 4846 2542 4918 σπείρων
2576 4849 2655 4913 εἰς
2699 4850 2759 4903 τὸ
2794 4850 3034 4923 πνεῦμα,
3071 4853 3274 4927 θερίζει
3327 4856 3499 4929 ζωήν·
3535 4858 3684 4914 ἔοικε

2121 4937 2179 4991 δὲ
2219 4937 2307 4992 διὰ
2348 4938 2443 4992 τοῦ
2477 4940 2673 5014 ἑαυτῆς
2704 4943 2880 5012 λέγειν
2922 4946 3013 4998 τὸν
3047 4946 3306 5014 πλοῦτον,
3345 4951 3582 5006 τοιοῦτόν
3628 4972 3684 5011 τι

2120 5027 2317 5097 λέγειν,
2345 5030 2427 5083 ὅτι
2454 5030 2527 5083 Οὐ
2575 5031 2729 5103 χρεία
2760 5048 2841 5086 σοι
2862 5033 3102 5107 δαπάνης
3119 5077 3134 5101 ,
3164 5037 3284 5090 οὐδὲ
3310 5041 3679 5112 καινοτομίας,
3708 5043 3715 5049 ’

2116 5120 2195 5183 εἰς
2225 5119 2314 5174 τὸν
2339 5120 2474 5194 πρὸς
2503 5123 2601 5195 ἐμὲ
2628 5123 2801 5195 ἔρωτα
2825 5165 2840 5190 ,
2875 5125 2989 5178 ἀλλ’
3027 5128 3188 5199 ἀρκεῖ
3217 5130 3279 5183 τὸ
3307 5131 3527 5201 φιλῆσαι
3577 5136 3682 5205 μύ-

464 5189 557 5242 ris.
601 5188 730 5245 lmo.
755 5206 897 5261 quod
938 5204 1021 5250 est
1044 5198 1312 5262 mirabile,
1352 5215 1540 5269 nempe
1588 5203 1638 5258 in
1670 5205 1869 5260 divitiis
1890 5219 2010 5261 esse

2151 5228 2222 5278 ον,
2253 5213 2344 5266 καὶ
2370 5188 2833 5290 ἀνταγ-απηὸήσῃξ
2855 5217 3014 5273 Ἀλλά
3049 5188 3177 5294 μὴν,
3199 5188 3337 5279 καὶό
3365 5188 3677 5296 θαυμαστόν

455 5283 742 5352 justitiam,
767 5286 817 5341 id
846 5302 1059 5357 quoque
1091 5292 1230 5359 apud
1262 5306 1348 5345 mc
1371 5302 1475 5359 est,
1498 5304 1547 5349 et
1574 5295 1715 5350 aliud
1736 5297 2012 5367 quodlibet

460 5372 677 5428 bonum.

558 5491 603 5521 ⁷³
632 5506 677 5544 v.
712 5491 765 5545 5.
844 5493 889 5525 ⁸⁰
916 5496 1090 5552 v.11.
1167 5497 1213 5528 ί·
1242 5497 1400 5553 v.15.
1477 5499 1575 5555 ⁸³ν.
1604 5498 1689 5554 14.
1781 5503 1825 5535 ⁸³
1857 5520 1907 5559 v.
1960 5507 2043 5560 l7.

2114 5304 2227 5356 ἐστι
2247 5343 2263 5367 ,
2289 5302 2349 5356 τὸ
2378 5304 2435 5357 ἐν
2466 5302 2674 5373 πλούτῳ
2701 5301 2837 5359 εἶναι
2863 5307 3206 5382 δικαιοσύνην
3224 5353 3240 5376 ,
3275 5317 3402 5385 παρ’
3427 5315 3549 5387 ἐμοὶ
3579 5319 3675 5370 καὶ

2118 5393 2273 5448 τοῦτό
2299 5395 2433 5462 ἐστι,
2457 5396 2548 5449 καὶ
2579 5395 2647 5449 τὰ
2672 5395 2805 5451 ἄλλα
2833 5400 3008 5455 πάντα
3026 5402 3221 5471 ἀγαθά.

2113 5509 2158 5540 ⁸⁸
2196 5508 2351 5564 Joan.
2400 5528 2507 5578 tm,
2541 5510 2724 5567 l5-l7.
2794 5516 2841 5549 ⁸⁵
2872 5534 2925 5572 v.
2972 5520 3056 5575 l8.

526 5582 1417 5680 9)Aftpud-ﬂigistingui»:(Contra
1459 5591 1620 5651 Acad.
1645 5607 1707 5658 tt.
1740 5596 1825 5660 16,
1870 5607 2043 5652 exstat
2078 5599 2392 5671 famigerata
2427 5605 2705 5663 deﬁnitio:
2743 5607 3009 5680 Sapientia
3052 5621 3127 5667 est
3183 5631 3352 5669 rerum
3403 5618 3664 5674 humana-

454 5654 987 5723 rumdininarnmque
1014 5659 1250 5712 scientia.

523 5721 598 5792 ('2)
637 5721 956 5782 Accuratain
1005 5727 1401 5786 distinctionem
1444 5730 1568 5790 facit
1594 5732 1809 5791 Grcccns
1845 5737 1983 5795 inter
2011 5739 2229 5813 ἀγαπᾷν
2262 5755 2315 5799 et
2340 5744 2530 5815 φιλεῖν,
2566 5751 2704 5822 quod
2740 5767 2896 5809 secus
2921 5751 2973 5807 in
3013 5751 3129 5808 Lat.
3174 5755 3381 5827 vulgato
3420 5756 3504 5812 ﬁt.
