3942 6318
160 323 255 379 185

1286 320 1654 378 EXPOSITIO
1695 320 1757 375 IN
1798 319 2211 376 PROVERBIA.

3257 324 3356 380 ηδ

210 444 366 498 Οὐσία
391 441 527 499 οῦσα
555 446 588 515 ἡ
618 444 711 498 τοῦ
738 444 868 497 Θεοῦ
894 444 1080 513 σοφία,
1113 445 1217 516 πρὸ
1242 442 1453 497 αἰώνων
1479 444 1697 515 γεγένη-

1870 442 1916 474 ⁸⁶
1957 442 2268 496 Substantia
2308 456 2428 495 cum
2468 442 2537 495 sit
2566 442 2657 495 Dei
2691 442 2976 511 sapientia,
3009 451 3134 498 ante
3162 446 3355 499 saecula

150 557 251 599 τις,
282 540 370 593 καὶ
416 538 524 610 πρὸ
555 539 780 601 κτίσεως
803 536 973 599 ἀΐδιος
1007 532 1073 607 ἦν
1094 555 1106 566 ο
1136 539 1223 590 ὅτε
1254 538 1311 591 δὲ
1338 537 1520 607 σχέσιν
1555 538 1690 609 πρὸς

147 626 202 677 τὰ
244 627 475 696 γεννητά
515 626 759 690 ἐδέξατο,
800 626 920 678 τότε
962 627 1102 698 ἀρχὴ
1133 627 1240 679 τῶν
1268 627 1401 681 ὁδῶν
1440 626 1533 680 τοῦ
1563 628 1699 680 Θεοῦ

146 718 318 784 γέγονε
376 717 486 770 τῶν
532 716 821 788 ποιητικῶν
868 718 963 770 καὶ
1018 718 1417 789 προνοητικῶν·
1470 717 1701 786 σύζυγος

143 804 222 859 οὖν
247 809 278 876 ἠ
307 807 453 878 ἀρχὴ
488 811 598 869 τοῖς
624 808 916 876 κτίσμασιν
945 802 1021 861 ὧν
1075 809 1298 878 γέγονεν
1336 808 1507 881 ἀρχὴ,
1544 827 1704 863 τουτ-

143 898 273 952 έστιν
301 900 335 969 ἠ
370 900 503 971 πρὸς
530 898 597 952 τὰ
634 899 868 969 γεννητὰ
907 901 1177 971 σχέσις’ή
1220 900 1277 953 δὲ
1315 901 1473 968 σοφία
1509 900 1698 966 ἀΐδιος,

139 991 399 1057 οὐσιωδῶς
430 992 535 1064 πρὸ
561 990 767 1045 αίὼνων
793 991 945 1064 παρά
966 990 1041 1062 τῷ
1071 991 1187 1063 Θεῷ
1220 992 1555 1065 ὑπάρχουσα.

206 1252 461 1309 Ἀσέϐεια
494 1255 593 1326 μέν
621 1258 769 1309 ἐστιν
801 1258 833 1327 ἡ
865 1256 945 1320 είς
966 1253 1099 1309 Θεὸν
1128 1257 1368 1327 ἁμαρτία
1388 1276 1399 1288 ·
1436 1258 1619 1312 ἀσεϐεῖ
1642 1261 1697 1313 δὲ

134 1345 214 1397 καὶ
234 1348 314 1409 είς
359 1344 463 1417 τὴν
493 1347 684 1399 ἑαυτοῦ
711 1346 887 1416 ψυχὴν
910 1349 938 1399 ὁ
956 1346 1207 1417 σωρεύων
1237 1348 1456 1401 κόλασιν
1482 1352 1546 1420 τῇ
1572 1352 1696 1403 ἐαυ-

130 1436 209 1490 τοῦ
239 1437 423 1509 ψυχῇ,
459 1438 557 1509 τὴν
580 1442 691 1502 τοῖς
725 1438 979 1492 ἀσεϐέσιν
1010 1440 1446 1511 ἡτοιμασμένην·
1479 1441 1699 1493 ἀκόλου-

128 1530 208 1581 θον
234 1530 292 1583 δὲ
325 1531 515 1584 καὶτὸ
534 1532 752 1602 ἀγαπᾷν
776 1530 1003 1585 θάνατον
1024 1531 1150 1595 τοὺς
1171 1532 1360 1602 σοφίαν
1383 1531 1694 1601 μισοῦντας,

126 1622 269 1692 εἴπερ
304 1622 341 1693 ἡ
380 1622 540 1692 σοφία
570 1621 703 1693 ζωή.

1801 544 1921 588 nata
1949 546 2052 597 CSI,
2079 543 2133 585 et
2157 543 2281 586 ante
2306 542 2586 586 creaturas
2621 537 2966 605 sempiterna.
3007 533 3139 588 Cum
3178 546 3356 587 autem

1797 627 2111 680 relationem
2155 642 2282 695 erga
2326 634 2605 679 creaturas
2664 628 2913 691 admisit,
2968 639 3096 683 tunc
3145 628 3355 681 initium

1796 719 2006 772 viarum
2044 718 2132 773 Dei
2179 718 2318 771 facta
2361 727 2465 781 est,
2493 719 2783 772 creationis
2825 718 3069 773 videlicet
3098 729 3151 774 et
3179 721 3361 787 provi-

1796 808 2021 874 demite;
2057 809 2369 863 consociato
2422 810 2675 863 nimirum
2717 810 2870 864 initio
2915 826 3033 863 cum
3067 811 3357 873 creaturis,

1796 900 1990 969 quibus
2028 900 2171 953 dedit
2201 900 2433 962 initium,
2468 900 2518 952 id
2541 910 2622 953 est
2653 900 2969 954 relationem
2996 917 3117 967 erga
3150 912 3361 955 creatu-

1797 1003 1885 1044 ras
1916 989 2113 1044 habere
2153 991 2338 1059 cmpit.
2388 992 2643 1045 Attamen
2691 993 2805 1061 ipsa
2855 991 3116 1059 sapientia
3162 991 3361 1062 sempi-

1793 1090 1941 1134 terna
1982 1093 2085 1145 est,
2128 1084 2557 1137 substantialitcr
2604 1094 2733 1138 ante
2771 1084 2972 1137 sarcula
3023 1084 3159 1152 apud
3194 1084 3358 1139 Deum

1792 1175 2085 1229 exsistens.
3162 1168 3171 1176 ’

1861 1264 1906 1295 ⁸⁷
1948 1265 2195 1332 impietas
2235 1275 2319 1318 est
2350 1265 2614 1319 adversus
2659 1266 2823 1318 Deum
2855 1272 3154 1333 peccatum.
3200 1262 3365 1332 lmpie

1794 1360 1901 1425 agit
1923 1360 2083 1413 etiam
2110 1369 2300 1413 contra
2326 1360 2559 1411 animam
2591 1374 2763 1416 suam.
2789 1359 2879 1427 qui
2903 1359 3150 1429 congerit
3174 1359 3367 1410 animae.

1792 1466 1903 1503 suze
1927 1452 2281 1519 punitionem,
2316 1450 2495 1519 impiis
2520 1461 2901 1519 prmparatam.
2931 1452 3365 1505 Consentaneum

1801 1556 2013 1609 quoque
2057 1552 2158 1603 est,
2204 1552 2263 1595 ut
2312 1542 2346 1594 ii
2391 1550 2616 1594 mortem
2664 1552 2847 1596 ament
2895 1543 2985 1612 qui
3042 1539 3366 1612 sapientiam

1802 1632 2063 1697 oderunt;
2095 1632 2358 1702 siquidem
2383 1633 2648 1703 sapientia
2676 1633 2784 1687 vita
2819 1643 2923 1688 est.

1627 1721 1776 1776 CAP.
1822 1723 1909 1779 lX.

188 1812 305 1883 Τὴν
364 1813 561 1881 σοφίαν
609 1811 841 1866 ἐνταῦθα
884 1812 1079 1877 δισσῶς
1134 1813 1409 1869 ἐπιλαϐεῖν
1433 1855 1447 1878 ,
1501 1816 1597 1887 τὴν
1643 1820 1706 1870 ὲκ

1884 1822 1929 1853 ⁸⁸
1969 1820 2301 1890 Sapientiam
2352 1821 2455 1876 hoc
2489 1820 2611 1874 loco
2649 1819 2937 1888 dupliciter
2984 1816 3208 1885 intelligi
3228 1816 3359 1870 aio:

130 1902 261 1954 Πνεύ
271 1920 453 1973 ματος
482 1902 637 1971 ἁγίου
665 1904 807 1973 φημὶ
840 1906 898 1956 ὲν
930 1904 1107 1972 λόγοις
1136 1906 1230 1958 καὶ
1251 1910 1434 1979 γραφῇ
1460 1908 1702 1962 δοθεῖσαν

126 1998 232 2058 τοῖς
268 1995 568 2068 θεόφροσιν
590 2036 602 2057 ,
626 1997 691 2048 δι’
719 1993 787 2067 ἦς
831 1996 925 2050 καὶ
958 1999 991 2067 ἡ
1017 1998 1311 2065 ἐπίγνωσις
1339 2001 1432 2053 τοῦ
1463 2000 1595 2054 Θεοῦ
1630 2002 1707 2073 τῷ

124 2087 323 2158 κόσμῳ
351 2086 655 2159 ἐγνωρίσθη
680 2105 691 2115 ·
720 2087 979 2153 ὡσαύτως
1010 2089 1065 2142 δὲ
1093 2089 1187 2142 καὶ
1218 2091 1309 2143 τὸν
1341 2092 1700 2147 ἐνυπόστατον

124 2179 251 2231 Υἱὸν
280 2179 389 2232 κα.)⁴
415 2178 585 2245 Λόγον
607 2178 697 2231 τοῦ
726 2179 881 2244 Θεοῦ,
911 2180 1001 2233 τὸν
1035 2180 1093 2246 ἐξ
1109 2181 1207 2235 οὐκ
1229 2182 1356 2235 ὄντα
1380 2184 1458 2247 είς
1490 2184 1550 2236 τὸ
1572 2179 1706 2239 εἶναι

114 2269 530 2340 παραγαγόντα
560 2270 624 2324 τά
647 2272 934 2341 σύμπαντα
956 2274 1020 2342 τῇ
1051 2272 1211 2344 σοφίᾳ
1236 2272 1422 2327 αὑτοῦ.

186 2363 435 2433 Θύματα
459 2361 686 2415 ἐνταῦθά
713 2380 845 2434 φησι
884 2364 1007 2428 τοὺς
1035 2365 1149 2417 ὅσοι
1178 2366 1451 2437 προφῆται
1480 2369 1543 2437 τῇ
1576 2385 1706 2437 παρ-

117 2450 331 2504 αινέσει
376 2452 612 2521 Χριστοῦ
660 2453 1082 2524 σφραγισθέντες
1125 2456 1219 2508 καὶ
1265 2456 1701 2528 σφαγιαζόμενοι,

125 2544 207 2597 διὰ
243 2546 309 2597 rb
355 2546 545 2614 κιρνᾷν
590 2545 785 2608 αὐτοὺς
825 2544 903 2615 τῷ
928 2546 1027 2616 τῆς
1050 2547 1302 2615 γνώσεως
1336 2548 1570 2619 κρατῆρι
1606 2536 1703 2620 τὴν

130 2638 198 2699 ὡς
220 2632 368 2689 οἶνον
393 2637 520 2706 ἡδὺν
548 2637 837 2706 ἐπίγνωσιν
868 2639 1032 2692 αὐτοῦ
1053 2643 1162 2703 τοῖς
1190 2640 1440 2712 ὲχέφροσι
1460 2658 1473 2671 ·
1510 2642 1702 2711 λέγων,

133 2728 215 2798 Μὴ
248 2727 525 2801 φοϐηθῆτε
546 2729 650 2782 ἀπὸ
663 2729 769 2783 τῶν
792 2730 1215 2787 ἀποκτεινόντων
1238 2733 1296 2785 τὸ
1321 2733 1498 2804 σῶμα,
1523 2734 1619 2805 τὴν
1647 2734 1703 2787 δὲ

137 2819 305 2890 ψυχὴν
338 2818 417 2889 μὴ
440 2818 748 2891 δυναμένων
775 2824 1120 2877 ἀποκτεῖναι·
1159 2825 1252 2879 καὶ
1277 2826 1384 2899 γάρ
1414 2826 1573 2890 αὐτὸς
1605 2828 1702 2880 αὐ-

140 2910 252 2972 τοὺς
279 2911 606 2979 ἑσφαγίασε,
646 2913 740 2965 καί
778 2913 1085 2982 σφαγιάζει,
1107 2914 1194 2967 διὰ
1221 2914 1281 2968 rb
1312 2917 1704 2987 παρακελεύειν

145 3004 293 3065 αὐτὸς
319 3005 449 3065 τοὺς
492 3006 572 3066 εἰς
618 3005 781 3057 αὐτὸν
815 3008 1164 3071 πιστεύοντας
1216 3008 1357 3080 ὑπὲρ
1406 3008 1605 3073 αὑτοῦ,
1630 3010 1704 3073 ὡς

144 3096 291 3157 αὐτὸς
318 3095 462 3166 ὑπὲρ
493 3095 645 3165 ὑμῶν
677 3096 1028 3169 ἀποθνήσκει.

205 3185 262 3238 Εἰ
295 3163 512 3248 Παῦλος
533 3163 570 3239 -ό
598 3163 889 3251 ἀπόστολος
920 3189 1101 3253 δοῦλος
1143 3190 1377 3261 Χριστοῦ
1402 3230 1415 3254 ,
1440 3193 1469 3245 ὁ
1487 3193 1542 3245 δὲ
1568 3194 1611 3245 Χ
1620 3211 1703 3263 ρι-
1732 3163 1774 3223 C

150 3277 254 3341 στος
277 3279 438 3346 σοφία
469 3280 586 3332 ἐστὶ
608 3320 621 3341 ,
651 3281 857 3345 Παῦλος
882 3282 989 3353 γὰρ
1018 3284 1045 3335 ὁ
1078 3283 1372 3347 ἀπόστολος
1399 3284 1579 3348 δοῦλος
1610 3286 1706 3356 τῆς

154 3371 320 3438 σοφίας
352 3371 508 3425 ἐστίν
529 3389 540 3400 ·
580 3372 838 3436 ὡσαύτως
869 3375 961 3426 καὶ
992 3374 1207 3428 ἐπὶτῶν
1232 3374 1431 3428 λοιπῶν
1469 3376 1704 3430 ἀποστό-

154 3460 241 3514 λων
271 3465 362 3517 καὶ
391 3464 691 3535 προφητῶν
716 3466 805 3518 τὸν
835 3466 988 3535 λόγον
1020 3467 1336 3538 συνάξομεν,
1371 3468 1586 3533 δούλους
1610 3470 1708 3539 τῆς

159 3554 323 3623 σοφίας
350 3555 524 3608 αὐτοῦ
552 3556 945 3623 ἀποδείξαντες.

215 3646 279 3696 Ob
304 3647 385 3697 δεῖ
418 3646 836 3716 ἁμαρτάνοντας
879 3647 1119 3716 ἐλέγχειν
1151 3648 1275 3709 τοὺς
1309 3648 1543 3710 κακοὺς,
1576 3646 1710 3699 ἀλλὰ

160 3738 265 3807 περὶ
299 3738 439 3790 θείου
488 3738 650 3805 φόϐου
680 3739 876 3801 αὐτοὺς
923 3739 1359 3809 ὑπομιμνήσκειν
1382 3779 1396 3797 ,
1429 3740 1575 3801 ὅστις
1617 3739 1712 3791 αύ-

160 3829 261 3892 τοϋς
284 3830 585 3900 ἀποστήσει
608 3830 703 3899 τῆς
725 3830 920 3893 κακίας
937 3847 948 3859 ·
974 3830 1006 3900 ἦ
1032 3831 1232 3893 κακοὺς
1254 3832 1379 3892 τοὺς
1404 3830 1510 3883 ἀπὸ
1536 3832 1712 3902 ἀμαρ-

162 3919 259 3982 τίας
284 3921 732 3994 ἐπιστρέφοντας,
764 3923 856 3975 καὶ
890 3922 1139 3986 θέλοντας
1168 3923 1339 3975 ἐλθεῖν
1367 3922 1501 3993 πρὸς
1547 3924 1711 3993 μετά-

166 4033 317 4070 νοιαν·
364 4019 556 4091 ἀκμὴν
599 4019 656 4071 δὲ
704 4019 905 4082 κακοὺς
958 4018 1117 4081 ὄντας
1166 4020 1258 4071 καὶ
1303 4017 1711 4088 τυφλώττοντας

170 4106 373 4178 ὑπόμενε
398 4126 409 4137 ’
438 4112 537 4164 καὶ
576 4109 649 4178 μὴ
683 4109 799 4162 καθ’
826 4109 883 4161 ἓν
916 4109 1133 4180 σφάλμα
1166 4109 1370 4179 ἔλεγχε,
1401 4110 1486 4162 ἵνα
1517 4110 1591 4179 μὴ
1631 4110 1709 4172 εἰς

174 4199 301 4264 μῖσος
336 4202 397 4252 ἐκ
427 4201 731 4271 προοιμίων
775 4200 995 4253 ἔλθωσιν
1020 4219 1033 4231 ·
1064 4202 1191 4253 ὅταν
1227 4200 1282 4253 δὲ
1315 4202 1576 4269 γένωνται
1619 4219 1708 4255 σο-

175 4290 273 4353 φοὶ,
301 4293 385 4345 καὶ¹
416 4292 791 4364 στερεωθῶσιν
811 4331 825 4355 ,
856 4292 1061 4363 ἔλεγχε.
1101 4293 1211 4346 Καὶ
1249 4294 1277 4345 ὁ
1312 4294 1537 4363 Χριστὸς
1587 4293 1708 4357 τοὺς

178 4380 386 4452 μαθητὰς
408 4384 485 4437 ἔτι
511 4384 667 4446 νέους
697 4384 872 4447 ὄντας,
895 4384 993 4436 οὐκ
1022 4383 1235 4454 ἤλεγχε,
1270 4383 1357 4436 διὰ
1386 4383 1444 4435 rb
1477 4382 1551 4454 μὴ
1586 4384 1711 4447 τοὺς

1808 1926 1997 1981 nempe
2030 1913 2172 1965 illam
2204 1929 2323 1982 quae
2352 1929 2379 1966 a
2420 1923 2611 1968 sancto
2657 1912 2862 1981 Spiritu
2900 1910 3057 1964 datur
3100 1906 3367 1979 religiosis

1809 2004 2135 2068 hominibus,
2196 2020 2290 2072 per
2334 2020 2494 2073 quam
2539 2005 2632 2058 Dei
2675 2017 2888 2074 quoque
2933 2003 3119 2056 notitia
3168 2000 3369 2053 mundo

1809 2094 2076 2146 inclaruit.
2120 2092 2242 2146 Pari
2286 2094 2447 2147 modo
2492 2094 2654 2147 etiam
2699 2086 3366 2161 eultypostaticumFilium

1808 2202 1870 2237 ac
1896 2184 2124 2238 Verbum
2157 2185 2272 2247 Dei,
2299 2200 2328 2237 a
2356 2183 2507 2252 cujus
2528 2184 2789 2253 sapientia
2814 2184 2994 2238 omnia
3024 2198 3086 2237 ex
3111 2183 3276 2237 nihilo
3303 2180 3370 2233 ad

1805 2274 2178 2330 exsisteudum
2198 2274 2199 2277 “
2217 2277 2414 2331 educta
2442 2277 2678 2330 fuerunt.

1877 2367 1920 2399 ⁸⁸
1963 2366 2217 2421 Victimas
2265 2367 2365 2421 hoc
2412 2368 2529 2421 loco
2572 2366 2701 2420 dicit
2742 2364 3055 2435 prophetas,
3105 2368 3374 2432 quotquot

1805 2456 2005 2511 Christi
2047 2456 2419 2512 adhortatione
2470 2458 2666 2528 signati
2711 2466 2765 2511 et
2815 2454 3074 2510 immolati
3132 2452 3370 2511 fuerunt,

1804 2550 1926 2603 dum
1982 2548 2033 2601 in
2070 2548 2313 2601 scientiae
2354 2558 2573 2603 cratere
2620 2547 2977 2618 propinareut
3030 2543 3183 2613 quasi
3222 2541 3376 2596 dulce

1804 2642 1984 2694 viuum
2038 2643 2191 2696 boum
2238 2642 2434 2695 mentis
2483 2641 2792 2694 hominibus
2846 2638 3047 2693 Christi
3102 2635 3374 2696 notitiam,

1805 2733 2035 2788 dicentis
2062 2732 2171 2787 :Ne
2202 2734 2436 2787 timeatis
2465 2748 2559 2787 eos
2593 2732 2682 2801 qui
2710 2731 2967 2785 occidunt
2996 2741 3211 2796 corpus,
3254 2726 3372 2778 ani-

1808 2840 1945 2878 mam
1989 2836 2165 2878 autem
2202 2842 2305 2879 non
2355 2832 2579 2893 possunt
2610 2823 2879 2877 occidere.
2916 2820 3073 2873 Certe
3102 2820 3215 2887 ipse
3247 2816 3371 2872 illos

1804 2916 2199 2986 quodammodo
2248 2912 2563 2977 immolavit,
2609 2922 2662 2968 et
2705 2913 2883 2966 adhuc
2927 2909 3196 2970 immolat,
3241 2907 3367 2959 dum

1806 3007 2026 3059 mandat
2056 3005 2120 3058 iis
2144 3004 2232 3067 qui
2260 3004 2361 3059 sibi
2387 3005 2617 3059 credunt
2641 3006 2712 3057 ita
2745 3002 2903 3066 mori,
2941 3010 3100 3069 prout
3122 2999 3236 3068 ipse
3263 3013 3363 3066 pro

1808 3098 1961 3152 vobis
1985 3110 2230 3152 mortuus
2259 3106 2365 3152 est.

1875 3191 1921 3221 ’°
1970 3190 2024 3244 Si
2070 3189 2268 3243 Paulus
2305 3188 2575 3257 apostolus
2602 3201 2791 3241 servus
2832 3182 3070 3245 Christi,
3124 3180 3372 3236 Christus

1809 3295 1985 3337 autem
2029 3285 2291 3353 sapientia
2330 3294 2433 3348 est,
2483 3282 2681 3335 Paulus
2711 3279 2897 3347 utique
2944 3274 3221 3346 apostolus
3254 3260 3377 3327 ser-1

1808 3389 1905 3429 vus
1928 3374 2204 3444 sapientiae
2234 3383 2336 3426 est.
2381 3372 2506 3426 Pari
2541 3370 2698 3425 modo
2725 3378 2779 3423 et
2810 3371 2873 3421 de
2910 3368 3130 3435 reliquis
3160 3372 3373 3434 aposto-

1810 3468 1872 3522 lis
1897 3468 2036 3522 etde
2062 3467 2338 3537 praphetis
2360 3463 2731 3536 syllogismum
2759 3460 3166 3520 concludemus,
3185 3469 3375 3510 servos
3452 3527 3456 3533 φ

1810 3573 1901 3612 eos
1924 3559 2200 3627 sapientia:
2236 3556 2437 3612 Christi
2475 3554 2831 3607 affirmantes.

1880 3649 1923 3677 ’ί
1959 3648 2071 3700 Non
2113 3656 2323 3715 oportet
2357 3645 2529 3698 malus
2579 3643 2668 3709 qui
2722 3647 2951 3711 peccant
2993 3648 3240 3706 arguere,
3282 3633 3377 3688 sed

1814 3740 1959 3808 ipsos
1991 3740 2282 3792 admonere
2313 3737 2493 3807 potius
2521 3733 2687 3787 divini
2725 3730 2955 3794 timoris,
2981 3729 3073 3799 qui
3100 3742 3194 3782 eos
3224 3742 3253 3780 a
3284 3742 3379 3779 ne-

1811 3834 1980 3901 quitia
2022 3834 2281 3886 rctrahct.
2318 3828 2410 3883 Vel
2449 3828 2615 3881 malos
2656 3827 2810 3891 dicit,
2854 3826 2941 3893 qui
2983 3838 3159 3878 tamen
3214 3838 3243 3876 a
3285 3835 3380 3875 ne-

1811 3926 1983 3994 quitia
2029 3925 2141 3991 jam
2200 3921 2546 3990 resipiseuut,
2584 3928 2641 3974 et
2685 3919 2750 3971 ad
2782 3916 3153 3988 paruitentiam
3189 3915 3379 3971 volunt

1812 4018 2089 4072 accedere.
2122 4015 2503 4069 Verumtamen
2550 4013 2668 4066 illos
2697 4012 2786 4081 qui
2834 4025 3042 4065 summe
3086 4009 3209 4063 ntali
3250 4018 3377 4061 sunt

1811 4122 1864 4165 et
1889 4110 2197 4169 czecutiunt,
2228 4107 2461 4172 sustine;
2501 4118 2678 4173 neque
2709 4104 2775 4158 ad
2806 4102 3013 4172 singula
3046 4110 3259 4172 peccata
3286 4117 3373 4152 ar.

1811 4218 1932 4273 gue,
1980 4217 2044 4256 ne
2088 4201 2271 4253 statim
2302 4199 2456 4253 initio
2504 4198 2686 4252 odium
2737 4196 3081 4265 suscipiant:
3118 4193 3214 4247 sed
3246 4208 3377 4271 cum

1812 4296 2022 4348 demum
2069 4292 2341 4360 sapientes
2391 4291 2520 4345 lient
2571 4299 2622 4344 et
2671 4290 2971 4350 firmiores,
3025 4297 3153 4340 tunc
3186 4300 3369 4353 argue.

1814 4384 1943 4439 Nam
1980 4401 2045 4439 ne
2071 4383 2322 4438 Christus
2349 4383 2565 4451 quidem
2604 4380 2899 4449 discipulos
2923 4378 3101 4433 adhuc
3130 4386 3376 4432 recentes

180 4472 401 4540 παλαιοὺς
433 4478 640 4543 ἀσκοὺς
674 4476 923 4541 εὐθέτους
956 4472 1092 4529 εἶναι
1124 4477 1256 4548 πρὸς
1277 4476 1394 4529 νέον
1430 4476 1591 4530 οἶνον.
1640 4478 1706 4529 ’Ἡ

1815 4477 2163 4545 increpabat;
2214 4470 2341 4543 quia
2396 4487 2609 4528 veteres
2656 4482 2807 4525 utres
2853 4486 2991 4524 novo
3044 4469 3170 4524 vino
3234 4469 3379 4545 haud

182 4567 349 4630 κακοὺς
398 4569 549 4639 λέγει
606 4570 731 4632 τοὺς
781 4571 1019 4641 ἄφρονας
1078 4570 1172 4621 καὶ
1222 4568 1473 4639 μωρούς·
1517 4569 1709 4641 ἢτοὺς

185 4654 328 4727 πάντη
370 4660 679 4730 ἀλλοτρίους
715 4661 809 4731 τῆς
846 4660 994 4724 θείας
1052 4660 1429 4727 διδασκαλίας,
1476 4659 1569 4724 οὓς
1612 4661 1711 4713 οὐκ

184 4740 405 4815 ἐλέγχειν,
439 4751 575 4803 ἀλλὰ
606 4751 889 4814 νουθετεῖν,
919 4751 1000 4804 δεῖ
1030 4752 1123 4804 καὶ
1141 4750 1437 4805 διδάσκειν·
1458 4755 1505 4806 εἰ
1535 4753 1590 4805 δὲ
1618 4754 1710 4806 καὶ

186 4832 431 4906 ἠλέγχοντο
468 4841 674 4913 Ἀχαάϐ
719 4843 811 4895 καὶ
848 4842 1091 4914 Ἡρώδης
1112 4881 1126 4904 ,
1161 4842 1275 4896 ἀλλ’
1314 4845 1413 4914 ἤδη
1453 4843 1711 4913 μετέσχον

189 4925 260 4977 τοῦ
283 4928 409 4983 θείου
436 4935 635 5004 νόμου,
668 4936 715 4986 εί
743 4935 835 4989 καὶ
868 4934 1215 5004 παρέϐησαν·
1260 4935 1340 4987 διὸ
1372 4935 1465 4987 καὶ
1496 4936 1712 4997 τούτους

191 5013 508 5092 δεῖὲλέγχειν.
553 5026 621 5077 Ἦ
651 5024 790 5079 ἔοικε
828 5025 996 5079 ταῦτα
1032 5024 1165 5093 πρὸς
1208 5025 1332 5087 τοὺς
1370 5024 1488 5076 τότε
1512 5024 1706 5092 λέγειν,

192 5105 289 5169 reb;
314 5115 756 5185 νηπιωδεστέρους
777 5135 787 5145 ·
815 5117 937 5168 ἐπεὶ
956 5116 1096 5178 τίνος
1121 5114 1303 5166 ἕνεκεν
1326 5114 1551 5185 ἤλεγχεν
1593 5116 1705 5167 Ἰω-

196 5194 326 5267 άννης
352 5204 436 5255 καὶ
467 5207 672 5271 Παῦλος
700 5208 876 5271 ;-Ού
925 5207 1004 5259 δεῖ
1033 5207 1443 5280 ἁμαρτάνοντας
1468 5206 1709 5275 ἐλέγχειν

197 5288 293 5351 τηὺς
312 5297 493 5360 κακούς
511 5316 523 5327 ·
560 5302 588 5353 ὁ
610 5300 719 5370 γάρ
742 5300 821 5361 είς
852 5300 1138 5370 πρόσωπον
1162 5300 1398 5368 ἔλεγχος,
1426 5299 1711 5367 ἀναισχυν-

200 5379 376 5452 τότερον
408 5394 541 5443 ποιεῖ
583 5392 673 5447 τὸν
728 5392 1136 5463 ἁμαρτάνοντα·
1185 5392 1290 5463 χρὴ
1334 5390 1389 5443 δὲ
1434 5391 1580 5460 ἡμᾶς
1619 5390 1711 5443 ἐπὶ

202 5472 343 5536 σοφῶν
384 5479 470 5531 καὶ
517 5482 733 5536 δικαίων
792 5480 949 5536 τοῦτο
1000 5486 1200 5537 ποιεῖν·
1246 5481 1555 5545 ἀναμεταξῦ
1608 5482 1707 5552 μὲν

203 5573 273 5611 του
298 5565 620 5642 ἑλεγχομένου
653 5576 1107 5646 καὶέλέγχοντος,
1143 5578 1240 5629 οὐκ
1273 5576 1363 5627 ἐπὶ
1390 5573 1596 5628 πολλῶν
1623 5573 1698 5625 δέ.

1815 4577 1968 4623 erant
2006 4567 2202 4619 idonei.
2260 4564 2354 4619 Vel
2415 4564 2588 4617 malus
2637 4563 2763 4616 dicit
2803 4550 3049 4616 homines
3095 4560 3291 4615 stultos
3320 4567 3378 4613 et

1818 4659 2032 4721 bardos,
2063 4654 2139 4709 vel
2174 4656 2293 4709 illos
2330 4657 2421 4724 qui
2451 4670 2478 4706 a
2514 4654 2692 4705 divina
2720 4652 2963 4706 doctrina
2998 4668 3217 4720 prorsus
3246 4652 3378 4704 alie-

1818 4750 1869 4803 ni
1899 4756 2055 4810 suut;
2082 4763 2218 4814 quos
2250 4762 2353 4799 nou
2392 4745 2680 4809 increpare
2707 4741 2799 4795 scd
2846 4743 3137 4795 admonuere
3164 4747 3378 4806 oportet

1820 4854 1882 4893 ac
1921 4837 2134 4890 docere.
2176 4836 2328 4902 Quod
2360 4835 2403 4889 si
2455 4833 2810 4887 nihilominus
2852 4832 3118 4900 objurgati
3162 4831 3374 4883 fuerqu

1817 4931 2101 4986 Achaabus
2148 4940 2309 4997 atque
2367 4926 2625 4990 Herodes,
2678 4926 2733 4979 hi
2787 4924 3003 4994 quidem
3041 4924 3150 4993 jam
3188 4920 3378 4975 imbuti

1818 5024 2031 5078 fuerant
2109 5021 2289 5076 divina
2354 5021 2507 5089 lege,
2576 5035 2739 5088 quam
2810 5026 2967 5071 erant
3035 5013 3373 5088 transgressi.

1814 5114 2174 5183 Quamobrem
2199 5122 2253 5167 et
2287 5113 2384 5167 hos
2410 5112 2657 5181 redargui
2684 5125 2782 5181 par
2815 5109 2939 5165 fuit.
2966 5105 3060 5161 Vel
3090 5107 3205 5161 lucc
3234 5105 3376 5159 vide-

1816 5216 1905 5259 tur
1947 5205 2127 5259 dicere
2157 5205 2223 5258 de
2271 5203 2351 5259 sui
2400 5202 2659 5273 temporis
2707 5200 3017 5255 rudioribus
3048 5197 3372 5251 hominibus.

1814 5299 1921 5354 Cur
1947 5305 2089 5355 enim
2138 5298 2367 5355 Joannes
2405 5314 2617 5370 quoque
2666 5310 2719 5353 ct
2778 5296 2976 5351 Paulus
3020 5294 3373 5362 reprehende-

1811 5393 1980 5447 bant?
2005 5423 2074 5433 —
2103 5393 2268 5446 Malos
2293 5393 2380 5460 qui
2416 5401 2640 5460 peccant
2682 5406 2788 5445 non
2812 5396 3026 5459 oportet
3053 5386 3369 5455 obiurgare,

1810 5499 1933 5537 nam
1971 5485 2315 5554 reprehensio
2346 5486 2395 5537 in
2423 5484 2613 5538 facient
2653 5482 2888 5551 objecta,
2923 5480 3374 5549 impudentioren:

1809 5575 1940 5630 facit
1970 5592 2092 5630 cum
2142 5576 2231 5645 qui
2274 5588 2480 5644 peccat.
2526 5578 2763 5643 Arguere
2812 5574 2987 5632 potius
3025 5580 3235 5641 Oportet
3290 5584 3363 5622 sa-

206 5650 372 5715 Ιιίθιιιεό
403 5676 462 5716 ac
479 5664 680 5733 justas;
733 5678 1123 5734 verumtamen,
1176 5666 1501 5736 reprehenso
1534 5679 1596 5716 ae
1629 5663 2077 5733 reprehendente,
2116 5682 2220 5722 non
2255 5674 2434 5723 autem
2470 5663 2669 5729 multis,
2701 5663 3070 5734 praesentibus.

258 5744 293 5776 ⁸⁸
321 5750 449 5809 νοῖἳι
514 5756 553 5788 ⁸⁸⁷
585 5775 634 5816 v.
661 5759 748 5816 56.
819 5760 862 5792 ⁸⁸
901 5775 951 5815 v.
994 5759 1041 5817 1.
1119 5760 1161 5791 ⁸³
1195 5774 1242 5813 v.
1275 5758 1327 5813 2.
1402 5758 1446 5788 ’³ο
1485 5771 1531 5811 v.
1561 5755 1616 5810 5.

1694 5754 1734 5786 "
1767 5770 1815 5811 v.
1848 5754 1903 5814 8.
