3942 6318
508 368 610 423 187
953 416 960 425 ,
1382 361 1940 421 SUPPLEMENTUM
1975 364 2066 419 AD
2103 364 2424 422 ORIGENIS
2465 361 2867 424 EXEGETICA.
3682 379 3777 435 188

577 488 624 520 θ’
655 486 755 552 Qui
796 486 940 539 omni
971 493 1132 538 vento
1187 484 1443 538 doctrina:
1483 484 1887 548 circumfertur,
1941 485 2061 540 ﬁdei
2092 499 2134 554 Α

2251 489 2307 541 '0
2334 487 2496 541 παντὶ
2533 488 2717 560 ἀνέμῳ
2758 490 2853 560 τῆς
2895 491 3272 556 διδασκαλίας
3320 496 3777 567 περιφερόμενος,

511 577 848 648 naufragium
885 577 1104 637 faciens,
1131 591 1189 629 se
1217 573 1448 642 procella
1484 573 1646 628 veluti
1675 585 1729 628 et
1768 575 1902 629 alios
1929 591 2066 644 quos

2222 582 2480 652 ιυαγήσας
2523 582 2649 652 περὶ
2694 581 2790 652 τὴν
2821 583 3036 647 πίστιν,
3092 584 3180 648 ὡς
3217 585 3318 638 ὑπ’
3363 587 3564 657 ἀνέμῳ
3597 589 3779 643 ἑαυτόν

510 670 648 736 regit
675 669 880 737 perdet.
911 665 1205 735 Dereliquit
1227 665 1369 718 enim
1400 667 1515 719 vias
1546 668 1922 721 mandatorum
1951 667 2064 734 ejus

2253 674 2350 738 καὶ,
2366 671 2556 734 ἄλλους
2584 673 2872 743 ποιμάνας.
2895 673 3195 728 ἀπώλεσεν
3216 692 3232 706 ο
3263 675 3516 730 ἀπέλιπε
3546 677 3657 750 γὰρ
3680 680 3781 734 τῶν

509 757 600 824 qui
651 757 779 810 dicit
812 773 826 810 :
861 757 969 826 Ego
1001 770 1116 809 sum
1153 754 1305 820 vitis,
1359 770 1456 810 vos
1502 756 1774 825 palmites,
1821 769 1876 813 et
1904 758 2066 814 Pater

2221 763 2388 816 τολῶν
2415 762 2513 826 τὰς
2538 764 2707 829 ὁδοὺς,
2740 765 2833 818 τοῦ
2867 766 3142 830 εἰπόντος,
3179 767 3338 835 Ἐγώ
3375 769 3500 838 εἰμι
3533 771 3567 838 ἡ
3607 768 3778 841 ἀμπε-

511 867 662 906 meus
692 850 923 922 agricola
962 858 1067 906 est.
1090 877 1161 889 --
1196 848 1298 916 Qui
1343 850 1444 904 sibi
1489 865 1593 905 non
1641 861 1925 907 coacervat
1962 854 2068 907 vir-

2217 873 2274 919 ις,
2300 856 2454 926 ὑμεῖς
2479 856 2546 909 τὰ
2569 857 2842 928 κλήματα,
2878 859 2971 912 καὶ
2994 861 3022 912 6
3043 860 3261 931 Πατήρ
3301 877 3413 930 μου
3450 861 3482 913 6
3513 866 3774 934 γεωργός.

511 943 715 998 tatibus
736 943 968 996 divinam
997 941 1306 1006 scientiam,
1337 942 1424 996 hic
1456 957 1559 997 non
1587 955 1872 999 concervat
1908 959 2065 1002 mter-

2216 949 2302 1000 -Ὀ
2333 948 2406 1019 μὴ
2437 949 2682 1017 συνάγων
2710 951 2805 1002 σὺν
2823 953 2940 1013 ταῖς
2962 951 3203 1021 ἀρεταῖς
3231 950 3342 1021 τὴν
3369 951 3535 1006 θείαν
3561 955 3773 1021 γνῶσιν,

512 1035 566 1090 ui
599 1035 745 1103 regni
770 1033 1128 1088 immortalem
1154 1032 1409 1088 fructum.
1452 1034 1548 1090 Est
1571 1045 1747 1091 autem
1779 1039 2060 1102 Sterilitas,

2217 1035 2317 1103 ιτος
2359 1040 2420 1092 οὐ
2450 1041 2670 1109 συνάγει
2701 1041 2798 1111 τῆς
2838 1041 3052 1096 αίωνίου
3085 1042 3401 1112 βασιλείας
3439 1042 3544 1115 τὴν
3578 1045 3774 1100 ἀθάνα-

512 1125 748 1192 nequitia
778 1133 834 1179 et
862 1123 1098 1178 inscitia.

2167 1150 2252 1187 τον
2279 1132 2581 1204 εὐκαρπίαν
2605 1151 2618 1163 ⁸
2649 1133 2892 1204 ἀκαρπία
2923 1133 2978 1187 δέ
3007 1136 3130 1188 ἐστι
3156 1135 3348 1188 κακία
3381 1137 3485 1189 καὶ
3510 1137 3724 1206 ἄγνοια.

577 1215 622 1247 ’⁸
651 1217 758 1270 Ceu
788 1229 957 1284 panes
1004 1215 1216 1280 vitales,
1269 1215 1449 1270 divina
1501 1219 1662 1274 verba
1707 1218 1939 1276 libenter
1967 1237 2064 1292 ευ-

2233 1224 2354 1278 Τῶν
2383 1225 2458 1288 ὡς
2488 1225 2667 1296 ἀρτων
2695 1225 2960 1290 ζωτικῶν,
2981 1227 3162 1280 ’θείων
3201 1226 3398 1295 λόγων
3429 1227 3775 1300 ὴδέωςᾱψα-

511 1312 676 1368 stare,
715 1313 769 1359 et
823 1304 874 1358 in
909 1305 1105 1359 mentis
1152 1306 1412 1375 penetrali
1456 1307 1757 1363 divinorum
1810 1325 2062 1366 sensuum

2216 1318 2287 1370 lut
2310 1357 2326 1382 ,
2352 1317 2577 1371 καὶτῶν
2613 1318 2669 1370 ὲν
2705 1319 2771 1388 τῇ
2813 1319 3024 1388 κρυπτῇ
3065 1315 3171 1370 τοῦ
3215 1316 3320 1370 νοῦ
3363 1316 3587 1389 θεωρία
3623 1318 3773 1372 θείων

513 1393 1040 1462 contemplationem.
1069 1426 1136 1437 —
1174 1395 1346 1450 Panes
1394 1397 1586 1452 anima:
1635 1407 1760 1452 sunt
1815 1400 2062 1467 virtutes,

2212 1409 2732 1481 ιημάτων.-Ἀρτοι
2767 1408 2872 1462 elui.
2899 1409 2998 1478 τῆς
3028 1408 3223 1479 ψυχῆς
3255 1407 3319 1460 αἱ
3355 1408 3599 1480 ἀρεταὶ,
3639 1409 3769 1462 uirt-

510 1500 646 1555 quas
675 1496 860 1540 noster
880 1502 1094 1556 quoque
1117 1486 1378 1543 Servator
1407 1490 1563 1544 nobis
1591 1493 1897 1560 imperavit,
1925 1491 2065 1563 jeju-

2211 1516 2251 1562 ες
2280 1499 2371 1552 καὶ
2399 1496 2549 1567 παρά
2573 1497 2665 1550 τοῦ
2689 1497 2938 1568 Σωτῆρος
2966 1497 3125 1568 ἡμῶν
3159 1497 3616 1569 προσετάγησαν
3648 1499 3768 1570 παρ’

513 1579 660 1630 nium
691 1577 920 1644 scilicet,
951 1581 1305 1647 continentia,
1328 1583 1525 1648 oratio,
1575 1593 1628 1638 et
1664 1586 1880 1641 similia.
1914 1588 2063 1644 Clam

2209 1591 2293 1660 μίν
2325 1589 2564 1656 γίνεσθαι
2585 1607 2597 1618 ·
2626 1588 2871 1641 τουτέστι
2911 1587 3135 1658 νηστεία
3155 1628 3172 1653 ,
3209 1589 3537 1660 ἐγκράτεια
3562 1629 3578 1652 ,
3609 1607 3766 1661 προσ-

511 1674 642 1723 vero
662 1668 774 1724 haec
803 1671 1026 1740 agenda,
1054 1687 1120 1726 ne
1143 1673 1199 1726 in
1224 1682 1512 1743 conspectu
1551 1675 1824 1732 hominum
1864 1678 2000 1734 siut.‘

2210 1682 2314 1753 ›χὴ,
2355 1680 2446 1734 καὶ
2473 1680 2542 1733 τὰ
2564 1681 2723 1750 ὅμοια
2741 1696 2753 1707 ·
2787 1681 2967 1750 κρυφῇ
2991 1678 3068 1742 δὲ,
3102 1678 3259 1748 πρὸς
3287 1681 3357 1732 τὸ
3398 1681 3480 1750 μὴ
3513 1680 3767 1750 θεαθῆναι

566 1759 588 1790 ..-
2164 1764 2304 1819 αὐτὰ
2332 1767 2450 1826 τοῖς
2473 1763 2798 1835 ἀνθρώποις.

2011 1861 2159 1917 CAP.
2195 1858 2264 1912 Χ.

581 1950 629 1983 ’⁸
661 1951 844 2005 Virum
890 1951 1020 2007 dicit
1066 1953 1307 2010 doctrina
1358 1969 1678 2027 pauperem;
1711 1971 1923 2026 manus,
1969 1973 2060 2014 sa-
2091 1965 2134 2018 Β

2235 1951 2454 2022 Ἀνδρα,
2477 1949 2568 2002 τὸν
2598 1947 2692 2002 τοῦ
2723 1947 2880 2016 λόγου
2917 1948 3328 2019 πτωχεύσαντα
3350 1965 3369 1978 ο
3413 1949 3516 2001 καὶ
3548 1950 3762 2020 χεῖρας,

514 2041 727 2110 pientlaa
755 2049 926 2095 actus.

2164 2047 2260 2110 τὰς
2292 2045 2391 2114 τῆς
2418 2043 2602 2111 σοφίας
2627 2039 2868 2114 πράξεις.

583 2129 630 2161 ’⁸
663 2129 753 2184 Vir
783 2131 1037 2186 cordatus
1078 2131 1420 2187 ab:erumnls
1449 2141 1504 2187 et
1531 2133 1930 2191 calamitatibus
1961 2153 2066 2192 non

2244 2138 2302 2191 '0
2339 2137 2554 2206 νοήμων
2588 2134 2690 2186 ὑπὸ
2724 2132 2832 2186 τῶν
2872 2131 3100 2203 θλίψεων
3134 2133 3242 2186 καὶ
3296 2131 3419 2185 τῶν
3471 2131 3760 2204 συμφορῶν

513 2221 833 2285 amburitur,
869 2220 1156 2289 etjustitiae
1186 2223 1424 2290 germina
1454 2224 1662 2292 profert
1693 2241 1708 2278 :
1743 2237 1798 2281 at
1826 2226 2066 2297 iniquus,

2266 2227 2673 2297 συγκαιόμενος,
2705 2225 3016 2295 γεννήματα
3037 2224 3406 2295 δικαιοσύνης
3437 2225 3601 2296 φέρει
3621 2242 3634 2255 ο
3662 2227 3689 2276 6
3709 2225 3758 2278 δὲ

511 2320 575 2365 ex
607 2327 666 2365 re
699 2327 911 2381 quoque
937 2309 1076 2366 bima
1106 2311 1360 2368 damnum
1390 2315 1612 2384 patitur.

2166 2319 2498 2389 παράνομος,
2530 2317 2623 2368 καὶ
2655 2314 2759 2368 ὑπὸ
2789 2314 2896 2368 τῶν
2925 2314 3213 2386 βελτιόνων
3249 2315 3665 2387 διαφθείρεται.

579 2403 628 2433 ⁸⁸
666 2401 1012 2469 Disciplinam
1055 2406 1431 2473 increpatione
1468 2415 1737 2462 carentem
1778 2409 1909 2464 dicit
1950 2413 2066 2465 ani-

2235 2411 2486 2464 Παιδείαν
2522 2395 2904 2476 ἀνεξέλεγκτον
2956 2407 3215 2478 ὀνομάζει
3265 2409 3374 2480 τὴν
3426 2409 3609 2478 κακὴν
3662 2406 3751 2476 τῆς

511 2507 611 2547 mte
646 2493 841 2547 malam
890 2492 1083 2563 agendi
1135 2496 1396 2550 rationem
1422 2536 1437 2560 ,
1481 2511 1600 2566 quae
1651 2509 1705 2553 et
1733 2513 1970 2557 errorem
2013 2514 2068 2559 et

2192 2503 2336 2574 ιυχῆς
2357 2500 2648 2564 πολιτείαν,
2674 2503 2793 2571 ἥτις
2823 2501 2915 2554 xui.
2945 2500 3223 2566 ἀπωλείας
3254 2501 3359 2554 καὶ
3386 2500 3603 2570 πλάνης
3624 2499 3749 2568 αὐτῇ

509 2583 734 2637 exitium
759 2584 807 2637 ei
831 2584 1059 2638 confert.
1089 2583 1193 2638 Sed
1225 2585 1306 2638 via
1339 2586 1479 2650 vitae,
1500 2603 1604 2641 non
1633 2591 1803 2645 solum
1824 2595 1890 2648 ab
1913 2603 2066 2650 aeter-

2194 2597 2370 2649 ’ίνεται
2407 2595 2692 2666 πρόξενοςο
2721 2596 2754 2664 ἡ
2784 2594 2844 2663 ,δὲ
2887 2593 3002 2656 ὁδὸς
3037 2593 3140 2664 τῆς
3180 2595 3362 2662 ζωῆς,
3399 2594 3466 2646 οὑ
3506 2593 3663 2663 μόνον
3693 2593 3751 2643 ὲκ

509 2689 577 2728 na
601 2688 863 2737 aerumna,
881 2689 1071 2728 verum
1089 2676 1249 2728 etiam
1279 2676 1374 2730 abs
1394 2679 1628 2747 qualibet
1657 2683 1778 2736 vitae
1801 2684 2063 2752 molestia,

2197 2689 2264 2759 ἧς
2292 2689 2531 2750 αἰωνίου,
2560 2686 2695 2741 ἀλλά
2728 2689 2822 2742 καὶ
2852 2688 2916 2740 ὲκ
2939 2685 3118 2758 πάσης
3145 2687 3474 2755 κακότητος
3516 2684 3612 2738 τοῦ
3645 2684 3753 2754 βίου

508 2778 607 2820 eos
656 2765 747 2834 qui
796 2765 1013 2820 malitia:
1067 2780 1191 2820 sunt
1243 2777 1529 2830 expertes,
1565 2771 1818 2826 defendit.
1868 2772 2065 2830 Malitia

2192 2781 2477 2853 lucxepsiu;
2501 2782 2626 2844 τοὺς
2644 2782 2881 2845 ἀκάκους
2909 2780 3164 2850 φυλάσσει
3194 2797 3209 2809 ³
3251 2779 3596 2842 ἀκάκους.δὲ
3614 2777 3749 2843 λέγει

510 2871 641 2912 vero
666 2869 915 2931 carentes
947 2861 1076 2914 dicit
1104 2861 1245 2929 illos,
1279 2878 1367 2932 qui
1420 2865 1557 2918 male
1589 2867 1654 2920 ab
1688 2868 1866 2938 aliquo
1892 2872 2067 2939 passi,

2192 2874 2289 2936 τοὺς
2305 2873 2487 2936 κακῶς
2511 2872 2573 2927 ἔκ
2586 2891 2725 2936 τινος
2740 2872 3125 2942 ὑπομένοντας,
3150 2872 3256 2924 καὶ
3273 2871 3524 2924 ἀκακίαν
3542 2867 3749 2922 ἀσκοῦν-

512 2952 874 3007 innocentiam
917 2961 1241 3008 tamencum
1283 2955 1546 3010 charitate
1582 2959 1830 3014 retinent.
1850 2961 1942 3017 Vel
1990 2964 2069 3018 di-

2190 2984 2262 3029 τας
2295 2969 2352 3020 ὲν
2369 2968 2573 3040 ἀγάπῃ.
2602 2967 2673 3019 Ἦ
2693 2965 2882 3028 οὕτως.
2923 2963 3367 3032 Ἀνεξέλεγκτος,
3403 2965 3438 3034 ή
3462 2963 3747 3034 πρόσχημα

513 3043 791 3113 ccipliuam
807 3044 1184 3114 ἀνεξέλεγκτον
1197 3046 1324 3100 dicit
1348 3047 1514 3113 illam,
1542 3064 1660 3118 qnze
1694 3053 1924 3120 speciem
1955 3056 2070 3124 qui-

2190 3061 2268 3112 ιὲν
2293 3060 2569 3123 εὐσεϐείας
2596 3059 2810 3130 ἔχουσα,
2842 3058 3181 3129 ἀγύμναστος
3221 3057 3283 3110 δὲ
3315 3052 3457 3110 οὖσα
3475 3057 3570 3108 καὶ
3584 3053 3747 3119 ἀνεξέ-

514 3133 635 3188 dem
668 3136 882 3204 pietatis
917 3139 1097 3204 habet,
1138 3141 1232 3195 sed
1271 3150 1449 3196 tamen
1503 3152 1656 3197 caret
1705 3145 2071 3212 experimento

2186 3168 2396 3214 ταστος·
2435 3152 2464 3202 6
2502 3150 2610 3221 γὰρ
2658 3151 2730 3222 μὴ
2778 3149 3147 3219 ἐλεγχόμενος,
3195 3150 3305 3201 καὶ
3359 3146 3613 3218 φανερῶν
3660 3144 3743 3196 καὶ

513 3240 569 3286 et
591 3229 978 3300 exploratione.
1013 3230 1143 3286 Nam
1173 3233 1262 3302 qui
1292 3249 1397 3288 non
1427 3235 1588 3288 fuerit
1623 3235 1953 3304 exploratus,
1981 3254 2070 3293 ne-

2185 3226 2376 3311 ἑτέροις
2406 3239 2474 3293 τὰ
2499 3242 2816 3311 φρονήματα
2850 3241 2942 3292 καὶ
2974 3239 3099 3302 τοὺς
3127 3237 3531 3306 διαλογισμοὺς
3571 3232 3742 3294 αὑτοῦ,

514 3338 622 3392 que
651 3322 774 3378 aliis
814 3334 1048 3378 mentem
1077 3341 1226 3379 suam
1256 3328 1710 3399 cogitationesque
1736 3330 2068 3402 patefecerit,

1088 3341 1226 3379 suam
1256 3328 1710 3399 cogitationesque
1736 3330 2068 3402 patefecerit,
2099 3327 2141 3384 C
2175 3331 2436 3386 πλανᾶται
2455 3333 2645 3402 οἰήσει.

515 3409 562 3468 is
589 3411 642 3466 in
666 3427 802 3465 vana
828 3413 1242 3482 praasumptione
1273 3423 1534 3468 versatur.

583 3505 628 3536 "
678 3503 934 3573 Operiunt
985 3500 1267 3573 dieit‘pro,
1307 3521 1412 3559 non
1450 3507 1634 3560 sinunt
1671 3522 1952 3577 apparere.
1976 3507 2074 3562 Vel

2242 3507 2909 3574 Τὸ,καλύπτουσιν,ἀντὶ
2929 3505 3044 3574 τοῦ,
3078 3506 3177 3558 οὐκ
3223 3506 3396 3559 ἐῶσιν
3439 3499 3733 3557 ἀνανεῦσαι.

515 3593 853 3670 inimicitiam
879 3597 954 3650 ait
984 3598 1082 3667 pro
1119 3597 1345 3663 malitia,
1377 3597 1531 3665 cujus
1566 3613 1728 3653 causa
1767 3599 1920 3654 invisi
1951 3615 2072 3655 eva-

2179 3606 2249 3658 Ἢ
2278 3603 2474 3675 ἔχθραν
2499 3601 2596 3673 τὴν
2621 3601 2818 3654 κακίαν
2845 3599 3012 3668 λέγει,
3053 3599 3119 3652 δι’
3147 3595 3214 3669 ἧς
3264 3597 3457 3669 ἐχθροὶ
3490 3589 3735 3664 γινόμεθα

517 3687 691 3742 dimus
719 3687 845 3743 Deo.
877 3687 946 3740 At
988 3688 1131 3742 enim
1167 3688 1504 3742 inimicitiam
1535 3690 1794 3745 adversus
1823 3691 1991 3746 Deum
2021 3703 2074 3748 et

2176 3697 2267 3751 τοῦ
2293 3695 2426 3750 Θεοῦ
2449 3713 2460 3724 ⁸
2485 3694 2580 3766 τὴν
2595 3694 2649 3747 δὲ
2671 3691 2811 3746 κατά
2831 3691 2922 3744 τοῦ
2938 3689 3072 3744 Θεοῦ
3099 3691 3191 3742 καὶ
3213 3690 3320 3744 ἀνθ
3331 3688 3531 3760 ρώπων
3547 3685 3733 3754 ἔχθραν

515 3779 790 3842 homines,
826 3779 1024 3834 nostris
1081 3781 1133 3833 in
1183 3781 1434 3836 cordibus
1465 3797 1494 3834 a
1546 3783 1786 3849 maligno
1833 3783 2071 3850 insitam,

2176 3787 2524 3860 ὲγγινομένην
2554 3788 2682 3856 ἡμῖν
2701 3787 2757 3837 ὲν
2781 3786 2846 3855 τῇ
2884 3783 3076 3854 καρδίᾳ
3102 3782 3204 3835 ὑπὸ
3231 3782 3331 3835 τοῦ
3361 3776 3618 3850 πονηροῦ,
3644 3774 3732 3828 αὑ-

516 3868 620 3922 viri
649 3868 776 3936 justi
809 3869 1108 3935 expellunt,
1136 3869 1410 3938 Deumque
1445 3871 1602 3925 labiis
1627 3872 1927 3939 celebrant,
1955 3888 2073 3928 cum

2176 3879 2271 3951 τὴν
2307 3879 2401 3949 μὲν
2431 3877 2774 3929 ἀποσείονται
2809 3875 2862 3926 ὀί
2903 3873 3116 3936 δίκαιοι,
3169 3875 3286 3936 τοῖς
3315 3873 3373 3925 δὲ
3414 3869 3611 3941 χείλεσι
3650 3862 3732 3916 τὸν

517 3956 592 4011 ita
644 3956 910 4024 malignus
949 3972 1045 4010 eos
1086 3961 1394 4014 tentaverit.
1443 3958 1500 4013 Si
1549 3964 1685 4014 enim
1725 3979 1842 4015 cum
1880 3964 2074 4017 inimici

2176 3973 2307 4025 Θεὸν
2347 3969 2622 4038 ὑμνοῦσιν,
2660 3969 2786 4020 ὅταν
2827 3965 2998 4028 οὕτως
3038 3965 3216 4026 αὐτοῖς
3250 3967 3276 4016 6
3329 3961 3567 4034 πονηρὸς
3609 3959 3732 4010 ὐπο-

516 4063 768 4113 εεδεηιιιδ,
800 4048 971 4117 inquit
1011 4047 1208 4103 Paulus
1228 4050 1295 4114 ’³,
1325 4053 1643 4106 reconciliati
1662 4071 1838 4109 sumus
1857 4055 1965 4110 Deo
1991 4073 2073 4127 per

2179 4064 2364 4133 ϐάλλιγ
2386 4064 2453 4116 El
2478 4061 2584 4129 γὰρ
2611 4059 2809 4128 ἐχθροὶ
2840 4057 3028 4123 ὄντες,
3055 4058 3214 4126 φησὶν
3243 4058 3274 4108 6
3304 4055 3569 4115 Παῦλος·,
3603 4062 3704 4101 κατ

517 4152 732 4196 "cortem
781 4141 910 4195 Filii
956 4144 1092 4212 ejus.
1140 4142 1291 4209 Quod
1327 4147 1371 4199 si
1419 4147 1699 4203 inimicitia
1737 4153 1927 4206 vitium
1973 4164 2074 4218 est,

2178 4155 2527 4223 ηλλάγημεν
2568 4152 2649 4218 τῷ
2709 4151 2828 4217 Θεῷ
2873 4149 2967 4202 διὰ
3001 4149 3104 4202 τοῦ
3133 4148 3397 4204 θανάτου
3447 4146 3554 4200 τοῦ
3605 4138 3728 4195 Υίοῦ

518 4234 707 4302 utique
755 4233 990 4288 amicitia
1020 4234 1192 4288 virtus
1218 4244 1272 4288 et
1301 4227 1506 4306 agnitio
1546 4239 1659 4304 Dei,
1685 4257 1792 4310 qua
1820 4241 2075 4298 eﬂicimur

2177 4245 2394 4302 αὐτοῦ’
2437 4247 2485 4297 εἰ
2515 4245 2570 4298 δὲ
2599 4246 2632 4314 ἡ
2665 4243 2859 4314 ἔχθρα,
2892 4243 3058 4295 κακία
3097 4242 3262 4304 ἐστὶν,
3310 4243 3344 4312 ή
3397 4239 3546 4309 φιλία
3574 4229 3727 4305 ἀρετὴ

516 4325 674 4379 amici
710 4325 829 4391 ejus
871 4334 925 4381 et
964 4336 1274 4382 sanctarum
1317 4339 1660 4398 potestatum.
1696 4331 1813 4387 Jam
1853 4335 1943 4405 qui
1989 4337 2073 4392 tali

2179 4342 2271 4395 καὶ
2286 4339 2483 4408 γνῶσις
2503 4337 2658 4399 Θεοῦ,
2683 4337 2749 4389 δι’
2780 4333 2847 4409 ἧς
2874 4337 3013 4406 φίλοι
3036 4337 3295 4407 γινόμεθα
3314 4333 3482 4388 αὐτοῦ
3509 4330 3599 4384 καὶ
3630 4325 3729 4380 τῶν

518 4413 770 4467 amicitia:
805 4429 1004 4486 genere
1036 4417 1146 4471 Deo
1177 4417 1377 4474 fuerint
1420 4420 1608 4489 amici,
1640 4427 1826 4493 utique
1857 4435 1910 4479 et
1943 4425 2075 4481 invi-

2181 4431 2349 4502 ἁγίων
2369 4431 2648 4500 δυνάμεων
2671 4448 2685 4461 ο
2711 4428 2803 4481 ἐπὶ
2819 4428 2875 4480 δὲ
2895 4428 2995 4497 τῆς
3024 4427 3199 4496 φιλίας
3238 4425 3464 4495 ταύτης,
3503 4424 3550 4474 οί
3588 4419 3725 4476 ὄντες

519 4517 635 4560 cem
659 4507 816 4561 amici
848 4517 1027 4562 erunt.

2179 4520 2341 4576 αὑτοῦ
2371 4522 2530 4592 φίλοι,
2555 4522 2644 4574 xui.
2666 4520 2904 4590 ἀλλήλων
2931 4519 3035 4572 εἰσὶ
3057 4517 3217 4587 φίλοι.

587 4599 635 4632 θ’
661 4599 903 4666 Domine,
946 4611 1066 4657 ante
1099 4612 1148 4656 te
1179 4619 1330 4659 omne
1372 4605 1695 4661 desiderium
1726 4625 1897 4664 meum
1923 4611 1962 4678 ‘,
1992 4611 2078 4666 in-
2108 4678 2138 4683 ᾗ

2248 4617 2445 4683 Κύριε,
2464 4612 2737 4666 ἐναντίον
2752 4627 2866 4665 σου
2891 4611 3054 4664 πᾶσα
3069 4611 3104 4677 ἡ
3120 4610 3400 4680 ἐπιθυμία
3408 4625 3546 4678 μου,
3574 4598 3723 4672 φησὶν

517 4691 637 4762 quit
667 4691 853 4748 David.
882 4692 937 4746 ιιι
965 4705 1069 4760 est,
1099 4697 1355 4766 quidquid
1389 4697 1496 4752 Deo
1537 4711 1744 4769 gratum
1775 4713 1880 4767 est,
1920 4716 1967 4759 et
1987 4704 2074 4772 ju-

2179 4710 2207 4762 6
2231 4678 2389 4759 Auuiﬁ
2407 4722 2421 4737 ο
2448 4703 2721 4756 τουτέστιν
2746 4703 2845 4755 ὅσα
2866 4701 2942 4772 τῷ
2975 4699 3094 4771 Θεῷ
3123 4678 3347 4773 ἀρεστά,
3383 4700 3475 4752 καὶ
3511 4689 3721 4748 δικαίοις

520 4791 635 4836 stos
655 4781 830 4850 decet,
865 4783 918 4838 id
953 4787 1245 4854 optandum
1279 4796 1381 4853 est,
1406 4796 1467 4840 ut
1487 4789 1830 4857 acceptabilis
1852 4792 1922 4845 sit
1949 4807 2070 4847 ora-

2176 4800 2422 4871 ἁρμὸζει,
2444 4797 2727 4867 ἐπιθυμεῖν
2751 4795 2875 4867 χρὴ,
2908 4794 2994 4846 ἵνα
3019 4793 3182 4865 δεκτὴ
3215 4795 3248 4865 ἡ
3281 4788 3553 4866 προσευχὴ
3578 4778 3717 4854 ἡμῶν

522 4875 598 4930 ιίο
625 4883 812 4929 nostra
844 4891 1027 4930 coram
1051 4877 1199 4933 Deo.
1223 4879 1291 4932 At
1334 4879 1527 4947 impius
1561 4881 1858 4950 perditione
1885 4896 2075 4952 perpe-

2177 4889 2396 4959 γένηται
2440 4888 2677 4941 ἐναντίον
2721 4885 2814 4938 τοῦ
2845 4883 2978 4937 Θεοῦ
3003 4901 3016 4915 ο
3056 4885 3086 4937 6
3126 4883 3182 4936 δὲ
3227 4883 3448 4952 ἀσεϐὴς,
3493 4871 3719 4938 ἀπωλείᾳ

521 4976 608 5020 tua
642 4967 1046 5039 circumagitur,
1068 4968 1197 5024 dum
1225 4985 1346 5040 qua:
1370 4971 1478 5027 Deo
1497 4973 1717 5028 minime
1747 4983 1900 5044 grata
1926 4984 2071 5041 sunt,

2179 4981 2370 5052 uiwviq.
2390 4980 2741 5052 περιφέρεται
2773 4981 2830 5031 ὲν
2853 4975 2929 5047 τῷ
2952 4963 3234 5047 ἐπιθυμεῖν
3257 4977 3350 5029 καὶ
3377 4973 3628 5046 πράττειν
3659 4961 3719 5016 τά

522 5059 666 5125 cupit
695 5061 932 5129 agitque.
1010 5067 1013 5069 ’
2039 5138 2049 5147 _

2039 5138 2049 5147 _
2182 5074 2255 5146 μὴ
2281 5072 2399 5143 Θεῷ
2424 5072 2571 5141 φίλα.

591 5149 612 5180 ⁸
641 5147 698 5202 Si
726 5151 890 5207 timor
925 5151 1018 5207 Dei
1036 5153 1186 5208 addit
1210 5155 1345 5220 dies,
1364 5154 1573 5210 initium
1602 5163 1779 5210 autem
1798 5155 2076 5225 sapientia:

2249 5165 2312 5218 Εί
2346 5164 2507 5233 φόϐος
2527 5161 2728 5233 Κυρίου
2763 5159 3113 5232 προστίθησιν
3145 5159 3373 5230 ἡμέρας,
3400 5152 3537 5224 ἀρχὴ
3564 5149 3614 5201 δὲ
3641 5160 3717 5198 σο-

525 5238 686 5291 timor
718 5240 949 5309 Domini,
983 5246 1166 5313 utique
1199 5247 1253 5300 lii
1284 5247 1398 5301 dies
1425 5258 1609 5312 partes
1651 5249 1927 5318 sapientiae
1952 5257 2077 5304 sunt

2182 5258 2308 5328 φίας
2331 5255 2489 5325 φόϐος
2508 5254 2732 5325 Κυρίου,
2753 5255 2808 5306 αἱ
2836 5253 3035 5324 ἡμέραι
3064 5248 3240 5315 αὗται,
3266 5251 3400 5322 μέρη
3427 5246 3521 5315 τῆς
3544 5238 3716 5308 σοφίας

529 5344 557 5381 a
580 5331 804 5399 jtlSllliaB
840 5335 954 5390 sole
993 5351 1282 5392 concessae.
1306 5337 1437 5392 Nam
1466 5339 1548 5392 vir
1581 5343 1891 5410 proficiens,
1921 5351 2080 5413 auget

2184 5350 2318 5401 εἰσὶν
2345 5347 2447 5400 ὑπὸ
2469 5345 2562 5400 τοῦ
2595 5345 2744 5416 ἡλίου
2767 5345 2866 5415 τῆς
2890 5345 3228 5416 δικαιοσύνης
3261 5341 3562 5411 γινόμεναι·
3597 5344 3713 5399 προ-

525 5423 773 5480 notiOnes
792 5435 846 5480 et
871 5427 1310 5486 illuminatioues.
1337 5431 1442 5486 Pro
1473 5434 1660 5490 diebus
1681 5443 1858 5490 autem
1892 5436 2080 5505 hujus-

2186 5440 2398 5492 κόπτων
2412 5437 2519 5510 γὰρ
2542 5437 2858 5508 προστίθησι
2887 5435 3112 5506 γνώσεις
3135 5439 3227 5490 καὶ
3250 5428 3564 5504 φογεισμούΐ
3586 5421 3711 5510 ὑπὲρ

527 5516 671 5571 modi
702 5530 822 5573 orat
845 5511 1032 5588 David,
1064 5525 1250 5580 dicens
1279 5544 1294 5581 :
1332 5523 1412 5580 Ne
1449 5543 1651 5581 revoces
1678 5544 1756 5582 me
1779 5531 1832 5583 in
1859 5530 2082 5584 dimidio

2185 5531 2242 5584 δὲ
2274 5506 2522 5584 τοιούτων
2562 5506 3028 5600 ⁷ίγμερίιῦνείδχεται
3058 5527 3151 5580 καὶ
3199 5525 3356 5580 Δαυῖδ
3395 5521 3588 5588 λέγων·
3622 5506 3707 5572 Μὴ

599 5682 646 5715 ’⁸
679 5697 728 5736 v.
757 5683 847 5736 i2.
921 5683 966 5714 "
1000 5699 1048 5740 v.
1085 5687 1163 5742 l7.
1251 5689 1296 5721 "
1335 5704 1384 5743 γ.
1416 5688 1464 5742 4.
1545 5688 1642 5742 "v
1692 5689 1742 5743 5.
1823 5689 1867 5720 ³³
1907 5704 1955 5746 v.
1993 5688 2077 5743 Π.

536 5753 617 5808 ιο.
687 5753 708 5782 ⁸
735 5767 784 5808 v.
815 5753 903 5806 27.

2157 5691 2197 5721 ’τ
2228 5706 2274 5744 v.
2312 5690 2394 5746 18.
2473 5683 2751 5740 ’⁸Βι)ιιι.ν.
2791 5683 2875 5738 10.
2947 5682 2991 5716 ⁹³
3036 5695 3084 5735 ν.
3112 5679 3204 5738 "24.
3282 5679 3296 5709 ¹
3342 5670 3481 5732 l'sal.
3527 5673 3711 5721 xxxv",

600 5788 617 5806 ο
689 5767 784 5808 ·ν.
815 5767 903 5806 ΖΙ.
