3942 6318
473 320 565 374 I9!
1355 320 1910 380 SUPPLEMENTUM
1937 320 2028 374 AD

2159 317 2389 377 lGENlS
2430 302 2845 381 ΕΧΕοετιεΑ.
3610 314 3708 371 I93

467 460 588 502 esse
614 445 782 501 animi
812 456 1041 517 partem,
1068 461 1233 517 quam
1264 444 1480 515 quidam
1534 445 1923 507 irrationalem.
1947 448 2015 503 ali

2149 441 2448 515 θυμητικὸν
2482 431 2648 509 μέρος
2667 440 2773 511 τῆς
2802 438 2970 510 ψυχῆς
2988 456 3000 468 ·
3022 437 3158 506 ὅπερ
3176 433 3319 498 τινὲς
3347 432 3464 505 μὲν,
3493 431 3706 517 ἄλογον·

466 546 647 590 autem
700 516 1029 606 patbcticam
1062 516 1349 607 appellant.
1385 532 1558 590 Homo
1611 544 1791 589 autem
1829 549 1898 589 ex
1946 526 2023 600 iis,

2153 534 2277 599 τινὲς
2329 535 2407 599 δὲ,
2462 527 2763 601 παθητικὸν
2806 530 2967 602 μέρος
3010 525 3285 581 καλοῦσιν.
3342 524 3400 577 '0
3430 522 3488 575 δὲ
3532 521 3594 587 ἐξ
3633 516 3710 576 ὧν

465 643 588 697 qua:
639 628 768 685 fecit
802 630 1085 699 docetque,
1136 626 1311 691 bonis,
1357 641 1502 681 nunc
1529 626 1745 696 quidem
1772 628 2022 697 cognitio-

2150 625 2306 680 ἐποίει
2333 624 2428 678 καὶ
2446 620 2691 677 διδάσκει
2720 619 2956 692 ἀγαθῶν,
2982 615 3229 671 ἐντεῦθεν
3255 614 3353 687 μὲν
3374 612 3577 683 γνῶσιν
3598 629 3707 666 aui--

468 733 589 773 nem
647 721 1008 789 corporalium
1045 728 1100 774 et
1154 717 1571 788 incorporalium
1600 758 1614 781 ,
1658 719 1709 773 in
1760 729 2025 790 posterum

2151 718 2321 772 scier
2349 715 2443 771 xui.
2483 712 2789 783 ἀσωμάτων
2827 713 2888 765 ὲν
2934 709 3013 781 τῷ
3043 707 3288 781 μέλλοντι
3325 705 3383 760 δὲ
3427 703 3708 776 βασιλείαν

466 821 646 865 autem
674 827 898 882 regnum
930 810 1192 865 caelorum
1238 809 1471 879 acquirit
1508 809 1612 866 sibi
1649 810 2023 882 discipulisque

2148 807 2376 884 ›ὑρανῶν
2394 850 2409 875 ,
2449 808 2810 880 περιποιεῖται
2844 801 3020 873 ἑαυτῷ
3041 801 3134 855 καὶ
3176 801 3289 863 τοῖς
3333 795 3670 871 μαθητιῶσιν
3688 812 3705 827 ο

467 900 604 954 suis.
640 899 956 955 Pessumdat
1006 913 1134 953 vero
1189 914 1294 953 non
1335 915 1493 953 suum
1538 909 1742 954 tantum
1798 916 2024 971 corpus;

2153 900 2367 969 ιξολλύει
2397 900 2455 954 δὲ
2495 899 2554 952 οὐ
2589 898 2747 970 μόνον
2769 896 2831 950 τὸ
2857 892 3052 950 ἑαυτοῦ
3087 891 3269 963 σῶμα,
3305 888 3443 944 ἀλλά
3480 889 3577 942 καὶ
3604 887 3710 958 τὴν

465 992 557 1045 sed
586 991 746 1046 etiam
787 988 1046 1056 animam,
1078 1004 1201 1046 cum
1232 990 1297 1046 iis
1341 990 1431 1059 qui
1464 990 1512 1045 ei
1564 990 1887 1060 obaudiunt,
1920 993 2022 1067 igni

2151 995 2327 1066 μυχὴν,
2364 995 2461 1048 σὺν
2478 994 2593 1056 τοῖς
2614 988 2956 1061 πειθομένοις
2979 984 3145 1057 αὐτῷ,
3170 982 3250 1056 τῷ
3280 982 3413 1054 πυρὶ
3435 980 3708 1035 συναπόλ-

463 1082 662 1137 exitiali
696 1082 991 1137 contradit.

741 1082 991 1137 outradit.
2127 1089 2298 1143 λυσιν.

534 1175 576 1207 ⁸³
597 1173 690 1228 Ille
716 1173 896 1228 manui
920 1188 1112 1230 manus
1135 1174 1329 1229 inserit
1362 1173 1576 1242 injuste,
1611 1175 1699 1244 qui
1736 1191 2026 1247 pravorum

2198 1176 2364 1244 Οὗτος
2386 1179 2529 1251 χειρὶ
2555 1179 2742 1249 χεῖρας
2761 1174 3014 1248 ἐμϐάλλει
3047 1171 3268 1235 ἀδίκως,
3292 1172 3321 1223 6
3342 1168 3526 1224 κακῶν
3550 1167 3706 1237 γινό-

464 1270 520 1321 llt
543 1282 764 1337 operum
802 1268 1226 1337 dogmatuinqne
1272 1260 1545 1339 magister.
1586 1270 1681 1325 Ille
1719 1279 1899 1324 autem
1940 1270 2021 1340 ju-

2150 1290 2286 1337 ιενος
2315 1270 2654 1344 πραγμάτων
2690 1269 2784 1322 καὶ
2838 1266 3122 1338 δογμάτων
3154 1263 3497 1325 διδάσκαλοςο
3542 1255 3707 1325 οὗτος

459 1356 664 1412 stitiam
699 1358 855 1422 serit,
880 1359 972 1428 qui
1004 1357 1071 1413 de
1098 1357 1392 1416 virtutibus
1428 1371 1482 1417 et
1510 1360 1603 1417 Dei
1644 1361 1871 1418 scientia
1901 1379 2016 1434 pro-

2147 1350 2182 1411 ῑὲ
2207 1358 2419 1430 σπείρει
2441 1355 2806 1427 δικαιοσύνην,
2831 1356 2860 1409 6
2887 1355 3014 1427 περὶ
3041 1351 3251 1426 ἀρετῶν
3277 1352 3371 1406 καὶ
3398 1348 3533 1404 Θεοῦ
3555 1348 3704 1419 γνὼ-

460 1444 567 1500 l’ert
597 1460 911 1503 sermones.
987 1478 1009 1496 κ

2127 1467 2262 1514 σεως
2283 1449 2604 1522 προϊέμενος
2631 1447 2840 1518 λόγους.

532 1537 577 1569 ’δ
611 1538 680 1593 lis
706 1538 796 1608 qui
850 1537 902 1591 in
948 1537 1182 1609 propriis
1217 1546 1444 1605 serunt,
1472 1549 1527 1597 et
1565 1542 1718 1611 plura
1766 1541 2022 1612 elIiciunt,

2192 1541 2318 1605 Τοῖς
2348 1541 2427 1605 εἰς
2467 1539 2537 1594 τὰ
2579 1539 2685 1594 ίδια
2717 1538 3016 1612 σπείρουσι,
3050 1538 3145 1591 καὶ
3176 1534 3395 1590 πλείονα
3424 1533 3700 1597 ποιοῦσιν,

457 1638 805 1701 opponuntur
837 1629 911 1685 illi
943 1630 1034 1701 qui
1082 1618 1289 1686 minora
1332 1624 1608 1705 colligunt.
1643 1634 1744 1701 Qui
1795 1651 1926 1706 ergo
1968 1637 2014 1692 in

2142 1635 2449 1689 ὶντίκεινται
2493 1633 2543 1687 οἱ
2586 1633 2905 1701 συνάγοντες
2934 1634 3028 1684 καὶ
3060 1628 3437 1699 ἐλαττούμενοι
3456 1641 3472 1657 ⁶
3507 1628 3558 1680 οἱ
3582 1625 3699 1697 γὰρ

461 1722 692 1792 propriis
723 1732 931 1792 serunt,
968 1725 1002 1780 ii
1025 1734 1151 1780 sunt
1173 1723 1264 1794 qui
1302 1723 1356 1779 in
1387 1725 1575 1795 spiritu
1610 1736 1821 1794 serunt,
1852 1738 1906 1785 et
1942 1729 2018 1784 vi-

2139 1728 2190 1782 τά
2215 1727 2322 1782 ίδια
2344 1726 2670 1800 σπείροντες,
2698 1725 2833 1779 εἰσὶν
2846 1726 2894 1778 οἱ
2921 1725 3001 1787 εἰς
3023 1723 3084 1776 τὸ
3109 1720 3325 1793 πνεῦμα
3355 1719 3696 1792 σπείροντες,

462 1822 567 1867 tam
597 1824 807 1870 metunt
843 1817 964 1885 :qui
1016 1824 1195 1872 autem
1249 1816 1457 1871 minora
1506 1818 1788 1889 colligunt,
1814 1820 1852 1875 ii
1896 1830 2019 1876 sunt

2142 1820 2214 1872 ια)⁸
2237 1819 2381 1893 ζωὴν
2409 1818 2711 1891 θερίζοντες
2734 1834 2750 1850 ο
2780 1817 2829 1870 οἱ
2864 1815 2923 1870 δὲ
2949 1816 3271 1883 συνάγοντες
3313 1813 3406 1867 καὶ
3434 1812 3699 1868 ὲλαττοὺο

458 1904 552 1975 qui
595 1903 652 1961 in
679 1919 844 1964 carne
892 1918 1103 1978 serunt,
1132 1919 1188 1965 et
1218 1910 1621 1980 corruptionem
1653 1913 1755 1969 sibi
1798 1927 2015 1970 coacer-

2139 1930 2291 1977 ιενοι,
2323 1912 2463 1967 εἰσιν
2495 1912 2543 1965 οἱ
2564 1912 2644 1977 είς
2678 1911 2775 1983 τὴν
2798 1911 2977 1983 σάρκα
3001 1909 3335 1981 σπείροντες,
3367 1908 3460 1962 καὶ
3479 1906 3696 1979 φθορὰν

459 2007 607 2059 want.

2119 2006 2440 2075 συνάγοντες
2457 2004 2686 2068 ἑαυτοῖς.
3329 1991 3332 1995 ’

530 2091 574 2124 ¹⁵
610 2091 958 2149 Frumentum
1002 2102 1086 2150 est
1112 2092 1348 2151 divinum
1377 2096 1622 2163 verbum,
1671 2096 1812 2167 quod
1844 2094 2015 2155 τιυᾶωὶ

2185 2099 2334 2162 Σϊτος
2356 2098 2385 2151 6
2406 2096 2545 2160 θεῖος
2569 2094 2744 2164 λόγος,
2768 2092 2828 2148 6v
2854 2092 3298 2164 κατακρύψαντες
3332 2091 3384 2145 οἱ
3418 2089 3689 2155 Ἰουδαῖοι,

452 2182 806 2249 occultantes,
840 2185 1089 2254 gentibus
1108 2185 1532 2257 dereliquerunt.
1557 2187 1746 2244 Simile
1771 2180 1857 2245 est
1891 2189 2009 2246 huic

2132 2189 2401 2245 ιατέλιπον
2438 2187 2598 2242 αὐτὸν
2614 2189 2727 2251 τοῖς
2750 2185 2976 2240 ἔθνεσιν.
2998 2214 3070 2226 -
3094 2184 3313 2256 Ὅμοιόν
3339 2184 3455 2236 ἐστι
3503 2181 3689 2253 τούτῳ

449 2272 612 2329 etiam
665 2274 854 2331 illuda
887 2275 1179 2335 Senatore
1242 2287 1430 2335 nostro
1481 2280 1536 2336 in
1593 2282 1894 2351 Evangeliis
1927 2283 2006 2350 di-

2133 2286 2207 2341 ιαὶ
2245 2285 2307 2339 τὸ
2346 2283 2451 2338 ὑπὸ
2493 2280 2587 2336 τοῦ
2625 2279 2878 2352 Σωτῆρος
2910 2277 3067 2351 ἡμῶν
3101 2278 3159 2332 ὲν
3190 2280 3302 2340 τοῖς
3328 2274 3690 2345 Εὐαγγελίοις

448 2367 655 2422 ctum"
690 2380 708 2423 :
740 2364 908 2429 Nemo
930 2367 1196 2425 lucernam
1222 2373 1530 2438 accendens,
1569 2376 1720 2442 ponit
1756 2390 1871 2429 eam
1913 2374 2005 2430 sub

2127 2360 2431 2447 ιεγὸμενονο
2463 2371 2545 2436 r6,
2583 2371 2790 2434 οὐδεὶς
2828 2369 3060 2438 λύχνον
3090 2367 3270 2436 ἅψας,
3302 2367 3538 2434 τίθησιν
3566 2366 3684 2419 αὑ-

445 2459 638 2525 ηιοάέο,
660 2461 750 2514 sed
770 2476 926 2531 super
947 2461 1342 2530 candelabrum,
1381 2474 1438 2520 ut
1469 2465 1637 2519 luceat
1669 2465 1909 2523 omnibus
1922 2470 2002 2538 qui

2125 2468 2217 2522 ι’ὸν
2247 2466 2365 2521 ὑπὸ
2395 2463 2502 2519 τὸν
2521 2462 2753 2535 μόδιον,
2789 2456 3079 2517 diffracti
3107 2459 3221 2528 τὴν
3238 2453 3532 2526 ίζιυχνίαν,
3566 2456 3682 2510 τοῦ

443 2553 500 2608 in
524 2538 680 2608 domo
704 2562 850 2611 sunt.
890 2552 1046 2611 Sicut
1079 2555 1225 2613 enim
1260 2553 1590 2612 frumentum
1638 2558 1893 2614 alimonia
1924 2569 2000 2615 est

2125 2558 2343 2622 ραίνειν
2374 2553 2523 2612 πᾶσι
2549 2553 2672 2620 τοῖς
2703 2553 2776 2608 ἐν
2799 2550 2875 2622 τῇ
2901 2551 3088 2618 οἰκίᾳ·
3117 2548 3304 2619 ὥσπερ
3335 2547 3442 2619 γὰρ
3467 2548 3495 2600 6
3530 2548 3682 2610 σῖτος

442 2644 692 2714 corporis
718 2684 735 2711 ,
770 2645 844 2701 ita
898 2645 992 2702 Dei
1029 2648 1304 2720 cognitio,
1334 2657 1420 2704 est
1460 2649 1677 2707 animm.
1734 2649 1835 2718 Qui
1879 2666 1999 2709 vero

2120 2651 2278 2724 τροφή
2328 2650 2443 2702 ἐστι
2491 2644 2572 2719 τῷ
2614 2645 2846 2717 σώματι,
2913 2642 3088 2706 οὕτως
3133 2642 3168 2712 ἡ
3213 2638 3334 2693 θεία
3373 2636 3574 2708 γνῶσις
3605 2640 3677 2709 τῇ

443 2744 735 2806 utrumque
762 2736 1074 2793 alimentum
1111 2739 1292 2804 habet,
1319 2754 1420 2795 nec
1447 2749 1627 2796 tamen
1657 2744 1879 2814 prabet,
1911 2745 2000 2799 sed

2119 2742 2247 2815 ιιυχῇ
2269 2758 2282 2771 ο
2304 2743 2333 2795 6
2364 2739 2421 2794 δὲ
2452 2738 2552 2812 τὴν
2573 2738 2681 2793 τῶν
2711 2735 3036 2808 ἀμφοτέρων
3060 2732 3266 2805 τροφὴν
3301 2730 3439 2801 ἔχων
3466 2729 3559 2783 καὶ
3597 2730 3676 2800 μὴ

444 2831 745 2885 mercedem
768 2845 864 2901 pro
888 2830 972 2887 his
991 2832 1159 2904 exigit
1183 2833 1250 2891 ab
1278 2833 1343 2890 iis
1367 2836 1458 2907 qui
1487 2836 1620 2890 dare
1647 2851 1750 2892 non
1779 2836 2001 2902 habent,

2120 2834 2379 2908 παρέχων,
2404 2832 2518 2887 ἀλλ’
2548 2831 2688 2904 ὑπὲρ
2711 2828 2915 2883 τούτων
2953 2826 3141 2898 μισθὸν
3171 2825 3393 2879 ἀπαιτεῖ
3429 2824 3542 2887 τοῖς
3569 2823 3677 2874 οὐκ

442 2930 610 2978 totum
635 2922 686 2979 id
707 2923 1040 2981 dzemonibus
1070 2925 1357 2996 relinquet.
1394 2926 1527 2982 Dicit
1556 2942 1678 2983 eum
1705 2927 1818 2985 fore
1839 2931 1999 2986 etiam

2117 2929 2284 3000 ἔχουσι
2307 2925 2509 2991 δοῦναι,
2532 2923 2844 2980 ὐπολίποιτο
2872 2920 3033 2975 αὐτὸν
3047 2921 3159 2982 τοῖς
3180 2917 3447 2989 δαίμοσιν.
3464 2914 3674 2985 Γράφει

442 3008 621 3085 populi
663 3012 1108 3085 exsecrationem,
1134 3022 1259 3088 quia
1291 3020 1341 3076 ei
1389 3025 1456 3079 ab
1505 3023 1818 3095 angelorum
1865 3039 1999 3079 cun-

2147 3039 2158 3074 :
2194 3021 2288 3074 καὶ
2313 3018 2777 3091 δημοκατάρατον,
2807 3015 2888 3067 ὅτι
2927 3011 3031 3066 ὑπὸ
3059 3011 3148 3064 τὸν
3174 3009 3345 3080 δῆμον
3368 3006 3476 3060 τῶν
3506 3005 3675 3074 (Ity-4;-
3700 3059 3704 3062 ς

438 3118 758 3179 ctorumque
797 3108 1062 3179 justorum
1094 3116 1291 3184 populo
1329 3114 1384 3170 in
1436 3115 1524 3170 die
1555 3115 1739 3186 iudicii
1782 3116 1995 3172 maledi-

2119 3120 2210 3167 twv
2229 3110 2321 3165 καὶ
2344 3109 2558 3163 πάντων
2580 3105 2688 3160 τῶν
2701 3104 2924 3159 δικαίων
2939 3104 2995 3158 ἐν
3009 3104 3077 3173 τῇ
3099 3099 3281 3173 ἡμέρᾳ
3293 3096 3676 3171 τῆςκρίσεως,

436 3207 606 3252 εειιιτ.

2030 3200 2076 3220 “¹
2104 3203 2498 3274 έπικατάρατος
2523 3200 2694 3254 ἔσται.

510 3289 552 3320 ¹⁷
584 3288 813 3348 Fabrica
840 3295 1132 3351 secundum
1164 3296 1434 3368 spiritum,
1461 3308 1544 3354 εει
1568 3299 1864 3369 practicum
1902 3301 2001 3357 bo-

2170 3294 2462 3365 Τεκτονική
2489 3294 2602 3346 ἐστι
2624 3288 2768 3344 κατά
2798 3286 3013 3358 πνεῦμα
3036 3286 3069 3358 ή
3095 3280 3370 3355 πρακτικὴ
3394 3280 3503 3334 τῶν
3527 3279 3671 3348 ἁγα-

436 3395 626 3437 narum
662 3382 919 3439 virtutum
969 3388 1310 3443 exercitium.
1346 3389 1449 3458 Qui
1502 3390 1609 3446 Deo
1639 3391 1816 3446 debita
1849 3407 1993 3448 exse-

2118 3388 2207 3443 ιῶν
2252 3385 2460 3460 ἀρετῶν
2497 3378 2763 3455 ὲργασίαυ
2810 3378 2840 3431 6
2883 3377 2941 3431 δὲ
2991 3375 3061 3431 τὰ
3105 3374 3224 3445 Θεῷ
3275 3369 3675 3441 ὲποφειλόμενα

434 3472 639 3545 quitur,
672 3477 864 3546 quaerit
891 3478 1026 3534 alios
1057 3482 1165 3535 Deo
1213 3491 1395 3551 gratos
1437 3484 1700 3549 homines,
1732 3484 1822 3553 qui
1850 3499 1991 3556 mque

2116 3483 2371 3555 τράττων,
2403 3477 2555 3549 ζητεῖ
2590 3472 2914 3546 θεαρέστους
2954 3468 3171 3540 ἄνδρας,
3205 3464 3523 3538 δεχομένους
3565 3462 3673 3526 τὰς

437 3566 545 3621 Deo
577 3558 1088 3643 debita'peragcnda
1133 3569 1454 3643 suscipiant,
1490 3583 1547 3627 ut
1579 3575 1717 3630 sicut
1762 3575 1894 3643 ipse,
1927 3577 1994 3631 ita

2116 3571 2213 3642 5εῷ
2240 3566 2548 3638 ὲποφειλὰς,
2601 3564 2687 3618 ἵνα
2739 3562 2926 3631 ῶσπερ
2964 3557 3125 3622 αὐτὸς
3168 3558 3261 3611 καὶ
3293 3556 3445 3611 αὐτοὶ
3493 3556 3673 3626 ἐμπο-

431 3668 486 3711 ει
516 3656 589 3712 illi
617 3673 674 3714 se
700 3672 892 3731 gerant
914 3680 925 3716 :
947 3678 1102 3720 secus
1133 3680 1392 3732 vero,eos
1422 3665 1511 3737 qui
1548 3680 1646 3736 pro
1676 3642 1831 3723 bonis
1859 3667 1988 3722 mala

2117 3663 2359 3717 asdmvrat
2376 3677 2392 3693 ’
2420 3659 2546 3721 τοὺς
2572 3657 2629 3711 δὲ
2661 3654 2735 3727 μὴ
2760 3652 2829 3707 τὰ
2854 3647 3164 3717 καλά,ἀλλά
3183 3647 3253 3702 τὰ
3281 3646 3428 3702 κακὰ
3448 3644 3674 3718 ζητοῦν-

435 3757 619 3819 agunt,
646 3751 855 3807 vitabit.

2092 3772 2211 3819 τας,
2248 3751 2572 3823 παρήσεται.

502 3837 546 3870 ¹⁸
576 3838 699 3914 Haec
727 3851 807 3896 est
836 3844 959 3900 vita:
979 3847 1145 3901 arbor
1171 3846 1224 3901 in
1250 3848 1427 3903 medio
1452 3849 1705 3920 paradiso
1736 3851 1994 3923 planlala,

2164 3845 2334 3900 Τοῦτο
2382 3844 2444 3897 r6
2486 3841 2698 3913 δένδρον
2733 3838 2834 3909 τῆς
2873 3836 3016 3906 ζωῆς
3050 3836 3165 3887 ἐστι
3209 3832 3272 3885 r6
3306 3829 3567 3902 φυτευθὲν
3603 3830 3667 3883 ὲν

431 3927 586 3999 cuius
641 3942 890 3987 contactu
936 3934 1274 3992 interdictum
1310 3937 1411 3993 fuit
1456 3939 1684 4005 Adamo,
1732 3921 1823 4010 qui
1877 3953 1988 4011 post

2111 3938 2247 4009 ιέσῳ
2271 3935 2364 3990 τοῦ
2389 3925 2810 4006 παραδείσου,οῦ
2839 3926 3076 3998 ἅψασθαι
3105 3924 3242 3998 μετά
3263 3924 3362 3996 τὴν
3386 3921 3668 3994 ἁμαρτίαν

431 4031 708 4089 pet-catum
739 4025 942 4079 semina
986 4027 1214 4098 jnstitiae
1267 4028 1577 4099 abiecerat,
1637 4033 1777 4088 unde
1833 4035 1988 4090 arbor

2113 4029 2344 4098 ἐκωλύθη
2371 4027 2400 4079 6
2437 4024 2626 4095 Ἀδὰμ,
2646 4022 2716 4077 τὰ
2740 4022 3026 4093 σπέρματα
3047 4018 3147 4089 τῆς
3169 4015 3509 4087 δικαιοσύνης,
3533 4016 3670 4070 ἀπο·

430 4112 556 4168 vita:
579 4114 916 4183 producitur.

2098 4118 2296 4184 ϐαλὼν,
2319 4117 2411 4188 ἀφ’
2440 4109 2514 4171 ὧν
2547 4115 2739 4187 φύεται
2769 4113 2831 4167 r6
2853 4111 3064 4183 δένδρον
3085 4107 3185 4179 τῆς
3205 4106 3367 4177 ζωῆς.

1906 4218 2059 4275 CAP.
2100 4217 2220 4273 XII.

498 4309 541 4342 “
578 4307 660 4365 Nc
685 4311 895 4380 quando
917 4319 1089 4367 taceas
1113 4329 1146 4368 a
1170 4330 1274 4379 me,
1310 4315 1385 4370 ait
1424 4315 1592 4373 David
1609 4319 1677 4383 ",
1703 4325 1754 4375 et
1777 4317 1986 4372 assimi-
2019 4326 2055 4384 ι]

2158 4312 2401 4379 Μήποτε
2427 4305 2904 4378 παρασιωπήσῃς
2922 4300 3199 4372 ἀπ’ὲμοῦ,
3229 4300 3391 4370 φησὶν
3410 4299 3439 4351 6
3475 4296 3666 4362 Δαυῖδ,

424 4396 573 4451 labor
598 4399 1025 4457 descendentibus
1060 4403 1116 4456 in
1141 4403 1335 4461 lacum.
1362 4406 1459 4461 Vir
1485 4406 1704 4480 iniquus
1733 4407 1981 4465 tacebitut

2101 4405 2187 4459 ml
2213 4401 2645 4475 ὀμοιωθήσομαι
2663 4398 2786 4464 τοῖς
2802 4396 3262 4452 καταϐαίνουσιν
3288 4393 3375 4457 εὶς
3402 4389 3658 4445 λάκκον.

425 4504 456 4543 a
476 4489 601 4557 Deo,
624 4490 676 4546 id
704 4500 807 4561 est,
833 4493 958 4548 odio
993 4494 1296 4563 habebitur,
1330 4514 1430 4554 nec
1462 4499 1830 4556 misericordia
1860 4501 1982 4559 l’rue

2109 4497 2274 4569 ’Λνὴρ
2304 4495 2619 4567 παράνομος
2638 4488 3192 4562 παρασιωπηθήσεται
3222 4484 3326 4538 ὑπὸ
3364 4482 3456 4536 τοῦ
3487 4480 3659 4544 Θεοῦ,

426 4593 534 4649 tur,
558 4599 683 4639 cum
709 4585 929 4654 prmmia
972 4586 1038 4642 iis
1067 4588 1159 4658 qui
1190 4587 1580 4648 incarnationis
1607 4607 1721 4649 sua:
1759 4594 1983 4665 gratiam

2104 4588 2331 4643 τουτέστι
2360 4586 2741 4659 μισηθήσεται,
2774 4583 2867 4636 καὶ
2891 4581 2990 4634 οὐκ
3022 4577 3394 4649 ὲλεηθήσεται,
3429 4575 3557 4628 ὅταν
3585 4572 3661 4626 τὰ

423 4675 758 4730 admiserunt
800 4677 1047 4733 Christus
1101 4679 1431 4747 distribuet,
1471 4691 1631 4751 prout
1679 4662 1880 4742 dicitur
1930 4686 1980 4743 in

2101 4680 2225 4753 γέρα
2269 4682 2380 4743 τοῖς
2420 4678 2519 4748 τὴν
2557 4675 2716 4747 χάριν
2739 4675 2838 4745 τῆς
2866 4672 3126 4742 ὲνσάρκου
3150 4666 3454 4737 οἰκονομίας
3490 4662 3658 4717 αὺτοῦ

423 4766 725 4839 Evangeliis
756 4783 771 4821 :
807 4767 878 4822 Et
898 4771 1135 4846 gratiam_
1149 4786 1244 4841 pro
1266 4774 1519 4849 gratia".

2100 4774 2413 4846 ῑεξαμένοις,
2432 4769 2700 4840 ἀπονέμῃ.
2724 4766 2865 4822 καθά
2885 4780 3045 4835 φησιν
3068 4764 3124 4815 ὲν
3158 4758 3524 4830 Εὐαγγελίοις,
3541 4758 3657 4814 Καὶ

1464 4880 1469 4885 ’
2083 4865 2260 4936 χάριν
2289 4863 2423 4920 ἀντὶ
2445 4861 2707 4934 χάριτος.

1875 4959 2028 5017 CAP.
2068 4960 2208 5019 XIII.

493 5037 539 5071 ³²
558 5039 763 5096 Divitiae
778 5040 1063 5113 impiorum
1085 5045 1345 5115 nequitia,
1362 5062 1499 5119 quos
1516 5047 1649 5117 justi
1677 5050 1978 5125 destruent,

2157 5060 2391 5120 Πλοῦτος
2420 5055 2630 5112 ἀσεϐῶν
2667 5052 2850 5108 κακία.
2883 5050 2947 5105 Ol
2977 5048 3033 5102 δὲ
3063 5047 3257 5102 δίκαιοι
3287 5043 3655 5111 ὲξαναλώσουο

417 5140 563 5184 recto
586 5131 837 5190 videlicet
889 5137 1219 5206 magisterio.
1256 5137 1553 5210 Eapropter
1581 5143 1633 5197 in
1677 5144 1857 5199 lutum
1878 5163 1974 5201 sae-

2093 5164 2171 5201 σιν
2213 5148 2430 5212 αὐτοὺς,
2478 5144 2713 5218 δηλονότι
2756 5140 2844 5195 διὰ
2877 5140 2978 5209 τῆς
3015 5138 3225 5209 ἀγαθῆς
3263 5135 3609 5199 διδασκαλίας
3635 5152 3650 5165 ·

412 5222 536 5276 culo
579 5224 884 5291 quindecim
936 5229 1244 5284 civitatibus
1288 5231 1559 5302 pra'positi
1613 5246 1791 5293 erunt.
1839 5238 1969 5299 Nam

2094 5242 2256 5294 τοίνυν
2285 5234 2377 5295 κάι
2405 5241 2462 5292 ὲν
2495 5239 2572 5311 τῷ
2594 5236 2834 5310 μέλλοντι
2863 5233 3020 5287 αἰῶνι
3050 5232 3236 5286 ἐπάνω
3262 5228 3651 5283 πεντεκαίδεκα

409 5313 686 5370 εωιεειειιι
718 5317 1085 5374 hereditatem
1119 5336 1279 5390 quam
1325 5326 1536 5393 capturi
1576 5338 1733 5383 erant
1781 5330 1845 5395 ii,
1876 5334 1966 5400 qui

2092 5334 2286 5388 πόλεων
2325 5331 2601 5402 γενόμενοι
2621 5347 2634 5360 ·
2675 5327 2772 5400 τὴν
2792 5327 2900 5399 γὰρ
2915 5323 3265 5396 κληροδοσίαν
3286 5322 3384 5393 τὴν
3397 5323 3649 5392 οὐράνιον

412 5421 554 5498 nunc
583 5424 642 5462 se
670 5407 931 5477 iinpietati
981 5414 1329 5482 addixerunt,
1360 5415 1491 5493 justi
1539 5433 1969 5491 consequentur,

2086 5426 2144 5497 ἢν
2164 5422 2394 5498 ἤμελλον
2414 5420 2700 5475 ἀπολαϐεῖν
2730 5419 2779 5472 οἱ
2810 5417 3035 5489 ἀσεϐείᾳ
3067 5415 3261 5477 αὐτοὺς
3286 5413 3643 5475 ὲκδώσαντες,

407 5496 549 5552 sicut
593 5508 650 5553 et
698 5498 898 5558 Paulus
923 5506 999 5561 ait
1027 5504 1073 5538 ”
1111 5522 1125 5558 :
1168 5503 1468 5577 Secundum
1505 5508 1756 5566 duritiam
1799 5526 1964 5572 autem

2086 5496 2277 5588 ταύτην
2298 5514 2758 5587 κληρονομήσουσι
2780 5509 2997 5576 δίκαιοι,
3023 5506 3166 5563 καθὰ
3190 5507 3283 5562 καὶ
3302 5505 3509 5570 Παῦλὸς
3534 5521 3643 5575 φη-

482 5683 594 5760 is},
628 5687 717 5760 2|,
755 5687 797 5719 ἰ
820 5702 874 5760 ν.
905 5688 1011 5760 24.
1047 5687 1116 5760 Δί’
1148 5703 1198 5742 v.
1225 5687 1316 5742 26.
1344 5757 1369 5760 ὴ
1391 5687 1434 5719 ¹⁸
1464 5683 1654 5744 Matth.
1682 5692 1847 5754 ν,15.
1925 5694 1966 5727 "
2001 5711 2039 5750 v.

2083 5696 2172 5751 ΕΠ.
2249 5698 2359 5751 "‘v.
2392 5697 2479 5752 50.
2561 5697 2666 5749 "tr.
2699 5696 2752 5753 2.
2829 5696 2873 5727 ¹⁰
2892 5689 3034 5749 Psal.
3070 5706 3236 5760 xxv",
3281 5697 3330 5746 Ι.
3408 5691 3447 5723 ¹¹
3478 5688 3636 5745 Joan.

412 5767 451 5818 ι,
482 5754 565 5809 ιθ.
640 5758 684 5790 ’³
711 5774 761 5812 v.
801 5759 890 5815 22.
970 5758 1014 5792 "
1044 5756 1199 5815 Itoni.
1239 5774 1301 5827 tt,
1339 5757 1393 5814 5.
