3942 6318
186 410 283 464 193
1346 401 1431 456 EX
1441 401 1708 460 POSITIO
1741 405 1805 459 IN
1832 403 2248 461 PROVERBIA.
3307 396 3410 451 ill-5

187 539 282 582 σιν·
304 523 462 579 Κατὰ
483 522 551 577 δὲ
570 523 680 591 τὴν
694 519 1068 589 σκληρότητὰ
1087 535 1204 574 σου
1222 523 1317 578 καὶ
1344 524 1750 592 ἀμετανόητον

1872 535 1895 575 ·ι
1929 524 2255 592 impaenitens
2277 536 2386 587 cor,
2413 521 2734 574 thesaurizas
2765 519 2855 573 tibi
2885 519 3018 572 iram
3061 517 3113 570 in
3143 516 3226 569 die
3255 512 3347 568 ira:
3365 525 3412 568 et

184 637 292 675 σου
322 615 575 685 καρδίαν
603 611 969 682 θησαιῳίξεις
997 613 1231 680 σεαυτῷ
1256 615 1444 684 ὀργὴν
1470 616 1538 669 ἐν
1562 616 1750 685 ἡμέρᾳ

1872 614 2176 668 ‘crelationis
2213 612 2354 682 justi
2385 611 2576 682 judicii
2618 610 2732 665 Dei.
2765 611 2871 666 Sed
2899 611 3071 665 bonus
3097 606 3282 679 (Deus)
3305 605 3412 660 hae-

185 705 353 778 ὀρτῆς
383 708 478 760 καὶ
503 705 941 771 ἀποκαλύψεως
965 703 1064 757 καὶ
1101 704 1538 773 δικαιοκρισίας
1575 706 1752 760 θεοῦ.

1872 709 2004 761 ὀᾶοε
2024 706 2214 760 eﬂicict
2248 705 2388 772 illos,
2419 703 2534 774 qui,
2563 710 2620 756 ut
2665 703 2802 771 patri
2839 702 2953 767 ﬁlii,
2983 702 3030 756 ei
3075 699 3414 767 obtempera-

195 803 251 856 ’θ
285 801 338 854 δὲ
383 799 584 867 ἀγαθὸς
618 796 1007 866 κληροδοτῆσαι
1053 797 1270 868 ποιήσει
1313 799 1438 862 τοὺς
1481 799 1558 862 ὼς
1603 799 1755 862 υἱοὺς

1872 809 1998 864 ·ιιιιι,
2033 808 2194 868 atque
2227 798 2281 853 iu
2316 810 2540 868 regnum
2563 794 2826 852 cmlorutn
2853 786 3144 863 adoptabit.

189 895 344 966 πατρὶ
371 891 716 960 πειθομένους
740 888 907 959 αὐτῷ,
940 888 1034 941 καὶ
1071 889 1197 952 τοὺς
1230 889 1421 962 ἐκείνῳ
1440 893 1488 922 ’⁸
1511 891 1756 962 υίοθετή-

191 1004 266 1041 σει
285 986 380 1057 τὴν
403 984 509 1037 τῶν
534 981 775 1054 οὐρανῶν
802 979 1102 1052 βασιλείαν.

1636 1075 1788 1132 CAP.
1821 1069 1964 1128 XIV.

255 1174 454 1245 Ὠσπερ
489 1170 732 1244 ἀήττητὰ
755 1171 884 1232 εἱσι,
909 1169 1158 1243 καθάπερ
1181 1171 1250 1225 τὰ
1275 1171 1414 1226 ὅπλα
1449 1173 1546 1243 τὴν
1573 1173 1748 1244 ἀσφά-

189 1265 326 1319 λειαν
358 1267 654 1336 περιποιεῖ·
685 1261 838 1316 οὐδὲν
865 1261 974 1332 γὰρ
1005 1263 1242 1334 πονηρὸν
1278 1265 1657 1336 ἀντιστήσεται
1678 1267 1744 1335 τῇ

189 1357 358 1427 σοφία,
394 1357 530 1410 διότι
572 1354 735 1408 ὅπλον
781 1353 926 1405 ἐστὶν
954 1353 1372 1426 ἀκαταμάχητον
1393 1371 1407 1385 ·
1442 1355 1606 1427 μόνην
1639 1355 1748 1425 γὰρ

186 1449 316 1519 πρὸς
347 1447 546 1518 ταύτην
583 1443 932 1500 ἀδυνατοῦσιν
970 1445 1020 1496 οἱ
1056 1445 1306 1515 δαίμονες
1327 1463 1339 1477 ·
1366 1445 1443 1517 τῷ
1473 1447 1530 1500 δὲ
1556 1447 1748 1518 ἄφρονι

183 1542 248 1596 τά
269 1558 324 1594 τε
346 1542 516 1613 ὁρατὰ
544 1543 639 1595 καὶ
673 1541 936 1613 ἀσώματα
963 1540 1140 1593 πάντα
1165 1537 1400 1594 ἐναντία.

249 1633 435 1697 υίκίας
459 1633 692 1687 ἐνταῦθα
717 1632 786 1686 τὰ
810 1632 1037 1704 σώματα
1071 1630 1219 1698 λέγει
1240 1647 1252 1660 ·
1302 1631 1470 1682 οἰκίαι
1511 1630 1618 1700 γάρ
1651 1631 1756 1683 εἱσι

178 1724 284 1778 τῶν
307 1725 492 1796 ψυχῶν
514 1745 526 1757 ·
559 1726 860 1795 ὀφείλονται
900 1725 954 1777 δὲ
987 1723 1138 1794 παρά
1169 1723 1277 1776 τῶν
1309 1725 1408 1794 τὴν
1451 1722 1756 1775 θεοσέϐειαν

1919 1168 1964 1200 ³⁸
1994 1164 2069 1221 Ita
2105 1173 2232 1219 sunt
2273 1160 2493 1222 invicta,
2522 1157 2975 1228 quemadmodum
2995 1171 3144 1210 arma
3167 1141 3416 1224 praestant

1851 1258 2091 1315 tutelam.
2153 1255 2306 1310 Nulla
2353 1253 2548 1323 quippe
2601 1251 2919 1320 improbitas
2960 1249 3174 1302 resistet
3208 1250 3416 1315 sapien—

1851 1353 1958 1414 tiae,
1980 1365 2098 1419 qua
2125 1355 2209 1402 est
2237 1341 2666 1414 inexpugnabilis
2697 1352 2993 1396 armatura.
3041 1339 3174 1392 I-lnic
3199 1338 3286 1390 uni
3316 1350 3418 1390 non

1853 1441 2140 1512 praevalent
2194 1441 2484 1495 daemones.
2547 1433 2878 1504 lmprudenti
2949 1442 3129 1485 autem
3189 1428 3419 1484 visibilia

1851 1546 2001 1600 a'que
2040 1542 2092 1586 et
2124 1531 2434 1599 incorporea
2465 1527 2736 1582 contraria
2775 1534 2921 1581 sunt.

1924 1625 1970 1655 ²⁶
2007 1624 2204 1677 Demos
2234 1625 2333 1675 hoc
2372 1621 2491 1674 loco
2534 1633 2762 1688 corpora
2800 1617 2950 1677 dicit,
2982 1630 3102 1684 qua:
3140 1623 3264 1667 sunt
3298 1614 3417 1666 ani-

1856 1728 2063 1767 marum
2095 1710 2384 1765 domicilia.
2415 1707 2622 1762 Debent
2664 1717 2846 1761 autem
2878 1708 2946 1761 ab
2991 1707 3078 1770 iis,
3116 1706 3204 1774 qui
3251 1704 3417 1759 divini

176 1817 390 1870 εἰδότων
417 1819 510 1870 καὶ⁵
531 1819 630 1888 τὴν
663 1815 997 1887 θεωρητικὴν
1017 1815 1236 1884 γνῶσιν,
1254 1815 1303 1866 οἱ
1331 1814 1636 1885 παράνομοι
1658 1817 1755 1886 τὴν

1873 1804 2028 1858 τιιιιιιε
2067 1812 2119 1857 et
2170 1802 2474 1855 tlteoreticrc
2526 1802 2768 1852 scicntnc
2817 1808 2941 1852 sunt
2980 1797 3162 1866 periti,
3209 1796 3421 1850 discere

173 1907 505 1978 θεογνωσίαν
559 1907 749 1979 μαθεῖν
793 1907 852 1959 οὺ
885 1905 1063 1976 μόνον,
1108 1905 1242 1958 ἀλλά
1283 1908 1371 1960 καὶ
1421 1910 1599 1960 πᾶσαν
1644 1906 1751 1958 τῶν

170 1997 457 2061 ζωοποιῶν
483 1995 744 2050 ἐντολῶν·
781 1997 866 2048 ἵνα
898 1995 1127 2067 καθαροὶ
1159 1996 1458 2066 γενόμενοι,
1480 1997 1630 2050 ἴδωσι
1664 1997 1753 2050 τὸν

166 2090 312 2142 Θεὸν
337 2093 451 2152 τοῖς
476 2091 682 2160 νοεροῖς
703 2086 1015 2158 ὀφθαλμοῖς·
1041 2087 1196 2140 τοῦτο
1219 2088 1326 2159 γάρ
1350 2089 1466 2140 ἐστι
1498 2089 1559 2140 τὸ
1583 2088 1755 2158 μακά-

165 2198 298 2254 ριον
323 2181 498 2244 τέλος,
524 2181 660 2251 ὅπερ
678 2181 825 2254 πάσῃ
854 2181 1015 2249 φύσει
1050 2179 1238 2251 λογικῇ
1267 2181 1594 2252 τετήρηται·
1623 2182 1678 2233 αἱ
1699 2181 1754 2233 δὲ

165 2271 351 2324 οἰκίαι
373 2270 475 2324 τῶν
495 2270 715 2324 δικαίων
740 2269 949 2341 ἓτοιμαί
972 2271 1108 2322 εἰσιν
1131 2270 1211 2332 είς
1230 2269 1391 2340 δοχὴν
1424 2269 1660 2334 πάντων,
1681 2268 1755 2331 ὡς

165 2361 392 2415 κελεύει
416 2365 441 2415 ὁ
469 2361 696 2432 Κύριος.
818 2365 828 2374 “

244 2454 594 2524 Διανοήματα
623 2452 714 2505 νῦν
743 2448 892 2506 εἶπεν
931 2451 1030 2517 τὰς
1081 2453 1226 2517 θείας
1269 2453 1488 2524 ὁράσεις
1526 2452 1619 2504 καί
1655 2450 1754 2513 τὰς

166 2543 317 2611 ἔξεις
340 2544 450 2597 τῶν
472 2545 702 2617 ἀρετῶν,
731 2546 907 2617 ἇσπερ
928 2549 1046 2610 ταῖς
1073 2547 1211 2610 ὁδοῖς
1230 2545 1323 2600 νοῦ
1355 2544 1754 2618 θρασυκαρδίου

171 2635 486 2689 ἁντέθεικεν
505 2653 517 2666 ·
563 2636 694 2690 Ἀπὸ
721 2639 829 2708 γὰρ
849 2639 954 2692 τοῦ
983 2640 1456 2707 περισσεύματος
1483 2637 1592 2706 τῆς
1624 2655 1758 2705 καρ-

173 2727 308 2794 δίας
338 2727 519 2782 λαλεῖ
546 2729 615 2782 τὰ
641 2731 834 2799 χείλη,
866 2725 1016 2783 εἶπεν
1047 2733 1075 2784 ὁ
1113 2730 1334 2802 Κύριος·
1367 2731 1426 2783 οὐ
1447 2728 1554 2801 γὰρ
1588 2746 1754 2782 κακοσ

175 2819 426 2890 ποιῆσαι,
454 2818 569 2872 ἀλλ’
583 2821 974 2892 ἀγαθοποιῆσαι
995 2818 1238 2889 ὁάγαθὸς
1270 2819 1407 2890 ἀνὴρ
1449 2819 1751 2878 διανοεῖται·

175 2913 204 2964 ὁ
224 2913 281 2966 δὲ
309 2912 704 2984 θρασυκάρδιος
725 2913 799 2976 ὡς
827 2913 1015 2982 ἄφρων
1037 2913 1287 2985 πράττων
1305 2913 1400 2965 καὶ
1431 2911 1623 2980 λέγων,
1654 2911 1756 2981 ὲμ-

180 3005 552 3077 πλησθήσεται
591 3006 884 3076 μαστίγων,
905 3008 995 3059 καὶ
1024 3006 1362 3077 πραγμάτιον
1394 3003 1755 3074 ἀφαιρέσεως,

181 3098 273 3150 καὶ
295 3097 445 3160 τέλος
479 3096 579 3168 τὴν
605 3096 778 3168 ψυχὴν
806 3097 968 3151 αὑτοῦ
1002 3096 1272 3149 ἀπολέσει.

1853 1899 2002 1967 impii
2045 1911 2148 1950 non
2196 1896 2370 1948 solum
2427 1894 2515 1946 Dei
2553 1893 2935 1959 cognitionem,
2965 1892 3058 1945 sed
3096 1902 3151 1945 et
3197 1891 3417 1944 univer-

1854 2005 1968 2043 sam
2001 1987 2316 2043 salutarium
2370 1985 2748 2038 mandatorum
2803 1984 3108 2045 rationem;
3148 1991 3205 2034 ut
3232 1996 3419 2034 eumn-

1855 2081 1966 2135 dati
2005 2079 2223 2134 videant
2260 2077 2426 2131 Deum
2455 2073 2760 2128 intellectus
2803 2075 2991 2126 oculis.
3019 2072 3118 2125 llic
3169 2073 3309 2125 enim
3339 2081 3422 2125 est

1857 2172 2046 2226 beatus
2077 2169 2225 2234 linis,
2253 2167 2344 2237 qui
2385 2165 2530 2221 omni
2563 2165 2814 2219 rationali
2859 2174 3060 2216 natura:
3093 2174 3417 2216 reservatur.

1854 2261 2128 2315 Justornm
2165 2274 2294 2314 vero
2334 2259 2530 2313 domus
2579 2264 2780 2326 paratae
2831 2264 2955 2309 sunt
3001 2253 3238 2306 omnium
3273 2267 3420 2305 rece-

1855 2352 2044 2422 ptioni,
2077 2349 2406 2420 proutjubet
2436 2349 2718 2402 Dominus.

1925 2449 1969 2479 ³⁷
1997 2445 2362 2515 Cogitationes
2395 2457 2536 2495 nunc
2569 2441 2707 2495 dixit
2730 2438 2943 2493 divinas
2972 2435 3212 2489 visiones
3239 2442 3293 2486 et
3316 2433 3414 2484 ba-

1857 2540 2000 2594 bitus
2021 2540 2303 2598 virtutum,
2322 2549 2460 2600 quas
2484 2534 2586 2586 viis
2617 2529 2852 2585 hominis
2880 2525 3152 2582 temerarii
3174 2524 3366 2593 oupoui
3383 2532 3422 2575 t.

1861 2632 2100 2700 Namque
2128 2646 2191 2684 ea:
2207 2627 2534 2682 abundantia
2553 2623 2725 2678 cordis
2745 2621 3036 2690 loquuntur
3063 2617 3224 2675 labia.
3250 2614 3430 2674 inquit

1861 2725 2115 2778 Dominus
2143 2722 2208 2776 ’³.
2237 2719 2384 2774 llaud
2409 2721 2553 2772 enim
2584 2715 2852 2778 male,sed
2881 2712 3020 2765 bene
3047 2711 3226 2763 facere
3257 2710 3426 2760 bonus

1858 2819 1939 2870 vir
1976 2815 2282 2868 meditatur.
2315 2810 2664 2865 Temerarius
2695 2820 2823 2858 vero
2856 2802 3224 2872 imprudenter
3258 2811 3426 2868 agens

1858 2925 1923 2962 ac
1959 2908 2202 2977 loquens,
2253 2903 2549 2972 replebitur
2591 2898 2840 2969 ﬂagellis,
2878 2906 2931 2949 et
2982 2895 3057 2948 rei
3109 2890 3421 2946 domestica:

1856 3001 2218 3063 detrimentis,
2255 3008 2309 3054 et
2337 2997 2571 3066 denique
2595 2994 2829 3047 animant
2859 3004 3010 3044 suam
3039 2985 3244 3056 perdet.

1684 3188 1811 3241 IAP.
1843 3188 1958 3240 XV.

1684 3188 1757 3241 Ἀ]

264 3285 551 3354 Ἐλέγχους
583 3285 676 3338 νῦν
703 3283 801 3347 τὰς
834 3281 1049 3345 ἐντολὰς
1087 3281 1257 3338 εἶπεν·
1292 3276 1448 3337 αὗται
1476 3280 1582 3354 γάρ
1606 3188 1751 3352 ﬁta;

1872 3185 1958 3240 iV.

1925 3276 1968 3307 ²⁹
1991 3271 2372 3340 Correptiones
2411 3267 2543 3324 dicit
2568 3264 2975 3321 tnaudatazltmc
3001 3259 3144 3316 enim
3175 3270 3272 3312 nos
3293 3269 3420 3326 pec-

188 3378 595 3449 ἀμαρτάνοντας
619 3377 942 3447 ἐλέγχουσιν·
977 3377 1026 3429 οἱ
1052 3376 1107 3429 δὲ
1134 3374 1416 3447 μισοῦντες
1441 3375 1631 3437 αὑτὰς,
1666 3373 1758 3425 καὶ

186 3478 250 3546 τῇ
280 3476 598 3547 αἰσχρότητι
632 3474 740 3528 τῶν
770 3474 1051 3547 ἁμαρτιῶν
1085 3474 1634 3544 συναποθνήσκοντες,
1664 3473 1760 3525 σὺν

189 3569 262 3641 τῷ
316 3569 539 3641 πονηρῷ
581 3569 758 3622 αὐτῶν
805 3570 1072 3640 ἐφευρετῇ
1115 3568 1366 3640 πονηρῶς
1413 3568 1759 3637 τακήσονται·

193 3660 294 3713 ὑπὸ
319 3659 375 3712 δὲ
406 3659 516 3713 τῶν
567 3659 864 3731 παριόντων
920 3657 1018 3728 τὴν
1049 3657 1268 3720 κακίαν,
1301 3654 1625 3726 γνωρίζεται
1665 3655 1762 3726 τῆς

193 3752 600 3824 ἀναμαρτησίας
622 3753 656 3822 ἡ
685 3750 899 3804 παιδεία
914 3748 1009 3802 τοῦ
1043 3749 1275 3802 ἀκάκου.

271 3847 502 3918 Ἡσυχία
550 3846 696 3899 ἐστὶν
729 3844 905 3916 ἀποχὴ
953 3843 1150 3906 κακίας
1180 3841 1497 3914 ὲμπράκτου
1522 3841 1615 3895 καὶ
1640 3841 1765 3912 ὁρά-

199 3955 350 3999 σεων,
381 3939 448 4010 ἦν
481 3938 531 3991 οἱ
575 3936 769 4006 ἀγαθοὶ
815 3931 1195 4007 ἡσυχάζουσιν·
1224 3935 1274 3986 οἱ
1305 3933 1361 3986 δὲ
1388 3933 1481 3986 τοῦ
1511 3933 1630 3997 νοὸς
1670 3935 1765 3987 καὶ

201 4029 442 4101 σώματος
462 4028 728 4100 ὀφθαλμοὶ
754 4027 860 4082 τῶν
887 4025 1095 4092 κακῶν,
1127 4024 1304 4079 πάντα
1329 4024 1419 4078 τὸν
1437 4023 1624 4096 χρόνον
1653 4025 1766 4077 ἐπι-

199 4123 435 4178 νοοῦνται
468 4122 628 4176 κακά.

273 4216 329 4269 '0
353 4215 409 4268 δὲ
450 4214 669 4276 συνετὸς
699 4213 798 4266 οὐκ
825 4211 968 4264 ἔστιν
1001 4212 1058 4264 ὲν
1091 4209 1216 4282 ᾅδου
1250 4210 1342 4264 τοῦ
1375 4209 1482 4264 τῶν
1508 4211 1748 4281 ἀμαρτω-

202 4307 314 4361 λῶν·
342 4307 452 4360 ὁδοὶ
497 4305 663 4377 ζωῆς,
691 4304 1025 4374 διανοήματα
1054 4301 1211 4355 θείων
1245 4302 1417 4371 λόγων
1449 4302 1542 4356 xa‘t
1567 4301 1762 4374 ἔργων·

1862 3376 2048 3424 cantes
2079 3365 2398 3434 corripiunt.
2439 3361 2539 3427 Qui
2573 3373 2705 3413 vero
2738 3357 2830 3411 illa
2855 3356 3104 3418 oderunt,
3140 3359 3196 3404 et
3230 3363 3420 3418 pecca-

1863 3473 2035 3515 torum
2070 3455 2390 3526 turpitudini
2429 3452 2889 3510 connnoriuntur,
2928 3460 3049 3498 cmn
3077 3440 3324 3509 improbo
3356 3437 3420 3492 il-

1863 3554 2034 3607 lormn
2059 3553 2337 3605 inventore
2365 3545 2659 3598 tabescent.
2689 3541 2731 3594 A
2765 3531 3223 3608 prmtereuntibus
3248 3537 3424 3584 autem

1865 3643 2180 3713 nequitiam,
2215 3639 2560 3711 cognoscitur
2609 3630 2892 3701 disciplina
2923 3621 3289 3696 impeccantize
3327 3622 3426 3675 bo-

1865 3738 2026 3794 minis
2054 3734 2304 3791 insontis.

1934 3828 1979 3860 ³ο
1998 3827 2162 3894 Quies
2193 3831 2277 3878 est
2312 3817 2637 3875 abstinentia
2677 3830 2707 3870 a
2769 3811 3004 3882 nequitia
3059 3816 3278 3863 actuosa
3309 3813 3365 3862 et
3396 3818 3428 3860 ιι

1863 3918 2203 3991 spectaculis,
2227 3927 2334 3984 qua
2363 3911 2485 3966 boui
2514 3911 2696 3980 quiete
2726 3907 3001 3961 fruuntur.
3027 3899 3219 3957 Mentis
3243 3912 3424 3955 autem

1865 4021 1918 4068 et
1948 4009 2192 4079 corporis
2223 4005 2362 4062 oculi
2390 4003 2753 4073 improborum
2784 3997 2930 4052 omni
2968 4007 3209 4064 tempore
3254 3993 3427 4049 medi—

1869 4113 2051 4158 tantur
2088 4113 2278 4168 prava.

1936 4194 1975 4226 "
1998 4194 2090 4248 Vir
2105 4191 2357 4246 cordatus
2382 4189 2432 4243 in
2449 4186 2659 4242 inferno
2678 4180 3014 4255 peccantium
3035 4192 3142 4232 non
3157 4185 3423 4230 versatur.

1865 4285 1978 4342 Vite
2006 4285 2146 4351 vitae,
2172 4279 2548 4337 meditationes
2575 4285 2701 4330 sunt
2729 4272 3034 4327 divinorum
3058 4267 3345 4321 verborum
3375 4279 3425 4318 et

203 4401 229 4454 ὁ
254 4399 304 4452 δὲ
331 4397 548 4461 συνετὸς
591 4397 678 4451 ἀεὶ
724 4394 896 4450 ταῦτα
938 4396 1079 4447 ποιεῖ
1109 4395 1202 4447 καὶ
1235 4393 1494 4456 διδάσκει,
1539 4393 1626 4446 ἵνα
1669 4394 1757 4446 σὺν

1872 4393 2107 4448 operum.
2140 4373 2232 4428 Vir
2259 4371 2514 4426 cordatus
2548 4379 2763 4434 semper
2794 4363 2908 4416 haec
2941 4360 3050 4428 agit
3082 4366 3135 4411 et
3164 4356 3346 4416 docet,
3372 4363 3430 4406 ut

205 4491 302 4552 τοῖς
330 4486 664 4559 μθητιῶσιν
693 4483 944 4545 ἐκκλίνας
974 4483 1037 4534 ἐκ
1064 4479 1158 4534 τοῦ
1189 4480 1315 4553 ᾅδου
1352 4481 1517 4553 σωθῇ.

265 4582 324 4634 Οἱ
351 4581 450 4644 τὰς
478 4577 694 4642 ἐντολὰς
717 4575 882 4631 αὑτοῦ
910 4576 983 4647 μὴ
1012 4575 1361 4646 πράττοντες,
1394 4572 1576 4644 ἐχθροὶ
1598 4571 1759 4626 αὐτοῦ

211 4675 348 4726 εἰσιν·
399 4672 542 4743 φίλοι
574 4670 629 4723 δὲ
675 4668 839 4723 αὑτοῦ
894 4667 1130 4736 γίνονται
1171 4665 1307 4718 ὲπάν
1373 4667 1487 4728 τοῖς
1533 4663 1761 4728 δικαίοις

212 4765 636 4839 προσδράμωσιν,
667 4761 1140 4832 ἐξομολογούμενοι
1170 4756 1268 4819 τὰς
1309 4756 1532 4828 πράξεις
1585 4754 1762 4809 αὐτῶν

211 4859 293 4924 τὰς
337 4857 580 4930 πονηράς
625 4856 723 4927 (1)·
767 4854 825 4918 ἐξ
863 4845 937 4907 ὧν
986 4849 1298 4920 ὲναχθέντες
1327 4848 1400 4911 ὼς
1431 4850 1624 4901 ἐκεῖνοι
1667 4846 1766 4909 τὰς

214 4950 489 5017 ζωοποιοὺς
509 4949 658 5012 ὁδοὺς
687 4945 1058 5018 πορεύσονται·
1085 4939 1293 4996 Παύλου
1318 4939 1668 5012 κηρύξαντος,
1700 4940 1766 4992 ΟΖ

215 5058 343 5099 ποτε
368 5043 539 5108 ὄντες
563 5039 782 5110 ἐχθροὶ,
800 5033 1270 5105 κατηλλάγησαν
1287 5030 1364 5096 τῷ
1395 5030 1514 5095 Θεῷ
1537 5031 1632 5084 διὰ
1661 5028 1767 5083 τοῦ

217 5134 454 5190 θανάτου
475 5132 580 5186 τοῦ
617 5129 750 5183 Ποῦ
780 5127 981 5181 αὑτοῦ·
1020 5122 1348 5197 προσεκτέον
1381 5122 1460 5174 ὅτι
1491 5120 1686 5184 πάντες
1717 5122 1764 5174 οἱ

217 5227 400 5298 ἐχθροὶ,
420 5226 508 5279 διὰ
538 5223 645 5277 τῶν
669 5219 889 5275 δικαίων
914 5218 1054 5287 φίλοι
1077 5215 1332 5286 γίνονται·
1365 5213 1450 5265 ἵνα
1481 5213 1573 5265 καὶ
1603 5214 1764 5264 πᾶσιν

1865 4443 1986 4524 cum
2017 4463 2295 4533 discipulis
2321 4461 2434 4516 suis
2467 4457 2746 4513 declinans
2776 4455 2842 4507 ab
2875 4449 3063 4506 inferis
3113 4445 3303 4501 salvus
3341 4443 3428 4497 sit.

1939 4561 1982 4593 ³’
2001 4559 2100 4625 Qui
2119 4557 2208 4610 Dei
2230 4551 2499 4608 mandatis
2522 4563 2630 4602 non
2649 4549 3043 4612 obtemperant,
3078 4537 3282 4594 inimici
3315 4535 3431 4604 ejus

1866 4661 2020 4715 sunt;
2060 4649 2154 4703 sed
2183 4645 2418 4714 ejusdem
2451 4638 2611 4693 amicl
2642 4635 2799 4699 ﬁunt,
2823 4647 2942 4687 cum
2987 4641 3046 4684 ut
3072 4630 3246 4684 malos
3281 4639 3434 4681 actus

1867 4756 1992 4797 suos
2020 4738 2394 4797 conﬁteantur,
2430 4730 2493 4784 ad
2533 4726 2708 4795 justos
2743 4723 2990 4777 homines
3020 4736 3076 4775 se
3101 4717 3431 4777 conferunt;

1871 4851 1899 4888 a
1933 4832 2133 4902 quibus
2170 4825 2406 4888 deducti,
2444 4821 2707 4876 salutares
2731 4817 2850 4870 vias
2875 4829 3024 4884 atque
3046 4829 3110 4866 ac
3144 4812 3217 4864 illi
3244 4823 3433 4878 perse-

1869 4900 2124 4998 quentur.
2185 4918 2349 4974 Paulo
2397 4915 2703 4970 clamante:
2755 4911 2856 4974 Qui
2903 4905 3187 4968 aliquando
3231 4900 3431 4954 inimici

1870 4989 2040 5077 erant,
2065 5008 2386 5065 reconciliati
2414 5013 2534 5059 sunt
2565 5001 2667 5055 Deo
2696 5018 2787 5070 per
2814 5009 3031 5052 mortem
3065 4993 3195 5047 Filii
3219 4992 3332 5062 ejus
3364 4989 3429 5043 ³³.

1871 5101 2441 5164 Animadvertendum,
2467 5095 2734 5165 quomodo
2761 5105 2949 5146 omnes
2987 5086 3212 5151 inimici,
3253 5085 3426 5154 justo-

1870 5214 1987 5254 rutu
2036 5210 2200 5266 opere
2252 5193 2381 5244 liant
2428 5188 2626 5254 amici;
2661 5195 2718 5238 ut
2745 5181 2996 5236 omnibus
3025 5179 3237 5232 demum
3283 5175 3427 5231 dicat

410 5267 612 5386 (iis;
642 5267 857 5364 οὐκέὲῖ
873 5267 1046 5375 ’ὺῖιὶὲξ
1077 5267 1246 5356 tua
1281 5299 1559 5363 δούλους,
1606 5295 1757 5350 ἀλλὰ

1872 5291 2117 5349 Christus
2139 5288 2183 5320 ³⁵
2207 5304 2221 5341 :
2251 5286 2373 5341 1am
2404 5301 2504 5339 non
2534 5280 2755 5350 amplius
2783 5293 2868 5331 vos
2892 5283 3064 5328 servos
3091 5268 3310 5338 appello,
3337 5267 3425 5322 sed

218 5409 436 5476 φίλους.

308 5527 353 5557 ’⁸
383 5526 457 5580 ita
497 5523 616 5578 cod.
693 5521 738 5552 "
763 5534 815 5573 v.
839 5518 892 5571 7.
966 5516 1011 5547 ²⁶
1041 5530 1092 5568 v.
1123 5513 1177 5567 9.

222 5595 255 5626 ³³
280 5595 429 5650 Rom.
459 5592 623 5659 v,10.
697 5588 920 5645 “Joan.
955 5601 1043 5652 xv,
1079 5583 1166 5638 15.

282 5715 351 5786 (l)
381 5711 520 5786 Nihil
550 5709 851 5764 evidentius
899 5704 1136 5786 videtur,
1160 5691 1320 5786 quam
1353 5697 1472 5786 huic

556 5760 906 5849 peccaturum
952 5774 1092 5849 apud
1123 5760 1459 5849 sacerdote!!!
1481 5834 1491 5844 .
1512 5760 1757 5849 faceuda

224 5830 932 5920 Eiiiégéibiéfe'jbsaemquc
955 5830 1288 5898 salutaribus
1306 5833 1525 5894 monitis
1547 5830 1760 5887 audien-

1270 5510 1314 5543 ³⁷
1346 5524 1398 5567 v.
1427 5507 1514 5567 14.
1587 5507 1630 5539 ’⁸
1658 5505 1845 5560 Matth.
1879 5519 1976 5568 xu,
2003 5502 2090 5558 δι.

1871 5384 2098 5456 amicos._

2839 5483 2881 5517 ³³
2913 5493 2959 5534 ι’.
2987 5479 3077 5534 24.
3177 5476 3219 5508 ³⁸
3256 5491 3303 5528 v.
3335 5475 3426 5529 ‘28.

2198 5501 2242 5532 ³³
2269 5514 2321 5554 v.
2355 5497 2443 5553 10.
2520 5493 2564 5525 ³⁰
2601 5507 2649 5546 ι’.
2677 5489 2761 5544 15.

1865 5687 1967 5741 dis.
2007 5684 2204 5740 Notent
2242 5683 2348 5737 hoc
2393 5675 2707 5735 betcrodoxi
2734 5681 3014 5742 tantopere
3046 5681 3076 5722 a
3123 5659 3412 5729 coulitem,

1866 5757 2240 5812 abhorrentes.
