3942 6318
520 371 626 430 195
1394 364 1949 423 SUPPLEMENTUM
1981 363 2070 418 AD
2120 358 2448 420 ORIGENIS
2484 353 2885 419 EXECETICA.
3677 359 3770 414 I96

1959 482 2112 538 CAP.
2154 482 2297 538 XVI.
2705 531 2709 542 .

589 588 633 620 ⁸³
659 586 863 644 Rursus
912 587 982 643 ibi
1023 600 1232 656 quoque
1274 584 1532 654 sapientia
1575 598 1709 653 opus
1739 591 1841 646 est,
1872 591 1930 636 ut
1957 580 2065 636 cle-
2091 585 2139 640 Α

2235 579 2402 633 Πάλιν
2450 578 2609 632 κάκεῖ
2631 579 2730 650 τῆς
2763 579 2950 649 σοφίας
2979 577 3176 650 χρεία,
3225 575 3321 627 ἴνα
3379 572 3716 643 ὲξιλάσηται·
3744 576 3775 648 ἢ

519 682 770 734 meutiam
797 679 1067 747 impetret.
1101 676 1190 730 Vel
1213 675 1303 744 qui
1337 674 1634 744 punitionis
1663 675 1936 728 decretum
1969 671 2072 726 scit

2230 672 2353 734 τοὺς
2396 671 2524 740 περὶ
2553 670 2822 734 κολάσεως
2874 671 3264 738 ἐπιστάμενος
3294 665 3500 734 λόγους
3538 665 3775 733 ἄγγελος,

516 771 760 839 angelus,
792 769 942 823 furor
968 767 1059 820 Dei
1083 766 1300 820 dicitur.
1317 764 1530 819 Peritus
1554 775 1732 817 autem
1759 763 2067 817 divinorum

2220 763 2337 834 ›μὸς
2368 762 2460 816 τοῦ
2493 761 2624 816 Θεοῦ
2658 762 2892 831 λέγεται.
2934 764 2992 816 '0
3022 762 3086 814 δὲ
3117 759 3300 828 σοφὸς
3332 760 3392 810 ὲν
3417 757 3589 820 θείοις
3609 758 3777 829 ἔργοις

519 863 800 917 verborum
840 870 894 914 et
939 872 1187 927 operum,
1217 870 1317 911 ceu
1367 853 1473 924 ipsi
1521 862 1700 909 mente
1746 853 2067 920 conformis,

2222 855 2262 908 ιὶ
2287 855 2484 924 λόγοις,
2527 854 2602 918 ὡς
2657 855 2909 926 όμόφρων
2938 853 3096 924 αὐτῷ
3151 850 3260 916 ὣν,
3303 849 3372 903 οὐ
3421 847 3779 921 πτοηθήσειίαι

519 953 658 1008 baud
689 966 808 1004 eum
837 950 1174 1004 extimescat.

793 966 808 1003 ι
837 950 1174 1004 extimescat.
2168 947 2349 1001 αὐτόν.

586 1045 632 1076 ³⁸
658 1042 776 1096 Nidi
805 1042 1082 1113 sapientia:
1125 1049 1254 1095 sunt
1290 1037 1560 1105 Ecclesia),
1601 1037 1677 1093 vel
1709 1037 1947 1094 caelestia
1975 1036 2071 1091 ha-

2235 1039 2462 1092 Νοσσιαὶ
2492 1038 2680 1108 σοφίας
2699 1038 2833 1091 εἰσὶν
2863 1035 3301 1108 αἱἘκκλησίαι,
3341 1034 3377 1106 ἢ
3411 1035 3472 1088 αἱ
3499 1034 3560 1087 ὲν
3587 1033 3665 1105 τῷ
3695 1037 3776 1089 οὐ·

516 1135 764 1189 bitaeula.
797 1135 1071 1203 Sapientia
1111 1148 1238 1187 vero
1266 1132 1422 1187 .lesus
1449 1133 1694 1188 Christus
1724 1142 1826 1192 est,
1857 1131 1950 1186 Dei
1981 1130 2070 1184 Fi-

2220 1131 2316 1202 ινῷ
2355 1131 2566 1202 σκηναί·
2611 1130 2770 1199 σοφία
2797 1129 2875 1194 δὲ,
2919 1128 3133 1200 Ἰησοῦς
3157 1127 3440 1200 Χριστὸς,
3478 1127 3508 1178 6
3531 1125 3626 1179 τοῦ
3653 1126 3777 1181 Θεοῦ

515 1225 634 1278 lius.
667 1222 786 1277 Nidi
813 1232 990 1276 autem
1018 1221 1340 1291 prudentiaa,
1390 1223 1795 1292 przestantiores
1821 1231 2065 1292 argento,

2220 1222 2314 1286 ἰὸς.
2353 1224 2520 1276 ἐστὶν.
2548 1221 2776 1274 Νοσσιαὶ
2795 1221 2849 1274 δὲ
2882 1222 3211 1292 φρονήσεως
3248 1217 3627 1290 αίρετώτεραι
3649 1218 3777 1289 ὑπὲρ

513 1315 763 1383 practicae
794 1314 1020 1366 virtutes
1049 1319 1195 1377 sunt,
1221 1314 1456 1383 justitia,
1492 1313 1744 1378 scientia,
1781 1314 2067 1383 sapientia,

2216 1311 2444 1383 ργύριον,
2477 1314 2532 1365 αἰ
2565 1313 2868 1383 πρακτικαὶ
2900 1313 3119 1384 ἀρεταί·
3161 1311 3534 1380 δικαιοσύνη,
3566 1309 3773 1377 γνῶσις,

515 1405 894 1475 temperantia,
927 1404 1210 1470 fortitudo,
1238 1404 1644 1474 longanimitas,
1685 1407 1968 1475 patientia,
1993 1407 2069 1460 le-

2218 1407 2349 1475 ›φία,
2394 1405 2736 1478 σωφροσύνη,
2782 1405 3020 1476 ἀνδρεία,
3071 1402 3489 1476 μακροθυμία,
3538 1402 3775 1468 ἀνεξικα-

515 1497 673 1562 nitas,
697 1496 1060 1566 eleemosyna,
1103 1493 1236 1550 fides
1262 1509 1383 1550 cum
1424 1511 1519 1566 spe
1545 1508 1598 1553 et
1645 1498 1940 1566 charitate;
1975 1513 2070 1566 per

2215 1498 2279 1563 ἴα,
2333 1499 2617 1570 ἀοργησία,
2668 1498 3022 1569 ἐλεημοσύνη,
3056 1497 3266 1560 πίστις
3306 1497 3414 1549 σὺν
3475 1494 3656 1547 ἐλπίδι
3689 1496 3772 1548 καὶ

439 1571 446 1580 ’
513 1604 650 1657 quas
688 1604 784 1672 ceu
821 1589 1084 1642 scalarum
1132 1593 1329 1658 gradus
1363 1591 1414 1644 in
1450 1590 1724 1660 sapientia:
1763 1591 1996 1645 habitam

2216 1590 2378 1662 γάπῃ·
2415 1591 2481 1643 δι’
2500 1590 2564 1653 ἅς
2589 1590 2664 1653 ὡς
2685 1589 2946 1660 κλίμακος
2979 1588 3290 1659 βαθμὶδας,
3315 1588 3404 1651 εἰς
3437 1586 3542 1650 τὰς
3566 1587 3665 1656 τῆς
3698 1603 3773 1638 σο-

515 1682 722 1752 ingredi
753 1681 888 1736 nihil
919 1692 1061 1737 vetat
1086 1697 1179 1738 eos
1201 1683 1292 1753 qui
1325 1683 1451 1738 illuc
1474 1687 1840 1739 conscendere
1882 1694 1936 1739 et
1975 1686 2069 1738 ha-

2215 1682 2296 1746 ίας
2365 1681 2568 1751 σκηνὰς
2618 1681 2842 1736 εἰσιέναι
2881 1680 3160 1734 ἀκώλυτον
3220 1682 3363 1744 τοὺς
3421 1681 3638 1733 ἀνιέναι
3690 1683 3772 1733 καὶ

515 1775 689 1828 bitare
717 1773 1010 1830 voluerint.

2167 1773 2383 1844 οἰκῆσαι
2417 1773 2783 1845 βουλομένους.

589 1867 632 1896 ³⁷
665 1866 1012 1936 Disciplinam
1038 1866 1166 1922 dicit
1192 1866 1439 1922 timorem
1480 1866 1596 1933 Dei,
1625 1867 1906 1939 jejunium,
1933 1883 2064 1922 con-
2097 1927 2138 1939 κ

2235 1866 2486 1921 Παιδείαν
2512 1865 2655 1935 λέγει
2699 1865 2861 1934 φόϐου
2886 1863 3041 1931 Θεοῦ,
3077 1863 3356 1936 νηστείαν
3374 1904 3390 1928 ,
3426 1863 3768 1935 ἐγκράτειαν,

519 1960 820 2024 tinentiam;
851 1958 1086 2028 vigilias,
1123 1959 1540 2030 hytnnologiam,
1560 1968 1614 2012 et
1636 1975 1753 2013 eam
1776 1975 1937 2027 quam
1972 1975 2068 2014 no-

2210 1961 2487 2034 γρυπνίαν,
2515 1927 2839 2031 ῦμίνονίκαὶ
2882 1960 2978 2028 τὴν
3024 1927 3080 2013 έν
3119 1927 3318 2021 νόσοις
3373 1927 3767 2029 πρδςδοκιμήν

517 2049 601 2104 bis
636 2050 775 2103 Deus
805 2049 1160 2118 experimcnti
1190 2064 1352 2104 causa
1383 2051 1690 2104 morborum
1722 2051 2066 2105 inducitcas-

2213 2053 2300 2108 εοῦ
2348 2054 2720 2125 ἐπερχομένην
2763 2054 2892 2124 ήμῖν
2937 2052 3211 2105 παιδείαν.
3262 2049 3574 2120 Ἐλέγχους
3632 2049 3765 2116 λέγει

517 2143 848 2211 tigatlonem.
877 2139 1344 2210 Reprehensiones
1368 2141 1498 2196 dicit
1523 2143 1772 2196 mandata
1803 2141 1924 2210 Dei;
1957 2145 2069 2198 haec

2209 2146 2262 2210 at;
2316 2146 2536 2208 ἐντολὰς
2577 2143 2671 2198 τοῦ
2721 2145 2875 2198 Θεοῦ·
2912 2138 3071 2198 αὗται
3112 2143 3234 2215 γάρ
3269 2143 3434 2214 ἡμᾶς
3463 2141 3766 2211 ἐλέγχουσιν

514 2232 658 2286 enim
707 2241 990 2300 peccantes
1024 2245 1124 2286 nos
1176 2232 1597 2302 reprehemlunt.
1633 2225 1759 2288 Vias
1803 2234 1902 2289 hoe
1951 2234 2068 2290 loco

2209 2239 2592 2311 μαρτάνοντας.
2641 2237 2822 2302 Ὁδοὺς
2855 2236 3086 2292 ἐνταῦθα
3116 2237 3224 2298 τὰς
3254 2235 3562 2306 αἰσθήσεις
3592 2232 3761 2303 φησίν·

515 2324 648 2379 dicit
679 2337 891 2387 sensus,
923 2336 1059 2392 quos
1084 2322 1175 2392 qui
1198 2323 1458 2390 custodit,
1493 2335 1664 2379 morte
1687 2335 1927 2394 ereptam
1951 2341 2068 2380 ser-

2217 2333 2272 2385 δὲ
2298 2332 2584 2402 φυλάσσων
2612 2330 2802 2393 αὐτὰς,
2835 2332 2987 2403 τηρεῖ
3020 2329 3085 2381 ὲκ
3123 2328 3378 2382 θανάτου
3415 2327 3520 2398 τὴν
3581 2323 3759 2380 ἑαυτοῦ

516 2426 606 2472 vat
660 2418 893 2472 animam
932 2431 1081 2470 suam
1135 2416 1203 2471 ad
1244 2417 1430 2470 vitam.
1463 2416 1629 2472 Porro
1674 2419 1781 2472 vita
1824 2428 1905 2472 est
1950 2433 2069 2487 qua:

2202 2424 2340 2494 ιυχὴν
2369 2423 2503 2494 πρὸς
2537 2422 2700 2492 ζωήν·
2745 2421 2858 2491 ζωὴ
2907 2421 3015 2492 γάρ
3045 2423 3195 2472 ἐστιν
3231 2421 3269 2491 ή
3309 2420 3501 2473 πάντα
3536 2416 3759 2482 ζωοῦσα,

511 2509 692 2564 omnia
721 2510 1044 2575 vivilicat,et
1072 2523 1139 2564 ex
1169 2508 1335 2564 nihilo
1353 2509 1420 2564 ad
1444 2511 1816 2564 exsisteutiam
1843 2511 2068 2567 adduxit

2201 2517 2264 2572 ai.
2296 2517 2356 2582 ἐξ
2387 2517 2484 2569 οὐκ
2511 2516 2677 2570 ὄντων
2731 2515 2810 2578 είς
2835 2513 2894 2567 τὸ
2941 2509 3079 2566 εἶναι
3131 2511 3564 2584 παραγαγοῦσα
3604 2508 3758 2580 Τριέις

514 2599 752 2654 Trinitas
779 2609 987 2655 sancta.
1007 2598 1108 2664 Qui
1129 2607 1309 2654 autem
1335 2598 1502 2652 vitam
1529 2599 1723 2668 diligit,
1749 2615 2069 2670 semperque

2197 2611 2316 2680 ιγία·
2355 2613 2382 2664 6
2405 2610 2461 2662 δὲ
2493 2607 2719 2676 ἀγαπῶν
2746 2607 2842 2678 τήν
2871 2605 3034 2676 ζωὴν,
3065 2606 3156 2658 καὶ
3191 2606 3288 2659 ἀεὶ
3313 2604 3420 2676 ζῇν
3451 2604 3594 2672 αὐτῇ
3621 2600 3754 2668 ἐφιέ-

517 2689 700 2744 vivere
744 2699 913 2760 Optat,
945 2705 1007 2744 os
1058 2704 1215 2744 suum
1268 2690 1584 2754 continebit,
1621 2691 1906 2759 quominus
1933 2707 2067 2746 nou-

2198 2719 2348 2764 ιενος,
2397 2700 2638 2770 φείσεται
2681 2699 2944 2768 στόματος
2975 2695 3138 2750 αὑτοῦ
3181 2697 3252 2749 ἐκ
3288 2695 3405 2747 τῶν
3425 2693 3503 2765 μὴ
3527 2689 3660 2746 Θεοῦ
3680 2689 3755 2741 λό-

517 2783 618 2836 nisi
649 2783 714 2837 de
744 2783 851 2836 Deo
874 2782 1054 2837 verbis
1076 2791 1129 2836 et
1163 2783 1415 2851 operibus
1447 2781 1718 2852 loquatur,
1756 2791 1812 2838 et
1847 2783 1942 2838 Dei
1978 2797 2071 2840 co-

2197 2811 2280 2848 ’ων
2334 2794 2426 2848 καὶ
2479 2793 2673 2864 ἔργων,
2721 2791 2814 2845 καὶ
2854 2793 2921 2861 τῇ
2971 2788 3170 2860 γνώσει
3238 2787 3339 2841 τοῦ
3395 2785 3538 2839 Θεοῦ
3603 2799 3754 2854 προσ-

515 2873 743 2942 guitioui
774 2874 1010 2928 studium
1042 2872 1332 2943 impendet.

1319 2911 1332 2929 -
2170 2887 2300 2952 ἐξει.
2871 2923 2876 2929 .

587 2963 630 2993 ⁸⁸
660 2963 778 3019 Vita
810 2962 951 3020 Deus
981 2973 1084 3020 est.
1131 2964 1274 3020 Fons
1313 2975 1491 3020 autem
1519 2966 1641 3020 vita:
1669 2965 1952 3037 tripliciter
1979 2980 2072 3034 per

2241 2977 2361 3051 Ζωὴ
2391 2978 2420 3031 6
2449 2975 2580 3040 Θεός
2610 2977 2743 3029 ἐστι·
2777 2975 2876 3046 τῆς
2903 2974 2960 3026 δὲ
2986 2969 3364 3046 τρισσοφαοῦς
3393 2966 3695 3032 αὑτοζωῖας
3723 2965 3750 3031 ἠ

516 3069 576 3110 se
600 3055 934 3134 exsisteutis,
966 3055 1252 3127 sapientia,
1283 3057 1528 3124 scientia,
1560 3067 1614 3113 et
1643 3058 1870 3114 virtutes
1911 3067 2066 3123 sunt;

2194 3071 2338 3143 πηγὴν
2370 3072 2403 3141 ἡ
2438 3053 2594 3137 σοφίά
2614 3069 2708 3121 καὶ
2735 3068 2766 3138 ἡ
2797 3065 2994 3134 γνῶσις
3025 3065 3116 3118 καὶ
3154 3067 3211 3117 αἰ
3257 3061 3464 3134 ἀρεταί
3494 3061 3652 3112 εἰσιν·
3698 3053 3751 3118 ἐξ

515 3162 623 3220 quo
653 3163 719 3202 ex
746 3148 894 3206 fonte
931 3150 1023 3219 qui
1053 3151 1261 3218 bibunt,
1296 3150 1754 3206 immortalitatem
1787 3152 2070 3221 sempiter-

2194 3158 2237 3233 ᾗς
2269 3161 2449 3232 πηγῆς
2470 3162 2517 3212 oi
2563 3159 2825 3220 πίνοντες,
2854 3155 3146 3218 ἀθανασίας
3194 3153 3500 3225 μετέχουσι
3533 3163 3627 3202 και
3647 3147 3751 3199 ἀει-

485 3301 488 3303 ,
517 3255 749 3310 namque
776 3243 942 3295 vitam
968 3243 1311 3314 participant.
1351 3241 1468 3298 1am
1511 3245 1600 3312 qui
1633 3244 1775 3298 dicto
1803 3244 1949 3298 lonte
1974 3259 2041 3314 po

2190 3255 2350 3318 ζωϊας·
2386 3256 2493 3316 τοῖς
2521 3252 2578 3304 δὲ
2607 3251 2963 3320 κεκτημένοις
2985 3247 3082 3318 τὴν
3131 3246 3401 3314 τοιαύτην
3434 3241 3639 3314 πηγὴν,
3672 3236 3747 3289 ἔν-

484 3390 488 3396 ,
519 3331 601 3386 titi
631 3341 776 3397 sunt,
804 3333 838 3387 ii
864 3333 1022 3389 verba
1053 3333 1176 3388 vita:
1202 3334 1551 3390 meditantur.
1585 3336 1659 3388 At
1692 3349 1818 3389 vero
1853 3337 2041 3391 insano

2188 3365 2282 3400 νοια
2311 3344 2480 3412 λόγων
2521 3341 2662 3412 ζωῆς
2690 3342 2824 3392 ἐστι·
2863 3342 2896 3410 ή
2927 3335 2984 3392 δὲ
3008 3338 3222 3391 παιδεία
3265 3337 3547 3408 ἀφρόνων,
3581 3334 3614 3402 ή
3650 3346 3745 3383 κα-

518 3439 637 3477 rmn
662 3423 962 3493 disciplina,
997 3427 1312 3496 improbitas
1339 3437 1424 3482 est
1455 3447 1469 3483 :
1503 3437 1614 3480 tum
1647 3435 1702 3481 et
1732 3442 1851 3496 qua:
1874 3427 2071 3482 dicitur

2185 3437 2262 3491 ιία
2288 3433 2449 3487 ἐστίν·
2483 3435 2516 3505 ή
2549 3431 2605 3484 δὲ
2649 3429 3030 3499 ἀνεξέλεγκτος
3077 3429 3321 3493 παιδεία,
3381 3428 3419 3498 ή
3475 3419 3742 3494 ἀφροσύνη

515 3514 635 3568 sine
660 3517 1000 3586 correptione
1031 3517 1338 3586 disciplina,
1373 3519 1596 3574 stultitia
1632 3527 1733 3574 est.
2170 3528 2331 3582 εστίν,
2675 3515 2679 3518 ’

581 3608 946 3664 "Scientiam
1002 3610 1298 3682 appellavit
1344 3613 1732 3684 cognitionem,
1783 3611 1907 3682 quia
1959 3611 2070 3667 haec

2238 3615 2346 3686 Τὴν
2371 3613 2568 3684 γνῶσιν
2591 3611 3036 3682 ὲπιγνωμοσύνην
3063 3604 3204 3673 εἷπε,
3240 3607 3400 3678 παρὰ
3433 3606 3496 3660 τὸ
3531 3603 3597 3657 τὰ
3627 3601 3742 3654 πάν⁹

411 3753 418 3760 .
515 3699 694 3754 omnia
731 3702 944 3772 negotia
999 3704 1297 3772 cognoscit.
1349 3703 1455 3759 Cor
1505 3705 1825 3775 sapientium
1873 3720 1968 3775 cog

2182 3725 2236 3762 ra
2259 3707 2425 3778 αὐτὴν
2467 3703 2844 3774 ἐπιγινώσκειν
2889 3703 2958 3756 τὰ
2997 3703 3318 3773 πράγματα·
3369 3702 3406 3770 ή
3451 3699 3508 3752 δὲ
3554 3693 3739 3764 καρδία

485 3865 487 3868 γ
516 3807 635 3861 quae
676 3795 742 3847 ab
770 3809 864 3849 ore
903 3797 1148 3864 proprio,
1193 3797 1247 3851 in
1273 3796 1478 3864 judicio
1505 3798 1573 3851 de
1604 3797 1879 3867 corporeis
1904 3808 1960 3850 et
1989 3797 2040 3849 in

2182 3797 2275 3851 τῶν
2307 3797 2485 3867 σοφῶν
2513 3798 2621 3849 νοεῖ
2649 3795 2716 3848 τὰ
2741 3794 2847 3848 ἀπὸ
2867 3794 2959 3847 τοῦ
2987 3793 3115 3846 ἰδίου
3138 3793 3414 3863 στόματος
3440 3789 3498 3842 ἕν
3548 3803 3607 3838 τε
3636 3781 3739 3854 κρί-

518 3885 794 3956 corporeis
834 3902 851 3941 :
890 3895 944 3940 et
993 3888 1136 3955 quod
1187 3887 1285 3956 ipsi
1345 3887 1528 3942 facere
1586 3889 1814 3954 docent,
1871 3887 2075 3958 pariter

2177 3907 2253 3943 σει
2304 3888 2566 3960 σωμάτων
2595 3887 2688 3940 καὶ
2718 3885 3043 3956 ἀσωμάτων,
3082 3884 3176 3937 καὶ
3213 3884 3360 3954 ἆπερ
3386 3881 3542 3936 αὐτοὶ
3574 3875 3734 3930 ποιεῖν

519 3984 705 4044 ²8¹¹¹¹ῑο
2170 3981 2472 4035 διδάσκουσι
2505 3977 2596 4030 καὶ
2619 3977 2964 4047 πράττουσιν.

593 4065 640 4096 ⁸ο
683 4065 886 4120 Diaboli
917 4065 1162 4121 doctrina
1190 4067 1385 4122 eruditi
1421 4069 1711 4137 dannones,
1744 4083 1959 4129 sanctos
1980 4089 2075 4144 0p-
2147 4059 2150 4062 ’

2241 4071 2442 4140 Λόγους
2464 4071 2511 4123 οἰ
2527 4069 2771 4136 δαίμονες
2792 4067 2940 4138 παρά
2953 4064 3044 4119 τοῦ
3078 4063 3325 4118 διαϐόλου
3355 4059 3729 4135 μανθάνοντες,

524 4168 784 4228 pugnant,
814 4173 1016 4229 eosque
1063 4176 1092 4214 a
1140 4161 1374 4215 scientia
1419 4163 1511 4216 Dei
1562 4179 1744 4219 arcere
1787 4178 2072 4230 conantur,

2175 4161 2507 4232 ἐπιχειροῦσι
2533 4165 2644 4224 τοῖς
2685 4159 2882 4228 ἁγίοις,
2918 4159 3012 4210 καὶ
3036 4155 3326 4227 πειρᾶσθαι
3355 4151 3612 4226 χωρίζειν
3641 4145 3731 4200 αὐ-

521 4265 638 4318 ηυω
667 4250 804 4307 solet
860 4251 1003 4320 ipsos
1051 4253 1302 4322 copulare
1343 4252 1577 4308 amicitia
1613 4270 1736 4309 cum
1768 4256 2074 4311 ccélestibus

2174 4255 2296 4315 τοὺς
2319 4253 2652 4306 ὲπινοοῦνται
2675 4251 2780 4305 ἀπὸ
2792 4251 2889 4321 τῆς
2917 4247 3186 4316 γνώσεως,
3232 4248 3358 4317 ἥτις
3381 4246 3593 4313 πέφυκε
3619 4253 3731 4291 συν-

523 4341 902 4410 potestatibus.
948 4341 1057 4398 lloc
1087 4343 1258 4410 ipsum
1292 4344 1544 4399 Salomon
1577 4360 1812 4415 quoque,
1846 4357 1903 4400 ut
1933 4349 2076 4402 arbi-

2175 4343 2361 4398 άπτειν
2409 4345 2602 4408 αὐτοὺς
2630 4343 2764 4414 πρὸς
2784 4341 2962 4411 φιλίαν
2999 4342 3116 4402 ταῖς
3146 4337 3493 4410 ἐπουρανίοις
3515 4330 3732 4398 δυνάμε-

523 4444 658 4499 tror,
683 4434 784 4489 hoc
805 4432 968 4489 ellato
994 4435 1286 4505 signiﬁcat,
1313 4452 1634 4505 perversum
1657 4439 1872 4508 quidem
1903 4441 2075 4494 homi-

2176 4451 2246 4488 σι·
2276 4436 2334 4488 τὸ
2350 4436 2392 4489 δ’
2411 4416 2540 4489 αῦτὸ
2551 4435 2706 4488 τοῦτο
2727 4436 2820 4488 καί¹
2843 4434 2870 4485 6
2890 4430 3136 4502 Σολομῶν
3156 4430 3228 4493 ὡς
3251 4424 3412 4500 οἶμαι
3431 4426 3516 4479 διὰ
3541 4421 3728 4487 ταύτης

522 4536 644 4577 nem
673 4523 857 4577 dicens
899 4522 1152 4579 Satanam
1189 4543 1203 4581 ;
1236 4537 1583 4583 transeuntes
1611 4530 1717 4583 doli
1755 4528 1922 4596 faces,
1946 4546 2072 4586 ern-

2176 4527 2274 4598 τῆς
2294 4529 2587 4598 παροιμίας
2611 4526 2891 4598 δεδήλωκε·
2921 4521 3127 4578 σκολιὸν
3151 4522 3247 4592 μὲν
3266 4521 3437 4594 ἄνδρα
3458 4519 3627 4586 λέγων
3646 4510 3729 4563 τὸν

521 4615 664 4670 ditos
690 4615 756 4670 ab
784 4615 873 4670 illo
914 4617 1085 4672 malos
1133 4617 1446 4674 daemones:
1482 4621 1706 4684 amicos,
1737 4633 1956 4677 sanctos
1983 4625 2072 4692 qui

2180 4623 2436 4675 Σατανᾶν·
2467 4619 2858 4691 πορευομένους
2896 4617 2950 4669 δὲ
2983 4614 3306 4686 λαμπτῆρας
3327 4614 3479 4666 δόλου
3505 4608 3627 4669 τοὺς
3653 4603 3725 4655 δι·

521 4707 750 4764 scientia
777 4724 872 4765 sua
905 4709 1072 4764 Deum
1103 4711 1378 4782 attingunt
1412 4721 1468 4768 et
1497 4716 1638 4768 inter
1659 4729 1737 4768 se.

2173 4712 2529 4782 δασκομένους
2548 4711 2673 4780 παρ’
2691 4709 2851 4762 αὐτοῦ
2875 4709 3076 4770 κακοὺς
3102 4705 3355 4776 δαίμονάς
3373 4717 3521 4774 φησι·
3553 4696 3725 4766 φίλους

2173 4801 2250 4865 δὲ,
2297 4801 2421 4862 τοὺς
2453 4799 2662 4868 ἁγίους,
2711 4799 2835 4861 τοὺς
2867 4796 2953 4850 διὰ
2988 4797 3085 4867 τῆς
3113 4794 3362 4864 γνώσεως
3403 4786 3720 4860 ἁπτομένους

2173 4892 2249 4963 τῷ
2278 4890 2395 4962 Θεῷ
2417 4892 2509 4944 καὶ
2535 4889 2800 4960 ἀλλήλοις.

591 4973 634 5006 ⁸¹
667 4971 765 5028 Vir
803 4972 1043 5058 iniquus,
1069 4971 1317 5028 diabolus
1347 4982 1452 5040 est,
1482 4975 1572 5043 qui
1603 4973 1694 5029 Dei
1727 4975 1932 5031 amicos
1960 4986 2077 5032 ten-

2258 4983 2420 5052 Ἀνὴρ
2453 4983 2764 5054 παράνομος
2811 4981 2840 5032 6
2881 4978 3120 5042 διάϐολός
3171 4980 3333 5031 ἐστιν·
3374 4965 3717 5058 ἀποπειρᾶται

523 5074 628 5130 tat,
673 5064 980 5133 inducitque
1023 5053 1077 5117 in
1123 5064 1236 5119 vias
1283 5065 1602 5132 perditionis
1634 5074 1689 5121 et
1726 5082 1831 5121 non
1882 5068 2072 5125 bonas.

2168 5075 2226 5129 δὲ
2258 5075 2444 5145 φίλους
2478 5053 2634 5139 Θεοῦ,
2665 5075 2758 5127 καὶ
2802 5073 3004 5142 ἀπάγει
3050 5073 3244 5134 αὐτοὺς
3276 5073 3393 5132 ταῖς
3423 5065 3555 5136 πρὸς
3582 5053 3717 5112 ἀπώ-

526 5155 812 5225 l’ostquam
837 5171 966 5211 vero
997 5164 1308 5211 Sanctorum
1333 5156 1567 5226 aliquem
1598 5159 1889 5229 deceperit,
1909 5161 2075 5215 oblir-

2170 5169 2318 5222 λειαν
2339 5168 2477 5231 όδοῖς
2507 5169 2600 5221 καὶ
2627 5168 2726 5220 οὐκ
2751 5167 2996 5234 ἀγαθαῖς·
3025 5167 3152 5219 ὅταν
3184 5165 3240 5217 δέ
3278 5180 3397 5216 τινα
3424 5158 3527 5211 τῶν
3559 5151 3715 5218 ἁγίων

529 5254 639 5304 mat
664 5247 763 5300 sibi
789 5263 894 5316 pra:
911 5247 1084 5303 oculis
1108 5246 1559 5313 machinationes,
1580 5250 1778 5320 cogitat
1800 5265 2076 5320 perversa,

2171 5262 2442 5332 ἀπατήσῃ,
2499 5258 2738 5330 στηρίξει
2783 5262 3027 5328 νοήματα
3076 5259 3187 5320 τοῖς
3225 5252 3516 5325 ὀφθαλμοῖς
3543 5238 3713 5332 αὑτοῦ,

525 5352 592 5394 ne
639 5336 776 5391 forte
825 5341 1090 5408 pmuitens
1139 5339 1376 5394 salvetur
1427 5339 1472 5393 is
1501 5355 1658 5408 quem
1706 5352 1932 5396 venatus
1972 5354 2073 5399 est.

2172 5353 2266 5404 καὶ
2295 5331 2563 5420 λογίζεται
2585 5349 3004 5422 διεστραμμένα,
3043 5351 3115 5420 μή
3148 5365 3261 5410 πως
3293 5345 3434 5413 σωθῇ
3471 5331 3709 5422 μετανοή-

526 5430 571 5466 δί
602 5428 832 5496 lnspirat
854 5441 1031 5488 autem
1060 5431 1280 5486 auribus
1322 5430 1439 5500 ejus
1467 5447 1664 5501 pravas
1692 5435 1960 5501 quaslibet
1987 5451 2077 5489 co-

2175 5459 2272 5504 σας
2297 5442 2355 5494 ὃν
2389 5443 2664 5513 ὲΟήρευσε·
2698 5421 2866 5504 κνίζει
2886 5441 2940 5493 δὲ
2967 5443 3078 5502 τοῖς
3101 5438 3330 5508 χείλεσιν
3357 5430 3514 5489 αὑτοῦ
3537 5429 3589 5478 ὲν
3610 5421 3711 5513 τοῖς

525 5518 833 5586 gitationes,
866 5520 1292 5589 desperationem
1323 5529 1378 5573 et
1402 5523 1763 5578 omnimodam
1801 5526 2065 5596 intempe-

2173 5532 2303 5586 ὠσὶν
2327 5533 2531 5586 ἐκείνου
2553 5532 2730 5585 πάντα
2749 5530 2815 5583 τά
2851 5530 2994 5584 κακά
3026 5529 3227 5598 ὲνθυμή
3237 5545 3402 5598 ματα,
3423 5511 3709 5586 ἀπόγνωσίν

526 5614 712 5668 rantia:
744 5613 1088 5682 voluptatem.
1116 5616 1243 5672 Haac
1265 5627 1347 5672 est
1367 5619 1544 5673 omnis
1572 5618 1824 5685 nequitia:
1854 5619 2066 5684 lornax,

2172 5641 2230 5677 τε
2264 5625 2354 5678 καὶ
2403 5625 2579 5679 πᾶσαν
2610 5621 2799 5694 ήδονὴν
2832 5621 3138 5682 ἀκολασίας·
3179 5616 3325 5682 οὗτος
3360 5611 3573 5684 κάμινός
3602 5608 3708 5657 ἐστι

593 5773 634 5804 ³⁸
669 5789 715 5829 v.
750 5775 833 5831 Η.
911 5777 954 5810 ⁸⁸
978 5777 1139 5834 γ.16.
1217 5780 1258 5812 ³⁷
1290 5781 1453 5835 v.17.
1533 5783 1641 5838 "v.
1673 5781 1760 5838 ‘22.
1838 5783 1880 5816 ”
1914 5799 1962 5836 v.
1996 5785 2085 5839 23.

1533 5783 1574 5814 ³8
1594 5799 1641 5838 γ.
1673 5781 1760 5838 ea.
1838 5783 1880 5816 89
1914 5799 1962 5836 γ.
1996 5785 2085 5839 es.
2165 5784 2210 5817 ιο
2241 5799 2286 5839 γ.
2319 5784 2408 5840 28.
2483 5784 2523 5814 Η
2556 5799 2604 5838 ν.
2636 5783 2726 5839 29.
2800 5783 2844 5814 Η
2871 5797 2914 5835 γ’
2942 5780 3029 5836 50.
