3942 6318
198 351 289 404 197
1075 421 1079 430 Ι
1386 346 1753 404 EXPOSITIU
1782 346 1850 403 IN
1879 345 2059 402 ΡΒον
2070 344 2290 401 ERBlA.
3316 351 3417 407 Q98

190 468 362 537 πάσης
381 469 616 536 κακίας·
650 469 937 543 καὶφλέγει
959 471 1015 521 ὲν
1039 469 1172 540 αὐτῇ
1191 468 1287 531 τὰς
1324 468 1501 538 ψυχὰς
1528 467 1634 520 τῶν
1655 465 1765 518 όλι-
1794 507 1805 534 λ

1895 481 1921 519 n
1951 480 2057 534 qua
2092 461 2482 519 comburuntur
2512 465 2704 521 animae
2730 480 2915 539 eorum
2942 465 3037 535 qui
3075 464 3202 534 illuc
3229 444 3417 518 labun-

188 534 731 629 cﬂqacttévwvdnd
752 534 945 633 ταύτης
975 561 1070 631 τῆς
1093 534 1318 632 καμίνου
1336 534 1641 637 ἐκτινάσσει
1662 558 1758 628 τὴν

1895 572 1970 610 ur.
1997 556 2103 610 Sed
2132 559 2274 609 enim
2305 555 2462 623 hujus
2492 572 2708 627 quoque
2729 534 2983 621 ifornacis
3006 557 3228 611 discutit
3268 557 3419 610 llam-

182 654 345 723 φλόγα
378 656 626 728 Πνεῦμα
652 658 810 721 Θείον,
838 655 1139 727 διασυρίζον
1178 655 1369 724 σοφίαν
1400 654 1612 725 δρόσου·
1634 651 1761 704 πολ-

1895 663 2009 702 nam
2037 647 2250 703 divinus
2276 648 2532 717 Spiritus,
2569 650 2845 704 insibilans
2894 651 3211 717 sapientiam
3257 664 3415 703 I'OI‘IS.

181 746 249 797 λοὶ
280 744 339 797 δὲ
379 746 467 800 ἔτι
509 749 627 803 τῶν
670 751 789 802 κατ’
824 747 991 819 αὑτὴν
1033 747 1259 819 πονηροὶ
1300 746 1596 816 ἄνθρωποι,
1636 742 1760 796 εἰώ-

1895 740 2057 794 thuc
2090 754 2218 795 vero
2250 740 2400 794 multi
2438 742 2540 796 hoc
2570 752 2731 810 pacto
2759 742 2983 810 improbi
3013 743 3285 805 homines,
3323 758 3416 812 pa-

175 833 286 888 ϐασι
315 838 730 904 μιμεῖσθαιτὺν
759 837 968 908 πατέρα
984 837 1167 899 αὑτοῖς
1192 834 1452 890 διάϐολον.

1895 846 2004 886 rem
2030 847 2183 886 suum
2215 834 2484 887 diabolum
2507 833 2682 889 solent
2715 834 2935 890 imitari.

234 927 500 993 Κόλπους
536 930 778 985 ἐνταῦθα
803 932 902 994 τὰς
947 930 1169 1000 καρδίας
1202 929 1388 1000 εἴρηκε
1408 929 1515 980 τῶν
1539 924 1756 980 ἀδίκων·

1937 922 1984 954 ’⁸³
2010 921 2171 976 Sinus
2204 923 2294 977 hic
2338 926 2501 979 corda
2534 926 2668 979 dixit
2715 925 3043 1000 iniquorum.
3077 924 3211 979 Puto
3239 934 3414 978 autem

167 1012 312 1088 οἶμαι
337 1019 397 1072 δὲ
432 1021 525 1076 ὅτι
549 1024 649 1076 καὶ
669 1022 941 1092 πανταχοῦ
970 1024 999 1074 6
1016 997 1210 1083 κόλπος
1294 997 1383 1073 τὸν
1409 1018 1552 1084 νοῦν,
1578 1018 1612 1089 ἢ
1660 1017 1759 1085 τὴν

1895 1014 2041 1067 inum
2062 1014 2261 1084 ubique
2281 1015 2586 1082 signiﬁcare
2609 997 2960 1071 aut‘mentem
2998 1024 3089 1069 aut
3116 1016 3414 1070 scientiam.

171 1110 365 1176 γνῶσιν
419 1114 716 1185 σημαίνει·
751 1114 845 1168 καὶ
889 1114 1015 1175 τοὺς
1048 1112 1144 1183 μὲν
1170 1112 1435 1183 πονηροὺς
1464 1111 1492 1163 6
1520 1108 1762 1170 διάϐολος

1895 1104 1935 1159 2t
1963 1104 2233 1173 improbos
2263 1106 2478 1176 quidem
2513 1116 2686 1177 gestat
2714 1105 2769 1161 in
2799 1106 2921 1161 sinu
2950 1104 3219 1170 diabolus,
3245 1105 3417 1180 iustos

165 1172 595 1271 έγκολπῐζεται,
623 1208 748 1270 τοὺς
782 1205 840 1258 δὲ
877 1172 1116 1268 δικαίους
1136 1205 1165 1256 ὁ
1193 1172 1427 1276 Κύριοςξ
1870 1172 2142 1251 Domitiuso
2278 1172 2298 1176 ν
2515 1172 2542 1177 ⁷
2698 1184 2701 1199 1
3248 1172 3261 1175 ν
3297 1172 3304 1180 ⁸

1653 1288 1808 1345 CAP.
1835 1285 1997 1341 XVII.

226 1390 293 1443 Ei
318 1392 443 1456 πᾶς
495 1392 529 1444 6
576 1391 742 1446 ποιῶν
764 1390 865 1462 τὴν
896 1386 1170 1460 ἁμαρτίαν
1199 1382 1382 1449 δοῦλός
1422 1387 1558 1449 ἐστι,
1582 1384 1691 1445 πᾶς
1739 1384 1767 1433 6

1935 1378 1980 1410 “
2011 1377 2066 1433 Si
2091 1379 2266 1434 omnis
2296 1379 2384 1448 qui
2410 1378 2538 1434 facit
2565 1389 2866 1449 peccatum,
2898 1396 3089 1459 servus
3118 1390 3221 1447 est,
3246 1382 3423 1437 omnis

158 1485 416 1549 ἀποστὰς
454 1487 568 1556 τῆς
609 1456 949 1547 κακίας-διὰ*
978 1456 1077 1551 ei];
1113 1480 1333 1551 ἀρετῆς,
1365 1478 1470 1531 τῶν
1500 1477 1767 1546 δαιμόνων

1895 1472 2103 1527 icissim
2149 1474 2239 1542 qui
2276 1489 2304 1526 a
2339 1473 2575 1541 nequitia
2627 1459 2833 1529 recedit
2879 1456 3102 1545 propter
3142 1475 3417 1536 virtutem,

158 1576 429 1646 ἀφρόνων
482 1579 655 1630 ὄντων
704 1573 976 1628 δεσποτῶν
1031 1573 1349 1643 ἐκράτησεν
1396 1569 1455 1632 ὃς
1502 1569 1596 1621 καὶ
1621 1561 1805 1646 οἷκοςῑ

1895 1565 2198 1619 immonibus
2246 1566 2459 1619 vesanis
2510 1566 2742 1622 dominis
2794 1569 3070 1637 przcvalet.
3114 1567 3212 1622 llic
3259 1569 3419 1621 etiam

159 1632 514 1739 μυστηρίων
539 1666 671 1721 Θεοῦ
700 1652 1006 1735 γενήσεται,
1048 1632 1187 1717 κατὰ
1214 1632 1499 1729 ἀναλογίαν
1539 1658 1636 1727 τῆς
1668 1675 1765 1710 κα-
1796 1632 1805 1685 Ῑ

1895 1655 2243 1723 mysteriorum
2280 1655 2369 1709 Dei
2404 1655 2732 1711 domicilium
2765 1660 2875 1723 ﬁet,
2906 1674 3001 1728 pro
3027 1668 3201 1713 status
3238 1658 3426 1713 condi-

152 1762 534 1825 ταστάσεως,
563 1761 777 1829 ἑκάστῳ
803 1758 912 1811 τῶν
938 1756 1178 1827 ἀδελφῶν
1200 1755 1374 1817 διδοὺς
1396 1751 1593 1821 γνῶσιν
1614 1766 1767 1801 πνευ-

1895 1745 2014 1797 ione
2046 1743 2275 1812 singulis
2302 1743 2560 1799 fratribus
2587 1736 2885 1815 spiritalem
2919 1749 3204 1804 scientiam
3234 1749 3425 1803 distri-

154 1854 457 1922 ματικήν·
494 1852 634 1906 οὕτω
663 1852 758 1905 καὶ
791 1850 1002 1912 Παῦλος
1026 1848 1163 1911 τοὺς
1181 1848 1278 1918 μὲν
1305 1848 1362 1899 ὲν
1397 1841 1643 1916 Κορίνθῳ
1664 1858 1765 1909 γα-

1895 1849 2057 1888 lucus.
2091 1833 2181 1889 Sic
2215 1836 2374 1888 etiam
2413 1836 2610 1893 Paulus
2640 1839 2948 1894 Corinthios
2978 1840 3136 1903 lacte,
3161 1839 3424 1907 Ephesios

145 1917 527 2009 λαποτίξων,
576 1946 701 2007 τοὺς
749 1942 804 1995 δὲ
831 1944 887 1995 ὲν
938 1939 1145 2009 Ἐφέσῳ
1178 1917 1391 2008 τρέφων
1435 1932 1769 2004 στερεωτέρᾳ

1895 1929 2126 1983 olidtore
2179 1930 2299 1983 cibo
2324 1917 2601 1999 pascebat,
2649 1934 2713 1987 de
2756 1934 3106 2004 longitudine,
3140 1933 3424 1987 latitudine

143 2040 382 2109 τροφῇ,
449 2039 578 2109 περὶ
613 2037 778 2106 ὕψους
805 2036 898 2088 καὶ
946 2035 1149 2104 μήκους
1178 2030 1272 2084 καὶ
1297 2029 1527 2090 πλάτους
1558 2026 1651 2078 καὶ
1676 2025 1769 2096 βά-

1895 2030 1924 2073 :t
1956 2020 2317 2089 profunditate
2369 2022 2617 2091 loquens,
2646 2026 2830 2093 spatiis
2870 2027 2952 2078 his
2988 2027 3299 2095 signiﬁcans
3345 2040 3425 2078 ra-

138 2129 292 2192 Bauc;
368 2128 780 2197 διαλεγόμενος·
825 2125 918 2178 καὶ
952 2123 1040 2176 διὰ
1083 2121 1284 2175 τούτων
1325 2118 1431 2171 τῶν
1469 2114 1767 2185 διαστημά-

1897 2113 2092 2168 ionalis
2119 2124 2325 2168 naturae
2344 2115 2740 2179 diversitatem,
2769 2133 2883 2186 qum
2915 2118 3006 2172 Dei
3043 2120 3108 2172 de
3137 2118 3337 2185 judicio
3360 2133 3422 2172 ac

141 2238 278 2273 των
345 2220 463 2291 τὴν
505 2219 600 2289 τῆς
641 2216 857 2287 λογικῆς
906 2215 1119 2283 φύσεως
1180 2210 1456 2281 σημαίνων
1486 2208 1767 2278 διαίρεσιν,

1895 2204 2207 2260 irovidentia
2228 2218 2509 2260 sermones
2524 2210 2948 2275 comprehendit,
2967 2200 3257 2278 profundos
3277 2211 3427 2281 equi-

148 2310 306 2380 ἥτις
334 2312 476 2372 τοὺς
496 2308 621 2378 περὶ
643 2306 871 2378 κρίσεως
897 2305 990 2357 καὶ
1021 2300 1272 2373 προνοίας
1300 2297 1392 2350 τοῦ
1418 2295 1550 2349 Θεοῦ
1584 2294 1769 2363 λόγους

1895 2295 2010 2360 lem,
2041 2307 2093 2350 et
2125 2297 2415 2352 humanam
2446 2301 2810 2355 conditionem
2838 2302 3180 2358 cxcedentes.

150 2404 544 2473 ἐμπεριέχει,
596 2400 733 2453 πάνυ
783 2396 1112 2467 βαθυτάτους
1153 2392 1516 2461 ὑπάρχοντας,
1551 2387 1646 2441 κα)⁹
1674 2388 1766 2439 ὲκ-
2466 2448 2473 2457 ⁸
3172 2390 3177 2393 “

158 2494 501 2564 φεύγοντας
525 2495 623 2565 τὴν
653 2488 999 2561 ἀνθρωπίνην
1038 2484 1389 2540 κατάστασιν.

240 2587 507 2657 Κάμινοι
525 2586 572 2637 oi
603 2581 913 2654 πειρασμοί·
938 2578 1026 2632 διὰ
1048 2576 1156 2649 γὰρ
1179 2576 1285 2629 τῶν
1325 2571 1642 2647 πειρασμῶν
1670 2587 1768 2624 κα-

171 2682 370 2753 θάρας
413 2678 507 2732 καὶ
541 2674 901 2747 ἀκηλιδώτους
944 2671 1042 2736 τὰς
1082 2668 1309 2741 καρδίας
1358 2665 1467 2720 τῶν
1498 2661 1768 2717 ἐκλεκτῶν

174 2778 204 2828 6
231 2747 380 2836 (dab;
417 2772 720 2839 ἐκλέγεται.

1895 2748 2047 2801 :ulata
2072 2748 2172 2802 sibi
2201 2747 2351 2818 eligit
2383 2748 2541 2802 Deus.

262 2870 330 2921 Ὀ
362 2837 639 2937 αἱρετικὺς
667 2859 929 2916 ὑπακούει
948 2856 1198 2928 γλώσσης
1231 2855 1330 2925 τῆς
1351 2853 1457 2906 τῶν
1488 2851 1661 2905 ἀθέων
1685 2849 1768 2902 δο-

1939 2839 1985 2870 ⁸⁸
2011 2838 2179 2893 Homo
2211 2839 2502 2892 haereticus
2530 2837 2956 2907 irreligiosorum
2986 2838 3297 2906 dogmatum
3330 2840 3431 2895 lin-

180 2929 444 3031 ypi'cmv:
474 2959 523 3011 οἱ
548 2958 604 3010 δὲ
627 2955 725 3025 τῆς
753 2951 1094 3023 Ἑκκλησίας,
1125 2948 1244 3002 οὐδὲ
1272 2946 1643 3020 προσέχουσιν.
1672 2941 1770 2995 Διά
1795 2967 1805 3014 ε

1895 2946 2029 2995 :uam
2062 2929 2312 2996 obaudi't;
2344 2941 2398 2985 at
2427 2930 2677 2985 Ecclesia:
2704 2930 2883 2985 ﬁdeles
2926 2932 3067 2986 nulla
3096 2938 3235 2985 hanc
3258 2942 3434 3009 atten-

188 3008 415 3031 or‘"""
482 3008 521 3011 "
558 3008 597 3010 "
685 3008 723 3025 I"
939 3008 951 3023 ο
1054 3008 1091 3015 -υ
1316 3008 1327 3020 ι
1442 3008 1474 3017 σ-
1799 3008 1805 3014 ς

178 3052 279 3106 τοῦ
313 3049 640 3112 ὑπακούειν,
664 3047 724 3099 τὸ
752 3042 994 3098 ἑκούσιον
1021 3042 1311 3103 δείκνυσιν,
1338 3038 1411 3101 ὡς
1442 3039 1519 3100 είς
1540 3037 1638 3107 τὴν
1672 3032 1768 3086 τοῦ

1896 3022 2016 3077 ione
2054 3022 2359 3093 dignantur.
2400 3026 2531 3079 Dum
2566 3034 2747 3079 autem
2798 3023 3083 3077 haereticus
3132 3008 3424 3089 auscultat,

181 3145 328 3199 Θεοῦ
366 3143 534 3213 σοφὴν
567 3141 829 3210 διοίκησιν
858 3133 1198 3207 ἐξαμαρτών.
1229 3164 1297 3173 --
1315 3126 1480 3193 Οὗτος
1507 3126 1769 3182 ὑπακούει

1895 3112 2197 3169 'oluntatem
2240 3129 2391 3169 suam
2425 3116 2965 3170 demoustratcontra
3005 3114 3095 3168 Dei
3124 3116 3425 3184 sapientem

183 3240 307 3301 ταῖς
349 3205 621 3306 γλῶσσαις
654 3205 763 3284 τῶν
789 3205 1134 3300 παρανόμων,
1165 3226 1193 3277 6
1228 3225 1354 3288 τοὺς
1383 3223 1597 3284 ἀδίκους
1619 3218 1770 3289 δεχό-

1895 3205 2263 3259 irovidcntiam
2295 3208 2573 3274 peccandi.
2603 3236 2669 3247 —-
2700 3207 2793 3262 Ille
2824 3206 3188 3277 improborum
3219 3207 3432 3278 linguas

191 3294 373 3400 μενος.
400 3328 531 3399 παρ’
576 3294 753 3379 αὐτῶν
779 3294 1090 3390 λογισμοὺς,
1126 3315 1498 3388 καὶ,σπεύδων
1532 3312 1773 3382 ἐνεργεῖν

1895 3294 2044 3360 ιιιιΙὶι,
2081 3296 2169 3364 qui
2212 3296 2420 3365 iniquas
2446 3297 2515 3351 ab
2549 3298 2629 3352 eis
2680 3298 2906 3368 suscipit
2954 3297 3348 3360 meditationes,
3377 3308 3435 3353 et

191 3385 314 3474 κατ’
347 3385 565 3482 αὐτούς·
593 3410 673 3480 οἷς
694 3417 723 3467 6
751 3385 952 3475 δίκαιος
977 3410 1192 3478 λέγεται
1314 3407 1617 3477 προσέχειν,
1648 3406 1775 3475 όρα-

1895 3385 2020 3437 iaria
2054 3386 2141 3440 his
2169 3400 2331 3454 agere
2354 3388 2573 3457 satagit.
2607 3388 2815 3454 Quibus
2843 3390 3003 3442 homo
3030 3386 3434 3458 justus‘dicitur

192 3516 301 3569 τῶν
351 3530 411 3566 τε
439 3481 539 3566 και
559 3509 821 3581 ἀοράτων,
855 3504 1098 3559 τουτέστι
1142 3502 1217 3573 μὴ
1250 3500 1342 3553 ἐπὶ
1373 3499 1535 3552 πλέον
1556 3498 1775 3568 τρέφειν

1895 3492 1981 3532 ton
2013 3481 2315 3543 attendere,
2342 3494 2434 3535 seu
2475 3482 2802 3547 visibilibus,
2835 3496 2926 3535 seu
2955 3481 3346 3546 invisibilibus;
3381 3483 3433 3536 id

602 3568 638 3585 "
806 3568 816 3572 ⁷
1143 3568 1154 3573 ⁷
1205 3568 1216 3573 ⁷
1876 3576 1982 3633 est,
2010 3568 2222 3623 illorum
2253 3572 2477 3624 consilia
2506 3572 2710 3625 diutius
2732 3580 2913 3624 mente
2930 3586 3033 3625 non
3063 3570 3225 3624 alere.

279 3696 346 3748 '0
371 3660 585 3756 πίστὸς,
612 3690 794 3762 φησιν,
823 3688 1014 3757 ὄψεται
1057 3683 1183 3746 τοὺς
1222 3683 1412 3751 λόγους
1444 3678 1538 3732 τοῦ
1575 3677 1776 3749 κόσμου

1949 3660 1991 3691 ⁸⁷
2027 3660 2247 3726 Fidelis,
2299 3661 2494 3725 inquit,
2540 3662 2700 3713 homo
2729 3660 2930 3712 videbit
2977 3660 3213 3713 rationes
3255 3660 3437 3714 mundi

198 3790 417 3853 τούτου,
447 3785 697 3847 οὕστινας
731 3784 986 3854 χρήματα
1022 3774 1299 3849 τροπικῶς
1334 3770 1427 3825 τοῦ
1487 3770 1578 3823 νοῦ
1609 3788 1778 3842 προσ-

1895 3750 2057 3819 iujus,
2087 3766 2221 3819 quas
2271 3759 2462 3804 auctor
2494 3749 2701 3819 tropice
2756 3747 2971 3805 divitias
3005 3746 3335 3828 'appellarit.‘
3357 3748 3437 3806 Ιπ-

202 3843 523 3954 ηγόρευσεν·
551 3879 578 3929 6
603 3876 659 3929 δὲ
927 3843 1161 3923 οὑδὲττοῦ
1181 3865 1431 3936 τυχόντος
1457 3863 1780 3954 πράγματος

1895 3844 2132 3898 :redulus
2186 3852 2363 3896 autem
2423 3858 2488 3898 ne
2531 3843 2764 3897 minima:
2812 3843 3024 3912 quidem
3054 3844 3129 3899 rei
3174 3844 3434 3900 rationem

202 3935 476 4044 γνῶσεται
511 3968 687 4035 λόγον,
716 3964 802 4017 διὰ
833 3962 933 4033 τὴν
968 3956 1306 4030 ἀκαθαρσίαν
1330 3956 1428 4027 τῆς
1464 3954 1642 4025 ψυχῆς
1685 3952 1781 4005 αὑ-

1895 3944 2168 4006 :oguoscet
2200 3944 2417 4003 propter
2446 3949 2641 3989 anima:
2689 3949 2798 3988 sua:
2858 3935 3249 4005 impuritatcm.
3283 3937 3435 4004 Quod

204 4025 323 4117 τοῦυ
356 4064 439 4115 ὅτι
462 4061 520 4113 δὲ
551 4025 772 4119 πλοῦτος
798 4025 975 4125 ψυχῆς
1013 4055 1046 4123 ἡ
1069 4025 1268 4120 γνῶσίς
1295 4025 1409 4102 ἐστι
1437 4046 1531 4100 τοῦ
1561 4044 1717 4111 Θεοῦ,
1751 4046 1779 4097 6

1895 4044 2008 4084 vero
2057 4026 2255 4103 divitiae
2304 4028 2515 4091 animai,
2547 4025 2748 4095 agnitio
2798 4025 2890 4080 Dei
2926 4026 3015 4092 sit,
3055 4026 3251 4081 Paulus
3282 4028 3443 4083 docet

209 4156 423 4218 Παῦλος
441 4152 677 4207 διδάσκει
701 4117 973 4217 λέγων’τά
1130 4143 1305 4196 παντὶ
1323 4142 1776 4206 ἐπλουτίσθητε,

1895 4121 2104 4177 licenda
2131 4117 2319 4197 ‘l’aln
2361 4120 2597 4172 omnibus
2651 4118 2835 4173 divites
2890 4119 3019 4188 facti
3062 4120 3269 4185 estisﬁn
3298 4120 3439 4174 omni

207 4203 295 4299 Et:
748 4203 844 4290 καὶ
873 4234 1039 4303 πάσῃ
1061 4233 1263 4302 σοφίᾳ»
1290 4232 1338 4285 εί
1357 4231 1414 4283 δέ
1428 4248 1510 4293 τις
1542 4203 1779 4300 βούλοιτο

1895 4216 2096 4269 scientia
2126 4223 2173 4267 et
2205 4213 2345 4267 omni
2390 4214 2667 4281 sapientia.
2713 4212 2869 4291 Quod
2906 4214 2949 4267 si
2990 4212 3111 4283 quis
3160 4203 3441 4267 ostendere

212 4292 484 4407 ξξῖέέιῗμξ
507 4292 706 4405 ταύτην
734 4331 831 4402 τὴν
855 4292 1059 4383 ἔννοιάν
1080 4292 1227 4380 εἷῦαι
1244 4325 1445 4395 ταύτης
1467 4292 1566 4394 τῆς
1596 4339 1777 4394 παροι-

1895 4306 2006 4361 velit
2037 4322 2140 4360 non
2165 4306 2306 4360 hunc
2334 4319 2453 4359 esse
2491 4306 2646 4366 huius
2678 4304 2820 4357 εστιιί
2862 4320 3099 4367 sensum,
3132 4304 3276 4357 dicat
3311 4319 3440 4358 sane

1872 2618 1877 2619 ,
1935 2564 1981 2595 "
2014 2562 2288 2619 Fornaces
2338 2572 2461 2617 sunt
2516 2564 2860 2639 tentationes.
2886 2562 3099 2619 Etenim
3144 2556 3430 2635 postquam

1868 2669 1962 2723 per
1989 2654 2314 2708 tentationcs
2338 2655 2497 2709 corda
2529 2655 2798 2725 purgavit,
2834 2666 2943 2709 tum
2978 2656 3191 2713 demum
3242 2657 3432 2712 imma—

194 3607 249 3657 ὲν
274 3603 481 3673 ἑαυτῷ.

220 4434 364 4502 μίας,
405 4428 608 4497 λεγέτω
653 4424 755 4478 ποῦ
798 4420 1104 4491 εὐπόρησαν
1148 4418 1443 4490 χρημάτων
1461 4412 1528 4468 ὀί
1564 4414 1777 4487 περιελ-

218 4525 396 4586 θόντες
417 4523 477 4574 ὲν
515 4518 805 4590 μηλωταῖς,
842 4515 900 4566 ὲν
930 4511 1157 4580 αἰγείοις
1186 4509 1437 4580 δέρμασι,
1481 4506 1779 4576 κακουχού-

222 4632 387 4685 μενοι,
427 4611 747 4681 6λιόόμενοι,
799 4602 1323 4674 στενοχωρούμενοι;
1355 4600 1479 4664 Πῶς
1521 4601 1577 4653 δὲ
1617 4602 1711 4655 καὶ
1753 4603 1781 4655 6

220 4708 441 4767 ἄπιστος
472 4704 568 4772 οὑχ
593 4698 919 4767 ἓξειόὖολδν,
956 4695 1162 4749 πολλῶν
1188 4694 1428 4747 ἀπίστων
1458 4693 1782 4765 περιϐεϐλη-

222 4798 395 4867 μένων
430 4794 658 4850 πλοῦτον
687 4790 870 4852 πολὺν,
904 4786 1046 4855 λέγω
1093 4785 1149 4838 δὲ
1181 4783 1442 4854 βασιλέων
1468 4785 1560 4836 καὶ
1589 4782 1783 4853 ἀρχόν-

220 4906 321 4942 των
354 4889 449 4943 τοῦ
474 4888 679 4957 κόσμου
707 4882 926 4944 τούτου;

289 4982 458 5050 Χείλη
487 4976 651 5031 πιστά
674 4975 795 5036 τοὺς
816 4970 1051 5041 ἀγαθοὺς
1077 4969 1367 5038 λογισμούς
1384 4982 1563 5036 φησιν’
1588 4966 1781 5039 ἄφρονι

225 5075 279 5129 δὲ
299 5072 478 5127 δεκτοὶ
528 5069 734 5122 ἔσονται
762 5064 986 5136 πονηροὶ
1016 5061 1282 5131 λογισμοί·
1318 5059 1401 5121 τίς
1431 5058 1538 5129 γάρ
1585 5055 1783 5127 μετοχὴ

227 5165 535 5235 δικαιοσύνῃ
569 5160 703 5232 πρὸς
734 5156 971 5220 ἀδικίαν;
1002 5156 1049 5207 εἰ
1083 5155 1157 5225 μή
1199 5169 1298 5206 που
1332 5149 1668 5221 μετανοήσας
1700 5148 1785 5201 δέ-

232 5258 378 5331 ξηται
409 5253 665 5327 φρόνησίν
690 5268 748 5303 τε
774 5250 867 5303 καὶ
899 5248 1099 5300 πίστιν.

301 5435 397 5487 Διά
438 5433 533 5504 μὲν
555 5432 656 5503 τῆς
697 5426 1058 5498 δικαιοσύνης,
1089 5425 1189 5497 τὴν
1218 5420 1428 5477 ἀδικίαν
1454 5418 1789 5490 κρύπτομεψ

1882 4397 2146 4466 quomodo
2180 4395 2379 4449 divitiis
2408 4394 2800 4449 abundaverint
2846 4393 2940 4457 illi,
2979 4392 3067 4460 qui
3111 4384 3441 4447 circuierunt

1884 4490 1937 4542 in
1970 4487 2199 4550 melotis,
2234 4489 2285 4540 in
2315 4487 2546 4555 pellibus
2581 4485 2840 4552 caprinis,
2884 4483 3085 4548 afﬂicti,
3124 4484 3315 4552 pressi,
3347 4500 3442 4538 an-

1887 4579 2101 4650 gustiati
2132 4579 2211 4631 ⁸³⁸2
2242 4577 2521 4644 Quomodo
2546 4577 2676 4651 item
2705 4576 2866 4629 homo
2899 4576 3207 4631 incredulus
3228 4556 3442 4629 obolum

1888 4690 1995 4731 non
2031 4670 2349 4742 possidebit,
2395 4683 2518 4722 cum
2555 4684 2744 4736 reapse
2804 4668 2955 4721 multi
2989 4668 3245 4723 increduli
3285 4668 3445 4722 lautis

1886 4764 2090 4821 divitiis
2119 4761 2360 4826 allluant,
2393 4774 2544 4829 reges
2596 4759 2811 4827 inquam
2846 4769 2898 4814 et
2940 4760 3210 4828 principes
3262 4759 3442 4813 mundi

1888 4858 2080 4923 huius?
2240 4874 2245 4879 ‘
2286 4838 2291 4841 δ
3294 4836 3295 4851 1
3439 4918 3443 4921 _

1959 4955 2004 4987 ”
2031 4952 2194 5007 Labia
2238 4947 2413 5003 ﬁdelia
2452 4944 2585 4999 dicit
2633 4945 2800 4999 bonas
2831 4944 3203 5013 cogitationes.
3239 4942 3447 4997 Vesano

1886 5056 2065 5101 tamen
2095 5042 2384 5114 placebunt
2414 5038 2768 5108 cogitationes
2812 5036 2985 5089 make.
3018 5033 3147 5087 Nam
3182 5048 3443 5114 quaepar-

1889 5110 2127 5208 ticipatio
2150 5135 2376 5204 justitim
2411 5148 2532 5188 cum
2571 5130 2892 5200 iniquitate?
2923 5137 3014 5181 aut
3046 5142 3165 5195 quae
3194 5110 3445 5183 commu-

1891 5233 1983 5288 nio
2008 5231 2143 5284 lucis
2169 5244 2291 5283 cum
2318 5225 2588 5281 tenebris?
2612 5224 2713 5277 nisi
2748 5222 2887 5278 forte
2910 5220 2997 5276 ille
3026 5220 3289 5293 paenitens
3319 5237 3447 5290 pru-

1888 5323 2125 5380 dentiam
2160 5320 2428 5387 ﬁdemque
2466 5314 2749 5383 receperit.
3034 5302 3035 5305 “

1958 5417 2000 5447 ⁸⁸
2035 5413 2251 5468 Justitia
2310 5410 2649 5479 iniquitatem
2711 5406 3034 5470 obruimus,
3093 5403 3447 5479 temperantia

234 5526 311 5581 διὰ
337 5526 393 5578 δὲ
420 5493 518 5592 τῆς
544 5493 912 5591 σωφροσύνης,
946 5493 1043 5589 την
1074 5493 1385 5569 ἀκολασίαν·
1408 5510 1503 5564 καὶ
1526 5508 1682 5562 πάλιν
1706 5506 1794 5561 διά

1895 5506 2179 5570 ltixnriam,
2211 5502 2521 5573 pariterque
2565 5512 2751 5589 amore
2779 5498 2959 5551 odium
2980 5536 2994 5561 ,
3038 5504 3091 5550 et
3122 5493 3447 5550 liberalitate

244 5616 325 5687 τῆς
357 5585 599 5684 ἀγάπης,
714 5585 883 5681 μῖσος·
922 5585 1015 5661 καί
1039 5606 1126 5660 διὰ
1149 5606 1246 5677 τῆς
1263 5600 1679 5673 ἀφιλαργυρίας,
1696 5598 1793 5670 τὴν

1895 5598 2202 5653 avaritiam.
2232 5594 2521 5650 Obruimus
2559 5585 2684 5644 item
2717 5588 3013 5643 humilitate
3039 5585 3369 5657 superbiam,
3390 5591 3446 5639 et

304 5808 342 5837 δ’
372 5823 419 5858 v.
444 5805 492 5858 ’ὅῖ

482 5805 535 5860 5.
618 5799 663 5833 ⁸⁸⁸
687 5813 736 5853 v.
765 5797 816 5852 2.
896 5798 938 5830 "
969 5814 1015 5852 v.
1050 5798 1104 5851 '5.
1180 5796 1224 5828 ⁸⁸
1248 5811 1295 5851 v.
1332 5796 1384 5850 4.
1461 5794 1505 5825 ⁸⁷
1533 5808 1579 5848 v.
1607 5791 1661 5846 6.
1732 5788 1953 5845 “lCor.
1983 5804 2020 5852 ι,
2044 5787 2093 5841 5.

2176 5785 2216 5818 ⁴⁹
2242 5785 2404 5841 Hebr.
2434 5797 2511 5844 at.
2538 5783 2626 5837 ⁸57.
2704 5783 2750 5823 ἕθ
2774 5797 2822 5839 \'.
2860 5780 2909 5839 7.
2986 5780 3027 5810 ⁵¹
3060 5792 3106 5835 v.
3130 5778 3185 5834 9.
