3942 6318
509 389 612 447 (99

1394 367 1955 448 ευρριιειιεΝτυιι
1985 389 2076 444 ΑΙ)
2107 387 2427 446 ORIGENIS
2462 385 2874 447 EXEGETICA.

3655 390 3759 445 200

505 505 919 564 mansuetudine
944 506 1227 573 ferociam,
1259 518 1564 578 quaerentes
1598 507 1899 579 spiritalem
1941 506 2078 562 ami-

2182 507 2508 575 πλεονεξίαν·
2544 506 2855 580 κρύπτομεν
2879 507 2935 561 δὲ
2968 507 3062 562 καὶ
3086 507 3176 562 διὰ
3204 509 3302 579 τῆς
3331 511 3751 579 ταπεινοφροσὺ-

505 601 715 666 ritiam,
754 613 875 671 qua:
909 611 1153 656 sanctam
1188 600 1280 653 Dei
1315 600 1645 669 agnitionem
1689 599 1983 671 signiﬁcat.
2017 601 2084 657 Et

503 693 718 762 quidem
740 691 880 762 apud
912 691 1134 745 Paulum
1165 692 1213 723 ⁸¹
1244 692 1463 761 quidam
1493 691 1748 746 dicuntur
1779 692 1927 746 cives
1956 707 2082 746 san-

504 796 718 839 ctorum
754 782 907 847 facti,
945 793 998 836 et
1030 782 1370 837 habitatores
1417 796 1669 853 superna:
1722 781 2078 847 Hierusalem,

502 874 927 944 supertediﬁcati
974 888 1141 945 super
1172 874 1581 931 fundamentum
1633 874 2001 946 aposwlorum
2025 881 2081 929 et
2124 934 2133 945 ,

502 968 917 1036 prophetarum.

568 1141 617 1177 ⁸³
649 1143 872 1198 Domum
906 1141 1105 1195 anima:
1140 1136 1276 1194 dicit
1324 1133 1416 1194 hic
1461 1153 1693 1210 corpus;
1729 1139 2078 1210 vicissimque

501 1235 736 1291 animam
781 1233 980 1289 mentis
1043 1231 1290 1287 domum.
1325 1229 1460 1285 Item
1517 1230 1634 1300 ipsa
1682 1245 1837 1286 mens
1881 1233 2078 1287 dicitur

501 1326 696 1382 animae
745 1326 956 1380 oculus.
987 1323 1106 1380 Jam
1153 1322 1245 1391 qui
1288 1322 1527 1376 divinam
1573 1323 1857 1379 scientiam
1903 1338 1968 1379 ac
1996 1340 2079 1378 sa-

499 1420 757 1492 pientiam
803 1419 1076 1485 didicerit,
1125 1425 1181 1471 et
1238 1413 1595 1470 nihilominus
1646 1430 1705 1469 sc
1743 1415 2076 1485 improbitati

500 1511 807 1577 tradiderit,
829 1521 886 1567 et
910 1526 1007 1580 pro
1029 1510 1190 1566 bonis
1216 1510 1433 1580 iniquos
1457 1522 1736 1564 sermones
1763 1509 2070 1578 protulerit,

501 1620 602 1661 nec
627 1605 953 1674 resipiscere
978 1611 1030 1657 et
1074 1601 1276 1657 salvari
1305 1601 1561 1665 voluerit,
1593 1616 1659 1654 ex
1705 1600 1825 1671 ejus
1854 1601 2071 1670 quidem

500 1696 772 1765 corporali
798 1696 961 1749 domn
999 1693 1259 1763 iniquitas
1290 1692 1722 1762 improbitasque
1762 1708 1865 1747 non
1890 1692 2073 1747 disce-

500 1789 615 1852 det,
642 1787 736 1842 sed
776 1786 829 1841 in
877 1802 941 1843 ea
977 1786 1209 1841 ﬁrmiter
1253 1793 1506 1849 manent,
1540 1792 1599 1837 ut
1638 1797 1890 1852 suprema
1931 1783 2070 1838 mala

2185 618 2279 673 νης
2308 601 2407 672 τὴν
2441 601 2836 673 ὑπερηφανίαν,
2878 601 2972 655 καὶ
3024 600 3114 655 διὰ
3158 600 3255 672 τὴν
3308 602 3617 672 πραΰτητα,
3659 605 3763 674 τὴν

2182 688 2514 761 θρασύτητα·
2561 687 2850 760 ζητοῦντες
2877 691 2976 761 τὴν
3002 691 3375 762 πνευματικὴν
3410 690 3614 762 φιλίαν,
3637 692 3765 763 ἥτις

2179 780 2278 854 τὴν
2315 782 2475 850 ἁγίαν
2511 781 2712 852 γνῶσιν
2744 782 3019 854 σημαίνει·
3047 783 3141 835 καὶ
3175 783 3326 854 παρά
3366 783 3446 853 τῷ
3475 783 3676 855 Παύλῳ
3702 785 3766 838 δὲ

2181 874 2451 946 συμπολῖτ
2462 891 2519 927 αι
2557 875 2700 938 τινὲς
2726 874 2836 929 τῶν
2865 873 3035 944 ἁγίων
3063 874 3306 944 λέγονται
3339 875 3642 944 γεγονέναι.
3667 876 3768 930 καὶ

2176 966 2365 1021 οἰκεῖοι
2415 968 2514 1039 τῆς
2550 968 2662 1022 ἄνω
2702 966 3079 1040 Ἰερουσαλὴμ,
3115 965 3630 1039 ἐποικοδομηθέντες
3665 967 3771 1021 ἐπὶ

2175 1058 2255 1131 τῷ
2281 1058 2512 1130 θεμελίῳ
2542 1058 2649 1112 τῶν
2680 1058 2988 1113 ἀποστόλων
3016 1059 3109 1112 καὶ
3135 1058 3242 1112 τῶν
3271 1059 3585 1131 προφητῶν.

2247 1144 2407 1204 Οἷκον
2432 1148 2667 1204 ἐνταῦθά
2699 1166 2832 1223 φησι
2865 1149 2966 1220 τῆς
2999 1149 3099 1221 μὲν
3121 1148 3319 1222 ψυχῆς.
3352 1149 3412 1202 τὸ
3443 1149 3625 1222 σῶμα·
3657 1149 3773 1224 τὴν

2174 1242 2231 1296 δὲ
2266 1242 2443 1314 ψυχὴν
2485 1243 2664 1306 πάλιν,
2692 1237 2838 1295 οίκον
2856 1239 2950 1294 τοῦ
2977 1240 3089 1294 νοῦ·
3112 1240 3199 1295 ὁδ’
3225 1234 3386 1305 αὑτὸς
3415 1242 3576 1296 πάλιν
3607 1240 3766 1306 νοῦς,

2175 1337 2275 1408 τῆς
2305 1337 2482 1409 ψυχῆς
2513 1335 2788 1409 ὀφθαλμὸς
2810 1336 3047 1405 λέγεται·
3080 1337 3109 1388 ὁ
3134 1335 3191 1389 δὲ
3223 1335 3320 1408 τὴν
3353 1334 3531 1390 ἔνθεον
3550 1352 3769 1405 γνωσιν

2176 1430 2270 1483 καὶ
2298 1429 2490 1500 σοφίαν
2521 1427 2730 1501 μαθὼν,
2780 1428 2971 1481 ἑαυτὸν
3001 1427 3059 1480 δὲ
3103 1427 3293 1491 ἐκδοὺς
3322 1429 3389 1498 τῇ
3421 1427 3613 1499 κακία,
3661 1425 3774 1484 καὶ

2173 1522 2299 1575 ἀντὶ
2324 1521 2543 1591 ἀγαθῶν
2574 1519 2842 1592 πονηροὺς
2875 1518 3067 1586 λόγους
3110 1518 3381 1590 ἐκφέρων,
3412 1518 3549 1590 πρὸς
3600 1518 3661 1572 δὲ
3694 1518 3770 1573 τὸ

2172 1609 2494 1681 ἐπιπρέψαι
2527 1609 2621 1662 καὶ
2643 1606 2878 1678 σωθῆναι
2910 1606 2986 1678 μὴ
3010 1606 3351 1678 βουλόμενος,
3374 1605 3470 1661 τοῦ
3504 1624 3768 1678 σωματι-

2173 1700 2270 1755 κοῦ
2285 1698 2435 1753 οἴκου
2457 1699 2556 1752 οὐκ
2584 1697 2930 1770 ἀναχωρήσει
2962 1700 2994 1769 ἡ
3030 1698 3197 1752 κακία
3218 1697 3355 1770 καὶή
3375 1700 3628 1771 πονηρία·
3658 1698 3765 1753 ἀλ-

2172 1792 2242 1846 λὰ
2293 1791 2541 1863 μένουσιν
2585 1790 2815 1863 ἐδραίως
2866 1791 2924 1844 ὲν
2974 1789 3140 1863 αὑτῷ,
3180 1791 3266 1845 ἵνα
3294 1791 3362 1845 τά
3395 1792 3576 1846 τέλεια
3607 1791 3769 1846 κακὰ

509 1878 786 1942 eveniant,
828 1894 948 1948 quae
987 1878 1062 1932 illi
1096 1875 1446 1931 immobiliter
1480 1875 1758 1930 haerebunt
1801 1889 1971 1944 usque
2003 1875 2069 1929 ad

2182 1881 2396 1955 ἐπέλθῃ,
2448 1882 2506 1935 ἐν
2535 1879 2684 1951 αὑτῷ
2729 1879 2960 1950 ἀκίνητα
2992 1878 3222 1950 μένοντα
3271 1879 3329 1930 ἐν
3363 1879 3547 1951 ἡμέρα
3583 1878 3767 1950 ὀργῆς

500 1967 644 2023 diem
694 1967 788 2023 ira:
827 1967 1062 2021 Domini.
1087 1993 1157 2007 -—
1187 1956 1532 2023 Fabricatum
1572 1980 1601 2018 a
1653 1965 1881 2019 Domino
1921 1964 2078 2022 nobis

499 2078 719 2135 corpus,
750 2063 967 2118 domum
1014 2063 1103 2117 hic
1144 2060 1401 2132 appellat.
1433 2060 1550 2115 Non
1571 2062 1875 2116 movebitur
1896 2070 2076 2119 autem

499 2158 649 2223 dicit,
684 2171 823 2228 pro:
868 2170 973 2211 non
1003 2156 1260 2210 abscedet
1286 2170 1316 2208 a
1366 2155 1525 2210 domo
1559 2152 1677 2222 ejus
1709 2154 1791 2208 ira
1823 2165 1881 2208 et
1908 2156 2077 2210 tribu-

499 2249 775 2318 latio,qua:
796 2263 891 2318 per
914 2247 1158 2302 homines
1175 2245 1562 2316 dzemonesque
1578 2260 1607 2299 a
1630 2244 1740 2300 Deo
1766 2245 2072 2300 immittun-

501 2354 590 2399 tur
624 2343 883 2398 adversus
911 2340 1058 2394 illum
1099 2338 1194 2410 qui
1231 2338 1372 2392 mala
1403 2353 1502 2408 pro
1529 2337 1686 2393 bonis
1726 2337 1959 2392 reddidit
1980 2337 2077 2395 be-

500 2434 677 2493 neflco
699 2434 807 2491 sibi
841 2432 1067 2488 homini.
1087 2460 1160 2472 -——
1186 2429 1246 2487 Si
1278 2432 1368 2501 qui
1409 2430 1549 2484 mala
1580 2444 1678 2498 pro
1718 2429 1876 2485 malis
1920 2431 2078 2485 retri-

497 2528 636 2594 buit,
672 2534 897 2598 peccat;
931 2533 1140 2594 quanto
1188 2523 1361 2593 magis
1385 2522 1476 2592 qui
1512 2522 1653 2576 mala
1682 2535 1780 2590 pro
1815 2521 1972 2575 bonis
1995 2536 2076 2576 rc-

500 2627 845 2681 uuneratur,
897 2625 1161 2686 peccator
1186 2612 1306 2669 est?
1337 2612 1483 2668 Talis
1532 2612 1634 2667 fuit
1670 2614 1720 2667 in
1749 2612 1967 2667 deserto
2009 2612 2077 2667 ls-

501 2708 653 2774 rael;
696 2707 782 2762 cui
822 2706 1035 2777 Moyses
1083 2706 1138 2758 in
1175 2704 1596 2759 Dcuteronomio
1642 2704 1824 2758 aiebat
1857 2720 1871 2757 :
1910 2703 2076 2761 Gens.

501 2800 642 2854 ratio
684 2814 848 2868 praua
886 2810 1042 2868 atque
1075 2812 1342 2868 perversa.
1374 2796 1599 2851 Ita'ccine
1628 2796 1852 2850 Domino
1892 2796 2073 2850 reddi-

506 2895 576 2947 tis
595 2893 644 2925 "
665 2892 689 2946 ‘2

566 2984 630 3045 «⁸⁸
659 2983 773 3041 Hoc
800 2983 920 3040 loco
945 2982 1157 3041 initium
1177 2983 1311 3039 dicit
1334 2983 1636 3037 scientiam.
1656 2979 1871 3035 Iustitia
1895 2988 2090 3034 autem

511 3077 872 3147 subsequitur
922 3076 1246 3143 scientiam;
1287 3089 1519 3144 namque
1551 3089 1619 3129 ex
1658 3074 1884 3129 scientia
1911 3072 2074 3143 gigni-

422 3228 428 3233 ,
503 3179 593 3224 tur
639 3167 874 3237 justitia.
931 3167 1177 3239 Egestas,
1212 3177 1297 3221 est
1343 3166 1650 3236 ignorantia
1706 3179 1722 3219 :
1774 3165 1972 3220 seditio
2018 3172 2075 3219 et

503 3259 642 3323 rixa,
679 3260 857 3314 omnis
886 3259 1169 3330 iniquitas.
1197 3256 1387 3312 Anteit
1432 3253 1754 3326 ignorantia:
1788 3254 2069 3324 iniquitas.
2098 3247 2141 3306 C

503 3351 615 3407 Cur
643 3364 775 3405 vero
802 3362 1068 3421 pauperes
1104 3361 1294 3404 rursus
1332 3344 1639 3415 vituperat?
1666 3343 1886 3399 Scilicet
1921 3352 1978 3398 ut
2004 3343 2073 3399 ab

503 3444 912 3500 otiositatelnos
934 3441 1194 3496 abducat.
1228 3438 1343 3494 Non
1374 3439 1550 3493 oritur
1576 3452 1642 3492 ex
1679 3437 1948 3492 electione
1980 3452 2075 3508 po-

506 3538 696 3591 testas.
730 3529 883 3596 Quod
932 3528 978 3583 si
1034 3528 1170 3585 velis
1203 3542 1329 3582 cum
1375 3525 1570 3581 ﬁducia
1601 3525 1874 3590 incedere,
1897 3525 2076 3595 justus

504 3632 647 3678 esto.
692 3619 959 3677 Praecedit
1001 3628 1302 3688 egestatem
1349 3618 1543 3673 seditio
1585 3626 1643 3672 et
1690 3617 1843 3685 rixa;
1885 3631 2077 3687 nempe

504 3715 722 3786 iniustis
749 3715 1009 3786 praecedit
1033 3713 1253 3770 virtutis
1284 3714 1487 3785 inopia.
1632 3700 1636 3703 “

580 3807 627 3840 ⁸⁷
655 3808 868 3864 Similis
893 3817 978 3863 est
1006 3808 1133 3863 huic
1161 3808 1253 3876 qui
1286 3808 1419 3863 dicit
1449 3820 1697 3863 amarunt
1734 3818 1855 3859 esse
1897 3804 2078 3865 dulce,

507 3908 566 3956 et
598 3897 754 3954 dulce
782 3912 1029 3952 aniarnm
1055 3936 1073 3960 ,
1109 3905 1164 3951 et
1194 3897 1286 3967 qui
1316 3897 1491 3953 lucem
1521 3896 1758 3968 appellat
1799 3896 2072 3960 tenebras,

509 3990 863 4060 vicissimque
890 3986 1142 4045 tenebras
1175 3987 1375 4044 lucem.

587 4079 632 4111 ⁸⁸
669 4076 810 4149 Opes
848 4094 993 4135 nunc
1027 4079 1345 4147 sapientiam
1378 4086 1434 4134 et
1478 4078 1570 4135 Dei
1602 4078 1881 4136 scientiam
1913 4076 2064 4133 dicit.

518 4171 732 4228 Vesano
769 4179 947 4226 autem
987 4186 1085 4226 cur
1131 4169 1223 4224 ﬁat
1260 4170 1537 4242 sapientite
1568 4178 1621 4226 et
1654 4169 1849 4225 divinae
1893 4170 2069 4224 scien-

517 4264 607 4319 tia:
656 4259 1062 4333 magisterium?
1107 4257 1244 4314 Nam
1294 4260 1436 4316 sicut
1489 4256 1605 4316 ﬁeri
1664 4258 1853 4329 nequit
1899 4268 1960 4312 ut
2012 4259 2067 4312 in

510 4353 647 4409 mari
678 4352 752 4408 sit
791 4351 936 4419 vitis,
966 4351 1040 4405 ita
1070 4351 1122 4405 in
1148 4350 1336 4406 stultis
1358 4351 1625 4420 sapientia
1653 4352 1888 4406 fructum
1913 4353 2078 4408 virtu-

512 4446 582 4503 tis
635 4445 881 4519 proferre
932 4445 1147 4514 nequit.
1214 4443 1354 4498 Sunt
1407 4443 1553 4498 enim
1605 4444 1792 4499 vesani
1844 4444 2076 4499 hominis

508 4550 661 4607 opes,
689 4537 743 4592 in
782 4535 1018 4606 singulis
1046 4534 1279 4606 negotiis
1305 4532 1423 4602 ejus
1459 4533 1808 4590 stoliditates.
1844 4533 1944 4587 Per
1979 4535 2077 4588 has

510 4628 711 4701 quippe
739 4628 916 4684 factus
944 4642 1163 4695 excors,
1205 4625 1485 4698 possidere
1516 4626 1837 4696 sapientiam
1867 4627 2074 4696 nequit.

509 4721 653 4763 --⁶⁹
678 4721 734 4775 lu
762 4720 907 4776 omni
939 4721 1156 4792 negotio
1210 4719 1462 4790 quisquis
1507 4733 1568 4774 se
1618 4717 1857 4783 extollit,
1903 4718 2079 4773 humi-

512 4814 777 4881 liabitur;
821 4816 947 4885 quia
990 4814 1131 4870 Deus
1177 4815 1425 4886 superbis
1460 4813 1691 4870 resistit.
1725 4811 1826 4879 Qui
1862 4810 2077 4881 oblique

511 4905 705 4976 quarrit
757 4919 846 4961 res
897 4904 1111 4962 divinas
1161 4905 1397 4972 discere,
1450 4903 1595 4961 malo
1638 4904 1846 4975 judicio
1903 4904 2081 4974 prola-

510 4996 692 5051 betnr.
902 5066 905 5071 _

581 5085 628 5119 ⁸⁸
670 5086 918 5143 Amicum
978 5088 1066 5143 hic
1108 5088 1243 5143 dicit
1304 5084 1587 5142 Christum
1620 5124 1637 5151 ,
1691 5085 1783 5154 qui
1860 5093 2084 5154 propter

511 5190 665 5234 suam
706 5194 830 5253 erga
868 5182 1142 5237 hominem
1197 5178 1496 5233 amicitiam
1541 5177 1717 5231 factus
1767 5186 1853 5231 est
1899 5178 2078 5231 homo.

513 5268 641 5325 Non
664 5270 1059 5338 iamservosvos
1085 5272 1230 5336 dico,
1249 5271 1324 5325 ait
1343 5270 1649 5339 discipulis,
1681 5270 1771 5323 sed
1793 5272 1992 5323 amicos
2010 5270 2077 5324 ⁶¹.

510 5358 670 5418 Omni
710 5375 855 5421 certe
888 5376 1127 5437 tempore
1163 5364 1415 5422 Christus
1449 5363 1544 5417 tibi
1580 5362 1788 5417 anticus
1823 5366 1917 5417 sit.
1951 5363 2070 5418 Filii

510 5470 642 5512 vero
670 5454 871 5513 Christi
943 5458 1176 5514 invicem
1216 5463 1345 5512 sunt
1383 5453 1586 5509 amici:
1645 5454 1820 5523 aligeli
1864 5455 2072 5509 scilicet

510 5557 567 5602 et
589 5543 723 5616 justi
752 5546 1017 5618 homines,
1043 5557 1229 5608 mutuo
1250 5555 1385 5604 sunt
1404 5545 1630 5613 fratres,
1672 5542 1883 5614 Spiritu
1930 5545 2062 5602 ado-

617 5731 664 5765 ⁵²
689 5732 885 5802 Ephes.
908 5733 1193 5804 “.1930.
1227 5731 1272 5765 ⁸³
1299 5744 1353 5784 v.
1377 5729 1462 5786 l3.
1489 5731 1552 5804 if
1579 5730 1702 5791 cod.
1745 5728 1968 5804 Ἰησοῦς.

514 5800 562 5835 ⁸⁸
584 5817 635 5859 v.
668 5800 750 5861 lli.
825 5804 872 5837 ⁶⁹
899 5804 1062 5861 v.17.
1109 5803 1325 5862 “Joan.
1354 5818 1442 5872 xv,
1480 5801 1567 5860 15.

2068 5736 2112 5770 ⁸⁵
2144 5736 2301 5794 Deut.
2327 5697 2497 5804 um,
2525 5738 2579 5805 5,
2607 5739 2660 5794 6.

2178 1974 2477 2047 Κυρίου.-
2491 1973 2564 2027 Τὸ
2587 1974 2652 2026 ὲκ
2678 1972 2779 2043 τῆς
2806 1973 2906 2044 γῆς
2935 1970 3086 2042 παρὰ
3115 1970 3320 2043 Κυρίου
3346 1970 3581 2024 πλασθὲν
3619 1971 3768 2041 ἡμῖν

2181 2065 2357 2137 σῶμα,
2383 2060 2528 2118 οἷκον
2548 2062 2782 2118 ἐνταῦθά
2809 2079 2959 2133 φησι·
2979 2062 3040 2115 τὸ
3063 2062 3141 2126 δὲ,
3160 2062 3220 2114 οὑ
3250 2061 3619 2133 κινηθήσεται,
3633 2061 3765 2114 ἀντὶ

2176 2158 2291 2222 τοῦ,
2329 2158 2430 2211 οὑκ
2475 2156 2817 2227 ἀναχωρήσει
2851 2156 2916 2207 ἐκ
2953 2153 3047 2207 τοῦ
3090 2152 3239 2206 οἴκου
3273 2153 3436 2206 αὑτοῦ
3470 2154 3605 2224 ὀργὴ
3661 2153 3764 2205 καὶ

2178 2250 2374 2321 θλίψις,
2405 2249 2495 2304 διά
2527 2267 2586 2303 τε
2621 2246 2927 2320 ἀνθρώπων
2944 2246 3039 2300 καὶ
3062 2245 3332 2316 δαιμόνων
3354 2244 3760 2316 ἐκπεμπόμενα

2177 2340 2328 2413 παρά
2348 2340 2576 2412 Κυρίου,
2600 2339 2743 2394 κατὰ
2771 2339 2865 2392 τοῦ
2898 2339 3017 2392 ἀντὶ
3039 2336 3256 2406 ἀγαθῶν
3276 2335 3419 2389 κακὰ
3441 2333 3760 2390 ἀποδώσανο

2176 2450 2265 2497 τος
2295 2432 2373 2504 τῷ
2395 2430 2706 2507 ἀγαθοποιῷ
2728 2430 2893 2485 αὑτοῦ
2928 2429 3218 2503 ἀνθρώπῳ.
3233 2460 3302 2470 —
3324 2429 3386 2481 Ei
3408 2426 3436 2479 ὁ
3465 2426 3610 2481 κακὰ
3630 2427 3761 2479 ἀντὶ

2176 2526 2362 2581 κακῶν
2378 2525 2656 2590 ἀποδιδοὺς
2686 2523 3020 2595 παράνομος.
3038 2523 3188 2590 πόσῳ
3214 2519 3412 2592 μᾶλλον
3429 2523 3458 2575 ὁ
3472 2518 3619 2574 κακὰ
3628 2520 3757 2573 ἀντὶ

2175 2615 2392 2687 ἀγαθῶν
2403 2615 2684 2680 ἀποδιδοὺς
2702 2630 2911 2686 παρανο
2916 2611 3061 2685 μώτε
3067 2630 3158 2685 ρος
3174 2629 3188 2677 ;
3205 2611 3453 2676 Τοιοῦτός
3468 2612 3523 2665 δὲ
3533 2613 3756 2680 ἐγένετο

2174 2708 2315 2763 κατά
2329 2708 2427 2781 τὴν
2452 2707 2655 2780 ἔρημον
2673 2709 2702 2760 ὁ
2733 2704 2969 2778 Ἰσραήλ·
2996 2704 3130 2775 πρὸς
3151 2704 3209 2757 ὃν
3226 2703 3501 2774 ὀΜωῦσῆς
3519 2702 3567 2736 ⁸⁸
3590 2706 3647 2756 ὲν
3673 2703 3756 2774 τῷ

2174 2801 2574 2877 Δευτερυνομίῳ
2604 2798 2755 2872 φησί·
2793 2798 2983 2855 Γενεὰ
3009 2797 3227 2851 σκολιὰ
3249 2797 3345 2850 καὶ
3367 2795 3753 2865 διεστραμμέ-

2172 2912 2269 2963 νη,
2298 2886 2485 2948 ταῦτα
2511 2893 2705 2962 Κιιρίφ
2734 2887 3202 2950 ἁνταποδίδοτε;
3712 2956 3715 2961 ι

2256 2983 2516 3040 Ἐνταῦοα
2542 2983 2736 3056 ἀρχὴν,
2767 2982 2867 3054 τὴν
2909 2981 3110 3051 γνῶσίν
3139 2997 3292 3052 φησι·
3328 2978 3639 3051 δικαιοσύνη
3692 2979 3754 3034 δὲ

2172 3079 2363 3131 ἕπεται
2384 3079 2451 3148 τῇ
2480 3075 2698 3146 γνώσει·
2739 3076 2804 3128 ὲκ
2828 3074 2937 3147 γάρ
2966 3074 3067 3145 τῆς
3093 3071 3344 3144 γνώσεως
3373 3074 3406 3143 ἡ
3432 3072 3753 3145 δικαιοσύνη

2174 3169 2433 3223 τίκτεται·
2467 3168 2643 3223 ἔνδεια
2675 3167 2731 3221 δέ
2754 3168 2870 3220 ἐστι
2898 3165 3108 3235 ἄγνοια·
3142 3164 3330 3229 στάσις
3358 3165 3415 3218 δὲ
3443 3165 3536 3218 καὶ
3567 3165 3751 3237 μάχη,

2176 3261 2327 3313 πᾶσα
2349 3259 2534 3313 κακία·
2561 3260 2881 3330 προηγεῖται
2905 3256 2961 3311 δὲ
2980 3256 3080 3328 τῆς
3105 3256 3345 3325 ἀγνοίας,
3377 3256 3412 3328 ἡ
3434 3255 3621 3312 κακία.
3654 3256 3755 3309 Τίς

2177 3368 2266 3415 νος
2293 3349 2478 3403 ἕνεκεν
2509 3348 2671 3402 πάλιν
2708 3348 2817 3402 τῶν
2848 3349 3093 3421 πενήτων
3129 3349 3454 3420 κατηγορεῖ;
3492 3346 3754 3415 Ἀπάγων

2176 3440 2323 3510 ἡμᾶς
2364 3438 2578 3511 ἀργίας·
2620 3438 2722 3491 οὑκ
2762 3439 2872 3508 ἄρα
2917 3438 3026 3492 ἀπὸ
3065 3437 3395 3509 χειροτονίας
3429 3437 3463 3509 ἠ
3503 3434 3750 3503 ἐξουσία·

2176 3530 2315 3583 ὥστε
2331 3532 2379 3583 εί
2403 3528 2580 3600 βούλει
2609 3527 2747 3599 μετά
2777 3528 3086 3601 παρρησίας
3118 3527 3369 3600 βαδίζειν,
3397 3510 3613 3592 δίκαιος
3632 3526 3753 3580 ἔσο·

2177 3622 2497 3693 προηγεῖται
2528 3617 2584 3672 δὲ
2606 3618 2705 3691 τῆς
2725 3619 2930 3684 ἐνδείας
2959 3618 3145 3683 στάσις
3177 3620 3271 3673 καὶ
3296 3619 3465 3692 μάχη,
3492 3620 3613 3691 ἦτοι
3634 3619 3753 3683 τοῖς

2176 3709 2451 3767 ἀδικοῦσιν
2480 3710 2655 3764 ἔνδεια
2684 3711 2906 3783 ἀρετῆς.

2247 3802 2470 3872 Ὅμοιός
2500 3802 2616 3855 ἐστι
2659 3782 2891 3873 τοὺτῳνὸ
2918 3800 3090 3871 λέγων
3120 3801 3181 3855 τὸ
3213 3800 3404 3873 πικρὸν
3426 3799 3619 3870 γλυκὺ,
3654 3782 3755 3854 καὶ

2174 3893 2237 3947 τὸ
2266 3892 2436 3962 γλυκὺ
2462 3891 2656 3965 πικρόν
2675 3910 2691 3923 ·
2726 3892 2821 3946 καὶ
2844 3891 2906 3946 τὸ
2935 3893 3035 3965 μὲν
3066 3892 3201 3964 φῶς,
3224 3891 3504 3964 ὀνομάζων
3532 3874 3753 3958 σκότος,

2173 3986 2237 4039 τὸ
2263 3986 2317 4039 δὲ
2360 3983 2571 4049 σκότος,
2602 3984 2737 4055 φῶς.

2242 4080 2514 4152 Χρήματα
2539 4077 2771 4133 ἐνταῦθα
2806 4077 2904 4151 τὴν
2937 4077 3124 4147 σοφίαν
3152 4077 3245 4131 καὶ
3271 4076 3369 4149 τὴν
3409 4075 3609 4144 γνῶσίν
3638 4091 3750 4147 φη·-

2177 4187 2300 4225 σιν·
2328 4170 2521 4241 ἄφρονι
2551 4169 2643 4235 δὲ,
2699 4170 2785 4224 ἵνα
2826 4168 2879 4223 τί
2920 4168 3156 4242 ὑπῆρξεν
3201 4171 3235 4241 ἡ
3278 4169 3376 4240 τῆς
3419 4166 3608 4238 σοφίας
3653 4168 3752 4219 καὶ

2174 4263 2424 4334 γνώσεως
2458 4263 2728 4335 μάθησις;
2760 4262 2835 4328 ὡς
2869 4262 2977 4334 γὰρ
3006 4262 3248 4334 ἄμπελον
3279 4259 3538 4315 ἀδύνατον
3569 4259 3628 4312 ὲν
3658 4256 3751 4314 θα-

2174 4357 2348 4431 λάσσῃ
2387 4357 2670 4428 γενέσθαι,
2698 4355 2869 4423 οὕτως
2916 4358 2974 4410 ὲν
3022 4355 3248 4427 ἄφροσιν
3290 4356 3325 4425 ἡ
3358 4352 3517 4423 σοφία
3543 4351 3744 4423 ἀρετὴν

2174 4450 2599 4523 καρπώσασθαι·
2630 4452 2887 4523 χρήματα
2910 4448 3016 4521 γὰρ
3059 4448 3288 4520 ἄφρονός
3313 4446 3481 4511 ἐστιν,
3518 4446 3575 4498 αί
3610 4444 3745 4515 περὶ

2175 4542 2295 4597 καθ’
2319 4543 2522 4597 ἕκαστα
2546 4542 2709 4597 αὑτοῦ
2744 4542 3041 4613 πράγματα
3068 4539 3365 4612 ἀφροσύναι
3383 4555 3397 4568 ·
3429 4537 3517 4591 διά
3542 4535 3747 4598 ταύτας

2180 4637 2288 4710 γάρ
2314 4637 2406 4692 καὶ
2440 4636 2695 4709 ἀκάρδιος
2715 4635 2973 4706 γεγονὼς,
3001 4631 3304 4704 κτήσασθαι
3333 4630 3524 4700 σοφίαν
3551 4629 3748 4683 ἀδυνα-

2179 4732 2280 4787 τεῖ.
2300 4729 2469 4782 -Ἑν
2502 4729 2664 4783 παντὶ
2696 4727 3018 4798 πράγματι,
3051 4725 3157 4788 πᾶς
3183 4725 3211 4776 ὀ
3240 4722 3388 4793 ὑψῶν
3429 4720 3619 4803 ἑαυτὸν
3650 4738 3749 4775 τα-

2176 4820 2590 4892 πεινωθήσεται·
2617 4820 2698 4874 ὅτι
2720 4819 2923 4890 Κύριος
2949 4815 3317 4887 ὑπερηφάνοις
3344 4813 3743 4867 ἀντιτάσσεται·

2174 4916 2202 4968 ὁ
2232 4914 2290 4969 δὲ
2321 4913 2616 4979 σκολιάζων
2658 4912 2752 4967 τοῦ
2783 4911 2969 4983 μαθεῖν
3012 4909 3080 4963 τὰ
3121 4910 3422 4981 πράγματα
3466 4906 3556 4960 τοῦ
3585 4904 3745 4971 Θεοῦ,

2173 5006 2490 5075 ἐμπεσεῖται
2526 5005 2604 5068 είς
2636 5001 2781 5057 κακά
2811 5001 2937 5071 περὶ
2963 4998 3059 5071 τὴν
3093 4998 3292 5071 κρίσιν.

2253 5092 2513 5147 Ἐνταῦθα
2539 5092 2686 5162 φίλον
2714 5090 2805 5144 τὸν
2824 5090 3058 5162 Χριστόν
3082 5107 3267 5161 φησιν,
3293 5087 3353 5152 ὃς
3373 5087 3459 5141 διὰ
3480 5085 3579 5157 τὴν
3606 5083 3744 5155 πρὸς

2170 5183 2450 5256 ἄνθρωπον
2463 5183 2662 5254 φιλίαν,
2679 5182 2960 5256 ἄνθρωπος
2981 5181 3223 5251 γέγονεν.
3245 5179 3454 5235 Οὐκέτι
3467 5178 3575 5248 γὰρ
3590 5175 3747 5245 λέγω

2170 5276 2324 5347 ὑμᾶς
2338 5275 2618 5342 δούλους,
2646 5269 2798 5328 εἶπεν
2820 5275 2932 5338 τοῖς
2968 5273 3233 5347 μαθηταῖς
3250 5312 3264 5336 ,
3289 5268 3449 5325 ἀλλὰ
3463 5269 3701 5338 φίλουςθ
3729 5284 3742 5295 ·

2169 5370 2227 5422 ὲν
2257 5369 2415 5422 παντὶ
2444 5368 2501 5421 δὲ
2529 5365 2703 5438 καιρῷ
2726 5368 2755 5422 ὁ
2780 5366 3013 5440 Χριστὸς
3044 5362 3428 5435 συνυπαρχέτω
3455 5378 3536 5413 σοι
3567 5359 3719 5429 φίλος

2169 5462 2216 5514 εί
2246 5459 2303 5514 δὲ
2326 5462 2375 5515 οί
2404 5459 2498 5514 τοῦ
2528 5458 2762 5531 Χριστοῦ
2797 5460 2922 5522 υἱοὶ,
2957 5458 3198 5529 ἀλλήλων
3230 5456 3336 5508 εἰσὶ
3368 5452 3530 5523 φίλοι·
3567 5451 3617 5504 οἱ
3648 5450 3749 5519 ἄγ-

2172 5553 2312 5622 γελοι
2344 5552 2437 5607 καὶ
2460 5554 2509 5606 οί
2538 5551 2734 5606 δίκαιοι
2782 5551 3053 5624 ἄνθρωποι
3080 5589 3095 5614 ,
3131 5547 3374 5618 ἀλλήλων
3404 5544 3545 5600 εἰσιν
3589 5541 3745 5598 ἀδελ-

3434 5782 3439 5789 .
3474 5730 3520 5764 ’⁸
3560 5745 3614 5786 v.
3657 5729 3745 5784 l6.

2766 5739 2810 5771 "
2844 5755 2892 5793 ι’.
2928 5737 3014 5794 Η.
3118 5736 3162 5768 ⁸⁷
3192 5751 3244 5791 v.
3274 5734 3360 5791 l5.
