3942 6318
537 340 648 396 203
1427 335 1982 394 SUPPLEMENTUM
2018 335 2110 389 AD
2147 333 2467 393 ORIGENIS
2507 326 2916 394 EXEGETlCA.
3696 342 3826 400 ΞΜ

538 456 729 516 dilexit
759 469 922 528 quam
954 454 1128 511 lucem
1156 474 1170 512 :
1202 463 1255 510 et
1286 452 1509 508 stultitia
1542 470 1640 510 sua
1673 456 1936 526 gaudens,
1958 465 2094 526 putat

2214 456 2273 508 τδ
2302 456 2491 520 σκότος
2524 454 2556 526 ἢ
2590 452 2648 506 τὸ
2679 457 2824 526 φῶς·
2852 453 2951 510 κᾶν
2978 455 3255 526 ἀφροσύνη
3286 454 3486 527 χαίρειν
3512 456 3698 511 οἴεται
3735 461 3826 530 μὴ

539 573 600 613 se
630 553 911 626 sapientia:
939 567 1040 624 ope
1073 567 1178 607 non
1211 549 1470 621 indigere.

2211 547 2396 620 χρείαν
2434 547 2579 619 ἔχειν
2616 549 2826 619 σοφίας.

609 650 655 682 ⁸⁸
684 648 842 704 Sicut
879 662 1022 716 aqua
1059 643 1298 698 viviﬁcat
1343 643 1577 714 plantas,
1615 643 1686 697 ita
1723 641 1959 697 hominis
1992 640 2094 695 vir-

2281 640 2490 712 ’Ὠσπερ
2531 639 2592 693 τὸ
2638 638 2782 711 ὕδωρ
2827 638 3085 707 ζωογονεῖ
3126 638 3197 692 τὰ
3246 640 3387 708 φυτὰ
3411 679 3427 705 ,
3465 633 3641 704 οὕτως
3680 641 3831 703 ταῖς

539 744 744 799 tutibus
770 737 1010 796 roborati
1035 751 1214 792 sermo
1251 744 1484 802 recreat,
1517 747 1679 804 atque
1707 735 1776 789 ad
1812 735 1976 789 Deum
2007 748 2094 790 ex-

2210 729 2428 801 ἀρεταῖς
2444 729 2634 801 ἀνδρὸς
2654 729 3032 801 ὲστομωμένου
3057 729 3213 798 λόγος
3235 731 3518 803 ἀναψύχει,
3537 732 3632 784 καὶ
3657 731 3828 803 πρὸς

541 833 680 888 tollit
711 847 805 888 eos
828 831 920 900 qui
948 829 1062 883 ﬁeri
1089 827 1361 897 sapientes
1389 827 1596 880 volunt.
1635 824 1882 879 Flavium
1923 833 2094 878 scatu-

2210 821 2340 875 Θεὸν
2369 824 2560 892 πτεροῖ
2586 822 2712 885 τοὺς
2738 821 3016 885 ἐθέλοντας
3054 822 3372 894 σοφισθῆναι
3392 842 3405 853 -
3443 825 3704 896 ποταμὸν
3754 821 3828 878 δὲ

542 925 767 981 rientem
809 921 942 976 dicit
986 919 1406 976 inenarrabilem
1435 917 1732 988 gratiarum
1781 915 2094 984 sapientiam

2210 913 2567 986 ἁναπηδῶντά
2595 931 2747 986 φησι,
2772 914 2868 985 τὴν
2898 915 3285 986 ἀνεκδιήγητον
3307 916 3414 970 τῶν
3439 917 3687 988 χαρίτων
3719 934 3830 971 σο-

540 1011 861 1068 sanctissimi
881 1009 1142 1080 Spiritus,
1167 1021 1464 1080 perennem
1479 1005 1796 1077 sapientiam
1820 1004 2094 1075 triplicitet

2210 1005 2336 1074 (ρίαν
2365 1007 2458 1060 τοῦ
2483 1007 2750 1076 παναγίου
2785 1006 3118 1079 Πνεύματος,
3153 1008 3252 1080 τὴν
3279 1008 3563 1081 ἀείρρυτον
3596 1008 3826 1080 σοφίαν

538 1104 792 1176 fulgentis
815 1101 991 1159 unicae
1023 1100 1330 1160 Trinitatis.
1885 1159 1891 1172 ι

2210 1101 2303 1172 τῆς
2329 1100 2686 1173 τρισσοφαοῦς
2710 1099 2913 1164 ἐνιαίας
2937 1101 3218 1172 Θεότητος.

608 1197 654 1230 ⁸⁸
678 1194 782 1263 Qui
815 1193 1094 1263 propriam
1123 1190 1322 1248 diaboli
1354 1190 1651 1260 nequitiam
1672 1189 1726 1244 in
1757 1204 1816 1244 se
1843 1187 2094 1253 admittit,

2289 1192 2348 1246 Ὀ
2379 1194 2476 1266 τὴν
2520 1195 2872 1265 ὑπάρχουσαν
2909 1191 2988 1264 τῷ
3027 1193 3259 1264 διαϐόλῳ
3288 1193 3487 1260 κακίαν
3521 1193 3823 1265 ἀποδεχόο

535 1300 588 1344 et
612 1304 676 1344 ex
708 1288 826 1356 ejus
857 1299 1048 1341 norma
1084 1284 1195 1354 agit
1227 1283 1520 1354 cogitando
1571 1291 1626 1337 et
1677 1277 2094 1341 sermocinando,

2210 1301 2387 1354 μενος.
2422 1285 2516 1336 καὶ
2546 1287 2664 1337 κατ’
2696 1284 2864 1355 αὐτὴν
2890 1284 3128 1357 ἐνεργῶν
3155 1284 3359 1358 θεωρία
3383 1286 3478 1339 καὶ
3506 1286 3676 1358 λόγῳ,
3710 1278 3823 1339 οὗ·-

536 1381 626 1436 hic
653 1378 888 1432 miratur
929 1375 1077 1446 impii
1111 1389 1420 1446 personam.
1455 1373 1625 1429 Porro
1647 1373 1911 1443 justitiam
1943 1373 1994 1427 in
2017 1373 2094 1442 ju-

2210 1393 2298 1457 Ιετος
2328 1375 2595 1447 θαυμάζει
2628 1376 2688 1429 τὸ
2742 1377 3030 1447 πρόσωπον
3064 1376 3157 1430 τοῦ
3193 1377 3424 1441 ἀσεϐοῦς
3446 1395 3458 1408 ·
3483 1378 3543 1431 τὸ
3577 1379 3819 1434 δίκαιον

535 1472 704 1536 dicio,
750 1477 805 1525 et
837 1466 1203 1538 corporalium
1250 1465 1484 1531 ratione,
1544 1480 1650 1519 non
1703 1466 1856 1520 decet
1906 1481 1937 1519 a
1988 1465 2094 1519 viro

2210 1468 2263 1521 δὲ
2293 1469 2350 1521 ὲν
2383 1468 2580 1538 κρίσει,
2607 1471 2665 1523 ὲν
2697 1467 2839 1540 λόγῳ
2858 1486 2917 1522 τε
2945 1469 3236 1540 σωμάτων,
3260 1470 3321 1524 οὐ
3350 1470 3510 1525 καλὸν
3537 1471 3812 1527 ἐκκλῖναι

535 1574 724 1620 sancto
751 1563 948 1617 deseri.

2210 1562 2373 1616 ὖσιον.

605 1656 654 1689 τ’
703 1654 877 1710 Ferox
933 1651 1160 1707 audacia
1215 1665 1247 1704 a
1310 1649 1725 1707 mansuetudine
1781 1650 2094 1705 abstrahens

2289 1653 2353 1705 Ἥ
2382 1653 2671 1726 θρασύτης,
2692 1656 2798 1709 ἀπὸ
2823 1655 2917 1709 τοῦ
2942 1656 3116 1727 πράου
3141 1656 3445 1730 χωρίζουσα
3467 1658 3565 1732 τὴν
3583 1658 3806 1733 ψυχὴν,

535 1747 794 1812 animam,
833 1743 993 1798 morti
1021 1741 1210 1797 tradit.

2210 1740 2287 1812 τῷ
2313 1741 2527 1814 θανάτῳ
2552 1743 2786 1800 δίδωσιν.

608 1839 652 1871 τί
683 1811 876 1906 Pigros
908 1835 973 1891 ad
1005 1832 1376 1904 paenitentiam
1413 1847 1522 1888 non
1567 1832 1660 1888 Dei
1687 1833 2094 1900 timorimpeliit,

2260 1811 2267 1812 ί
2290 1811 2586 1905 Ὀκνηροὺς
2630 1837 2709 1898 εἰς
2730 1836 3015 1906 μετάνοιαν
3042 1839 3338 1893 καταϐαλεῖ
3354 1838 3415 1894 οὐ
3440 1838 3602 1909 φόϐος
3622 1837 3802 1903 Θεοῦ,

533 1929 628 1984 sed
661 1928 984 1987 daemonum,
1010 1928 1102 1992 qut
1137 1921 1260 1977 illos
1290 1920 1356 1976 ad
1385 1920 1824 1990 desperationem
1853 1921 2094 1976 incitant.

2210 1923 2316 1977 ἀλλ’
2355 1927 2383 1979 ὁ
2429 1925 2536 1978 τῶν
2573 1926 2877 1998 δαιμόνων·
2942 1930 3269 2004 διεγείρουσι
3312 1931 3421 2002 γὰρ
3467 1932 3662 1993 αὐτοὺς
3709 1934 3803 1994 εἰς

535 2020 628 2076 Vel
665 2021 826 2074 timor
861 2016 1070 2072 Domini
1116 2013 1385 2070 abstrahit
1433 2028 1528 2069 eos
1582 2015 1652 2068 ab
1701 2014 1900 2082 ignava
1925 2029 2094 2087 mora,

2210 2017 2510 2085 ἀπόγνωσιν
2529 2035 2541 2048 ·
2563 2018 2597 2090 ἢ
2619 2021 2646 2072 ὁ
2671 2019 2764 2073 τοῦ
2794 2021 2997 2093 Κυρίου
3033 2021 3242 2094 [φόϐος]
3263 2064 3280 2088 ,
3312 2023 3555 2095 χωρίζων
3583 2023 3798 2086 αὐτοὺς

536 2111 870 2178 suscitatque
913 2122 980 2162 ex
1031 2105 1169 2160 vitio
1222 2102 1288 2158 ad
1345 2103 1488 2158 bona
1524 2119 1686 2174 opera
1719 2119 1783 2160 ac
1832 2104 2094 2173 pmniten.

2210 2107 2294 2161 τοῦ
2325 2109 2580 2182 όκνηροῦ,
2613 2113 2706 2165 καὶ
2732 2113 3010 2186 διεγείρων
3042 2115 3239 2178 αὐτοὺς
3266 2117 3332 2169 ὲκ
3359 2117 3458 2187 τῆς
3485 2118 3683 2180 κακίας
3715 2117 3794 2171 δι’

526 2206 684 2259 tiam.
737 2200 972 2257 Semivir
1015 2208 1097 2255 est
1135 2200 1280 2254 enim
1330 2199 1513 2254 animo
1561 2207 1616 2251 et
1657 2207 1906 2267 corpore,
1941 2195 2094 2249 homo

2210 2203 2376 2274 ἔργων
2423 2205 2640 2273 ἀγαθῶν
2682 2207 2762 2268 εἰς
2812 2208 3131 2277 μετάνοιαν·
3180 2207 3508 2278 ἀνδρόγυνος
3557 2209 3614 2261 δέ
3663 2210 3794 2262 ἐστι

525 2296 827 2354 dissolutus
850 2303 904 2350 et
929 2293 1129 2358 mollis,
1157 2293 1250 2364 qui
1279 2306 1455 2362 neque
1485 2305 1543 2344 se
1571 2290 1750 2358 ipsum
1775 2289 1971 2342 docere
2005 2302 2094 2338 va-

2210 2295 2380 2369 ψυχὴν
2406 2297 2498 2348 καὶ
2531 2296 2710 2369 σῶμα,
2741 2300 2768 2350 ό
2795 2299 3190 2370 ἐκκεχυμένος,
3226 2301 3254 2352 ό
3283 2300 3543 2370 μαλακὸς,
3575 2303 3604 2354 ὀ
3639 2302 3792 2372 μήτε

481 2452 488 2458 ,
529 2391 625 2454 let,
657 2403 830 2458 neque
860 2387 928 2440 ah
958 2385 1082 2440 aliis
1107 2385 1222 2439 vult
1252 2383 1482 2439 erudiri.
1510 2380 1607 2435 Vel
1641 2379 1859 2434 desides
1893 2379 1958 2432 ad
1986 2376 2094 2431 vir-

2210 2386 2467 2441 Βιδάσκειν
2487 2387 2782 2458 δυνάμενος
2805 2391 3016 2451 ἑαυτὸν,
3044 2393 3180 2461 μήτε
3215 2389 3503 2462 μανθάνειν
3520 2392 3646 2462 παρ’
3665 2394 3792 2446 ἐτέ-

528 2489 697 2537 tutem
731 2481 892 2535 timor
923 2477 1352 2549 impendentium
1387 2474 1652 2528 malorum
1681 2470 1935 2541 impellit,
1968 2469 2094 2539 quia

2210 2496 2310 2550 ρων
2354 2478 2704 2549 βουλόμενος·
2743 2479 2776 2550 ἦ
2831 2481 2953 2543 τοὺς
2997 2478 3289 2543 ὀκνοῦντας
3333 2479 3468 2550 πρὸς
3518 2481 3725 2552 ἀρετὴν
3754 2484 3790 2535 ό

529 2573 596 2625 de
620 2570 800 2625 l'uturo
830 2569 1082 2623 ﬁduciam
1123 2581 1231 2622 non
1263 2565 1487 2620 habent.
1537 2564 1637 2619 Vir
1677 2564 1767 2632 qui
1803 2561 1988 2616 habitu
2017 2568 2094 2615 est

2210 2569 2305 2625 τῶν
2337 2571 2522 2624 κακῶν
2555 2571 2716 2639 φόϐος
2767 2571 3225 2642 προκαταϐάλλει,
3257 2572 3318 2625 τὸ
3356 2571 3784 2645 παραθαρρὖον

528 2662 753 2729 femina,
780 2661 1044 2716 nutricem
1083 2658 1341 2712 virtutem
1392 2671 1498 2710 non
1559 2651 1799 2708 habebit.
1845 2651 2094 2706 Esurient

2210 2662 2338 2736 πρὸς
2360 2662 2421 2716 τὸ
2453 2661 2643 2734 μέλλον
2674 2663 2774 2716 οὐκ
2801 2662 3017 2732 ἔχοντας
3036 2679 3049 2692 ο
3078 2662 3216 2733 ἀνὴρ
3247 2661 3301 2715 δὲ
3334 2663 3430 2734 τὴν
3461 2665 3780 2734 προαίρεσιν

529 2757 736 2827 patius,
788 2769 911 2810 cum
959 2767 1028 2808 ex
1073 2753 1302 2807 adverso
1358 2761 1584 2820 regnum
1629 2745 1988 2816 couspicieut,
2039 2745 2094 2798 in

2210 2751 2396 2823 θῆλυς,
2432 2752 2529 2822 οὐχ
2557 2750 2664 2816 ἔξει
2693 2755 2789 2826 τὴν
2837 2753 3139 2823 τρέφουσαν
3187 2754 3418 2824 ἀρετήν·
3460 2754 3783 2806 πεινάσουσι

533 2844 868 2902 cruciatibus
896 2842 1220 2899 excruciati.

2210 2843 2273 2908 se,
2302 2845 2389 2897 ὅτε
2411 2843 2468 2910 ἐξ
2491 2845 2736 2908 ἐναντίας
2761 2843 2910 2896 ἴδωσι
2937 2843 3035 2915 τὴν
3058 2843 3351 2914 βασιλείαν,
3377 2846 3433 2900 ἐν
3463 2848 3526 2918 τῇ
3555 2845 3784 2917 βασάνῳ

2199 2935 2634 3006 βασανιζόμενοι.

601 3026 645 3057 "
675 3022 896 3079 Divitias
931 3022 1178 3078 scientia;
1229 3020 1474 3086 Domini,
1506 3029 1562 3074 et
1605 3016 1898 3073 eliicaciam
1926 3011 2094 3070 Verbi

2267 3026 2370 3079 Τὸν
2401 3025 2627 3079 πλοῦτον
2655 3024 2753 3096 τῆς
2779 3025 3030 3094 γνώσεως
3057 3025 3149 3080 τοῦ
3178 3029 3407 3101 Κυρίου,
3435 3029 3527 3083 καὶ
3548 3027 3607 3083 τὸ
3629 3030 3779 3101 ἐνερ-

529 3118 899 3173 fortitudinem
930 3113 1084 3170 dicit.
1125 3112 1267 3169 Deus
1294 3112 1440 3167 enim
1470 3110 1618 3166 solus
1657 3110 1763 3165 scit
1795 3106 2093 3179 praeterita,

2210 3119 2419 3190 γητικὸν
2459 3118 2550 3172 τοῦ
2582 3118 2754 3186 Λόγου
2778 3159 2792 3183 ,
2831 3120 2981 3191 ἰσχύν
3029 3137 3191 3192 φησιν
3215 3139 3228 3152 ·
3269 3122 3430 3186 αὐτὸς
3461 3124 3569 3195 γὰρ
3613 3122 3777 3193 μόνος

530 3210 842 3280 praesentia,
891 3223 956 3264 ac
1007 3205 1210 3260 futura.
1259 3202 1379 3272 lpse
1419 3201 1674 3274 praecepit
1721 3176 1946 3255 dicens:
1983 3197 2094 3252 Fiat

2210 3212 2457 3283 γινώσκει
2483 3212 2553 3265 τὰ
2584 3211 2773 3285 πρῴην
2800 3254 2814 3278 ,
2847 3213 2942 3267 καὶ
2970 3214 3040 3269 τὰ
3069 3215 3340 3268 ἐνεστῶτα
3363 3256 3378 3279 ,
3421 3217 3513 3269 καὶ
3543 3216 3612 3270 τὰ
3642 3215 3776 3287 μὲλ-

529 3303 660 3370 lux;
693 3316 930 3372 moxque
982 3299 1200 3363 coelum,
1253 3307 1310 3353 et
1353 3305 1518 3361 terra,
1550 3304 1605 3349 et
1641 3292 1900 3364 quidquid
1933 3291 1984 3344 in
2019 3290 2094 3344 eis

2210 3309 2359 3360 lovra
2379 3324 2391 3336 ’
2421 3305 2580 3370 αὐτὸς
2624 3307 2717 3359 καὶ
2757 3305 3056 3361 ἐνετείλατο
3083 3306 3272 3370 εἰπὼν,
3307 3307 3587 3379 γενηθήτω
3617 3308 3734 3378 φῶς
3755 3324 3771 3340 ο

527 3404 632 3458 est,
662 3409 727 3449 ex
764 3392 936 3448 nihilo
974 3391 1040 3445 ad
1084 3387 1451 3445 exsistentiam
1490 3384 1718 3440 deducta
1767 3390 1913 3438 sunt.
1971 3378 2094 3435 litec

2210 3399 2446 3472 >ὐρανὸς,
2474 3399 2568 3453 καὶ
2599 3399 2690 3470 γῆ,
2727 3398 2820 3451 καὶ
2851 3397 2918 3452 τὰ
2948 3401 3006 3452 ὲν
3047 3401 3250 3464 αὐτοῖς,
3281 3399 3339 3464 ἐξ
3371 3401 3468 3453 οὐκ
3495 3401 3662 3454 ὄντων
3691 3403 3772 3465 εἰς

529 3488 703 3556 ipsum
737 3484 1021 3539 Dominum
1075 3481 1352 3550 Deumque
1393 3493 1515 3534 esse
1556 3475 1731 3532 solum
1782 3473 2092 3529 ostendunt.

2210 3493 2258 3546 rb
2281 3488 2418 3546 εἶναι
2442 3492 2798 3564 παρήχθησαν
2817 3509 2829 3523 ·
2863 3493 3001 3547 αὐτὰ
3024 3493 3080 3547 δὲ
3108 3493 3375 3546 δείκνυσιν
3395 3493 3554 3545 αὑτὸν
3569 3492 3772 3563 Κύριον

527 3579 609 3634 Ad
638 3579 778 3633 hunc
804 3591 900 3646 per
927 3585 1132 3630 rectam
1165 3573 1334 3628 vitam
1360 3571 1494 3640 justi
1531 3577 1847 3629 accurrunt,
1881 3575 1938 3621 et
1965 3578 2094 3619 con-

2210 3587 2292 3640 ιιαὶ
2323 3585 2455 3639 Θεὸν
2492 3585 2648 3656 μόνον
2699 3581 2866 3640 εἶναι·
2901 3585 2992 3639 καίΙ
3033 3585 3121 3640 διὰ
3173 3586 3270 3656 μὲν
3313 3584 3406 3638 τοῦ
3455 3585 3614 3660 ὀρθοῦ
3651 3585 3768 3656 βίου

529 3667 876 3738 temptatione
908 3663 1250 3720 attolluntur.
1286 3659 1383 3716 Vel
1417 3660 1545 3730 quia
1603 3674 1670 3714 ex
1698 3658 1899 3713 creatis
1932 3655 2093 3710 rebus

2210 3655 2618 3750 προστρέχουσιν
2663 3679 2811 3748 αὐτῷ
2856 3679 2904 3732 οἱ
2945 3655 3180 3744 δίκαιοι,
3199 3678 3284 3732 διὰ
3315 3677 3372 3732 δὲ
3539 3655 3770 3750 θεωρίας

527 3773 822 3828 earumque
849 3755 1246 3826 magnificentia
1279 3755 1420 3809 Deus
1439 3752 1782 3823 cognoscitur
1811 3763 1932 3804 esse
1975 3762 2094 3817 om-

2210 3768 2484 3839 ὓψοῢνται·
2533 3768 2566 3839 ἢ
2613 3768 2694 3820 ὄτι
2742 3771 2806 3822 ὲκ
2849 3769 2957 3823 τῶν
3002 3770 3345 3840 κτισμάτων,
3393 3768 3424 3838 ἢ
3473 3768 3570 3838 τῆς
3601 3785 3770 3839 μεγα-

530 3850 800 3918 υῙΡοῑθηδ·
2195 3862 2422 3934 λοσύνης
2459 3862 2671 3928 αὐτῶν,
2711 3862 2940 3935 φανερόν
2975 3865 3120 3916 ἐστιν
3159 3863 3241 3914 ὅτι
3278 3863 3306 3914 ό
3338 3861 3469 3925 Θεὸς
3507 3860 3766 3914 παντοδύ-

2195 3972 2385 4027 ναμος.

2265 4047 2541 4119 Χρηστέον
2572 4046 2743 4119 τούτῳ
2770 4047 2848 4118 τῷ
2879 4047 3027 4118 ρητῷ
3075 4046 3211 4118 πρὸς
3233 4046 3360 4108 τοὺς
3387 4045 3460 4116 μὴ
3503 4044 3763 4109 λαϐόντας

2199 4141 2296 4210 μὲν
2323 4139 2523 4208 γνῶσιν
2551 4141 2703 4211 παρὰ
2736 4138 2870 4192 Θεοῦ
2894 4178 2910 4203 ,
2935 4138 3202 4192 διδάσκειν
3251 4137 3305 4189 δὲ
3345 4136 3532 4200 ἄλλους
3563 4139 3764 4208 ἐπιχει-

2197 4231 2422 4303 ροῦντας
2445 4249 2460 4263 ι
2493 4233 2522 4284 ὁ
2551 4232 2660 4303 γὰρ
2691 4232 2852 4286 Δαυῖδ
2883 4247 3046 4302 φησι·
3084 4229 3194 4284 Τοῦ
3225 4229 3480 4284 ἀκοῦσαι
3501 4229 3616 4298 μὲν
3645 4245 3761 4298 φω-

2194 4319 2308 4387 νῆς
2332 4319 2616 4386 αὶνέσεώς
2647 4336 2762 4375 σου
2784 4360 2800 4385 ,
2828 4320 2930 4374 καὶ
2964 4321 3096 4373 τότε
3129 4317 3529 4388 διηγήσασθαι
3557 4317 3762 4385 ἄλλοις

1261 4402 1272 4482 '.
1303 4402 1538 4482 ""f’m"
1593 4402 1732 4482 "-w”
1774 4402 1872 4441 ’ω’
1905 4402 2094 4482 ασυνξ·
2194 4411 2269 4463 τὰ
2295 4409 2598 4481 θαυμάσιά
2620 4425 2762 4467 σου·
2799 4411 2892 4462 καὶ
2916 4411 2943 4461 ό
2963 4408 3210 4480 Σολομῶν
3235 4425 3366 4478 φησι
3391 4425 3404 4438 ’
3443 4409 3502 4462 ’Ἀ
3529 4402 3688 4460 εἶδον
3709 4410 3761 4461 οἱ

529 4481 680 4536 Multi
728 4478 871 4534 enim
934 4475 1172 4529 nondum
1226 4470 1445 4524 virtutis
1487 4478 1667 4539 empto
1721 4482 1906 4533 cursu,
1959 4466 2093 4521 alios

2210 4466 2492 4572 ὄφθαλίιοί
2528 4517 2678 4569 σου,
2721 4502 2886 4572 λέγε’
2924 4466 3110 4555 πολλοί
3147 4466 3259 4573 γὰρ
3297 4466 3391 4554 καὶ
3440 4501 3639 4573 ἀρετῆς
3687 4500 3760 4571 μὴ

529 4583 676 4628 recte
705 4585 866 4642 agere
893 4584 997 4623 non
1033 4566 1195 4622 modo
1217 4564 1531 4630 hortantur,
1559 4576 1748 4616 verum
1784 4561 1951 4616 etiam
1998 4573 2092 4615 co-

2210 4532 2486 4580 λφυαιβξμυι
2528 4532 2678 4569 υυυ,
2721 4532 2857 4572 ἡδ’Ϊῦ
2924 4532 3106 4555 ἹδυΛΛνι
3299 4532 3391 4554 λιιι
3440 4532 3635 4573 αὔλει-ψ,
3687 4532 3760 4571 μαι

2210 4592 2590 4667 ὶπαρξὰμενοι,
2613 4594 2803 4658 ἄλλους
2825 4593 3163 4665 κατορθῶσαι
3192 4595 3252 4646 οὺ
3287 4594 3446 4664 μόνον
3476 4590 3763 4664 παραινοῦ-

526 4674 660 4757 sm,“
685 4672 740 4757 Et
762 4663 1050 4757 i"‘_P‘?ra"‘-
1116 4751 1128 4757 _
1461 4747 1494 4757 __
1536 4747 1568 4757 ,ν
1625 4746 1664 4757 ﬁ
1852 4744 1892 4757 ι,
2203 4663 2477 4749 σιν,⁷ἀλλὰ
2505 4687 2597 4739 καὶ⁴
2630 4686 2905 4757 βιάζονται
2935 4663 3028 4739 καὶ
3057 4663 3541 4757 παρακελεύουσιν.

600 4755 646 4787 ⁷⁸
682 4752 932 4810 Hominis
986 4751 1204 4805 nomine
1255 4762 1399 4804 nunc
1444 4747 1579 4802 dicit
1625 4746 1817 4802 Deum.
1849 4744 2094 4816 Namque

2273 4739 2472 4850 ’Ἄνδρα
2499 4739 2998 4832 ὲνταίῖθαθτὺνθεόν
3022 4739 3152 4850 φησί
3177 4796 3189 4808 ·
3225 4778 3316 4830 τὸν
3341 4777 3446 4850 γὰρ
3476 4776 3645 4847 θυμὸν
3669 4739 3765 4829 αὐ..

527 4849 671 4904 illius
693 4847 746 4902 in
760 4844 964 4915 judicio
991 4842 1225 4898 furorem
1251 4840 1382 4895 lenit
1405 4839 1532 4906 sibi,
1551 4840 1641 4908 qui
1669 4838 1936 4892 mandatis
1951 4838 2094 4908 ejus-

2210 4870 2293 4924 τοῦ
2325 4838 2419 4925 τὸν
2444 4873 2501 4925 ἐν
2530 4874 2594 4944 τῇ
2624 4871 2797 4943 κρίσει
2828 4838 3196 4943 καταπραθνει
3217 4872 3300 4940 ἐφ’
3325 4838 3584 4935 ἑαυτδνρό
3609 4867 3761 4939 θερα-

527 4945 647 4996 dem
681 4938 1024 5008 obsequitur.
1060 4935 1151 4990 Sic
1206 4933 1264 4987 (it
1295 4933 1456 4987 etiam
1493 4934 1544 4985 in
1588 4929 1982 4985 materialibus.
2030 4929 2094 4984 Et

2210 4964 2409 5026 πεύσας
2451 4964 2610 5018 αὐτὸν
2659 4967 2715 5017 ὲν
2747 4967 2866 5028 ταῖς
2901 4963 3140 5028 ἐντολαῖς
3189 4962 3351 5016 αὐτοῦ
3373 4979 3385 4992 ·
3423 4960 3676 5023 ὡσαύτως
3704 4960 3760 5014 δὲ

527 5033 670 5085 sicut
712 5031 976 5086 Dominus
1030 5037 1216 5084 noster
1271 5028 1533 5097 panthera
1568 5023 1767 5079 catulis
1814 5024 1944 5077 orba
1973 5021 2091 5076 ﬁeri

2210 5057 2293 5109 ιιαὶ
2315 5021 2407 5109 ἐπί
2431 5056 2539 5110 τῶν
2564 5021 2869 5127 αἰσθητῶν-⁸
2897 5056 3082 5129 ὥσπερ
3105 5021 3160 5108 δὲ
3181 5059 3209 5109 ό
3228 5055 3430 5126 Κύριος
3451 5055 3483 5124 ἡ
3493 5053 3607 5124 μῶν
3625 5021 3760 5121 πάρ-

527 5123 724 5176 dicitur
773 5131 963 5176 contra
1004 5129 1340 5190 peccatores,
1369 5127 1424 5172 et
1453 5125 1604 5187 petra
1638 5113 1880 5171 scandali
1912 5113 2092 5168 incre-

2210 5150 2343 5213 ῖαλις
2373 5113 2724 5222 ἀπορουμένη.
2747 5148 2961 5218 λέγεται
2991 5113 3236 5218 γίνεσθαι
3269 5113 3559 5220 πρδξτὸέδς
3586 5113 3758 5215 πληίι-

528 5212 692 5275 dulis,
721 5213 800 5267 sic
839 5212 1201 5282 pusillanimis
1246 5224 1372 5279 erga
1403 5217 1712 5280 peccantes.
1753 5205 1844 5259 Vel
1869 5205 2092 5275 pusilla-

2210 5205 2522 5307 ιελοῦνταςι,
2570 5205 2664 5295 καὶ
2705 5205 2886 5311 ἱπέτρα
2937 5205 3231 5295 σκανδάλου
3287 5205 3423 5312 ατρὸς
3475 5205 3602 5302 τοὺς
3640 5205 3759 5291 ἁττι-

527 5307 728 5360 nitnem
761 5304 1004 5374 dicitpro
1031 5304 1305 5372 improbo,
1336 5314 1390 5356 et
1423 5316 1520 5372 pro
1547 5301 1694 5356 oumi
1726 5300 1968 5355 daemone
1996 5289 2087 5367 qui

2210 5289 2486 5398 rroﬁvrag:
2507 5289 2672 5386 ὀὕτω
2714 5289 3167 5404 καὶῗόλιγόψυχος
3208 5333 3300 5385 ἐπὶ
3331 5289 3473 5394 Γτοῖς
3490 5289 3501 5292 ν
3517 5289 3755 5400 άνμῖαρτά-

528 5414 558 5450 a
590 5396 790 5454 virtute
822 5397 1162 5467 scientiaque
1199 5394 1486 5449 exciderit.

2210 5444 2369 5480 touct'
2401 5394 2616 5480 δόναται
2643 5426 2700 5479 δὲ
2726 5394 3041 5496 όλιγόψυχον
3065 5394 3242 5493 λεγειν
3267 5424 3361 5476 καὶ
3385 5423 3474 5476 τὸν
3507 5394 3752 5492 πονήρδν,

2196 5521 2289 5574 καὶ
2335 5521 2510 5575 πάντα
2553 5519 2778 5591 δαίμονα
2819 5520 3018 5592 ἀρετῆς
3062 5516 3449 5572 ἐκπεπτωκότα
3491 5513 3584 5568 καὶ
3627 5511 3757 5580 γνὼ-

2198 5631 2356 5679 σεως.

599 4020 647 4052 ⁷⁸
684 4017 951 4076 Utendum
983 4025 1066 4072 est
1093 4017 1195 4071 hoc
1219 4015 1361 4070 dicto
1390 4014 1653 4068 adversus
1683 4013 1800 4068 illos
1856 4011 1946 4082 qui
1973 4026 2094 4066 cum

531 4129 561 4168 a
603 4114 712 4168 Deo
740 4110 1021 4167 scientiam
1063 4122 1167 4162 non
1213 4104 1544 4173 acceperint,
1598 4104 1733 4160 alios
1779 4105 1971 4159 docere
2005 4117 2097 4173 ag-

530 4206 870 4276 grediuntur.
906 4201 1040 4255 Nam
1072 4197 1239 4254 David
1275 4196 1350 4251 ait
1379 4214 1393 4250 :
1424 4194 1489 4249 Ut
1518 4197 1738 4248 audiam
1770 4210 1942 4248 uocem
1972 4193 2090 4246 lau-

528 4300 610 4352 dis
637 4309 762 4362 tuae,
793 4308 842 4350 et
870 4303 991 4347 tunc
1019 4291 1138 4344 aliis
1165 4303 1405 4343 enarrem
1436 4286 1706 4341 mirabilia
1729 4295 1822 4339 tua
1852 4287 1919 4340 ⁷⁸.
1949 4283 2095 4338 Salo-

532 4405 654 4446 tuon
681 4401 896 4459 quoque
924 4383 1092 4438 dicit:
1130 4381 1264 4448 Quae
1303 4377 1538 4432 viderunt
1593 4377 1733 4431 oculi
1774 4377 1872 4441 tui,
1905 4376 1988 4429 dic
2028 4374 2094 4428 ⁷⁸.

599 5779 646 5812 ⁸⁸
678 5793 731 5835 v.
763 5778 819 5832 ι.
901 5776 944 5808 ⁸⁸
973 5789 1023 5828 ν.
1064 5774 1118 5831 5.
1197 5772 1240 5806 ⁷⁸
1271 5790 1319 5828 v.
1351 5774 1406 5831 6.
1484 5777 1523 5806 ⁷⁸
1565 5791 1615 5831 v.
1651 5773 1704 5829 8.
1738 5774 1780 5806 "
1806 5774 1977 5829 v.10.
2054 5774 2094 5805 ⁷³

2213 5774 2296 5828 15.
2379 5772 2424 5804 ⁷⁸
2448 5771 2588 5827 Psal.
2629 5788 2754 5839 xxv,
2785 5772 2839 5826 7.
2913 5770 2958 5804 "
3002 5767 3158 5822 Prov.
3192 5781 3316 5831 xxv,
3349 5771 3400 5824 3.
3478 5761 3524 5791 ⁷⁸
3555 5776 3604 5814 v.
3637 5761 3720 5818 ιι.
