3942 6318
216 365 321 420 205
1411 379 1775 438 EXPOSITIO
1813 381 1879 436 IN
1916 382 2330 440 PROVERBIA.
3389 393 3495 450 206

271 483 380 539 Τὸν
416 487 552 559 βίον
585 496 683 550 τὸν
723 496 879 569 ὀρθὸν
912 497 1087 551 τοίνυν
1133 493 1288 551 εἶπεν
1330 497 1471 569 δόμα
1502 499 1785 571 ἀνθρώπου

1988 505 2034 537 ⁷⁷
2070 504 2297 559 llectam
2349 504 2529 575 itaque
2578 506 2742 559 vitam
2795 508 2929 565 dicit
2980 510 3221 566 hominis
3270 512 3497 578 donum,

204 578 349 642 ὅστις
392 582 581 639 αὑτὸν
630 587 883 642 πλατύνει
922 590 1015 642 καὶ⁹
1059 589 1288 661 παρέχει
1319 590 1412 643 τοῦ
1447 590 1785 663 πληρώματο

1924 604 2187 664 quantum
2239 595 2469 665 quisque
2516 597 2566 649 id
2618 599 2867 667 ampliat,
2899 611 3107 656 etcum
3160 603 3499 671 plenitudine.

199 670 343 734 ἀξιον
392 675 501 729 τοῦ
543 678 686 733 Θεοῦ
708 697 721 711 ⁸
754 682 886 752 ὅπερ
914 681 1186 753 καθέδραν
1214 683 1494 737 δυναστῶν
1535 684 1785 757 ὀνομάζει

1923 687 2083 743 offert
2148 688 2493 758 digna'Deo:
2540 690 2699 759 idque
2738 694 2899 746 etiam
2956 670 3269 750 cathedram
3324 700 3500 769 dyna-

198 764 364 853 ᾖγουν
407 766 534 820 τῶν
578 771 751 839 ἁγίων
787 771 1070 842 δυνάμεων
1090 790 1104 804 ν
1136 774 1230 826 νοῦ
1260 773 1368 846 γὰρ
1394 775 1637 847 καθέδρα
1667 778 1785 829 ἐστὶ

1923 790 2130 834 starum
2154 780 2419 843 nominat,
2441 781 2490 834 id
2519 792 2600 835 est
2633 792 2943 836 sanctarum
2981 797 3326 853 potestatum.
3358 789 3497 841 Mett—

193 852 303 918 ἒξις
328 854 556 931 ἀρίστη
584 904 599 927 ,
630 862 945 933 δυσκίνητον
986 863 1021 933 ἦ
1061 864 1317 935 ἀκίνητον
1356 864 1687 939 διατηροῦσα
1722 867 1783 920 τὸ

1924 874 1995 927 tis
2020 873 2163 927 enim
2191 872 2448 927 cathedra
2482 883 2588 941 est,
2619 876 2827 944 optima
2878 880 3213 932 consuetudo
3242 896 3365 949 qua:
3405 883 3496 933 llr-

191 945 611 1020 καθεζόμενον.

1922 983 2069 1021 mum
2104 967 2541 1037 immobilemque
2572 978 2719 1023 tenet
2751 970 3028 1023 sedentem
3060 970 3112 1024 in
3154 972 3261 1025 illa.

257 1040 503 1099 Ἀνοιαν
553 1048 723 1102 παύει
762 1048 998 1118 γνῶσις·
1031 1049 1173 1120 αῦτη
1218 1049 1326 1121 γάρ
1369 1052 1567 1106 ἐστινὸ
1612 1052 1782 1125 κλῆρο

1993 1058 2038 1089 ⁷³
2079 1057 2386 1112 Amentiam
2410 1057 2708 1127 exstinguit
2758 1058 2989 1111 scnentia
3020 1075 3035 1123 ;
3078 1056 3192 1112 haec
3228 1060 3368 1113 enim
3398 1068 3483 1115 est

182 1133 278 1203 τῆς
306 1135 555 1204 φύσεως
584 1141 690 1211 τῆς
718 1142 946 1212 λογικῆς
965 1160 978 1174 ·
1012 1144 1106 1197 καὶ
1139 1146 1196 1197 ἐν
1222 1144 1507 1211 δυνάσταις
1524 1148 1695 1219 ὁρίζει
1728 1148 1784 1217 γί

1921 1150 2201 1205 rationalis
2239 1160 2445 1205 naturae
2480 1150 2595 1204 dos.
2642 1150 2759 1218 Ipsa
2807 1150 3054 1220 dynastis
3093 1165 3309 1219 quoque
3360 1140 3491 1205 deli;

177 1227 375 1282 νεσθαί
410 1248 495 1298 τι,
548 1235 652 1288 καὶ
686 1235 928 1289 ποιοῦσι·
965 1235 1043 1307 τῷ
1071 1236 1178 1309 γὰρ
1207 1237 1406 1306 γνῶσιν
1429 1239 1606 1310 ἔχοντι
1638 1241 1784 1295 θείαν

1920 1245 1997 1298 nit
2022 1244 2149 1313 quid
2190 1254 2397 1314 agant;
2432 1253 2485 1298 et
2514 1244 2566 1297 bi
2604 1243 2831 1297 faciunt.
2867 1244 2999 1297 Nam
3038 1244 3086 1299 ei
3120 1243 3213 1313 qui
3247 1245 3484 1297 divinam

177 1321 476 1378 κλίνονται
514 1328 725 1391 πάντες
750 1345 762 1356 ·
799 1328 831 1399 ἢ
861 1328 1170 1398 ἀντιλογίας
1204 1331 1437 1385 ἐνταῦθα
1464 1334 1587 1398 τοὺς
1613 1336 1676 1387 ὲκ
1700 1335 1785 1387 τῶ·

1915 1337 2194 1391 scientiam
2224 1338 2407 1404 habet,
2443 1339 2625 1392 cuncti
2655 1338 3053 1406 obsequuntur.
3085 1336 3180 1392 Vel
3214 1337 3490 1391 contradi-

172 1413 477 1485 δαιμόνων
531 1420 659 1474 καθ’
698 1420 855 1491 ἡμῶν
890 1422 1271 1493 ἐγειρομένους
1323 1424 1613 1497 λογισμούς
1653 1446 1784 1499 φησι

1915 1430 2123 1484 ctiones
2158 1431 2261 1485 hoc
2298 1430 2416 1485 loco
2470 1430 2601 1485 dicit
2653 1431 2957 1485 concitatas
3003 1430 3273 1485 adversus
3312 1445 3414 1484 nos
3460 1445 3489 1483 a

170 1506 303 1569 τοὺς
324 1512 406 1579 τῇ
440 1511 630 1584 ἀρετῇ
655 1513 1001 1577 ἀντιπάλους,
1020 1516 1114 1567 καὶ
1133 1514 1226 1568 τοῦ
1249 1515 1383 1569 Θεοῦ
1407 1519 1641 1589 χωρίσαι
1665 1521 1785 1591 ήμᾶη

1920 1519 2255 1573 tlzemonibns
2280 1518 2661 1589 cogitationes,
2694 1521 2912 1574 virtutis
2962 1520 3238 1582 inimlcas,
3284 1535 3492 1591 nosque

170 1599 553 1669 σπεύδοντας
573 1621 587 1632 ·
621 1605 785 1659 παύει
829 1606 887 1658 δὲ
928 1606 1131 1671 ταύτας
1173 1608 1268 1676 ἀφ’
1298 1608 1455 1679 ἡμῶν
1488 1612 1517 1662 6
1548 1612 1646 1682 τῆς
1671 1614 1784 1680 γνώ

1917 1625 1945 1661 a
1981 1609 2091 1665 Deo
2114 1625 2372 1680 separare
2397 1621 2727 1681 satagentes.
2776 1612 2885 1667 llas
2920 1627 3052 1667 vero
3095 1612 3149 1666 in
3186 1612 3349 1667 nobis
3398 1628 3494 1668 ex-

169 1706 320 1755 σεως
343 1693 604 1768 κλῆρος,
627 1698 721 1752 καὶ
750 1700 879 1763 τοὺς
903 1700 1168 1766 δυνάστας
1198 1702 1456 1774 δαίμονας
1484 1704 1654 1776 ὁρίζει
1684 1708 1785 1762 ἀνα

1916 1700 2147 1771 stinguit
2174 1700 2415 1758 scientias
2441 1704 2559 1767 dos,
2609 1704 2972 1773 dynastasqne
3001 1704 3273 1758 daemones
3304 1703 3491 1773 fugere

165 1788 398 1854 χωρεῖν
420 1828 438 1851 ,
479 1790 558 1852 ὡς
597 1790 1017 1862 κεκληρωμένος
1051 1793 1128 1864 τῷ
1159 1793 1307 1865 Θεῷ,
1345 1795 1403 1862 ἐξ
1431 1797 1596 1850 αὑτοῦ
1626 1816 1683 1851 τε
1718 1818 1785 1852 κα

1912 1792 2063 1859 jubet
2095 1806 2110 1855 ;
2153 1800 2407 1860 tanquam
2436 1792 2545 1847 Deo
2572 1794 2996 1860 addictisimus,
3044 1794 3112 1849 ab
3155 1810 3329 1865 eoque
3351 1796 3488 1849 alia-

164 1873 371 1931 ἀλλων
404 1879 499 1945 ὡς
533 1880 687 1936 θείαν
720 1883 926 1951 γνῶσιν
954 1884 1113 1954 ἔχων.

1920 1898 2034 1934 rum
2068 1897 2285 1951 quoque
2316 1898 2493 1938 rerum
2523 1884 2813 1939 scientiam
2843 1888 2999 1955 quasi
3022 1888 3256 1942 divinam
3286 1890 3486 1944 habea-

1914 1988 2052 2027 IllllS.

1995 2065 2039 2096 τ’
2070 2063 2166 2119 Vel
2198 2066 2432 2118 animum
2470 2066 2625 2131 dicit,
2670 2069 2797 2122 vitae
2838 2069 3139 2139 mortisque
3192 2086 3473 2142 capacem,

1912 2158 2052 2211 unde
2078 2157 2312 2213 liberum
2342 2157 2461 2227 ejus
2512 2158 2798 2212 arbitrium
2854 2170 3204 2224 monstratur.
3252 2165 3317 2217 ad
3354 2178 3478 2218 car-

1912 2248 2115 2318 pendos
2169 2258 2280 2302 tum
2333 2249 2621 2319 praesentis
2666 2258 2774 2302 tum
2834 2248 3000 2304 futuri
3042 2263 3215 2309 status
3249 2256 3477 2318 fructus,

1911 2344 2180 2395 bonorum
2212 2342 2425 2396 scilicet
2448 2344 2529 2395 vel
2566 2343 2831 2397 malorum
2864 2358 3109 2413 operum.

1980 2430 2025 2461 ⁸ο
2057 2429 2156 2496 Qui
2185 2431 2509 2501 sapientiam
2537 2432 2735 2488 bonam
2767 2435 2998 2502 invenit,
3031 2438 3233 2507 gratias
3273 2438 3365 2492 Dei
3403 2440 3485 2493 in-

1909 2525 2077 2580 venit.
2107 2555 2175 2565 —
2208 2525 2308 2591 Qui
2345 2528 2645 2597 nequitiam
2679 2532 2896 2597 retinet,
2926 2544 3161 2588 vesanus
3194 2545 3280 2590 est
3309 2543 3363 2590 et
3385 2536 3483 2591 im-

1910 2619 2053 2686 pius,
2087 2627 2146 2674 ut
2176 2620 2427 2675 inventor
2460 2620 2610 2677 illius
2647 2623 2922 2679 diabolus.

1590 2718 1593 2719 ⁷
1679 2718 1834 2773 CAP.
1875 2716 2019 2771 XIX.

244 2062 347 2115 Ἠ
382 2063 501 2134 τὴν
522 2062 702 2134 ψυχὴν
734 2063 917 2133 λέγει,
950 2050 1094 2137 ζωῆς
1140 2069 1233 2120 καὶ
1263 2067 1494 2122 θανάτου
1533 2070 1807 2142 δεκτικὴν,

156 2152 274 2222 ἀφ’
312 2148 414 2207 ὧν
461 2154 519 2208 τὸ
551 2156 894 2220 αὐτεξούσιον
933 2157 1200 2211 δείκνυται
1228 2159 1336 2213 τῶν
1374 2160 1469 2213 νῦν
1495 2178 1554 2214 τε
1582 2164 1676 2215 καὶ
1702 2163 1809 2216 τῶν

165 2244 536 2313 μελλόντων
567 2249 691 2313 τοὺς
717 2251 958 2321 καρποὺς
999 2250 1169 2322 αὐτῆς
1212 2251 1514 2307 ἀπολαῦσαι
1543 2254 1724 2308 καλῶν
1748 2272 1807 2308 τε

161 2333 204 2403 ἢ
250 2337 500 2391 κακῶν.

258 2428 386 2491 Ὃς
418 2423 542 2499 εὗρε
572 2431 765 2499 σοφίαν
786 2431 1017 2502 ἀγαθὴν,
1053 2424 1181 2498 εὗρε
1205 2432 1432 2505 χάριτας
1456 2433 1593 2487 Θεοῦ
1614 2452 1627 2464 ·
1651 2467 1719 2475 -
1746 2436 1802 2489 '0

170 2518 467 2588 κατέχων
511 2523 709 2577 κακίαν
730 2564 744 2589 ,
771 2523 959 2595 ἄφρων
992 2524 1087 2578 καί
1118 2526 1321 2597 ἀσεϐὴς
1340 2568 1354 2594 ,
1395 2525 1470 2591 ὡς
1506 2528 1803 2599 ὲφευρετὴς

174 2610 385 2683 αὐτῆς
413 2612 684 2681 διάϐολος.

257 2800 526 2867 Πλοῦτος
549 2803 802 2873 γνώσεως
833 2810 927 2862 καὶ
951 2811 1143 2879 σοφίας
1168 2814 1521 2884 προστίθησιν
1546 2818 1675 2888 ἡμῖν
1700 2816 1799 2885 ἀγ·-

176 2889 405 2957 γέλους
431 2893 659 2958 πολλούς
678 2911 691 2925 ’
723 2898 752 2950 6
778 2897 834 2950 δὲ
854 2899 1180 2971 ἀκάθαρτος,
1208 2903 1267 2956 ὃν
1300 2905 1505 2976 πένητά
1533 2923 1684 2978 φησι,
1705 2908 1797 2960 καὶ

181 2980 298 3032 ἀπὸ
325 2981 439 3035 τοῦ
466 2983 710 3049 δοθέντος
740 2987 886 3059 αὑτῷ
915 2990 980 3043 ἐκ
1010 2993 1199 3057 παιδὸς
1225 2994 1458 3064 ἀγγέλου
1483 2998 1792 3069 χωρίζεται·

181 3072 220 3142 ἠ
263 3073 400 3146 γὰρ
447 3079 789 3150 πνευματικὴ
838 3081 1026 3151 φιλία,
1072 3084 1238 3157 ἀρετή
1295 3088 1409 3140 ἐστι
1463 3090 1557 3141 καὶ
1599 3089 1798 3157 γνῶσις

186 3166 368 3235 Θεοῦ,
394 3169 463 3222 δι’
490 3163 566 3224 ὧν
595 3174 976 3246 συναπτόμεθα
997 3177 1133 3247 πρὸς
1158 3179 1338 3248 φιλίαν
1359 3185 1480 3247 ταῖς
1504 3184 1689 3251 ἁγίαις
1715 3184 1790 3237 δυ-

1976 2813 2020 2844 “
2055 2813 2264 2870 Divitiae
2315 2816 2559 2872 scientiae
2612 2832 2674 2871 ac
2729 2817 3013 2887 sapientiae
3061 2819 3268 2873 addunt
3324 2820 3479 2876 nobis

1904 2905 2122 2977 angelos
2156 2907 2484 2977 complures.
2514 2912 2583 2963 At
2623 2911 2891 2981 impurus,
2924 2930 3082 2982 quem
3124 2900 3315 2970 auctor
3342 2931 3477 2986 pan-

1904 3012 2087 3068 perem
2116 2999 2381 3066 nominat,
2414 3000 2577 3055 etiam
2610 3004 2738 3057 dato
2772 3005 2872 3059 sibi
2904 3021 2971 3060 ex
3008 3007 3239 3076 pueritia
3281 3009 3475 3078 angelo

1902 3092 2168 3161 privatur.
2214 3092 2349 3147 Nam
2399 3094 2666 3164 spiritalis
2717 3099 2980 3163 amicitia,
3038 3101 3215 3155 virtus
3271 3111 3357 3157 est
3409 3117 3473 3157 ac

1902 3185 2155 3252 scientia,
2178 3201 2209 3241 a
2232 3187 2428 3256 quibus
2456 3189 2633 3243 amice
2669 3190 2987 3259 cepulamur
3018 3208 3141 3246 cum
3187 3195 3472 3261 potestati-

186 3256 441 3319 νάμεσιν
461 3276 476 3290 ·
538 3260 653 3330 εἴγε
679 3264 726 3315 οἱ
755 3265 1136 3333 μετανοοῦντες
1170 3268 1466 3342 ἄνθρωποι,
1502 3275 1675 3344 χαρᾶς
1708 3274 1785 3326 αἴ-

1903 3279 2000 3333 bus
2049 3281 2252 3336 sanctis
2291 3298 2306 3335 :
2354 3256 2791 3353 quandoquidem
2840 3276 3163 3353 pmnitentes
3225 3288 3474 3342 homines

190 3367 295 3403 τιοι
334 3353 583 3420 γίνονται
616 3356 724 3418 τοῖς
752 3357 1028 3425 ἁγγέλοις’
1056 3358 1197 3414 οὕτω
1222 3362 1316 3415 καὶ
1346 3365 1374 3416 6
1399 3364 1587 3437 Σωτὴρ
1611 3366 1795 3435 φίλους

192 3444 388 3500 καλεῖ.
410 3446 538 3510 τοὺς
560 3447 775 3513 δούλους
807 3451 951 3514 ποτὲ,
976 3451 1074 3521 τῆς
1103 3453 1347 3523 μείζονος
1369 3456 1534 3509 αὑτοῦ
1565 3457 1797 3528 θεωρίας

196 3536 558 3601 καταξιώσας
574 3555 589 3569 °
621 3539 760 3593 οὕτω
789 3543 881 3595 καὶ
911 3543 1161 3616 Ἀϐραὰμ
1182 3546 1475 3611 πλουτίσας
1495 3550 1553 3601 ὲν
1576 3550 1793 3617 γνώσει,

195 3628 295 3698 τὴν
335 3629 607 3702 μυστικὴν
625 3631 839 3704 ἐκείνην
863 3635 1195 3707 παρατίθησι
1218 3638 1495 3709 τράπεζαν
1515 3642 1627 3703 τοῖς
1656 3641 1795 3695 κατά

197 3720 296 3792 τὴν
336 3722 685 3796 μεσημϐρίαν
729 3729 941 3795 φανεῖσι
974 3727 1148 3796 φίλοις
1186 3730 1375 3783 αὐτοῦ’
1405 3732 1579 3785 Σαοὺλ
1617 3731 1673 3785 δὲ
1700 3736 1795 3787 καὶ

197 3814 311 3866 ἀπὸ
340 3814 436 3867 τοῦ
460 3817 795 3889 ὑπάρχοντος
826 3820 977 3890 φίλου
1010 3821 1099 3876 διὰ
1126 3823 1226 3895 τὴν
1253 3824 1452 3879 κακίαν
1480 3826 1788 3897 χωρίζεταν

198 3908 517 3979 γέγραπται
564 3910 708 3982 γάρ⁸
745 3913 855 3967 Καὶ
884 3914 1118 3983 ἀπέστη
1155 3918 1391 3987 πνεῦμα
1424 3920 1645 3988 Κυρίου
1674 3920 1793 3975 ἀπὸ

197 4000 426 4054 Σαούλ·
463 4001 562 4055 καὶ
589 4004 823 4075 πνεῦμα
857 4006 1120 4075 πονηρόν
1153 4010 1311 4078 παρὰ
1337 4012 1561 4079 Κυρίου
1586 4013 1792 4082 ἕπνιγε

196 4090 311 4143 τὸν
336 4093 537 4146 Σαούλ
555 4110 568 4123 ·
605 4097 699 4149 καὶ
725 4095 938 4168 πνεῦμα
967 4100 1172 4171 Κυρίου
1204 4101 1372 4171 λέγων
1398 4104 1489 4156 τὸν
1517 4105 1747 4173 ἄγγελον
1771 4124 1783 4135 ·

207 4181 271 4234 '0
313 4183 523 4249 ποιῶν,
556 4186 686 4258 γὰρ,
712 4188 844 4257 φησὶ
863 4228 877 4253 ,
908 4190 1048 4257 τοὺς
1066 4192 1361 4261 ἀγγέλους
1386 4194 1571 4249 αὐτοῦ
1602 4198 1786 4250 πνεύ-

195 4287 392 4337 ματα,
427 4274 527 4326 καί
559 4274 702 4342 τοὺς
742 4279 1124 4349 λειτουργοὺς
1152 4282 1338 4336 αὐτοῦ
1371 4283 1491 4352 πῦρ
1522 4285 1781 4355 φλέγονθ’

201 4360 278 4418 (9,
316 4362 399 4415 ὅτι
413 4363 470 4416 δὲ
491 4364 709 4432 ἄγγελοι
724 4368 845 4430 τοὺς
865 4367 1179 4440 ἀνθρώπους
1198 4373 1678 4443 ἐμπεπίπευνται,
1704 4377 1783 4429 δι-

202 4452 389 4507 δάσκει
419 4457 478 4509 έν
510 4459 622 4520 τοῖς
653 4459 1001 4528 Εὐαγγελίοις
1020 4465 1047 4517 6
1067 4463 1269 4535 Κύριος
1289 4506 1303 4529 ,
1343 4466 1566 4534 Ὁρᾶτε,
1585 4468 1779 4538 λέγων,

1899 3371 2078 3439 gaudii
2129 3388 2293 3428 causa
2350 3374 2490 3430 ﬁunt
2536 3376 2767 3447 angelis.
2822 3377 2914 3433 Sic
2977 3380 3142 3433 etiam
3204 3379 3469 3434 Dominus

1897 3466 2102 3520 amicos
2125 3477 2303 3531 vocat,
2339 3469 2429 3539 qui
2461 3478 2621 3523 antea
2651 3472 2795 3523 servi
2823 3481 3006 3534 erant,
3044 3471 3250 3539 majore
3274 3474 3356 3527 sui
3386 3488 3473 3526 co-

1897 3559 2138 3626 gnitione
2180 3561 2435 3631 dignans.
2491 3563 2585 3617 Sic
2638 3564 2764 3617 item
2834 3564 3184 3619 Abrahamus
3242 3566 3467 3620 scicntia

1900 3651 2203 3719 abundans,
2246 3657 2532 3722 mysticam
2567 3654 2715 3707 illam
2746 3656 2969 3722 apponit
3002 3670 3245 3709 mensam
3300 3644 3467 3726 appaJ

1895 3744 2142 3798 rentibus
2189 3746 2290 3800 sub
2322 3746 2603 3798 meridiem
2659 3745 2851 3801 amicis
2903 3747 3036 3799 suis.
3089 3744 3220 3799 Saul
3278 3757 3467 3803 contra

1894 3837 1963 3891 ab
2010 3837 2310 3892 inhaerente
2350 3836 2453 3891 sibi
2499 3837 2677 3892 amico
2726 3840 2797 3894 ob
2842 3841 3139 3909 nequitiam
3188 3840 3467 3896 dividitur.

1894 3929 2166 3999 Scriptum
2196 3939 2279 3985 est
2309 3930 2451 3985 enim
2499 3950 2513 3986 :
2567 3932 2638 3986 Et
2666 3934 2902 3987 discessit
2923 3934 3141 4003 spiritus
3181 3933 3396 3988 Domini
3434 3953 3468 3989 a

1895 4022 2094 4086 Sniile;
2140 4032 2189 4077 et
2217 4024 2435 4093 spiritus
2477 4025 2650 4080 malus
2700 4044 2732 4080 a
2782 4027 3004 4081 Domino
3048 4026 3265 4083 Saﬁlem
3293 4029 3462 4097 stt/fo-

1891 4115 2042 4169 rabat
2082 4115 2250 4195 ".gEt
2279 4117 2531 4187 spiritum
2572 4119 2783 4175 Domini
2825 4121 3013 4175 dicens
3054 4122 3329 4192 angelum,
3360 4121 3462 4186 Qui

1889 4207 2041 4276 facit,
2084 4209 2179 4276 ait,
2235 4211 2449 4281 angelos
2503 4229 2627 4267 suos
2664 4216 2905 4283 spiritus,
2948 4224 2999 4269 et
3041 4216 3310 4269 ministros
3338 4233 3461 4270 suos

1887 4303 2061 4370 ignem
2109 4312 2348 4357 urentem
2387 4304 2454 4360 ⁸³.
2495 4303 2615 4360 Jam
2646 4307 2789 4377 quod
2823 4307 3032 4377 angelis
3064 4308 3309 4363 homines
3352 4309 3463 4365 sint

1885 4396 2272 4459 commendati,
2303 4398 2463 4452 docet
2491 4398 2544 4452 in
2571 4398 2882 4462 Evangeliis
2924 4398 3187 4454 Dominus
3227 4400 3457 4456 dicens;

1883 4484 2073 4540 Cavete
2111 4503 2175 4541 ne
2201 4489 2548 4542 contemnatis
2576 4506 2737 4544 unum
2768 4507 2831 4545 ea:
2865 4491 2945 4545 his
2973 4491 3339 4563 pusillis,quia
3369 4511 3461 4548 an-

200 4546 283 4613 μὴ
316 4548 732 4616 καταφρονῆτε
763 4551 902 4617 ἐνὸς
930 4551 1050 4608 τῶν
1066 4555 1296 4624 μικρῶν
1317 4560 1561 4624 τούτων,
1594 4559 1682 4615 ὅτι
1728 4566 1780 4616 οὶ

1903 4578 1987 4642 teli
2032 4595 2212 4633 eorum
2256 4574 2460 4647 semper
2506 4583 2682 4635 vident
2707 4583 2897 4651 faciem
2933 4582 3116 4639 Patris
3157 4586 3261 4640 mei
3291 4587 3457 4656 quiin

204 4636 441 4707 ἄγγελοι
462 4638 665 4694 αὐτῶν·
689 4641 786 4696 διὰ
806 4646 1030 4712 παντὸς
1047 4647 1353 4711 βλέπουσι
1370 4650 1435 4705 τὸ
1457 4654 1782 4720 πρόσωπον
1815 4645 1856 4699 D

206 4729 309 4783 τοῦ
342 4732 569 4800 Πατρός
592 4749 713 4800 μου
746 4735 850 4788 tm?
882 4736 954 4789 ὲν
976 4739 1286 4807 οὐρανοῖςο
1314 4742 1406 4797 καί
1431 4743 1594 4797 πάλιν
1618 4747 1647 4797 6
1686 4746 1782 4799 Ἰα-

272 5007 423 5061 Ὀσοι
448 5011 578 5074 τοὺς
611 5012 737 5084 περὶ
766 5012 995 5083 κρίσεως
1039 5013 1134 5067 καὶ
1158 5015 1415 5086 προνοίας
1456 5017 1774 5086 ἀγνοοῦντες

205 5093 384 5166 λόγους
406 5142 421 5165 ,
455 5101 550 5155 τὸν
581 5103 907 5175 δημιουργὸν
935 5102 1332 5178 βλασφημοῦσι,
1366 5108 1636 5181 μάρτυρές
1668 5111 1773 5162 εἰσι

203 5188 443 5258 ψευδεῖς*
476 5196 578 5249 οὐκ
618 5196 953 5270 ἀτιμώρητοι
994 5198 1052 5252 δὲ
1095 5199 1438 5271 διαμένουσιν
1479 5202 1536 5253 ὲν
1588 5201 1775 5273 ἡμέρᾳ

206 5284 464 5355 κρίσεως·
502 5291 595 5343 καὶ
626 5291 739 5344 ὅσοι
768 5291 927 5345 πάλιν
966 5292 1071 5346 ὑπὸ
1128 5293 1237 5347 τῶν
1282 5293 1427 5347 ἰδίων
1460 5293 1646 5347 παθών
1696 5297 1777 5348 ὲν-

204 5377 509 5449 οχλούμενοι
538 5383 847 5454 νομίζουσιν
872 5385 1246 5458 ἀκατόρθωτον
1272 5383 1410 5440 εἶναι
1437 5386 1536 5459 τὴν
1552 5388 1770 5459 ἀρετὴν,

206 5462 337 5521 οὗτοι
365 5473 445 5540 τῷ
467 5470 718 5528 δεδωκότι
746 5476 838 5528 τὸν
872 5475 1035 5546 νόμον
1066 5476 1386 5545 ἐγκαλοῦσιν
1416 5476 1633 5541 ἀδίκως.

266 5560 327 5612 Οἱ
350 5561 557 5631 χυδαῑοι
588 5565 650 5617 οὐ
683 5564 741 5618 τὸ
771 5564 989 5636 ἀξίωμα
1026 5566 1291 5639 τιμῶντες
1322 5568 1633 5622 ἀποδιδόασι
1678 5569 1767 5623 τὸν

270 5677 312 5708 "-'
350 5694 403 5731 v.
452 5678 541 5733 16.
620 5679 859 5736 "v.18.
933 5683 977 5715 ⁷⁸
1003 5700 1058 5739 v.
1129 5685 1221 5741 21.
1317 5686 1363 5717 ⁸⁸
1392 5687 1560 5742 v.22.

211 5759 345 5813 xvul,
380 5750 463 5805 10.
545 5750 590 5781 ³⁸
634 5749 768 5805 Gen.
822 5768 1009 5815 vam,
1056 5755 1140 5809 l6.
1216 5756 1262 5787 ⁸⁸
1293 5773 1342 5809 v.
1385 5758 1435 5813 5.
1509 5759 1552 5790 ⁸⁷
1592 5775 1641 5812 v.
1672 5759 1724 5811 6.

1666 5688 1709 5718 ⁸⁸
1745 5704 1794 5741 v.
1836 5688 1891 5741 4.
1966 5687 2010 5717 ⁸²
2046 5685 2063 5739 l
2097 5685 2230 5755 Reg.
2273 5701 2382 5754 xm,
2428 5686 2513 5739 Η.

1886 4671 2026 4724 cmlis
2046 4681 2121 4725 est
2144 4673 2213 4725 ⁸⁸.
2249 4674 2379 4727 Item
2408 4671 2613 4729 Jarob:
2647 4675 2875 4745 Angelus
2901 4686 3041 4741 tuus,
3076 4680 3164 4746 qui
3198 4680 3334 4731 eruit
3377 4694 3464 4731 in:

1884 4765 1948 4817 de
1979 4765 2178 4816 cunctis
2219 4765 2373 4818 malis
2402 4766 2472 4819 ⁸⁵.

1949 5015 1996 5045 ⁸⁸
2033 5014 2307 5084 Quotquot
2338 5016 2402 5070 de
2430 5015 2634 5085 judicio
2662 5026 2716 5072 et
2747 5020 3085 5086 providentia
3134 5020 3453 5089 ignorantes

1881 5111 2228 5174 doctrinam,
2277 5118 2580 5164 creatorem
2638 5109 3054 5180 blasphemant,
3108 5120 3278 5167 testes
3327 5124 3451 5170 sunt

1882 5203 2217 5267 mendaces;
2269 5217 2445 5273 neque
2495 5202 2741 5273 itnpunes
2779 5211 2941 5258 erunt
2992 5204 3045 5258 in
3101 5204 3188 5260 die
3231 5205 3440 5274 jndicii.

1879 5292 2155 5361 Quotquot
2197 5293 2325 5348 item
2354 5308 2384 5346 a
2418 5293 2533 5349 suis
2574 5295 2963 5364 cupiditatibus
2989 5296 3181 5352 irretiti
3207 5336 3223 5361 ,
3255 5299 3444 5352 existi—

1877 5394 2030 5439 mant
2058 5383 2446 5454 impossibilem
2497 5400 2622 5442 esse
2670 5388 2951 5455 virtutem,
2980 5390 3033 5443 hi
3068 5388 3197 5461 legis
3216 5389 3440 5443 latorem

1875 5475 2074 5542 injuste
2105 5482 2382 5531 accusant.

1944 5568 1988 5598 ⁸⁷
2024 5567 2287 5637 Volgares
2329 5566 2575 5621 bom.nes
2609 5579 2715 5618 non
2744 5565 2872 5633 quia
2908 5565 3222 5636 dignitatem
3260 5565 3437 5619 bono-

2608 5685 2651 5716 ⁸³
2682 5685 2826 5741 Psal.
2882 5700 2997 5750 ειη,
3039 5690 3086 5743 ί.
3162 5686 3205 5717 ⁸⁸
3238 5685 3430 5739 Matth.

270 5842 339 5915 (9)
362 5844 525 5901 Vides
558 5846 859 5901 doctrinam
889 5849 952 5903 de
974 5851 1292 5906 custodibus
1318 5851 1592 5907 hominum
1618 5851 1826 5921 angelis
1851 5851 1937 5905 llic
1963 5861 2011 5906 et
2040 5849 2205 5905 infra.
