3942 6318
500 380 603 442 ΞΜ

1384 371 1946 431 SUPPLEMENTUM
1980 371 2070 426 Αἱ)
2103 370 2426 427 ORIGENIS
2467 363 2874 428 EXEGETICA.

3632 373 3743 428 208

503 510 645 564 rent,
680 497 1038 554 reverentiam
1069 496 1349 561 exhibent,
1383 495 1477 550 sed
1509 501 1850 550 assentantes
1882 509 2064 564 respe-

2188 495 2350 563 ρόϐον,
2385 492 2522 548 ἀλλά
2555 494 2782 560 κόλακες
2812 495 2962 557 ὄντες
2991 489 3543 565 προσωποληπτοῦσιν
3566 508 3582 524 ο
3624 493 3656 547 6
3686 493 3750 548 δι

501 605 649 650 ctum
683 606 927 663 personae
958 591 1170 645 habent.
1211 589 1279 642 At
1301 588 1442 643 enim
1473 587 1557 642 vir
1583 601 1748 643 verax
1773 587 1915 642 haud
1939 588 2074 642 adu-

505 687 710 742 labitnr
741 683 816 739 rei
846 681 1019 748 malae,
1053 679 1148 734 sed
1175 678 1553 748 reprehendet.

573 781 621 816 ⁶³
674 779 993 844 Quicunque
1041 772 1158 828 odit
1197 772 1412 841 inopem
1458 771 1723 839 fratrem,
1778 773 1867 828 hic
1915 771 2078 842 juxta

505 876 636 934 illud
675 891 690 929 :
724 871 871 927 Beati
894 880 1158 939 pauperes
1186 865 1400 933 spiritu,
1433 865 1691 934 quoniam
1727 867 1964 935 ipsorum
1990 872 2074 920 est

504 983 731 1038 regnum
762 963 1044 1022 ccelorum,
1091 974 1120 1012 a
1163 956 1260 1011 Dei
1306 964 1360 1012 et
1390 958 1702 1027 angelorum
1731 972 1919 1013 amore
1949 971 2074 1027 pro-

485 1062 592 1128 ,cul
641 1061 764 1116 erit.
795 1056 914 1124 Vel,
945 1057 1274 1127 quicumque
1318 1053 1543 1107 fratrem
1593 1052 1816 1106 virtutis
1845 1051 2071 1119 .inopem

505 1155 640 1219 odit,
667 1154 733 1208 ab
761 1150 955 1206 affectu
991 1165 1203 1219 quoque
1232 1146 1486 1202 amicitiae
1515 1145 1703 1216 procul
1734 1147 1840 1200 erit
1861 1146 1915 1199 in
1941 1147 2067 1199 vita.

489 1272 578 1292 -—-
618 1243 820 1298 Bonam
854 1242 1238 1312 cogitationem
1286 1238 1577 1308 appellavit
1621 1237 1710 1292 Dei
1729 1233 2076 1305 agnitionem,

495 1337 597 1407 ἰιιιί
664 1349 784 1391 eam
820 1332 1145 1387 habentibus
1177 1331 1340 1385 corde
1380 1344 1516 1399 puro
1594 1327 1734 1384 solet
1778 1327 2073 1396 appropin-

505 1443 696 1500 quare.
739 1427 840 1494 Qui
872 1440 1000 1496 ergo
1043 1425 1184 1480 hanc
1218 1421 1562 1492 disciplinam
1598 1419 1793 1475 docilis
1823 1419 2072 1489 suscipit,

508 1522 747 1591 prudens
781 1527 904 1583 est,
932 1527 987 1572 et
1033 1517 1271 1571 inveniet
1314 1529 1454 1569 eam.
1489 1544 1558 1554 —
1583 1513 1685 1582 Qui
1733 1512 1900 1568 multa
1932 1513 2072 1568 mala

500 1617 640 1671 facit
666 1614 831 1668 verbo
873 1621 927 1666 et
960 1625 1122 1680 opere
1143 1650 1157 1676 ,
1195 1610 1242 1663 is
1273 1608 1534 1664 malitiam
1563 1617 1925 1673 consummat,
1955 1621 2076 1676 qua:

497 1723 671 1768 omne
716 1721 886 1778 genus
939 1704 1146 1775 peccati
1197 1701 1598 1772 complectitur.
1651 1700 1752 1768 Qui
1798 1715 1929 1755 vero
1980 1701 2076 1754 ad-

510 1813 700 1854 versus
730 1797 973 1852 homines
1003 1807 1283 1849 sermones
1326 1791 1587 1846 exitiosus
1625 1793 1744 1847 sine
1771 1792 1942 1846 limite
1989 1792 2072 1846 ef-

2173 587 2374 660 ἀληθὴς
2404 587 2544 659 ἀνὴρ
2576 587 2638 640 ού
2671 586 2985 661 κολακεύσει
3005 585 3066 640 τὸ
3098 585 3285 650 κακὸν,
3315 584 3427 640 ἀλλ’
3451 583 3666 654 ἐλέγξει
3688 623 3708 640 .

2240 763 2356 825 Πᾶς
2384 764 2441 826 ὃς
2478 765 2624 833 μισεῖ
2653 763 2742 817 τὸν
2771 762 2982 834 πτωχὸν
3003 761 3247 831 ἀδελφὺν,
3271 760 3522 828 κατὰτὸ,
3550 761 3758 816 Μακά-

2169 858 2360 926 ριοιοί
2407 857 2610 926 πτωχοὶ
2632 855 2709 925 τῷ
2748 853 3035 924 πνεύματι,
3069 855 3151 907 ὃτι
3173 852 3360 918 ,αὐτῶν
3403 854 3552 906 ἐστιν
3584 853 3616 920 ἡ
3653 853 3759 920 βα-

2175 947 2345 1000 σιλεία
2371 947 2478 1000 τῶν
2501 946 2741 1019 οὐρανῶν
2762 987 2776 1011 ,
2812 948 2905 1000 καὶ
2933 947 3152 1016 ἀγάπης
3195 944 3330 1000 Θεοῦ
3361 946 3455 1010 καὶ
3496 944 3759 1013 ἀγγέλων

2176 1040 2392 1111 μακρὰν
2443 1040 2625 1094 ἔσται·
2667 1041 2699 1111 ἦ
2735 1042 2841 1103 πᾶς
2885 1041 2944 1104 ὃς
2999 1038 3224 1109 ἀδελφὸν
3275 1038 3474 1110 ἀρετῆς
3529 1036 3762 1107 πτωχὸν

2173 1132 2298 1184 ὄντα
2325 1135 2489 1203 μισεῖ,
2513 1133 2608 1186 καὶ
2639 1134 2735 1204 τῆς
2770 1133 2904 1204 πρὸς
2937 1131 3006 1185 τὰ
3034 1132 3176 1204 πάθη
3207 1131 3385 1202 φιλίας
3406 1131 3760 1202 μακρύνεται

2175 1222 2266 1275 τοῦ
2309 1224 2782 1298 βίου.-Ἀγαθὴν
2833 1225 3039 1280 ἔννοιαν
3086 1225 3182 1296 τὴν
3227 1224 3320 1278 τοῦ
3359 1222 3493 1288 Θεοῦ
3541 1223 3761 1292 γνῶσιν

2174 1311 2460 1383 ὠνόμασε,
2505 1315 2600 1368 καὶ
2646 1319 2760 1380 τοῖς
2791 1316 2987 1371 εἰδόσιν
3025 1315 3334 1387 αὐτὴνλτοῖς
3373 1303 3632 1385 καθαροῖς
3680 1317 3758 1385 τῇ

2175 1403 2387 1474 καρδίᾳ,
2424 1403 2580 1458 εἴωθε
2609 1406 2816 1470 τούτοις
2849 1409 3079 1477 ἐγγιείν’
3113 1410 3140 1460 6
3171 1407 3228 1460 δὲ
3273 1407 3588 1477 πειθόμενος
3624 1405 3762 1458 τού-

2172 1512 2286 1558 τοις
2317 1496 2396 1566 είς
2422 1496 2676 1568 μάθησιν,
2708 1499 2967 1571 φρόνιμός
2997 1501 3135 1564 ἐστι,
3175 1499 3267 1552 καὶ
3299 1499 3515 1570 εὑρήσει
3549 1499 3758 1568 αὑτήν.

2172 1587 2313 1640 -Ὁ
2343 1589 2510 1642 πολλὰ
2544 1591 2852 1655 κακοποιῶν
2888 1591 2953 1644 δι’
2984 1591 3158 1664 ἔργων
3204 1593 3298 1645 καὶ
3339 1592 3546 1661 λόγων,
3593 1591 3758 1644 τελει

2177 1687 2416 1755 σιουργεί
2440 1685 2657 1753 κακίαν,
2690 1687 2724 1757 ἦ
2755 1689 2901 1740 ἐστιν
2936 1688 3085 1742 πᾶσα
3127 1687 3401 1758 ἀμαρτία’
3446 1687 3505 1750 ὃς
3556 1686 3614 1740 δὲ
3661 1703 3762 1738 τε-

2175 1777 2350 1832 λεσιου
2361 1783 2477 1851 ργεί
2508 1780 2647 1834 κατά
2667 1779 2965 1853 ἀνθρώπων
2994 1781 3182 1848 λόγους
3207 1782 3285 1844 είς
3315 1779 3588 1846 ἀπώλειαν
3607 1819 3621 1844 ,
3653 1778 3762 1832 καὶ

513 1890 716 1954 tundit,
761 1895 818 1942 et
855 1888 909 1941 in
957 1885 1125 1940 Deum
1170 1883 1573 1954 blasphemiae,
1611 1883 1701 1939 hic
1740 1899 1848 1942 non
1899 1884 2076 1939 salva-

2188 1873 2524 1944 βλασφημίας
2555 1873 2696 1928 κατά
2727 1874 2878 1940 Θεὸν,
2905 1876 2966 1928 οὐ
2997 1874 3296 1953 σωθήσεται
3329 1869 3499 1938 οὗτος.

501 1984 672 2038 hitur.

579 2075 628 2108 "
659 2073 843 2144 Neque
881 2073 1074 2127 anima:
1110 2083 1286 2140 neque
1325 2068 1571 2140 corporis
1613 2066 1820 2123 delicia:
1871 2081 2077 2122 vesano

509 2176 758 2238 prosunt.
788 2163 920 2219 Nam
961 2163 1232 2234 spiritales
1255 2202 1270 2228 ,
1312 2176 1437 2216 cum
1483 2160 1555 2215 sit
1586 2175 1680 2215 sus
1717 2159 2073 2229 voluptarius,

511 2261 734 2332 pedibus
775 2256 1122 2313 conculcabit
1162 2271 1179 2311 :
1220 2269 1250 2309 a
1282 2267 1538 2310 sensuum
1581 2262 1762 2307 autem
1801 2251 2077 2320 voluptate

509 2366 638 2406 caro
665 2349 783 2419 ejus
814 2349 880 2404 ad
925 2349 1248 2420 cupiditates
1267 2341 1717 2410 commovebitur,
1747 2351 1801 2398 et
1831 2343 1883 2396 in
1910 2342 2076 2396 Deum

512 2432 878 2511 blasphemias
907 2438 1154 2508 jactabit.
1187 2434 1412 2491 Etiamsi
1449 2449 1480 2489 e
1511 2448 1673 2488 servo
1698 2449 1869 2504 nuper
1907 2433 1980 2488 sit
2012 2431 2077 2486 li-

508 2533 774 2600 bertinus,
806 2533 878 2587 ita
903 2546 962 2586 se
985 2539 1155 2602 geret.

582 2627 630 2661 ’θ
658 2626 716 2682 Si
750 2627 840 2696 qui
877 2635 1026 2679 recte
1074 2621 1359 2694 gloriatur,
1406 2623 1457 2676 in
1498 2619 1729 2675 Domino
1771 2621 2073 2692 gloriatur;

512 2718 772 2774 Dominus
807 2725 984 2770 autem
1022 2725 1208 2770 noster
1234 2713 1500 2784 sapientia
1555 2723 1670 2779 est;
1720 2713 1965 2782 sequitur
2018 2723 2077 2767 ut

512 2813 605 2881 qui
655 2817 800 2864 recte
850 2806 1136 2879 gloriatur,
1190 2806 1244 2860 in
1298 2804 1566 2876 sapientia
1619 2805 1906 2875 glorietur.
1942 2804 2076 2860 Glo-

513 2905 674 2958 riatio
717 2903 883 2972 igitur
938 2897 1262 2968 longanimis
1309 2905 1366 2952 et
1415 2897 1816 2964 misericordis,
1854 2898 2077 2968 sapien-

515 2997 587 3050 tia
633 3006 719 3049 est
760 3003 815 3048 et
867 2991 1071 3060 agnitio
1118 2991 1231 3045 Dei.
1281 2988 1608 3059 Supervenit
1656 2998 1836 3044 autem
1885 3005 2078 3059 pecca-

513 3087 720 3141 toribus
775 3085 1085 3140 absterrens
1139 3096 1232 3137 eos
1284 3097 1314 3136 a
1366 3079 1553 3148 malo,
1609 3096 1751 3137 nunc
1797 3082 2016 3151 quidem
2058 3123 2074 3151 ,

2247 2051 2440 2124 Ούτεή
2476 2047 2614 2119 κατά
2660 2051 2838 2124 ψυχὴν
2887 2051 3096 2124 τρυφὴ,
3151 2052 3274 2106 οὔτε
3322 2054 3356 2124 ή
3397 2053 3538 2107 κατά
3586 2053 3757 2125 σῶμα

2179 2146 2443 2216 συμφέρει
2471 2145 2548 2216 τῷ
2584 2144 2809 2216 ἄφρονι·
2842 2144 2942 2215 τὴν
2967 2144 3067 2215 μὲν
3093 2144 3201 2216 γὰρ
3233 2146 3602 2216 καταπατήσει
3632 2150 3758 2212 τοῖς

2179 2237 2325 2300 ποσὶ,
2345 2239 2523 2307 χοῖρος
2557 2236 2835 2307 φιλήδονος
2861 2235 2936 2289 ὢν
2953 2253 2966 2266 ⁸
3003 2236 3109 2290 ύπὸ
3134 2236 3190 2289 δὲ
3214 2237 3312 2306 τῆς
3335 2237 3594 2308 αἰσθητῆς
3617 2256 3758 2309 τρυ-

2178 2329 2337 2399 φῆςή
2373 2328 2510 2399 σὰρξ
2538 2327 2701 2383 αὑτοῦ
2735 2327 2870 2399 πρὸς
2891 2327 3036 2398 πάθη
3070 2327 3446 2398 κινηθήσεται,
3473 2331 3573 2396 καὶ
3606 2330 3755 2383 κατὰ

2175 2419 2313 2474 Θεοῦ
2341 2419 2693 2491 βλασφημίας
2727 2418 2872 2490 ῥίψει
2895 2437 2906 2448 ·
2943 2420 2991 2472 εί
3021 2419 3114 2472 καὶ
3149 2419 3255 2472 ἀπὸ
3293 2418 3492 2472 δούλων
3528 2409 3752 2474 ἐλεύθε-

2181 2529 2292 2584 ρος,
2322 2512 2480 2565 τοῦτο
2512 2513 2636 2583 ποιή
2646 2529 2746 2565 σει.

2247 2606 2310 2658 Εἰ
2338 2607 2366 2658 6
2399 2605 2748 2675 καυχώμενος
2775 2603 2969 2676 ὀρθῶς,
3003 2605 3063 2657 ὲν
3091 2604 3278 2676 Κυρίῳ
3303 2606 3600 2676 καυχᾶται,
3631 2607 3661 2659 6
3691 2606 3755 2658 δὲ

2177 2697 2380 2771 Κύριος
2412 2697 2568 2768 ήμῶν
2602 2696 2760 2766 σοφία
2798 2697 2973 2760 ἐστὶν,
3010 2699 3038 2750 6
3079 2697 3426 2770 καυχώμενος
3457 2699 3656 2772 ὀρθῶς,
3692 2701 3757 2752 ὲν

2179 2789 2342 2860 σοφίᾳ
2374 2790 2670 2860 καυχᾶται·
2714 2789 2775 2843 τὺ
2808 2789 3068 2862 καύχημα
3110 2790 3286 2845 τοίνυν
3334 2790 3428 2844 τοῦ
3471 2792 3758 2864 μακροθύ-

2166 2898 2282 2954 νμου
2316 2881 2408 2935 καὶ
2432 2881 2719 2954 ἐλεήμονος
2741 2923 2757 2948 ,
2807 2881 2957 2935 ,ἐστιν
2983 2884 3017 2954 ή
3043 2883 3202 2951 σοφία
3229 2884 3323 2938 καὶ
3361 2886 3393 2956 ή
3426 2885 3623 2953 γνῶσις
3649 2885 3758 2954 αύ-

2169 2972 2270 3027 .τοῦ
2295 2991 2308 3004 ·
2343 2973 2630 3045 ἐπέρχεται
2665 2975 2722 3028 δὲ
2754 2977 2865 3038 τοῖς
2905 2976 3242 3049 παρανόμοις
3269 2977 3620 3043 ἀπαλλάττων
3647 2978 3757 3031 αὐ-

2177 3067 2302 3130 τοὺς
2333 3067 2552 3131 κακίας,
2580 3067 2672 3122 νῦν
2703 3067 2800 3139 μὲν
2833 3068 3214 3140 ἐνδεχομένως,
3247 3071 3304 3123 ὲν
3323 3070 3380 3124 δὲ
3406 3070 3482 3141 τῷ
3497 3071 3756 3143 μέλλοντι

512 3177 688 3248 quoad
723 3176 835 3231 neri
875 3183 1089 3246 potest;
1120 3172 1173 3231 in
1207 3171 1390 3228 futuro
1419 3181 1600 3228 autem
1633 3172 1854 3249 saeculo,
1880 3188 2072 3231 neces-

2188 3158 2334 3214 ιιίῶνι
2365 3159 2694 3233 ἀναγκαίως.

512 3284 676 3325 sano.

580 3363 627 3395 ἰ
657 3362 917 3418 Dominus
939 3368 1124 3416 noster
1149 3359 1286 3430 ignis
1324 3373 1651 3416 consumens
1679 3369 1785 3425 est.
1815 3373 1870 3418 et
1902 3363 2080 3420 iratus

511 3453 614 3510 leo.
669 3451 726 3507 In
765 3451 1138 3523 peccatoribus
1183 3449 1421 3506 amburit
1460 3452 1875 3521 consumitque,
1928 3463 1987 3508 ut
2011 3454 2076 3510 li-

511 3544 832 3615 gnaJenum
875 3552 968 3597 aut
1003 3540 1296 3612 stipulam,
1331 3542 1652 3607 militantem
1678 3543 1942 3600 adversus
1967 3546 2079 3615 spi-

512 3639 674 3696 ritum
713 3651 954 3692 carnem.
1001 3633 1120 3688 Lux
1160 3649 1288 3691 vero
1328 3644 1385 3690 et
1433 3649 1522 3690 ros
1563 3646 1710 3691 recte
1758 3637 2077 3712 agentibus,

510 3738 819 3786 monstrans
853 3728 962 3783 illis
988 3737 1230 3781 actarum
1274 3741 1456 3786 rerum
1492 3727 1755 3791 rationes,
1785 3737 1840 3781 et
1867 3729 2076 3790 exstin-

511 3835 680 3892 guens
715 3819 882 3889 ignita
913 3819 1016 3873 tela
1057 3819 1310 3889 maligni,
1345 3817 1785 3891 refrigeransque
1811 3821 1960 3887 illum
1983 3822 2078 3892 qui

512 3913 580 3968 ah
603 3910 811 3980 agendo
831 3910 1101 3980 contingit
1123 3911 1396 3970 ardorem.

579 4090 627 4124 ἰ
655 4089 923 4159 Impuram
957 4087 1194 4150 animam
1218 4096 1458 4160 scortum
1489 4089 1808 4165 appellavit;
1836 4099 1890 4146 et
1916 4090 2078 4162 hujus

510 4182 836 4246 mercedem,
867 4180 1006 4235 dixit
1031 4180 1272 4250 ejusdem
1304 4181 1692 4254 substantiam,
1733 4199 1798 4264 ex
1829 4200 1935 4259 qua
1968 4201 2075 4241 non

508 4288 658 4344 purae
695 4273 829 4328 ﬁunt
859 4271 1180 4327 oblationes.

583 4366 630 4399 ”
671 4366 878 4421 Docere
923 4364 1124 4430 liberos
1162 4363 1419 4436 virtutem
1449 4374 1507 4430 et
1541 4366 1789 4443 notitiam
1821 4368 1957 4438 Dei,
1983 4384 2079 4438 pa-

512 4467 724 4513 rentum
759 4455 994 4524 ollicium
1022 4464 1121 4533 est.
1158 4455 1265 4511 Sed
1304 4457 1623 4528 sapientiam
1656 4460 1838 4530 pueris
1865 4461 2072 4527 indere,

508 4552 723 4624 Domini
770 4561 871 4624 est.
919 4551 1054 4624 Nam
1092 4551 1374 4629 mulierem
1419 4549 1509 4626 hic
1545 4550 1676 4605 dicit
1721 4551 2066 4623 sapientiam.

505 4649 665 4710 Ama,
695 4643 895 4715 inquit,
923 4644 1268 4715 sapientiam,
1293 4652 1346 4698 et
1367 4641 1715 4698 conservabit
1748 4653 1834 4710 te;
1864 4645 2072 4716 honora

503 4750 652 4802 cam,
683 4745 741 4792 ut
762 4749 812 4791 te
842 4735 1252 4806 complectatur.

576 4921 624 4953 ”
668 4919 1255 4988 Prmeepta,qnatenus
1296 4927 1421 4972 sunt
1463 4932 1494 4970 a
1532 4916 1882 4988 prrecipiente
1922 4917 2067 4982 Deo,

507 5012 578 5065 ita
605 5009 948 5079 appellantur
978 5027 990 5062 :
1023 5017 1290 5077 quatenus
1307 5022 1435 5063 vero
1458 5008 1656 5074 mentis
1684 5008 1789 5062 iter
1805 5006 2068 5078 dirigunt,

507 5099 608 5152 via:
659 5101 930 5156 dicuntur.
984 5097 1087 5165 Qui
1135 5097 1225 5162 illa
1271 5097 1541 5162 custodit,
1593 5106 1777 5161 servat
1829 5099 2066 5156 animam

506 5205 660 5244 suam
692 5191 756 5245 de
787 5203 963 5246 morte
997 5191 1064 5245 ad
1098 5192 1266 5244 vitam
1297 5206 1313 5244 :
1344 5190 1434 5262 qui
1463 5191 1786 5256 contemnit,
1810 5201 2068 5252 eternam

507 5289 738 5336 mortem
771 5283 1033 5339 incurret.

576 5373 626 5406 "
659 5373 714 5427 In
757 5375 917 5430 rebus
949 5375 1170 5445 quidem
1216 5374 1564 5432 scnsihilibus
1606 5379 1678 5431 ita
1723 5375 1799 5430 lit.
1851 5376 2069 5443 Quanto

506 5465 586 5518 sol
627 5463 750 5518 luna
783 5467 1148 5533 praestantior,
1183 5475 1335 5522 tanto
1367 5477 1587 5535 prastat
1619 5468 1723 5536 ille
1769 5469 1861 5536 qui
1893 5471 2068 5522 virtu-

511 5558 655 5612 tibus
685 5557 876 5626 inopes
909 5559 1218 5628 miseratur,
1263 5576 1518 5617 recreans
1560 5577 1652 5616 eos
1691 5561 1976 5632 disciplina
2016 5570 2072 5615 et

508 5650 728 5707 monitis
767 5650 998 5730 Domini.
1032 5653 1237 5709 Donum
1272 5665 1450 5709 autem
1485 5655 1590 5712 Deo
1613 5655 1900 5721 oblatum,
1943 5654 2074 5708 dicit

579 5813 697 5866 "'v.
729 5816 782 5866 'i.
857 5815 902 5845 "
926 5827 975 5866 ν.
1014 5814 1099 5868 ll).
1178 5816 1234 5885 ,⁸⁸
1270 5833 1318 5871 v.
1359 5818 1441 5871 ll.
1520 5817 1558 5849 9'
1602 5834 1649 5872 ν.
1700 5818 1779 5870 12.

1872 5821 1912 5849 ⁹²
1953 5820 2112 5874 v.15.

2262 3338 2318 3390 '0
2350 3337 2552 3411 Κύριος
2585 3337 2739 3413 ήμῶν
2767 3338 2879 3412 πῦρ
2908 3340 3009 3411 μὲν
3048 3341 3438 3396 καταναλίσκον
3475 3344 3568 3398 καὶ⁸
3608 3343 3758 3397 λέων

2178 3429 2526 3502 ὀργιζόμενος
2545 3447 2560 3460 ⁸
2595 3433 2730 3500 πρὸς
2749 3430 2807 3484 δὲ
2837 3434 2961 3496 τοὺς
2999 3435 3408 3506 ἁμαρτάνοντας
3451 3438 3754 3491 κατακαῖον

2178 3525 2271 3577 καὶ
2300 3523 2607 3589 ἀναλίσκον,
2633 3523 2708 3588 ὼς
2748 3523 2876 3588 ξύλα
2905 3526 3112 3597 χόρτων
3142 3527 3392 3599 καλάμην
3410 3569 3425 3594 ,
3451 3529 3548 3600 τὴν
3581 3546 3754 3601 στρα-

2176 3616 2469 3687 τευομένην
2505 3616 2683 3692 σάρκα
2715 3618 2859 3692 κατά
2888 3618 2980 3672 τοῦ
3030 3619 3334 3691 πνεύματος
3355 3639 3367 3651 ’
3400 3621 3512 3690 φῶς
3552 3622 3609 3676 δὲ
3649 3623 3752 3677 καὶ

2175 3709 2363 3784 δρόσος
2395 3710 2531 3783 πρὸς
2551 3713 2676 3775 τοὺς
2707 3711 3104 3785 κατορθοῦντας
3125 3753 3138 3778 ,
3171 3714 3380 3778 δεικνὺς
3417 3717 3599 3781 αὐτοῖς
3636 3716 3751 3771 τῶν

2177 3803 2473 3872 γεγονότων
2504 3804 2626 3866 τοὺς
2652 3803 2873 3872 λόγους,
2912 3805 3006 3858 καὶ
3033 3807 3443 3874 ωτασσεννύων
3473 3809 3540 3863 τὰ
3573 3827 3754 3863 πεπυ-

2181 3897 2401 3971 ρωμένα
2433 3897 2561 3968 βέλη
2591 3897 2682 3950 τοῦ
2703 3897 2959 3970 πονηροῦ,
2991 3899 3081 3968 καὶ
3101 3900 3415 3972 περιψύχων
3442 3901 3533 3963 τὸν
3555 3903 3621 3954 ὲκ
3647 3902 3751 3972 τῆς

2178 3989 2428 4065 πράξεως
2463 3989 2822 4064 συμϐαίνοντα
2846 3991 3124 4046 καύσωνα.

2249 4085 2359 4157 Τὴν
2381 4083 2687 4157 ἀκάθαρτον
2703 4083 2898 4156 ψυχὴν,
2928 4085 3150 4159 ἑταίραν
3175 4086 3424 4157 ὠνόμασε
3441 4104 3455 4118 ⁸
3488 4087 3582 4142 καὶ
3611 4087 3750 4142 ταύ-

2176 4199 2276 4253 της
2308 4183 2366 4234 τὸ
2391 4181 2645 4252 μίσθωμα
2667 4220 2681 4244 ,
2716 4181 2813 4252 τὴν
2836 4181 3164 4236 κατάστασιν
3184 4182 3404 4254 εἴρηκεν
3434 4184 3623 4255 αὐτῆς,
3652 4186 3749 4256 ἀφ’

2174 4268 2242 4344 ἧς
2268 4273 2328 4325 ού
2350 4272 2586 4352 καθαραὶ
2607 4273 2849 4342 γίνονται
2879 4273 3197 4345 προσευχαί.

2249 4365 2322 4426 Τὸ
2351 4367 2449 4437 μὲν
2475 4367 2746 4428 διδάσκειν
2780 4368 2904 4438 τοὺς
2933 4369 3081 4431 υἱοὺς
3107 4368 3232 4439 περὶ
3263 4367 3464 4440 ἀρετῆς
3488 4369 3581 4422 καὶ
3605 4368 3750 4437 γνώ-

2180 4476 2316 4523 σεως
2348 4458 2441 4512 τοῦ
2487 4459 2657 4524 Θεοῦ,
2703 4461 2811 4514 τῶν
2861 4461 3109 4532 πατέρων
3148 4461 3327 4515 ἐστίν·
3359 4461 3420 4514 τὸ
3461 4462 3518 4515 δὲ
3553 4463 3749 4530 σοφίαν

2176 4549 2357 4605 δοῦναι
2385 4554 2497 4615 τοῖς
2527 4551 2702 4616 παισὶ,
2721 4550 2816 4605 τοῦ
2841 4553 3044 4624 Κυρίου
3079 4553 3193 4606 ἐστί
3212 4571 3225 4584 ο
3260 4557 3492 4622 γυναῖκα
3513 4553 3621 4626 γάρ
3653 4556 3745 4607 ὲν-

2175 4642 2349 4698 ταῦθα
2379 4643 2478 4715 τὴν
2508 4644 2696 4713 σοφίαν
2728 4644 2892 4713 λέγει·
2921 4645 3496 4718 ᾆράσθητιγὰρ,φησὶ,
3525 4648 3620 4720 τῆς
3653 4664 3748 4701 σο-

2179 4738 2302 4807 φίας
2322 4779 2334 4802 ,
2356 4741 2450 4793 καὶ
2492 4740 2718 4811 τηρήσει
2756 4759 2816 4796 σε
2838 4759 2852 4770 υ
2875 4741 3102 4811 τίμησόν
3140 4741 3307 4813 αὐτὴν
3327 4781 3342 4806 ,
3377 4742 3460 4796 ἵνα
3496 4759 3554 4795 σε
3583 4759 3747 4816 περι-

2178 4830 2336 4906 λάϐῃ.

2246 4925 2310 4978 Ai
2349 4923 2591 4991 ἐντολαὶ,
2641 4924 2716 4989 ὡς
2753 4925 2887 4995 πρὸς
2927 4925 3023 4996 μὲν
3066 4925 3157 4977 τὸν
3189 4926 3562 4996 ἐντειλάμενον
3589 4926 3744 4992 Θεδν,

2177 5014 2465 5068 καλοῦνται.
2488 5015 2696 5068 ἐντολαί
2717 5033 2728 5045 ·
2761 5015 2836 5078 ὡς
2863 5015 2918 5068 δὲ
2947 5016 3082 5088 πρὸς
3109 5015 3201 5068 τὸν
3233 5017 3482 5071 ὁδεύοντα
3510 5017 3634 5071 νοῦν
3684 5019 3744 5071 ἐν

2175 5110 2368 5171 αὑταῖς
2390 5149 2404 5172 ,
2433 5106 2723 5172 καλοῦνται
2752 5107 2861 5160 ὁδοί
2879 5125 2892 5138 ο
2930 5110 3025 5179 κα).
3056 5111 3086 5162 6
3117 5110 3216 5180 μὲν
3238 5109 3554 5179 φυλάσσων,
3589 5116 3747 5182 τηρεί

2177 5203 2242 5252 ἐκ
2276 5200 2505 5254 θανάτου
2537 5199 2672 5269 πρδς
2712 5197 2856 5269 ζωὴν
2899 5199 2998 5270 τὴν
3028 5201 3204 5272 ψυχὴν
3237 5202 3461 5255 ἑαυτοῦ·
3492 5207 3520 5255 6
3561 5203 3616 5255 δὲ
3645 5221 3746 5255 κα-

2178 5293 2479 5364 ταφρονῶν,
2506 5293 2598 5347 τὸν
2625 5291 2926 5361 ἀπέραντον
2957 5293 3184 5348 θάνατον
3215 5294 3475 5347 θανεῖται.

2261 5388 2382 5440 Ἐπὶ
2409 5386 2508 5457 μὲν
2527 5384 2634 5440 τῶν
2661 5384 2934 5456 αἰσθητῶν
2953 5385 3122 5450 οὕτως
3147 5386 3256 5456 ἔχει
3273 5404 3285 5416 ο
3312 5387 3434 5440 ὅσον
3457 5385 3512 5439 δὲ
3537 5387 3564 5437 ὁ
3595 5384 3742 5455 ἣλιος

2174 5479 2274 5548 τῆς
2308 5479 2536 5548 σελήνης
2585 5475 2889 5547 ὑπερφυὴς,
2941 5477 3189 5532 τοσοῦτον
3234 5477 3263 5528 ὁ
3318 5474 3482 5528 ἐλεῶν
3520 5476 3645 5536 τοὺς
3683 5476 3744 5527 ὲν

2177 5571 2418 5640 πτωχείᾳ
2450 5567 2658 5640 ἀρετῶν
2688 5566 2783 5621 καὶ
2810 5566 3190 5638 ἀνακτώμενος
3213 5568 3407 5630 αὐτοὺς
3440 5569 3498 5620 ὲν
3525 5567 3742 5638 παιδείᾳ

2179 5661 2269 5713 καὶ
2299 5659 2548 5737 νουθεσίᾳ
2573 5658 2777 5730 Κυρίου
2798 5676 2810 5688 ·
2847 5658 2985 5730 δόμα
3029 5659 3085 5711 δὲ
3116 5659 3312 5713 διδόναι
3345 5659 3423 5730 τῷ
3455 5658 3576 5731 Θεῷ
3595 5697 3612 5724 ,
3642 5658 3741 5723 τὴν

2191 5821 2233 5851 9³
2269 5836 2315 5874 v.
2350 5819 2429 5872 li.
2523 5818 2566 5850 ⁸³⁵
2606 5831 2651 5871 v.
2695 5818 2772 5873 ιϐ.
2862 5819 2906 5850 ’⁵
2944 5835 2990 5872 ι’.
3024 5817 3102 5870 ιτ.
