3942 6318
411 368 510 422 ειη

1305 375 1866 433 SUPPLEMENTUM
1909 376 2005 431 ΑΙ)-
2034 376 2357 434 ORIGENIS
2392 374 2805 437 EXEGETICA.

3543 389 3650 442 2V2.
3695 433 3700 436 .

409 499 590 554 ginem
638 495 693 540 et
730 487 1098 546 laudationem
1151 492 1419 562 relinquet
1463 498 1702 564 posteris
1748 497 1833 551 vir
1875 499 1975 551 im-

2092 498 2171 551 ιαὶ
2208 496 2555 569 μακαρισμὸν
2601 501 2910 570 καταλείῴει
2955 505 3065 569 τοῖς
3117 505 3404 575 μετέπειτα
3433 509 3461 560 6
3494 508 3653 578 ἄμωο

411 577 745 645 maCulatus,
779 589 833 635 et
882 583 948 636 ad
984 582 1209 651 justitiae
1249 585 1642 642 nutrimentum
1693 603 1868 658 usque
1920 590 1976 642 in

413 669 594 723 linem.

481 761 504 793 ⁸
549 761 684 817 Mori
725 763 864 818 dixit
905 771 959 818 et
1005 763 1133 819 alibi
1180 766 1527 824 maledicum.
1566 769 1674 825 Sed
1716 779 1775 827 et
1820 771 1978 827 Chri-

411 863 530 908 stus
559 873 572 908 :
599 854 702 920 Qui
729 855 979 912 Ecclesia:
1008 859 1316 923 maledicit,
1352 860 1649 928 priuabitur
1682 863 1788 931 ﬁde
1811 904 1825 925 .
1861 881 1978 930 qua:

410 944 505 999 lux
563 948 612 1000 ei
668 958 777 1002 erat
839 959 958 1002 ante
1017 952 1507 1008 obtrectationcm‘.
1561 953 1700 1008 Dicit
1765 954 1980 1010 fortas-

409 1050 469 1090 se
499 1039 664 1092 etiam
695 1039 760 1095 de
804 1042 1044 1097 tenebris
1089 1044 1496 1099 exterioribus:
1528 1044 1649 1100 ideo
1686 1057 1743 1101 et
1785 1047 1850 1101 de
1895 1047 1980 1100 fu-

409 1134 535 1181 turo
585 1129 804 1184 dicitur.
863 1130 928 1186 Et
971 1133 1088 1201 ipse
1133 1134 1424 1203 Christus,
1481 1145 1641 1203 pater
1691 1146 1978 1207 materque

409 1216 514 1272 dici
569 1229 748 1288 potest
805 1239 820 1276 :
870 1234 1025 1293 pater
1073 1227 1296 1294 quidem
1351 1228 1690 1286 habentium.
1722 1230 1975 1299 spiritum

407 1311 748 1380 adoptionis;
799 1323 973 1369 mater
1017 1316 1382 1387 indigentium
1422 1320 1565 1376 lacte
1597 1331 1653 1376 et
1695 1337 1800 1376 non
1850 1324 1980 1378 soli-

407 1401 561 1456 diore
592 1403 730 1458 cibo.
772 1402 1018 1476 Namque
1047 1418 1101 1463 et
1139 1410 1194 1464 in
1224 1409 1393 1466 Paulo
1434 1410 1662 1482 loquens
1690 1413 1935 1469 Christus
1958 1455 1973 1479 ,

406 1503 562 1574 pater
601 1496 958 1566 Ephesiorum
1001 1499 1203 1568 ﬂebat,
1229 1503 1509 1571 sapientia:
1557 1505 1693 1574 ipsis
1731 1507 1978 1562 revelans

408 1585 668 1654 mysteria
721 1603 736 1640 :
797 1596 977 1643 mater
1021 1605 1152 1647 vero
1200 1593 1603 1650 Corinthiorum
1652 1596 1848 1665 quibus
1894 1597 1979 1652 lac

405 1676 715 1744 praebebat.-

2083 600 2200 653 μος,
2226 585 2320 638 καὶ
2350 584 2690 657 δικαιοσύνην
2713 589 3020 661 ἀνατροφῆς
3052 592 3154 657 ἓως
3175 594 3382 659 τέλους.

2149 768 2415 840 Τελευτᾷν
2454 769 2561 842 γὰρ
2610 765 2760 825 εἶπεν
2793 771 3025 844 ἀλλαχοῦ
3069 775 3160 829 τὸν
3215 777 3652 844 κακολογοῦνταο

2078 858 2213 912 ἀλλὰ
2250 861 2344 913 καὶ
2375 861 2606 932 Χριστός
2624 880 2637 892 ·
2667 865 2774 916 Καὶ
2804 866 2839 917 ό
2872 865 2987 932 τὴν
3014 867 3374 935 Ἐκκλησίαν
3396 874 3653 926 κακολο-

2079 949 2232 1018 γῶν,
2265 952 2698 1020 στερηθήσετιιι
2730 956 2843 1025 τῆς
2883 958 3144 1027 πίστεως
3170 1005 3183 1022 ,
3230 960 3360 1028 ἥτις
3386 957 3464 1032 ἦν
3487 963 3662 1029 αὐτῷ

2079 1040 2204 1108 φῶς
2230 1043 2341 1110 πρὸ
2390 1042 2500 1112 τῆς
2539 1045 2824 1117 διαϐολῆς
2845 1066 2858 1079 ·
2895 1049 3039 1118 λέγει
3083 1051 3128 1104 δ’
3163 1051 3229 1106 ἂν
3273 1055 3365 1106 καὶ
3393 1055 3521 1126 περὶ
3551 1054 3652 1108 τοῦ

2080 1127 2342 1204 ἐξωτέρου
2393 1134 2614 1199 σκότους
2636 1153 2648 1166 ·
2681 1137 2760 1190 διὸ
2799 1140 2892 1192 καὶ
2945 1142 3036 1194 ἐπὶ
3072 1141 3358 1213 μέλλοντος
3395 1146 3652 1218 εἴρηται·

2079 1222 2171 1274 καὶ
2202 1223 2229 1276 6
2261 1225 2494 1295 Χριστὸς
2544 1226 2633 1293 δὲ,
2666 1230 2847 1302 πατὴρ
2889 1233 2982 1287 καὶ
3016 1235 3196 1306 μήτηρ
3245 1235 3463 1291 δύναται
3491 1238 3660 1306 λέγε-

2080 1311 2234 1364 σθαι·
2278 1314 2458 1386 πατὴρ
2502 1317 2599 1388 μὲν
2633 1319 2738 1372 τῶν
2789 1322 3020 1392 ἐχόντων
3073 1324 3290 1397 πνεῦμα
3335 1325 3611 1389 υἱοθεσίας
3637 1343 3650 1356 ·

2081 1407 2264 1479 μήτηρ
2295 1407 2352 1461 δὲ
2401 1408 2508 1461 τῶν
2552 1410 2820 1482 δεομένων
2866 1413 3131 1481 γάλακτος
3187 1417 3280 1470 καὶ
3318 1417 3378 1469 οὑ
3424 1420 3656 1490 στερεᾶς

2077 1501 2281 1570 τροφῆς
2303 1517 2316 1529 ’
2348 1501 2440 1553 καὶ
2470 1502 2578 1574 γὰρ
2615 1505 2709 1558 καὶ
2740 1506 2768 1557 ὁ
2822 1507 2880 1559 ἐν
2924 1505 3122 1578 Παύλῳ
3173 1507 3347 1562 λαλῶν
3393 1510 3658 1582 Χριστὸς,

2079 1591 2259 1664 πατὴρ
2301 1592 2398 1663 μὲν
2441 1594 2546 1648 τῶν
2595 1596 2856 1665 Ἐφεσίων
2913 1601 3160 1669 ἐγίνετο,
3230 1602 3418 1672 σοφίας
3463 1605 3659 1668 αὐτοῖς

2077 1681 2471 1738 ἀποκαλύπτων
2499 1689 2798 1759 μυστήρια’
2821 1692 2999 1764 μήτηρ
3028 1693 3138 1762 (10)
3165 1694 3482 1765 Κορινθίων,
3507 1695 3660 1764 γάλα.

2078 1769 2310 1836 ποτίζων
2342 1775 2556 1841 αὐτούς.

497 1858 516 1887 ⁷
579 1858 951 1928 Excogitatam
1003 1863 1158 1918 nobis
1213 1877 1244 1916 a
1302 1864 1534 1932 maligno
1587 1867 2006 1935 voluptate;u,1

2145 1865 2254 1937 Τὴν
2303 1867 2368 1920 ὲκ
2411 1867 2505 1922 τοῦ
2555 1871 2791 1943 πονηροῦ
2826 1875 3214 1946 ἐφευρεθεῖσαν
3264 1879 3392 1950 ἡμῖν
3433 1876 3665 1952 ἡδονὴν,

407 1963 568 2017 quam
624 1960 830 2018 partem
882 1953 934 2006 in
993 1954 1182 2021 primis
1231 1955 1512 2024 appellat,
1560 1957 1710 2012 brevi
1758 1959 1973 2028 quidem

409 2050 593 2108 guttur
623 2041 885 2112 inungere
922 2044 1125 2099 senties
1147 2083 1163 2111 ,
1192 2060 1316 2100 mox
1354 2057 1533 2102 tamen
1567 2046 1693 2104 felle
1735 2050 1976 2104 amario-

410 2141 545 2180 rem.

481 2215 502 2247 ³
536 2216 681 2273 Cave
709 2219 860 2276 dicas
892 2224 1140 2293 superbia
1169 2205 1506 2292 commotus,
1527 2231 1641 2298 Ego
1675 2231 1821 2286 solus
1854 2247 1996 2306 cum,

406 2306 657 2367 hostibus
687 2327 917 2383 pugnam
945 2331 1264 2386 conseram;
1295 2321 1388 2375 sed
1424 2322 1715 2377 Dominum
1741 2336 1972 2394 expecta

2076 1956 2144 2028 ῆν
2197 1958 2392 2032 μερίδα
2445 1961 2607 2031 φησιν
2637 1963 2693 2016 ἐν
2741 1962 3013 2034 πρώτοις,
3048 1967 3380 2041 πρόσκαιρον
3425 1970 3524 2040 μὲν
3565 1970 3657 2022 λι-

2078 2047 2256 2103 παίνει
2301 2050 2393 2104 σὺν
2459 2053 2712 2124 φάρυγγα
2749 2094 2766 2119 ,
2821 2054 3042 2127 ὕστερον
3091 2059 3278 2129 μέντοι
3324 2063 3659 2134 πικρότερον

2076 2139 2239 2209 χολῆς
2272 2141 2542 2213 εὑρήσεις.

2145 2233 2236 2304 Μὴ
2269 2235 2428 2308 εἴπῃς
2453 2235 2572 2288 καθ’
2601 2237 2978 2309 ὑπερηφανίαν
3007 2242 3325 2314 κινούμενος
3346 2263 3358 2274 ·
3399 2245 3511 2314 ἐγὼ
3545 2247 3656 2317 μό-

2076 2313 2164 2392 νος
2189 2331 2299 2394 τοίς
2323 2330 2535 2403 ἐχθροῖς
2563 2333 2856 2405 πολεμήσω
2873 2377 2886 2401 ,
2935 2335 3048 2389 ἀλλ’
3089 2313 3382 2408 ὑπόμεινον
3407 2313 3498 2396 τόν
3533 2313 3659 2396 Κύ-

408 2410 468 2455 et
494 2401 708 2472 invoca,
744 2416 802 2460 ut
837 2407 932 2462 tibi
966 2409 1280 2464 auxilietur.
1314 2411 1391 2466 Ne
1434 2412 1529 2467 tibi
1556 2415 1799 2470 confidas
1820 2416 1973 2485 quasi

2092 2438 2192 2490 οιον
2238 2401 2673 2490 καὶνὲπικαλοῦ,
2700 2401 2808 2480 *ἵνα
2873 2446 2953 2482 σοι
3004 2401 3278 2504 βοηθήσῃο
3323 2433 3404 2507 ,μὴ
3453 2435 3656 2507 θάρρει

409 2493 616 2562 absque
663 2497 892 2553 Domino
925 2499 1131 2567 aliquid
1161 2500 1376 2563 valeas;
1420 2503 1548 2572 quia
1597 2514 1792 2572 praeter
1826 2506 1975 2560 illum

2092 2512 2259 2583 ςαυτῷ
2288 2513 2364 2577 ὡς
2394 2517 2563 2587 χωρὶς
2604 2518 2808 2588 Κυρίου
2838 2493 3132 2592 δυνάμενός
3151 2493 3170 2553 ’-
3475 2493 3662 2600 χωρὶς

408 2599 518 2639 non
547 2597 629 2643 est
666 2591 980 2649 auxiliator.
1015 2592 1107 2646 Ait
1151 2593 1320 2648 David
1344 2595 1364 2626 ’
1396 2614 1409 2648 :
1441 2594 1561 2648 Non
1588 2598 1726 2651 enim
1763 2599 1820 2651 in
1847 2615 1978 2653 arcu

2092 2605 2241 2659 ιὺτοῦ
2274 2607 2374 2660 οὐκ
2404 2607 2517 2661 ἐστι
2550 2609 2760 2682 βοηθὸς,
2791 2611 2936 2682 λέγει
2966 2591 3128 2669 Δαυῒδ
3150 2632 3165 2648 ο
3191 2619 3274 2672 Οὐ
3431 2591 3530 2673 sit

405 2699 519 2735 meo
543 2681 780 2748 sperabo.

2092 2698 2230 2765 τόξῳ
2247 2717 2366 2768 μου
2389 2700 2594 2754 ἐλπιῶ.

481 2772 525 2803 ³⁸
557 2771 616 2825 lu
650 2772 810 2826 rebus
833 2771 1046 2840 quidem
1077 2772 1422 2829 sensibilibus
1444 2784 1701 2831 stateram
1726 2794 1974 2848 magnam

2160 2791 2282 2842 Ἐπὶ
2310 2790 2409 2860 μὲν
2431 2791 2536 2845 τῶν
2555 2793 2846 2867 αἰσθητῶν,
2876 2797 3135 2868 στάθμιον
3162 2799 3304 2869 μέγα
3329 2801 3422 2855 καὶ
3446 2802 3655 2874 μικρόν

409 2879 476 2918 ac
509 2878 733 2934 parvam
779 2879 900 2919 esse
941 2865 1192 2932 dicimus,
1227 2867 1277 2920 in
1317 2867 1513 2937 quibus
1539 2883 1753 2934 aurum,
1783 2886 1976 2940 argen-

2092 2898 2257 2951 φαμεν
2287 2877 2455 2947 εἶναι,
2495 2885 2552 2936 ὲν
2599 2879 2680 2949 οἷς
2705 2865 2938 2959 χρυσὸς,
2971 2865 3253 2962 ἄργυρος,
3274 2865 3502 2962 χαλκὸς,
3551 2865 3664 2964 pe,

411 2967 549 3020 tum,
577 2969 677 3023 aes,
709 2956 972 3023 sericum,
996 2967 1051 3011 et
1073 2957 1176 3011 alia
1209 2959 1411 3029 quaevis
1437 2961 1826 3030 ponderantur.
1859 2965 1978 3017 Alia

2092 2975 2214 3041 εαξα
2254 2977 2385 3048 (Η),
2413 2980 2506 3031 καὶ
2543 2981 2642 3034 ὅσα
2668 2956 2802 3034 ἄλλα
2837 2956 3219 3052 σταθμψίξονται
3239 3002 3251 3015 ·
3275 2956 3458 3057 μέτρα
3483 2956 3660 3041 δὲ’τᾰ

409 3062 542 3102 vero
587 3048 1049 3122 vasismetimur,
1095 3048 1422 3105 frmnentum
1449 3091 1465 3117 ,
1499 3053 1722 3120 vinum,
1767 3055 1975 3120 oleum,

2092 3069 2137 3144 ἓν
2171 3070 2412 3137 ἀγγείοις
2460 3071 2836 3143 μετρούμενα,
2875 3075 3018 3137 σῖτος
3039 3113 3054 3138 ,
3099 3071 3270 3140 οἶνος,
3301 3075 3506 3143 ἔλαιον,
3551 3078 3662 3130 καὶ

411 3140 702 3210 legumina.
733 3139 906 3195 Aliter
934 3155 1084 3207 vero,
1115 3144 1279 3197 etiam
1324 3144 1488 3199 homo
1520 3163 1678 3216 quem
1713 3149 1980 3218 appellant

2092 3139 2314 3234 Βσπριαο
2346 3139 2520 3228 ἄλλως
2553 3139 2612 3217 τε
2743 3165 2832 3218 τὸν
2860 3165 3010 3236 παρά
3039 3182 3147 3218 τισι
3185 3139 3524 3238 θρασύδειλον
3561 3167 3660 3221 λε-

413 3231 782 3302 θρασύδειλον,
818 3235 1076 3289 audacem
1131 3234 1288 3289 simul
1325 3246 1380 3292 et
1408 3239 1683 3308 timidum,
1718 3249 1975 3296 stateram
2005 3234 2006 3243 “

2092 3211 2281 3234 πη,ηῂ
2349 3211 2517 3228 ππ,
2565 3211 2611 3217 --
2659 3211 2709 3217 --
2755 3211 2825 3218 η,
2866 3211 3010 3236 .-ηπ
3050 3211 3146 3218 η--
3190 3211 3519 3238 ,ιη----ων
3563 3211 3621 3221 ..ν

2092 3255 2343 3326 γόμενον,
2393 3257 2535 3326 μέγα
2564 3257 2658 3310 καὶ
2690 3257 2880 3328 μικρὸν
2925 3252 3059 3311 εἶναι
3108 3258 3364 3330 στάθμιον
3408 3259 3654 3332 νομίζωο

413 3341 667 3396 magnam
690 3335 743 3381 et
775 3341 994 3400 parvam
1031 3336 1150 3383 esse
1185 3337 1336 3400 puto.
1361 3328 1590 3413 Omnino
1611 3333 1874 3402 quidquid
1899 3343 1982 3388 est

2092 3323 2310 3400 καθόλου
2363 3323 2421 3399 δέ
2467 3323 2645 3400 πᾶσαν
2691 3323 2995 3418 ὗπε-ρὸολὴν
3040 3347 3135 3399 καὶ
3179 3323 3438 3416 ἔλλειψιν⁸
3471 3323 3661 3402 ’τοῦτο

410 3416 812 3488 byperbolicum
843 3427 897 3472 et
934 3419 1309 3474 diminutivum
1334 3460 1350 3485 ,
1392 3433 1596 3477 Statera
1629 3439 1822 3494 magna
1859 3442 1982 3494 par-

2092 3437 2340 3507 στάθμιον
2366 3436 2506 3508 μέγα
2526 3436 2621 3490 καὶ
2647 3416 2836 3506 μικρόν
2855 3416 3001 3489 ἐστιν
3020 3454 3032 3467 ·
3057 3438 3289 3509 ἑκάτερα
3309 3438 3416 3510 γὰρ
3436 3439 3657 3503 κακίαι,

411 3524 587 3579 vaque
619 3518 722 3565 est.
752 3508 997 3580 Utraque
1037 3511 1180 3567 mala.
1203 3520 1319 3592 est,
1357 3527 1547 3582 nempe
1579 3530 1849 3572 mensurae
1881 3518 1983 3581 du-

2092 3528 2174 3581 καὶ
2207 3527 2379 3598 μέτρα
2434 3526 2620 3580 δισσά·
2648 3525 2820 3590 ἄλλως
2860 3544 2919 3579 τε
2962 3528 3054 3585 καὶ
3104 3530 3132 3582 6
3176 3508 3235 3583 εὖ
3285 3508 3397 3602 μὲν
3422 3532 3659 3602 πάσχειν

410 3603 602 3669 plices.
661 3602 834 3658 Aliter
874 3604 1144 3674 denique,
1183 3613 1236 3659 et
1277 3604 1368 3674 qui
1416 3603 1681 3663 beneﬁcio
1724 3608 1872 3663 afﬁci
1913 3610 1981 3664 ab

2092 3623 2169 3692 ὕφ’
2203 3623 2404 3694 ἐτέρων
2433 3621 2770 3693 βουλόμενος,
2798 3621 2958 3686 αὐτὸς
2984 3621 3040 3674 δὲ
3071 3623 3270 3693 ὁμοίως
3300 3623 3489 3689 ἄλλους
3515 3627 3657 3680 ἀνα-

413 3695 538 3750 aliis
569 3695 716 3766 vultl,
753 3712 852 3752 nec
893 3698 1007 3768 ipse
1042 3699 1282 3756 vicissim
1320 3698 1457 3756 alios
1486 3700 1650 3756 solari
1684 3701 1979 3768 deliberat,

2092 3713 2277 3767 παύειν
2328 3713 2402 3786 μὴ
2441 3711 2868 3785 προαιρούμενος
2894 3751 2908 3774 ,
2955 3711 3128 3782 μέτρα
3178 3711 3288 3782 ἔχει
3331 3713 3516 3768 δισσά·
3573 3715 3663 3787 μὴ.

415 3803 729 3844 mensuram
763 3789 929 3845 habet
970 3793 1237 3863 duplicem
1271 3814 1286 3850 :
1317 3813 1419 3854 nec
1465 3806 1736 3870 praecepto
1766 3796 1980 3852 obtem-

413 3891 570 3951 perat
605 3881 805 3937 dicenti
839 3899 854 3935 :
883 3883 1218 3955 Quaecunque
1262 3891 1418 3945 vultis
1470 3894 1611 3947 vobis
1649 3893 1765 3962 ﬁeri
1793 3892 1856 3946 ab
1888 3895 1981 3946 lto-

2082 3805 2406 3876 πειθόμενος
2431 3808 2504 3878 τῇ
2523 3804 2709 3876 ἐντολῇ
2732 3806 2797 3875 τῇ
2835 3802 3068 3876 λεγούσῃ
3103 3821 3119 3836 ο
3144 3804 3348 3859 Πάντα
3394 3805 3511 3860 ὅσα
3554 3808 3656 3860 θέ-

2081 3899 2219 3950 λετε
2257 3897 2357 3950 ἵνα
2381 3895 2630 3950 ποιῶσιν
2658 3895 2806 3965 ὑμῖν
2863 3898 2917 3950 οὶ
2964 3894 3298 3964 ἄνθρωποι,
3344 3899 3439 3952 καὶ
3482 3899 3658 3969 ὑμεῖς

411 3973 660 4038 minibus,
696 3973 806 4026 haec
837 3992 925 4029 vos
955 3978 1197 4033 similiter
1234 3981 1340 4034 illis
1372 3981 1530 4051 facile
1553 3986 1615 4038 “.

485 4063 530 4093 “
574 4063 921 4134 Nequaquam
967 4078 1051 4122 est
1079 4084 1214 4138 opus
1259 4070 1470 4127 Domini
1517 4075 1665 4131 auris
1706 4075 1846 4132 male
1883 4093 1981 4130 au-

413 4155 568 4211 diens
592 4196 607 4221 ,
639 4159 732 4213 sed
777 4158 868 4214 illa
905 4175 1024 4228 qua:
1054 4161 1228 4216 bonas
1271 4179 1359 4218 res
1401 4169 1689 4224 auscultat.
1720 4169 1854 4225 Item
1884 4189 1982 4228 ne-

414 4265 690 4330 quaquam
731 4251 868 4307 male
909 4254 1098 4307 videns
1142 4254 1372 4320 oculus,
1418 4271 1555 4327 opus
1603 4260 1810 4316 Domini
1857 4275 1978 4328 est,

412 4346 506 4398 sed
568 4345 658 4411 qui
711 4343 858 4398 νεύει
913 4354 968 4399 ει
1030 4345 1132 4399 sibi
1187 4359 1540 4418 repraesentat
1591 4367 1680 4406 res
1731 4353 1976 4409 divinas.

2083 3988 2295 4056 ὁμοίως
2323 3989 2540 4041 ποιεῖτε
2566 3987 2786 4054 αὐτοῖς.

2153 4078 2287 4148 Οὐχὶ
2317 4079 2378 4132 τὸ
2402 4080 2585 4144 κακῶς
2614 4082 2810 4136 ἀκοῦον
2833 4078 2945 4150 οὖς,
2975 4084 3133 4155 ἔργον
3163 4084 3280 4137 ἐστὶ
3303 4081 3397 4136 τοῦ
3419 4082 3650 4154 Κυρίου,

2083 4165 2218 4220 ἀλλὰ
2243 4166 2302 4220 τὸ
2337 4168 2430 4221 ἐπὶ
2457 4169 2642 4234 καλοῖς
2665 4173 2931 4244 προσέχον
2953 4189 2968 4204 ο
3003 4174 3097 4228 καὶ
3133 4174 3254 4243 οὐχὶ
3292 4171 3470 4235 κακῶς
3507 4171 3653 4240 ὀρῶν

2081 4255 2387 4328 ὀφθαλμὸς,
2421 4259 2578 4330 ἔργον
2626 4261 2744 4314 ἐστὶ
2770 4262 2863 4315 τοῦ
2898 4264 3132 4334 Κυρίου,
3165 4263 3276 4317 ἀλλ’
3319 4263 3348 4315 6
3377 4260 3520 4332 ὁρῶν
3555 4261 3656 4314 καὶ

2084 4348 2482 4421 φανταζόμενος
2509 4351 2576 4406 τὰ
2601 4351 2717 4407 θεῖα
2735 4371 2747 4383 ·
2778 4356 2806 4406 6
2830 4355 2936 4426 γὰρ
2957 4354 3165 4409 ἀκούων
3187 4354 3282 4407 τοῦ
3305 4353 3530 4424 Κυρίου,
3555 4352 3654 4405 καὶ
3687 4408 3696 4416 ,

410 4433 547 4488 Nam
604 4450 725 4504 qua;
779 4436 929 4490 auris
980 4437 1262 4492 Dominum
1311 4443 1504 4509 audit,
1554 4453 1610 4498 et
1656 4445 1747 4513 qui
1796 4446 1982 4501 oculus

2092 4441 2293 4510 βλέπων
2321 4442 2419 4506 τὰς
2453 4444 2668 4508 ἐντολὰς
2699 4446 2862 4499 αὐτοῦ
2883 4486 2898 4511 ,
2933 4445 3090 4519 ἔργον
3136 4447 3252 4500 ἐστὶ
3282 4445 3374 4499 τοῦ
3404 4444 3611 4514 Κυρίου
3629 4457 3652 4475 ⁸

411 4532 620 4591 spectat
669 4525 921 4580 mandata
969 4527 1084 4596 ejus
1121 4565 1136 4590 ,
1185 4529 1300 4583 haec
1348 4544 1511 4599 opera
1561 4531 1773 4587 Domini
1826 4546 1977 4590 sunt.

2092 4535 2177 4586 καὶ
2216 4535 2306 4588 ἐπὶ
2357 4534 2466 4588 τῶν
2509 4535 2682 4590 ἄλλων
2727 4536 2904 4607 μερῶν
2951 4537 3044 4590 τοῦ
3099 4535 3347 4607 σώματος
3390 4534 3651 4598 ὡσαύτως

409 4615 480 4671 Ει
523 4619 588 4671 de
637 4619 850 4672 caneris
898 4620 1143 4688 corporis
1187 4621 1434 4690 partibus
1479 4623 1732 4679 similiter
1766 4635 1851 4681 est
1897 4629 1979 4682 di-

407 4711 662 4767 cendum.
696 4708 810 4766 Hoc
845 4720 1028 4765 autem
1073 4711 1242 4766 uteris
1281 4712 1430 4768 dicto
1468 4715 1728 4771 adversus
1763 4731 1857 4773 eos
1885 4723 1978 4789 qui

410 4813 656 4858 nostrum
712 4803 825 4858 boc-
868 4819 1066 4874 corpus
1121 4805 1477 4873 vituperant,
1523 4815 1579 4862 et
1623 4807 1734 4864 Deo
1779 4813 1976 4879 convi-

408 4896 641 4951 cientur.

482 4986 525 5016 "
547 4985 601 5040 Id
631 4994 804 5048 cst,ne
834 4985 921 5039 diu
950 4983 1207 5053 dormias,
1237 4986 1333 5040 sed
1364 4997 1481 5042 esto
1529 4989 1786 5059 vigilans.
1815 4989 1892 5046 Ne
1921 4993 1972 5046 in

409 5073 682 5128 infernum
711 5075 1037 5146 projiciaris,
1076 5077 1188 5133 noli
1233 5079 1530 5134 obtrectari
1565 5101 1580 5138 :
1609 5094 1665 5137 et
1690 5099 1785 5152 per
1810 5085 1978 5138 virtu-

412 5176 492 5220 tes
520 5168 668 5235 aperi
713 5170 902 5224 oculos
950 5169 1145 5225 animat
1190 5179 1314 5224 tuae.
1346 5171 1592 5243 Denique
1634 5189 1730 5244 per
1757 5176 1976 5245 sapien-

415 5253 552 5306 tiam
584 5253 1037 5312 intellectualibus
1061 5268 1311 5314 saturare
1339 5262 1591 5332 panibus.

481 5431 531 5467 ιδ
555 5433 856 5489 Alteruatio
887 5435 1028 5492 inter
1056 5435 1269 5492 Domini
1298 5449 1354 5491 et
1387 5438 1584 5494 diaboli
1623 5456 1810 5513 Opera,
1844 5445 1975 5499 abo-

478 5550 499 5582 ⁸
533 5567 582 5604 v.
612 5551 703 5606 ‘20.
756 5553 801 5623 7°
827 5553 1015 5609 Matth.
1040 5570 1190 5623 xvm,
1223 5557 1309 5611 17.
1403 5558 1421 5588 ⁷
1456 5573 1507 5612 ν.
1533 5557 1621 5613 Si.
1709 5561 1732 5593 ⁸
1761 5577 1811 5618 v.
1835 5562 1921 5615 εἰ.

408 5620 652 5676 “v.13.
731 5622 851 5677 ³⁸ν.
881 5624 966 5678 25.
1014 5679 1025 5704 ,

479 5736 591 5806 (10)
626 5737 967 5793 Desideratur
985 5739 1071 5793 δέ.
1104 5740 1261 5796 Eutr.
1303 5739 1464 5794 Pun.

2027 5566 2047 5596 ’
2077 5565 2167 5620 Ps.
2203 5583 2352 5633 mn,
2393 5566 2445 5624 7.
2539 5567 2581 5598 ¹⁰
2613 5582 2660 5620 v.
2693 5566 2778 5620 10.
2869 5567 2910 5597 “
2941 5565 3067 5620 Luc.
3107 5580 3179 5628 vt,
3203 5563 3292 5616 51.

2082 4626 2300 4680 λεκτέον
2321 4645 2333 4658 ο
2365 4630 2544 4702 χρήσῃ
2575 4629 2631 4682 δὲ
2663 4629 2741 4700 τῷ
2771 4629 2917 4701 ῥητῷ
2949 4629 3120 4700 τούτῳ
3155 4629 3290 4702 πρὸς
3333 4630 3455 4692 τοὺς
3486 4643 3654 4698 κατη-

2082 4717 2582 4788 γοροῦνταςήμῶν
2632 4719 2790 4772 τοῦτο
2814 4720 2873 4774 τὸ
2909 4719 3092 4790 σῶμα,
3141 4719 3235 4772 καὶ
3271 4719 3360 4773 τὸν
3389 4717 3519 4772 Θεὸν
3563 4719 3655 4773 ἐν·

2084 4804 2418 4878 υὸρίζοντας.

2152 4983 2411 5037 Τουτέστι
2468 4986 2540 5057 μὴ
2585 4985 2807 5040 κάθευδε
2834 4985 3034 5050 πολλὰ,
3066 4985 3178 5039 ἀλλ’
3206 4987 3481 5058 ἄγρυπνος
3520 4983 3614 5038 ἔσο
3633 5001 3648 5014 ·

2083 5078 2168 5151 ἵνα
2200 5078 2272 5148 μὴ
2299 5077 2532 5150 ὲξαρθῇς
2563 5081 2640 5141 εἰς
2668 5078 2768 5149 τὴν
2801 5079 3018 5154 γέενναν
3037 5119 3052 5142 ,
3102 5079 3176 5151 μὴ
3203 5077 3488 5152 κατναλάλει
3508 5094 3521 5106 °
3552 5077 3652 5132 καὶ

2080 5147 2168 5221 διὰ
2213 5147 2310 5239 μέν
2357 5147 2750 5240 τῶν-ἀρετῶν,
2781 5150 2981 5237 ἄνοιγε
3014 5147 3140 5231 τοὺς
3165 5147 3491 5239 ⁷ὀφθαλμοὺς
3546 5167 3652 5239 τῆς

2079 5260 2256 5330 ψυχῆς
2287 5279 2380 5314 σου
2402 5279 2415 5290 ’
2447 5261 2532 5314 διὰ
2556 5262 2613 5314 δὲ
2647 5261 2746 5331 τῆς
2796 5261 3017 5332 σοφίας,
3063 5262 3266 5332 νοητῶν
3306 5259 3654 5333 ἐμπλήσθητε.

2079 5356 2280 5426 ἄρτων.

2155 5445 2227 5498 T6
2257 5445 2534 5517 σταθμιεῖν
2578 5447 2765 5502 ἑαυτόν
2806 5465 2890 5511 τις
2921 5449 3013 5500 ἐπὶ
3052 5449 3160 5511 τοῖς
3194 5445 3288 5498 τοῦ
3323 5440 3658 5513 Κυρίου-καὶ

3401 5562 3443 5592 ⁸³
3470 5575 3522 5614 v.
3560 5559 3653 5616 12.

477 5805 589 5880 tit)
636 5808 889 5863 Notemus
923 5808 1127 5880 μέταξα
1163 5812 1300 5883 apud
1334 5814 1643 5882 Origenem,
1689 5813 1830 5883 quod
1868 5811 2142 5871 immerito
2164 5811 2428 5898 ’tionnulli
2461 5810 2773 5869 vocabulum
2799 5809 3138 5868 barbaricum
3175 5805 3580 5864 existimarunt.
