3942 6318
155 401 247 456 115

1308 391 1670 449 EXPOSITlO
1707 392 1771 443 IN
1812 383 2224 443 PROVERBIA.

3273 372 3403 428 211·

148 516 229 570 τοῦ
247 514 506 571 διαϐόλου
534 517 717 591 ἔργοις
737 558 750 579 ,
791 515 1060 586 βδέλυγμα
1094 516 1284 586 Κυρίῳ
1303 533 1315 544 ·
1366 513 1527 582 ζυγὸν
1556 513 1614 565 δὲ
1638 512 1720 564 δό-

1834 507 2050 564 minatio
2083 502 2331 559 Domino.
2362 499 2608 553 Dolosam
2642 505 2899 552 stateram
2933 494 3061 548 dicit
3107 502 3373 554 mentem,
3478 488 3481 492 ⁴

146 607 243 659 λιον
268 607 423 675 λέγει
459 611 559 663 τὸν
585 609 739 673 νοῦν,
776 607 863 660 τὸν
892 606 1169 675 πεφυκότα
1208 607 1304 676 μὲν
1347 605 1567 667 δικαίως
1595 602 1718 673 κρί-

143 718 239 755 νειν
257 700 328 754 τὰ
359 700 697 772 πράγματα,
726 698 1147 770 παρεκκλίνοντα
1167 698 1223 750 δὲ
1244 699 1309 767 τῇ
1342 695 1437 750 τοῦ
1466 695 1719 762 αὐτεξου-

141 796 243 850 σίω
272 796 420 864 ῥοπῇ
446 795 546 849 διὰ
583 794 767 863 φίλους
797 792 830 862 ἢ
857 793 1135 863 χρήματα.

194 885 284 956 Μὴ
316 885 572 955 ταχέως,
616 885 776 955 φησιν
800 926 813 948 ,
838 884 931 936 ἐπὶ
968 883 1069 953 τὴν
1103 880 1428 949 ἐπαγγελίαν
1462 881 1599 951 πρὸς
1626 878 1717 932 τὸν

134 974 475 1039 Θεὸνκινοῦ,
515 976 609 1029 ἵνα
656 975 731 1045 μὴ
774 974 875 1043 τῆς
904 972 1094 1043 χρείας
1138 988 1197 1023 σε
1226 970 1499 1035 πολλάκις,
1546 970 1579 1040 ἢ
1616 969 1714 1040 τῆς

130 1063 213 1117 τοῦ
239 1062 501 1129 πλείονος
530 1064 825 1135 ὲπιθυμίας
846 1062 1092 1133 ἐλοῦσης,
1133 1060 1273 1134 ἄρξῃ
1300 1064 1595 1131 μετανοεῖν,
1624 1062 1714 1114 καὶ

131 1155 353 1227 ὑϐρίσῃς
378 1157 548 1221 Θεὸν,
586 1157 927 1228 προτιμήσας
959 1153 1125 1207 αὐτοῦ
1148 1153 1330 1225 ἕτερον
1356 1171 1367 1184 ·
1410 1155 1442 1225 ἡ
1484 1153 1575 1206 ἐπὶ
1602 1156 1714 1216 τοῖς

127 1233 346 1315 ἀγαθοῖς
403 1248 469 1302 δὲ
530 1250 809 1320 μετάνοια,
858 1247 920 1298 οὐ
964 1244 1197 1308 δικαίοις
1232 1245 1549 1315 συμϐαίνει,
1580 1244 1713 1299 ἀλλά

128 1338 324 1402 ἀδίκοις
351 1356 367 1369 °
401 1340 592 1394 ἄδικοι
622 1340 681 1393 δὲ
721 1338 883 1409 μηδὲν
916 1337 1329 1408 ἀπερισκέπτως
1359 1336 1711 1405 ὐπισχνείτω-

126 1448 215 1483 σαν
244 1430 327 1502 τῷ
361 1431 496 1504 Θεῷ
518 1450 531 1465 ·
569 1431 704 1503 μετά
736 1432 844 1501 γὰρ
872 1430 933 1483 τὸ
966 1427 1241 1494 εὔξασθαι,
1275 1429 1549 1498 μετανοεῖν
1572 1428 1715 1495 γίνε-

121 1520 392 1575 ται.-Τὸ
416 1525 563 1594 ταχὺ
592 1522 951 1588 συντάξασθαι
974 1520 1053 1591 τῷ
1090 1520 1278 1590 Κυρίῳ
1298 1560 1312 1583 ,
1348 1519 1483 1589 ὅπερ
1510 1519 1626 1570 ἐστὶ
1653 1520 1714 1572 τὸ

119 1611 350 1677 ἁγιάσαι
384 1630 449 1666 τι
481 1614 591 1667 τῶν
622 1612 785 1667 αὑτοῦ
806 1654 820 1678 ,
848 1614 941 1666 καὶ
982 1613 1075 1664 ἐπὶ
1115 1610 1287 1680 τούτῳ
1326 1609 1515 1662 θᾶττον
1556 1627 1715 1680 μετα-

122 1704 479 1777 μεληθῆναι,
512 1707 676 1774 παγίς
709 1703 928 1774 ἐστιτῷ
964 1703 1135 1774 ἀνδρί.

182 1798 518 1870 Λικμήτωρ
572 1796 778 1851 ἀσεϐῶν
806 1798 834 1849 6
866 1795 1097 1866 Χριστός
1145 1795 1320 1847 ἐστιν’
1371 1794 1618 1849 ὲπιϐαλεῖ
1659 1796 1715 1847 δὲ

1820 610 1939 667 quae
1982 610 2103 651 cum
2145 601 2337 647 natura
2369 596 2675 657 comparata
2720 586 2791 639 sit
2829 584 2897 639 ad
2943 593 3091 638 recte
3121 583 3186 637 de
3216 583 3377 636 rebus

1811 685 2179 756 iudicandum,
2213 682 2454 738 declinat
2481 688 2662 734 tamen
2697 676 2849 731 liberi
2879 674 3088 729 arbitrii
3115 672 3374 742 pondere,

1818 788 2036 849 propter
2061 774 2370 830 aﬂ‘ectiones
2408 780 2503 826 aut
2535 770 2838 839 pecuniam.
2898 832 2901 835 _

1892 872 1938 904 ³⁸
1975 868 2051 924 Ne
2092 867 2350 928 festines,
2400 863 2614 932 inquit,
2665 858 2977 930 promittere
3011 857 3272 923 Domino;
3310 872 3381 910 ne

1817 965 1960 1020 forte
1999 971 2048 1016 te
2076 976 2171 1015 usu
2204 972 2383 1013 rerum
2417 956 2595 1026 aliquo
2615 995 2631 1020 ,
2679 965 2737 1009 ut
2766 954 2857 1019 fit,
2886 952 2967 1007 vel
2996 951 3198 1019 majore
3225 951 3377 1019 cupi-

1814 1057 1981 1111 ditate
2013 1049 2557 1119 trabente,pmnitere
2586 1047 2820 1116 incipias
2839 1086 2854 1110 ,
2882 1045 3095 1112 Deoque
3128 1043 3382 1110 injurianr

1813 1146 2009 1208 facias,
2044 1142 2262 1213 praelato
2296 1140 2423 1195 alio.
2453 1138 2717 1194 Caeterum
2760 1137 2919 1193 bonis
2944 1135 3078 1190 viris
3118 1134 3381 1204 paeniten-

1817 1239 1887 1293 tia
1920 1253 2021 1290 non
2052 1233 2266 1297 accidit,
2298 1231 2390 1287 sed
2423 1231 2602 1301 potius
2632 1245 2736 1284 non
2759 1226 3164 1296 justis.lnjusti
3202 1225 3380 1293 itaque

1812 1336 2034 1382 caveant
2076 1340 2142 1379 ne
2197 1322 2325 1393 quid
2378 1320 2778 1376 inconsiderate
2837 1317 3189 1387 promittant;
3258 1328 3395 1367 nam-

1814 1428 1995 1473 votum
2022 1416 2336 1488 paenitentia
2355 1412 2723 1481 subsequitur.
2740 1407 3010 1463 -—Subito
3042 1419 3238 1461 vovere
3250 1405 3379 1467 Deo,

1816 1511 1868 1565 id
1894 1517 1979 1565 est
2007 1509 2053 1563 ei
2078 1506 2277 1576 aliquid
2310 1520 2527 1561 suorum
2561 1516 2911 1566 consecrare,
2943 1508 3000 1554 et
3034 1514 3157 1554 mox
3194 1496 3389 1551 celeria.

1818 1612 1900 1658 ter
1924 1601 1998 1656 rei
2022 1601 2283 1671 pmnitere
2305 1639 2320 1665 ,
2348 1599 2571 1669 laqueus
2605 1596 2720 1650 viro
2745 1594 2824 1649 fit.

1888 1775 2189 1831 Ventilator
2224 1774 2510 1843 impiorum
2543 1770 2794 1826 Christus
2828 1779 2951 1834 est;
2985 1766 3141 1838 isque
3181 1764 3389 1834 impios

114 1884 225 1945 τοῖς
261 1858 544 1937 ἀσεϐέσιν
579 1884 766 1955 ὥσπερ
786 1858 929 1935 λέων
959 1882 1125 1953 θήρας
1146 1898 1159 1913 ·
1193 1883 1384 1954 τροχὸς
1415 1883 1493 1948 δὲ,
1520 1884 1720 1947 ἅλωνος

1834 1867 2147 1936 insequitur,
2175 1874 2233 1920 ut
2270 1865 2354 1920 leo
2387 1865 2552 1917 feras.
2578 1862 2714 1916 Rota
2762 1861 2814 1915 in
2846 1877 2971 1918 area
3014 1859 3196 1929 paleas
3221 1873 3250 1910 a
3283 1858 3381 1910 tri-

111 1971 394 2043 χωρίζων
422 1974 494 2027 τά
524 1974 702 2043 ἄχυρα
727 1954 834 2026 ἀπὸ
859 1971 952 2025 τοῦ
977 1972 1122 2025 σίτου
1146 1990 1158 2002 ο
1196 1974 1229 2046 ἢ
1266 1973 1455 2044 τροχὸν
1478 1974 1720 2027 ὲπιϐαλεῖ

1834 1962 1932 2016 tico
1961 1974 2270 2015 secernens.
2302 1956 2400 2011 Vel
2445 1967 2615 2011 rotam
2656 1955 2929 2020 immittet,
2961 1954 3014 2009 id
3046 1962 3127 2008 est
3159 1966 3380 2022 ,pmuam

108 2063 211 2133 τὴν
245 2063 638 2116 ἀναπόδιστον
661 2063 951 2133 τιμωρίαν.

182 2155 461 2225 Ταμιεῖα
494 2154 698 2216 κοιλίας
728 2155 872 2207 ἐστὶν
899 2156 926 2208 ὀ
951 2153 1091 2220 νοῦς,
1118 2157 1150 2226 ἡ
1177 2157 1391 2228 καρδία,
1408 2158 1504 2210 καὶ
1534 2159 1565 2227 ἡ
1588 2157 1727 2226 γνῶ-

106 2263 237 2310 οις,
274 2246 423 2299 ¹ένθα
448 2247 624 2300 πάντα
649 2246 713 2299 τὰ
746 2246 864 2300 θεῖά
894 2264 951 2298 τε
983 2247 1074 2300 καὶ
1116 2248 1287 2319 ἀσεϐῆ
1321 2249 1723 2302 ὲναποτίθενται

105 2336 461 2407 διδάγματα
483 2355 497 2368 ο
528 2336 712 2409 ὥσπερ
753 2338 808 2391 δέ
838 2356 922 2401 τις
950 2337 1139 2408 λύχνον
1165 2339 1327 2409 ἅψας,
1376 2340 1484 2394 τῶν
1521 2342 1580 2392 ὲν
1612 2342 1723 2404 τοῖς

112 2428 422 2498 ταμιείοις
454 2429 715 2499 κειμένων
740 2431 921 2500 εὑρεῖν
953 2446 1004 2482 τι
1054 2429 1322 2499 βούλεται,
1356 2430 1526 2495 οὕτως
1548 2432 1575 2482 6
1612 2431 1724 2485 Κύ-

124 2538 248 2591 ριος
278 2520 371 2591 τῷ
399 2522 537 2590 φωτὶ
566 2522 665 2591 τῆς
699 2520 951 2589 γνώσεως
975 2522 1139 2575 αὑτοῦ
1174 2524 1369 2599 ἐρευνᾷ
1409 2523 1476 2577 τά
1503 2528 1724 2595 ταμιεῖα

123 2614 241 2666 τῶν
273 2615 344 2667 ὲν
378 2613 556 2683 λόγοις
585 2616 677 2668 καὶ
713 2614 973 2687 πράξεσιν
1011 2614 1339 2686 ἀνθρώπων·
1368 2618 1482 2680 τοῖς
1524 2617 1580 2670 δὲ
1624 2619 1721 2690 τὴν

128 2704 348 2772 γνῶσιν
400 2704 494 2758 τοῦ
560 2705 764 2776 Κυρίου
811 2706 1192 2777 ἐπισταμένοις
1239 2705 1563 2777 ἀνθρώποις,
1609 2708 1722 2776 φῶς

130 2800 283 2853 ἔστιν
315 2802 505 2864 αὐτοῖς
528 2818 539 2830 ·
590 2803 638 2854 εἰ
685 2797 777 2854 οὖν
806 2801 869 2854 τὸ
914 2801 1029 2870 φῶς
1055 2800 1149 2855 τοῦ
1183 2800 1409 2872 Κυρίου,
1524 2801 1722 2869 γνῶσις

128 2892 225 2946 τοῦ
256 2894 482 2964 Κυρίου
511 2894 645 2957 ἐστὶ,
676 2894 737 2947 τὸ
762 2894 818 2946 δὲ
846 2893 961 2964 φῶς
994 2892 1087 2947 τοῦ
1137 2894 1342 2966 Κυρίου
1385 2895 1418 2964 ἡ
1448 2893 1584 2964 πνοὴ
1616 2893 1723 2946 τῶν

132 2985 478 3055 ἀνθρώπων,
513 2984 620 3056 ἄρα
667 2986 700 3055 ἡ
744 2986 943 3053 γνῶσις
974 2984 1068 3039 τοῦ
1100 2986 1303 3056 Κυρίου
1327 2986 1462 3056 πνοὴ
1499 2984 1605 3038 τῶν
1633 2986 1724 3038 ἀν-

134 3076 388 3147 θρώπων
414 3078 528 3130 ἐστί
548 3095 562 3108 ο
618 3078 709 3131 τὸν
738 3079 794 3132 δὲ
824 3080 880 3132 ὲν
908 3078 1100 3149 ἀγνοίᾳ
1128 3077 1368 3131 διάϐολον
1398 3078 1607 3147 φαίνειν
1637 3076 1723 3130 δο-

140 3169 377 3234 κοῦντα,
408 3168 597 3240 λύχνον
643 3170 923 3241 ὠνόμασεν
963 3168 1289 3223 ὲκκενοῦντα
1338 3168 1431 3223 τὸν
1469 3168 1590 3221 νοῦν
1618 3168 1724 3221 τῶν
1752 3201 1794 3259 c

141 3260 373 3327 ἀγαθῶν
402 3260 676 3329 γνώσεων,
707 3261 800 3313 καὶ
829 3258 1429 3330 μετασχηματιζόμενον
1462 3262 1540 3323 είς
1561 3259 1721 3328 ἀγγε-

143 3351 229 3403 λον
260 3351 450 3420 φωτός
470 3368 483 3381 ·
523 3353 646 3404 ἐπεὶ
666 3351 723 3404 δὲ
757 3351 817 3403 τὸ
853 3350 967 3420 φῶς
991 3349 1083 3403 τοῦ
1115 3349 1340 3420 Κυρίου,
1371 3349 1468 3418 οὐχ
1511 3348 1722 3418 εἵλαντο

146 3445 356 3511 γνῶναι
406 3444 526 3497 οὐδὲ
560 3441 882 3513 πορεύεσθαι
916 3444 972 3494 ἐν
1005 3440 1172 3511 αὐτῷ,
1225 3440 1323 3511 τὴν
1382 3440 1599 3507 ἄγνοιαν
1646 3439 1721 3502 ὡς

152 3535 264 3603 φῶς
302 3534 605 3603 ἐλογίζοντο
632 3535 679 3588 oi
702 3532 914 3595 ἀσεϐεῖς
933 3548 947 3562 ⁸
980 3534 1027 3584 εἰ
1054 3532 1110 3584 δὲ
1136 3531 1235 3601 τὴν
1260 3531 1478 3598 ἄγνοιαν
1507 3530 1581 3592 ὡς
1608 3528 1721 3597 φῶς

152 3622 325 3694 εἶχαν,
348 3625 588 3696 δηλονότι
622 3624 715 3678 καὶ
744 3624 813 3677 τά
842 3623 977 3694 ἔργα
1003 3621 1097 3674 τοῦ
1122 3621 1220 3690 τῆς
1256 3621 1475 3689 ἀγνοίας
1499 3623 1722 3691 ἐφευρε-

152 3717 245 3771 τοῦ
284 3716 529 3770 διαϐόλου
557 3716 817 3787 ἔπραττον
841 3731 855 3744 ⁸
898 3716 945 3767 oi
984 3713 1038 3765 δὲ
1065 3715 1130 3782 τῇ
1164 3712 1353 3782 ἀγνοίᾳ
1387 3710 1546 3764 αὑτοῦ
1587 3728 1723 3781 συμ-

154 3808 538 3881 πορευθέντες,
575 3809 669 3860 σὺν
722 3805 869 3876 αὐτῷ
901 3805 1111 3858 ἔσονται
1144 3803 1223 3865 είς
1252 3801 1451 3865 αἰῶνας
1484 3801 1722 3855 αἰώνων·

156 3902 204 3954 oi
230 3901 294 3955 δὲ
316 3904 381 3973 τῇ
412 3899 607 3969 γνώσει
637 3898 731 3952 τοῦ
754 3898 981 3969 Κυρίου,
1014 3897 1113 3951 σὺν
1133 3896 1210 3967 τῷ
1236 3895 1442 3967 Κυρίῳ.

1824 2049 2258 2107 irrevocabilem.

1898 2144 1942 2174 ¹⁶
1971 2141 2189 2197 Ventris
2236 2138 2576 2207 receptacula
2642 2136 2885 2206 intellige
2935 2144 3206 2198 mentem,
3266 2149 3384 2196 cor,

1824 2237 2128 2300 scientiam,
2169 2234 2257 2289 ubi
2290 2246 2483 2288 omnes
2507 2230 2665 2286 simul
2696 2230 2888 2285 divinae
2904 2239 2959 2284 et
2984 2230 3156 2298 impia:
3186 2229 3387 2283 doctri-

1824 2348 1907 2386 nae
1936 2338 2294 2399 reponuntur.
2327 2328 2406 2381 Ac
2436 2325 2599 2380 veluti
2645 2325 2844 2395 aliquis
2888 2324 3163 2379 lucernam
3200 2337 3391 2377 accen-

1822 2424 1917 2485 dit,
1947 2419 2188 2490 reperire
2217 2416 2419 2485 aliquid
2443 2415 2496 2470 in
2529 2413 2887 2485 receptaculis
2914 2414 3147 2481 positum
3176 2411 3385 2474 volens;

1824 2513 1897 2569 ita
1922 2510 2181 2567 Dominus
2210 2507 2455 2563 scientiae
2481 2521 2592 2560 suae
2616 2504 2817 2560 lumine
2843 2510 3120 2560 scrutatur
3147 2511 3392 2571 recepta-

1822 2602 1940 2660 cula
1989 2602 2347 2657 humanorum
2398 2597 2689 2651 verborum
2737 2602 2793 2650 et
2840 2609 3083 2664 operum.
3137 2595 3389 2647 Attamen

1824 2691 2145 2749 habentibus
2187 2685 2464 2743 scientiam
2502 2684 2713 2739 Domini
2766 2684 3098 2751 hominibus,
3134 2681 3227 2738 lux
3268 2682 3393 2738 inde
3452 2701 3458 2708 ’

1822 2785 2087 2842 oboritur.
2116 2781 2172 2838 Si
2203 2794 2330 2851 ergo
2354 2780 2448 2835 lux
2488 2777 2723 2841 Domini,
2758 2775 2987 2830 scientia
3029 2774 3243 2829 Domini
3283 2782 3386 2837 est,

1823 2877 1915 2931 lux
1966 2884 2144 2930 autem
2187 2871 2399 2927 Domini
2454 2868 2715 2938 aspiratio
2758 2867 2885 2922 vitae
2932 2876 3018 2922 est
3060 2866 3389 2929 hominibus,

1824 2969 2007 3037 utique
2048 2967 2271 3022 scientia
2308 2965 2516 3021 Domini
2557 2960 2816 3031 aspiratio
2866 2960 3045 3014 vitalis
3082 2959 3399 3013 hominibus

1825 3070 1924 3115 est.
1955 3060 2025 3114 At
2058 3074 2186 3114 vero
2219 3059 2511 3125 diabolum,
2537 3058 2627 3128 qui
2669 3058 2719 3110 in
2751 3054 2966 3109 inscitia
2999 3067 3265 3123 apparere
3299 3052 3383 3107 vi-

1827 3151 2008 3215 detur,
2051 3149 2330 3205 lucernam
2358 3149 2649 3221 appellavit
2683 3161 2803 3217 quae
2831 3155 3067 3201 mentem
3102 3143 3258 3197 bonis
3292 3157 3389 3196 no-

1829 3241 2065 3297 tionibus
2094 3250 2344 3309 evacuat,
2381 3256 2481 3297 nec
2520 3256 2627 3295 non
2663 3236 3103 3307 transfiguratum
3144 3236 3196 3289 in
3226 3249 3387 3304 ange-

1829 3336 1938 3390 lum
1957 3335 2114 3390 lucis.
2152 3333 2289 3402 Quia
2324 3350 2450 3389 vero
2477 3334 2650 3389 lucem
2671 3332 2883 3387 Domini
2914 3330 3205 3385 noluerunt
3226 3344 3390 3398 agno-

1832 3441 2004 3492 scere,
2036 3426 2282 3496 nequein
2316 3440 2377 3480 ea
2410 3424 2709 3490 ambulare,
2752 3423 3023 3478 inscitiam
3052 3420 3188 3473 lucis
3221 3420 3391 3472 instar

1828 3519 2231 3572 aestimaverunt
2279 3515 2450 3585 impii.
2496 3515 2644 3580 Quod
2688 3514 2734 3567 si
2785 3512 3056 3567 inscitiam
3104 3508 3238 3561 lucis
3273 3506 3391 3559 loco

1830 3611 2153 3673 habuerunt,
2183 3609 2369 3677 utique
2392 3617 2446 3662 et
2471 3622 2632 3676 opera
2661 3602 2801 3671 ejus,
2826 3604 2919 3672 qui
2944 3604 3195 3655 inventor
3227 3598 3394 3651 insci-

1831 3701 1917 3755 tiae
1934 3710 2020 3757 est
2050 3701 2276 3764 diaboli,
2304 3698 2590 3753 faciebant.
2622 3694 2908 3764 Reliquum
2933 3708 3061 3764 ergo
3087 3700 3193 3757 est,
3227 3700 3283 3745 ut
3305 3693 3395 3759 qui

1830 3808 1953 3848 cum
2007 3792 2222 3846 inscitia
2262 3790 2409 3845 illius
2449 3791 2551 3844 iter
2593 3790 2856 3855 fecerunt,
2895 3803 3018 3844 cum
3056 3785 3244 3840 eodem
3290 3782 3399 3835 sint

1834 3898 1932 3955 per
1960 3881 2160 3937 saecula
2194 3881 2515 3936 saeculorum
2554 3897 2566 3934 :
2603 3882 2695 3953 qui
2721 3895 2845 3936 vero
2879 3894 3001 3936 cum
3036 3872 3263 3932 scientia
3289 3870 3395 3925 Do-

1835 3975 1989 4037 mini.
2012 3989 2134 4029 cum
2162 3973 2387 4028 Domino
2415 3972 2544 4027 sint.

1616 4068 1772 4125 CAP.
1813 4069 1955 4125 XXI.

248 4169 525 4224 Ἐκϐἀλλει
577 4169 637 4222 τὸ
685 4168 847 4240 ῥητὸν
895 4166 1052 4221 τοῦτο
1094 4168 1191 4239 τὴν
1233 4167 1320 4221 διὰ
1362 4166 1467 4221 τῶν
1521 4165 1728 4233 ἀλόγων

166 4258 317 4324 ζώων
341 4260 533 4313 Θυσίαν
552 4276 565 4287 ⁸
596 4259 753 4312 θυσία
781 4258 885 4328 γὰρ
912 4257 986 4328 τῷ
1015 4258 1133 4328 Θεῴ
1167 4257 1382 4328 πνεῦμα
1411 4274 1729 4327 συντετριμ-

174 4353 324 4423 μένον
333 4393 346 4405 .

1912 4166 1953 4198 ¹⁷
1979 4165 2232 4222 Excludit
2261 4163 2476 4218 eﬂ'atum
2506 4162 2610 4218 hoc
2640 4158 3040 4216 irrationalium
3067 4156 3387 4211 animalium

1838 4257 2184 4313 sacrificium.
2214 4254 2348 4311 Nam
2364 4255 2691 4311 sacriﬁcium
2714 4252 2827 4308 Deo
2855 4250 3080 4322 spiritus
3109 4247 3396 4305 contritus.

1912 4351 1954 4381 “
1977 4350 2033 4404 Si
2066 4358 2257 4405 sancta
2282 4360 2336 4403 ct
2367 4359 2515 4403 recta
2568 4356 2696 4403 sunt
2736 4362 2898 4418 opera
2948 4342 3194 4405 Domini;
3230 4353 3397 4393 unum

240 4438 299 4490 Εἰ
329 4436 470 4506 ἀγνά
502 4438 595 4490 καὶ
636 4437 771 4507 ὀρθὰ
812 4437 947 4509 ἔργα
986 4438 1209 4509 Κυρίου,
1242 4437 1300 4488 ἓν
1330 4437 1387 4490 δὲ
1418 4436 1525 4489 τῶν
1558 4436 1720 4509 ἕργωκ

1838 4454 1969 4495 vero
2000 4456 2068 4494 ex
2107 4439 2365 4510 operibus
2395 4438 2510 4507 ejus
2539 4448 2623 4493 est
2666 4439 2832 4492 etiam
2870 4451 3059 4500 mens;
3087 4448 3216 4503 ergo
3251 4440 3398 4485 recta

176 4530 330 4584 αὑτοῦ
358 4533 586 4585 ἐστικαὶ
616 4533 645 4583 6
676 4531 818 4595 νοῦς,
853 4529 1009 4601 ὀρθὸς
1046 4530 1151 4601 ἄρα
1172 4529 1392 4599 ἐκτίσθη
1441 4530 1532 4581 καὶ
1571 4530 1720 4595 ἁγνὸς

1838 4540 2019 4584 creata
2051 4540 2134 4585 est
2164 4539 2219 4583 et
2247 4539 2437 4584 sancta
2473 4544 2504 4582 a
2537 4528 2646 4583 Deo
2677 4543 2849 4591 mens,
2874 4542 3034 4597 quam
3069 4539 3168 4579 nos
3203 4532 3403 4577 rectam

176 4621 319 4693 πειρά
342 4620 439 4674 τοῦ
466 4619 599 4674 Θεοῦ
622 4624 649 4675 6
672 4620 813 4685 νοῦς,
839 4597 930 4674 καὶ
958 4597 1114 4689 ὀρθὸν
1134 4597 1414 4690 ὀφείλομεν
1440 4620 1720 4688 διαφυλάτ-

1838 4636 2162 4677 couservare
2191 4623 2446 4677 debemus
2478 4635 2610 4690 erga
2644 4620 2843 4689 ipsum,
2868 4628 3059 4673 contra
3098 4615 3402 4687 ingruentia

176 4730 278 4767 τειν
300 4714 464 4767 αὐτὸν
492 4714 629 4784 πρὸς
653 4714 813 4766 αὑτὸν
836 4715 899 4766 ὲκ
915 4713 1021 4766 τῶν
1038 4712 1415 4785 ἐπερχομένων
1439 4714 1567 4783 ἡμῖν
1586 4711 1720 4780 παρά

1838 4710 2001 4766 nobis
2026 4727 2055 4765 a
2083 4711 2296 4766 diabolo
2328 4710 2489 4766 mala.

176 4804 261 4858 τοῦ
295 4804 538 4877 πονηροῦ
570 4806 777 4861 κακῶν.

240 4900 341 4953 Τὸν
373 4895 524 4954 οἷκον
551 4900 640 4952 τὸν
669 4900 1055 4970 κεκονιαμένον
1092 4899 1185 4953 καὶ
1232 4899 1426 4959 κοινὸν,
1473 4901 1537 4968 τῇ
1583 4896 1741 4949 ὑπαί-

1914 4804 1956 4834 ¹⁹
1980 4803 2207 4858 Domum
2242 4803 2391 4858 calce
2421 4802 2575 4856 litam
2617 4808 2673 4853 et
2697 4813 3034 4853 communem
3074 4795 3413 4865 comparavit

1843 4896 2042 4966 angulo
2065 4894 2315 4950 subdiali.
2340 4893 2457 4949 Jam
2485 4893 2531 4948 si
2556 4892 2747 4947 domus
2785 4891 2934 4946 calce
2960 4889 3052 4942 lita
3082 4898 3137 4943 et
3165 4900 3439 4941 commu-'

180 4994 283 5066 θρῳ
308 4994 484 5065 γωνίᾳ
526 4993 862 5047 ἀντέθεικεν’
898 4994 947 5045 εί
982 4992 1039 5044 δὲ
1064 4994 1091 5044 ό
1121 4987 1266 5053 οἶκος
1301 4992 1328 5041 ό
1362 4987 1720 5058 κεκονιαμένα

1844 4990 1950 5055 uis,
1983 4987 2222 5056 nequitia
2265 4985 2628 5055 intelligitur;
2653 4984 2836 5052 utique
2871 4980 3100 5050 angulus
3128 4976 3411 5043 subdialis,

180 5090 264 5141 καὶ
283 5087 484 5151 κοινὸς,
520 5089 552 5158 ἡ
581 5086 746 5140 κακία
772 5085 940 5148 ἐστὶν,
974 5087 1007 5156 ἡ
1029 5083 1292 5153 ὕπαιθρος
1312 5080 1480 5149 γωνία
1506 5085 1538 5150 ἡ
1572 5082 1720 5151 ἀρετι

1845 5077 2019 5130 virtus
2048 5085 2152 5130 est.
2184 5073 2426 5144 Angulus
2454 5073 2718 5129 subdialis
2745 5073 2909 5142 igitur
2936 5078 3020 5125 est
3058 5077 3210 5122 actus
3236 5065 3409 5120 medi-

179 5180 315 5233 ἐστιν
387 5155 559 5248 γωνία
586 5179 762 5233 τοίνυν
791 5155 1053 5248 ὓπαιθρός
1080 5178 1246 5237 ἐστιν,
1292 5171 1487 5244 πρᾶξις
1517 5170 1720 5241 θεωρία

1848 5168 2053 5222 tatione
2098 5181 2378 5228 accensus,
2425 5173 2479 5217 et
2528 5178 2559 5215 a
2616 5161 2730 5215 sole
2776 5159 3002 5230 iustitia:
3052 5155 3404 5211 illuntinatus.

178 5274 541 5343 ἐφαπτομένη,
570 5274 666 5326 καὶ
695 5247 1035 5341 φωτιζομένη
1066 5269 1171 5322 ὑπὸ
1214 5266 1308 5320 τοῦ
1339 5265 1437 5335 τῆς
1478 5262 1719 5315 δικαιοσύ

1849 5259 2075 5328 Egregie
2119 5272 2248 5312 vero
2282 5258 2443 5311 etiam
2492 5255 2691 5311 Paulus
2735 5250 3044 5323 pontificem
3100 5247 3417 5303 Iudaeorum.

176 5339 262 5434 νής
288 5339 473 5436 ἡλίουο
509 5339 691 5427 καλῶς
710 5339 780 5415 δὲ
810 5339 954 5415 καὶήό
984 5339 1193 5425 Παῦλος
1218 5360 1309 5413 τὸν
1346 5353 1607 5427 ἀρχιερέα
1638 5352 1720 5405 τῶι

1850 5353 2110 5423 parietem
2143 5351 2291 5406 calce
2319 5351 2473 5406 litum
2499 5364 2593 5404 seu
2618 5347 2925 5404 dcalbatum
2961 5340 3248 5411 appellavit
3270 5339 3336 5404 ²⁰,
3357 5348 3417 5391 et

188 5432 464 5521 Ἰουδαίων,
480 5460 654 5526 τοῖχον
677 5451 800 5507 εἶπε
826 5454 1204 5523 κεκονιαμένον
1216 5448 1623 5519 τυφθησόμενον
1639 5446 1720 5513 (1‘2

1854 5461 1882 5497 a
1941 5442 2053 5497 Deo
2102 5444 2534 5512 percutiendum.
2571 5440 2637 5494 Et
2684 5438 2943 5494 Dominus
3001 5435 3053 5489 in
3113 5432 3416 5503 Evangeliis

179 5547 272 5600 ὑπὸ
299 5548 390 5602 τοῦ
420 5522 595 5600 Θεοῦοῄ
625 5546 718 5599 καὶ
746 5546 774 5597 6
805 5544 995 5615 Σωτὴρ
1015 5522 1071 5597 ὲν
1105 5540 1453 5611 Εὑαγγελίοις
1489 5540 1611 5600 τοὺς
1644 5539 1720 5590 diu

1855 5534 2157 5590 Pharisaeos
2206 5536 2347 5591 dixit
2390 5534 2637 5605 sepulcra
2674 5530 2923 5586 dealbata
2944 5522 3412 5580 “'".Beneetiatn

185 5641 432 5706 ρισαίους,
462 5639 668 5707 τάφους
700 5634 820 5689 εἶπε
867 5637 1313 5706 κεκονιαμένους’
1354 5628 1411 5685 εὖ
1456 5632 1510 5683 δὲ
1554 5630 1648 5682 καὶ
1688 5647 1716 5679 τ

1858 5644 2019 5698 super
2045 5627 2245 5699 angulo
2269 5628 2427 5694 dixit,
2465 5627 2554 5680 ubi
2591 5624 2728 5692 lapis
2758 5624 2974 5696 ponitur
3004 5620 3073 5675 ab
3095 5614 3408 5674 aedificanti-

230 5737 333 5788 "v.
356 5736 447 5790 25.
527 5736 571 5767 ¹⁶
601 5735 751 5787 v.27.
834 5734 874 5765 ”
904 5732 1024 5786 v.5.
1094 5735 1133 5762 “‘
1167 5747 1214 5785 ν.
1248 5732 1299 5801 8.
1354 5730 1393 5761 ‘9
1426 5745 1471 5783 ι’.
1502 5728 1554 5783 9.
1597 5726 1641 5756 ²⁰
1669 5724 1787 5778 Act.
1810 5723 2034 5792 xxm,’5.
2090 5726 2207 5757 “'“
2236 5720 2713 5787 Matth.xx1u,27.

243 5827 343 5897 (12)
380 5829 513 5883 Cod.
556 5825 1044 5896 τυπτηθησὸμινον.
