3942 6318
495 384 600 440 219

1372 379 1926 438 SUPPLEMENTUM
1965 378 2058 434 AD
2094 375 2414 434 ORIGENIS
2447 370 2854 428 EXEGETICA.

3603 364 3714 422 210

496 495 614 551 lens
660 507 884 554 cunctos
935 499 1209 568 vituperat
1252 506 1437 569 utpote
1479 499 1934 567 contumelibsus;
1964 499 2049 554 vel

2151 494 2424 566 συνέδριον
2445 510 2460 523 ·
2509 489 2643 546 ἀλλὰ
2695 491 2786 544 καὶ
2823 490 2853 542 6
2890 487 3074 558 λοιμὸς
3101 470 3364 556 Ἷάτιμάζει
3397 483 3604 547 πάντάς
3633 481 3715 547 ὡς

494 589 621 660 quia
667 591 884 660 propria
928 589 1308 645 commendare
1338 590 1548 654 volens,
1593 591 1769 645 aliena
1800 601 2048 645 contem-

492 683 624 748 ιιιῑηι
676 682 923 752 deprimit
957 697 970 730 :
1003 696 1158 749 quem
1197 690 1250 735 tu
1303 682 1369 737 de
1400 682 1633 752 spiritali
1667 691 1932 738 conventu
1966 681 2050 736 [ac

491 773 727 840 ejicias:
765 788 937 840 neque
961 773 1048 827 ille
1097 773 1470 829 tantummodo
1523 775 1845 844 expelletur,
1874 775 1967 828 sed
1996 781 2050 828 et

492 859 780 913 comitatus
807 861 943 928 ejus.
967 859 1167 930 iurgia,
1194 864 1591 930 contentiones,
1625 865 1780 932 rixae,
1817 873 1873 919 et
1900 878 2048 934 quae-

487 963 700 1017 cunque
725 950 945 1004 exitium
971 950 1229 1005 inl'erunt.

555 1040 604 1071 “
629 1039 728 1105 Qui
762 1040 972 1095 animas
1018 1050 1231 1096 nostras
1283 1051 1566 1098 conservat
1597 1042 1878 1104 Dominus,
1907 1042 2045 1096 idem

487 1131 687 1199 pariter
733 1131 964 1201 spiritali
1018 1135 1248 1188 scientia
1312 1149 1413 1190 nos
1467 1134 1679 1203 pascit,
1717 1137 2046 1190 condescen-

486 1224 619 1276 deus
668 1222 998 1292 dicensque:
1038 1223 1146 1294 Ego
1198 1243 1313 1279 sum
1358 1236 1542 1294 pastor
1589 1225 2042 1295 bonus";quem

487 1323 665 1368 tamen
711 1315 874 1368 homo
908 1314 1122 1384 iniquus
1152 1325 1495 1386 aspernatur.
1545 1317 1698 1382 Quod
1727 1318 1773 1372 si
1803 1333 1894 1371 rex
1925 1318 2045 1386 qui-

483 1403 604 1456 dem
637 1403 972 1458 subditorum
1019 1403 1264 1460 Christus
1297 1416 1407 1472 est;
1459 1417 1646 1476 pastor
1678 1422 1806 1462 vero
1831 1407 2040 1468 ovium;

481 1495 590 1548 erit
620 1493 910 1564 aliquando
939 1495 1085 1550 solus
1133 1498 1314 1551 ovium
1348 1512 1466 1564 rex,
1493 1497 1562 1552 ad
1595 1496 1835 1566 regalem
1867 1496 2040 1566 digni-

483 1593 648 1638 tatem
679 1584 1085 1639 translatat'um.

551 1674 598 1707 ⁸⁸
625 1676 987 1730 Adversarius
1017 1674 1480 1730 nosterdiabolus
1516 1682 1772 1744 tanquam
1814 1676 1900 1732 leo
1930 1678 2042 1732 cir-

480 1767 594 1818 cuit
625 1779 874 1832 quaerens
923 1780 1083 1835 quem
1138 1763 1394 1828 devoret;
1424 1778 1582 1832 quem
1635 1767 1833 1821 timens
1865 1766 2036 1834 piger,

480 1855 546 1908 ad
577 1856 834 1909 virtutum
857 1857 1175 1910 exercitium
1221 1867 1280 1908 se
1316 1865 1614 1925 comparat.
1640 1856 1848 1927 Quippe
1873 1858 1959 1914 leo
1982 1861 2033 1914 in
2068 1840 2109 1894 Β

479 1946 582 1999 viis
613 1945 838 2015 justitize
874 1947 1069 2016 quzerit
1099 1947 1333 2017 aliquem
1362 1947 1571 2012 venari,
1599 1948 1651 2002 id
1693 1959 1777 2003 est
1803 1959 1860 2002 ut
1889 1951 2034 2006 dixi-

478 2051 599 2091 tuus
638 2039 901 2102 diabolus,
940 2048 994 2092 et
1026 2039 1077 2092 in
1124 2039 1317 2108 plateis
1368 2053 1487 2108 qua:
1517 2040 1583 2092 ad
1616 2041 1910 2108 perniciem
1942 2043 2036 2094 de-

477 2124 676 2191 ferunt,
732 2139 928 2197 praeter
965 2143 1126 2196 quam
1178 2129 1318 2197 quod
1363 2131 1663 2184 daemonum
1719 2132 2033 2202 phalangem

473 2218 806 2286 circumfert,
845 2219 959 2289 ipse
981 2235 1194 2288 quoque
1221 2222 1321 2275 sibi
1355 2223 1620 2278 obnoxios
1647 2223 1922 2278 interﬁcit.

543 2305 781 2362 "Fovea
834 2308 1095 2377 profunda
1151 2311 1397 2366 diabolus
1431 2321 1534 2367 est.
1585 2314 1796 2369 Invisus
1850 2326 2030 2370 autem

472 2397 699 2454 Domino
737 2410 840 2467 est,
874 2402 963 2470 qui
1020 2403 1252 2470 propriae
1280 2404 1559 2458 securitati
1611 2419 1716 2460 non
1777 2407 2028 2462 consulit.

470 2491 639 2548 .lobus
669 2495 886 2562 quidem
917 2510 1021 2549 non
1056 2505 1174 2550 erat
1216 2496 1424 2552 invisus
1468 2499 1717 2564 Domino,
1746 2504 1840 2555 sed
1868 2515 2032 2571 expe-

469 2585 685 2638 rintenti
715 2599 901 2648 causa,
928 2585 980 2636 in
1020 2601 1080 2638 os
1119 2586 1339 2655 maligni
1377 2587 1576 2642 diaboli
1631 2589 1877 2643 incurrit.
1917 2591 2027 2645 Ve-

468 2682 768 2728 rumtamen
824 2675 916 2743 qui
951 2674 1178 2730 Domino
1209 2677 1417 2731 invisus
1452 2690 1554 2745 est,
1587 2692 1848 2750 perpetuo
1879 2685 2031 2738 dese-

468 2765 609 2818 ritur
641 2764 694 2818 in
728 2763 902 2830 fovea,
937 2767 1064 2835 quia
1101 2768 1438 2838 voluptarius
1471 2781 1556 2826 est
1609 2781 1662 2828 et
1711 2776 1916 2844 peccati
1947 2776 2026 2833 sui

465 2869 736 2911 οοηθωιιε.

533 2943 886 3022 “'“Longea
915 2952 1099 3005 vesani
1162 2953 1398 3010 hominis
1451 2956 1616 3012 corde
1661 2967 1746 3011 est
1774 2957 1925 3028 virga
1959 2959 2027 3014 de

465 3036 646 3092 radice
685 3037 852 3095 Jessas
887 3042 1157 3110 Christus,
1187 3046 1283 3115 qui
1315 3058 1500 3116 pascet
1554 3048 1811 3119 pupulum
1868 3065 2023 3105 suum

462 3143 656 3182 novum
683 3131 928 3188 lsraelem
963 3135 1016 3189 in
1048 3139 1262 3206 pascuis
1292 3139 1472 3193 ovium
1499 3155 1739 3196 suarum.

532 3219 579 3252 "
609 3221 762 3276 Sicut
796 3225 1042 3282 diabolus
1066 3227 1432 3284 calumniatur
1484 3247 1582 3286 nos
1631 3233 1770 3302 apud
1805 3233 1970 3288 Deum
2002 3278 2017 3302 ,

462 3305 656 3364 tollens
685 3324 714 3363 a
748 3311 901 3368 nobis
929 3316 1160 3371 virtutes
1189 3333 1326 3387 quas
1356 3319 1469 3390 ipse
1491 3336 1596 3375 non
1629 3322 1854 3379 dederat
1880 3343 1895 3391 ;
1948 3326 2019 3378 ita

459 3409 514 3452 et
551 3415 652 3454 nos
675 3402 1072 3460 calumniantur
1101 3407 1250 3463 illum
1280 3425 1402 3465 cum
1449 3413 1686 3470 tollimus
1724 3417 1793 3470 ab
1818 3431 1884 3472 eo
1913 3418 2019 3472 ini-

457 3490 694 3558 quitates
722 3510 856 3563 quas
882 3497 932 3551 ei
960 3513 1066 3552 non
1103 3499 1369 3558 dedimus.
1399 3503 1464 3558 Et
1501 3516 1772 3574 quatenus
1799 3509 2018 3578 quidem

465 3585 760 3653 accipimus
785 3589 854 3643 ab
877 3605 942 3644 eo
973 3591 1319 3661 iniquitates,
1357 3604 1610 3665 tanquam
1629 3598 1696 3652 ab
1727 3599 1885 3669 inope
1911 3601 2019 3655 vir-

460 3683 633 3730 tutqu
666 3679 983 3749 accipimus.
1014 3680 1290 3748 Quatenus
1348 3701 1474 3741 vero
1501 3689 1728 3744 virtutes
1774 3693 1824 3744 ei
1873 3692 2022 3746 cedi-

456 3781 600 3831 mus,
639 3779 824 3825 nostro
871 3787 994 3827 cum
1029 3775 1352 3832 detrimento
1404 3788 1658 3850 tanquam
1694 3782 1854 3839 diviti
1915 3785 2008 3837 ini-

455 3858 660 3926 quitate
679 3861 944 3918 cedimus.
975 3864 1050 3918 Ne
1077 3866 1236 3934 forte,
1274 3870 1464 3939 inquit,
1509 3881 1764 3942 tanquam
1818 3875 2014 3944 exigua

455 3946 590 4000 dans
606 3947 859 4018 principi,
875 3953 1017 4019 apud
1039 3969 1196 4022 quem
1216 3956 1578 4014 calumniatur
1593 3963 1745 4031 plura
1772 3963 2011 4030 lucrans,

455 4039 672 4104 gravius
701 4041 894 4094 anima:
919 4042 1300 4099 detrimentum
1329 4052 1585 4116 patiatur.

505 4128 570 4164 ~”
599 4129 701 4197 Qui
726 4133 1139 4201 sapientissimis
1166 4135 1258 4190 Dei
1293 4141 1473 4194 verbis
1502 4147 1754 4209 attendit,
1789 4159 1842 4201 et
1895 4149 2014 4218 ejus

451 4221 704 4277 observat
728 4226 1000 4290 mandata,
1031 4227 1121 4283 hic
1145 4245 1238 4284 cor
1271 4233 1581 4296 continuat.
1625 4247 1681 4291 et
1709 4237 1848 4292 bona
1893 4255 2014 4296 esse

2150 584 2440 656 ὑϐριστής·
2473 584 2507 654 ἢ
2525 583 2601 646 ὡς
2626 581 2695 634 τά
2720 581 2826 634 ίδια
2859 581 3122 650 συστῆσαι
3150 577 3483 649 βουλόμενος,
3517 574 3584 628 τά
3599 574 3715 627 τῶν

2148 677 2322 732 ἄλλων
2351 676 2560 746 ἀτίμως
2607 673 2884 729 ἐκϐάλλει·
2935 672 2992 725 ὃν
3024 671 3216 725 ἔκϐαλε
3262 672 3326 724 ἐκ
3369 671 3718 740 συστήματος

2149 766 2518 838 πνευματικοῦ
2542 782 2556 796 ο
2591 765 2685 819 καὶ
2700 765 2761 817 οὑ
2782 764 2938 835 μόνον
2961 762 3122 826 αὐτὸς
3147 761 3555 832 ἐκϐληθήσεται,
3571 759 3714 813 ἀλλὰ

2148 861 2244 911 καὶ
2263 856 2330 912 τά
2353 856 2577 911 συνόντα
2609 853 2777 925 αὐτῷ,
2801 854 2991 926 ἔριδες,
3014 852 3349 923 φιλονεικίαι,
3387 853 3575 923 μάχαι,
3613 851 3716 905 καὶ

2146 950 2246 1002 ὅσα
2270 948 2455 1019 λοιμὸν
2487 946 2755 1001 ἀποτελεῖ.

2225 1043 2283 1093 ’0
2305 1039 2574 1112 διατηρῶν
2615 1039 2712 1102 τὰς
2748 1036 2924 1108 ψυχὰς
2961 1036 3115 1107 ἡμῶν
3142 1036 3364 1106 Κύριος,
3408 1028 3560 1096 οὗτος
3613 1031 3717 1086 καὶ

2145 1132 2245 1203 τῆς
2276 1131 2648 1202 πνευματικῆς
2679 1131 2824 1201 ἡμᾶς
2849 1128 3100 1198 γνώσεως
3126 1126 3417 1198 ποιμαίνει,
3442 1141 3720 1200 συγκατα-

2149 1225 2349 1278 ϐαίνων
2392 1225 2485 1278 καὶ
2525 1224 2726 1292 λέγων’
2775 1220 2916 1291 Ἐγώ
2955 1223 3070 1290 ειμι
3107 1223 3139 1273 ὁ
3172 1218 3395 1288 ποιμὴν
3419 1221 3451 1271 ὁ
3492 1216 3713 1283 καλὸς,

2144 1317 2202 1370 ὃν
2251 1314 2506 1387 ἀτιμάζει
2536 1317 2564 1367 6
2597 1313 2942 1384 παράνομοςο
2975 1313 3023 1366 εί
3064 1311 3121 1364 δὲ
3173 1309 3420 1380 βασιλεὺς
3451 1309 3547 1380 μὲν
3584 1307 3716 1361 ἐστι

2142 1407 2249 1462 τῶν
2275 1405 2702 1477 βασιλευομένων
2721 1409 2750 1458 6
2768 1404 3019 1477 Χριστὸς,
3047 1403 3245 1474 ποιμὴν
3269 1403 3324 1455 δὲ
3349 1404 3377 1456 ὁ
3395 1400 3706 1473 προϐάτων,

2142 1499 2293 1552 ἔσται
2323 1498 2454 1552 ποτὲ
2489 1498 2648 1567 μόνος
2673 1496 2923 1567 βασιλεὺς
2953 1495 3061 1549 τῶν
3090 1495 3390 1566 προϐάτων,
3415 1495 3494 1557 εἰς
3518 1493 3579 1546 τὸ
3609 1491 3715 1563 βα-

2145 1589 2348 1644 σιλικὸν
2383 1589 2730 1660 μεταϐάντων
2757 1589 2990 1657 ἀξίωμα.

2223 1683 2281 1736 '0
2337 1682 2530 1753 ἐχθρὸς
2566 1669 2752 1754 ἡμῶν
2781 1681 3024 1744 διάϐολος
3072 1680 3147 1744 ὡς
3181 1678 3316 1732 λέων
3358 1678 3711 1749 περιέρχεται

2142 1775 2318 1845 ζητῶν
2349 1775 2470 1829 τίνα
2497 1774 2741 1845 καταπίῃ
2765 1791 2778 1804 ·
2805 1762 2985 1828 ὅντινα
3019 1771 3349 1842 φοϐούμενος
3394 1771 3422 1822 ό
3448 1767 3707 1838 ὀκνηρὸς,

2140 1865 2276 1936 πρὸς
2297 1864 2392 1936 τὴν
2411 1865 2669 1936 ἐργασίαν
2694 1864 2800 1917 τῶν
2833 1863 3038 1935 ἀρετῶν
3071 1861 3380 1917 ἀναδύεται·
3410 1863 3458 1914 εί
3479 1861 3534 1914 δὲ
3565 1860 3711 1914 λέων

2135 1957 2192 2008 ἐν
2225 1959 2344 2020 ταῖς
2364 1956 2501 2020 όδοῖς
2523 1956 2625 2025 τῆς
2649 1955 2991 2026 δικαιοσύνης
3015 1955 3165 2027 ζητεῖ
3177 1952 3435 2026 θηρεῦσαί
3465 1970 3606 2014 τινα,
3643 1953 3710 2015 ὃς

2135 2051 2280 2102 ἐστιν
2307 2051 2334 2102 6
2360 2049 2603 2112 διάϐολος
2622 2065 2635 2078 ·
2667 2050 2724 2101 ἐν
2755 2049 2813 2102 δὲ
2845 2051 2966 2112 ταῖς
2991 2047 3267 2112 πλατείαις
3286 2050 3406 2111 ταῖς
3439 2046 3573 2116 πρὸς
3600 2044 3712 2115 τὴν

2135 2139 2407 2194 ἀπώλειαν
2439 2141 2758 2212 φερούσαις.
2794 2140 2930 2211 μετὰ
2953 2141 3052 2212 τὴν
3084 2139 3340 2209 φάλαγγα
3381 2139 3486 2192 τῶν
3511 2138 3710 2208 δαιμό-

2134 2248 2239 2285 νων
2277 2231 2462 2296 αὑτοῦ,
2492 2231 2652 2296 αὐτὸς
2679 2230 2893 2300 φονεύει
2933 2233 3057 2294 τοὺς
3079 2229 3226 2300 αύτῷ
3252 2228 3630 2300 πειθομένους.

2205 2323 2405 2396 Βόθρος
2437 2323 2603 2394 βαθὺς
2632 2325 2660 2375 6
2677 2322 2916 2386 διάϐολός
2937 2324 3082 2375 ἐστιν
3099 2339 3112 2352 ο
3135 2323 3162 2375 6
3190 2321 3244 2374 δὲ
3277 2321 3522 2392 μισηθεὶς
3547 2319 3708 2390 παρὰ

2132 2411 2358 2483 Κυρίου,
2386 2413 2414 2464 6
2444 2413 2516 2484 μὴ
2569 2412 2744 2483 ἐαυτῷ
2779 2412 3059 2484 προσέχων
3097 2412 3383 2482 ἀσφαλῶς·
3427 2414 3455 2464 6
3491 2411 3547 2463 δὲ
3577 2410 3704 2463 Ἰὼϐ

2131 2502 2191 2554 ού
2221 2501 2470 2573 μισηθεὶς
2495 2503 2600 2556 ὑπὸ
2633 2502 2857 2574 Κυρίου,
2893 2503 3026 2556 ἀλλὰ
3067 2503 3298 2574 δοκιμῆς
3339 2503 3493 2573 χάριν
3525 2503 3605 2564 είς
3641 2499 3710 2554 τὸ

2129 2590 2222 2644 τοῦ
2241 2592 2554 2662 παρανόμου
2577 2591 2951 2662 πέπτωκε(Ιῦ)
2973 2591 3156 2662 στόμω
3183 2593 3211 2644 6
3238 2591 3294 2644 δὲ
3322 2589 3567 2661 μισηθεὶς
3593 2589 3705 2642 ὑπὸ

2130 2684 2356 2757 Κυρίου,
2389 2687 2468 2748 είς
2497 2685 2646 2748 τέλος
2669 2684 3134 2755 καταλιμπάνεται
3178 2685 3235 2736 ἐν
3267 2682 3343 2754 τῷ
3383 2681 3578 2753 βόθρῳ,
3604 2699 3701 2752 φι-

2129 2779 2344 2850 λήδονος
2367 2778 2442 2833 ὣν
2467 2780 2524 2832 ὲν
2556 2777 2754 2847 γνώσει
2786 2778 3080 2849 ἁμαρτίας.

2197 2871 2426 2942 Μακρὰν
2478 2871 2587 2924 ἀπὸ
2633 2870 2734 2940 τῆς
2779 2871 3004 2942 καρδίας
3046 2868 3138 2922 τοῦ
3187 2856 3608 2941 άφρονόςέστιν
3661 2869 3699 2938 ἡ

2130 2962 2322 3033 ῥάϐδος
2349 2964 2382 3032 ὴ
2406 2963 2468 3016 ἐκ
2493 2963 2590 3033 τῆς
2618 2959 2774 3033 ῥίζης
2804 2962 3000 3015 Ἰεσσαὶ
3023 2964 3051 3014 6
3076 2961 3327 3034 Χριστὸς,
3359 2960 3417 3025 ὃς
3439 2960 3713 3029 ποιμανεῖ

2127 3053 2217 3105 τὸν
2240 3052 2368 3105 λαὸν
2396 3050 2558 3104 αὑτοῦ
2587 3051 2678 3104 τὸν
2708 3049 2826 3103 νέον
2864 3051 3080 3122 Ἰσραὴλ
3106 3051 3164 3104 ἐν
3195 3053 3260 3122 τῇ
3281 3053 3416 3122 νομῇ
3438 3049 3542 3102 τῶν
3564 3050 3698 3102 ἐαυ-

2129 3143 2226 3197 τοῦ
2263 3143 2570 3215 προϐάτων.
2673 3141 2676 3144 ’

2195 3235 2401 3304 Ὥσπερ
2431 3236 2460 3287 ό
2483 3233 2725 3297 διάϐολος
2750 3234 3071 3302 συκοφαντεῖ
3097 3232 3242 3302 ἡμᾶς
3269 3231 3404 3303 πρὸς
3425 3231 3512 3284 τὸν
3533 3229 3696 3294 Θεὸν,

2121 3325 2408 3396 λαμϐάνων
2455 3327 2583 3397 παρ’
2621 3324 2774 3396 ἡμῶν
2824 3323 2924 3389 τὰς
2967 3323 3186 3396 ἀρετὰς,
3227 3322 3291 3387 ἃς
3350 3324 3423 3394 μὴ
3463 3322 3700 3375 δέδωκεν

2122 3419 2274 3487 ἡμῖν,
2310 3415 2450 3469 οὕτω
2476 3417 2570 3469 καὶ
2607 3416 2768 3486 ἡμεῖς
2805 3414 3245 3486 συκοφαντοῦμεν
3278 3415 3436 3467 αὑτὸν
3477 3414 3699 3484 λαμϐάο

2120 3524 2302 3571 νοντες
2323 3510 2450 3579 παρ’
2468 3508 2630 3562 αὑτοῦ
2658 3507 2756 3572 τὰς
2783 3507 2980 3571 κακίας
3001 3507 3066 3571 ἃς
3093 3507 3166 3578 μὴ
3186 3505 3494 3576 δεδώκαμεν
3519 3505 3692 3575 αὐτῷ’

2120 3600 2213 3652 καὶ
2246 3598 2378 3652 καθὸ
2415 3601 2511 3671 μὲν
2544 3599 2887 3671 λαμϐάνομεν
2907 3600 3035 3672 παρ’
3059 3598 3221 3652 αὑτοῦ
3248 3598 3345 3663 τὰς
3373 3599 3588 3662 κακίας,
3614 3598 3700 3662 ὡς

2120 3691 2272 3763 παρὰ
2306 3689 2532 3761 πένητος
2566 3693 2622 3744 ἐν
2661 3692 2882 3762 ἀρεταῖς
2916 3690 3291 3760 λαμϐάνομεν·
3341 3689 3473 3742 καθὸ
3503 3690 3558 3743 δὲ
3591 3688 3697 3752 τὰς

2118 3782 2318 3854 ἀρετὰς
2340 3782 2498 3854 ήμῶν
2522 3781 2772 3852 διδόαμεν
2802 3781 2948 3853 αὐτῷ
2982 3783 3066 3833 ἐπ’
3095 3778 3381 3852 ἐλαττώσει
3415 3781 3588 3852 ήμῶν,
3613 3781 3695 3845 ὡς

2119 3875 2360 3945 πλουσίῳ
2401 3874 2457 3925 ἐν
2499 3872 2666 3943 κακίᾳ
2701 3872 2984 3942 διδόαμενο
3026 3873 3232 3943 μήποτε
3265 3872 3343 3937 δὲ,
3378 3871 3560 3942 φησιν,
3611 3872 3694 3936 ώς

2115 3966 2270 4034 ὀλίγα
2297 3964 2471 4028 διδοὺς
2507 3965 2724 4036 ἄρχοντι
2747 3981 2760 3994 ο
2797 3964 2924 4034 παρ’
2951 3957 2996 4032 ᾧ
3047 3967 3370 4033 συκοφαντεί
3415 3963 3484 4017 τὰ
3518 3964 3694 4017 πλείω

2118 4056 2437 4127 κερδαίνων,
2471 4054 2631 4108 πλέον
2663 4055 2756 4107 καὶ
2791 4054 3086 4124 βλάπτεται
3119 4054 3217 4125 τὴν
3243 4053 3438 4125 ψυχήν.

2198 4149 2256 4200 '0
2277 4150 2390 4212 τοῖς
2416 4147 2712 4216 πανσόφοις
2736 4147 2914 4215 λόγοις
2944 4146 3224 4216 προσέχων
3256 4144 3350 4198 τοῦ
3395 4142 3549 4207 Θεοῦ,
3592 4143 3690 4196 καὶ

2115 4237 2282 4292 ποιῶν
2313 4238 2383 4291 τὰ
2417 4237 2868 4310 προστασσόμενα
2889 4238 2980 4290 ὑπ’
3008 4235 3192 4301 αὐτοῦ,
3231 4231 3385 4301 οὗτος
3414 4237 3688 4305 ἐπέστησε

451 4315 870 4384 cognoscit.'llle
898 4319 1048 4372 audit
1078 4321 1169 4375 Dei
1195 4324 1377 4385 verba,
1417 4325 1506 4393 qui
1536 4342 1658 4394 quae
1689 4334 2012 4387 mandantur

2148 4330 2207 4400 ὴν
2234 4331 2479 4403 καρδίαν,
2515 4332 2609 4386 καὶ
2637 4331 2776 4400 ἔγνω
2807 4332 2887 4384 ὅτι
2914 4331 3067 4384 καλοί
3101 4333 3236 4384 είσιν
3255 4349 3269 4362 υ
3305 4324 3459 4396 οὗτος
3494 4329 3686 4384 ἀκούει

449 4406 518 4460 ab
557 4406 659 4461 illis
701 4409 1038 4477 exsequitur.
1081 4411 1200 4467 Non
1243 4413 1379 4467 enim
1420 4419 1686 4474 auditores
1723 4419 1854 4490 legis
1873 4422 2011 4492 justi

2147 4423 2221 4477 ῶν
2245 4423 2338 4476 τοῦ
2369 4423 2504 4477 Θεοῦ
2539 4424 2732 4492 λόγων,
2759 4426 2786 4477 ό
2814 4423 2981 4478 ποιῶν
3014 4424 3082 4477 τὰ
3116 4425 3563 4496 προστασσόμενα
3588 4424 3689 4476 ὑπ’

449 4500 588 4565 apud
623 4499 824 4567 Deum,
857 4504 945 4556 sed
999 4505 1226 4572 factores
1274 4507 1400 4576 legis
1442 4510 1884 4579 justiﬁcabuntur
1933 4517 2055 4573 “.l

2145 4512 2302 4566 ὑτῶν·
2325 4515 2407 4567 Οὐ
2436 4513 2544 4582 γὰρ
2571 4516 2623 4566 οἱ
2650 4514 2932 4582 ἀκροαταὶ
2954 4513 3058 4568 τοῦ
3072 4515 3256 4582 νόμου
3281 4515 3494 4569 δίκαιοι
3518 4514 3682 4583 παρά

446 4592 596 4658 Quod
624 4597 665 4649 si
696 4596 1103 4654 conﬁrmaverit;
1136 4617 1229 4656 cur
1265 4612 1411 4655 tuum
1444 4607 1509 4657 ad
1543 4606 1823 4662 sciendum
1851 4625 2005 4679 anque

2145 4603 2190 4670 ῷ
2221 4603 2360 4669 Θεῷ,
2387 4606 2520 4658 ἀλλ’
2549 4607 2602 4658 οἱ
2631 4606 2863 4673 ποιηταὶ
2902 4605 3008 4658 τοῦ
3031 4607 3217 4674 νόμου
3249 4605 3679 4676 δικαιωθήσον-

443 4698 500 4743 et.
544 4691 844 4759 agendum;
905 4693 1275 4748 manifestabit
1331 4696 1425 4750 tibi
1483 4697 1624 4752 Deus
1660 4699 1798 4754 viatn
1849 4717 2001 4756 suam

2145 4714 2221 4750 αι.
2262 4695 2384 4750 Ἐάν
2409 4697 2465 4748 δὲ
2499 4698 2799 4769 ἐπιστήσῃς
2842 4698 2939 4768 σὴν
2966 4697 3192 4766 καρδίαν
3228 4697 3322 4751 τοῦ
3356 4697 3556 4766 γνῶναι
3581 4699 3678 4752 καὶ

443 4798 563 4854 qua:
593 4783 723 4838 dicit
749 4801 764 4837 :
799 4782 910 4854 Ego
943 4801 1057 4838 sum
1083 4787 1163 4839 via
1188 4798 1236 4840 et
1269 4790 1460 4843 ueritas
1481 4789 1550 4846 ⁸⁵.

2145 4785 2352 4855 τοιῆσαι,
2381 4786 2636 4857 γνωρίσει
2671 4803 2751 4839 σοι
2784 4788 2882 4856 τὴν
2921 4787 3036 4840 ὁδὸν
3065 4786 3228 4840 αὐτοῦ
3256 4787 3355 4860 τὴν
3379 4787 3636 4843 εἰποῦσαν
3657 4805 3674 4819 ·

2121 4874 2267 4945 Ἐγώ
2291 4877 2406 4944 ειμι
2429 4877 2467 4944 ἠ
2503 4875 2643 4940 ὁδὸς
2665 4875 2762 4928 καί
2786 4877 2823 4942 ἡ
2844 4875 3111 4941 ἀλήθεια.

508 4959 556 4991 ³⁸
587 4958 689 5026 Qui
723 4959 913 5014 dilatat
959 4960 1196 5030 puritate
1229 4977 1325 5016 cor
1353 4979 1530 5032 suum,
1583 4954 1673 5023 Dei
1725 4969 2001 5028 doctrinas

2182 4970 2240 5022 Ὀ
2269 4967 2542 5032 πλατύνας
2567 4968 2655 5022 διά
2685 4969 2784 5038 τῆς
2812 4968 3178 5039 καθαρότητος
3211 4968 3308 5039 τὴν
3329 4967 3552 5039 καρδίαν
3571 4967 3642 5020 αὑ

445 5049 726 5120 intelliget,
755 5053 1044 5121 practicas,
1077 5055 1336 5119 eruditas,
1371 5058 1726 5129 theologicas.
1755 5062 1999 5134 Namque
2046 5082 2048 5084 '

2145 5062 2213 5126 >ῦ,
2252 5063 2432 5133 νοήσει
2460 5062 2584 5126 τοὺς
2617 5061 2709 5116 τοῦ
2749 5060 2883 5114 Θεοῦ
2926 5061 3133 5129 λόγους,
3170 5063 3295 5124 τούς
3341 5079 3399 5114 τε
3433 5077 3670 5132 πρακτιο

442 5139 618 5193 omnis
653 5140 1006 5199 Saloutonica:
1033 5147 1315 5214 scripturae
1347 5152 1592 5217 materia,
1625 5152 1888 5208 trifariam
1917 5158 1999 5210 di-

2145 5157 2248 5218 οὺς,
2292 5155 2543 5218 καὶτοὺς
2589 5156 2954 5222 σοφιστικοὺς,
2996 5155 3090 5208 καὶ
3129 5155 3253 5218 τοὺς
3281 5154 3621 5223 θεολογικούς
3647 5172 3664 5188 ο

439 5230 666 5298 viditur,
693 5234 745 5287 in
786 5238 1041 5304 ethicam,
1076 5240 1352 5310 physicam
1381 5253 1434 5296 et
1466 5244 1836 5314 theologicam.
1866 5247 1997 5302 Per-

2148 5246 2253 5298 ἄσα
2278 5244 2387 5316 γὰρ
2421 5247 2453 5316 ή
2484 5244 2624 5297 κατὰ
2647 5244 2745 5312 τὴν
2772 5244 2993 5316 Γραφὴν
3014 5243 3378 5316 πραγματεία,
3417 5245 3676 5315 τέμνεται

440 5321 762 5376 tiuentvero
778 5325 844 5378 ad
869 5328 1102 5393 primam
1135 5328 1446 5394 Proverbia,
1480 5334 1543 5386 ad
1572 5337 1864 5390 secundam
1897 5337 1997 5391 Ec-

2145 5337 2322 5408 ριχῶς,
2358 5340 2450 5400 είςι
2475 5336 2670 5406 ἠθικὴν
2703 5337 2799 5388 καὶ
2828 5336 3057 5407 φυσικὴν
3085 5337 3178 5388 καὶ
3199 5335 3510 5407 θεολογικήν
3528 5354 3542 5366 ·
3576 5338 3676 5391 καὶ

437 5410 738 5475 etesiastes,
769 5417 832 5467 ad
866 5417 1084 5472 tertiam
1131 5419 1410 5474 Canticum
1452 5423 1789 5478 canticorum
1820 5443 1834 5479 :
1869 5442 1992 5495 quae

2145 5428 2378 5482 κολουθεῖ
2410 5432 2476 5499 τῇ
2507 5431 2602 5500 μὲν
2629 5428 2838 5502 πρώτῃ,
2880 5433 2934 5482 αἱ
2983 5429 3300 5500 Προοιμίαι’
3345 5432 3409 5501 τῇ
3457 5430 3512 5483 δέ
3551 5430 3676 5483 δευ-

439 5500 716 5556 intellecta
747 5518 842 5573 per
874 5508 1164 5574 puritatem
1195 5511 1344 5565 cordi
1397 5511 1797 5581 inscribuntur;
1832 5525 1888 5569 ut
1915 5531 1990 5571 rc-

2145 5520 2246 5590 ἑρα,
2269 5521 2297 5572 6
2331 5500 2863 5591 'Exxiqctaatﬁg'sﬁ
2883 5520 2940 5573 δὲ
2964 5520 3140 5594 τρίτῃ,
3177 5520 3361 5591 ᾊσμα
3383 5500 3667 5592 ᾀσμάτων

507 5592 553 5624 “
586 5595 734 5650 V.l2.
811 5596 1026 5657 "Juan.
1102 5618 1158 5670 κ,
1212 5604 1293 5658 ιι.
1370 5604 1413 5637 ⁸⁸
1442 5607 1604 5663 v.l5.
1684 5608 1806 5664 ην.
1840 5610 1924 5663 14.
1992 5611 2038 5642 ⁸⁸

437 5663 612 5725 Itv,6.
664 5665 710 5697 ⁸⁸
741 5681 786 5719 v.
812 5668 900 5720 20.

2145 5614 2278 5672 v.15.
2340 5613 2558 5670 "v.l6.
2637 5614 2873 5668 ηυγ.
2945 5613 2990 5645 η
3018 5592 3174 5667 ιιοὶιι.
3197 5611 3358 5678 ιι,15.
3405 5612 3480 5648 αειι
3507 5611 3675 5668 ιοειη.

509 5761 620 5832 (15)
659 5761 817 5832 Cod.,
853 5764 1092 5818 πέπωκε.
