3942 6318
150 376 240 431 921
1286 383 1651 442 EXPOSITIO
1692 385 1757 440 IN
1790 385 2206 442 PROVEIIBIA.
3251 392 3357 447 2'2?

148 496 287 562 ειπερ
329 492 592 562 νοηθέντα
646 494 733 548 διά
755 493 1113 568 καθαρότητος
1158 500 1598 572 ἐναπογράφεται
1644 506 1705 574 τῇ

1816 506 2083 574 spondere
2116 502 2311 572 possis,
2339 510 2388 556 te
2406 518 2514 556 esse
2537 513 2775 570 paratum
2822 506 2901 556 ad
2946 505 3353 574 satisfactionem

150 584 359 654 καρδία,
393 584 489 636 τοῦ
513 587 900 658 ἀποκρίνασθαί
928 604 1006 653 σε,
1031 590 1109 655 ὡς
1131 589 1368 660 ἕτοιμον
1384 588 1536 646 εἶναι
1559 593 1705 661 πρὸς

1816 598 1953 648 omni
1980 596 2211 662 poscenti
2245 594 2494 647 rationem
2541 594 2605 646 de
2640 610 2704 647 ea
2752 612 2869 664 ante
2898 597 2952 651 in
2984 606 3033 651 te
3055 610 3125 651 est
3156 615 3246 666 spe
3266 597 3311 632 ⁸⁷
3338 616 3353 665 ;

151 674 477 742 dzolorlar
523 678 699 731 παντὶ
741 680 818 745 τῷ
847 680 1207 748 ἐπερωτῶντι
1249 698 1322 735 σε
1361 685 1546 753 λόγον
1574 685 1705 754 περὶ

1816 688 1922 741 sive
1947 685 2258 739 discendum
2302 683 2375 739 sit
2426 684 2537 739 sive
2570 686 3067 741 contradicendum.
3105 689 3351 744 Vicissim

152 765 254 831 τῆς
276 766 349 818 ἐν
382 766 481 819 σοι
512 768 771 836 ἐλπίδος·
800 771 909 823 εἴτε
934 771 1023 825 διὰ
1055 772 1117 825 τὸ
1144 773 1352 843 μαθεῖν,
1389 776 1497 829 εἴτε
1529 775 1617 829 διὰ
1646 777 1705 829 τὸ

1816 783 1864 827 ιιι
1889 787 2106 841 quoque
2154 786 2248 826 eos
2277 772 2572 839 interroga,
2609 773 2700 842 qui
2732 784 2959 842 possunt
2992 776 3353 849 interrogari;

150 855 523 910 ἁντιτιθεῖναιο
556 860 827 930 ἀντερώτα
865 862 923 915 δὲ
964 864 1057 915 καὶ
1097 864 1160 916 σὺ
1206 866 1331 929 τοὺς
1381 866 1705 938 δυναμένους

1822 867 1977 920 neque
2007 860 2184 906 tamen
2215 851 2321 904 vim
2360 850 2528 908 facias
2562 854 2610 907 ei
2657 857 2749 921 qui
2791 857 3027 912 scientia:
3067 870 3148 914 est
3177 863 3350 931 inops.

148 947 484 1016 ἐρωτᾶσθαιο
539 951 611 1021 μὴ
649 952 828 1022 μέντοι
893 952 1076 1017 βιάζου
1129 954 1220 1007 τὸν
1264 957 1322 1009 ὲν
1366 956 1558 1026 γνώσει
1611 977 1705 1013 πε-

1816 943 1846 974 ίε
1901 941 2102 997 Idcirco
2152 942 2352 997 addit:
2404 941 2588 1013 Neque
2640 945 2936 1003 inhonores
2982 949 3248 1006 inﬁrmum
3300 954 3351 1007 in

146 1037 364 1108 νύμενον
388 1058 402 1071 ·
448 1041 527 1094 διὸ
565 1045 754 1113 ἐπάγει
778 1063 791 1078 ο
838 1046 947 1099 Καὶ
1001 1046 1074 1117 μὴ
1116 1048 1383 1120 ἀτιμάσῃς
1425 1050 1619 1121 ἀσθενῆ
1646 1053 1703 1106 ὲν
1796 1038 1987 1109 Portis-

149 1131 358 1196 πύλαις.

209 1224 273 1275 Οἱ
298 1226 421 1288 τοὺς
432 1225 663 1294 φαύλους
672 1227 1050 1301 ἀναδεχόμενοι
1072 1231 1360 1300 λογισμοὺς
1373 1270 1386 1294 ,
1402 1236 1493 1288 καὶ
1515 1239 1571 1290 ἐν
1589 1236 1704 1290 τού·

144 1335 215 1388 τῳ
237 1321 505 1390 τιμῶντες
520 1324 609 1378 τὸν
622 1325 876 1397 πονηρὸν,
899 1324 1341 1388 σπουδαζέτωσαν
1352 1331 1450 1401 ὅση
1475 1330 1702 1400 δύναμις

144 1409 223 1461 διά
242 1410 359 1463 τῶν
382 1413 601 1481 ἀγαθῶν
641 1416 919 1487 λογισμῶν
948 1416 1254 1471 ἀποδιδόναι
1282 1422 1407 1484 τοὺς
1434 1421 1698 1491 χείρονας

143 1500 231 1554 iis:
253 1502 364 1573 γὰρ
383 1504 456 1574 μὴ
485 1507 741 1576 ἰσχύσωσι
762 1507 918 1561 τοῦτο
938 1508 1178 1579 ποιῆσαι,
1195 1510 1450 1581 λήψονται
1462 1513 1522 1565 τὸ
1540 1512 1705 1583 στρῶ-

147 1609 212 1663 pa
227 1594 293 1647 τὸ
305 1595 408 1649 ὑπὸ
419 1597 516 1662 τὰς
540 1601 778 1672 πλευρὰς
792 1602 891 1673 τῆς
904 1602 1102 1673 ψυχῆς,
1116 1606 1355 1658 τουτέστι
1374 1606 1471 1677 τὴν
1482 1607 1702 1677 ἀρετήν.

213 1683 274 1735 '0
300 1688 606 1754 μετατιθεὶς
628 1689 698 1743 τὰ
726 1693 849 1763 ὅρια
883 1693 981 1762 τῆς
1019 1691 1346 1758 θεοσεϐείας,
1380 1694 1704 1764 δεισιδαιμο-

141 1774 251 1827 νίαν
277 1775 313 1845 ἢ
347 1778 604 1834 ἀσέϐειαν
634 1783 802 1853 αὐτὴν
830 1782 1172 1836 ἀποδείκνυσι
1191 1801 1205 1814 θ
1236 1786 1328 1838 καὶ
1349 1785 1377 1836 ὁ
1406 1784 1707 1855 μετατιθεὶς

1869 1222 1913 1254 ⁸³
1944 1220 2042 1287 Qui
2088 1236 2284 1291 pravas
2313 1220 2629 1277 admiserint
2670 1221 3023 1292 cogitationes
3044 1263 3059 1287 ,
3092 1232 3253 1289 atque
3287 1224 3364 1278 ita

1798 1312 2034 1382 maligno
2060 1313 2273 1369 diabolo
2302 1313 2560 1368 honorem
2594 1314 2900 1378 detulerint,
2932 1316 2985 1369 hi
3026 1332 3125 1384 pro
3154 1316 3375 1370 viribus

1800 1414 1989 1459 curent
2018 1405 2170 1462 bonis
2196 1406 2635 1461 meditationibus
2667 1406 2967 1462 deteriores
2998 1417 3357 1462 commutare.

1801 1498 1845 1530 ⁸ο
1873 1495 1993 1552 Nisi
2032 1498 2172 1552 enim
2206 1499 2258 1552 id
2290 1514 2446 1569 agere
2475 1499 2761 1561 valuerint,
2795 1499 3073 1555 auferetur
3105 1500 3185 1555 eis
3222 1508 3353 1553 stra-

1801 1597 1917 1642 tum
1948 1588 2116 1643 desub
2146 1593 2310 1644 costis
2333 1591 2546 1651 animae,
2582 1590 2634 1641 id
2661 1599 2743 1643 est
2767 1592 2955 1645 virtus.

1877 1673 1919 1703 δι
1953 1672 2050 1738 Qui
2075 1672 2328 1727 transfert
2358 1671 2636 1741 religionis
2668 1672 2931 1727 terminos
2952 1712 2967 1737 ,
3004 1673 3048 1727 is
3099 1670 3359 1738 supersti-

1810 1762 2006 1816 tionem
2043 1761 2129 1815 vel
2166 1761 2334 1828 ipsam
2376 1760 2707 1829 impietatem
2753 1773 2865 1827 prae
2915 1774 2973 1813 se
3002 1758 3125 1813 fert.
3153 1757 3219 1811 Et
3265 1755 3355 1823 qui

138 1865 194 1918 τά
243 1867 374 1939 ὅρια
407 1869 508 1936 τῆς
559 1850 826 1941 ἀνδρείας,
861 1873 1171 1944 θρασύτητα
1216 1875 1249 1945 ἢ
1295 1850 1497 1928 δειλίαν
1537 1876 1705 1947 αὐτὴν

1816 1852 2145 1907 fortitudinis
2170 1850 2430 1904 transfert
2460 1850 2742 1913 terminos,
2775 1850 2818 1904 is
2842 1850 3123 1904 audaciam
3158 1850 3241 1903 vel
3294 1850 3355 1901 ti-

136 1956 528 2028 ἀπεργάζεται·
557 1940 817 2026 ὡσαύτως
837 1940 1007 2018 sint
1036 1940 1127 2017 ἐπὶ
1148 1940 1253 2018 τῶν
1279 1966 1451 2019 ἄλλων
1474 1940 1701 2037 ἀρετῶν,

1816 1946 2101 1999 miditatem
2130 1941 2426 1997 substituit.
2461 1940 2721 1995 Similiter
2762 1941 2827 1995 de
2864 1941 3150 1995 virtutibus
3199 1941 3316 1996 aliis
3339 1979 3355 2006 ,

134 2048 218 2101 καὶ
266 2050 368 2101 ἐπὶ
404 2051 514 2105 τῶν
547 2052 849 2123 δογμάτων,
882 2056 975 2109 καὶ
1021 2057 1107 2108 ἐπ’
1134 2057 1301 2126 αὐτῆς
1336 2057 1433 2128 τῆς
1473 2031 1704 2120 πίστεως

1816 2037 1943 2089 etde
1970 2034 2333 2104 dogmatibus,
2363 2042 2415 2084 et
2443 2032 2508 2084 de
2544 2031 2659 2099 ipsa
2691 2031 2793 2086 fide
2813 2033 3226 2087 existimandum
3250 2043 3353 2088 est.

132 2140 388 2211 ωητέον·
429 2142 662 2213 μάλιστα
692 2145 748 2197 δὲ
788 2146 944 2199 τοῦτο
974 2148 1237 2220 τηρητέον
1261 2123 1372 2200 -ὲπὶ
1392 2123 1510 2218 ’τῆς
1547 2149 1705 2216 ἁγίας

1816 2125 2086 2193 Praecipue
2111 2139 2238 2178 vero
2272 2123 2378 2177 hoc
2414 2123 2809 2177 observandum
2840 2132 2925 2176 est
2950 2124 3091 2178 circa
3116 2134 3357 2179 sanctam

130 2231 387 2303 Τριάδος·
412 2235 442 2286 ὁ
468 2234 574 2305 γὰρ
608 2236 677 2307 μὴ
706 2236 963 2306 θεολογῶν
987 2215 1061 2291 τδ
1080 2215 1300 2311 Πνεῦμα
1314 2240 1374 2292 τὸ
1400 2215 1570 2307 ἅγιον,
1596 2215 1705 2291 δια-

1816 2217 2151 2272 Trinitatem.
2193 2215 2323 2270 Nam
2350 2217 2439 2284 qui
2472 2216 2636 2269 Deum
2662 2231 2766 2269 non
2796 2215 2934 2269 dicit
2954 2226 3196 2269 sanctum

126 2321 247 2376 λύει
280 2323 348 2377 τὸ
391 2323 694 2397 βάπτισμα’
724 2329 751 2379 ὁ
780 2328 834 2381 δὲ
872 2330 965 2381 καὶ
998 2329 1190 2394 ἄλλους
1225 2306 1380 2394 τινὰς
1418 2306 1698 2401 ὀνομάζων

1816 2309 1967 2363 ritum
1999 2308 2134 2378 (14),
2162 2308 2430 2376 baptisma
2465 2306 2735 2360 destruit:
2765 2306 2860 2374 qui
2896 2320 3023 2359 vero
3044 2306 3175 2359 alios
3202 2322 3361 2373 quos-

131 2413 313 2477 θεοὺς,
353 2415 524 2486 δῆμον
553 2418 756 2484 είσάγει
786 2416 918 2471 θεῶν
939 2436 952 2449 ο
976 2420 1007 2489 ἢ
1042 2420 1137 2473 καὶ
1161 2420 1258 2483 τὰς
1294 2421 1420 2491 περὶ
1444 2396 1698 2491 πράγμα-

1816 2402 1923 2455 .lam
1962 2399 2202 2453 nominat
2235 2400 2387 2463 deos,
2422 2398 2465 2450 is
2509 2397 2733 2451 deorum
2770 2396 3024 2465 populum
3050 2397 3367 2451 introducit.

134 2521 217 2565 τος
252 2504 490 2557 ἑκάστου
522 2506 791 2574 πατρικὰς
836 2486 1129 2575 διατάξεις,
1182 2510 1275 2563 καὶ
1306 2486 1501 2563 τούτου.
1540 2486 1697 2580 χάριν

1816 2504 1930 2547 ηιειιι
1961 2493 2027 2545 de
2057 2492 2216 2544 rebus
2246 2489 2477 2559 singulis
2512 2498 2724 2558 patrum
2760 2488 3182 2544 constitutiones
3223 2486 3364 2557 (qua!

143 2592 315 2662 μένειν
345 2593 697 2662 ὀφειλούσας,
726 2597 799 2667 μὴ
836 2599 1140 2667 μετακινεῖν
1168 2598 1266 2652 δεῖ.

1816 2595 2083 2653 ποριρτοιι
2123 2597 2474 2651 perseverare
2502 2582 2722 2653 debent)
2774 2596 3113 2651 nequaquam
3150 2589 3365 2650 oportet

737 2704 743 2713 ”
1799 2689 2168 2733 commovere.

1573 2777 1723 2832 CAP.
1762 2771 1949 2829 XXIII.

207 2873 481 2946 Δυνάστην
506 2874 734 2930 ἐνταῦθα
756 2876 846 2930 τὸν
869 2875 1109 2930 διάϐολόν
1139 2893 1319 2947 φησιν’
1352 2873 1613 2947 τράπεζαι
1645 2874 1701 2928 δὲ

1881 2868 1925 2900 ⁶²
1981 2867 2277 2939 Dynastam
2331 2880 2475 2920 nunc
2510 2864 2782 2921 diabolum
2812 2864 2989 2923 dicit:
3030 2879 3229 2921 mensae
3263 2879 3361 2917 au-

150 2964 299 3019 αὑτοῦ
335 2968 441 3020 εἶσι
482 2966 982 3039 ψευδομαρτυρίαι,
1036 2967 1311 3038 λοιδορίαι,
1362 2967 1694 3025 καταλαλιαὶ,

1816 2977 1911 3020 lem
1949 2965 2070 3033 ejus.
2096 2970 2220 3016 sunt
2258 2960 2387 3016 falsa
2422 2961 2745 3027 teatimouia,
2781 2959 3052 3026 convicia,
3086 2960 3359 3017 obtrecta-

152 3058 459 3129 συμϐουλίαι
478 3061 664 3123 κακαὶ,
694 3060 977 3131 ἐπιθυμίαι
1008 3060 1249 3130 αἰσχραὶ,
1276 3061 1369 3112 καὶ
1386 3061 1490 3113 πᾶν
1526 3059 1699 3113 ὁτιοῦν

1816 3059 2005 3120 tiones,
2034 3054 2434 3123 coniurationes
2465 3053 2635 3117 malae,
2691 3063 2872 3121 turpes
2913 3051 3361 3126 cupiditates,“

156 3151 427 3205 σατανικδν
455 3151 825 3223 ἐπιτήδευμαο
874 3151 1045 3206 ταῦτα
1084 3152 1140 3204 δὲ
1178 3152 1588 3223 παρατιθέμενά
1621 3169 1700 3205 σοι

1816 3165 1964 3207 smne
2013 3148 2289 3218 quodlibet
2341 3147 2640 3201 salanicutu
2683 3160 2837 3220 opus.
2879 3148 3001 3205 Hmc
3035 3150 3219 3205 omnia
3265 3148 3357 3204 tibi

156 3241 246 3295 ὑπὸ
273 3243 366 3296 τοῦ
403 3242 663 3314 πονηροῦ,
701 3242 904 3313 νοητῶς
940 3245 1072 3308 νόει,
1100 3246 1193 3299 καὶ
1219 3245 1438 3298 ἐπίϐαλε
1463 3245 1563 3316 τὴν
1596 3244 1703 3298 διά-

1816 3240 2046 3310 mpposita
2078 3255 2108 3292 a
2145 3237 2402 3306 maligno,
2444 3238 2766 3310 spiritaliter
2797 3241 3061 3311 intelligo,
3113 3250 3168 3294 et
3207 3255 3360 3295 men-

155 3337 285 3388 νοιάν
318 3353 436 3401 σου,
465 3338 494 3390 ὅ
527 3337 671 3391 ἐστιν
702 3337 733 3409 ή
777 3335 922 3409 χείρ’
960 3336 1114 3405 εἰδὼς
1147 3338 1228 3394 ὅτι
1272 3337 1492 3395 τοιαῦτά
1539 3353 1598 3394 σε
1628 3336 1705 3394 δεῖ

1817 3343 1922 3390 tem
1955 3340 2102 3389 tuam
2128 3330 2372 3400 intende,
2401 3348 2521 3403 qua:
2555 3333 2643 3387 hic
2675 3331 2877 3386 dicitur
2914 3346 3124 3396 manus,
3181 3332 3363 3387 sciens

158 3427 574 3497 παρασκευάσαι,
603 3423 690 3480 οἷα
710 3429 804 3481 καὶ
827 3432 1272 3502 συμπαρεστάναι
1302 3448 1383 3483 σοι
1405 3430 1705 3499 ὀφείλουσιν

1816 3444 1834 3480 a
1865 3436 1916 3481 te
1943 3428 2067 3482 talia
2108 3440 2231 3482 esse
2272 3425 2582 3496 apparando
2628 3423 2673 3454 ⁶³
2700 3463 2715 3487 ,
2743 3438 2865 3492 qua:
2910 3422 3002 3476 tibi
3033 3423 3366 3491 patrocinari

159 3520 209 3571 ἐν
226 3520 403 3591 ἡμέρᾳ
435 3522 659 3591 Κυρίου,
695 3522 780 3574 ὅτε
804 3521 1063 3591 ἀπονέμει
1089 3522 1299 3591 ἑκάστῳ
1324 3521 1463 3574 κατά
1481 3520 1549 3572 τὰ
1574 3520 1709 3591 ἔργα

157 3610 323 3663 αὑτοῦ·
357 3613 407 3663 εἰ
434 3611 490 3664 δὲ
513 3612 909 3683 ἀπληστότερος
934 3608 1004 3676 εἷ,
1037 3613 1131 3666 καὶ
1154 3613 1323 3684 ὀρέγῃ
1353 3612 1462 3665 τῶν
1487 3613 1708 3685 ὑψηλῶν

160 3704 241 3756 καὶ
286 3702 545 3756 πλειόνων
600 3705 693 3757 καί⁹
740 3703 999 3774 μειζόνων
1028 3744 1042 3768 ,
1090 3704 1248 3757 ἅτινά
1286 3705 1391 3756 είσι
1443 3703 1560 3756 θεῖα
1618 3707 1710 3757 καὶ

159 3792 301 3855 Θεοῦ,
324 3794 398 3863 μὴ
423 3793 676 3862 ὲπιθύμει
692 3792 801 3846 τῶν
817 3791 911 3845 τοῦ
932 3790 1169 3862 πονηροῦ
1192 3790 1520 3861 ἐδεσμάτωνο
1539 3789 1711 3844 ταῦτα

160 3881 257 3952 γὰρ
282 3881 461 3952 ἔχεται
491 3881 634 3951 ζωῆς
668 3880 1024 3951 προσκαίρου,
1056 3882 1084 3932 δ
1121 3882 1235 3932 ἐστι
1260 3878 1487 3949 ψευδοῦς
1506 3896 1519 3908 ·
1552 3879 1631 3931 δεῖ
1653 3880 1710 3933 δὲ

159 3976 245 4045 τὴν
275 3974 419 4028 Θείαν
444 3974 663 4046 Γραφὴν
690 3972 894 4044 νοητῶς
918 3972 1149 4025 νοεῖσθαι
1182 3973 1275 4025 καὶ
1310 3971 1706 4042 πνευματικῶς

162 4066 193 4135 ή
221 4065 319 4136 γὰρ
352 4064 494 4118 κατά
516 4063 614 4135 τὴν
653 4063 889 4135 ἱστορίαν
913 4062 1143 4135 αἰσθητὴ
1177 4063 1394 4132 γνῶσις,
1427 4064 1528 4116 οὐκ
1565 4061 1710 4115 ἐστιν

163 4157 352 4229 ἀληθής
385 4156 521 4227 (15)-

238 4248 352 4302 Ἐἀν
389 4247 612 4300 ἑλκύσαι
650 4244 739 4299 τὸν
778 4243 917 4297 θεῖον
955 4244 1078 4298 νοῦν
1112 4246 1247 4316 πρὸς
1284 4246 1344 4298 τὸ
1380 4245 1538 4316 ῥητὸν
1570 4243 1712 4298 κατά

166 4342 249 4413 τὴν
275 4340 374 4407 ἔξω
406 4340 564 4410 μόνον
602 4340 789 4411 ὅρασιν
810 4337 1090 4410 ἐθελήσῃς,
1113 4336 1411 4399 ἀσύστατος
1435 4334 1508 4389 ῶν
1529 4338 1606 4399 είς
1619 4336 1711 4389 τὸν

171 4434 279 4487 [om
309 4429 451 4485 οἷκον
483 4432 750 4500 ἀποφοίτα
769 4472 783 4495 ,
815 4433 873 4494 ὃς
916 4432 1032 4483 ἐστι
1066 4430 1126 4483 τὸ
1172 4429 1502 4500 κατάλληλον
1546 4427 1708 4483 αὑτοῦ

173 4527 403 4599 θεώρημα
420 4544 434 4557 ·
469 4525 747 4596 πτέρυγας
771 4524 909 4594 ἔχων
933 4524 1029 4587 τὰς
1060 4522 1166 4575 ὑπὸ
1189 4521 1282 4575 τοῦ
1316 4521 1709 4594 προεστηκότος

174 4620 307 4673 αὐτοῦ
321 4620 476 4689 ἁγίου
490 4617 630 4671 Πνεύ
640 4635 800 4687 ματος
816 4614 1341 4679 κατασκευασθείσας
1356 4614 1522 4685 αὐτῷ,
1544 4614 1710 4686 αἴπερ

174 4714 261 4765 εἰσὶ
274 4714 335 4766 τὰ
363 4709 711 4781 πνευματικά
743 4709 1089 4781 χαρίσματα·
1130 4708 1343 4762 ἄπεισιν
1379 4703 1470 4762 οὖν
1508 4705 1710 4777 ὑψηλὸς

176 4804 289 4876 ὑπὲρ
312 4804 470 4860 αὐτὸν
494 4804 569 4866 ὡς
592 4803 763 4855 εἰπεῖν
786 4801 876 4854 τὸν
902 4800 1095 4874 αἰθέρα
1114 4816 1128 4830 ο
1154 4800 1214 4853 τὸ
1240 4795 1330 4853 οὖν
1359 4799 1431 4871 μὴ
1457 4799 1708 4870 ὑπεράνω

226 4962 265 4993 ⁸⁷
289 4961 303 5015 l
330 4960 478 5015 Petr.
510 4975 593 5025 Ill,
629 4960 717 5014 I5.
793 4960 839 4991 ⁵⁸
874 4975 924 5012 v.
950 4957 1040 5012 22.
1104 4959 1148 4990 "
1175 4974 1227 5010 v.
1255 4958 1345 5013 26.
1422 4959 1465 4989 ⁶⁰
1494 4974 1546 5013 v.
1583 4959 1671 5012 27.

234 5054 329 5123 (li)
353 5053 737 5107 Animadverte
778 5052 1141 5108 testimonium
1166 5050 1413 5122 Origenis
1437 5053 1502 5107 de
1525 5051 1703 5122 Spiri-

189 5135 256 5178 tus
276 5124 436 5176 sancti
471 5123 776 5176 divinitate.

244 5193 342 5263 (I5)
373 5192 537 5246 Vides
568 5192 817 5262 Origenis
870 5190 1069 5263 dictum
1120 5190 1328 5263 insigne
1355 5206 1452 5263 pro
1479 5190 1705 5263 mystico

186 5262 232 5318 S.
259 5260 543 5331 Scriptura:
573 5260 760 5320 sensu.
808 5261 900 5329 qui
950 5269 1230 5331 tantopere
1277 5260 1378 5329 ipsi
1411 5261 1461 5313 in
1497 5261 1703 5315 deliciis

180 5334 270 5395 fuit,
294 5330 463 5401 eoque
487 5332 755 5385 interdum
793 5331 1011 5394 abusus,
1050 5342 1111 5383 ut
1136 5330 1367 5395 scimus;
1400 5346 1517 5401 qute
1545 5346 1704 5384 causa

178 5404 255 5455 fuit
280 5400 562 5456 Theodoro
590 5401 970 5469 MopsueSIeno
1008 5416 1149 5469 opus
1202 5400 1466 5454 condendi
1514 5411 1706 5454 contra

178 5473 459 5542 allegoricos
488 5510 503 5536 ,
538 5471 947 5542 prtesertimque
984 5468 1307 5542 iOrigencm.
1364 5470 1427 5523 Et
1476 5471 1697 5538 quidem

179 5537 441 5597 consulesis
497 5537 747 5609 ﬂuetium
800 5540 851 5593 in
884 5537 1236 5609 Origenianis
1299 5537 1507 5608 quaest.
1552 5554 1698 5602 xm,

180 5612 337 5681 p.2i0
378 5626 533 5680 seqq.
574 5608 822 5681 Origenes
869 5608 1079 5681 (inquit
1110 5609 1589 5681 _S.A|Iie_ronymus
1651 5609 1703 5661 in

179 5677 362 5751 prologo
390 5677 581 5736 ad'lib.
616 5677 737 5751 vin
768 5677 1004 5751 leniant)
1059 5678 1241 5751 liberis
1282 5677 1549 5751 allegoria:
1578 5695 1705 5746 spa-

182 5748 246 5804 liit
268 5748 529 5823 evagatur,
565 5760 611 5803 et
643 5749 991 5823 interpretatis
1018 5749 1317 5823 nominibus
1352 5748 1702 5823 singulorum,

184 5816 406 5894 ingeniu'm
455 5836 615 5877 suum
670 5817 796 5887 facit
824 5817 1075 5873 Ecclesia:
1123 5827 1473 5872 sacramenta.
1535 5816 1707 5873 Recta

1748 4961 1790 4993 ⁶¹
1831 4959 1995 5015 v.28.
2075 4959 2119 4989 θ’
2147 4973 2198 5011 v.
2229 4959 2278 5013 I.
2357 4957 2404 4989 ”
2439 4973 2490 5012 v.
2526 4956 2581 5013 2.

1807 3520 2016 3588 possint
2047 3520 2100 3573 in
2137 3519 2226 3573 die
2268 3517 2505 3579 Domini,
2536 3530 2662 3569 cum
2699 3515 2745 3569 is
2787 3515 3223 3569 remunerahitur
3251 3515 3363 3566 sin-

1808 3610 1960 3679 gulos
1988 3611 2279 3665 secundum
2302 3622 2467 3675 opera
2496 3621 2709 3660 eorum.
2740 3603 2894 3671 Quod
2933 3605 2976 3657 si
3006 3604 3364 3657 insatiabilior

1807 3715 1888 3768 es,
1921 3701 2181 3769 cupisque
2210 3700 2317 3753 alta
2347 3707 2398 3751 et
2426 3696 2579 3765 plura
2612 3705 2775 3763 atque
2800 3692 3002 3762 majora
3024 3732 3039 3757 ,
3073 3709 3192 3760 qua:
3241 3704 3367 3748 sunt

1808 3793 2049 3851 coelestia
2079 3807 2144 3846 ac
2168 3791 2371 3853 divina,
2401 3802 2533 3843 cave
2567 3786 2788 3856 ligurias
2819 3785 2960 3839 circa
2990 3784 3203 3855 maligni
3234 3784 3362 3839 edu-

1811 3885 1881 3939 lia
1917 3903 1932 3938 :
1966 3885 2082 3939 hare
2114 3882 2258 3937 enim
2289 3881 2437 3934 brevi
2473 3879 2581 3931 vita
2620 3878 2891 3942 fruuntur,
2928 3877 2980 3931 id
3032 3886 3116 3931 est
3164 3875 3362 3931 fallaci.

1811 3976 2038 4046 Oportet
2064 3984 2241 4028 autem
2270 3972 2507 4026 divinam
2538 3970 2871 4039 Seripturam
2928 3967 3366 4023 intellectualiter

1809 4085 1872 4124 ac
1901 4067 2220 4139 spiritaliter
2247 4064 2472 4133 intelligi
2509 4080 2523 4116 :
2556 4078 2678 4117 nam
2707 4076 2828 4132 quae
2866 4062 3160 4117 secundum
3196 4062 3364 4116 histo-

1810 4158 1943 4214 riam
1972 4167 2058 4214 est
2090 4157 2387 4211 materialis
2426 4153 2598 4221 nmio,
2626 4170 2755 4209 vera
2791 4170 2895 4209 non
2924 4162 3025 4209 est.

1879 4251 1925 4284 “
1954 4251 2009 4307 Si
2038 4250 2256 4306 trahere
2279 4250 2517 4306 divinum
2558 4264 2799 4313 sensum,
2821 4249 2981 4317 juxta
3010 4246 3266 4308 litteram,
3298 4245 3385 4316 ad.

1810 4352 2091 4398 externum
2152 4343 2529 4397 tantummodo
2574 4349 2926 4409 conspectum
2980 4335 3260 4397 volueris,
3320 4332 3364 4383 is

1814 4435 2160 4490 fundamento
2196 4451 2389 4490 carens
2419 4434 2488 4487 ad
2518 4432 2790 4503 proprium
2826 4426 3156 4483 domicilium
3182 4438 3369 4478 rever-

1815 4537 1981 4590 tetur,
2005 4542 2123 4595 qua:
2150 4537 2235 4582 est
2259 4525 2584 4582 conveniens
2614 4523 2691 4575 illi
2726 4520 2951 4574 tbeoria.
2984 4518 3090 4573 Sed
3126 4516 3241 4571 alas
3266 4517 3366 4570 ha-

1814 4620 1947 4674 bens
1978 4634 2006 4672 a
2034 4619 2299 4686 dirigente
2344 4616 2512 4683 ipsam
2557 4623 2745 4667 sancto
2773 4612 2976 4681 Spiritu
3029 4610 3320 4664 fabricatas
3346 4648 3367 4672 ,

1814 4725 1934 4779 qua:
1960 4719 2087 4764 sunt
2145 4711 2411 4779 spiritalia
2459 4709 2816 4773 charismata,
2854 4705 2967 4759 abit
2996 4702 3249 4757 sublimis
3279 4716 3367 4754 su-

1816 4819 1910 4872 per
1938 4804 2111 4872 ipsum
2145 4814 2205 4856 ut
2236 4805 2308 4857 ita
2348 4803 2522 4856 dicam
2559 4801 2840 4854 aetherem.
2877 4798 3020 4867 Ergo
3072 4795 3212 4850 nolle
3242 4808 3375 4847 cou-

2681 4955 2725 4986 “
2758 4969 2812 5013 v.
2845 4954 2899 5008 5.

1811 5056 1939 5109 item
1972 5054 2143 5109 eidem
2173 5052 2387 5120 Origeni
2420 5050 2793 5120 contradicere
2826 5049 3037 5120 videtur
3078 5043 3135 5099 S.
3170 5043 3373 5112 Grego-

1813 5127 1931 5179 rius
1963 5124 2220 5192 PP.,qui,
2249 5118 2349 5175 eisi
2388 5121 2673 5190 plurimum
2718 5118 3007 5192 allegorice
3058 5119 3373 5192 anagogieof

1812 5212 1918 5259 que
1944 5185 2132 5248 sensui
2170 5185 2432 5251 indulsit,
2487 5200 2718 5243 attamen
2763 5185 2846 5242 ini
2871 5186 3022 5241 calce
3044 5187 3213 5259 primi
3246 5185 3366 5259 hbr’

1814 5255 2099 5318 Horatium
2150 5267 2202 5317 in
2232 5264 2444 5328 Jobum,
2488 5263 2559 5314 ita
2603 5263 2874 5328 sapienter
2905 5256 3217 5328 concludit:
3258 5255 3374 5308 Hoc

1817 5349 2127 5403 magnopere
2153 5335 2396 5403 petimus,
2423 5342 2478 5384 ut
2510 5331 2597 5400 qui
2626 5327 2692 5382 ad
2732 5329 3036 5403 spiritalem.
3074 5327 3369 5403 intelligen-

1814 5396 1942 5457 tiam
1978 5396 2195 5456 utentem
2236 5402 2492 5460 sublevat,
2520 5396 2580 5452 ἰι
2624 5400 2952 5453 veneratione
2983 5396 3218 5450 historia:
3266 5411 3369 5449 non

1813 5474 2039 5526 recedat.
2067 5473 2428 5526 Nihilominus
2461 5473 2511 5523 in
2558 5471 2711 5523 libris
2758 5467 3007 5536 Origenis
3038 5467 3279 5521 infinitus
3307 5481 3369 5518 ac

1812 5543 2237 5611 pretiosissimus
2264 5551 2346 5596 est
2378 5541 2731 5612 mysticarum
2764 5538 3159 5612 moraliurnque
3202 5536 3370 5612 inter-

1812 5607 2172 5680 pretatiouum
2230 5607 2553 5671 thesauius;
2600 5620 2654 5662 et
2705 5610 2819 5677 ipse
2868 5607 3367 5680 Chrysostomusin

1812 5672 2228 5758 l’roverbioruin
2261 5697 2289 5734 a
2324 5682 2481 5758 nobis
2515 5681 2656 5735 edita
2690 5672 3066 5750 eiplanatidne
3098 5672 3371 5745 spiritales

1810 5765 2005 5806 sensus
2029 5750 2257 5808 libenter
2279 5750 2544 5821 sequitur.
