3942 6318
477 387 578 445 223
1355 379 1905 435 SUPPLEMENTUM
1946 380 2036 434 AD
2068 375 2388 435 ORIGENIS
2423 375 2830 434 EXEGETICA.
3595 378 3700 435 ‘22!

481 496 741 552 scendere
769 510 932 566 supra
960 495 1219 555 litteram,
1245 494 1340 548 sed
1375 494 1653 550 mordicus
1692 495 1820 550 huic
1867 494 2023 550 inhie-

2135 495 2329 564 χωρεῖν
2364 491 2457 545 τοῦ
2496 491 2691 563 ῥητοῦ,
2732 492 2842 546 ἀλλ’
2865 492 3162 564 ἀπλήστως
3192 490 3338 566 ἔχειν
3361 491 3495 562 πρὺς
3541 494 3707 557 αὐτὰ,

483 605 626 654 rere,
657 589 806 642 falsa:
835 585 1262 658 vitmproprium
1289 593 1393 640 est.

550 679 596 712 ⁸⁸
637 679 693 733 Si
717 680 931 733 invidus
955 679 1193 731 triticum
1220 677 1802 747 impietatiszeomedat,
1833 687 1888 733 et
1910 679 2060 734 vino:

479 769 762 840 illegitimo
789 767 1050 830 ebrietur,
1085 781 1190 821 non
1209 769 1996 838 oporteteumrhocconvivari
2013 787 2055 836 ;:

482 876 656 932 neque
700 861 840 915 enim
890 859 1270 927 expedit-ﬁeri
1301 860 1521 931 impium
1554 874 2057 932 ac'peecatorema

479 951 962 1021 nam-huiusmodi
1021 951 1336 1021 iniquitates
1392 953 1713 1024 spiritalenr
1753 956 2034 1011 scientiam

379 1100 396 1118 δ
475 1045 838 1114 pessutndant.

549 1132 593 1164 “
623 1129 764 1184 Nihil
801 1129 951 1184 dicas
999 1129 1258 1198 prudens,
1290 1128 1483 1200 inquit,
1517 1129 1570 1184 id
1621 1137 1708 1184 est
1760 1145 1922 1198 grave
1967 1147 2033 1188 ac

477 1225 792 1296 mysticum;
841 1240 955 1280 non
991 1224 1134 1279 enim
1179 1230 1479 1292 te‘oportet
1507 1223 1829 1292 margaritas
1851 1222 2032 1293 ‘proji-

475 1331 598 1372 cere
630 1325 756 1372 ante
781 1331 993 1386 porcos.
1907 1342 1910 1346 ·

541 1407 584 1438 ⁸⁷
627 1391 911 1461 Terminus
954 1416 1188 1463 teternos
1237 1409 1632 1481 religionis-ne
1693 1413 2029 1484 transferas;

470 1509 646 1564 neque
683 1497 750 1550 ad
793 1497 1068 1565 regionem
1109 1499 1340 1555 accedas
1366 1516 1576 1557 eorum
1609 1504 1702 1574 qui
1744 1521 1880 1562 se-a
1923 1508 2033 1566 Deo

470 1586 845 1655 sejuuxerunt,
890 1599 942 1642 et
996 1591 1394 1658 possessionem
1434 1593 1738 1652 daemonum
1771 1600 2030 1656 malitiam

471 1678 726 1743 retinent,
755 1677 907 1746 cujus
931 1693 1091 1734 causa
1129 1684 1338 1737 caelesti
1366 1683 1732 1743 Patre‘orbati
1755 1701 1902 1746 sunt.
1930 1687 2029 1758 Qui

470 1769 612 1821 enim
645 1783 738 1824 eos
769 1769 1061 1824 vindicavit
1089 1787 1154 1826 ex
1185 1775 1422 1830 tenebris
1446 1777 1500 1830 in
1531 1777 2029 1849 splendidissimam

470 1856 671 1922 lucem,
707 1857 861 1914 fortis
891 1870 999 1915 est.-

540 1950 586 1982 ⁸⁸
613 1950 780 2006 Filius
815 1953 952 2007 bene
977 1964 1216 2010 moratus
1248 1955 1388 2012 labia
1427 1974 1524 2015 sua
1556 1961 1610 2016 in
1646 1965 1910 2033 sapientia
1934 1983 2029 2023 ex-

469 2043 674 2098 ercebit
701 2058 717 2110 ;
749 2043 1098 2115 vicissimque
1131 2047 1397 2119 sapientia
1432 2067 1554 2106 cum
1599 2067 1664 2108 eo
1694 2059 2032 2128 colloquetur

467 2149 533 2188 ac
567 2135 938 2204 permanebit:
973 2146 1031 2191 at
1054 2151 1343 2206 perversus
1371 2142 1528 2198 illam
1550 2147 1781 2202 amittet.

536 2227 581 2258 θ’
606 2227 663 2281 Si
697 2229 890 2283 timore
922 2229 1129 2291 Domini
1165 2232 1401 2288 declinat
1424 2234 1622 2306 aliquis
1650 2254 1678 2293 a
1711 2241 1877 2307 malo,
1911 2245 2032 2315 pul—‘

462 2319 592 2374 chre
621 2319 870 2375 hortatur
921 2330 980 2376 ut
1009 2335 1104 2392 per
1131 2338 1349 2381 omnem
1388 2328 1562 2384 vitam
1588 2330 1657 2385 ab
1692 2335 1840 2389 omni
1889 2338 2028 2394 malo

461 2409 812 2465 declinemus.

529 2499 576 2532 ⁷ο
602 2500 857 2571 Quisquis
889 2505 1096 2560 malitia
1124 2515 1210 2562 est
1237 2508 1442 2574 ebrius,
1468 2519 1523 2566 et
1560 2526 1628 2566 ex
1647 2516 1917 2585 sapientia
1952 2519 2019 2573 ad
2046 2536 2051 2538 ·

461 2594 732 2649 inscitiam
781 2599 936 2665 quasi
989 2601 1232 2656 rnmchus
1276 2605 1534 2667 transilit,
1593 2606 1788 2663 divinae
1840 2613 2025 2682 gratiae

455 2690 562 2742 erit
589 2689 774 2756 inops;
809 2705 984 2759 neque
1022 2703 1175 2748 veste
1205 2698 1430 2766 nuptiali
1478 2700 1731 2755 induetur
1776 2705 2023 2774 quisquis

459 2778 514 2831 in
546 2779 876 2835 datinoniaca
925 2791 1083 2837 nocte
1114 2785 1436 2854 dorrnitans,
1468 2805 1688 2846 carnem
1733 2809 1887 2849 suam
1930 2797 2024 2851 de-

459 2869 572 2922 triti
627 2871 802 2926 instar
850 2875 1138 2942 panniculi'
1174 2870 1511 2936 vulneratam
1566 2893 1832 2953 atterens,
1893 2887 2021 2957 facit

456 2959 765 3014 incendium
800 2962 1080 3030 gehennae.
1113 3007 1116 3012 .

527 3049 571 3081 “
604 3051 694 3104 Ait
725 3054 908 3108 senior
929 3056 1167 3124 quidam,
1195 3059 1426 3114 animam
1449 3077 1570 3120 esse
1602 3074 1829 3120 matrem
1872 3083 2041 3124 men--

456 3142 562 3205 tis;
610 3144 802 3200 animae
848 3151 1126 3206 vocabulo.
1155 3155 1416 3210 denotans
1477 3157 1779 3225 patheticas
1826 3161 2018 3217 animae

452 3235 765 3303 qualitates,
815 3239 1072 3309 impetum
1109 3253 1165 3299 et
1191 3247 1542 3315 cupiditatem
1571 3265 1584 3302 :
1615 3250 1818 3304 etenim
1845 3252 2018 3307 virtu-

456 3337 568 3379 tum
599 3330 866 3386 exercitio
902 3333 955 3386 in
991 3333 1168 3389 lucem
1197 3346 1432 3392 mentem
1465 3339 1649 3394 educit
1687 3358 1700 3394 :
1751 3341 2014 3410 siquidem

452 3416 769 3476 fortitudine
809 3439 874 3478 ac
909 3429 1259 3497 temperantia
1308 3429 1630 3500 sapientiam
1665 3432 2040 3502 adipiscimur.

453 3522 510 3562 et
561 3512 843 3568 scientiam
892 3515 1012 3583 Dei,
1071 3532 1362 3588 quassum
1411 3521 1642 3577 virtutes
1690 3523 1922 3593 impetus
1960 3535 2016 3579 et

449 3603 787 3672 cupiditatis.
842 3607 1103 3666 Fortasse
1154 3611 1353 3682 aliquis
1405 3613 1837 3671 dicetmatrettt
1894 3631 2037 3673 esse

450 3694 859 3754 Testamentum
890 3712 1046 3758 vetus
1071 3697 1215 3773 quod
1254 3708 1757 3782 contemnirnequit.

519 3787 566 3818 ⁷⁸
590 3786 854 3844 Homines
889 3795 993 3847 hoc
1043 3793 1165 3849 loco
1200 3795 1332 3850 dicit
1385 3796 1771 3868 magistrorum
1805 3799 2011 3869 scripta

448 3875 744 3932 volumina.
785 3879 890 3945 Qui
943 3897 1075 3938 vero
1118 3890 1333 3954 operati
1375 3889 1536 3943 simul
1565 3898 1694 3946 sunt
1721 3891 2010 3946 etdo‘cue-

449 3977 598 4033 runt,
641 3969 856 4038 iterque
879 3973 934 4025 in
967 3974 1165 4028 caelum
1200 3976 1462 4048 iecerunt,
1495 3983 1891 4038 ambulationes
1917 3997 2012 4038 no-

449 4056 692 4112 minavit.
731 4058 881 4113 Multi
911 4061 1056 4114 enim
1087 4063 1339 4120 doctores
1356 4083 1698 4139 nequaquam
1722 4075 1788 4126 ad
1812 4074 2032 4128 caelum

447 4143 552 4197 iter
585 4145 852 4213 fecerunt,
885 4152 1013 4219 quia
1044 4153 1194 4206 dicta
1231 4158 1454 4224 propria
1489 4175 1598 4213 non
1628 4161 2006 4219 observarunt.

445 4235 580 4290 Nam
611 4240 702 4307 qui
737 4240 963 4296 disserit
1001 4244 1054 4297 in
1091 4246 1549 4304 ambulationibus
1575 4251 1702 4315 (hoc
1733 4261 1834 4308 est
1864 4257 2007 4316 enim

447 4327 625 4382 facere
665 4343 720 4384 et
775 4333 1010 4405 docere),
1045 4335 1202 4405 digne
1233 4341 1477 4394 ambulat
1512 4344 1798 4400 vocatione
1829 4360 1946 4414 qua
1974 4361 2029 4401 at

445 4415 558 4472 Deo
589 4435 718 4474 voca
728 4429 813 4476 tus
846 4423 972 4479 fuit.

513 4503 713 4562 Mentis
741 4523 1023 4577 peccatum
1061 4517 1236 4573 simile
1266 4519 1482 4587 phialae,
1513 4537 1691 4593 opera:
1722 4536 2002 4596 peccatum
2038 4554 2080 4608 υ

440 4598 654 4666 poculo.
692 4601 930 4672 ’Υπερον
957 4623 1084 4662 vero
1108 4614 1350 4682 estquod
1377 4631 1407 4668 a
1437 4618 1628 4686 coquis
1655 4620 1872 4692 τριόεύς
1912 4637 2004 4692 ap-

439 4689 692 4756 pellatur.
721 4692 886 4749 Multa
913 4699 1060 4753 enim
1089 4702 1268 4770 pulsat
1287 4704 1487 4778 ὕπερον
1515 4689 2005 4786 [pistillus],ueque

441 4787 825 4868 tamenaperit
856 4788 1032 4844 locum
1061 4808 1222 4862 quem
1250 4798 1447 4865 pulsat.
1475 4800 1545 4855 At
1573 4817 1700 4857 vero
1723 4805 2002 4875 discipulis

437 4872 617 4929 aiebat
652 4874 913 4934 Servutor
947 4897 962 4934 :
997 4881 1238 4953 Pulsale,
1272 4901 1323 4943 et
1363 4893 1631 4960 aperietur
1655 4897 1797 4951 vobis
1821 4872 1890 4951 ⁷³..

505 5049 553 5081 τι
577 5050 728 5110 Mens
754 5071 883 5126 quae
916 5059 1151 5116 alienum
1207 5068 1491 5124 consilium
1523 5081 1616 5127 aut
1647 5073 1987 5146 disciplinam

435 5140 690 5207 suscipit,
732 5145 901 5202 malas
959 5152 1322 5221 cogitationes
1373 5159 1596 5216 fovebit.
1647 5162 1748 5229 Qui
1786 5140 1993 5220 Vauteut

434 5241 652 5286 cautum
679 5250 737 5289 se
768 5250 942 5308 geret,
975 5243 1024 5297 is
1059 5245 1180 5298 vitae
1211 5263 1434 5318 compos
1462 5252 1572 5308 ﬁet.

505 5321 552 5354 "
581 5324 717 5381 Mala
771 5347 856 5386 res
879 5337 1128 5392 socordia
1165 5339 1432 5396 indoleus.
1464 5342 1599 5399 Nam
1632 5357 1816 5414 postea
1845 5350 1994 5405 dices

433 5413 822 5472 censcientiam
858 5433 1002 5477 tuam
1031 5427 1274 5495 pulsans,
1310 5431 1424 5486 Non
1466 5413 1727 5502 laboravi,
1776 5449 1884 5493 nou
1911 5438 1990 5493 fui

433 5502 705 5562 sollicitus
727 5513 946 5580 praemia
978 5518 1338 5589 adipiscendi,
1371 5532 1426 5578 et
1458 5527 1730 5583 cruciatus
1759 5531 1986 5586 vitandi.

2137 583 2281 653 ζωῆς
2305 584 2420 635 ἐστι
2442 582 2688 652 ψευδοῦς.

2200 677 2264 730 Εἰ
2296 677 2324 730 ὀ
2354 675 2620 747 βάσκανος
2646 678 2770 730 σῖτα
2798 676 3048 739 ἀσεϐείας
3079 675 3267 740 ἐσθίει,
3303 673 3558 745 καὶλοῐνῳ
3600 687 3712 728 παά

2139 771 2357 841 ρανόμῳ
2383 769 2733 841 μεθύσκεται,
2752 771 2827 824 -οὑ
2851 769 2933 822 δεῖ
2957 769 3014 822 δὲ
3051 769 3382 825 συνδειπνεῖν
3393 767 3602 839 ταύτην
3638 770 3728 822 οὐ·

2134 859 2240 933 χρὴ
2272 861 2386 933 ἀρα·
2415 857 2556 915 εἶναι
2595 861 2766 933 ἀσεσῆ
2799 859 2897 914 καὶ
2930 860 3240 933 παράνομον
3263 871 3296 892 ”
3321 857 3618 931 αὗταιγὰρ
3645 860 3710 912 αἱ

2135 956 2321 1010 κακίαι
2345 956 2696 1029 λυμαίνονται
2721 957 2919 1026 γνῶσιν
2945 959 3340 1029 πνευματικήν.

2196 1128 2378 1201 Μηδὲν
2393 1129 2514 1200 λέγε
2535 1131 2773 1195 συνετὸν,
2791 1133 2943 1204 φησὶ,
2966 1132 3210 1186 τουτέστι
3236 1133 3369 1204 βαθὺ
3385 1135 3480 1188 καὶ
3507 1151 3706 1205 μυστι-

2132 1221 2247 1275 κὸνο
2270 1222 2340 1275 οὐ·
2357 1223 2438 1276 δεῖ
2449 1223 2562 1295 γάρ’
2587 1241 2646 1277 σε
2677 1224 2856 1294 βαλεῖν
2869 1226 2996 1289 τοὺς
3021 1226 3360 1311 μαργαρίτας
3389 1227 3704 1299 ἔμπροσθεν

2131 1311 2238 1365 τῶν
2262 1313 2476 1385 χοίρων.

2206 1404 2364 1476 Ὅρια
2396 1405 2588 1460 αἰώνια
2625 1405 2933 1472 θεοσεϐείας
2973 1408 3046 1480 μὴ
3084 1408 3337 1482 μέταιρε·
3373 1413 3452 1476 είς
3488 1412 3564 1466 δέ
3588 1413 3704 1483 γῆν

2131 1494 2238 1549 τῶν
2265 1496 2749 1568 ἀπορφανισάντων
2786 1499 3008 1563 ἑαυτοὺς
3037 1499 3146 1553 ἀπὸ
3178 1501 3271 1554 τοῦ
3301 1501 3434 1555 Θεοῦ
3454 1543 3470 1565 ,
3503 1503 3702 1574 κτῆμα.

2131 1587 2186 1642 δὲ
2215 1589 2479 1659 δαιμόνων
2501 1589 2597 1662 τὴν
2633 1591 2830 1646 κακίαν
2869 1592 3109 1663 ἔχοντας,
3145 1593 3218 1666 μὴ
3242 1595 3508 1668 εἰσέλθῃς,
3531 1597 3605 1651 δι’
3627 1599 3726 1669 ἣν·

2131 1684 2496 1757 ἐστερήθησαν
2525 1685 2618 1740 τοῦ
2651 1686 2970 1758 ἐπουρανίου
2998 1687 3210 1757 Πατρός
3231 1706 3244 1719 ο
3271 1691 3300 1743 ὁ
3329 1690 3700 1762 γάρλυτροῦ-

2135 1793 2291 1846 μενος
2314 1777 2508 1842 αὐτοὺς
2524 1779 2726 1850 Κύριος
2756 1781 2820 1832 ἐκ
2836 1779 2929 1832 τοῦ
2962 1779 3356 1852 ὑπερλάμπρου
3381 1783 3556 1851 φωτὸς
3585 1784 3701 1838 ἀπὸ
3725 1809 3730 1812 ·

2062 1857 2116 1911 Β·
2131 1867 2376 1935 σκότους,
2403 1869 2620 1941 ἰσχυρός
2653 1871 2818 1925 ἐστιν.

2199 1959 2326 2024 Υἱὸς
2355 1959 2511 2031 ὀρθὸς
2537 1961 2863 2033 ἐνδιατρίψει
2883 1963 2952 2018 τά
2983 1965 3137 2035 χείλη
3164 1963 3340 2018 ἀὐτοῦ
3362 1964 3564 2034 σοφίᾳ,
3593 1965 3700 2018 καὶ

2128 2052 2161 2120 ή
2196 2051 2356 2121 σοφία
2383 2052 2523 2124 πρὸς
2554 2053 2714 2108 αὑτὸν
2747 2054 3062 2127 συλλαλήσει
3107 2055 3201 2111 καὶ
3245 2056 3485 2127 διαμενεῖ
3506 2063 3526 2086 ὀ
3561 2058 3593 2109 ὁ
3633 2057 3700 2110 δὲ

2128 2143 2380 2214 στρεϐλὸς
2405 2147 2715 2201 ἐκπεσεῖται
2738 2149 2833 2200 ἀπ’
2853 2149 3043 2219 αὐτῆς.

2195 2237 2260 2290 Ei
2285 2237 2361 2308 τῷ
2385 2237 2534 2309 φόϐῳ
2557 2239 2760 2310 Κυρίου
2792 2240 3028 2295 ἐκκλίνει
3049 2260 3134 2306 τις
3161 2243 3268 2296 ἀπὸ
3293 2241 3482 2306 κακοῦ,
3508 2240 3700 2305 καλῶς

2125 2331 2380 2399 παραινεῖ
2409 2328 2496 2383 διά
2541 2329 2722 2402 πάσης
2764 2330 2864 2402 τῆς
2904 2332 3050 2404 ζωῆς
3097 2333 3363 2389 ἐκκλίνειν
3401 2334 3550 2404 ἡμᾶς
3579 2332 3696 2386 ἀπὺ

2123 2417 2326 2481 παντὸς
2344 2417 2548 2472 κακοῦ.

2188 2509 2307 2572 Πᾶς
2351 2509 2380 2561 ὁ
2401 2509 2485 2561 -ἐν
2519 2509 2686 2581 κακίᾳ
2733 2510 2982 2581 μέθυσος,
3011 2514 3119 2567 καὶ
3141 2516 3190 2568 ηό
3228 2516 3293 2568 ἐκ
3325 2516 3513 2586 σοφίας
3548 2517 3695 2591 πρὸς

2120 2600 2392 2668 ἀγνωσίαν
2409 2604 2844 2675 καταπορνεύων,
2867 2606 3168 2675 πτωχεύσει
3192 2608 3257 2660 ἐκ
3271 2607 3420 2672 Θείας
3439 2610 3686 2682 χάριτος·

2120 2693 2214 2745 καὶ
2233 2692 2330 2745 οὐκ
2356 2693 2628 2747 ἐνδύσεται
2647 2694 2846 2768 ἔνδυμα
2870 2696 2963 2751 τοῦ
2989 2700 3165 2769 γάμου
3195 2701 3302 2763 πᾶς
3327 2701 3354 2752 ὁ
3396 2702 3453 2755 ἐν
3469 2706 3535 2774 τῇ
3564 2703 3690 2756 δαι-

2123 2785 2366 2855 μονιὼδει
2401 2787 2556 2840 νυκτὶ
2580 2788 2845 2860 ὑπνώδης,
2876 2789 3010 2844 ἀλλὰ
3035 2790 3133 2862 τὴν
3155 2791 3230 2856 ὡς
3257 2793 3422 2864 ῥάκος
3453 2813 3693 2867 τετραυ-

2122 2878 2459 2950 ματισμένην
2485 2881 2662 2954 σάρκα
2689 2882 2970 2936 διαθλίϐων
2990 2885 3216 2958 γεέννης
3243 2887 3432 2958 φλόγα.

2190 3058 2332 3130 Ἔφη
2364 3075 2445 3124 τις
2485 3061 2592 3113 τῶν
2627 3061 2914 3133 γερόντων,
2942 3061 3048 3133 τὴν
3078 3063 3255 3134 ψυχὴν
3298 3060 3436 3119 εἶναι
3468 3066 3689 3139 μητέρα

2116 3150 2208 3204 τοῦ
2228 3152 2340 3217 νοῦ,
2363 3151 2536 3224 ψυχὴν
2561 3153 2730 3222 λέγων
2752 3154 2816 3207 τὸ
2845 3154 3140 3225 παθητικὸν
3163 3157 3262 3228 τῆς
3284 3159 3476 3230 ψυχῆς,
3509 3159 3689 3232 θυμόν

2115 3261 2174 3297 τε
2197 3244 2290 3297 καὶ
2314 3243 2624 3314 ἐπιθυμίανο
2647 3245 2736 3298 διὰ
2763 3244 2870 3317 γὰρ
2894 3245 3004 3300 τῶν
3027 3251 3344 3318 πρακτικῶν
3366 3252 3575 3323 ἀρετῶν
3599 3258 3685 3319 είς

2114 3335 2228 3404 φῶς
2257 3334 2484 3406 προάγει
2507 3335 2597 3388 τὸν
2625 3335 2767 3390 νοῦν·
2795 3337 2882 3390 διὰ
2911 3337 3019 3408 γὰρ
3057 3340 3306 3412 ἀνδρείας
3342 3345 3435 3397 καὶ
3465 3362 3686 3418 σωφρο-

2115 3425 2278 3498 σύνης
2307 3425 2562 3498 κτώμεθα
2585 3427 2774 3498 σοφίαν
2808 3431 2902 3483 καὶ
2929 3429 3133 3498 γνῶσιν
3153 3433 3308 3500 Θεοῦ,
3351 3435 3512 3509 αἴπερ
3536 3437 3682 3492 εἰσὶν

2110 3518 2298 3590 ἀρεταὶ
2330 3519 2500 3590 θυμοῦ
2533 3521 2953 3593 καὶέπιθυμίας·
2981 3524 3129 3594 λέγει
3153 3526 3195 3578 δ’
3217 3526 3282 3580 ἂν
3309 3527 3436 3592 ἴσως
3463 3531 3708 3603 μητέραί

2111 3613 2202 3665 καὶ
2224 3613 2321 3684 τὴν
2350 3614 2584 3669 παλαιὰν
2611 3615 2886 3689 Διαθήκην
2914 3619 2976 3672 οὺ
3002 3621 3426 3693 καταφρόνητον.

2193 3793 2529 3867 ’Ᾱνθρώπους
2549 3797 2801 3863 ἐνταῦθα,
2817 3800 2926 3854 τῶν
2948 3801 3277 3858 διδασκάλων
3303 3806 3401 3871 τὰς
3433 3825 3679 3880 συγγρα-

2109 3889 2214 3957 φάς
2246 3903 2408 3957 φησι·
2451 3889 2576 3953 τοὺς
2612 3891 2669 3943 δὲ
2703 3894 3032 3964 ποιήσαντας
3067 3899 3160 3952 καὶ
3205 3897 3537 3967 διδάξαντας,
3578 3905 3677 3959 καὶ

2108 3978 2205 4048 τὴν
2253 3979 2477 4050 πορείαν
2526 3981 2662 4052 πρὸς
2698 3984 2956 4055 οὐρανοὺς
2987 3992 3403 4062 ποιησαμένους,
3433 3997 3677 4066 περιπά-

2108 4087 2230 4134 τους
2251 4071 2518 4142 ὠνόμασε·
2546 4073 2729 4128 πολλοὶ
2760 4077 3216 4150 γὰρδιδάξαντες,
3245 4083 3308 4137 οὐ
3337 4087 3474 4157 πρὸς
3503 4090 3680 4161 cepa;

2107 4161 2195 4212 νὺν
2223 4161 2318 4232 τὴν
2346 4163 2565 4234 πορείαν
2599 4166 2940 4240 ἐποιήσαντο,
2975 4174 3056 4226 ὅτι
3081 4176 3178 4228 οὐκ
3202 4177 3489 4246 ἐφύλαξαν·
3515 4184 3678 4256 ὁγὰρ

2107 4253 2306 4323 ὁμιλῶν
2335 4258 2392 4308 ἐν
2421 4259 3028 4328 περιπάτοις,-τουτέστι
3071 4271 3246 4322 ποιεῖν·
3278 4288 3336 4324 τε
3367 4275 3477 4328 καὶ
3519 4253 3672 4332 διδάξ

2109 4360 2275 4408 σκειν,
2307 4343 2472 4412 ἀξίως
2499 4355 2790 4420 περιπατεῖ
2811 4353 2913 4424 τῆς
2939 4355 3182 4428 κλήσεως
3211 4355 3277 4433 ἧς
3304 4364 3506 4438 ἐκλήθη
3563 4369 3673 4424 ὑπὸ

2105 4435 2198 4488 τοῦ
2224 4436 2380 4490 Θεοῦ.

2187 4526 2254 4580 Ἠ
2283 4527 2379 4598 μὲν
2411 4529 2552 4584 κατὰ
2573 4530 2807 4587 διάνοιαν
2841 4537 3086 4608 ἁμαρτία
3117 4541 3259 4597 ἔοικε
3312 4548 3506 4620 φιάλῃ·
3543 4553 3576 4622 ή
3611 4552 3671 4607 δὲ

2107 4621 2224 4672 κατ’
2249 4620 2544 4691 ἐνέργειαν,
2590 4628 2831 4698 ποτηρίῳ
2854 4644 2868 4658 ο
2902 4627 3102 4703 ὕπερον
3136 4633 3193 4687 δέ
3229 4637 3342 4692 ἐστι
3363 4679 3378 4704 ,
3417 4642 3476 4694 τὸ
3503 4620 3671 4716 παρά

2103 4711 2215 4773 τοῖς
2244 4711 2522 4783 μαγείροις
2541 4713 2828 4788 λεγόμενον
2857 4719 3107 4791 τριϐεύς·
3145 4726 3314 4781 πολλά
3336 4730 3444 4802 γὰρ
3463 4711 3669 4803 κροῦει

2101 4799 2257 4854 τοῦτο
2281 4803 2339 4856 τὸ
2365 4802 2586 4876 ὕπερον,
2617 4809 2708 4861 καὶ
2729 4809 2826 4862 οὐκ
2849 4811 3054 4881 ἀνοίγει
3079 4815 3171 4869 τὸν
3184 4817 3348 4874 τόπον
3374 4821 3432 4874 ὃν
3456 4823 3664 4894 κρούει·

2098 4893 2209 4955 τοῖς
2233 4892 2289 4945 δὲ
2311 4894 2575 4966 μαθηταῖς
2604 4900 2632 4950 ὁ
2655 4899 2854 4972 Κύριός
2881 4919 3010 4974 φησι
3029 4920 3042 4933 ”
3077 4907 3348 4978 Κρούεςτε⁵
3371 4911 3467 4964 καὶ
3498 4892 3662 4970 ἀνοι-

2100 4982 2347 5051 γήσεται
2379 4986 2537 5056 ὑμῖν.

2170 5076 2314 5141 Νοῦς
2337 5077 2926 5156 δεξάμενοςάλλότριον
2945 5086 3123 5160 νόημα
3146 5089 3177 5162 ἢ
3209 5091 3460 5164 μάθησιν,
3505 5095 3667 5166 μελε-

2099 5169 2251 5238 τήσει
2275 5169 2564 5241 λογισμοὺς
2592 5173 2811 5236 κακούςο
2832 5176 2864 5227 ὁ
2886 5175 2942 5228 δὲ
2967 5180 3206 5250 τηρήσας
3233 5182 3444 5248 ἑαυτὸν,
3473 5183 3666 5258 κληρο-

2100 5262 2321 5331 νομήσει
2345 5263 2508 5333 ζωήν-

2170 5352 2393 5422 Δεινὸνή
2417 5352 2732 5424 ἀναλγησίω
2749 5352 2865 5411 εἶτα
2888 5361 3029 5432 ἐρεῖς
3055 5365 3383 5436 τυπτόμενος
3407 5370 3504 5442 τὴν
3531 5387 3662 5426 συν-

2097 5438 2334 5510 είδησιν,
2390 5441 2489 5494 οὐκ
2537 5444 2767 5501 ἐπόνεσα
2819 5451 3096 5522 φροντίσαι
3145 5455 3250 5508 τῶν
3329 5459 3427 5530 μὲν
3461 5438 3661 5533 τγερῶν

2097 5535 2297 5602 τυχεῖν,
2343 5534 2604 5605 ρυσθῆναι
2634 5537 2695 5590 δὲ-
2722 5538 2832 5594 τῶν
2878 5542 3123 5612 βασάνων
3144 5565 3157 5576 ·
3209 5549 3495 5617 ἐνέπαιξαν
3531 5571 3659 5625 μοι,

508 5692 552 5722 "
582 5709 632 5746 v.
663 5695 716 5749 6.
751 5697 794 5729 ⁸³
897 5702 948 5757 9.
1026 5705 1066 5736 ⁸⁷
1094 5722 1140 5760 v.
1171 5706 1252 5762 l0.
1331 5707 1375 5741 “
1399 5726 1446 5765 v.
1483 5710 1563 5768 l6.
1641 5713 1684 5748 ⁸⁸
1717 5730 1764 5770 v.
1801 5716 1882 5775 l7.
1962 5719 2004 5752 ⁷⁰

512 5777 538 5803 υ
595 5765 659 5803 7.x.

2135 5720 2202 5776 ιι.
2277 5722 2394 5776 τιν.
2425 5723 2515 5780 2t.
2595 5726 2637 5757 π
2668 5727 2842 5786 ν.51.”
2887 5729 3348 5803 "Matth.vtt,7.
3409 5731 3651 5797 παι.

435 5759 480 5792 ’³
512 5777 560 5815 v.
595 5765 683 5820 δέ).

3891 2325 3942 2362 αι
