3942 6318
177 361 263 419 BS
1302 356 1663 417 EXPOSITIO
1702 359 1768 413 IN
1805 358 2215 415 PROVERBEA.

3260 363 3367 418 226

174 477 389 535 τουτέστι
418 480 835 550 προσωνείδισάν
867 498 984 552 μοι·
1021 480 1132 550 ἐγὼ
1160 480 1217 535 δὲ
1241 480 1410 534 θέλων
1439 480 1539 534 οὐκ
1564 480 1712 552 ⁴ᾔδειν

1824 479 2105 536 lllnsernnt
2144 477 2300 546 mihi,
2345 478 2397 534 id
2449 488 2535 535 est
2584 480 2713 535 mihi
2750 479 3035 537 conviciati
3075 488 3222 536 sunt.
3254 480 3366 548 Ego

174 570 283 625 τότε
306 568 517 642 ὄρθρος.
532 572 724 643 ψυχῆς,
751 573 1151 643 καὶέπίγνωσις
1172 574 1463 645 ἁμαρτίας.

1812 583 1941 625 vero
1964 577 2155 639 sponte
2186 568 2388 624 nescivi
2422 571 2765 641 quandonam
2798 573 3093 629 diluculum
3146 573 3364 639 animae,

1812 672 1868 715 et
1902 661 2104 729 peccati
2119 661 2393 731 cognitio.

1574 748 1730 805 CAP.
1770 748 1962 807 XXIV.

238 839 291 894 το
310 835 457 904 οἶκος
484 842 589 895 τῶν
614 843 817 914 ἀρετῶν
846 842 1157 913 μετά’θείας
1190 841 1379 911 σοφίας
1410 842 1705 913 οίκοδομεί-

166 946 265 991 ται,
298 930 389 983 καὶ
436 931 573 1000 μετὰ
616 932 877 995 συνέσεως
920 932 1089 1001 φόϐου
1126 931 1268 988 Θεοῦ
1316 932 1419 989 »καὶ
1453 930 1706 1000 γνώσεως

166 1020 485 1092 ἀνορθοῦται.

233 1113 284 1165 Ὁ
333 1114 458 1185 περὶ
504 1114 601 1185 τὴν
638 1115 836 1178 πίστιν,
868 1116 902 1186 ἦ
926 1133 1046 1169 τινα
1069 1114 1176 1168 τῶν
1195 1114 1411 1185 ,ἀρετῶν
1436 1113 1702 1182 ναυαγῶν,

159 1201 514 1273 ἀκυϐέρνητος
543 1204 676 1275 πρὸς
712 1206 945 1277 πόλεμον
983 1205 1090 1258 τῶν
1133 1204 1517 1275 ἀντικειμένων
1547 1204 1705 1257 δυνά-

162 1316 318 1369 μεων,
363 1298 426 1365 τῇ
480 1312 538 1349 τε
590 1296 835 1368 θεολογίᾳ
868 1297 959 1349 καὶ
992 1298 1112 1359 ταῖς
1142 1297 1388 1368 ἀρεταῖς·
1425 1297 1453 1349 6
1478 1294 1534 1347 δὲ
1570 1292 1705 1365 μετά

152 1389 526 1461 κυϐερνήσεως
553 1387 829 1459 πολεμῶν,
864 1387 1168 1441 ἔοικενέπὶ
1204 1386 1309 1456 γῆς
1356 1386 1480 1443 νοῦν
1519 1386 1660 1456 ἔχειν
1688 1404 1700 1415 ·

144 1482 468 1551 προηγεῖται
492 1479 548 1534 δέ
573 1480 671 1550 τῆς
697 1479 793 1535 τοῦ
817 1477 951 1532 Θεοῦ
978 1476 1248 1548 βοηθείας,
1275 1475 1469 1547 καρδία
1493 1474 1707 1546 βουλευο

146 1573 299 1641 ςικὴ,
335 1573 365 1641 ή
401 1572 575 1627 πάντα
602 1569 737 1641 μετά
768 1568 962 1639 βουλῆς
988 1565 1214 1621 ποιοῦσα
1233 1582 1246 1596 ο
1279 1565 1500 1618 δυνατὸν
1524 1564 1580 1617 δὲ
1613 1563 1708 1621 καὶ

1884 844 1930 875 ⁷⁸
1961 842 2251 914 Sapientia:
2277 845 2470 901 domus
2499 858 2623 902 cum
2656 845 2839 901 divina
2886 848 3145 917 sapientia
3191 850 3364 905 aedifi-

1792 944 2010 999 catur;
2062 946 2117 992 et
2149 952 2269 993 cum
2316 936 2597 998 intellectu
2646 938 2856 994 timoris
2896 940 2990 995 Dei
3037 950 3196 1011 atque
3248 945 3365 1015 eius

1809 1026 2355 1098 agnitioneerigitur.

1878 1118 2054 1186 "Qui
2108 1119 2231 1174 fidei
2270 1120 2361 1175 vel
2414 1119 2703 1189 cujuslibet
2758 1122 2976 1178 virtutis
3029 1123 3365 1195 naufragium

1808 1211 2033 1279 patitur,
2057 1212 2175 1268 sine
2199 1213 2565 1284 ducepugnat
2596 1230 2719 1273 cum
2760 1216 3090 1270 adversariis
3125 1227 3365 1285 petesta-

1808 1304 1971 1367 tibus,
2013 1304 2063 1359 id
2095 1314 2179 1360 est
2212 1305 2327 1359 sine
2359 1306 2628 1377 theologia
2658 1316 2711 1361 et
2742 1308 3033 1362 virtutibus
3060 1326 3075 1363 :
3107 1310 3197 1377 qui
3237 1324 3367 1366 vero

1794 1392 1923 1459 ,sub'
1970 1394 2233 1465 regimine
2298 1406 2517 1465 pugnat,
2592 1397 2807 1452 videtur
2848 1409 3095 1452 mentem
3147 1399 3199 1452 in
3265 1400 3366 1455 hoc

1807 1485 2007 1538 mundo
2042 1485 2256 1543 habere.
2291 1485 2456 1541 Praeit
2482 1497 2659 1543 autem
2691 1490 2875 1543 divino
2913 1489 3121 1545 auxilio
3151 1505 3248 1544 cor
3271 1491 3367 1546 de-

1811 1575 2238 1647 liberans,quod
2290 1579 2424 1634 nihil
2458 1581 2577 1635 sine
2615 1581 2843 1636 consilio
2880 1584 3010 1652 agit.
3040 1582 3202 1653 idque
3227 1584 3366 1638 adeo

143 1662 237 1715 ἐπὶ
256 1661 435 1733 πάσης
463 1661 660 1732 ἀρετῆς
689 1660 749 1713 τὸ
770 1658 911 1717 αὐτὸ
937 1656 1093 1717 τοῦτο
1124 1657 1315 1708 εἰπεῖν·
1342 1651 1592 1723 ἔστιγὰρ
1616 1651 1709 1706 καὶ

250 1753 266 1769 ι
549 1751 560 1766 ι
618 1768 623 1769 ,
658 1768 663 1769 κ
1040 1748 1125 1769 --Α
1179 1764 1241 1769 __
1258 1747 1298 1769 Α,
1347 1745 1557 1769 ληιμη
1621 1743 1705 1769 .__,

1824 1670 1882 1725 de
1925 1669 2166 1738 qualibet
2199 1671 2399 1729 virtute
2452 1673 2560 1728 dici
2609 1684 2804 1743 potest.
2860 1651 2954 1731 Est
2999 1651 3162 1731 etiam
3218 1676 3363 1731 circa

142 1753 279 1823 περὶ
317 1751 664 1823 σωφροσύνην
713 1750 991 1816 ναυάγιον,
1038 1748 1131 1801 καὶ
1176 1747 1303 1818 περὶ
1342 1745 1593 1814 ἀγάπην,
1621 1743 1711 1796 καὶ

1824 1759 2226 1827 temperantiam
2265 1761 2623 1832 naufragium,
2664 1774 2718 1819 et
2747 1765 2896 1820 circa
2937 1766 3282 1828 charitatem,
3313 1777 3368 1820 et

139 1845 533 1917 φιλαργυρίαν,
560 1844 655 1897 καὶ
679 1843 809 1913 περὶ
832 1841 1058 1919 ἕκαστον
1090 1841 1146 1893 δὲ
1180 1840 1355 1909 δόγμα
1382 1836 1581 1908 ὁμοίως
1613 1835 1711 1905 τῆς

135 1936 445 2006 καθολικῆς
458 1936 553 1989 καὶ
566 1933 923 2002 ἀποστολικῆς
949 1930 1268 2001 Ἐκκλησίας
1292 1929 1573 2000 συμϐαίνει
1588 1944 1714 1981 ναυ-

130 2030 339 2097 άγιονο
388 2030 438 2080 εἰ
475 2027 534 2080 δὲ
585 2025 720 2096 μετά
763 2023 1140 2094 κυϐερνήσεως
1182 2023 1436 2092 πολεμεῖν
1482 2021 1562 2081 δεῖ
1602 2022 1714 2083 τοῖς

125 2117 573 2188 ἀντικειμένοις,
612 2115 885 2185 ναυμαχίᾳ
928 2112 1306 2184 παραπλήσιος
1337 2114 1467 2183 ἡμῖν
1512 2113 1715 2165 ἐστινὸ

125 2209 271 2279 βίος
296 2210 388 2262 ἐπὶ
414 2209 512 2279 τῆς
538 2208 657 2279 γῆς·
674 2208 771 2269 ,ἐὰν
790 2206 896 2277 γὰρ
926 2206 1167 2276 θέλωμεν
1189 2207 1367 2275 ἡμεῖς,
1397 2203 1715 2273 ποντίξομεν

123 2299 360 2363 αὐτοὺς
389 2299 449 2359 ἐν
477 2300 742 2368 προσευχῇ
775 2295 1017 2366 καρδίας,
1064 2295 1156 2348 καὶ
1193 2292 1401 2364 διανοίᾳ
1424 2294 1559 2363 πρὸς
1581 2292 1713 2345 Θεὸν

128 2390 538 2462 τετραμμένῃ’
574 2388 666 2441 έάν
688 2388 743 2451 δὲ
774 2388 846 2458 μὴ
880 2386 1141 2457 θέλωμεν,
1184 2382 1578 2453 ποντιξὸμεθα·
1618 2383 1713 2436 ὲάν

129 2482 196 2536 δὲ
254 2482 349 2534 καὶ
392 2476 768 2548 πολεμούμεθα
806 2477 895 2530 ὑπ’
928 2477 1171 2539 ἐκείνων,
1218 2478 1270 2528 εἰ
1311 2475 1405 2528 καὶ
1429 2474 1594 2538 πολὺς
1620 2477 1713 2529 καὶ

138 2566 380 2638 σφοδρὸς
403 2566 431 2618 6
462 2565 691 2635 πόλεμος
713 2563 922 2631 αὐτῶν,
950 2564 1111 2623 οὐθέν
1134 2566 1270 2617 ἐστι’
1307 2563 1529 2635 νηστείᾳ
1556 2564 1712 2635 μόνον

136 2660 251 2713 καὶ
264 2657 554 2730 ἐγκρατείᾳ
572 2656 990 2729 περιφράξωμεν
1008 2656 1252 2721 ἑαυτοὺς,
1271 2658 1362 2710 καὶ
1382 2658 1457 2722 ὼς
1472 2658 1712 2728 ἀράχνην

138 2751 351 2813 αὐτούς
373 2767 431 2803 τε
456 2752 548 2804 καὶ
577 2748 645 2803 τὰ
658 2749 797 2809 ὅπλα
824 2748 1001 2802 αὐτῶν
1034 2748 1389 2821 συγκόψομενο
1422 2750 1515 2804 ἐὰν
1538 2749 1592 2802 δέ
1613 2767 1712 2802 κα-

139 2841 223 2895 τὰ
256 2843 351 2914 τὴν
372 2842 465 2895 τοῦ
498 2842 699 2914 Κυρίου
737 2842 954 2913 φωνὴν,
992 2843 1123 2896 ὅπου
1155 2843 1262 2895 εἰσὶ
1286 2841 1377 2895 δύο
1410 2841 1442 2911 ἢ
1469 2844 1643 2917 τρεῖς,
1678 2842 1710 2911 ἡ

141 2934 369 3005 καρδία,
403 2936 431 2987 6
468 2934 611 2999 νοῦς,
640 2933 789 3005 καὶὴ
828 2932 993 3005 ψυχὴ,
1020 2935 1436 3006 συμφωνήσουσι
1467 2933 1522 2986 δὲ
1548 2936 1604 2987 ἐν
1629 2934 1713 2987 ἐν-

140 3026 332 3091 τολαῖς
349 3028 513 3081 αὑτοῦ
552 3027 915 3103 περιέχεσθαι,
939 3030 968 3082 6
991 3026 1192 3098 Κύριος
1212 3026 1340 3098 μεθ’
1356 3026 1535 3098 ἡμῶν.

222 3208 405 3266 Πάντα
439 3207 546 3278 γὰρ
572 3207 671 3262 ὅσα
702 3206 924 3278 πράττει
962 3206 990 3259 6
1023 3204 1152 3269 Θεὸς
1190 3203 1455 3268 νοοῦντες,
1494 3203 1587 3255 καὶ
1611 3203 1714 3256 ὅσα

148 3298 392 3353 διδάσκει
442 3300 790 3370 πράττοντες,
841 3300 959 3351 κατ’
982 3296 1132 3350 οὐδὲν
1177 3294 1572 3366 παραϐαίνουσι
1622 3294 1713 3346 τὸν

151 3388 311 3459 λόγον
337 3390 520 3445 αὐτοῦ·
557 3389 719 3443 πύλαι
747 3388 802 3441 δὲ
827 3388 1003 3458 σοφῶν
1036 3389 1091 3440 αί
1113 3386 1405 3458 πρακτικαί
1430 3385 1564 3441 εἰσιν
1588 3384 1711 3456 ἀρε.

154 3482 266 3546 ταὶ,
298 3483 392 3535 καὶ
436 3482 470 3552 ἡ
516 3480 607 3534 τοῦ
635 3481 724 3535 νοῦ
758 3479 974 3550 θεωρία,
1013 3479 1078 3532 δι’
1105 3473 1180 3533 ὧν
1220 3478 1521 3549 εἰσέρχεται
1555 3476 1713 3545 σοφία

156 3573 313 3628 Θεοῦ·
351 3574 449 3628 οὐκ
482 3572 781 3637 ἐκκλίνουσι
808 3572 885 3635 δὲ,
915 3570 1037 3624 οὔτε
1070 3570 1220 3637 δεξιά
1253 3568 1377 3627 οὔτε
1429 3568 1713 3641 ἀριστερὰ,

156 3666 238 3721 ὅτι
273 3664 573 3733 λογίζονται
614 3664 671 3716 ἐν
699 3660 992 3732 συνεδρίοις
1033 3657 1170 3714 εἴναι
1202 3659 1365 3721 καλοῦ
1396 3661 1489 3719 καὶ
1514 3657 1711 3712 κακοῦ·

158 3758 251 3813 καὶ
295 3756 387 3810 τοῦ
416 3756 515 3827 μὲν
541 3753 725 3819 καλοῦ,
751 3752 1167 3817 ἀντιποιοῦνται,
1190 3753 1251 3817 τὸ
1268 3751 1323 3804 δὲ
1362 3751 1531 3805 κακὸν
1554 3766 1719 3821 προσ-

164 3849 501 3905 ακοντοῦσιν.

233 4029 358 4092 Τοῖς
389 4029 464 4103 μὴ
510 4026 750 4082 θέλουσιν
796 4028 899 4087 ὑπὸ
942 4027 1041 4099 τὴν
1076 4024 1168 4085 τοῦ
1210 4023 1344 4078 Θεοῦ
1390 4023 1579 4093 σοφίαν
1625 4025 1717 4078 καὶ

161 4119 358 4187 γνῶσιν
398 4118 761 4189 παιδευθῆναι,
790 4118 876 4172 διὰ
898 4118 991 4172 τοῦ
1038 4117 1324 4181 ἐνεστῶτος
1348 4116 1572 4170 θανάτου
1600 4133 1718 4169 συν-

164 4212 294 4281 αντᾷ
324 4213 352 4264 6
385 4210 619 4275 αἰώνιοςο
653 4212 838 4283 ἄφρων
877 4210 934 4264 δέ
979 4212 1124 4263 ἐστιν
1144 4211 1171 4263 6
1197 4209 1511 4283 γλυκανθεὶς
1538 4209 1635 4281 μὲν
1661 4209 1717 4263 ἐν

167 4304 322 4375 σοφίᾳ
347 4302 503 4370 Θεοῦ,
539 4299 654 4361 εἶτα
682 4302 991 4363 καταλιπὼν
1035 4302 1232 4373 αὐτὴν,
1268 4304 1335 4373 τῇ
1362 4300 1419 4367 δὲ
1442 4298 1719 4373 ἀφροσύνῃ

168 4392 411 4482 συνάξει·
447 4394 527 4448 διὸ
551 4394 644 4450 καὶ
673 4394 1031 4455 συναπέθανεν
1064 4395 1184 4458 ταῖς
1218 4392 1540 4464 ἁμαρτίαις·
1582 4392 1631 4444 εί
1663 4392 1720 4445 δὲ
1754 4428 1796 4482 D

168 4481 358 4556 ἀρετὴν
385 4483 599 4555 ἡκακία
625 4487 782 4553 μειοῖ,
801 4486 893 4547 καὶ
911 4484 1008 4556 τὴν
1029 4483 1221 4539 κακίαν
1239 4483 1475 4555 δηλονότι
1496 4485 1529 4554 ἡ
1555 4482 1720 4554 ἀρετὴ

168 4575 476 4647 διαφθείρει’
504 4573 660 4635 τοῦτο
687 4574 741 4628 δέ
768 4577 1054 4647 γενήσεται
1096 4577 1152 4628 ὲν
1174 4573 1250 4646 τῷ
1273 4573 1519 4647 μέλλοντι
1542 4573 1718 4637 αίῶνι,

170 4667 263 4730 ἕως
294 4668 358 4721 ἂν
391 4667 587 4739 ἐκλίπῃ
612 4669 646 4739 ἡ
670 4668 853 4721 κακία·
880 4668 937 4721 τὸ
960 4667 1068 4737 γὰρ
1093 4666 1571 4739 ἐμμολυνθήσεται,
1601 4666 1721 4720 ἀντὶ

170 4759 273 4822 τοῦ,
299 4759 743 4831 διαφθαρήσεταιο
761 4758 1127 4831 διαφθείρεται
1143 4758 1199 4812 δὲ
1215 4761 1246 4831 ή
1263 4760 1585 4832 ἀκαθαρσία,
1603 4759 1719 4831 ἦτοι

171 4854 267 4907 ὑπὸ
292 4852 623 4924 πρακτικῆς,
652 4851 684 4924 ἢ
709 4852 811 4907 ὑπὸ
844 4852 1093 4925 δριμείας
1122 4850 1413 4916 κολάσεως.

231 4958 512 5030 Χρηπέον
528 4958 697 5027 τούτῳ
719 4958 796 5029 τῷ
822 4956 968 5029 ρητῷ
988 4957 1124 5028 πρὸς
1145 4956 1269 5020 τοὺς
1294 4956 1723 5023 καταξιωθέντας

170 5046 310 5110 θείας
349 5046 636 5117 γνώσεως,
682 5046 769 5100 ἵνα
823 5047 896 5117 μὴ
940 5045 1181 5116 ἀμελῶσι
1220 5045 1319 5114 τῆς
1360 5045 1720 5113 διδασκαλίας,

172 5140 369 5192 πολλῶν
413 5137 771 5209 ἀπαγομένων
814 5139 918 5191 ὑπὸ
961 5139 1060 5209 τῆς
1100 5140 1296 5202 κακίας
1340 5140 1418 5202 εἰς
1460 5139 1681 5193 θάνατον
1706 5157 1718 5169 ·

170 5233 285 5295 τοὺς
312 5230 369 5284 δὲ
396 5230 771 5302 κτεινομένους
797 5230 857 5295 ἐξ
879 5232 1113 5296 ἀκακίας
1141 5234 1220 5296 είς
1249 5231 1493 5295 θάνατον,
1516 5232 1588 5303 μὴ
1609 5234 1726 5301 φεί-

174 5338 232 5394 an
266 5322 524 5395 πρίασθαι
546 5322 625 5393 τῷ
666 5322 779 5394 ἰδίῳ
811 5323 1027 5393 αἵματι·
1051 5323 1277 5395 ὲκπριοῦ
1307 5323 1516 5394 (16)δὲ,
1553 5324 1728 5388 διδοὺς

173 5414 421 5483 χρήματα
459 5410 493 5485 ἢ
539 5412 694 5481 λόγον
734 5411 1006 5482 ὠφέλιμον
1029 5453 1043 5476 ,
1076 5412 1169 5466 ἐὰν
1204 5413 1261 5466 δὲ
1303 5413 1461 5487 εἴπῃς
1486 5415 1584 5467 οὐκ
1611 5409 1728 5466 οἴδα

176 5502 376 5568 τοῦτον,
416 5503 623 5573 ἐλέγξει
656 5521 714 5557 σε
736 5504 1079 5575 ψευδόμενον,
1108 5505 1199 5558 καὶ
1225 5506 1323 5578 ἔσῃ
1349 5504 1529 5576 ἔνοχος
1554 5504 1724 5567 δυσὶν,

178 5594 330 5663 ἤγουν
366 5596 553 5666 ψεύδει
574 5597 666 5650 καὶ
690 5596 833 5667 φόνῳ
857 5614 868 5627 ·
913 5599 941 5650 6
969 5596 1077 5668 γὰρ
1110 5598 1317 5661 πλάσας
1351 5598 1535 5667 πνοὴν,
1566 5595 1726 5661 αὐτὸς

536 5714 580 5746 "
614 5730 664 5769 v.
698 5714 752 5770 6.
830 5717 877 5749 ⁷⁸
900 5716 1089 5771 Matth.
1125 5733 1280 5781 xvm,
1319 5718 1407 5776 20.

245 5802 352 5876 (l6)
398 5805 699 5873 Ἐκπριοῦ.
732 5806 892 5861 Forte
925 5809 1147 5879 ἐκπρὶω.
1189 5811 1343 5864 Ειιιτ.
1396 5817 1620 5868 ῐνλτιιυι..

246 5712 289 5743 ⁷⁸
324 5729 375 5765 v.
403 5715 457 5768 5.

1800 1859 2034 1919 propter
2070 1851 2315 1919 pecuniae
2344 1866 2604 1915 amorem,
2644 1862 2697 1909 et
2733 1856 2877 1909 circa
2904 1858 3117 1925 singula
3161 1858 3369 1925 pariter

1813 1943 2065 2012 dogmata
2110 1942 2390 1996 catholicae
2419 1953 2472 1997 ct
2503 1946 2814 2013 apostolica:
2854 1947 3109 2002 Ecclesia:
3153 1949 3366 2003 contin—

1812 2034 1892 2105 git
1924 2033 2286 2105 naufragium.
2322 2034 2379 2089 Si
2410 2050 2537 2104 ergo
2567 2051 2673 2090 non
2694 2037 2808 2091 sine
2834 2038 3096 2106 regimine
3126 2054 3366 2109 pugnare

1800 2136 2032 2197 oportet
2068 2143 2192 2182 cum
2236 2128 2586 2192 adversariis,
2627 2129 2737 2182 vita
2771 2139 2954 2185 nostra
2990 2132 3045 2185 in
3092 2140 3235 2187 terra
3269 2148 3369 2201 pu-

1811 2234 1932 2289 gna:
1963 2219 2142 2274 navali
2170 2218 2368 2274 similis
2402 2226 2508 2273 est.
2540 2218 2676 2272 Nam
2699 2219 2743 2273 si
2775 2235 2872 2276 nos
2903 2220 3253 2286 voluerimus,
3277 2223 3371 2277 ἀει

1815 2325 2123 2380 mergemus
2171 2310 2522 2365 adversarios
2568 2311 2819 2364 oratione
2861 2312 3063 2377 cordis,
3102 2322 3156 2366 et
3193 2323 3371 2367 mente

1814 2398 1880 2451 ad
1909 2399 2071 2453 Deum
2106 2413 2394 2454 conversa.
2424 2399 2481 2453 Si
2519 2414 2646 2453 vero
2681 2400 3033 2467 noluerimus,
3064 2416 3162 2456 nos
3192 2404 3376 2472 utique

1817 2495 2211 2561 demergemur.
2242 2491 2309 2545 Et
2335 2492 2378 2546 si
2403 2494 2469 2545 ab
2502 2491 2608 2545 illis
2637 2506 3026 2562 oppugnemur,
3075 2504 3372 2562 quantum-

1810 2582 1945 2639 libet
1984 2583 2238 2636 diuturna
2274 2582 2526 2650 aerisque
2570 2596 2747 2650 pugna
2797 2582 2890 2644 sit,
2927 2582 3061 2636 nihil
3123 2584 3373 2638 interest.

1811 2676 2021 2747 Jejunio
2055 2683 2262 2729 tantum
2300 2683 2355 2728 et
2384 2680 2634 2727 oratione
2661 2682 2874 2727 nosmet
2916 2676 3370 2737 communiamus,

1814 2778 1867 2823 et
1914 2777 2172 2836 tanquam
2217 2766 2405 2820 aranei
2457 2766 2618 2819 telam
2657 2765 2804 2834 ipsos
2855 2774 2910 2820 et
2964 2780 3154 2821 eorum
3220 2782 3372 2822 arma

1813 2861 2183 2917 concidamus.
2224 2858 2380 2925 Quod
2413 2858 2456 2912 si
2482 2857 2782 2913 secundum
2824 2858 3035 2912 Domini
3065 2858 3270 2912 dictum
3302 2856 3371 2922 ⁷⁸,

1814 2950 2009 3005 alicubi
2050 2950 2159 3004 sint
2182 2949 2288 3003 duo
2320 2949 2403 3002 vel
2445 2958 2579 3013 tres,
2636 2963 2733 3002 cor
2772 2948 3051 3013 nimirum,
3099 2963 3274 3015 mens,
3316 2959 3372 3003 ct

1735 3064 1783 3127 ο
1814 3042 2091 3107 anima,si
2125 3040 2285 3095 modo
2316 3041 2694 3096 consenserint
2720 3041 2866 3095 intra
2904 3040 3045 3095 illius
3076 3049 3373 3110 pracepto-

1818 3152 1935 3195 rum
1967 3136 2103 3193 ﬁnes
2130 3136 2452 3198 consistere,
2485 3134 2747 3190 Dominus
2786 3132 3068 3187 nobiscum
3107 3143 3209 3188 est.

1887 3226 1933 3257 ἠ
1967 3224 2067 3291 Qui
2109 3232 2304 3280 cuncta
2336 3238 2457 3293 qum
2491 3224 2632 3279 Deus
2664 3223 2796 3278 facit
2852 3224 3115 3292 cogitant,
3156 3233 3212 3278 et
3256 3237 3375 3292 (11³³3

1819 3311 1977 3373 docet
2013 3310 2241 3376 faciunt,
2270 3309 2577 3367 nullatenus
2599 3311 2907 3366 doctrinam
2934 3310 3053 3378 ejus
3094 3319 3374 3382 transgre-

1820 3402 2060 3458 diuntur.
2101 3399 2275 3456 Portav.
2304 3414 2436 3455 vero
2462 3402 2787 3468 sapientium
2822 3411 2948 3456 sunt
2982 3403 3234 3469 practicae
3261 3402 3375 3455 vir-

1820 3503 1983 3560 tutes,
2007 3501 2062 3547 et
2089 3489 2285 3545 mentis
2308 3491 2718 3562 contemplatio,
2761 3506 2857 3561 per
2888 3506 3024 3559 quas
3075 3491 3373 3560 ingreditur

1816 3584 2083 3654 sapientia
2115 3585 2228 3641 Dei.
2266 3583 2420 3641 Hand
2452 3597 2614 3653 porro
2645 3581 2919 3634 declinant
2968 3580 3082 3634 sive
3126 3581 3380 3634 dextror-

1821 3692 1940 3731 sum
1971 3677 2085 3731 sive
2120 3676 2522 3735 sinistrorsum.
2551 3675 2680 3743 quia
2729 3687 2787 3726 se
2838 3678 3089 3741 reputant
3130 3669 3278 3725 velut
3324 3671 3377 3724 in

1824 3768 2186 3827 tribunalibus
2218 3767 2454 3830 versari,
2485 3765 2575 3819 ubi
2607 3764 2673 3819 de
2695 3773 2846 3818 recto
2868 3771 2923 3817 et
2956 3777 3127 3831 pravo
3163 3770 3381 3817 conten-

1823 3861 1992 3918 ditur.
2024 3860 2091 3915 Et
2118 3868 2323 3915 rectum
2366 3858 2581 3929 quidem
2634 3866 2872 3922 tuentur,
2922 3869 3149 3926 pravum
3196 3864 3381 3912 autem

1825 3952 2114 4021 repellunt.

1894 4044 1939 4075 ⁸ο
1977 4043 2045 4097 lis
2074 4041 2165 4112 qui
2215 4041 2407 4099 nolunt
2457 4040 2556 4097 sub
2592 4040 2684 4096 Dei
2727 4040 2995 4111 sapientia
3043 4038 3381 4109 scientiaque

1822 4135 2051 4202 erudiri,
2099 4149 2201 4203 per
2250 4135 2587 4203 ingruentem
2618 4146 2848 4189 mortem
2881 4133 3097 4188 obviam
3127 4132 3188 4186 fit
3224 4143 3382 4187 aeter-

1828 4243 1928 4282 nus
1967 4228 2125 4282 Deus.
2154 4226 2362 4281 Excors
2390 4233 2494 4291 est,
2541 4225 2655 4296 qui,
2691 4235 2905 4296 gustata
2942 4223 3209 4293 sapientia
3263 4222 3381 4287 Dei,

1826 4322 2018 4377 deinde
2046 4322 2149 4377 bac
2183 4321 2408 4385 omissa,
2439 4319 2687 4375 stultitiae
2712 4319 2952 4374 adhaeret
2986 4333 3003 4371 :
3038 4330 3211 4387 quare
3242 4325 3295 4369 et
3329 4315 3383 4368 in

1826 4414 2062 4486 peccatis
2093 4413 2346 4468 moritur.
2370 4410 2524 4478 Quod
2570 4409 2615 4465 si
2665 4412 2921 4467 virtutem
2950 4407 3188 4478 nequitia
3215 4405 3386 4460 demi-

1826 4507 1964 4571 nuit,
1998 4505 2243 4576 profecto
2275 4504 2569 4575 nequitiam
2593 4518 2812 4575 quoque
2849 4503 2970 4557 vice
3008 4516 3163 4556 versa
3210 4502 3384 4555 virtus

1825 4597 2074 4665 dissipat.
2108 4595 2222 4652 Hoc
2262 4605 2445 4651 autem
2484 4595 2579 4651 fiet
2607 4595 2661 4649 in
2697 4594 2876 4649 futuro
2909 4590 3131 4657 saeculo,
3152 4608 3263 4663 quo
3288 4608 3384 4647 ne-

1824 4689 2007 4753 quitiae
2052 4688 2177 4747 linis
2224 4688 2553 4757 imponetur.
2619 4689 2663 4720 ⁸¹
2710 4684 2953 4755 Namque
3010 4683 3382 4753 inquinabitur

1825 4778 1959 4834 dixit
1987 4792 2085 4848 pro
2125 4777 2505 4847 dissipabitur.
2546 4776 2848 4845 Dissipatur
2872 4791 3003 4829 vero
3041 4774 3379 4829 immunditia

1826 4870 1911 4926 vel
1938 4871 2174 4942 practica
2204 4871 2423 4934 virtute,
2456 4868 2541 4925 vel
2570 4869 2766 4924 acerba
2800 4868 3099 4935 punitione.

1896 4964 1941 4997 ⁸⁸
1968 4962 2238 5021 Utendum
2266 4969 2349 5015 est
2384 4961 2489 5016 hoc
2541 4960 2686 5014 dicto
2719 4959 2980 5015 adversus
3010 4972 3105 5012 eos
3142 4956 3232 5026 qui
3263 4964 3388 5011 sunt

1800 5037 2007 5125 'adepti
2048 5054 2243 5108 divinae
2289 5052 2533 5108 scientiae
2566 5050 2907 5115 beneficium,
2956 5048 3248 5120 quominus
3273 5039 3388 5103 sus-

1831 5157 2045 5218 ceptam
2079 5147 2382 5202 doctrinam
2430 5146 2728 5215 negligant,
2754 5142 3011 5211 quoniam
3046 5141 3193 5196 multi
3220 5157 3250 5195 a
3279 5158 3389 5195 ma-

1831 5238 1945 5297 litia
1974 5239 2026 5296 in
2066 5247 2297 5294 mortem
2343 5236 2603 5308 pcrtracti
2648 5236 2889 5291 fuerunt.
2933 5236 3002 5288 At
3032 5234 3147 5288 illos
3174 5233 3263 5303 qui
3306 5233 3390 5288 in-

1835 5340 2022 5385 sontes
2052 5330 2119 5385 ad
2149 5342 2334 5383 necem
2368 5328 2661 5393 ducuntur,
2692 5342 2757 5380 ne
2782 5340 2979 5379 renuas
3006 5323 3225 5394 preprio
3265 5336 3392 5376 san-

1832 5418 1995 5488 guine
2047 5416 2351 5472 redimere:
2382 5417 2589 5471 redime
2638 5417 2828 5471 saltem
2870 5416 2991 5470 data
3027 5412 3272 5485 pecunia,
3303 5409 3387 5464 vel

1834 5506 1949 5562 utili
2000 5507 2291 5563 verborum
2337 5507 2664 5578 patrocinio.
2717 5505 2870 5574 Quod
2915 5505 2963 5561 si
3008 5502 3236 5565 dixeris,
3271 5501 3387 5556 Non

1832 5601 1955 5655 novi
1993 5600 2157 5667 hunc,
2194 5600 2443 5670 argueris
2481 5600 2747 5656 mendacii
2783 5616 2798 5666 ;
2844 5599 3058 5670 erisque
3099 5591 3389 5670 dupliciter

1493 5719 1538 5752 "
1572 5734 1626 5771 ν.
1665 5719 1715 5773 7.
1793 5721 1837 5753 ⁸ο
1862 5736 1909 5775 ν.
1935 5720 1986 5773 8.
2066 5722 2107 5753 ⁸⁸
2157 5736 2207 5776 ν.
2248 5721 2301 5775 9.
2372 5722 2415 5754 ⁸²
2470 5736 2520 5775 v.
2564 5721 2646 5775 tl.
