3942 6318
606 342 716 396 227

1493 342 2056 402 SUPPLEMENTUM
2093 345 2185 400 AD
2220 345 2549 404 ORIGENIS
2588 344 3034 408 EXEGETICA..

3732 363 3824 421 9.28

613 476 741 517 reus
771 468 824 516 et
847 460 914 516 de
945 459 1080 516 falso
1095 469 1158 516 et
1189 462 1255 516 de
1279 459 1597 517 homicidio.
1630 461 1759 517 Nam
1791 463 1884 534 qui
1913 464 2041 520 fecit
2063 467 2174 535 spi-

2276 461 2384 522 οἶδε
2411 467 2588 523 πάντα
2623 469 2724 524 ὅσα
2765 469 3083 524 ἀποδίδωσιν
3125 469 3350 543 ἐκάστῳ
3389 472 3533 529 κατά
3565 475 3627 530 τδ
3663 480 3825 535 ποιόνο

613 553 799 619 ritum,
833 552 878 608 is
917 553 1067 607 novit
1097 552 1302 622 singula
1336 566 1456 621 qua
1489 551 1719 621 singulis
1744 555 1915 619 dedit,
1951 571 2050 625 pro
2076 573 2177 612 eu-

605 648 804 714 jusque
847 644 1130 714 qualitate,
1161 645 1364 698 bonum
1413 642 1578 712 bono,
1639 647 1780 701 male
1834 649 1997 703 mala.
2041 649 2175 705 Nam

609 738 753 804 quod
794 751 900 791 non
928 735 1222 790 secundum
1253 735 1618 804 quantitatem
1660 737 1923 808 cujusque
1953 741 2062 807 det,
2089 757 2178 811 pa-

611 840 688 886 tet
717 847 731 884 :
762 830 883 884 Non
916 830 1052 884 enim
1084 840 1203 884 sunt
1228 832 1513 902 condigna:
1540 835 1816 902 passiones
1842 837 2003 906 hujus
2039 845 2172 892 tem-

604 927 746 994 poris
774 925 843 978 ad
874 924 1108 993 futuram
1149 923 1376 994 gloriam
1403 925 1470 982 ⁸³.
1501 925 1655 992 Quod
1705 929 1750 982 si
1799 930 1922 998 quis
1975 944 2172 986 secun-

603 1019 732 1070 dum
782 1017 1144 1084 quantitatem
1199 1015 1502 1083 intelligere
1545 1018 1717 1085 malit,
1769 1035 1866 1088 pro
1921 1023 2171 1092 portione

605 1110 796 1163 virium
826 1107 1094 1178 cujusque
1129 1109 1542 1167 retributionem
1577 1112 1690 1166 fieri
1724 1114 2003 1169 existimet
2035 1133 2048 1169 :
2093 1117 2174 1171 sic.

601 1213 691 1255 cut
716 1201 880 1255 etiam
925 1199 1162 1271 Spiritus
1186 1202 1522 1258 charismata
1556 1220 1656 1275 pro
1697 1205 1820 1261 lidei
1852 1217 1969 1261 rata
2018 1217 2172 1277 parte

598 1295 820 1348 dantur.

669 1384 717 1416 “
738 1385 840 1439 Mel
882 1385 1138 1452 comedit,
1175 1386 1266 1457 qui
1309 1403 1339 1442 a
1363 1387 1563 1444 divinis
1585 1388 1885 1461 Scripturis
1925 1391 2164 1462 juvatur.

599 1483 705 1550 Qui
738 1493 920 1538 autem
965 1485 1033 1538 ab
1056 1482 1189 1552 ipsis
1228 1484 1477 1538 extundit
1505 1483 1666 1541 factis
1694 1487 1994 1551 doctrinas,
2023 1491 2168 1544 unde

598 1574 900 1630 hauserunt
940 1576 1114 1631 sancti
1161 1575 1438 1646 prophetae
1476 1585 1532 1632 et
1584 1578 1814 1648 apostoli
1859 1580 2048 1648 agendi
2115 1592 2170 1636 et

599 1667 826 1721 docendi
885 1669 1174 1734 rationem,
1238 1667 1329 1723 hic
1391 1667 1574 1721 favum
1624 1671 1879 1724 comedit.
1940 1670 2004 1725 Et
2061 1671 2166 1727 mel

597 1759 814 1828 quidem
855 1757 1142 1813 comedere
1181 1757 1381 1828 cuique
1411 1757 1616 1813 volenti
1657 1770 1920 1830 praestat;
1954 1763 2047 1818 sed
2079 1762 2164 1816 la-

597 1866 745 1916 vum,
781 1850 993 1905 nonnisi
1022 1850 1256 1905 mundus
1279 1851 1444 1906 homo
1475 1862 1671 1920 potest.
1710 1853 1802 1907 Vel
1835 1853 1935 1906 mel
1976 1855 2162 1909 dicen-

599 1941 724 1994 dum
758 1951 840 1996 est
866 1941 1180 2010 allegoriam
1208 1956 1366 2008 esse;
1402 1943 1582 1998 favum
1621 1954 1822 2010 autem,
1855 1950 1976 2000 eam
2003 1961 2162 2015 quam

597 2032 826 2086 dii-imus
858 2031 1281 2100 speculationem
1323 2039 1378 2086 et
1421 2031 1851 2104 indagationem,
1891 2050 2012 2104 quae
2063 2037 2162 2091 ha-

597 2123 724 2177 bent
752 2124 1139 2178 abstrusiorem
1168 2139 1384 2179 sensum
1425 2133 1480 2180 et
1525 2125 1938 2194 profundiorem
1966 2145 1984 2182 :
2021 2127 2164 2182 inest

595 2216 738 2269 enim
774 2215 898 2270 favo
928 2217 1051 2271 mel.
1089 2215 1288 2272 Guttur
1342 2217 1476 2272 dicit
1529 2217 1932 2273 alimentariam
1965 2221 2163 2276 animae

596 2305 930 2372 facultatem,
964 2307 1012 2360 vi
1046 2306 1202 2374 cujus
1237 2307 1344 2362 cibi
1377 2307 1429 2360 in
1461 2315 1705 2360 ventrem
1747 2309 2061 2363 mittuntur.
2102 2310 2159 2365 Si

592 2414 723 2466 ergo
770 2399 882 2453 haec
929 2408 1076 2454 recte
1120 2398 1488 2464 constitueris,
1543 2406 1598 2451 et
1645 2414 1766 2469 qua:
1809 2401 1875 2453 ad
1919 2412 2158 2458 mentem

592 2492 869 2559 pertinent
901 2501 954 2544 et
987 2505 1106 2558 qua:
1154 2491 1222 2542 ad
1278 2489 1704 2556 indagationem,
1759 2500 1919 2545 erunt
1953 2491 2046 2546 tibi
2093 2509 2157 2548 ex

591 2581 1086 2650 sapientimsensu
1135 2580 1401 2647 sapientia
1452 2583 1566 2649 ipsa
1615 2583 1887 2650 dogmata.
1941 2581 2077 2639 Nam
2113 2586 2157 2640 si

592 2676 871 2728 inveneris
899 2673 1197 2742 spiritalem
1245 2674 1544 2744 Scriptum
1587 2690 1831 2740 sensum,
1875 2675 2015 2730 bona
2061 2677 2156 2731 tibi

589 2768 866 2834 continget
895 2782 1062 2831 mors,
1096 2775 1154 2820 ut
1176 2765 1362 2821 dicas:
1393 2763 1637 2820 Pretiosa
1665 2768 1719 2821 iu
1748 2778 2026 2837 conspectu
2053 2768 2162 2822 Do-

590 2859 717 2911 mini
771 2875 912 2912 mors
954 2868 1256 2914 sanctorum
1303 2863 1416 2931 ejus
1457 2859 1528 2915 ⁸³.
1561 2858 1675 2916 Nec
1705 2876 1836 2916 vero
1867 2862 1933 2917 de
1959 2860 2157 2917 futuris

587 2963 735 3018 spem
778 2949 1021 3021 abjicies.

657 3041 705 3072 “
733 3040 808 3096 Ne
849 3043 1111 3112 pra:l'eras
1143 3043 1420 3098 diabolum
1473 3047 1702 3116 justitia:
1747 3045 1865 3114 Dei,
1899 3061 2004 3116 qua
2032 3060 2158 3101 san-

2276 557 2477 626 ἀγαθὸν
2500 558 2710 631 ἀγαθῷ,
2739 561 2833 614 καὶ
2857 561 3078 632 πονηρῷ
3099 563 3322 634 πονηρά
3345 579 3361 594 ο
3393 563 3476 618 ὅτι
3501 565 3605 636 γὰρ
3631 568 3687 620 οὐ
3710 572 3827 626 κατὰ

2275 652 2336 704 τὸ
2376 653 2542 706 ποσὸν
2563 693 2578 717 ,
2611 653 2771 726 δῆλον
2795 671 2809 685 ·
2843 656 2927 708 Οὐ
2962 654 3071 723 γὰρ
3113 654 3262 720 ἄξια
3303 656 3379 710 τὰ
3417 657 3720 728 παθήματα
3741 665 3828 719 τοῦ

2275 741 2392 795 νῦν
2418 744 2624 811 καιροῦ
2651 744 2803 814 πρὸς
2829 743 2945 814 τὴν
2962 745 3331 816 μέλλουσαν
3359 748 3551 813 δόξαν
3569 767 3583 782 °
3611 755 3656 806 εί
3683 755 3733 808 δὲ
3753 759 3830 812 καὶ

2275 831 2369 887 ἐπὶ
2408 833 2576 887 ποσοῦ
2617 851 2702 899 τις
2744 836 2992 890 ἐκλαϐεῖν
3029 837 3204 892 ἐθέλοι
3227 881 3242 903 ,
3299 843 3427 893 κατ’
3452 841 3727 912 ἀναλογίαν
3751 849 3829 919 τῆς

2273 925 2503 980 ἑκάστου
2553 927 2834 999 δυνάμεως
2878 931 2977 1004 τήν
3023 931 3383 986 ἀνταπόδοσιν
3414 935 3638 989 οίέσθω·
3665 937 3732 1001 ὡς
3755 943 3831 995 καὶ

2272 1018 2338 1071 τά
2389 1017 2484 1072 τοῦ
2531 1019 2845 1092 Πνεύματος
2893 1024 3206 1095 χαρίσματα
3261 1027 3390 1079 κατ’
3433 1027 3714 1097 ἀναλογίαν
3747 1032 3831 1106 τῆς

2273 1109 2518 1176 πίστεως
2544 1112 2764 1167 δίδοται.

2353 1378 2549 1433 Ἐσθίει
2577 1380 2699 1452 μέλι
2738 1383 2767 1437 ό
2795 1383 2902 1436 ἀπὸ
2932 1382 3041 1436 τῶν
3077 1383 3245 1438 θείων
3280 1385 3523 1456 Γραφῶν
3554 1388 3827 1463 ὠφελούμε-

2268 1489 2358 1535 νος
2379 1491 2393 1504 ⁸
2427 1475 2454 1526 ὁ
2481 1474 2538 1528 δὲ
2565 1474 2659 1528 ἀπ’
2686 1475 2865 1529 αὐτῶν
2908 1476 3186 1532 ἐκϐάλλων
3218 1476 3337 1531 τῶν
3367 1483 3702 1552 πραγμάτων
3723 1487 3825 1550 τοὺς

2268 1564 2479 1635 λόγους,
2513 1566 2605 1637 ἀφ’
2628 1560 2703 1621 ὧν
2733 1568 3016 1640 είλήφασιν
3042 1569 3185 1638 ἆγιοι
3214 1571 3508 1643 προφῆται
3533 1574 3625 1626 καὶ
3647 1575 3692 1626 oi
3717 1576 3825 1630 ἀπό-

2269 1656 2443 1710 στολοι
2465 1698 2480 1722 ,
2512 1658 2571 1712 ἐν
2606 1657 2684 1729 τῷ
2721 1661 2894 1712 ποιεῖν
2934 1676 2991 1713 τε
3034 1661 3129 1713 καὶ
3162 1659 3450 1715 διδάσκειν
3473 1701 3488 1725 ,
3532 1662 3720 1735 τρώγει
3743 1682 3824 1736 κη-

2270 1749 2383 1822 ρίον
2405 1769 2420 1782 ο
2461 1752 2555 1805 καὶ
2582 1753 2645 1806 τὸ
2689 1754 2786 1825 μὲν
2821 1753 2942 1826 μέλι
2973 1759 3164 1825 φαγεῖν
3183 1796 3198 1820 ,
3235 1755 3336 1809 τοῦ
3365 1755 3684 1828 βουλομένου
3709 1775 3824 1813 παν-

2262 1843 2354 1906 τός
2377 1860 2391 1874 °
2427 1845 2486 1898 τὸ
2519 1846 2576 1900 δὲ
2604 1847 2830 1918 κηρίον,
2885 1848 3048 1918 μόνου
3075 1848 3170 1902 τοῦ
3199 1848 3456 1920 καθαροῦ
3478 1865 3492 1878 ο
3539 1851 3571 1920 ἢ
3605 1851 3692 1902 καὶ
3723 1849 3822 1921 μέλι

2265 1934 2454 2006 ῥητέον
2489 1935 2586 2007 τὴν
2619 1937 2946 2008 ἀλληγορίαν
2969 1956 2983 1970 ο
3029 1939 3221 2011 κηρίον
3260 1940 3352 2003 δὲ,
3392 1941 3495 2010 τὴν
3537 1941 3697 2012 ῥητὴν
3722 1941 3818 1994 ἐπί-

2265 2023 2453 2093 σκεψιν
2480 2025 2575 2078 καὶ
2607 2026 2845 2096 ἱστορίαν
2869 2067 2884 2092 ,
2916 2029 3050 2100 πρὸς
3089 2029 3151 2082 τὸ
3187 2029 3339 2099 ἔχειν
3379 2030 3474 2082 τὸν
3502 2030 3816 2100 ἀποκεκρυμμ

2266 2117 2422 2188 μένον
2463 2117 2587 2171 νοῦν
2632 2118 2726 2172 καὶ
2772 2118 3104 2192 βαθύτερον,
3155 2122 3341 2175 ἔνεστι
3391 2121 3504 2192 γάρ
3550 2121 3627 2192 τῷ
3669 2124 3816 2195 κηρίῳ
3905 2128 3909 2159 '=

2265 2207 2386 2278 μέλι
2407 2225 2422 2240 ’
2453 2210 2709 2282 φάρυγγα
2733 2211 2790 2266 δὲ
2815 2212 2914 2284 τὴν
2930 2213 3232 2286 θρεπτικὴν
3263 2215 3368 2286 τῆς
3396 2213 3578 2283 ψυχῆς
3599 2213 3814 2284 δύναμιν,
3900 2204 3911 2253 5

2260 2303 2326 2356 δι’
2347 2298 2415 2374 ἦς
2443 2304 2498 2356 αἱ
2518 2305 2716 2374 τροφαὶ
2747 2306 3210 2378 παραπέμπονται
3234 2309 3318 2371 είς
3345 2305 3447 2377 τὴν
3476 2306 3677 2361 κοιλίαν
3697 2325 3710 2338 ο
3737 2308 3814 2362 ἐὰν

2258 2391 2351 2448 οὖν
2376 2393 2545 2448 ταῦτα
2579 2396 2930 2469 κατορθώσῃς
2950 2437 2965 2462 ,
3003 2397 3073 2451 τά
3099 2414 3158 2450 τε
3189 2396 3337 2451 κατά
3361 2396 3616 2461 διάνοιαν,
3647 2398 3730 2451 καὶ
3756 2398 3812 2451 τὰ
3901 2391 3909 2428 ί

2258 2485 2378 2539 καθ’
2409 2485 2676 2557 ἱστορίαν,
2717 2487 2930 2542 ἔσονταί
2961 2505 3041 2541 σοι
3069 2488 3324 2560 αἰσθήσει
3348 2488 3453 2558 τῆς
3494 2488 3676 2558 σοφίας
3699 2489 3812 2543 αὐτὰ
3909 2479 3911 2525 θ

2257 2577 2325 2631 τὰ
2367 2578 2508 2648 σοφὰ
2535 2577 2813 2648 δόγματα·
2859 2578 2954 2632 ἐὰν
2989 2578 3097 2651 γὰρ
3127 2578 3305 2651 εὕρῃς
3349 2579 3444 2633 τὸν
3481 2578 3809 2650 πνευματικὸν
3909 2587 3914 2596 ·

2257 2670 2357 2740 τῆς
2376 2671 2598 2742 Γραφῆς
2617 2671 2759 2736 νοῦν,
2781 2671 2932 2725 ἔσται
2953 2670 3088 2742 καλὴ
3111 2674 3143 2744 ή
3165 2672 3400 2744 τελευτή
3427 2689 3542 2736 σου,
3561 2671 3632 2734 ὡς
3649 2669 3810 2742 λεχθῆ-

2257 2780 2377 2817 ναι·
2412 2763 2605 2834 Τίμιος
2623 2763 2902 2818 ἐναντιον
2918 2765 3141 2833 Kvplov
3163 2768 3197 2818 ό
3218 2764 3484 2832 θάνατος
3516 2763 3628 2817 τῶν
3653 2765 3807 2817 ὁσίων

2256 2857 2441 2913 αὐτοῦ
2464 2875 2480 2890 ο
2509 2857 2608 2911 οὐκ
2632 2856 2924 2921 ἀποϐαλεῖς
2951 2858 3008 2912 δὲ
3036 2857 3136 2928 τὴν
3167 2861 3250 2923 είς
3280 2859 3344 2912 τὸ
3376 2857 3568 2930 μέλλον
3595 2855 3777 2909 ἐλπίδα.

2326 3037 2418 3112 Μὴ
2437 3038 2776 3110 προτιμήσῃς
2791 3038 2885 3092 τὸν
2903 3037 3146 3092 διάϐολον
3166 3038 3274 3109 τῆς
3293 3037 3391 3092 τοῦ
3412 3037 3546 3092 ὰοῦ
3567 3035 3806 3092 δικαιοσύ-

587 3134 658 3190 eti
687 3144 1003 3204 pascuntur.
1038 3135 1221 3207 Neque
1252 3137 1578 3202 ludificeris,
1611 3149 1669 3192 ut
1697 3139 1884 3194 stultis
1913 3137 2157 3193 mortife-

2260 3149 2354 3204 νης
2373 3171 2388 3196 ,
2422 3132 2487 3203 ἢν
2515 3134 2564 3185 οί
2603 3131 2800 3186 δίκαιοι
2837 3131 3156 3203 νομεύονται
3175 3149 3188 3162 ·
3241 3133 3380 3205 μηδέ
3411 3132 3682 3204 ἀπατηθῇς
3711 3149 3805 3202 μω-

585 3229 767 3298 risque
794 3230 1051 3285 doctrinis
1090 3245 1184 3285 cor
1220 3242 1390 3299 tuum,
1429 3233 1572 3301 quod
1611 3233 1820 3288 ventris
1853 3233 2020 3286 instar
2045 3241 2152 3298 est,

585 3333 819 3377 satures.
854 3352 926 3363 —
951 3321 1029 3377 Ne
1063 3325 1361 3391 voluptatis
1391 3341 1552 3379 causa
1587 3327 1752 3380 Deum
1803 3325 2149 3395 prodideris:

583 3413 670 3469 hic
699 3416 841 3468 enim
869 3415 1045 3485 justos
1079 3417 1270 3488 pascit,
1307 3433 1482 3487 neque
1523 3431 1576 3472 te
1615 3418 1975 3488 derelinquet.

652 3506 696 3538 ⁸⁷
725 3509 935 3564 Avertit
982 3510 1124 3564 Deus
1166 3512 1305 3565 iram
1349 3526 1502 3565 suam
1533 3511 1602 3564 ab
1629 3526 1692 3565 eo
1724 3511 1813 3579 qui
1853 3511 2017 3576 cadit,
2051 3509 2150 3563 ini-

579 3609 758 3655 sertus
787 3600 949 3670 ejus:
1002 3601 1258 3657 irascitur
1303 3611 1482 3656 autem
1534 3602 1580 3655 ei
1623 3601 1713 3670 qui
1755 3601 2033 3656 extollitur
2081 3604 2152 3658 oh

581 3693 792 3763 lapsum
841 3695 1044 3750 inimici
1093 3697 1198 3751 sui.
1264 3696 1522 3766 Quisquis
1563 3697 1709 3750 enim
1767 3697 1834 3750 de
1891 3708 2150 3768 pereunte

580 3788 754 3839 anima
804 3785 1022 3856 gaudet,
1071 3788 1267 3845 similis
1325 3789 1540 3844 diabolo
1579 3800 1683 3854 ρει,
1736 3789 1826 3859 qui
1871 3805 1977 3842 non
2034 3789 2149 3842 vult

578 3895 765 3933 omnes
794 3881 1038 3936 homines
1073 3881 1264 3935 'salvos
1317 3882 1457 3946 ﬁeri,
1493 3893 1670 3949 neque
1702 3882 1768 3934 ad
1812 3881 2144 3952 agnitionem

578 3970 824 4024 veritatis
872 3972 1078 4025 venire.
1113 3970 1246 4024 Nam
1279 3981 1332 4025 et
1369 3972 1628 4026 Dominus
1659 3973 1711 4025 in
1761 3971 2069 4043 Evangeliis
2097 3974 2144 4006 ⁸⁸

580 4060 872 4123 mandavit,
921 4068 978 4114 ut
1008 4075 1226 4115 oremus
1266 4074 1365 4129 pro
1413 4060 1651 4115 inimicis
1699 4063 1921 4128 nostris,
1960 4074 2144 4132 utpote

578 4151 903 4208 hominibus.

645 4330 867 4386 Gladius
926 4329 1173 4400 spiritus,
1228 4329 1375 4400 quod
1429 4341 1517 4385 est
1572 4331 1796 4387 verbum
1845 4333 1977 4400 Dei,
2036 4349 2142 4388 non

573 4425 836 4491 carnalis,
876 4425 926 4479 id
964 4435 1048 4481 est
1084 4440 1189 4479 non
1225 4424 1543 4479 materialis.
1591 4425 1694 4492 Qui
1744 4426 1918 4481 victus
1951 4427 1998 4483 ei
2029 4437 2140 4482 tra-

2261 3224 2527 3297 ρολογίαις
2570 3224 2963 3297 θανατηφόροις
3009 3226 3274 3296 χορτάσαι
3323 3242 3419 3278 σου
3468 3226 3564 3298 τὴν
3609 3222 3804 3296 καρδίαν

2254 3334 2346 3370 σου
2372 3358 2387 3382 ,
2417 3318 2446 3370 ϐ
2478 3319 2592 3370 ἐστι
2619 3317 2814 3372 κοιλία.
2837 3348 2902 3358 -——
2921 3317 3011 3389 Μὴ
3057 3317 3244 3371 ἕνεκεν
3272 3319 3470 3390 ἡδονῆς
3502 3315 3699 3389 προδῷς
3726 3314 3802 3366 τὸν

2253 3410 2384 3464 Θεόν
2407 3427 2419 3440 ·
2457 3403 2611 3474 οὗτος
2644 3409 2753 3480 γὰρ
2790 3410 2928 3482 νομὴ
2968 3410 3206 3477 δικαίου,
3249 3413 3346 3464 καὶ
3385 3411 3446 3464 οὐ
3488 3410 3561 3482 μὴ
3600 3413 3802 3476 ἐγκατα-

2252 3501 2412 3575 λείψῃ
2447 3519 2526 3556 σε.
3615 3524 3620 3529 ·

2333 3595 2691 3668 Ἀποστρέφει
2727 3596 2824 3667 μὲν
2855 3597 2883 3650 ό
2910 3597 3040 3661 Θεὸς
3066 3596 3156 3651 τὸν
3183 3595 3358 3668 θυμὸν
3384 3592 3547 3648 αὐτοῦ
3588 3590 3685 3644 ἀπὸ
3720 3585 3798 3638 τοῦ

2254 3687 2508 3752 πεσόντος
2516 3729 2529 3751 ν
2561 3689 2790 3759 ἐλεήσας
2817 3689 2975 3742 αὑτόν
2995 3706 3008 3718 ·
3035 3687 3320 3759 ὀργίζεται
3345 3687 3402 3740 δὲ
3434 3685 3512 3756 τῷ
3541 3679 3798 3752 ἐπαρθέντι

2251 3780 2342 3833 ἐπὶ
2365 3778 2441 3850 τῷ
2463 3777 2713 3850 πτώματι
2738 3779 2832 3832 τοῦ
2851 3777 3042 3851 ἐχθροῦ
3065 3777 3227 3831 αὐτοῦ
3243 3794 3258 3807 ·
3297 3777 3407 3840 πᾶς
3436 3774 3538 3845 γάρ
3565 3773 3592 3825 ὁ
3622 3765 3799 3837 ἐπιχαί-

2252 3889 2360 3942 ρων
2387 3875 2478 3926 ἐπὶ
2508 3871 2850 3943 ἀπολλυμένη
2893 3872 3035 3943 ψυχῇ
3059 3911 3072 3934 ,
3099 3871 3287 3942 ὅμοιός
3328 3873 3449 3924 ἐστι
3482 3867 3557 3939 τῷ
3595 3859 3796 3928 διαϐόλῳ

2247 3967 2324 4038 τῷ
2371 3966 2444 4038 μὴ
2475 3965 2679 4019 θέλοντι
2714 3967 2921 4029 πάντας
2959 3963 3283 4036 ἀνθρώπους
3324 3961 3562 4032 σωθῆναι
3599 3957 3684 4010 καὶ
3728 3953 3796 4013 είς

2246 4059 2539 4126 ἐπίγνωσιν
2566 4057 2822 4128 ἀληθείας
2861 4055 3033 4110 ἐλθεῖν
3053 4073 3066 4087 ·
3101 4057 3194 4110 καὶ
3219 4055 3379 4128 γὰριό
3411 4054 3608 4124 Κύριος
3627 4051 3681 4100 ὲν
3698 4045 3794 4105 τοῖς

2245 4151 2598 4221 Εὐαγγελίοις
2613 4150 3032 4222 νενομοθέτηκεν
3053 4148 3310 4220 εὔχεσθαι
3327 4149 3468 4220 ὑπὲρ
3487 4143 3590 4199 τῶν
3611 4136 3794 4212 ἐχθρῶν

2245 4244 2420 4317 ἡμῶν,
2439 4245 2605 4316 ήγουν
2622 4243 2854 4298 τῶν,ἀνθ
2865 4243 3080 4316 ρώπων.

2322 4336 2385 4388 'H
2425 4336 2667 4408 μάχαιρα
2693 4334 2799 4407 (l7)
2838 4335 2893 4388 δὲ
2921 4333 3014 4388 τοῦ
3053 4333 3398 4405 πνεύματος,
3437 4330 3472 4401 ἥ
3513 4330 3625 4381 ἐστι
3664 4320 3791 4392 ῥῆμα

2241 4427 2374 4481 Θεοῦ
2396 4469 2409 4491 ,
2443 4429 2504 4482 οὐ
2543 4429 2768 4501 σαρκίνη
2792 4469 2806 4492 ,
2852 4429 2971 4482 ἀντὶ
3003 4427 3095 4480 τοῦ
3143 4428 3242 4480 οὐκ
3279 4422 3545 4496 αἰσθητή·
3587 4417 3642 4478 ὃς
3663 4413 3702 4465 δ’
3733 4409 3790 4501 δῖ’

574 4520 752 4586 detur,
785 4527 1142 4574 conterentur
1199 4519 1317 4589 ejus
1366 4534 1490 4575 ossa
1539 4520 1746 4589 pistillo
1795 4532 2048 4587 contusa,
2087 4531 2142 4576 et

2260 4522 2520 4594 παραδοθῇ
2569 4522 2799 4586 πταίσας
2847 4520 3026 4592 αὐτῷ,
3073 4519 3486 4590 συντριϐήσεται
3534 4507 3660 4564 ὀστᾶ
3702 4498 3790 4594 ὖπρ

574 4610 697 4681 igne
723 4611 998 4664 combusta
1049 4620 1397 4666 evanescent.
1430 4612 1546 4674 Vel,
1586 4613 1680 4682 qui
1717 4613 1965 4668 tradetur
1991 4615 2039 4669 ei
2069 4615 2134 4670 ad

2260 4592 2447 4687 ὅπέρου
2496 4592 2809 4686 τυπτόμενα
2836 4632 2849 4645 ·
2903 4615 2997 4668 καὶ
3054 4611 3483 4683 ἀφανισθήσεται
3534 4601 3657 4658 ὀστᾶ
3700 4592 3790 4648 ὑπὸ

572 4703 965 4772 paenitentiam,
1023 4713 1336 4757 conteretur
1400 4705 1568 4759 verbo
1642 4705 1926 4776 sapientia:
1995 4706 2138 4763 illius

569 4793 722 4864 quasi
755 4793 1009 4856 triticum,
1049 4803 1107 4847 ut
1144 4792 1318 4850 dulcis
1359 4809 1425 4850 ex
1465 4810 1532 4850 eo
1573 4796 1729 4866 panis
1766 4795 1881 4850 llat.
1905 4826 1975 4837 -—
2005 4795 2141 4852 Cor-

571 4896 757 4958 ruptos
782 4895 838 4940 et
865 4896 1264 4943 veterascentes
1293 4888 1347 4943 in
1386 4888 1674 4944 desideriis
1719 4889 1926 4943 erroris
1957 4888 2138 4944 homi-

571 4995 700 5046 nes,
732 4979 1002 5035 consumit
1043 4979 1135 5033 Dei
1182 4980 1392 5050 gladius
1437 4981 1606 5037 exitio
1635 4981 1990 5036 internecivo.
2019 4981 2135 5050 Vel,

2246 4709 2415 4778 πυρὸς
2461 4708 2835 4779 καυσούμεναο
2881 4707 2915 4780 ἦ
2961 4707 3020 4770 ὃς
3053 4707 3095 4760 δ’
3123 4705 3189 4760 ἂν
3228 4702 3506 4777 παραδοθῇ
3547 4692 3683 4764 αὐτῷ
3721 4689 3790 4784 εεξ

2248 4801 2551 4871 μετάνοιαν,
2577 4801 2989 4874 συντριϐήσεται
3022 4797 3099 4870 τῷ
3126 4798 3268 4868 λόγῳ
3294 4798 3401 4880 ,τῆς
3434 4791 3616 4861 σοφίας
3641 4786 3785 4885 ait?»

2243 4893 2319 4957 ὡς
2347 4897 2518 4958 σῖτος,
2547 4896 2626 4957 είς
2658 4893 2720 4947 τὸ
2756 4892 3008 4962 γενέσθαι
3041 4891 3202 4944 αὑτὸν
3236 4875 3364 4961 ἡδὺν
3396 4875 3787 4962 ἀρτον.-Τονξ)ς

2245 4985 2632 5058 φθειρομένους
2655 4986 2748 5040 καὶ
2770 4959 3178 5047 παλαιωθέντας
3207 4959 3520 5054 ἀνθρώπους
3546 4966 3676 5026 κατά
3699 4959 3787 5057 τὰς

569 5071 847 5124 venientes
885 5085 951 5124 ex
1001 5069 1287 5140 iniquitate
1327 5072 1393 5125 ad
1433 5071 1524 5126 Dei
1575 5073 1907 5144 agnitionem
1962 5073 2135 5126 homi-

2260 5078 2534 5150 meupia;
2583 5079 2682 5149 τῆς
2734 5078 2978 5148 ἀπάτης,
3030 5075 3307 5128 ἀναλίσκει
3345 5076 3379 5144 ἢ
3431 5069 3660 5142 μάΧαΨα
3700 5065 3783 5150 τῳ

571 5174 688 5226 nes,
713 5176 878 5232 usque
905 5163 971 5216 ad
997 5178 1191 5218 nervos
1222 5164 1590 5219 consumendo
1617 5174 1809 5236 purgat
1835 5166 2015 5234 pravis
2047 5181 2137 5221 ac-

2260 5172 2372 5225 δεοῦ
2406 5142 2494 5237 ἐίς
2514 5142 2831 5243 *ἀφανισμὸν
2859 5142 3118 5240 παντελῆ.
3158 5169 3230 5222 "H
3264 5142 3388 5229 cuiu:
3414 5166 3476 5216 ὲκ
3507 5151 3690 5246 κακίῗκ
3713 5142 3783 5246 l,‘

573 5251 755 5319 tibus;
794 5265 852 5307 ut
881 5255 1216 5324 deponentes
1269 5264 1507 5308 veterem
1557 5255 1855 5319 hominem,
1911 5256 2139 5310 induant

2260 5233 2562 5333 Ιεογνωσίαν
2579 5233 2850 5327 ’ἐλθόντας
2875 5233 3221 5336 ἀνθρώπους,
3261 5261 3354 5313 σὺν
3382 5233 3780 5336 νεύῳιςᾉάναλίσ

571 5361 768 5402 novum
798 5358 1037 5403 creatum
1068 5347 1363 5401 secundum
1410 5347 1576 5402 Deum
1605 5367 1618 5404 :
1655 5349 1748 5419 qui
1775 5349 1996 5422 quidem
2031 5367 2135 5404 non

2260 5373 2358 5409 rxst
2386 5359 2449 5410 ἐκ
2477 5355 2584 5408 τῶν
2619 5353 2871 5426 πράξεων
2904 5354 3012 5408 τῶν
3043 5350 3296 5426 πονηρῶν
3321 5368 3334 5380 ·
3366 5348 3451 5400 ἴνα
3485 5332 3778 5401 ἀποθέμενοι

561 5557 563 5560 γ
639 5485 688 5518 ⁸⁸
712 5485 871 5541 Rom.
899 5503 1016 5557 vm,
1048 5488 1134 5546 18.
1214 5487 1261 5520 ⁸⁸
1301 5504 1350 5546 v.
1385 5488 1473 5544 l5.
1549 5488 1594 5520 ⁸⁸
1622 5486 1764 5544 Psal.
1808 5504 1936 5556 CXV.
1990 5491 2076 5546 l5-

627 5625 751 5708 _(l7)
797 5627 1110 5708 Sequuntur
1140 5626 1469 5708 perturbati,
1507 5635 1568 5708 ut
1597 5627 1650 5681 in
1683 5629 2015 5682 editionibus
2037 5627 2127 5681 Bi-

2149 5490 2194 5522 ⁸⁸
2243 5508 2294 5546 ν.
2331 5493 2417 5548 l5.
2493 5493 2536 5524 ⁸⁷
2565 5508 2615 5544 v.
2653 5492 2742 5547 18.
2817 5492 2863 5523 ⁸⁸
2903 5490 3092 5546 Matth.
3117 5507 3167 5555 ν,
3194 5489 3284 5544 44.

2237 5645 2349 5686 tum
2396 5634 2559 5686 etiam
2614 5631 2966 5698 Breitingori,
3007 5631 3204 5692 Bossii,
3251 5619 3764 5701 Jagcri._9‘°-~_f'_'T

568 5687 1189 5772 blioru'in,versiculi,ét
1220 5687 1480 5772 capitula.
1511 5696 1623 5772 liae
1658 5708 1854 5772 autem"
1876 5716 2040 5767 super
2066 5715 2131 5772 re
2241 5704 2507 5756 editorum
2535 5687 3032 5758 observationibus.
3059 5687 3244 5772 Neque
3273 5687 3412 5757 οιῖίιιι
3436 5687 3528 5750 hic
3549 5687 3766 5758 sparum

572 5769 868 5824 consulesis
918 5768 1216 5824 celebriora
1261 5768 1455 5834 Biblia,
1517 5770 1757 5824 llomana
1815 5769 1869 5824 in
1919 5771 2133 5840 primis,

2250 5776 2386 5826 hanc
2417 5773 2618 5826 adorna
2630 5789 2685 5828 re
2719 5783 2894 5829 vacat.
