3942 6318
534 327 637 388 251

1414 336 1971 394 SL'PPLEMENTUM
2007 339 2097 393 AD
2137 338 2460 395 ORIGENIS
2493 338 2899 399 EXEGETICA.

3661 343 3790 401 £39.

535 466 718 511 autem
748 457 1054 527 vituperant
1079 466 1132 514 et
1160 459 1213 514 in
1247 458 1483 514 medium
1528 462 1782 517 deferunt
1816 475 1930 531 “per
1958 472 2089 517 con-

2196 479 2347 516 σεται
2390 462 2488 515 καὶ
2530 456 2612 527 εἷς
2666 466 2867 536 ποιμήν
2890 481 2905 497 ο
2953 464 3003 517 οἱ
3046 463 3102 517 δὲ
3142 463 3449 534 ἐλέγχοντες
3476 464 3579 517 καὶ
3624 478 3785 535 φρα-

537 544 827 603 fessionem
861 560 1012 604 actus
1044 565 1189 613 suos,
1223 558 1277 604 et
1303 551 1543 607 melioris
1564 554 1674 623 jam
1714 556 1912 609 mentis
1959 556 2093 610 deli-

537 636 865 703 berationes,
894 640 1095 694 excelsi
1127 639 1454 695 videbuntur
1486 642 1734 709 Domino,
1769 653 1823 699 et
1849 660 1959 713 pra:
1980 660 2088 699 om-

538 728 696 782 nibus
732 730 1115 785 commendati.
1162 731 1637 803 ‘Supervenietque
1686 735 1818 806 ipsis
1864 737 1915 790 in
1961 750 2096 807 pra:-

528 820 675 873 senti
710 822 927 891 quidem
962 822 1159 877 saeculo
1208 824 1347 878 bona
1400 825 1711 882 benedictio
1760 838 1975 882 actuum
2010 839 2094 882 at-

532 926 643 981 que
679 912 941 977 laborum,
994 924 1049 967 et
1090 912 1471 969 intellectualis
1506 918 1717 972 theorta
1771 919 2091 987 sapientiae:

535 1003 591 1059 in
624 1004 1028 1071 futuroautem,
1070 1023 1099 1059 a
1132 1008 1357 1062 Domino
1382 1008 1681 1076 praemium.

606 1096 651 1129 ⁸³
679 1096 779 1164 Qui
810 1098 1049 1153 ambulat
1071 1110 1194 1167 post
1225 1099 1317 1153 Dei
1344 1102 1620 1167 mandata,
1658 1101 1994 1157 instauratur
2026 1104 2093 1159 ad

529 1186 790 1256 justitiam
822 1199 874 1243 et
907 1192 1412 1246 sanctilicationem.
1459 1192 1673 1246 Etenim
1714 1208 1836 1248 cum
1876 1195 2094 1263 sapien-

535 1280 605 1331 tia
653 1280 951 1335 aedificatur
990 1284 1202 1348 domus,
1248 1298 1366 1353 qua:
1418 1299 1482 1337 ex
1533 1286 1712 1338 anima
1765 1296 1819 1340 et
1864 1301 2093 1355 corpore

530 1383 764 1440 constat,
802 1375 866 1428 ad
904 1376 996 1429 Dei
1042 1375 1432 1429 habitaculum.
1466 1378 1519 1430 In
1558 1378 1886 1433 maliliosam
1915 1390 2090 1436 autem

470 1532 481 1547 θ
530 1465 767 1517 animam
803 1482 905 1519 non
940 1467 1190 1522 introibit
1217 1468 1510 1538 sapientia.

600 1557 647 1589 ”
670 1556 805 1610 Tum
822 1557 1009 1627 spinm,
1033 1568 1143 1613 tum
1174 1575 1367 1627 pecora
1396 1561 1749 1630 pessumdant
1771 1565 2090 1634 agrummisi

531 1650 650 1704 illas
689 1649 882 1718 aliquis
930 1662 1139 1720 purget,
1177 1653 1293 1707 haec
1324 1669 1453 1708 vero
1495 1656 1785 1710 custodiat.
1831 1655 1907 1710 Ita
1950 1664 2004 1710 et
2037 1658 2088 1712 in

530 1737 751 1791 homine
774 1739 943 1792 bardo
970 1741 1168 1796 accidit
1212 1759 1225 1795 :
1258 1743 1498 1813 nequitia
1530 1744 1843 1799 exstimulat
1872 1760 1997 1801 eum
2027 1749 2089 1802 ad

528 1828 617 1885 illa
663 1831 944 1885 ambienda
984 1833 1183 1902 quibus
1216 1849 1437 1904 regnum
1470 1837 1770 1891 obtinetur.

2202 553 2475 621 τριοῦντες
2492 546 2566 606 δι’
2587 553 2987 627 ὲξαγορεύσεως
3008 552 3107 616 τὰς
3137 553 3343 606 ἑαυτῶν
3370 553 3597 624 πράξεις
3632 553 3783 623 (18),

2200 643 2293 695 καὶ
2307 642 2405 707 τάς
2416 643 2506 697 τοῦ
2521 644 2783 714 βελτίονος
2806 645 2896 698 νοῦ
2915 645 3115 716 ὲνθυμή
3124 662 3254 710 σεις,
3270 644 3557 715 φανοῦνται
3574 644 3787 714 ὑψηλοὶ

2200 733 2349 805 παρὰ
2367 734 2589 803 Κυρίου,
2616 735 2710 787 ἐπὶ
2732 738 2894 788 πᾶσιν
2912 736 3433 807 ἀνακηρυττόμενοι·
3461 737 3547 788 ἐπ’
3570 736 3786 800 αὐτοὺς

2199 826 2255 879 δὲ
2280 826 2397 897 ἥξει
2417 869 2432 893 ,
2475 830 2533 881 ὲν
2567 830 2663 899 μὲν
2705 829 2782 900 τῷ
2815 828 2909 883 νῦν
2949 828 3105 881 αὶῶνι
3138 830 3171 900 ἡ
3200 830 3375 900 ἀγαθὴ
3409 828 3630 897 εύλογία
3659 829 3780 880 τῶν

2198 920 2449 991 πράξεων
2469 920 2576 973 τῶν
2601 921 2794 993 ἔργων,
2829 922 2919 974 καὶ
2944 923 2976 992 ἡ
3000 922 3160 993 νοητὴ
3185 922 3284 992 τῆς
3307 922 3494 989 σοφίας
3523 921 3740 992 θεωρία
3759 938 3777 953 ·

2200 1010 2257 1060 ὲν
2282 1008 2338 1061 δὲ
2369 1008 2445 1078 τῷ
2476 1009 2742 1080 μέλλοντι,
2775 1010 2809 1078 ὴ
2845 1010 2994 1081 παρά
3022 1010 3116 1063 τοῦ
3144 1011 3348 1081 Κυρίου
3376 1010 3625 1080 διανομή.

2282 1100 2338 1152 Ὁ
2368 1102 2729 1172 πορευόμενος
2770 1101 2991 1154 ὄπισθεν
3039 1101 3149 1154 τῶν
3188 1101 3282 1154 τοῦ
3320 1099 3785 1171 Θεοῦπροσταγ-

2203 1192 2405 1263 μάτων,
2422 1192 2849 1264 ἀνοικοδομεῖται
2884 1196 2960 1258 εἰς
2980 1193 3322 1265 δικαιοσύνην
3343 1195 3438 1247 καὶ
3456 1192 3738 1262 ἁγιασμόν
3761 1209 3777 1221 ·

2201 1284 2336 1353 μετά
2362 1284 2469 1356 γὰρ
2502 1286 2692 1354 σοφίας
2721 1286 3075 1357 οἰκοδομεῖται
3103 1281 3282 1348 οἶκος,
3325 1286 3353 1336 ὁ
3392 1287 3450 1337 ὲν
3490 1284 3635 1353 ψυχῇ
3672 1284 3781 1336 καὶ

2199 1374 2411 1447 σώματι
2443 1378 2521 1440 είς
2553 1378 2867 1449 κατοίκησιν
2897 1378 3030 1431 Θεοῦ
3051 1395 3064 1409 ·
3097 1380 3175 1441 είς
3205 1378 3261 1431 δὲ
3292 1377 3614 1447 κακότεχνον
3658 1376 3778 1445 ψυ-

2196 1468 2296 1539 χὴν
2324 1469 2424 1522 οὐκ
2452 1469 2812 1523 εἰσελεύσεται
2846 1471 3022 1539 σοφία.

2263 1561 2330 1613 Et
2362 1577 2420 1612 τε
2450 1560 2559 1631 γάρ
2586 1560 2815 1615 ἄκανθαι
2841 1603 2855 1627 ,
2894 1562 3003 1614 εἴτε
3064 1563 3261 1635 κτήνη,
3284 1560 3577 1615 ἀπόλλυσιν
3600 1560 3769 1624 αὐτὸ,

2195 1655 2289 1707 ὲάν
2320 1654 2394 1725 μὴ
2425 1653 2512 1724 εἴη
2543 1655 2571 1707 6
2593 1653 2991 1725 περικαθαίρων
3024 1656 3118 1708 καὶ
3145 1654 3425 1723 φυλάττων
3447 1668 3463 1685 ο
3496 1653 3773 1716 ὡσαύτως

2195 1747 2287 1799 καὶ
2314 1745 2534 1817 ἀφρωνσ
2580 1747 2614 1816 ή
2650 1746 2816 1798 κακία
2845 1748 2991 1800 ἐστὶν
3022 1749 3050 1799 6
3084 1746 3293 1799 νύσσων
3350 1744 3509 1799 αὑτὸν
3570 1746 3652 1808 εἰς
3692 1744 3771 1797 τὰ

2194 1838 2290 1909 τὴν
2329 1838 2602 1908 βασιλείαν
2634 1838 3013 1909 προξενοῦντα.

604 1922 770 1991 Sepes
816 1934 899 1977 est
942 1925 1312 1996 tranquillitas
1347 1926 1541 1981 animae
1576 1928 1857 1982 rationalis
1884 1936 1949 1983 ex
1980 1930 2086 1984 vir-

2248 1896 2513 1999 ’Φραγμὸς
2562 1896 2706 1983 ἐστιν
2752 1896 2988 1982 ἀπάθεια
3250 1929 3501 1999 λογικῆς,
3532 1930 3596 1981 ὲκ
3645 1927 3769 1980 τῶν

530 2024 702 2074 tutum
732 2018 994 2071 exercitio
1021 2017 1369 2086 proveniens.
1425 2018 1549 2072 Hzec
1576 2034 1707 2073 vero
1730 2024 2000 2076 evertitur
2033 2031 2088 2075 et

527 2108 885 2180 exstinguitur
911 2126 941 2163 a
970 2109 1121 2164 stulti
1152 2109 1393 2165 hominis
1418 2108 1674 2165 arbitrio.

2193 2021 2508 2092 πρακτικῶν
2561 2020 2770 2092 ἀρετῶν
2814 2021 3124 2075 συνεστῶσα
3144 2040 3157 2051 ·
3209 2023 3648 2075 κατασκάπτεται
3699 2020 3766 2074 δὲ

2193 2113 2285 2165 καὶ
2310 2111 2628 2179 ἀφανίζεται
2652 2114 2718 2182 τῇ
2754 2111 2847 2164 τοῦ
2874 2110 3103 2182 ἄφρονος
3135 2111 3471 2182 προαιρέσει.

1743 2201 1898 2259 CAP.
1940 2202 2085 2259 XXX
2124 2203 2330 2260 VULG.
2368 2203 2528 2258 'LAT.

592 2296 638 2331 ’⁸
666 2297 954 2365 Correptio
1001 2311 1090 2351 res
1146 2297 1451 2368 huiusmodi
1501 2298 1757 2353 adamat:
1788 2300 2077 2362 infernum,

523 2405 784 2454 amorem,
814 2390 1091 2443 mulierem
1126 2389 1472 2445 fornicariam
1500 2409 1514 2444 :
1542 2392 1659 2446 haec
1691 2392 1837 2444 enim
1876 2393 2079 2450 nullum

525 2483 725 2539 habent
752 2483 911 2539 finem
944 2492 1038 2536 aut
1074 2484 1400 2537 satietatem.
1426 2482 1551 2537 Tria
1583 2493 1760 2539 tamen
1800 2487 1927 2539 sunt
1964 2501 2083 2555 quae

525 2575 819 2642 aliquando
863 2576 1175 2640 satiantur;
1230 2582 1465 2629 attamen
1502 2585 1777 2645 quartum,
1809 2592 2081 2648 nunquam

520 2679 583 2719 se
611 2674 922 2719 contentum
969 2664 1155 2719 dicere
1190 2665 1350 2720 valet.
1382 2665 1657 2730 Infernns.
1685 2677 1741 2723 et
1775 2683 1929 2724 amor
1961 2686 2081 2724 mu-

523 2757 691 2821 lieris,
727 2767 783 2813 et
830 2768 977 2812 terra
1016 2772 1291 2826 nunquam
1332 2761 1486 2829 aquis
1518 2770 1780 2827 saturata,
1819 2771 1875 2818 et
1912 2777 2081 2833 aqua,

520 2860 576 2904 et
610 2850 772 2919 ignis,
807 2864 1081 2919 nunquam
1100 2850 1295 2906 dicunt
1329 2852 1557 2907 suﬁicit.
1592 2853 1823 2923 Semper
1862 2864 2078 2911 terrena

522 2940 728 2994 semina
756 2939 947 3009 recipit
975 2955 988 3005 ;
1020 2942 1359 3010 quantalibet
1406 2943 1688 3014 inieceris,
1724 2948 1901 3001 adhuc
1936 2948 2079 3001 desi-

521 3036 694 3091 derat.
726 3034 817 3089 Sic
845 3038 1006 3089 etiam
1053 3050 1205 3090 mors
1230 3046 1286 3091 et
1318 3038 1457 3107 ignis
1488 3049 1754 3111 quotquot
1791 3043 2077 3110 corripue-

521 3128 633 3182 rint
676 3136 1049 3196 corrumpunt.
1092 3128 1168 3183 Ita
1202 3129 1365 3184 etiam
1396 3142 1707 3201 paupertas.
1758 3131 1848 3188 ila:
1882 3134 2079 3203 quippe

2262 2300 2325 2352 Ἤ
2345 2299 2519 2371 φθορά
2540 2298 2715 2353 ’ταῦτα
2739 2300 2929 2370 ἀγαπᾷ
2947 2299 3013 2352 τὰ
3037 2300 3352 2371 πράγματα,
3377 2298 3527 2371 ᾅδην,
3554 2299 3753 2370 ἔρωτα,

2185 2393 2280 2447 καὶ
2307 2395 2538 2462 γυναῖκα
2574 2394 2865 2463 πορνικήν·
2902 2392 3021 2445 οὐδὲ
3061 2392 3169 2463 γάρ
3214 2391 3383 2445 ταῦτα
3432 2392 3604 2462 πέρας
3631 2393 3757 2447 οὐδὲ

2186 2486 2345 2555 κόρον
2371 2484 2510 2556 ἔχει·
2543 2485 2668 2554 τρία
2700 2484 2756 2537 δέ
2788 2487 2933 2536 ἐστιν
2957 2484 2991 2537 ἀ
3033 2484 3126 2537 καὶ
3157 2483 3556 2553 πλησθήσεται·
3592 2486 3686 2537 καὶ
3719 2486 3753 2555 ἡ

2184 2577 2440 2648 τετάρτη,
2479 2577 2577 2628 οὐκ
2602 2573 2847 2646 ἠρκέσθη
2884 2570 3055 2627 εἰπεῖν
3088 2576 3270 2628 ἱκανόν
3290 2592 3303 2604 ·
3336 2575 3468 2646 ᾅδης
3496 2575 3589 2628 καὶ
3610 2576 3754 2646 ἔρως

2186 2668 2460 2737 γυναικὸς,
2512 2667 2604 2720 καὶ
2644 2666 2716 2736 γῆ
2760 2666 2859 2719 οὑκ
2908 2664 3333 2736 ἐμπιμπλαμένη
3385 2665 3604 2729 ὓδατος·
3655 2668 3754 2720 καὶ

2185 2758 2361 2829 ὕδωρ,
2399 2759 2493 2812 καὶ
2527 2757 2670 2829 πῦρ,
2703 2757 2803 2809 οὐκ
2843 2750 2993 2809 εἷπον
3027 2757 3221 2827 ἀρκεῖ·
3254 2756 3339 2809 ἀεὶ
3368 2755 3435 2809 τὰ
3463 2757 3751 2827 σπέρματα

2183 2850 2415 2921 δέχεται,
2440 2847 2527 2904 οἶα
2553 2851 2646 2903 ὲάν
2667 2848 3002 2920 καταϐάλῃς,
3030 2849 3241 2918 ἐφίεται
3265 2865 3278 2879 ·
3307 2846 3449 2900 οὓτω
3476 2849 3567 2900 καὶ
3596 2850 3623 2900 ὁ
3654 2848 3753 2899 θά-

2183 2964 2340 3010 νατος
2380 2946 2472 2999 καὶ
2506 2944 2565 2997 τὸ
2604 2944 2714 3015 πῦρ
2735 2983 2749 3007 ,
2793 2943 2889 3011 ἐφ’
2914 2937 3108 3012 οἷσπερ
3140 2938 3383 3009 ἐφίεται,
3412 2937 3712 3008 διαφθείρει
3732 2954 3746 2967 ’

2183 3038 2418 3093 τοιοῦτόν
2449 3055 2501 3091 τι
2533 3037 2626 3090 καὶ
2657 3039 2689 3108 ὴ
2722 3035 2879 3089 πενία
2900 3053 2913 3065 ·
2946 3034 3253 3088 ἀναλωτικά
3290 3032 3462 3094 ταῦτα
3496 3031 3565 3084 τά
3606 3033 3751 3103 πρά-

2184 3148 2368 3203 γματα
2386 3149 2400 3162 ·
2431 3130 2669 3185 τοιοῦτόν
2704 3148 2756 3183 τι
2792 3130 2883 3182 καὶ
2918 3130 2946 3182 6
2974 3128 3130 3190 ὄκνος
3153 3127 3246 3182 καὶ
3273 3129 3305 3199 ὴ
3334 3126 3526 3198 ἀργία⁹
3558 3127 3750 3197 ἐπειδὴ

522 3234 611 3275 res
644 3222 750 3274 vim
797 3220 1153 3276 consumendi
1208 3221 1432 3277 habent.
1484 3222 1563 3276 lta
1588 3238 1648 3278 se
1677 3223 1878 3279 habent
1920 3225 2078 3279 etiam
2108 3228 2110 3253 ‘

2188 3226 2289 3298 γὰρ
2312 3223 2579 3295 θαυμάζει
2614 3223 2741 3287 ἴσως
2760 3239 2863 3286 τις,
2892 3221 2980 3275 διὰ
3006 3219 3058 3275 τί
3080 3221 3239 3292 κόρον
3268 3221 3366 3273 ούκ
3396 3218 3505 3291 ἔχει
3530 3222 3557 3272 6
3589 3219 3748 3290 ᾅδης,

518 3313 737 3383 pigritia
768 3320 823 3367 et
849 3314 1038 3367 otium.
1070 3313 1202 3368 Nam
1257 3315 1383 3381 quia
1415 3312 1651 3369 fortasse
1687 3314 1884 3385 aliquis
1915 3316 2080 3369 mira-

521 3414 629 3470 tur,
657 3420 756 3459 cur
780 3404 1101 3459 insatiabilis
1126 3406 1198 3460 sit
1229 3404 1495 3472 infernus,
1546 3419 1854 3475 quanquam
1894 3406 2079 3460 homi-

517 3512 640 3554 nem
666 3506 974 3563 consumat,
1005 3499 1216 3555 idcirco
1245 3500 1341 3563 ait,
1375 3514 1441 3554 ne
1469 3499 1587 3554 hac
1611 3499 1829 3570 quidem
1854 3500 2079 3553 satieta-

516 3598 624 3645 tt-m
656 3591 877 3655 habere,
902 3602 1081 3659 neque
1100 3590 1421 3645 consistere.
1462 3590 1670 3645 Videsis
1718 3600 1897 3645 autem
1954 3606 2079 3660 quo-

517 3683 676 3736 modo
696 3682 1095 3751 comparaverit
1118 3682 1509 3737 scortatlonem
1536 3682 1771 3736 inferno.

585 3773 632 3805 "
654 3772 811 3827 Corvi
842 3774 894 3827 hi
918 3774 1094 3842 justus
1118 3774 1272 3829 alunt
1296 3776 1524 3846 mystice
1545 3775 1614 3840 ⁸⁷,
1647 3786 1702 3829 et
1735 3773 1967 3844 iniustos
1987 3788 2079 3844 pu-

517 3864 693 3929 niunt,
722 3866 971 3934 nequitiae
998 3866 1183 3921 oculos
1208 3865 1546 3933 elfodientes,
1570 3868 1697 3937 quia
1727 3867 1941 3922 Patrem
1966 3869 2079 3921 uni-

515 3955 781 4011 versalem
804 3970 867 4011 ac
890 3957 1049 4010 Deum
1076 3958 1382 4024 irriserunt,
1409 3970 1463 4013 et
1488 3962 1728 4029 ipsorum
1760 3961 2072 4030 genitricem

516 4049 792 4119 antiquam
847 4050 1128 4105 scientiam
1176 4052 1459 4120 aspernati
1507 4060 1655 4106 sunt.
1710 4052 1904 4107 Oculus
1947 4066 2075 4105 vero

517 4137 697 4192 Patris
741 4150 847 4205 est,
894 4139 1017 4192 data
1050 4139 1205 4193 nobis
1239 4137 1307 4191 ab
1354 4154 1420 4193 eo
1456 4154 1577 4193 cum
1621 4139 1829 4209 iustitia
1865 4142 1971 4195 lex.
2009 4140 2075 4194 Et

517 4244 612 4285 eos
634 4230 853 4300 quidem
904 4230 997 4299 qui
1038 4229 1188 4299 impii
1233 4229 1422 4284 oculos
1465 4229 1752 4296 eﬂ'odiunt,
1786 4231 1925 4285 dixit
1951 4246 2073 4285 cor»

515 4335 613 4374 vos
642 4332 658 4375 :
694 4321 787 4390 qui
813 4332 940 4376 vero
985 4328 1153 4375 totum
1186 4320 1460 4374 hominem
1488 4329 1707 4387 vorant,
1737 4320 1945 4389 aquilas
1973 4335 2071 4377 vo-

517 4414 700 4468 cavit:
730 4412 851 4467 ide'o
877 4412 1108 4478 scilicet,
1139 4412 1267 4482 quia
1293 4412 1416 4467 aliis
1455 4422 1689 4481 partem,
1712 4410 1855 4481 [aliis
1900 4411 2073 4466 omni-

515 4501 728 4554 modam
768 4500 1145 4571 purgationem
1203 4501 1499 4556 commisit.
1564 4498 1690 4554 Vult
1735 4502 1883 4555 enim
1928 4500 2070 4553 Deus

510 4595 678 4654 etiam
712 4593 906 4665 impios
931 4593 1152 4649 salvari.

582 4770 631 4805 ”
652 4770 832 4827 Gallus
866 4768 1152 4842 [ἀλέκτωρ]
1203 4770 1316 4825 avis
1362 4784 1391 4823 a
1437 4769 1587 4825 nobis
1643 4769 2066 4841 [Alexandrinis]

511 4863 713 4918 άλεκτα
749 4861 861 4933 (19)
899 4861 1133 4927 dicitur;
1164 4862 1210 4915 si
1252 4876 1381 4915 vero
1415 4861 1680 4917 referatur
1704 4862 1772 4916 ad
1814 4874 2068 4917 coeuntes

512 4970 632 5010 cum
684 4956 772 5010 illo
818 4954 1064 5017 feminas,
1097 4955 1368 5025 γνωριστά
1410 4952 1726 5025 [cognitor].
1762 4952 2069 5021 Sequuntur

515 5048 658 5104 hunc
707 5047 933 5102 altilium
973 5061 1184 5117 greges,
1220 5048 1345 5116 quia
1382 5061 1571 5101 omnes
1604 5046 1846 5100 ambiunt
1872 5059 2066 5113 capere

513 5155 577 5193 ex
606 5156 670 5195 eo
697 5140 1045 5210 voluptatem,
1078 5140 1165 5208 qui
1190 5139 1354 5192 alacri
1382 5153 1509 5207 erga
1538 5152 1727 5192 omnes
1756 5152 1943 5192 amore
1962 5148 2063 5191 est.

514 5227 608 5286 Sic
656 5231 946 5287 universali
1000 5231 1110 5286 Deo
1146 5229 1456 5300 angelorum
1508 5229 1730 5283 ordines
1772 5241 1876 5281 non
1919 5237 2065 5281 metu

582 5371 630 5404 ⁸⁸
667 5385 719 5424 v.
745 5371 837 5425 27.
911 5370 957 5403 ’δ
982 5386 1036 5424 v.
1112 5364 1200 5421 50.

587 5485 701 5556 (l8)
731 5487 918 5541 Adhuc
938 5484 1189 5540 laudatur
1220 5482 1287 5536 ab
1313 5479 1542 5549 Origene
1564 5483 1907 5546 peccatorum
1940 5490 2068 5531 con-

512 5556 702 5699 misi‘ii
727 5624 1076 5699 Αάηοιεηάυβ
1104 5621 1312 5699 εδειιίς,
1330 5610 1481 5699 lacus
1509 5616 2065 5699 grammaticis?”

512 5686 696 5753 sci-lini
726 5712 849 5752 cum
883 5695 1131 5751 Sturzius
1159 5692 1233 5746 De
1260 5690 1476 5744 dialect.
1502 5688 1649 5741 Alex.
1685 5702 1737 5753 p.
1775 5686 1878 5740 154
1906 5688 2059 5754 ’seq.,

513 5768 670 5838 primi
717 5780 875 5824 casus
922 5764 1135 5818 nonnisi
1191 5760 1623 5817 terminationem
1675 5758 1740 5819 ἃς
1799 5766 2060 5811 memoret

2182 3314 2353 3367 καίτοι
2383 3311 2632 3366 δαπανῶν
2652 3312 2743 3364 τὸν
2780 3311 3083 3382 ἄνθρωπον,
3100 3309 3186 3363 διὰ
3214 3309 3564 3380 τοῦτο,φησὶν
3584 3350 3598 3374 ,
3624 3310 3749 3362 οὐδὲ

2174 3404 2344 3459 ταῦτα
2387 3405 2546 3476 κόρον
2582 3403 2727 3475 ἔχει,
2774 3403 2890 3455 οὐδὲ
2928 3403 3170 3456 ἵστανται
3214 3420 3343 3457 που’
3391 3404 3492 3473 ὅρα
3520 3401 3576 3454 δὲ
3622 3400 3746 3455 τίνα

2176 3497 2449 3571 παρέϐαλε
2481 3498 2579 3569 τὴν
2608 3495 2859 3568 πορνείαν
2887 3494 2962 3565 τῷ
2995 3495 3118 3568 ᾄδῃ.

2245 3753 2401 3812 Οὗτοι
2428 3756 2477 3809 οἱ
2504 3754 2752 3827 κόρακες,
2793 3756 2917 3817 τοὺς
2944 3755 3041 3825 μὲν
3072 3755 3312 3818 δικαίους
3343 3756 3598 3828 τρέφουσι
3634 3776 3742 3828 μυ-

2176 3850 2394 3913 στικῶς,
2433 3849 2557 3911 τοὺς
2585 3848 2641 3899 δὲ
2671 3840 2887 3910 ἀδίκους
2914 3844 3217 3912 κολάζουσι,
3248 3849 3373 3911 τοὺς
3403 3850 3501 3920 τῆς
3527 3850 3743 3916 ἀδικίας

2172 3941 2479 4011 ὀφθαλμοὺς
2517 3938 2888 4006 ὲξορύττοντες
2912 3956 2924 3969 °
2963 3938 3096 3992 διότι
3138 3939 3230 3993 τοῦ
3274 3940 3489 3995 πάντων
3529 3944 3743 4013 Πατρὸς

2173 4035 2267 4087 καὶ
2299 4032 2433 4086 Θεοῦ
2462 4032 2847 4100 κατεγέλασαν,
2881 4033 2974 4085 καὶ
3000 4032 3098 4103 τὴν
3121 4033 3394 4100 γεννῶσαν
3420 4035 3609 4099 αὐτοὺς
3639 4038 3738 4108 ἀρ-

2172 4126 2330 4197 χαίαν
2378 4125 2576 4194 γνῶσιν
2621 4125 2930 4196 ἠτίμασαν·
2973 4124 3243 4196 ὀφθαλμὸς
3288 4125 3345 4178 δὲ
3386 4126 3479 4179 τοῦ
3528 4128 3740 4200 Πατρός

2171 4221 2351 4282 ἐστιν,
2400 4219 2428 4270 6
2468 4220 2525 4271 ὲν
2569 4217 2879 4290 δικαιοσύνῃ
2922 4217 3198 4288 δεδομένος
3233 4220 3362 4289 ἡμῖν
3406 4223 3533 4290 παρ’
3572 4220 3738 4274 αὐτοῦ

2171 4309 2367 4379 νόμος·
2408 4308 2501 4363 καὶ
2542 4308 2668 4371 τοὺς
2699 4307 2797 4378 μὲν
2838 4306 3220 4379 ὲξορύσσοντας
3261 4309 3387 4372 τοὺς
3429 4308 3737 4381 ὀφθαλμοὺς

2171 4401 2266 4454 τοῦ
2297 4401 2553 4465 ἀσεϐοῦς,
2586 4400 2824 4471 κόρακας
2848 4397 2997 4453 εἶπεν
3016 4416 3029 4432 ο
3058 4400 3181 4463 τοὺς
3212 4399 3269 4452 δὲ
3296 4400 3414 4453 ὅλον
3448 4401 3605 4454 αὑτὸν
3638 4420 3740 4455 κα-

2172 4493 2515 4556 τεσθίοντας,
2551 4492 2828 4563 ὠνόμασεν
2856 4491 3045 4555 ἀετοὺς
3065 4530 3079 4555 ,
3125 4491 3214 4545 διὰ
3252 4492 3314 4545 τὸ
3356 4494 3481 4556 τοὺς
3514 4495 3609 4563 μὲν
3637 4495 3739 4565 τὴν

2104 4560 2148 4615 Β
2178 4585 2423 4658 μερικὴν,
2447 4587 2570 4648 τοὺς
2592 4585 2648 4638 δὲ
2664 4560 2770 4655 *τὴν
2796 4582 3016 4637 καθόλου
3035 4582 3297 4654 κάθαρσιν
3315 4560 3731 4639 πεπιστεῦσθαι·

2175 4677 2315 4731 θέλει
2346 4676 2452 4747 γάρ
2477 4678 2504 4729 6
2532 4676 2663 4739 Θεὸς
2695 4675 2787 4728 καὶ
2813 4676 2936 4739 τοὺς
2962 4676 3172 4738 ἀσεϐεῖς
3201 4674 3483 4741 σώζεσθαι.

2257 4769 2313 4821 '0
2340 4768 2584 4838 ἀλέκτωρ
2620 4766 2680 4820 τὸ
2718 4767 2901 4838 ὄρνεον
2936 4766 3064 4838 παρ’
3091 4770 3220 4837 ἡμῖν
3252 4768 3451 4823 άλεκτα
3494 4771 3729 4840 λέγεται.

2173 4858 2331 4932 Παρά
2351 4860 2407 4911 δὲ
2428 4862 2547 4923 ταῖς
2572 4858 2849 4922 συνούσαις
2872 4859 3017 4929 αὐτῷ
3042 4858 3280 4930 θηλείαις
3301 4865 3571 4933 γνωριστά
3588 4882 3600 4893 ·
3631 4882 3735 4916 πα-

2178 4952 2427 5024 ρέπονται
2449 4952 2504 5005 δὲ
2529 4951 2676 5021 αὐτῷ
2709 4952 2764 5005 αἱ
2797 4949 2901 5003 τῶν
2926 4950 3150 5021 ὀρνίθων
3176 4953 3396 5020 ἀγέλαι,
3432 4955 3518 5008 διὰ
3540 4954 3601 5007 τὸ
3630 4958 3734 5010 πά-

2175 5058 2274 5106 σας
2313 5043 2442 5105 ἴσως
2476 5043 2808 5113 περινοστεῖν
2845 5042 2910 5111 τῇ
2949 5042 3076 5112 περὶ
3100 5042 3260 5097 αὑτὸν
3290 5044 3445 5115 ἡδονῇ
3464 5063 3477 5075 ·
3503 5044 3733 5116 εὔψυχος

2171 5136 2230 5190 δέ
2259 5138 2373 5187 ἐστι
2402 5134 2603 5198 πάσαις
2630 5134 2790 5197 αὐτὸς
2814 5135 2892 5196 είς
2919 5133 3163 5205 ἀγάπην·
3198 5134 3366 5199 οὕτως
3405 5137 3481 5207 τῷ
3512 5139 3730 5192 πάντων

2171 5225 2289 5296 Θεῷ
2319 5226 2375 5279 αἱ
2397 5223 2505 5277 τῶν
2530 5223 2770 5292 ἀγγέλων
2795 5222 2993 5288 τάξεις,
3015 5225 3075 5277 οὐ
3107 5226 3263 5297 μόνον
3291 5227 3459 5297 φόϐῳ,
3488 5228 3622 5283 ἀλλά
3637 5232 3731 5286 καὶ

1274 5363 1319 5395 ’⁸
1356 5378 1405 5416 ν.
1436 5360 1523 5415 l5.
1597 5361 1644 5392 “
1674 5376 1724 5413 v.
1755 5359 1841 5414 l7.
1911 5358 1956 5391 ’⁷
1984 5356 2046 5411 ιιι
2073 5358 2201 5429 Reg.
2230 5368 2359 5425 xvii,
2392 5361 2443 5415 6.
2520 5363 2567 5395 ”
2601 5380 2651 5417 ν.
2685 5362 2772 5417 5|.

2176 5478 2291 5546 ejus
2318 5479 2552 5533 dialecti.
2590 5478 2657 5532 Et
2682 5480 2897 5549 quidem
2958 5496 3054 5536 nos
3098 5482 3163 5535 de
3210 5482 3311 5537 bac
3339 5498 3397 5538 re
3428 5483 3591 5538 locuti
3636 5499 3729 5539 su-

2175 5564 2293 5620 mus
2323 5549 2449 5602 olim
2492 5550 2544 5603 in
2578 5551 2705 5603 adn.
2749 5552 2814 5603 ad
2854 5552 3132 5605 Ciceronis
3178 5569 3272 5619 pro
3327 5570 3442 5620 rege
3488 5554 3729 5607 Alexan-

2172 5618 2326 5693 drino
2362 5620 2685 5689 fragmenta,
2714 5636 2833 5693 qua:
2867 5622 3153 5693 edidimus,
3179 5618 3339 5690 quem
3367 5618 3546 5692 regem
3586 5627 3730 5693 pris-

2170 5705 2266 5746 cus
2299 5691 2565 5758 interpres
2594 5706 2691 5761 pro
2729 5690 3030 5765 Alexandro
3057 5691 3190 5747 dicit
3219 5690 3454 5748 Alexaml
