3942 6318
186 383 280 439 εδδ
910 390 919 395 ί
1306 372 1673 444 mrosmo
1706 390 1773 444 lN
1804 380 2225 452 PROVERDIA.
3295 419 3403 475 est

184 505 346 579 ἀγάπῃ
366 504 695 560 ὑπείκουσιν
714 507 849 577 (20),
886 508 971 561 ὅτε
996 507 1137 562 θέλει
1156 511 1317 576 αὐτὸς
1339 516 1477 566 νοεῖν
1498 514 1663 579 αὐτὰς
1684 534 1706 569 τ

1851 528 2058 572 tantum
2105 522 2200 574 sed
2226 536 2290 576 ex
2324 537 2511 579 amore
2560 527 2721 583 etiam
2752 530 3142 602 obsequuntur,
3177 551 3299 594 cum
3334 543 3402 596 ab

178 596 492 668 πρόσταγμα
525 597 688 651 αὑτοῦ
723 599 811 651 καὶ
845 602 1047 653 ποιεῖν·
1088 602 1349 669 ὡσαύτως
1386 606 1444 659 δὲ
1488 610 1582 662 καὶ
1614 627 1706 683 περ

1842 611 1922 665 eis
1949 612 2064 681 ipse
2096 615 2348 684 cognosci
2390 616 2509 671 vult
2549 621 2797 676 mandata
2838 596 3013 681 suaet
3055 642 3223 698 Opere
3250 646 3400 688 com-

176 692 279 756 ταῖς
319 689 430 745 τῶν
480 690 707 744 δικαίων
746 694 946 764 ψυχαῖς
984 695 1258 765 πέφυκεν·
1294 698 1417 752 ὅσαι
1456 701 1565 773 γὰρ
1610 704 1706 757 ὑπό

1841 700 1995 770 pleri.
2043 703 2137 760 Sic
2161 706 2327 762 etiam
2381 708 2525 763 circa
2564 709 2832 778 justorum
2861 717 3069 773 animas
3101 721 3216 776 ﬂeri
3243 739 3400 779 com-

172 800 359 837 κεινται
386 782 467 854 τῷ
510 784 890 857 προστάγματι
920 785 1085 840 αὐτοῦ
1106 827 1122 853 ,
1158 789 1219 842 ού
1250 790 1407 860 μόνον
1436 792 1502 846 τὰ
1531 795 1589 849 ἐν
1617 797 1706 847 ταὶ·

1835 801 2081 862 paratum
2110 807 2212 851 est.
2239 796 2374 853 Nam
2414 811 2682 872 quotquot
2720 808 2982 864 mandatis
3016 810 3134 881 ejus
3183 814 3396 871 obtem-

170 876 398 948 Γραφαῖς
431 875 837 946 ὲναποκείμενα
886 880 1163 951 μυστήρια
1204 882 1297 935 καὶ
1340 882 1477 955 βάθη
1524 886 1706 940 εὐδοκε

1834 896 2049 953 perant,
2082 902 2188 943 non
2232 890 2391 946 modo
2421 909 2544 963 qua;
2568 894 2621 949 in
2650 894 2946 965 Scripturis
2978 875 3249 972 proposita
3269 917 3400 964 sunt

171 963 465 1032 γινώσκειν,
498 964 636 1018 ἀλλὰ
666 965 761 1018 καὶ
801 966 903 1019 ὅσα
930 967 990 1020 ὲν
1019 967 1096 1039 τῷ
1129 967 1228 1040 βίῳ
1256 972 1464 1041 πέφυκε
1486 975 1706 1043 γίνεσθα

1838 982 2099 1048 mysteria
2124 991 2178 1036 et
2205 996 2294 1037 res
2325 984 2611 1053 abstrusas,
2651 963 2832 1057 placet
2876 991 2925 1044 ei
2954 963 3013 1045 ut
3039 963 3396 1064 cognoscant,

164 1056 268 1117 τοῖς
298 1052 622 1124 ἀνθρώποις,
649 1055 801 1124 παρὰ
827 1054 1136 1126 ἀνθρώπων
1163 1076 1222 1111 τε
1255 1061 1350 1114 καὶ
1372 1061 1657 1134 δαιμόνων,
1689 1068 1706 1118 'i

164 1141 225 1167 ’-τ
260 1143 496 1167 £-L__---
535 1143 654 1167 “-1-
733 1145 913 1167 --1.Α---
969 1145 1105 1167 Δ-ι,ν.
1145 1149 1192 1167 ﬁ
1238 1166 1243 1167 ,
1270 1149 1283 1165 ο
1626 1156 1637 1167 ι

1835 1071 1933 1125 sed
1966 1085 2302 1143 quaecunque
2333 1077 2495 1131 etiam
2546 1052 2603 1133 in
2638 1052 2842 1136 mundo
2873 1083 2991 1167 tigri
3020 1052 3193 1141 solent
3219 1052 3399 1144 homi:

158 1141 225 1193 δι’
257 1143 496 1213 ὁράσεως
535 1143 691 1207 νοὸς,
733 1145 917 1217 χάριτι
968 1145 1110 1200 θείου
1145 1149 1458 1221 Πνεύματος
1500 1156 1703 1227 παρέχε

1835 1162 2016 1231 nibus,
2046 1165 2131 1221 vel
2163 1167 2229 1221 ab
2266 1168 2581 1227 hominibus
2610 1172 2744 1241 ipsis
2772 1173 2856 1228 vel
2883 1141 3294 1245 andaemonibus‘,
3316 1183 3399 1238 vel

157 1234 477 1305 πρόγνωσιν,
502 1235 537 1307 ἢ
562 1236 631 1290 δι’
652 1237 892 1307 ἀγγέλου
922 1237 1142 1310 μύησιν,
1166 1241 1200 1313 ἢ
1222 1242 1287 1294 δι’
1303 1245 1571 1316 ὁράματος
1597 1251 1705 1303 ἀπο

1833 1255 2033 1311 mentis
2082 1255 2475 1315 illuminatione
2519 1258 2622 1331 per
2662 1264 2833 1319 divini
2880 1265 3118 1335 Spiritus
3149 1250 3399 1341 gratiam,

156 1328 391 1399 κάλυψιν.
1832 1346 2025 1400 horum
2059 1348 2278 1418 inquam
2319 1354 2696 1420 praevisionem
2727 1358 2793 1413 iis
2821 1358 3157 1429 impertitur,
3186 1364 3271 1418 vel
3302 1380 3400 1434 per

1829 1439 2147 1509 angelorum
2189 1445 2566 1513 monitionem,
2622 1448 2708 1505 vel
2758 1464 2854 1519 per
2892 1452 3126 1510 visionis
3166 1456 3400 1525 alicujus

1828 1531 2234 1589 revelationem.

1372 1613 1545 1684 (CAP.
1582 1614 1749 1672 xxxr
1788 1619 1994 1677 VULG.
2029 1624 2210 1699 LAT.)

202 1699 490 1765 Δυνάστας
543 1700 781 1755 ἐνταῦθα
830 1700 958 1764 τοὺς
998 1702 1240 1769 δικαίους
1287 1708 1484 1779 φησὶν,
1534 1711 1706 1765 οίτινε.

1901 1716 1945 1749 θ’
1965 1716 2230 1788 Dynastas
2247 1722 2331 1777 hic
2356 1724 2488 1779 dicit
2505 1726 2682 1795 justos
2716 1728 2985 1799 homines,
3009 1734 3101 1803 qui
3130 1735 3395 1793 adversus

135 1790 290 1843 κατά
314 1791 421 1845 τῶν
450 1791 723 1864 δαιμόνων
749 1794 842 1846 καὶ
866 1792 974 1849 τῶν
993 1796 1181 1851 παθῶν
1206 1798 1305 1869 τὴν
1326 1798 1553 1871 δύναμιν
1576 1802 1706 1874 ἔχον¹

1831 1806 2101 1865 daemones
2133 1820 2188 1865 et
2212 1790 2531 1884 cupiditates
2554 1817 2763 1873 viribus
2802 1790 3188 1896 pollent,‘quas
3228 1843 3393 1884 voca-

132 1897 267 1945 τες,
311 1884 505 1953 ἥντινα
555 1883 727 1955 θυμὸν
770 1884 1026 1939 ἐκάλεσεν
1062 1888 1137 1959 μὴ
1174 1890 1476 1945 πινέτωσαν
1523 1895 1587 1947 ὲκ
1632 1895 1706 1947 τοὶ

1830 1898 1958 1953 bulo
1993 1883 2292 1958 iracundiae
2327 1906 2618 1961 denotavit.
2660 1907 2739 1962 Ne
2766 1914 2977 1984 bibant,
3010 1883 3203 1987 inquit,
3237 1934 3304 1974 ex
3331 1935 3394 1974 eo

128 1972 223 2025 τὸν
286 1975 413 2030 νοῦν
467 1974 864 2046 μεθύσκοντος,
905 1978 996 2031 καὶ
1050 1980 1150 2044 τὰς
1205 1982 1406 2053 φρένας
1450 1983 1706 2041 θολοῦντος

1829 1992 1973 2059 quod
1997 2004 2228 2049 mentem
2254 1997 2447 2063 ebriat,
2469 2008 2524 2053 et
2548 2003 2833 2058 cerebrum
2863 2008 3063 2076 turbat,
3086 2013 3244 2067 acido
3269 2014 3394 2067 vino

122 2065 379 2131 όξώδους
404 2068 551 2121 οἴνου
581 2068 691 2122 τῶν
714 2070 1023 2140 αἱρετικῶν,
1050 2073 1145 2127 τοῦ
1168 2074 1311 2129 κατὰ
1340 2077 1436 2149 τῆς
1460 2077 1554 2132 τοῦ
1592 2080 1706 2133 Θεοὶ

1830 2081 2232 2150 haereticorum,
2261 2086 2405 2155 quod
2447 2087 2540 2142 Dei
2573 2091 2854 2159 sapientia:
2878 2105 2935 2149 et
2968 2065 3228 2166 agnitioni
3258 2117 3394 2157 con-

116 2158 346 2226 σοφίας
371 2156 626 2227 γνώσεώς
652 2177 706 2213 τι
736 2160 981 2231 ἔχοντοςο
1028 2164 1112 2218 ἵνα
1146 2165 1220 2238 μὴ
1251 2168 1490 2237 πιόντες,
1544 2171 1706 2227 ὲπιλά·

1826 2173 2053 2228 trarium
2087 2185 2214 2231 est:
2264 2193 2330 2231 ne
2367 2177 2508 2234 forte
2555 2156 2841 2252 eo—epoto,
2887 2156 3277 2246 obliviscantur
3310 2208 3392 2248 sa-

110 2246 357 2302 θωνται
382 2249 484 2319 τῆς
527 2248 619 2303 τοῦ
648 2251 780 2304 Θεοῦ
823 2254 1044 2322 σοφίας,
1076 2258 1170 2311 καὶ
1214 2258 1349 2330 ὀρθὰ
1396 2261 1599 2334 κρίνειν
1633 2268 1706 2321 κα

1826 2264 2042 2333 pientiae
2090 2266 2228 2336 Dei;
2272 2279 2327 2324 et
2382 2280 2531 2327 recte
2558 2246 2853 2341 dijud‘icare
2909 2287 3070 2349 atque
3096 2282 3394 2354 intelligere

107 2342 297 2392 νοεῖν
331 2339 426 2411 τὴν
460 2340 687 2414 θεωρίαν
711 2343 812 2414 τῆς
830 2345 1100 2413 γνώσεως,
1128 2349 1312 2403 οὐκέτι
1346 2352 1407 2404 οὐ
1443 2353 1518 2425 μὴ
1542 2356 1706 2409 δύναν

111 2432 461 2451 _-,,.,,,.
691 2436 984 2451 ....
1157 2441 1171 2451 .

1824 2357 2068 2413 scientiae
2100 2360 2365 2439 theoriam
2404 2362 2545 2418 haud
2575 2366 2837 2434 valentes,
2872 2370 3125 2442 deinceps
3148 2373 3256 2451 jam
3291 2393 3395 2432 non

110 2447 222 2485 ται
270 2432 498 2499 ἑαυτούς
524 2452 583 2488 τε
618 2436 712 2489 καὶ
736 2438 861 2502 τοὺς
887 2438 1304 2513 ἀσθενεστέρους
1325 2444 1553 2516 ὠφελεῖν
1581 2450 1706 2504 κατέ

1824 2449 2036 2518 possint
2097 2432 2211 2506 suae
2270 2461 2327 2508 et
2395 2454 2625 2511 aliorum
2688 2458 3047 2517 intirntiorum
3115 2438 3397 2523 animabus

114 2520 349 2591 ίωχήν·

1823 2541 2099 2610 prodesse.

198 2613 342 2678 Τοῖς
385 2615 442 2668 ὲν
494 2617 788 2687 ἁμαρτίαις
834 2620 1187 2694 ὀδυνωμένοις
1238 2628 1332 2681 καὶ
1391 2628 1706 2700 ἀπογνώσει,

1894 2633 1964 2673 ¹-²
1995 2632 2065 2689 lis
2100 2634 2192 2704 qui
2220 2638 2457 2705 peccatis
2478 2651 2748 2707 anguntur
2775 2650 2828 2697 et
2857 2643 3252 2715 desperatione,
3275 2649 3395 2705 date

117 2705 265 2758 δότε
291 2706 357 2758 ὲκ
381 2706 474 2760 τοῦ
507 2708 828 2779 ἀμπελῶνος
868 2712 963 2767 τοῦ
992 2716 1197 2787 Κυρίου
1241 2722 1383 2774 πιεῖν
1413 2723 1494 2786 είς
1526 2723 1706 2796 μέθην,

1823 2724 1887 2781 de
1922 2726 2077 2781 vinea
2107 2727 2319 2784 Domini
2358 2705 2653 2787 bibere—ad
2688 2705 3025 2803 ebrietatem,
3060 2739 3113 2794 id
3139 2705 3392 2812 est'jeju-

120 2796 393 2850 τουτέστι
425 2799 710 2870 νηστείαν,
760 2807 1067 2878 προσευχὴν
1087 2846 1101 2873 ,
1139 2811 1466 2881 ἐγκράτειαν
1485 2855 1500 2881 ,
1531 2814 1706 2887 ὲξομο·

1823 2818 1991 2883 nium,
2042 2819 2366 2887 orationem,
2417 2824 2833 2893 continentiam,
2887 2829 3286 2888 confessionem
3333 2842 3390 2889 et

121 2888 367 2959 λόγησιν
413 2890 507 2943 καὶ
532 2891 707 2947 πάντα
742 2896 843 2949 ὅσα
875 2898 956 2961 είς
991 2900 1325 2974 εὐφροσύνην
1348 2904 1528 2976 ψυχῆς
1552 2925 1565 2938 ·
1604 2910 1706 2973 τοῖς

1823 2926 2154 2982 quaecunque
2192 2914 2428 2968 animam
2480 2916 2805 2974 exhilarant.
2841 2919 2913 2976 At
2945 2921 3016 2978 iis
3052 2924 3145 2993 qui
3174 2936 3304 2982 sunt
3334 2926 3387 2981 in

120 2978 189 3031 δὲ
230 2980 292 3034 ἐν
317 2980 531 3053 ἀρχαῖς,
566 2984 756 3051 ὀδύνας
797 2989 897 3061 τῆς
946 2992 1220 3063 ἁμαρτίας
1251 2998 1393 3049 πιεῖν
1419 2999 1499 3061 είς
1533 2998 1706 3069 κόρον,

1823 2978 2231 3074 principatibus,
2259 3006 2382 3061 date
2415 3010 2622 3077 peccati
2648 3010 2862 3067 dolores
2889 2978 3086 3069 bibere.
3116 2978 3387 3072 ad

122 3071 231 3124 ἵνα
261 3073 470 3139 πιόντες
500 3077 861 3136 ἐπιλάθωνται
893 3083 992 3153 τῆς
1019 3084 1401 3157 δαιμονιώδους
1445 3090 1662 3154 πενίας·
1687 3095 1706 3146 ἐ

1823 3069 2010 3162 tatem,
2041 3106 2102 3151 ut
2133 3069 2223 3152 his,
2241 3100 2415 3168 epotis
2441 3101 2834 3159 obliviscantur
2860 3105 3139 3162 diabolicae
3166 3108 3382 3179 inopiae.

124 3165 257 3235 γὰρ
287 3166 572 3237 μεθυσθεὶς
600 3172 707 3226 ἀπὸ
732 3175 830 3246 τῆς
854 3176 1103 3244 γνώσεως
1121 3178 1213 3232 τοῦ
1240 3180 1464 3254 Κυρίου,
1498 3183 1706 3238 ἐπιλαν-

1823 3188 1954 3244 Nam
1986 3189 2079 3259 qui
2121 3165 2305 3247 ebrius
2345 3203 2429 3248 est
2457 3193 2732 3265 agnitione
2779 3193 3016 3264 Domini,
3046 3165 3387 3256 obliviscitur

126 3256 365 3311 Odi-Jama
397 3261 495 3333 τὴν
519 3264 718 3336 πρᾶξιν
748 3266 854 3321 τῶν
876 3269 1094 3325 ὀδυνῶν.

1823 3280 2066 3336 dolorum
2097 3284 2330 3350 praxim.

215 3349 430 3423 Πένητα
453 3352 598 3424 λέγει
624 3357 718 3412 τὸν
736 3361 1097 3434 ἐστερημένον
1116 3363 1216 3436 τῆς
1243 3366 1515 3435 γνώσεως,
1547 3367 1706 3423 ἀσθε-

1887 3377 1911 3420 ι
1942 3349 2160 3443 ln0pem
2199 3374 2332 3429 dicit
2365 3376 2641 3433 hominem
2674 3379 2901 3436 scientia
2941 3390 3251 3451 carentem;
3306 3384 3385 3440 in-

130 3441 213 3510 νῆ
242 3442 297 3495 δὲ
319 3443 410 3498 τὸν
443 3446 751 3522 ἀκάθαρτον
775 3455 893 3518 ταῖς
920 3455 1235 3526 ἁμαρτίαις.

1823 3441 2054 3530 firmum,
2086 3464 2323 3533 peccatis
2353 3464 2717 3538 inquinatum.

1574 3555 1725 3611 CAP.
1764 3555 1948 3612 XXV..

230 3630 286 3682 Ὀ
326 3630 469 3705 λόγῳ
495 3640 846 3710 πνευματικῷ
873 3642 966 3697 τὸν
1010 3644 1233 3700 παλαιὸν
1270 3646 1552 3719 ἄνθρωπον
1583 3648 1706 3702 ἀπο-

1894 3648 1917 3679 ⁴
1950 3647 2053 3715 Qui
2100 3650 2372 3720 spiritali,
2408 3654 2576 3708 verbo
2602 3663 2836 3710 veterem
2885 3656 3158 3713 hominem
3189 3661 3387 3717 cecidit

134 3724 402 3790 κτείνων,
436 3728 527 3780 τὸν
574 3729 927 3804 φθειρόμενον
956 3738 1096 3791 κατὰ
1133 3737 1231 3802 τὰς
1279 3739 1571 3811 ἐπιθυμίας
1619 3741 1706 3812 τῆς

1823 3751 2135 3814 corruptum
2181 3744 2331 3798 illum
2364 3746 2572 3801 scilicet
2605 3748 2902 3803 secundum
2942 3753 3145 3808 erroris
3177 3755 3387 3823 cupitli-

136 3818 386 3889 ἀπάτης,
430 3823 685 3894 κατορθοῖ
716 3826 775 3880 ὲν
803 3827 1116 3904 δικαιοσύνῃ
1140 3831 1231 3885 τὸν
1263 3832 1425 3885 αὑτοῦ
1454 3832 1578 3886 νοῦν
1603 3874 1617 3898 ,
1659 3834 1706 3898 ὃς

1823 3843 1976 3899 tates,
2006 3843 2283 3888 restaurat
2312 3836 2379 3890 ad
2409 3835 2677 3904 justitiam
2712 3846 2946 3894 mentem
2982 3840 3119 3910 ejus,
3152 3818 3271 3914 quae
3297 3846 3383 3901 di-

135 3910 355 3980 λέγεται
402 3912 591 3988 θρόνος
637 3914 772 3972 εἶναι
835 3918 1003 3974 Θεοῦ·
1045 3923 1280 3995 οὐδαμοῦ
1319 3926 1427 3996 γὰρ
1473 3926 1706 3997 πέφυκεν

1823 3925 1956 3980 citur
1986 3925 2217 3981 thronus
2266 3941 2386 3982 esse
2418 3927 2511 3982 Dei
2541 3944 2555 3981 :
2582 3943 2845 4001 nusquam
2895 3935 3041 3988 enim
3084 3910 3219 3993 solet
3247 3937 3380 3994 alibi

145 4000 382 4073 ἀλλαχοῦ
418 4006 743 4071 καθέζεσθαι
770 4012 936 4079 σοφία
984 4014 1077 4067 καὶ
1127 4014 1345 4083 γνῶσις.
1394 4017 1488 4071 καὶ
1509 4017 1706 4072 δικαιο-

1823 4017 2005 4072 sedere
2040 4016 2303 4086 sapientia
2352 4028 2407 4073 et
2457 4019 2681 4075 scientia
2705 4000 2883 4092 atque
2908 4023 3150 4093 justitia,
3185 4029 3292 4086 nisi
3323 4029 3378 4087 in

142 4092 277 4165 σύνη
298 4135 313 4159 ,
342 4097 392 4149 εἰ
418 4096 493 4168 μὴ
524 4099 580 4151 ὲν
611 4098 769 4169 φύσει
821 4102 1008 4176 λογικῇ
1032 4122 1045 4135 ο
1079 4105 1251 4161 ταῦτα
1281 4108 1336 4161 δὲ
1362 4110 1537 4163 πάντα
1564 4111 1706 4165 ἐστὶν

1823 4107 2068 4163 rationali
2097 4114 2308 4163 natura.
2338 4107 2462 4166 Haec
2488 4120 2668 4167 autem
2704 4114 2888 4170 omnia
2912 4092 3176 4177 Christus
3205 4132 3301 4179 ast.

140 4187 173 4238 ὁ
205 4187 457 4258 Χριστός.

212 4273 336 4343 Οἷος
370 4276 439 4346 εἴ,
467 4283 705 4348 τοιοῦτος
735 4285 946 4356 φαίνου,
981 4288 1075 4342 καὶ
1101 4290 1174 4362 μὴ
1205 4291 1524 4357 ἀλαζονεύου
1545 4336 1559 4359 ,
1591 4298 1705 4351 ἀλλ’

1883 4292 1905 4324 ³
1940 4290 2122 4359 Qualis
2147 4307 2228 4358 es,
2263 4292 2383 4348 talis
2421 4307 2705 4365 apparens,
2749 4311 2922 4368 neque
2965 4307 3019 4354 te
3055 4300 3250 4370 jactes,
3281 4303 3376 4358 sed

145 4370 233 4422 ἐπὶ
276 4371 454 4440 σοφῶν
486 4372 631 4443 σίγα,
668 4376 761 4428 καὶ
790 4377 883 4429 ἐπὶ
911 4379 1294 4453 πρεσϐυτέρων
1322 4385 1560 4458 ἀκροαοῦ
1579 4404 1591 4416 ·
1632 4389 1706 4459 μὴ

1823 4398 1995 4438 coram
2028 4384 2366 4455 sapientibus
2398 4385 2519 4451 sile,
2570 4396 2624 4442 et
2669 4388 2813 4443 inter
2832 4390 3080 4446 seniores
3100 4400 3215 4449 esto
3272 4408 3375 4448 au-

146 4461 321 4531 εῖπῃς,
354 4462 573 4516 Ἐπάνω
598 4465 707 4518 τῶν
730 4466 945 4539 ἄστρων
968 4470 1117 4541 θήσω
1140 4472 1231 4532 τὸν
1259 4473 1443 4545 θρόνον
1473 4494 1595 4548 μου,
1620 4480 1706 4534 καὶ

1823 4475 2090 4531 tcuitator.
2137 4475 2216 4532 Ne
2267 4478 2414 4532 dicas
2450 4493 2466 4531 :
2499 4477 2674 4548 Super
2702 4490 2846 4535 astra
2871 4497 3063 4551 ponam
3120 4485 3375 4542 thronum

146 4550 331 4623 ἔσομαι
361 4555 548 4625 ὅμοιος
593 4556 669 4628 τῷ
713 4557 980 4631 Ὑψίστῳο
1020 4562 1094 4634 μὴ
1136 4563 1235 4634 ἔρα
1276 4566 1381 4619 τῶν
1425 4572 1706 4640 πρωτείων

1823 4580 2005 4630 neum,
2032 4575 2192 4622 etero
2205 4567 2398 4622 similis
2414 4567 2768 4625 Altissimo".
2790 4550 3117 4630 Neail‘ectes
3147 4575 3374 4649 primam

147 4643 237 4713 τῆς
260 4646 673 4718 προκαθεδρίας,
700 4648 832 4703 ἀλλὰ
850 4651 940 4706 τὸν
965 4651 1187 4723 ἔσχατον
1214 4657 1377 4713 τόπον
1398 4660 1673 4717 ἀπόϐλεπε
1693 4681 1706 4695 ο

1823 4659 2144 4722 :athedram.
2176 4660 2270 4715 sed
2300 4667 2605 4715 extremum
2635 4659 2813 4716 locum
2844 4672 3048 4731 specta.
3074 4643 3264 4723 Melius
3290 4681 3376 4724 est

147 4739 386 4807 κρεῖσσον
403 4737 512 4810 γὰρ
546 4740 773 4813 ῥηθῆναί
803 4760 904 4808 σοι,
942 4745 1196 4820 Ἀνάϐηθι
1224 4743 1359 4822 πρός
1392 4770 1483 4825 με,
1511 4754 1544 4827 ἢ
1576 4757 1706 4828 πρὸς

1823 4753 1961 4806 enim
2002 4760 2061 4805 ut.
2091 4750 2189 4806 tibi
2227 4751 2443 4805 dicatur
2476 4767 2491 4804 :
2521 4750 2770 4808 Ascende
2799 4755 2865 4810 ad
2898 4770 3004 4821 me,
3030 4772 3188 4827 quam
3223 4768 3285 4813 ut
3316 4762 3371 4814 in

146 4825 230 4879 τὸν
267 4826 493 4898 ἔσχατον
518 4829 682 4884 τόπον
727 4833 1051 4906 ἀποδοθῆναί
1094 4855 1153 4890 σε
1196 4841 1311 4910 μετ’
1352 4825 1706 4918 αἰσχύνης-ὲν

1823 4851 2148 4911 postremum
2206 4840 2383 4896 locum
2447 4841 2710 4911 rejiciaris
2770 4860 2894 4900 cum
2955 4847 3243 4916 ignominia
3317 4853 3375 4905 in

148 4920 413 4991 προσώπῳ
442 4920 700 4976 δυνάστου
723 4938 736 4954 ·
771 4926 905 4995 μήτε
940 4927 1047 4998 γὰρ
1078 4930 1335 5003 φρόνιμον
1369 4936 1557 4992 ἑαυτὸν
1604 4940 1706 5011 κή-

152 5027 315 5079 ρυττε,
354 5014 493 5085 μήτε
530 5013 736 5069 δίκαιον
763 5017 1007 5087 λογίζουο
1044 5026 1298 5092 κρεῖσσον
1341 5026 1449 5099 γὰρ
1479 5029 1707 5103 ῥηθῆναι

150 5104 266 5173 περὶ
288 5104 385 5158 σοῦ
410 5124 423 5137 ·
465 5107 563 5161 Διὸ
593 5110 690 5163 καὶ
731 5112 763 5163 ό
792 5114 935 5179 Θεὸς
964 5114 1150 5167 αὐτὸν
1176 5118 1569 5188 ὑπερύψωσε,
1608 5124 1707 5177 καὶ

148 5198 457 5269 ἐχαρίσατο
489 5204 650 5271 αὐτῷ
681 5205 868 5275 ὄνομα
892 5207 957 5260 τὸ
988 5208 1140 5279 ὑπὲρ
1165 5211 1288 5267 πᾶν
1310 5212 1516 5283 ὄνομα.

221 5289 426 5347 Ὀπίσω
464 5294 611 5363 λέγει
662 5296 729 5350 τὰ
768 5301 1167 5370 προγεγονόταο
1235 5304 1385 5374 φίλος
1433 5305 1490 5358 δὲ
1554 5307 1707 5377 ἡμῶν

1813 4942 2106 5006 conspectu
2141 4933 2400 5004 dynastis.
2444 4933 2630 5005 Neque
2658 4945 2709 4990 te
2736 4938 3052 5007 prudentem
3089 4940 3372 5010 pradices,

1812 5039 1986 5096 neque
2014 5033 2063 5080 te
2082 5025 2285 5095 justum
2313 5024 2608 5083 existimes.
2647 5025 2839 5083 Melius
2864 5037 2948 5084 est
2977 5029 3122 5085 enim
3146 5039 3203 5084 ut
3228 5030 3294 5086 de
3319 5039 3374 5091 te

1811 5116 2025 5171 dicatur
2062 5132 2075 5168 :
2112 5114 2394 5184 Propterea
2421 5115 2573 5169 illum
2603 5116 2742 5171 Deus
2774 5117 3179 5187 superexaltavit
3204 5133 3251 5175 et
3278 5122 3371 5176 do-

1809 5210 1949 5264 navit
1980 5210 2028 5263 ei
2064 5225 2250 5264 nomen
2273 5208 2412 5277 quod
2437 5218 2512 5263 est
2540 5225 2699 5281 super
2721 5227 2870 5265 omne
2898 5227 3085 5266 nomen
3119 5213 3161 5266 ⁸.

1882 5303 1902 5333 ⁷
1927 5302 2095 5357 Retro
2124 5301 2273 5368 dicit,
2301 5316 2387 5357 res
2416 5317 2536 5372 quae
2562 5301 2801 5358 fuerunt.
2844 5305 3069 5359 Amicus
3096 5319 3221 5361 vero
3270 5321 3367 5361 no-

151 5382 283 5438 ὲστιν
306 5387 335 5437 ό
364 5385 516 5450 Θεὸς,
551 5387 608 5451 ὃς
631 5387 717 5442 διὰ
748 5388 845 5462 τὴν
881 5392 1016 5462 πρὸς
1045 5394 1193 5464 ἡμᾶς
1223 5395 1403 5465 φιλίαν
1426 5396 1706 5469 ἄνθρωπος

1823 5405 1927 5451 iter
1951 5394 2116 5458 Deus,
2148 5393 2242 5464 qui
2299 5403 2522 5464 propter
2569 5410 2726 5450 suam
2748 5410 2873 5466 erga
2915 5410 3013 5451 nos
3048 5397 3371 5453 charitatem

151 5477 391 5546 γέγονεν·
447 5481 635 5552 εἴρηκε
682 5482 790 5555 γὰρ
841 5483 1001 5549 αὐτὸς
1061 5488 1196 5559 πρὸς
1238 5490 1364 5554 τοὺς
1426 5490 1704 5561 μαθητάς-

148 5568 340 5622 οὐκέτι
367 5568 519 5639 λέγω
541 5570 694 5641 ὑμᾶς
723 5572 984 5642 δούλους
1003 5617 1017 5641 ,
1052 5577 1214 5633 ἀλλὰ
1241 5581 1477 5649 φίλους.
1517 5582 1707 5636 Ἦνίκα

153 5660 206 5713 ἄν
248 5680 307 5715 σε
351 5662 583 5735 ὀνειδίζῃ
628 5666 655 5717 ὁ
704 5667 890 5737 φίλος,
917 5672 947 5722 ὁ
992 5672 1444 5744 Χριστὺςνλέγει,
1479 5674 1566 5730 διὰ
1612 5673 1705 5745 τὴν

212 5754 254 5785 θ’
283 5768 332 5805 v.
360 5753 414 5807 4.
493 5754 638 5809 1s'v.
666 5754 719 5809 6.
796 5759 815 5788 ³
844 5775 893 5812 v.
923 5761 975 5814 9.

215 5843 322 5913 (20)
352 5844 483 5901 Cod.
528 5846 761 5900 ὑπείκει.

414 5944 681 6005 ΡΑτιιοι..
718 5946 809 6006 Gn
876 5946 1045 6005 XVII

1814 5489 1991 5544 factus
2018 5498 2102 5544 est
2134 5488 2316 5543 homo.
2348 5487 2438 5542 Ait
2458 5487 2603 5542 enim
2631 5489 2743 5557 ipse
2764 5488 3040 5560 discipulis
3068 5508 3084 5546 :
3113 5489 3237 5544 1am
3266 5504 3370 5543 non

1813 5585 1929 5640 dico
1964 5598 2051 5637 vos
2078 5598 2273 5647 seruos,
2304 5582 2394 5636 sed
2418 5580 2615 5635 amicos
2643 5580 2686 5637 ⁸.
2726 5583 2788 5636 Ει
2827 5597 2947 5637 cum
2980 5591 3032 5638 te
3071 5579 3372 5649 increpabit

1814 5676 2043 5740 amicus,
2068 5674 2319 5731 Christus
2342 5673 2537 5743 inquit,
2563 5681 2622 5747 ut
2648 5688 2676 5728 a
2711 5683 2931 5746 peccato
2963 5675 3212 5736 absistas.
3264 5669 3372 5726 noli

1056 5766 1077 5792 ⁸
1106 5779 1154 5817 v.
1188 5764 1240 5818 5.
1314 5766 1334 5796 ⁵
1360 5780 1409 5819 v.
1441 5765 1493 5819 6.
1570 5767 1616 5798 “'
1650 5767 1750 5822 isa.
1786 5781 1896 5831 xw,
1930 5764 2014 5820 14.
2092 5765 2272 5821 “Phil.
2299 5780 2357 5829 tt,
2395 5763 2448 5818 9.
2524 5763 2544 5795 ⁷
2578 5779 2626 5817 v.
2663 5764 2717 5821 9.
2790 5765 2811 5796 '
2842 5765 2999 5823 Joan.
3026 5764 3231 5828 “.15.
3346 5798 3359 5811 ι

3062 5954 3103 6010 8
