3942 6318
527 326 636 385 255

1411 321 1978 382 SUPPLEMENTUM
2017 324 2106 380 AD
2141 322 2473 382 ORIGENIS
2510 322 2918 382 EXEGETICA.

3666 324 3777 380 236

524 457 901 516 contemnere;
927 450 1020 505 sed
1048 450 1201 513 cede,
1232 456 1393 517 atque
1415 447 1482 501 ad
1509 446 1743 517 priorem
1775 448 2089 504 modestiam

2199 431 2505 522 ἁμαρτίαν,
2530 448 2736 521 ταύτης
2777 445 3109 518 ἀπέχεσθαι,
3148 444 3222 519 μὴ
3255 445 3618 518 καταφρόνει,
3656 429 3780 503 ἀλλ’

522 550 819 607 revertere,
850 543 902 598 id
925 551 1009 598 est
1042 543 1109 597 ad
1133 541 1227 597 Dei
1263 540 1671 612 benignitatem.

485 685 503 786 ί
592 729 615 764 ⁹
641 728 888 784 Gratiam
921 728 1050 782 dicit
1092 727 1183 782 Dei
1218 736 1521 797 precepta;
1579 726 1879 782 amicitiam
1937 744 2088 797 vero,

520 831 763 873 amorem
790 831 917 885 erga
962 815 1129 871 Deum
1158 824 1213 871 et
1241 816 1570 886 proximum.
1616 815 1718 882 Qui
1768 831 1897 872 vero
1921 817 2087 874 Deum

518 916 684 973 amat,
715 906 962 962 observet
981 920 1044 961 ea
1073 907 1213 974 apud
1236 922 1316 972 se,
1345 922 1409 961 ne
1435 906 1876 977 despectissimus
1901 925 2088 967 coram

515 999 613 1056 illo
637 1000 730 1065 sit,
762 1013 882 1054 cum
912 1012 1351 1073 unumquemque
1382 1013 1480 1067 pro
1514 999 1722 1053 meritis
1766 1000 1881 1056 suis
1916 1015 2090 1058 remu-

512 1090 813 1145 nerabitur.
853 1089 920 1144 Et
954 1091 1005 1144 in
1046 1088 1355 1159 Evangeliis
1404 1088 1659 1143 Salvator
1705 1090 1791 1155 iis,
1830 1092 1925 1160 qui
1981 1091 2085 1147 sibi

512 1182 887 1247 crediderant,
918 1181 1120 1237 Judacis
1146 1182 1270 1242 ait;
1305 1179 1368 1237 Si
1394 1197 1481 1236 vos
1525 1181 1580 1235 in
1612 1181 1764 1235 verba
1792 1197 1906 1236 meo
1934 1198 2086 1237 man-

511 1274 712 1339 seritis,
742 1290 857 1330 vere
884 1274 1134 1344 discipuli
1155 1274 1256 1328 mei
1283 1275 1429 1341 estis,
1459 1283 1509 1329 et
1534 1275 1723 1328 veritas
1751 1273 1990 1329 liberavit
2021 1275 2086 1330 de

509 1366 639 1440 legis
670 1367 1125 1425 maledictione”.
1163 1366 1221 1422 Si
1263 1381 1398 1435 ergo
1436 1367 1677 1421 charitas
1706 1366 1920 1429 liberat,
1960 1367 2084 1422 Sal-

446 1489 458 1510 ι
507 1470 669 1517 vator
694 1475 909 1532 quoque
932 1460 1124 1515 liberat
1153 1476 1165 1512 :
1199 1458 1450 1515 Christus
1485 1469 1666 1513 autem
1686 1468 1770 1514 est
1799 1460 2004 1515 veritas
2028 1470 2085 1515 et

507 1552 795 1609 charitas:
838 1552 982 1607 unde
1008 1564 1195 1607 omnes
1234 1550 1330 1622 qui
1368 1551 1788 1608 habentChristi
1813 1552 2080 1618 notitiam,

507 1645 669 1701 amici
720 1645 951 1701 invicem
986 1655 1131 1700 sunt.
1184 1645 1252 1700 Et
1295 1645 1469 1701 sancti
1523 1658 1711 1701 omnes
1759 1644 1923 1709 amici
1965 1643 2081 1712 ejus

505 1742 637 1788 sunt
669 1749 682 1785 :
716 1743 879 1803 atque
910 1734 981 1788 ita
1030 1735 1099 1789 ob
1132 1733 1270 1788 hanc
1323 1733 1482 1789 unice
1527 1733 1869 1802 charitatem,
1918 1733 2079 1790 amici

506 1822 627 1890 Dei,
660 1824 822 1880 amici
859 1824 1088 1879 invicem
1115 1833 1262 1879 sunt.

577 1916 623 1975 “.
657 1916 757 1984 Qui
799 1916 1022 1971 edoctus
1055 1913 1157 1970 fuit
1188 1915 1439 1980 virtutes,
1473 1929 1678 1985 easque
1721 1931 1885 1988 opere
1924 1931 2079 1972 exer-

505 2020 614 2076 cet,
634 2024 730 2065 res
758 2023 885 2065 suas
912 2006 1073 2064 facile
1099 2006 1358 2063 custodit.

514 2148 517 2153 .
572 2100 721 2156 Pone
779 2100 1015 2168 lapidem
1084 2099 1369 2155 sardinum
1459 2098 1763 2169 pretiosum
1812 2098 1867 2154 in
1912 2114 2077 2156 aurea

501 2192 712 2257 inaure,
745 2200 803 2247 et
828 2190 1152 2261 sapientiam
1182 2188 1398 2245 Domini
1440 2189 1495 2245 in
1534 2199 1719 2247 mente
1757 2189 2078 2260 cupiditati-

499 2282 601 2338 bus
633 2283 801 2337 libera
831 2291 886 2337 et
916 2283 1251 2351 obsequente
1281 2280 1408 2335 Deo.

574 2379 617 2409 ¹²
653 2376 809 2433 Sicut
840 2391 908 2432 ex
948 2376 1072 2431 nive
1120 2372 1291 2429 ﬂuens
1348 2388 1488 2441 aqua
1548 2373 1605 2428 in
1641 2373 1834 2430 messis
1893 2374 2076 2431 calore

496 2470 740 2540 prodest,
773 2476 829 2522 et
849 2477 1038 2523 azstum
1071 2467 1386 2535 refrigerat;
1424 2466 1505 2521 sic
1529 2474 1616 2521 est
1651 2467 1795 2521 Deus
1827 2480 1956 2538 erga
2002 2467 2072 2524 il-

498 2559 729 2630 los-qui
779 2565 1137 2627 susceperunt
1187 2554 1511 2623 sapientiam
1561 2561 1725 2623 atque
1784 2554 2069 2609 scientiam

2194 541 2465 613 ἀναχώρει
2493 540 2584 595 καὶ
2617 541 2924 611 ύπόστρεφε
2954 539 3091 612 πρὸς
3114 538 3212 610 τὴν
3242 538 3467 611 πρώτην
3489 538 3784 611 σωφροσύ-

2193 651 2310 705 νην,
2339 633 2582 688 τουτέστι
2603 633 2741 704 πρὸς
2764 632 2864 705 τὴν
2886 631 2979 685 τοῦ
3009 629 3143 685 Θεοῦ
3167 629 3597 703 φιλανθρωπίαν.

2261 727 2457 799 Χάριν,
2484 727 2583 791 τὰς
2612 725 2705 780 τοῦ
2733 725 2868 780 Θεοῦ
2897 725 3115 790 ἐντολάς
3149 741 3311 797 φησι·
3346 724 3529 795 φιλίαν
3555 724 3613 778 δὲ
3633 763 3650 789 ,
3673 724 3786 797 τὴν

2191 817 2329 889 πρὸς
2376 817 2465 871 τὸν
2495 816 2627 870 Θεὸν
2670 816 2765 870 καὶ
2805 815 3031 886 πλησίον
3059 815 3301 886 ἀγάπην.
3338 814 3396 869 '0
3436 814 3493 869 δὲ
3539 816 3783 885 ἀγαπῶν

2188 909 2279 964 τὸν
2307 908 2438 962 Θεὸν
2461 909 2753 982 τηρησάτω
2774 907 2945 972 αὐτὰς
2978 908 3037 962 ὲν
3070 908 3246 978 έαυτῳ
3266 947 3282 972 ,
3318 907 3407 961 ἵνα
3448 908 3521 979 μὴ
3558 908 3784 962 ἐπονεί-

2188 1002 2367 1068 διστος
2395 1003 2620 1075 γένηται
2653 1004 2784 1076 παρ’
2816 1000 2984 1073 αὐτῷ,
3018 1002 3107 1056 ὅτε
3132 1000 3200 1055 τὰ
3224 1002 3343 1054 κατ’
3371 999 3526 1066 ἀξίαν
3550 1001 3783 1073 ἑκάστῳ

2189 1095 2440 1167 ἀπονέμῃ
2461 1111 2474 1124 ’
2497 1095 2637 1149 καὶὸ
2658 1094 2848 1167 Σωτὴρ
2880 1095 2939 1148 ὲν
2963 1092 3315 1162 Εὐαγγελίοις
3347 1092 3482 1162 πρὸς
3501 1092 3631 1157 τοὺς
3665 1110 3778 1146 πε-

2188 1188 2542 1252 πιστευκότας
2561 1186 2708 1258 αὐτῷ
2723 1186 3006 1250 Ἰουδαίους
3036 1186 3200 1257 φησίν
3217 1201 3233 1218 ο
3271 1184 3410 1244 Ἐὰν
3438 1183 3608 1253 ὑμεῖς
3630 1187 3775 1254 μεί-

2186 1279 2329 1348 νητέ
2373 1280 2442 1334 ὲν
2470 1277 2551 1345 τῷ
2584 1280 2743 1349 λόγῳ
2785 1278 2866 1344 τῷ
2911 1276 3063 1347 ἐμῷ,
3102 1275 3341 1346 ἀληθῶς
3361 1277 3624 1346 μαθηταί
3641 1296 3778 1347 μου

2183 1372 2360 1440 ἐστέ,⁸
2387 1370 2486 1427 καί
2509 1372 2546 1441 ἡ
2560 1370 2811 1438 ἀλήθεια
2828 1369 3246 1439 ἠλευθέρωσεν
3267 1368 3338 1423 ἐκ
3362 1366 3475 1437 τῆς
3499 1368 3778 1439 κατάρας

2183 1464 2290 1517 τοῦ
2326 1463 2544 1533 νόμου·
2573 1464 2622 1516 εί
2649 1457 2741 1517 οῦν
2771 1464 2804 1534 ἠ
2845 1461 2997 1532 φιλία
3045 1460 3356 1533 ἐλευθεροῖ,
3387 1461 3480 1515 καὶ
3515 1462 3546 1515 ὁ
3572 1460 3779 1534 Σωτὴρ

2183 1554 2483 1628 ἐλευθεροῖο
2517 1556 2750 1630 Χριστὸς
2771 1554 2829 1608 δέ
2869 1556 3017 1609 ἐστιν
3048 1555 3083 1626 ἡ
3129 1552 3358 1624 ἀλήθεια
3395 1553 3490 1608 καὶ
3522 1557 3555 1622 ἡ
3585 1554 3773 1622 φιλία,

2182 1647 2305 1702 ὅθεν
2345 1649 2439 1702 καὶ
2471 1648 2672 1712 πάντες
2723 1649 2774 1701 οί
2806 1644 3022 1718 ἔχοντες
3067 1644 3269 1715 γνῶσιν
3310 1645 3579 1718 Χριστοῦ,
3614 1645 3777 1715 φίλοι

2143 1788 2154 1801 ,
2181 1740 2425 1813 ἀλλήλων
2455 1740 2623 1794 είσίνο
2657 1737 2800 1793 οὕτω
2843 1737 2940 1793 καὶ
2968 1738 3061 1791 ἐπὶ
3094 1736 3299 1808 ταύτης
3336 1737 3492 1808 μόνον
3523 1738 3624 1809 τῆς
3669 1754 3774 1808 φι-

2109 1822 2153 1877 Β
2180 1829 2300 1895 λίας
2327 1830 2378 1884 οἱ
2404 1829 2499 1884 τοῦ
2529 1828 2695 1884 αὐτοῦ
2729 1829 2894 1900 φίλοι,
2923 1828 3021 1883 καὶ
3051 1826 3228 1882 ἄλλων
3264 1828 3374 1881 είσὶ
3403 1827 3566 1897 φίλοι.

2261 1924 2320 1978 '0
2341 1923 2609 1994 διδαχθεὶς
2641 1924 2771 1995 περὶ
2807 1923 2914 1976 τῶν
2943 1921 3153 1994 ἀρετῶν
3176 1961 3191 1984 ,
3227 1919 3322 1974 καὶ
3362 1918 3568 1984 ταύτας
3597 1922 3764 1993 ἐνερ-

2179 2015 2312 2086 γῶν,
2341 2014 2412 2069 τὰ
2445 2014 2639 2070 ἑαυτοῦ
2662 2015 2922 2085 φυλάσσει
2948 2012 3413 2076 εύσυναλλάκτως.

2249 2105 2492 2178 Ἔμὸαλε
2519 2106 2730 2178 σάρδιον
2779 2104 3067 2169 πολυτελὲς
3115 2105 3195 2168 είς
3225 2106 3445 2158 ὲνωτιον
3493 2103 3760 2176 χρυσοῦν,

2177 2198 2269 2253 καὶ
2334 2200 2523 2271 σοφίαν
2572 2200 2780 2273 Κυρίου
2840 2201 2921 2265 είς
2976 2199 3100 2255 νοῦν
3144 2199 3329 2271 ἀπαθῆ
3377 2198 3471 2254 καὶ
3522 2199 3763 2272 εὐήκοον

2176 2293 2385 2365 Κυρίῳ.

2252 2386 2462 2457 Ὥσπερ
2484 2384 2545 2438 τὸ
2569 2385 2635 2437 ὲκ
2676 2383 2850 2454 χιόνος
2897 2396 3086 2455 εκρεον
3126 2383 3269 2456 ὕδωρ
3298 2385 3355 2436 ἐν
3384 2381 3577 2455 ἀμητῷ
3603 2383 3759 2436 κατὰ

2175 2477 2360 2551 καῦμα
2388 2476 2607 2547 ὠφελεῖ,
2642 2476 2738 2530 καὶ
2757 2476 3021 2550 ἀναψύχει
3048 2477 3325 2540 καύσωνα,
3358 2475 3528 2540 οὕτως
3559 2477 3588 2530 ό
3612 2475 3758 2540 Θεὸς

2172 2567 2266 2621 ἐπὶ
2302 2568 2416 2630 τοῖς
2458 2566 2765 2638 δεχομένοις
2795 2567 2894 2641 τήν
2935 2584 2994 2620 τε
3019 2566 3218 2636 γνῶσιν
3250 2565 3344 2619 καὶ
3386 2564 3576 2635 σοφίαν
3598 2605 3615 2631 ,
3652 2564 3757 2618 καὶ

496 2652 736 2722 itemque
770 2658 1040 2721 praecepta
1096 2646 1232 2716 ejus.
1278 2646 1349 2701 Et
1403 2645 1542 2701 sicut
1567 2646 1746 2702 nivem
1795 2646 2073 2717 liquefacit

2187 2660 2239 2714 τὰ
2284 2659 2688 2733 προστάγματα
2738 2659 2937 2714 αὐτοῦ·
2987 2660 3083 2714 καί¹
3147 2658 3334 2730 ὥσπερ
3383 2657 3537 2730 χιόνα
3585 2658 3756 2730 τήκει

496 2753 684 2811 astus,
713 2744 787 2798 ita
818 2745 1015 2798 animae
1041 2741 1342 2812 nequitiam
1361 2738 1497 2810 justi
1525 2739 1629 2795 viri
1655 2739 1973 2797 admonitio.

572 2837 615 2870 ¹³
642 2836 797 2892 Sicut
841 2837 987 2892 venti
1022 2844 1094 2890 ~et
1129 2833 1298 2889 nubes
1349 2833 1529 2889 nautis
1573 2833 1809 2888 evidenti
1865 2834 2069 2890 indicio

494 2939 645 2998 sunt,
672 2929 964 2999 quominus
1007 2927 1350 2996 naufragium
1398 2926 1720 2992 incurrant;
1754 2924 1831 2980 ita
1861 2925 2067 2981 haben.

2171 2754 2409 2820 καύσων,
2440 2753 2580 2808 οὕτω
2606 2754 2804 2808 κακίαν
2827 2753 3023 2826 ψυχῆς,
3046 2754 3257 2808 δικαίου
3282 2751 3627 2824 παραίνεσις.

2245 2849 2456 2920 ’Ὠσπερ
2487 2848 2680 2920 ἄνεμοι
2725 2848 2820 2902 καὶ
2850 2846 2987 2920 νέφη
3027 2846 3341 2919 πλωτῆρσιν
3382 2845 3755 2914 ἐπιφανέστα-

2165 2959 2249 2996 τοι
2280 2941 2373 2996 τοῦ
2402 2942 2477 3013 μὴ
2503 2942 2807 3013 ναυαγῆσαι
2826 2982 2842 3008 ,
2888 2939 3031 2995 οὕτω
3072 2942 3185 3003 τοῖς
3228 2939 3287 2993 ὲν
3334 2938 3496 3009 σοφίᾳ
3522 2936 3676 3023 Θεοῦ
3710 2940 3751 3009 ἡ

495 3024 644 3083 tibus
671 3023 771 3079 Dei
815 3021 1166 3093 sapientiam,
1206 3018 1344 3076 falsa
1397 3018 1623 3075 scientia
1658 3032 1727 3073 ne
1781 3034 1902 3074 cum
1953 3018 2066 3089 glo-

2187 3033 2365 3107 fueud-hg
2399 3031 2619 3103 γνῶσις,
2651 3032 2746 3088 τοῦ
2776 3033 2850 3106 μὴ
2884 3034 2979 3088 σὺν
3010 3036 3124 3097 τοῖς
3157 3020 3529 3104 καυχωμένοις
3560 3031 3616 3084 ὲν
3641 3031 3751 3083 αὐ-

494 3115 766 3174 riantibus
795 3112 849 3169 in
877 3127 940 3168 ea
962 3120 1211 3183 pereant.

567 3208 615 3242 “
636 3207 790 3263 Sicut
821 3205 1039 3276 corpori
1076 3218 1200 3260 ossa
1230 3201 1604 3259 fortitudinem
1632 3201 1907 3272 roburque
1928 3215 2062 3257 con-

490 3302 696 3367 ferunt,
730 3301 804 3355 ita
838 3313 898 3355 se
923 3298 1125 3353 habent
1153 3310 1283 3367 erga
1317 3295 1552 3351 animam
1583 3293 1837 3350 virtutes.
1867 3295 2065 3351 Conte-

490 3398 566 3453 rit
597 3405 780 3451 autem
837 3406 962 3448 ossa
1018 3391 1152 3455 hac,
1191 3403 1310 3460 quae
1362 3397 1584 3459 peccata
1631 3402 1741 3442 non
1795 3395 2064 3456 praecavet

490 3489 693 3544 anima.
734 3482 994 3541 Nonnulli
1039 3488 1248 3552 partem
1291 3466 1486 3534 animae
1540 3478 1890 3543 iracundam,
1924 3476 2063 3531 mol-

487 3579 593 3636 lem
628 3576 1052 3648 appellaverunt.
1085 3587 1207 3643 quae
1236 3586 1334 3625 sua
1366 3569 1566 3639 frangit
1591 3582 1719 3636 erga
1754 3566 1920 3621 Deum
1952 3567 2063 3636 spi-

488 3672 669 3730 ritalia
699 3684 844 3735 ossa,
881 3683 1002 3738 qum
1033 3666 1215 3721 dicere
1246 3663 1507 3719 deberent
1538 3679 1551 3714 :
1586 3659 1828 3725 Domine,
1883 3658 2062 3714 Domi-

486 3781 575 3830 πθ,
601 3764 716 3836 quis
745 3761 933 3817 similis
963 3759 1057 3813 tibi
1090 3757 1173 3811 '5?

561 3854 608 3888 ¹⁶
634 3853 880 3909 licininis
907 3864 1139 3919 nequam
1176 3848 1284 3911 via,
1314 3846 1556 3917 nequitia
1587 3854 1670 3901 est
1699 3862 1715 3899 :
1740 3854 1795 3900 et
1832 3859 1927 3916 pes
1951 3846 2057 3899 im-

485 3947 665 4022 ;I‘obi,
700 3943 1022 4017 improbitas
1054 3952 1155 4007 est.
1196 3939 1404 3995 Peribit
1432 3949 1611 3993 autem
1647 3938 1700 3992 in
1729 3938 1817 3993 die
1840 3938 2056 4008 judicii.

483 4039 836 4098 Consuetudo
864 4034 1102 4092 hominis
1134 4034 1189 4088 in
1217 4031 1480 4088 vocabulo
1510 4033 1631 4100 vim,
1662 4047 1828 4102 opera
1875 4032 1929 4086 in
1969 4047 2058 4087 vo-

483 4135 679 4195 cabulo
709 4132 859 4204 pedis
895 4128 1244 4199 intelligetur.

446 4240 501 4283 "L
557 4229 602 4263 ¹⁷
655 4228 812 4285 Sicut
839 4232 1053 4281 acetum
1106 4217 1347 4281 vulneri,
1397 4216 1542 4286 quod
1595 4217 1706 4284 jam
1743 4224 2057 4285 putrescere

483 4322 672 4396 capit,
707 4318 903 4376 inutile
933 4325 1035 4383 est,
1082 4327 1396 4386 quanquam
1455 4311 1593 4366 cibis
1621 4308 1834 4365 confert
1862 4307 2054 4377 jucun-

483 4416 742 4482 ditalem;
778 4412 853 4468 ita
885 4409 1131 4465 mulieris
1160 4413 1485 4473 conspectus
1522 4411 1576 4458 et
1603 4401 1928 4471 colloquium
1960 4416 2057 4456 cor

2164 3125 2232 3195 τῇ
2257 3122 2570 3179 ἀπολέσθαι.

2241 3215 2450 3288 Ὥσπερ
2476 3214 2552 3286 τῷ
2588 3212 2800 3285 σώματι
2848 3211 2917 3266 τὰ
2955 3212 3088 3266 ὀστᾶ
3140 3213 3292 3282 ίσχὺς
3332 3211 3749 3281 καὶάσφάλεια

2170 3306 2394 3380 ῥώμης,
2427 3306 2569 3360 οὕτω
2588 3309 2655 3377 τῇ
2684 3306 2828 3378 ψυχῇ
2865 3306 2922 3359 αί
2947 3306 3139 3377 ἀρεταὶ
3171 3303 3445 3374 πεφύκασι
3465 3319 3479 3332 ·
3520 3303 3750 3374 συντρίο

2168 3400 2252 3454 6ει
2304 3400 2361 3453 δὲ
2400 3399 2572 3453 ταῦτα
2613 3398 2681 3453 τὰ
2724 3388 2859 3453 ὁστᾶ
2906 3397 2981 3471 μὴ
3030 3398 3557 3469 παραφυλασσομένη
3617 3400 3749 3461 ταῖς

2169 3492 2464 3566 ἁμαρτίαις
2482 3505 2499 3524 ⁸
2526 3492 2669 3555 τινὲς
2690 3490 2747 3544 δὲ
2765 3490 2862 3563 τὴν
2881 3488 3098 3561 θυμώδη
3127 3486 3301 3560 ψυχὴν
3324 3489 3612 3559 ὠνόμασαν
3643 3505 3753 3559 μα-

2166 3584 2357 3658 λακὴν,
2389 3585 2509 3656 ἥτις
2543 3583 2816 3654 συντρίϐει
2847 3580 2916 3636 τὰ
2945 3581 3147 3651 ἑαυτῆς
3178 3581 3312 3652 πρὸς
3338 3579 3468 3634 Θεὸν
3494 3596 3750 3650 πνευμα-

2165 3666 2292 3733 τικὰ
2318 3677 2450 3731 ὀστᾶ
2473 3717 2488 3741 ,
2520 3675 2590 3731 τὰ
2620 3673 2899 3746 πεφυκότα
2923 3672 3103 3742 λέγειν
3125 3687 3141 3703 °
3171 3671 3370 3740 Κύριε,
3412 3671 3585 3738 Κύριε
3602 3711 3619 3736 ,
3646 3671 3747 3736 τίς

2166 3769 2366 3840 ὅμοιός
2394 3783 2532 3833 σοι;

2236 3860 2421 3915 Κακοῦ
2449 3860 2596 3926 ὁδὸς,
2628 3861 2671 3932 ήί
2690 3857 2855 3913 κακία
2892 3856 3044 3911 ὲστί·
3087 3855 3181 3910 καὶ
3227 3854 3361 3919 ποῦς
3395 3853 3742 3925 παρανόμου,

2164 3954 2198 4026 ἡ
2224 3952 2533 4025 παρανομία
2556 3952 2704 4007 ἐστίν
2728 3969 2742 3982 ο
2784 3949 3060 4005 ἀπολεῖται
3079 3948 3137 4002 δὲ
3166 3949 3224 4002 ὲν
3256 3946 3439 4018 ἡμέρᾳ
3482 3944 3581 4015 τῆς
3609 3943 3741 4014 κρί-

2167 4064 2334 4110 σεως·
2369 4044 2481 4112 agt;
2513 4044 2600 4098 διὰ
2624 4044 2724 4115 τῆς
2751 4042 2893 4108 ὁδοῦ,
2929 4040 3022 4096 καὶ
3046 4039 3295 4111 ἐνέργεια
3321 4035 3411 4091 διὰ
3445 4033 3539 4089 τοῦ
3574 4035 3742 4101 ποδὸς

2164 4138 2507 4211 νοηθήσεται.

2232 4233 2439 4302 Ὥσπερ
2470 4229 2531 4282 τὸ
2560 4225 2682 4292 ὅξος
2707 4226 2764 4277 ὲν
2807 4222 2953 4276 ἕλκει
2978 4219 3074 4275 τοῦ
3123 4221 3296 4293 ἀρχὴν
3331 4220 3493 4293 σῆψιν
3519 4219 3742 4292 ἔχοντος

2161 4317 2498 4389 ἀσύμφορον,
2528 4314 2704 4368 καίτοι
2739 4310 3022 4383 βρώματος
3040 4311 3150 4381 (2|)
3184 4311 3335 4375 ὄντος
3367 4313 3446 4374 εἰς
3472 4309 3740 4381 ἡδύτητα,

2160 4410 2301 4464 οὕτω
2328 4406 2584 4479 γυναικὸς
2617 4402 2818 4475 θεωρία
2844 4404 2937 4457 καὶ
2963 4401 3145 4474 ὁμιλία
3174 4402 3403 4474 καρδίαν
3427 4403 3742 4473 σπαράσσει

483 4506 751 4563 dilacerat
775 4502 898 4568 viri,
927 4499 1020 4570 qui
1050 4512 1110 4555 se
1128 4495 1320 4552 virtuti
1353 4495 1604 4549 addicere
1630 4501 1893 4563 coeperat.
1919 4490 2053 4545 Nam

2187 4504 2253 4555 '0'3
2288 4501 2421 4573 πρὸς
2447 4497 2644 4571 ἀρετὴν
2674 4496 2864 4550 ἑαυτὸν
2888 4495 3133 4558 ἐκδόντος
3166 4495 3259 4548 καὶ
3293 4493 3463 4566 ἀρχὴν
3494 4492 3739 4565 ἔχοντος.

483 4613 608 4671 qua
633 4594 826 4652 incidit
851 4593 905 4648 in
939 4606 1037 4648 cor
1058 4588 1375 4651 commotio,
1406 4586 1648 4662 nequitia
1681 4594 1794 4653 est;
1825 4599 1930 4654 qua
1961 4584 2052 4654 qui

2187 4592 2235 4645 Γὸ
2256 4590 2363 4662 γὰρ
2390 4591 2727 4660 προσπίπτον
2753 4589 2820 4658 τῇ
2850 4585 3045 4656 καρδίᾳ
3072 4583 3263 4650 πάθος,
3293 4586 3327 4655 ἡ
3353 4584 3519 4637 κακία
3544 4583 3699 4637 ἐστίν
3721 4602 3738 4618 ·

483 4697 696 4756 carent,
757 4686 1015 4744 dicuntur
1066 4676 1564 4753 imperturbabiles.
1609 4705 1684 4719 --
1730 4675 1931 4731 Mceror
1976 4684 2059 4731 est

2187 4703 2224 4757 ,ς
2260 4684 2399 4738 κατὰ
2430 4682 2682 4754 στέρησιν
2720 4698 2869 4745 τινες
2911 4678 3139 4742 ἀπαθεῖς
3174 4675 3740 4748 ὀνομάζονται.-Λύ-

488 4785 696 4841 cadhca
747 4781 966 4837 caducae
1008 4774 1304 4846 voluptatis
1358 4772 1590 4844 privatio
1644 4790 1660 4826 :
1701 4770 1796 4826 sed
1839 4769 1927 4825 ille
1976 4776 2061 4823 est

480 4872 772 4936 laudabilis
823 4884 1059 4934 maeror,
1108 4868 1200 4936 qui
1261 4866 1332 4923 ob
1386 4864 1748 4936 privationem
1796 4862 2056 4917 virtutum

479 4970 834 5037 scientiaque
862 4964 960 5021 Dei
993 4960 1278 5030 contingit.

552 5061 674 5102 ¹⁸-¹⁹
704 5060 909 5115 Panem
960 5055 1061 5110 hoc
1093 5055 1218 5108 luco‘
1240 5050 1469 5108 solidam
1521 5048 1899 5105 mandatorum
1959 5044 2055 5100 Dci

478 5167 662 5210 escam
712 5150 909 5207 animae
932 5147 1087 5204 dicit.
1122 5144 1292 5200 Potus
1314 5156 1443 5199 vero
1486 5140 1730 5197 divinam
1764 5138 2050 5196 scientiam

481 5245 772 5317 significat.
807 5242 1085 5301 Carbones
1109 5237 1250 5300 ignis
1278 5233 1516 5305 appellat
1564 5231 1898 5288 sacrosancti
1930 5228 2053 5297 Spi-

480 5341 624 5395 ritus
656 5337 982 5406 dona,-qua:
1026 5330 1319 5387 amburunt
1370 5337 1712 5397 purgantque
1768 5324 2049 5380 hominum

482 5430 638 5485 vitia.
671 5427 880 5482 Etenim
913 5426 1083 5499 ignito
1109 5421 1349 5479 carbone
1380 5419 1558 5490 tetigit
1586 5417 1877 5487 aliquando
1904 5430 2051 5471 sera-

477 5523 679 5596 phinus
707 5519 860 5575 Isaia:
891 5519 1030 5574 labia
1061 5533 1074 5571 :
1106 5515 1200 5588 qui
1230 5510 1811 5586 purificatushcunctis
1834 5516 2045 5579 postea,

550 5644 572 5677 ⁹
601 5634 665 5698 v.
703 5639 790 5696 10.

473 5715 523 5746 ’⁷
545 5729 600 5770 v.
624 5712 715 5768 20.
793 5712 908 5752 ¹⁸-¹⁹
937 5725 984 5763 v.
1014 5709 1105 5762 21.

542 5804 660 5876 (21)
686 5803 725 5859 Ι.
760 5818 831 5861 m.
876 5798 1166 5877 βρώμασιν.

907 5640 951 5671 ¹⁰
983 5637 1133 5694 Ioan.
1176 5653 1295 5705 vm,
1329 5636 1418 5694 51.
1505 5636 1547 5668 ¹¹
1577 5649 1626 5690 v.
1671 5633 1758 5689 11.
1842 5632 1959 5686 “v.
2004 5630 2089 5687 15.

2156 4794 2231 4847 πη
2263 4774 2380 4828 ἐστὶ
2405 4773 2617 4845 φθαρτὴ
2644 4772 2898 4844 στέρησις
2931 4770 3176 4842 φθαρτῆς
3222 4770 3413 4841 ἡδονῆς
3437 4787 3450 4801 ·
3493 4768 3636 4842 λύπη
3674 4769 3739 4824 δέ

2157 4868 2304 4920 ἐστιν
2328 4864 2584 4937 ἐπαινετὴ
2609 4865 2862 4937 στέρησις
2896 4862 3106 4935 ἀρετῶν
3138 4864 3233 4916 καὶ
3268 4860 3519 4932 γνώσεως
3544 4860 3708 4917 Θεοῦ.

2232 5051 2425 5122 Ἀρτον
2451 5046 2682 5102 ἐνταῦθα
2713 5046 2810 5119 τὴν
2851 5045 3078 5121 στερεὰν
3118 5045 3225 5099 τῶν
3247 5042 3475 5098 ἐντολῶν
3500 5044 3600 5115 τῆς
3621 5044 3739 5115 ψυ-

2159 5142 2262 5214 χῆς
2289 5142 2494 5215 τροφήν
2524 5155 2685 5211 φησι’
2718 5139 2867 5210 πόμα
2899 5138 2984 5203 δὲ,
3019 5138 3118 5207 τὴν
3146 5137 3293 5191 θείαν
3326 5137 3521 5206 γνῶσιν
3543 5135 3738 5208 δηλοίο

2161 5235 2437 5307 ἄνθρακας
2492 5231 2551 5285 δὲ
2603 5230 2775 5302 πυρὸς
2825 5231 2924 5295 τὰς
2975 5231 3069 5283 τοῦ
3104 5229 3368 5297 παναγίου
3408 5227 3740 5298 Πνεύματος

2155 5324 2392 5396 δωρεὰς,
2436 5321 2536 5384 τὰς
2577 5319 2939 5390 φλογιζούσας
2978 5319 3072 5373 καὶ
3108 5316 3471 5388 καθαιρούσας
3496 5316 3595 5380 τὰς
3619 5317 3741 5371 τῶν

2156 5412 2456 5487 ἀνθρώπων
2486 5409 2734 5483 ῥυτίδας·
2771 5409 3003 5482 ἄνθρακι
3031 5408 3139 5480 γὰρ
3165 5405 3335 5478 πυρὸς
3357 5404 3467 5459 τῶν
3503 5406 3737 5459 Ἡσαΐου

2159 5507 2426 5578 σεραφεὶμ
2462 5502 2601 5573 θίγει
2634 5500 2856 5573 χειλέων
2875 5499 3003 5555 ποτέ
3037 5515 3053 5530 ο
3081 5500 3109 5552 ὁ
3126 5497 3183 5553 δὲ
3200 5495 3609 5571 καθηράμενος,
3638 5499 3741 5551 Δι-

2189 5629 2231 5662 "
2260 5645 2306 5685 v.
2343 5628 2431 5685 14.
2514 5625 2559 5661 ιδ
2589 5644 2637 5682 v.
2661 5625 2749 5683 15.
2845 5624 2887 5656 ¹⁵
2916 5621 3063 5680 Psal.
3090 5635 3276 5707 {nm
3301 5618 3387 5676 1ο.
3478 5617 3526 5651 ι’
3548 5632 3604 5674 v.
3639 5617 3743 5676 19.
