3942 6318
193 332 298 388 237

1370 337 1733 395 EXPOSITIO
1760 339 1825 393 IN
1855 340 2246 399 PROVERDIA

3343 360 3447 416 358

194 443 506 516 καιοσύνην
540 447 770 519 μάθετε,
804 452 958 503 πᾶσιν
997 451 1305 522 ἐκραύγαζε
1328 473 1341 485 ο
1374 455 1462 509 διὰ
1510 456 1618 527 γὰρ
1663 455 1773 510 ταύ·

1894 457 2097 513 Discite
2118 470 2408 528 jllsllllam,
2448 462 2733 521 clamabat.
2777 470 2889 525 Hac
2918 472 3097 540 itaque
3132 472 3253 527 vitat
3293 474 3449 529 boui-

194 552 292 604 της
331 536 447 606 τῆς
476 542 844 612 χρηστότητος
886 543 974 595 καὶ
1000 544 1248 610 εὐποιίας
1289 547 1596 621 καθαρίζων
1621 552 1773 604 αὐτοί

1888 558 2000 605 tate
2032 565 2097 605 ac
2146 554 2470 609 rectitudine
2513 572 2746 627 purgans
2793 573 3023 618 mentem
3060 574 3225 630 tuam,
3261 566 3447 637 igneas

192 626 252 678 τὸ
298 628 686 698 ἡγεμονικὸν,
728 632 823 694 τὰς
864 635 1169 705 πυρφόρους
1216 638 1444 710 χάριτας
1489 642 1583 694 τοῦ
1630 645 1784 712 ἁγίου

192 717 534 787 Πνεύματος
559 722 803 794 ποιήσεις
822 725 982 778 αὐτὸν
1008 726 1317 798 βιασθῆναι,
1344 731 1405 783 οὐ
1435 733 1593 802 μόνον
1620 751 1785 804 προσ-

187 807 494 874 λαϐέσθαι,
525 811 665 866 ἀλλὰ
697 815 789 867 καὶ
821 814 1067 888 ζηλωτήν
1113 836 1207 871 σου
1256 820 1416 875 αὐτὸν
1466 824 1675 896 ἐργάσῃ
1726 828 1784 880 ὲν

188 900 334 971 πάσῃ
362 903 715 978 ἀγαθοεργίᾳ
737 948 751 972 ,
776 907 852 972 ὡς
890 910 1151 982 προξένου
1184 929 1276 967 σου
1306 916 1587 984 γεγονότος
1615 919 1780 973 αὐτοῦ

188 992 242 1043 ὲν
268 994 411 1045 πᾶσι
440 995 525 1066 τῷ
548 998 668 1068 Θεῷ
697 1000 889 1068 φίλοις.

253 1084 361 1137 Τὸν
384 1086 645 1142 διάϐολον
675 1086 795 1144 εἷπε
842 1093 1135 1164 πρόσωπον
1180 1096 1392 1162 ἀναιδὲς
1415 1140 1429 1164 ,
1468 1101 1778 1173 ἐρεθίζοντα

1887 642 2058 696 sancti
2087 641 2321 710 Spiritus
2368 647 2573 713 gratias
2602 664 2763 721 coges
2802 668 2919 708 eam
2950 671 3056 711 non
3087 657 3260 712 solum
3304 662 3439 713 reci.

1886 745 2037 802 pere,
2069 734 2162 788 sed
2195 736 2500 791 studiosum
2543 739 2619 792 tui
2652 744 2900 798 eumdem
2931 746 3191 816 Spiritum
3244 749 3444 805 etlicies

1885 820 1952 873 ad
1980 835 2139 877 omne
2174 823 2419 880 beneficii
2468 842 2677 897 genus:
2723 834 2920 902 quippe
2945 838 3033 905 qui
3083 840 3263 895 omnia
3324 858 3444 910 quae

1885 921 2012 966 sunt
2040 911 2149 969 Deo
2185 916 2381 983 placita
2412 920 2507 975 tibi
2538 923 2868 993 impertitur.

1953 1100 1998 1132 ²⁰
2030 1100 2312 1158 Diabolum
2369 1104 2508 1161 dixit
2560 1107 2751 1163 faciem
2801 1108 3201 1181 impudentem,
3250 1116 3443 1188 quippe

183 1176 277 1246 τὴν
316 1177 519 1253 ψυχὴν
558 1184 695 1254 πρὸς
745 1186 978 1251 κακίαν,
1018 1189 1110 1240 καὶ
1134 1190 1437 1261 ἐγείροντα,
1468 1195 1543 1259 ὡς
1578 1195 1773 1267 βορρᾶς

1885 1190 1970 1261 qui
1999 1194 2238 1249 animam
2271 1195 2338 1250 ad
2387 1198 2583 1253 vitium
2638 1199 2838 1265 irritat,
2890 1204 3237 1274 excitatque,
3279 1209 3442 1263 veluti

186 1268 345 1340 νέφη,
375 1271 687 1344 λογισμοὺς
719 1279 785 1347 τῇ
827 1276 971 1348 ψυχῇ
1000 1284 1297 1353 πονηρούς·
1325 1287 1595 1357 πανταχοῦ
1641 1289 1697 1341 δὲ
1750 1292 1773 1341 ό

1885 1283 2049 1338 nubes
2100 1286 2467 1355 aquilonares,
2499 1305 2697 1358 pravas
2740 1292 2794 1345 in
2845 1294 3026 1349 anima
3055 1298 3440 1365 cogitationes.

186 1362 447 1434 3010;1an
478 1366 730 1435 γλῶσσαν
754 1369 844 1422 τὸν
871 1369 995 1423 νοῦν
1020 1371 1199 1441 λέγει·
1233 1374 1391 1428 τοῦτο
1410 1373 1502 1431 οῦν
1523 1379 1581 1432 τὸ
1612 1382 1776 1453 πρόσ-

183 1474 331 1509 ωπον
358 1459 637 1514 αἰδεῖσθαι
668 1465 725 1515 ἐν
750 1461 929 1535 κρίσει
963 1466 1023 1519 οὐ
1049 1466 1230 1522 καλόν.

266 1550 553 1606 Ἐνταῦθα
594 1548 687 1608 οὖν
740 1556 926 1608 πίπτει
971 1556 1176 1621 δίκαιος
1230 1558 1353 1623 νοῦς
1411 1561 1637 1616 ἐνώπιον
1684 1565 1775 1617 τοῦ

184 1640 434 1707 Σατανᾶ,
467 1645 725 1717 λογισμὸν
748 1649 1071 1719 ἀκάθαρτον,
1105 1650 1138 1721 ἢ
1168 1650 1358 1719 ψευδὲς
1385 1652 1562 1725 δόγμα
1594 1656 1778 1709 ὑποδε-

182 1734 459 1806 ξάμενος·
492 1739 592 1811 τὴν
618 1740 676 1793 δὲ
708 1742 890 1813 πηγὴν
914 1742 1012 1812 τῆς
1051 1744 1243 1813 σοφίας
1268 1745 1500 1816 φράσσοι
1530 1766 1613 1814 τις
1642 1751 1776 1804 ἀπο-

1884 1372 2089 1444 Ubique
2125 1392 2254 1432 vero
2274 1379 2530 1435 Salomon
2560 1372 2799 1451 lingu-am
2821 1400 2920 1454 pro
2947 1396 3126 1441 mente
3158 1388 3309 1448 dicit.
3338 1389 3447 1444 Hu-

1874 1466 2168 1535 iuscemodi
2194 1486 2321 1542 ergo
2347 1473 2544 1528 faciem
2573 1476 2623 1528 in
2644 1476 2851 1545 judicio
2875 1479 3109 1533 revereri
3134 1495 3241 1535 non
3267 1482 3442 1540 decet.

1948 1561 1990 1591 ’ί
2023 1560 2121 1614 Hic
2161 1576 2288 1631 ergo
2330 1564 2517 1622 licitur
2545 1580 2697 1621 mens
2732 1566 2874 1634 iusta
2906 1569 3101 1625 cadere
3124 1586 3307 1627 coram
3340 1572 3443 1627 Sa-

1879 1660 2027 1717 tana,
2054 1653 2180 1706 dum
2208 1654 2470 1723 impuram
2493 1659 2895 1728 cogitationem,
2921 1672 3015 1717 aut
3034 1663 3224 1720 falsum
3249 1666 3443 1738 dogma

1878 1745 2123 1815 suscipit.
2153 1744 2379 1803 Fontem
2413 1751 2692 1819 sapientiae
2729 1753 2774 1807 is
2800 1756 3036 1810 obstruit
3077 1758 3169 1827 qui
3195 1760 3312 1829 ejus
3340 1776 3438 1816 no-

183 1830 569 1901 στρεφόμενος
603 1832 702 1902 τὴν
726 1831 929 1902 γνῶσιν
952 1834 1138 1906 αὐτῆς,
1165 1836 1260 1889 καὶ
1286 1837 1382 1908 τὴν
1427 1839 1654 1907 διέξοδον
1681 1844 1773 1914 τῆς

1885 1835 2053 1890 titiam
2099 1839 2324 1907 respuit,
2360 1850 2416 1894 et
2464 1839 2666 1894 ﬂuxum
2723 1844 2967 1900 scientia:
3026 1826 3117 1902 Dei
3176 1826 3439 1905 sordidat.

181 1918 455 1986 γνώσεως
467 1921 562 1975 τοῦ
579 1922 714 1976 Θεοῦ
741 1924 1072 1996 ὰπορῤυπῶν
1085 1926 1151 1979 τὰ
1170 1926 1280 1999 (92)
1300 1944 1313 1957 ’
1330 1928 1385 1981 δὲ
1410 1932 1654 2003 νοήματα
1686 1935 1777 1987 τοῦ

182 2006 281 2060 νοῦ
310 2050 328 2073 ,
368 2010 441 2063 τὰ
490 2010 588 2081 μὲν
617 2010 883 2082 πτώματα
908 2013 1186 2083 λέγονται,
1215 2015 1281 2069 τὰ
1315 2016 1371 2070 δὲ
1399 2018 1644 2090 ὲγέρσεις
1664 2060 1677 2085 ,
1711 2020 1779 2074 τὰ

180 2098 242 2151 δὲ
285 2099 540 2171 καθέδρα
558 2142 572 2165 ,
596 2101 664 2154 τὰ
689 2101 745 2155 δὲ
776 2103 991 2170 στάσις,
1018 2107 1110 2159 καὶ
1141 2106 1274 2161 ἄλλα
1316 2110 1614 2182 περίπατος
1633 2153 1647 2177 ,
1687 2114 1779 2166 καί

181 2207 325 2244 τινα
380 2191 555 2267 αὐτῶν
606 2195 1005 2266 προσκόμματα
1066 2198 1423 2270 ὀνομάζεται,
1478 2204 1571 2257 καὶ
1646 2203 1779 2258 ἄλλα

188 2283 427 2355 σκληρὰ
455 2285 545 2338 καὶ
575 2287 812 2357 μαλακὰ,
838 2289 931 2341 καὶ
944 2289 1126 2360 ,εὐώδη
1157 2293 1250 2345 καὶ
1276 2292 1505 2367 δυσώδη,
1535 2297 1627 2369 καὶ
1654 2296 1778 2366 γλυ-

188 2377 331 2427 κεῖα
357 2376 446 2429 καὶ
481 2378 670 2449 πικρὰ,
699 2379 791 2431 καὶ
817 2379 933 2433 λεῖα
966 2381 1060 2433 καὶ
1095 2383 1229 2456 ὀρθὰ
1249 2424 1262 2448 ,
1295 2386 1388 2439 καὶ
1424 2386 1645 2457 σχολιά’
1682 2392 1776 2443 καὶ

187 2463 399 2529 πάλιν,
424 2465 494 2519 τά
524 2468 621 2538 μὲν
652 2467 814 2522 αὐτοῦ
843 2469 1086 2526 καλεῖται
1124 2473 1354 2528 ἄκανθαι
1391 2476 1483 2529 καὶ
1518 2478 1770 2547 τρίϐολοι,

192 2554 263 2609 τὰ.
305 2555 365 2609 δὲ
409 2558 524 2627 φῶς
553 2560 646 2613 καὶ
670 2561 892 2625 σκότος.
922 2565 1013 2617 καὶ
1043 2564 1155 2637 ζωὴ
1187 2568 1279 2622 καὶ
1307 2567 1561 2633 θάνατος·
1591 2571 1659 2624 τὰ
1693 2572 1770 2638 δὲ,

192 2649 353 2714 νόσος
385 2652 480 2704 καὶ
512 2652 708 2720 ὑγίεια,
750 2656 842 2709 καὶ⁸
871 2655 1000 2710 ἄλλο
1058 2658 1219 2713 πάλιν
1262 2660 1580 2732 ὀνομάζεται
1639 2664 1769 2734 ψεῦ-

191 2740 408 2805 δοςκαὶ
457 2743 714 2815 ἀλήθεια,
764 2748 1060 2803 καὶπολλὰ
1108 2750 1271 2823 ἕτερα
1318 2753 1557 2824 ὀνόματα
1596 2755 1775 2828 τίθησι

193 2833 417 2906 Γραφὴ,
446 2837 588 2890 κατά
614 2855 673 2891 τε
692 2839 789 2909 τῆς
816 2839 993 2912 ψυχῆς
1025 2843 1119 2896 καὶ
1146 2844 1255 2898 τῶν
1273 2847 1556 2917 νοημάτων
1580 2848 1770 2919 αὐτῆς.

194 2926 389 2995 ὐλίγα
437 2928 493 2982 δὲ
527 2931 592 2983 ὲκ
629 2930 836 2986 πολλῶν
872 2934 1018 2987 ἐστιν
1057 2936 1261 2989 εἰπεῖν’
1301 2935 1416 2991 ἔστι
1470 2939 1527 2991 δὲ
1564 2939 1767 2995 ταῦτα·

194 3018 329 3071 νοῦν
348 3059 363 3083 ,
385 3018 562 3091 ψυχὴν
587 3060 601 3085 ,
635 3021 859 3093 καρδίαν
875 3064 889 3088 ,
920 3023 1204 3096 ἄνθρωπον
1222 3065 1237 3090 ,
1277 3026 1442 3098 ἄνδρα
1461 3069 1475 3093 ,
1517 3033 1770 3097 γυναῖκα,

195 3108 388 3165 δοῦλον
406 3152 420 3176 ,
450 3112 667 3185 οἰκέτην
687 3154 701 3178 ,
731 3113 941 3186 πατέρα
967 3155 981 3180 ,
1013 3116 1128 3169 υἱὸν
1148 3156 1163 3180 ,
1190 3115 1436 3187 πνεῦμα,
1472 3118 1769 3190 ὀφθαλμὸν,

199 3202 402 3273 στόμα,
436 3203 609 3275 χείλη,
643 3204 925 3273 γλῶσσαν,
956 3206 1201 3279 λάρυγγα
1222 3246 1237 3273 ,
1277 3209 1516 3276 κοιλίαν,
1551 3212 1771 3276 κόλπον,

201 3292 488 3367 βραχίονα,
544 3296 829 3363 δάκτυλον,
886 3300 1171 3372 μυκτῆρα,
1218 3302 1520 3373 πρόϐατον,
1567 3304 1770 3375 ἔριφον,

202 3389 460 3459 ποιμένα,
492 3379 586 3445 καῖ
609 3391 741 3445 ἄλλα
768 3392 987 3448 πλείονα
1019 3395 1259 3466 ὀνόματα
1284 3398 1381 3468 τῆς
1400 3396 1580 3469 ψυχῆς
1600 3440 1613 3464 ,
1646 3399 1683 3453 ἃ
1710 3402 1771 3454 οὐ

201 3478 425 3535 δυνατὸν
447 3481 543 3535 νῦν
568 3483 907 3555 παραθέσθαι
927 3488 1044 3539 κατ’
1070 3483 1227 3550 εἶδος.

274 3573 476 3645 Βουλὴν
507 3570 657 3629 εἶπεν
699 3577 931 3632 ἐνταῦθα
968 3578 1065 3650 τὴν
1094 3580 1187 3632 ὲπὶ
1237 3581 1296 3631 τὸ
1320 3583 1560 3652 κρεῖττον
1602 3582 1772 3651 ῥοπὴν

203 3664 303 3735 τῆς
326 3666 579 3736 καρδίας’
617 3669 743 3721 ὃταν
768 3685 849 3732 τις
894 3670 992 3722 οὐκ
1040 3670 1465 3741 ἐπικαλούμενος
1506 3672 1601 3742 τὴν
1647 3672 1771 3743 βοή-

210 3757 354 3813 θειαν
382 3759 475 3812 τοῦ
504 3759 638 3813 Θεοῦ
666 3763 722 3814 ὲν
747 3760 945 3831 ἐαυτῷ,
980 3763 1059 3824 είς
1089 3760 1280 3832 βουλὴν
1314 3762 1512 3834 ποιήσῃ
1542 3781 1595 3816 τι
1638 3765 1771 3832 ἀγα-

216 3849 297 3903 θὸν
326 3850 464 3921 μετὰ
495 3852 739 3921 σκέψεως
762 3893 777 3917 ,
810 3852 944 3906 ἀλλὰ
972 3852 1217 3917 αὐθαδῶς
1261 3853 1354 3907 καὶ
1387 3854 1773 3926 ἀλαζονευόμε-

216 3961 292 4007 νος
321 3944 551 4016 ἄρξηται
576 3964 588 3975 '
621 3946 681 3999 οὐ
698 3946 1078 4018 τελεσθήσεται
1113 3946 1189 4009 δὲ,
1222 3945 1355 3998 ἀλλὰ
1385 3947 1772 4018 συμπτωθήσε-

212 4042 295 4091 ’ται
322 4039 350 4091 ὃ
377 4040 665 4111 ἐπιχειρεῖ,
696 4040 779 4092 ὃτι
806 4039 868 4091 οὐ
902 4037 1293 4109 περιετείχισεν
1326 4038 1516 4092 ἑαυτὸν
1548 4041 1614 4110 τῇ
1646 4039 1770 4109 βοη-

218 4130 323 4204 θείᾳ
345 4132 439 4186 τοῦ
471 4132 605 4186 Θεοῦ
641 4134 721 4196 είς
750 4130 963 4202 βουλήν.

1800 3165 1841 3222 C

1879 1926 1998 1983 lam
2047 1930 2243 1984 mentis
2300 1931 2675 2011 cogitationes,
2727 1937 2887 1991 modo
2931 1937 3110 2007 lapsus
3163 1941 3438 2007 dicuntur,

1881 2020 2040 2074 modo
2076 2023 2458 2087 surrectiones,
2492 2025 2649 2079 modo
2678 2027 2855 2093 sedes,
2889 2029 3045 2083 modo
3076 2040 3270 2098 status,
3319 2032 3439 2086 alia:

1880 2109 2194 2176 ambulatio,
2228 2111 2344 2165 alim
2370 2111 2690 2168 offendicula
2725 2117 3065 2185 vocitantur;
3123 2121 3242 2175 alia:
3267 2121 3438 2187 durar,

1878 2198 1996 2254 alia:
2052 2201 2257 2267 molles,
2310 2210 2364 2257 et
2398 2202 2685 2260 odoriferae
2731 2215 2786 2259 et
2836 2218 3107 2276 putentes,
3156 2221 3209 2266 e‘
3258 2213 3442 2269 dulces

1879 2301 2041 2360 atque
2069 2307 2289 2359 amarae,
2322 2305 2374 2348 et
2408 2295 2579 2364 planae
2622 2306 2783 2367 atque
2809 2309 3007 2354 erectae
3047 2312 3101 2356 et
3130 2302 3438 2360 salebrosa.

1877 2382 1945 2437 Et
1977 2384 2210 2452 insuper.
2270 2383 2376 2438 Res
2408 2385 2647 2454 ejusdem
2680 2387 2921 2458 (mentis)
2960 2392 3151 2460 partim
3186 2405 3445 2450 vocantur

1876 2476 2041 2543 spinae
2076 2491 2138 2529 ac
2168 2476 2370 2539 tribuli,
2420 2494 2627 2533 necnon
2674 2479 2784 2548 lux,
2822 2482 3073 2549 tenebrae,
3115 2483 3248 2549 vita,
3276 2502 3441 2540 mors.

1873 2569 2009 2623 Alite
2039 2570 2285 2635 morbus,
2310 2570 2536 2625 sanitas.
2561 2572 2695 2625 Alia:
2724 2583 2984 2640 praeterea
3020 2576 3274 2631 dicuntur
3298 2594 3445 2632 men-

1874 2660 2109 2726 dacium,
2134 2662 2335 2717 veritas
2369 2679 2384 2716 :
2409 2672 2463 2716 et
2490 2662 2640 2732 plura
2664 2664 2767 2717 alia
2797 2665 3014 2720 nomina
3044 2667 3274 2738 imponit
3298 2670 3445 2726 Scri-

1872 2760 2031 2821 ptura
2082 2752 2278 2807 animae
2329 2753 2493 2807 rebus
2542 2762 2598 2808 et
2647 2754 3072 2823 cogitationibus
3128 2757 3260 2826 ejus.
3332 2759 3439 2815 Sed

1873 2857 2043 2912 pauca
2070 2857 2101 2899 e
2134 2843 2320 2899 multis
2348 2844 2529 2900 dicere
2559 2844 2766 2915 placet;
2802 2860 2995 2916 nempe
3029 2858 3284 2915 mentem,
3318 2853 3441 2907 ani-

1872 2950 2039 3001 mam,
2083 2950 2197 3003 cor,
2244 2936 2541 3001 hominem,
2585 2940 2782 3005 virum,
2844 2940 3149 3009 mulierem,
3192 2958 3434 3011 servum,

1874 3027 2249 3097 domesticum,
2290 3037 2523 3098 patrem,
2553 3028 2742 3096 ﬁlium,
2773 3032 3045 3101 spiritum,
3077 3034 3313 3099 oculum,
3348 3053 3434 3103 os,

1874 3119 2038 3185 labia,
2071 3120 2327 3191 linguam,
2358 3130 2565 3191 guttur,
2599 3133 2868 3190 ventrem,
2899 3125 3100 3190 sinum,
3128 3128 3430 3192 brachium,

1876 3210 2118 3279 digitum,
2143 3226 2323 3275 nares,
2352 3211 2576 3281 lignum,
2604 3228 2780 3278 ovem,
2812 3215 3042 3282 haedum,
3064 3226 3356 3286 pastorem,
3383 3232 3440 3277 et

1875 3306 1979 3361 alia
2014 3307 2163 3375 plura
2216 3309 2432 3362 nomina
2490 3312 2704 3377 animae,
2755 3327 2876 3381 qua:
2924 3330 3067 3369 nunc
3117 3316 3435 3386 singillatim

1874 3400 2099 3469 proferri
2126 3412 2418 3471 nequeunt.

1945 3581 2071 3621 ”-¹³
2093 3581 2392 3637 Consilium
2427 3600 2571 3639 nunc
2602 3584 2922 3638 dicitcordis
2958 3586 3025 3639 ad
3044 3587 3295 3640 virtutem
3320 3604 3437 3644 mo-

1882 3681 2012 3724 tum.
2045 3672 2177 3726 Cum
2209 3673 2403 3740 aliquis
2434 3675 2523 3727 Dei
2555 3673 2816 3726 auxilium
2847 3675 2945 3729 sibi
2980 3689 3085 3728 non
3113 3676 3439 3734 invocaverit

1876 3763 2026 3830 quasi
2053 3764 2119 3817 ad
2151 3764 2460 3831 consilium,
2493 3775 2553 3818 ut
2595 3764 2719 3818 boni
2755 3765 2953 3835 aliquid
2983 3768 3320 3825 considerate
3367 3771 3442 3825 fa-

1869 3856 2009 3920 ciat;
2059 3855 2153 3910 sed
2198 3856 2454 3909 audacter
2480 3866 2642 3925 atque
2679 3858 2908 3924 superbe
2954 3859 3164 3914 initium
3194 3863 3268 3917 rei
3299 3863 3439 3919 fece-

1872 3950 1969 4012 rit;
2007 3950 2072 4003 ad
2103 3949 2304 4004 exitum
2334 3964 2436 4003 non
2467 3950 2716 4014 deducet,
2750 3953 2843 4005 sed
2873 3966 2992 4006 cum
3023 3968 3081 4008 re
3113 3969 3210 4010 sua
3250 3972 3436 4012 susce-

1867 4051 1958 4112 pta
1990 4049 2246 4096 corruet:
2296 4042 2419 4111 quia
2453 4057 2556 4097 non
2592 4057 2650 4097 se
2697 4046 3053 4101 communivit
3095 4046 3185 4103 Dei
3234 4051 3435 4106 auxilio

1868 4134 1935 4186 ad
1966 4132 2267 4188 consilium.

1658 4226 1808 4282 CAP.
1848 4228 2032 4285 XXVI.

277 4325 468 4379 Ἵππον
497 4323 732 4378 ἐνταῦθά
768 4340 899 4395 φησι
946 4325 1036 4377 τὸν
1069 4326 1232 4394 ταχὺν
1282 4326 1360 4386 εἰς
1407 4323 1638 4393 μάθησιν
1679 4338 1766 4375 σο-

216 4419 363 4487 φίας,
395 4418 494 4472 καὶ
520 4416 861 4487 δικαιοσύνης
903 4416 1145 4469 δεκτικὸν
1190 4415 1469 4487 ἄνθρωπον
1490 4431 1503 4445 ο
1531 4414 1596 4467 δι’
1626 4415 1763 4469 αἰνι-

1943 4327 1991 4360 ﬁ
2016 4328 2223 4398 Equum
2264 4341 2406 4379 nunc
2437 4325 2568 4380 dicit
2612 4327 2844 4381 celerem
2894 4328 2959 4381 ad
2996 4329 3273 4397 sapientia:
3310 4346 3430 4399 per-

1871 4418 2195 4489 ceptionem,
2221 4416 2517 4484 etjustitia:
2545 4430 2797 4482 capacem
2831 4418 3121 4472 hominem.
3156 4418 3434 4490 Ainigma-

216 4511 424 4580 γμάτων
456 4510 513 4563 δὲ
540 4508 816 4580 {Laniger
843 4507 948 4578 ὄνῳ
979 4507 1034 4560 δὲ
1068 4508 1287 4578 κέντρον
1311 4522 1323 4536 ⁸
1356 4508 1445 4559 τὸν
1482 4505 1676 4577 βραδὺν
1706 4505 1763 4558 ἐν

1885 4511 2014 4564 tibus
2045 4519 2224 4562 autem
2258 4506 2487 4577 ﬂagellat
2518 4522 2532 4560 :
2575 4508 2726 4561 asino
2756 4508 3039 4571 stimulus;
3095 4512 3305 4565 tardum
3337 4513 3434 4566 du-

216 4604 406 4667 τούτοις
453 4605 566 4665 τοῖς
596 4602 773 4670 λόγοις
815 4600 1068 4671 σκληροῖς
1098 4600 1287 4669 κεντᾷν
1311 4639 1326 4661 ,
1369 4598 1529 4666 φόϐον
1570 4599 1763 4666 ἐμποι-

216 4695 391 4760 οῦντας
410 4713 423 4725 ο
457 4694 599 4748 ἔθνει
627 4694 681 4747 δὲ
702 4695 894 4765 ἄφρονι
932 4692 1108 4763 ῥάϐδῳ
1132 4692 1446 4755 τύπτεσθαι,
1473 4692 1597 4754 τοὺς
1617 4692 1766 4743 ἀναι-

1797 4643 1840 4696 D

1871 4602 1947 4656 ris
1978 4600 2155 4653 verbis
2176 4613 2496 4669 compunge,
2528 4599 2746 4655 incusso
2780 4599 2990 4653 timore.
3035 4601 3190 4656 Genti
3221 4618 3433 4659 vesana:

1868 4688 2031 4756 virgae
2057 4689 2478 4756 percussionem,
2515 4702 2614 4743 nec
2646 4704 2749 4743 non
2788 4690 3015 4758 stupidis
3058 4692 3274 4749 famulis
3304 4698 3431 4748 sub-

220 4787 429 4861 σθήτους
462 4786 733 4857 οἰκέταςῆ
788 4785 1128 4857 ὑποχειρίους
1173 4784 1437 4856 ὁρίζεται·
1486 4787 1520 4855 ἡ
1570 4783 1765 4855 ῥάϐδος

1885 4778 2101 4847 litisque
2142 4778 2401 4833 decernit.
2435 4777 2571 4831 Nam
2600 4778 2751 4850 virga
2794 4780 3090 4850 punitionis
3128 4784 3429 4854 symbolum

216 4879 307 4951 γὰρ
336 4876 606 4949 σύμϐολόν
639 4877 753 4930 ἐστι
778 4875 1068 4939 κολάσεως.

280 4968 370 5022 Ἐκ
399 4968 511 5022 τῶν
541 4966 851 5039 ποδῶν
886 4966 1073 5031 αὑτοῦ,
1106 4985 1158 5021 κ.
1196 4985 1247 5019 τ.
1273 4966 1322 5019 λ.
1342 4966 1511 5029 Πόδας
1535 4965 1766 5019 ἐνταῦθα

1868 4881 1971 4927 σει.

1940 4963 1986 4995 ’⁸
2017 4961 2092 5016 Ex
2115 4961 2342 5030 pedibus
2365 4961 2501 5027 suis,
2526 4969 2630 5016 etc.
2660 4961 2831 5020 Pedes
2853 4980 3001 5021 nunc
3026 4966 3158 5020 dicit
3182 4967 3426 5025 famulos.

216 5062 322 5126 τοὺς
351 5062 570 5125 οἰκέτας
595 5060 757 5133 φησίν
775 5073 790 5089 ·
820 5060 1016 5123 ὄνειδος
1053 5059 1111 5112 δὲ
1148 5059 1207 5124 ἐξ
1244 5059 1421 5112 αὐτῶν
1447 5061 1474 5112 ὁ
1503 5058 1765 5129 δεσπότης

1885 5052 2227 5122 Dpprobrium
2254 5052 2356 5106 sibi
2383 5053 2660 5119 conciliat,
2698 5054 2789 5125 qui
2831 5055 3052 5110 verbum
3081 5071 3179 5127 per
3208 5059 3427 5115 stultum

218 5152 373 5223 ἑαυτῷ
428 5154 695 5214 ποιεῖται,
749 5152 778 5203 ὁ
830 5150 1171 5203 ἀποστέλλων
1224 5149 1371 5218 λόγοε⁹
1429 5148 1491 5201 δι’
1538 5147 1767 5216 ἀγγέλου

1885 5144 2126 5197 uulttium
2174 5143 2360 5210 mittit,
2401 5145 2517 5199 sive
2563 5146 2801 5213 consilii,
2841 5147 2956 5202 sive
2987 5149 3283 5219 sapientiae,
3316 5153 3430 5207 sive

217 5246 450 5319 ἄφρονος,
480 5245 514 5314 ἣ
547 5244 764 5315 βουλῆς,
799 5243 832 5315 ἢ
871 5243 1060 5312 σοφίας
1083 5282 1096 5304 ,
1128 5242 1160 5316 ἦ
1193 5240 1492 5314 πρεσϐείας
1514 5239 1584 5311 ,ἦ
1626 5257 1766 5308 συμ-

1885 5235 2182 5306 legationis,
2232 5236 2344 5290 sive
2378 5236 2582 5292 bellicae
2630 5238 2928 5303 societatis,
2975 5241 3058 5295 vel
3114 5241 3427 5305 consolandi

221 5341 420 5411 μαχίας,
461 5339 495 5409 ἢ
525 5339 699 5407 λόγων
730 5334 1088 5407 συμπαθείας.
1131 5335 1188 5387 '0
1217 5333 1325 5406 γὰρ
1377 5333 1565 5405 ἄφρων
1601 5331 1767 5402 ἡττᾶ-

1885 5340 2057 5381 causa.
2103 5325 2239 5379 Nam
2283 5327 2500 5393 stultus,
2543 5326 2596 5381 in
2628 5329 2774 5383 omni
2817 5343 2878 5384 re
2904 5328 3222 5386 imbecillus.
3252 5331 3430 5400 Quare

218 5450 292 5487 ται
322 5434 380 5486 ἐν
406 5432 568 5486 παντί
588 5448 601 5461 '
630 5429 858 5499 καὶγὰρ
894 5430 922 5481 ὁ
956 5426 1157 5498 Κύριος
1191 5430 1249 5481 ὲν
1287 5424 1638 5494 Εὐαγγελίοις
1667 5439 1767 5494 φη-

1885 5428 1928 5473 :t
1952 5416 2274 5472 Dominusin
2293 5417 2594 5489 Evangeliis
2623 5420 2825 5473 εἰμι’-³⁷
2842 5437 2857 5475 :
2876 5418 2997 5475 Non
3024 5432 3223 5492 Oportet
3248 5436 3429 5475 sancta

222 5525 291 5579 σίν
311 5542 324 5557 ·
357 5526 439 5579 Οὐ
474 5522 569 5577 δεῖ
588 5521 711 5588 τοῖς
740 5518 883 5574 κυσὶ
908 5517 1134 5572 διδόναι
1160 5519 1230 5572 τὰ
1252 5517 1389 5587 ἅγια
1407 5558 1421 5582 ,
1448 5515 1592 5571 οὐδὲ
1616 5514 1770 5579 ,βάλ-

1885 5511 2001 5564 dare
2022 5509 2258 5577 canibus,
2280 5526 2438 5581 neque
2458 5514 2779 5582 margaritas
2802 5522 2920 5567 ante
2949 5531 3132 5585 porcos
3149 5515 3426 5585 projicere.

224 5618 335 5671 latr
351 5615 490 5682 τοὺς
508 5614 873 5684 μαργαρίτας
901 5612 1238 5682 ἔμπροσθεν
1269 5607 1387 5662 τῶν
1417 5606 1651 5677 χοίρων.

274 5739 323 5778 ³⁸
351 5754 403 5793 v.
433 5737 525 5794 26.
568 5738 613 5768 “
641 5751 694 5791 v.
720 5733 809 5788 26.
905 5734 1018 5775 ¹³-¹³
1073 5747 1121 5787 v.
1156 5730 1245 5788 ‘28.
1312 5731 1358 5764 “
1395 5746 1443 5789 ν,
1474 5729 1528 5784 5.
1596 5727 1640 5759 ²¹
1674 5740 1722 5780 v.
1756 5723 1773 5778 ί

1885 5722 2004 5764 ὐτ
2042 5720 2229 5775 Matth.
2254 5736 2350 5787 vn,
2380 5719 2431 5776 6.

242 5792 251 5801 ’
286 5832 384 5907 (ae)
417 5792 549 5890 Coa
592 5828 960 5901 ἀπορρίπτων.

1945 5816 2059 5889 (25)
2092 5814 2272 5870 Ποδῶν
2288 5814 2553 5888 ριόἑδῶν.
