3942 6318
216 380 309 436 ΞΗ

1398 377 1766 435 EXPOSITIO
1795 377 1864 434 IN
1890 376 2302 435 PROVERBIA.

3337 381 3443 436 242

279 493 419 557 Νοῦς
458 493 680 566 ἀπαθὴς
712 493 966 558 ποικίλοις
986 492 1265 567 τέρπεται,
1310 496 1474 569 σοφίᾳ
1512 498 1606 553 καὶ
1636 495 1766 566 γνὼ-

1945 496 1989 529 ”
2028 494 2179 551 Mens
2208 493 2592 565 cupiditatibus
2640 493 2808 550 libera
2837 495 3169 552 multimodis
3197 494 3438 551 delecta-

217 604 308 650 σει,
338 584 435 638 καὶ
464 583 740 657 ὑμνῳδίᾳο
775 583 895 650 νοῦς
918 584 973 638 δὲ
1000 586 1293 658 ἐμπαθὴς,
1314 589 1373 641 ἐν
1406 588 1649 660 ἀγνωσία
1680 587 1775 640 καὶ¹

214 676 367 747 κακίᾳ.
409 676 869 748 καταρρήγνυται,
911 679 1002 732 καὶ
1036 680 1115 744 εἰς
1162 679 1363 753 πτῶμα
1398 680 1614 755 ἔρχεται
1644 680 1771 733 δυσ-

217 769 346 822 ίατον
378 767 476 819 καὶ
510 765 671 839 μέγα.

273 858 419 922 Φίλος
446 860 603 930 ἡμῶν
642 857 737 913 καὶ
767 854 874 910 τῶν
906 851 1183 926 πρόπαλαι
1219 852 1491 924 πατέρων,
1530 856 1626 909 καὶ
1665 859 1774 912 τῶν

218 951 322 1023 μεθ’
356 952 524 1022 ἡμᾶς,
566 953 595 1004 ὁ
639 950 772 1014 Θεός
822 948 1000 999 ἐστιν’
1051 944 1213 1009 αὐτὸς
1259 944 1368 1017 γὰρ
1415 941 1598 1001 εἶπεν·
1645 949 1776 1020 Ἐμὲ

214 1042 590 1110 ἐγκατέλιπον
624 1037 827 1110 πηγὴν
873 1037 1091 1103 ὕδατος
1131 1034 1363 1102 ζῗυντος,
1398 1038 1497 1092 καὶ
1536 1038 1774 1109 ὤρυξαν

214 1132 431 1199 ἑαυτοῖς
483 1131 750 1199 λάκκους
798 1127 1361 1198 συντετριμμένους.
1393 1159 1463 1170 -
1513 1133 1773 1189 Ἐνταῦθα

214 1221 423 1291 ἀδελφὸς
451 1224 481 1276 6
513 1223 741 1295 Χριστός
786 1222 905 1275 ὲστι
945 1218 1087 1274 κατά
1126 1219 1315 1292 χάριν·
1356 1221 1435 1286 είς
1473 1221 1529 1274 δὲ
1572 1223 1661 1277 τὸν
1694 1219 1773 1277 οἷ-

215 1332 295 1369 κον
330 1315 423 1369 τοῦ
467 1315 696 1386 ἀδελφοῦ
750 1332 867 1379 σου,
908 1313 1035 1368 ἄνευ
1077 1312 1183 1366 τῶν
1228 1312 1473 1381 ἐντολῶν,
1520 1308 1594 1369 ῶν
1640 1318 1772 1389 ἡμῖν

212 1406 445 1473 δέδωκεν,
492 1409 573 1471 είς
623 1407 872 1475 ἐξουσίαν
925 1404 1021 1459 τοῦ
1061 1405 1321 1458 εἰσελθεῖν
1373 1407 1453 1469 είς
1496 1406 1586 1461 τὸν
1627 1404 1772 1463 οἶκον

211 1499 386 1566 αὑτοῦ,
423 1500 697 1554 τουτέστιν
726 1501 805 1563 είς
833 1498 931 1571 τὴν
957 1497 1065 1553 τῶν
1093 1498 1336 1569 οὐρανῶν
1375 1497 1665 1569 βασιλείαν,
1700 1501 1773 1574 μὴ

207 1590 440 1664 είσέλθῃς
456 1591 667 1662 ἀτυχῶν
681 1591 899 1644 τούτων’
922 1588 1156 1651 τοιοῦτος
1170 1588 1278 1661 γάρ
1292 1584 1358 1660 ἦν
1374 1589 1467 1642 καὶ
1485 1590 1511 1642 6
1524 1589 1774 1645 εἰσελθὼν

205 1684 281 1747 είς
311 1673 632 1755 τὸτ’γάμον,
683 1683 756 1756 μὴ
802 1682 940 1753 ἔχων
987 1680 1190 1751 ἔνδυμα
1236 1680 1448 1751 γάμου’
1503 1681 1674 1746 δεθεὶς
1719 1682 1775 1736 δὲ

200 1777 383 1847 χεῖρας
409 1775 505 1829 καὶ
542 1776 709 1839 πόδας
753 1772 1013 1845 ἐξεϐλήθη
1056 1772 1149 1827 τοῦ
1182 1772 1382 1843 γάμου.
1418 1804 1487 1812 —
1525 1774 1774 1843 Ἀδελφὸς

197 1867 226 1938 ἡ
237 1867 353 1938 μῶν
385 1867 620 1923 ἐνταῦθα
648 1869 676 1921 6
706 1868 812 1921 τῶν
844 1866 1089 1936 ἀγγέλων
1114 1865 1269 1937 χορός
1307 1866 1452 1918 ἐστι’
1487 1866 1627 1920 κατά
1665 1868 1773 1940 γὰρ

193 1958 292 2029 τὴν
335 1959 445 2013 τῶν
493 1959 741 2029 ἀγγέλων
781 1958 939 2025 φύσιν
987 1958 1091 2029 πρὸ
1127 1958 1226 2030 τῆς
1273 1958 1636 2029 παραῦἀσεως
1679 1960 1774 2014 καὶ

189 2050 458 2114 πτώσεως
490 2053 518 2104 ὁ
542 2049 788 2114 διάϐολος
818 2048 926 2103 τῶν
960 2050 1202 2119 ἀγγέλων
1226 2050 1320 2103 καὶ
1348 2051 1504 2123 ἡμῶν
1528 2051 1737 2123 ὑπῆρχε
1754 2068 1770 2083 ⁸

186 2144 353 2213 φίλος
395 2143 453 2196 δὲ
493 2142 651 2214 ἡμῶν
690 2143 835 2196 ἐστιν
867 2145 895 2196 6
923 2141 1083 2206 Θεός·
1133 2146 1383 2214 κρεῖσσον
1414 2143 1470 2197 δὲ
1501 2143 1578 2215 τῷ
1609 2147 1771 2214 ἐγγυ-

178 2236 338 2306 τέρῳ
377 2234 472 2287 καὶ
516 2232 749 2305 ἀληθινῷ
805 2232 923 2303 Θεῷ
970 2232 1124 2304 ἡμῶν
1158 2234 1249 2288 καὶ
1292 2234 1428 2306 φίλῳ
1470 2235 1637 2305 ἐγγὺς
1680 2237 1772 2290 καὶ

184 2322 598 2393 πλησιεστέρως
632 2324 817 2387 οίκεῖν,
843 2322 875 2393 ἢ
906 2320 986 2393 τῷ
1016 2321 1234 2394 μακρὰν
1261 2322 1354 2375 ἀπ’
1382 2322 1546 2377 αὐτοῦ
1583 2325 1771 2378 ἑαυτὸν

182 2417 484 2487 ποιήσαντι
536 2414 797 2486 διαϐόλῳ,
852 2413 928 2479 ὡς
981 2413 1192 2486 ἀδελφῷ
1245 2414 1525 2482 ὑπείκειν,
1574 2417 1654 2481 είς
1709 2417 1769 2471 τὸ

183 2506 583 2561 συναπολέσθαι
640 2506 807 2579 αύτῷ.
839 2538 906 2549 --
942 2507 1226 2579 Κρείσσων
1278 2508 1307 2561 ό
1367 2509 1767 2581 συναπτόμενός

187 2616 284 2668 μοι
319 2597 408 2651 διά
437 2598 537 2671 τῆς
573 2598 806 2671 ἀληθοῦς
840 2597 1114 2668 γνώσεως,
1146 2600 1285 2673 ὑπὲρ
1313 2600 1403 2656 τὸν
1431 2603 1771 2675 συναπτόμε-

182 2689 279 2743 νόν
309 2707 395 2761 μοι
429 2690 585 2760 μόνον
617 2690 704 2743 διά
730 2690 830 2761 τῆς
862 2690 1095 2761 φύσεως.

264 2781 363 2834 Τοῦ
398 2779 683 2853 ἀνθρώπου
721 2776 889 2847 οἶκος,
930 2782 964 2852 ἡ
994 2782 1192 2855 ἀρετή·
1224 2781 1320 2836 ὲάν
1354 2778 1446 2837 οὖν
1493 2784 1565 2855 μὴ
1602 2800 1766 2837 σπου-

186 2873 349 2937 δαίως
374 2872 579 2944 ταύτης
627 2874 970 2946 ἐπιμελῆται,
1015 2876 1073 2930 ὲν
1115 2875 1289 2948 καιρῷ
1322 2877 1642 2950 πειρασμῶν
1668 2878 1764 2932 ἐκ·

188 2983 377 3020 πιπτει
409 2965 594 3036 αὐτῆς.

261 3061 408 3132 Συκῆ
437 3061 670 3116 ἐνταῦθα
696 3064 732 3135 ἡ
765 3062 1075 3136 δικαιοσύνη
1117 3064 1150 3136 ή
1187 3062 1281 3118 τοῦ
1311 3064 1445 3118 Θεοῦ
1493 3068 1657 3129 ἐστιν,
1697 3067 1763 3139 ἣν

1879 595 1985 651 tur,
2026 584 2316 655 sapientia,
2355 592 2410 638 et
2441 583 2692 650 scientia,
2724 594 2886 655 atque
2917 586 3231 657 bymnodia.
3283 585 3438 641 Mens

1873 685 2064 733 contra
2094 674 2437 745 passiouihus
2465 675 2721 739 obnoxia,
2748 676 3040 747 ignorantia
3061 689 3115 732 et
3153 677 3438 747 iniquitate

1874 767 2255 840 proscinditur,
2272 767 2433 838 fitque
2446 783 2636 837 magna
2656 769 2807 822 ruina
2820 777 2868 825 et
2883 784 3034 839 poene
3048 768 3435 841 irreparabilis.

1943 861 1989 892 ιο
2019 858 2242 914 Amicus
2288 870 2472 914 noster
2501 869 2555 914 et
2608 860 2949 928 antiquorum
2980 869 3192 929 patrum
3241 872 3295 915 et
3341 877 3435 930 po-

1875 960 2143 1007 sterorum
2172 962 2505 1014 nostrorum,
2533 948 2679 1004 Deus
2699 960 2803 1004 est.
2830 948 2952 1018 Ipse
2978 954 3120 1003 enim
3151 951 3322 1005 dixit:
3350 950 3436 1004 Me

1872 1042 2257 1113 dereliquerunt
2287 1042 2481 1110 fontem
2510 1057 2660 1112 aquae
2684 1042 2918 1104 viventis,
2947 1049 2995 1095 et
3020 1042 3309 1110 effoderunt
3334 1042 3435 1095 sibi

1872 1133 2130 1188 cisternas
2160 1134 2444 1202 dissipatas
2470 1132 2536 1186 δι.
2563 1163 2634 1173 -
2658 1131 2772 1187 Ηοε
2816 1133 2934 1187 loco
2980 1130 3149 1186 frater
3192 1132 3437 1187 Christus

1870 1236 1954 1282 est
1971 1240 2067 1298 per
2094 1228 2342 1296 gratiam.
2397 1225 2503 1279 Sed
2552 1225 2606 1280 in
2640 1225 2857 1280 domum
2892 1224 3079 1278 fratris
3110 1222 3205 1287 tui,
3239 1224 3438 1292 absque

1872 1319 2156 1389 praeceptis
2189 1332 2309 1387 qua:
2356 1316 2505 1373 dedit
2543 1317 2720 1382 nobis,
2754 1326 2813 1370 ut
2865 1316 3018 1385 c0pia
3067 1324 3213 1369 esset
3255 1315 3436 1384 ingre-

1873 1409 2050 1464 diendi
2083 1409 2136 1463 in
2164 1409 2385 1464 domum
2415 1408 2550 1479 ejus,
2585 1410 2635 1464 id
2677 1418 2759 1465 est
2794 1409 2847 1464 in
2886 1409 3145 1463 cmlorum
3186 1422 3436 1477 regnum,

1875 1518 1942 1557 ne
1970 1502 2210 1557 introeas
2243 1503 2289 1557 si
2330 1502 2416 1557 bis
2451 1503 2668 1573 inquam
2718 1517 2923 1558 careas.
2976 1500 3110 1555 Nam
3145 1501 3265 1554 talis
3295 1510 3435 1565 erat,

1874 1594 1965 1663 qui
2006 1592 2070 1648 ad
2112 1594 2328 1664 nuptias
2357 1594 2568 1649 introiit
2606 1594 2808 1664 absque
2850 1606 3001 1649 veste
3041 1593 3288 1662 nuptiali,
3344 1592 3438 1661 qui

1876 1683 2059 1755 ligatis
2091 1686 2339 1741 manibus
2367 1701 2431 1741 ac
2457 1686 2682 1755 pedibus
2715 1690 2780 1742 de
2812 1687 2902 1741 illo
2934 1686 3052 1742 loco
3079 1685 3267 1755 pulsus
3311 1684 3433 1739 fuit.

1874 1804 1948 1819 —-
1974 1774 2089 1842 Vel,
2116 1777 2286 1831 frater
2308 1787 2488 1834 uoster
2511 1779 2612 1834 hoc
2634 1779 2755 1834 loco
2776 1787 2859 1834 est
2878 1777 3190 1849 angelorum
3213 1778 3434 1833 chorus.

1805 1841 1845 1897 Β
1874 1868 2005 1923 Nam
2048 1883 2147 1937 pro
2176 1880 2273 1923 sua
2297 1869 2535 1939 angelica
2568 1878 2759 1924 natura
2792 1878 2917 1925 ante
2952 1870 3434 1938 transgressionem

1873 1972 1928 2018 et
1970 1962 2174 2032 lapsum
2209 1961 2456 2017 diabolus
2503 1970 2559 2017 et
2588 1961 2903 2031 angelorum
2948 1971 3003 2017 et
3044 1962 3214 2018 nostri
3265 1962 3435 2018 frater

1872 2063 2009 2110 erat.
2044 2050 2151 2106 Sed
2191 2051 2398 2105 amicus
2430 2060 2614 2106 noster
2642 2052 2783 2106 Deus
2805 2061 2908 2106 est.
2940 2051 3056 2107 Jam
3080 2067 3209 2108 vero
3239 2054 3435 2110 melius

1872 2154 1976 2212 εει,
2023 2143 2340 2215 proximiori
2371 2157 2607 2212 veroque
2655 2143 2765 2197 Deo
2816 2153 2999 2198 nostro
3034 2153 3199 2214 atque
3234 2147 3433 2211 amico,

1872 2248 2036 2305 prope
2057 2242 2113 2288 et
2142 2233 2448 2302 proximius
2486 2232 2755 2299 habitare,
2787 2248 2950 2303 quam
2990 2235 3039 2289 ei
3091 2236 3180 2304 qui
3231 2238 3298 2291 ab
3344 2238 3435 2294 illo

1870 2320 2057 2390 procul
2084 2335 2143 2375 se
2168 2321 2462 2388 submovit,
2494 2320 2722 2391 obsequi
2757 2330 3010 2391 tanquam
3054 2322 3234 2389 fratri,
3260 2324 3313 2380 id
3352 2335 3435 2380 est

1868 2415 2103 2481 diabolo,
2134 2424 2192 2472 ut
2217 2431 2339 2471 cum
2375 2416 2567 2472 eodem
2593 2432 2907 2488 pereamus.
2927 2447 2997 2460 -
3022 2418 3211 2474 Melior
3242 2430 3321 2474 est
3345 2421 3437 2490 qui

1867 2507 2103 2563 cohaeret
2132 2508 2264 2562 mihi
2301 2524 2398 2578 per
2424 2522 2610 2564 veram
2645 2509 2957 2579 scientiam,
2986 2525 3148 2582 quam
3179 2512 3271 2583 qui
3307 2513 3436 2567 mihi

1866 2602 2100 2655 cohaeret
2127 2599 2294 2656 solius
2319 2600 2365 2655 vi
2403 2610 2628 2656 naturae.

1933 2783 1981 2816 “
2010 2781 2256 2838 Hominis
2282 2778 2497 2851 domins,
2529 2791 2613 2839 est
2633 2783 2830 2839 virtus.
2858 2781 2974 2840 Nisi
3003 2798 3133 2855 ergo
3162 2784 3321 2855 hujus
3352 2786 3430 2842 di-

1864 2876 2117 2947 ligentem
2160 2891 2345 2932 curam
2385 2886 2557 2948 gerat,
2591 2876 2950 2933 tentatiunnm
2992 2885 3239 2951 tempore
3268 2880 3335 2937 ab
3366 2894 3428 2936 ea

1862 2968 2097 3026 excidet.

1931 3060 1979 3094 ⁸³
2004 3060 2169 3117 Ficus
2216 3061 2324 3119 hoc
2377 3060 2498 3118 loco
2540 3060 2756 3133 justitia
2791 3061 2888 3118 Dei
2941 3070 3043 3129 est,
3086 3077 3248 3133 quam
3279 3063 3335 3119 iu
3368 3079 3427 3120 se

189 3148 240 3201 οί
272 3148 590 3217 φυτεύοντες
628 3149 686 3203 ὲν
730 3152 962 3216 ἑαυτοῖς,
999 3152 1093 3206 καὶ
1126 3151 1334 3224 ἑτέροις
1368 3154 1647 3225 μετάφυτα
1686 3156 1764 3210 δι-

1876 3152 1999 3223 ipsis
2026 3152 2358 3223 plantantes,
2387 3154 2619 3224 aliisque
2650 3154 2898 3210 surculos
2952 3155 3426 3226 transplantandos

189 3239 387 3304 δόντες,
412 3239 504 3295 τὸν
535 3241 745 3315 καρπὸν
774 3243 943 3315 αὐτῆς
975 3245 1235 3314 φάγονται
1268 3248 1331 3299 ὲκ
1358 3247 1537 3319 χειρὸς
1562 3247 1764 3320 Κυρίου

1876 3245 2141 3311 cedentes,
2173 3244 2407 3301 fructum
2438 3243 2555 3314 ejus
2582 3244 2871 3301 comedunt
2897 3243 2965 3299 de
2996 3260 3156 3299 manu
3188 3244 3425 3311 Domini,

190 3332 283 3388 τοῦ
324 3333 486 3406 μόνου
517 3334 723 3390 δικαίου
762 3337 855 3391 καὶ
899 3336 998 3408 τὴν
1047 3337 1389 3412 δικαιοσύνην
1437 3339 1766 3411 βραϐεύσαν-

1876 3335 1958 3406 qui
1994 3336 2141 3392 solus
2157 3334 2340 3405 justus
2375 3344 2480 3403 est,
2505 3344 2560 3391 et
2582 3335 2848 3406 justitiam
2874 3345 3211 3391 muneratur.
3239 3335 3306 3389 Et
3337 3335 3425 3404 iis,

190 3441 306 3489 τος·
348 3428 442 3482 καὶ
484 3429 596 3492 τοῖς
628 3428 727 3498 τὴν
763 3428 1111 3501 δικαιοσύνην
1156 3430 1323 3485 αὐτοῦ
1371 3429 1637 3501 φυλάξασι
1671 3431 1766 3487 σὺν

1876 3427 1955 3496 qui
1980 3426 2249 3495 justitiam
2278 3427 2613 3492 custodiunt,
2645 3426 2785 3497 apud
2832 3440 2892 3481 se
2924 3427 3135 3496 positis,
3178 3426 3425 3482 concedit

196 3517 370 3591 ἑαυτῷ
423 3520 752 3588 συντάττων,
807 3521 1069 3593 ἀπονέμει
1111 3521 1477 3595 δικαιοσύνην,
1523 3523 1622 3593 τὴν
1673 3523 1766 3576 καὶ

1876 3520 2126 3581 iustitiam
2157 3520 2303 3575 illam
2350 3534 2473 3590 quae
2517 3519 2737 3589 angelos
2761 3519 2906 3589 ipsos
2931 3518 3193 3588 justiﬁeat
3221 3527 3424 3572 aeterna

196 3611 451 3681 ἀγγέλους
495 3613 825 3681 δικαιοῦσαν,
873 3616 931 3669 ὲν
985 3619 1049 3688 τῇ
1100 3615 1355 3686 ἀτρέπτῳ
1414 3617 1512 3687 τῆς
1561 3617 1766 3670 δικαιο-

198 3702 355 3773 σύνης
396 3703 770 3777 λαμπρότητι·
810 3706 871 3771 ὃς
916 3706 973 3760 δὲ
1017 3707 1279 3776 φυλάσσει
1329 3707 1419 3761 τὸν
1465 3706 1622 3776 λόγον
1668 3707 1764 3762 τοῦ

197 3791 415 3867 Κυρίου,
461 3796 553 3852 τὸν
595 3797 798 3870 Κύριον
833 3797 1094 3868 φυλάσσει
1142 3799 1199 3852 ὲν
1243 3802 1309 3871 τῇ
1360 3798 1556 3870 καρδίᾳ
1600 3800 1763 3854 αὑτοῦ

199 3884 491 3959 ἀχώριστον
541 3883 679 3941 εἶναι
709 3889 804 3942 ἀπ’
842 3889 1043 3943 αὑτοῦ·
1079 3890 1440 3963 τιμηθήσεται
1481 3891 1536 3946 δὲ
1572 3894 1633 3946 ού
1669 3892 1765 3963 μό-

199 3993 279 4030 νον
304 3978 554 4033 ὲντεῦθεν
583 3980 688 4033 ὑπὸ
714 3981 822 4036 τῶν
853 3982 1116 4052 ἀγγέλων,
1142 3982 1277 4038 ἀλλά
1303 3984 1395 4037 καὶ
1427 3983 1486 4037 ἐν
1523 3984 1603 4056 τῷ
1638 3985 1763 4057 μέλ-

198 4067 332 4124 λοντι
362 4071 470 4125 ὑπὸ
497 4071 592 4125 τοῦ
621 4073 728 4126 τῶν
759 4073 1005 4143 ἀγγέλων
1036 4075 1387 4148 δημιουργοῦ.

258 4156 403 4228 Οἷον,
445 4164 545 4217 οὐκ
586 4164 865 4236 ἀτιμάζων
908 4167 999 4221 τὸν
1032 4166 1242 4238 ἄφρονα
1283 4167 1614 4239 ἀποστήσεις
1660 4168 1761 4241 τῆς

195 4251 520 4326 ἀφροσύνης,
564 4256 701 4310 ἀλλά
742 4256 1007 4312 διδάσκων
1043 4259 1204 4313 αὐτὸν
1239 4260 1428 4323 ὁποίας
1476 4258 1694 4330 ἀτιμίας
1724 4262 1759 4331 ή

180 4345 468 4418 ,ἀφροσύνη
510 4348 717 4418 γίνεται
769 4349 1063 4423 πρόξενος·
1107 4353 1136 4405 6
1184 4351 1293 4424 γάρ
1333 4353 1414 4415 είς
1469 4351 1758 4424 πρόσωπον

193 4436 418 4510 ἔλεγχος,
458 4441 933 4515 ἀναισχυντότερον
966 4445 1109 4497 ποιεῖ
1136 4443 1227 4497 τὸν
1254 4444 1648 4515 ἁμαρτάνοντα.

1858 3613 2081 3684 justitite
2116 3614 2385 3671 claritate.
2410 3613 2668 3681 Quisquis
2702 3611 2911 3668 Domini
2945 3610 3164 3665 verbum
3194 3610 3426 3665 custodit

1866 3708 1919 3762 in
1944 3708 2103 3762 corde
2125 3721 2241 3771 suo,
2272 3705 2556 3760 Dominum
2581 3704 2757 3774 ipsum
2783 3703 3037 3763 custodit.
3066 3716 3132 3756 ne
3152 3702 3310 3770 longe
3334 3701 3426 3755 ﬁat

1863 3800 1931 3856 ab
1953 3814 2040 3854 eo.
2076 3798 2251 3855 Porro
2284 3794 2639 3852 houorabitur
2669 3809 2772 3850 non
2805 3795 2965 3850 modo
2996 3808 3139 3848 nunc
3169 3793 3235 3848 ab
3264 3808 3425 3862 auge-

1862 3892 1951 3957 lis,
2013 3890 2107 3945 sed
2151 3888 2313 3944 etiam
2365 3887 2421 3942 in
2481 3885 2667 3941 futuro
2718 3884 2917 3941 saeculo
2981 3888 3048 3941 ab
3112 3883 3424 3956 angelorum

1860 3992 2126 4039 creatore.

1929 4165 1977 4198 *δ
2007 4163 2064 4220 Id
2094 4171 2197 4227 est,
2238 4177 2345 4218 non
2374 4176 2472 4233 per
2498 4161 2705 4216 illatum
2738 4158 2969 4216 dedecus
3008 4157 3228 4213 stultum
3264 4171 3419 4213 revo-

1857 4256 2006 4313 cabis
2042 4272 2071 4311 a
2102 4255 2330 4311 stultitia
2357 4253 2587 4320 sua,sed
2616 4252 2795 4324 potius
2817 4266 2939 4306 eum
2970 4251 3210 4305 ducendo
3231 4250 3421 4319 quanti

1857 4348 2134 4406 dedecoris
2171 4347 2399 4403 stultitia
2438 4346 2510 4402 sit
2557 4359 2745 4400 causa.
2798 4341 2930 4396 Nam
2984 4340 3336 4410 reprehensio
3366 4340 3418 4392 iu

1856 4443 2050 4498 faciem
2079 4442 2287 4510 objecta
2313 4439 2767 4511 impudentiorem
2790 4435 2919 4492 facit
2943 4444 3313 4505 peccatorem.

256 4529 376 4584 Τῶν
416 4530 518 4585 ⁹ιόῦ
553 4533 686 4586 Θεοῦ
723 4534 1001 4607 ῥημάτων,
1044 4534 1111 4588 τά
1151 4534 1250 4607 μὲν
1290 4537 1370 4599 είς
1412 4533 1541 4588 υίῶν
1584 4532 1749 4607 ζωὴν,

1926 4536 1971 4567 ⁸⁸
1996 4534 2089 4590 Del
2122 4534 2284 4588 verba
2316 4533 2515 4603 partim
2547 4531 2613 4585 ad
2646 4531 2895 4593 ﬁliorum,
2929 4530 3125 4598 partim
3160 4529 3226 4582 ad
3252 4532 3419 4582 famu-

193 4618 254 4674 τά
279 4621 335 4675 δὲ
367 4622 449 4688 είς
475 4623 821 4695 θεραπόντων
846 4626 1173 4699 γέγραπται.

1855 4627 2027 4680 lorum
2050 4626 2333 4695 regendam
2369 4625 2533 4677 vitam
2571 4622 2767 4689 scripta
2799 4621 3030 4675 fuerunt.

1582 4721 1740 4777 CAP.
1777 4720 2013 4777 XXVIII.

258 4810 316 4863 El
346 4810 501 4865 ἔστιν
526 4812 768 4884 ἀνδρεῖος
797 4815 854 4870 ὲν
878 4814 1170 4880 ἀσεϐείαις,
1211 4814 1361 4871 ἔστιν
1389 4816 1630 4888 ἀνδρεῖος
1663 4818 1756 4872 καὶ

195 4897 245 4950 tu
279 4900 533 4970 ἀρεταῖς·
585 4903 677 4956 καὶ
720 4906 768 4956 εί
795 4906 835 4974 ,ό
882 4906 1120 4976 ἀνδρεῖος
1160 4907 1219 4959 ἐν
1261 4905 1535 4970 ἀσεϐείαις
1593 4922 1754 4958 συκο-

194 4992 372 5058 φαντεί
408 4993 689 5063 πτωχοὺς,
731 4997 756 5048 ὁ
795 4996 1036 5069 ἀνδρεῖος
1080 4998 1139 5051 ἐν
1175 4998 1393 5068 ἀρεταῖς
1444 4997 1753 5068 παρακαλεῖ

192 5082 461 5152 πτωχούς·
502 5084 695 5139 οὐκοῦν
725 5089 831 5152 πᾶς
852 5091 880 5142 6
904 5088 1233 5160 παρακαλῶν
1268 5088 1511 5158 πτωχοὺς
1545 5090 1602 5141 ὲν
1635 5089 1754 5141 ἀσε-

191 5172 355 5238 ϐείαις
427 5179 818 5249 συμπράττειν,
868 5182 1191 5250 συκοφαντεί
1231 5178 1428 5240 αὐτοὺς
1479 5176 1613 5249 πρὸς
1662 5179 1753 5231 τὸν

191 5263 337 5330 Θεὸν,
372 5268 652 5323 τουτέστιν
683 5271 1095 5341 ἀντιδιαϐάλλει,
1112 5273 1260 5336 ὅπως
1283 5269 1755 5325 συναπολεσθῶσιν

194 5357 353 5428 αὐτῷ.

268 5450 325 5501 Ὀ
349 5446 548 5519 λαῦρος
575 5447 728 5511 ύετὸς
753 5447 815 5500 ού
848 5447 1007 5517 μόνον
1036 5450 1163 5514 τοὺς
1177 5453 1420 5523 καρποὺς
1440 5452 1748 5520 ἀπόλλυσιν,

197 5540 319 5595 ἀλλά
346 5542 441 5595 καὶ
465 5541 527 5593 τὸ
549 5541 835 5611 πρόσωπον
868 5541 967 5612 τῆς
1007 5542 1131 5612 γῆς,
1167 5544 1227 5599 τὸ
1252 5547 1376 5609 τοὺς
1403 5547 1643 5619 καρποὺς
1668 5548 1749 5600 δι-

1931 4815 1978 4847 "
2000 4814 2055 4870 Si
2084 4824 2168 4870 est
2198 4813 2352 4869 fortis
2372 4814 2425 4866 in
2452 4810 2843 4881 impietatibus,
2872 4816 2955 4864 est
2980 4813 3147 4865 etiam
3179 4811 3334 4865 fortis
3359 4811 3413 4866 in

1859 4907 2169 4963 virtutibus.
2199 4906 2264 4961 Et
2290 4905 2338 4960 si
2372 4904 2528 4959 fortis
2571 4905 2624 4958 in
2654 4902 3017 4971 impietatibns
3054 4903 3413 4959 calumniatur

1858 5012 2138 5069 pauperes,
2157 4997 2246 5067 qui
2271 4994 2428 5052 fortis
2452 5003 2535 5050 est
2554 4995 2610 5050 in
2626 4995 2910 5048 virtutibus
2933 4993 3200 5049 confortat
3217 5008 3411 5065 paupe-

1861 5106 1968 5147 res.
1994 5091 2133 5157 Ergo
2155 5089 2249 5159 qui
2301 5104 2564 5158 pauperes
2600 5085 2876 5143 conlortat
2916 5090 2983 5142 ad
3012 5087 3408 5159 participandas

1858 5184 2179 5251 impietates,
2239 5181 2598 5237 calumniatur
2653 5196 2746 5238 eos
2801 5182 2936 5252 apud
2978 5182 3180 5247 Deum;
3234 5181 3286 5235 id
3325 5192 3407 5238 cst

1856 5269 2098 5326 vicissim
2142 5269 2487 5337 criminatur,
2517 5279 2575 5324 ut
2603 5286 2708 5325 una
2729 5278 2974 5341 pereant.

1924 5454 2229 5510 Vehemens
2270 5452 2450 5524 pluvia
2486 5468 2590 5507 non
2636 5464 2811 5509 satum
2865 5452 3045 5523 fruges
3076 5454 3403 5523 pessumdat,

1853 5560 2040 5602 verum
2073 5547 2231 5603 etiam
2265 5556 2425 5602 terra:
2450 5545 2664 5612 faciem,
2687 5561 2805 5616 qua:
2835 5545 3015 5618 fruges
3044 5545 3271 5616 profert,
3312 5545 3405 5600 de-

198 5632 327 5701 δοῦν,
358 5632 689 5702 ὲξεδαφίζει·
715 5633 830 5688 ἔστι
868 5634 925 5688 δὲ
957 5635 1051 5689 καὶ
1084 5637 1237 5700 ΰετδς
1267 5637 1553 5710 εἰρηνικὸς,
1584 5637 1747 5691 ποιῶν

1876 5647 2050 5696 rastat.
2079 5639 2175 5695 Est
2206 5639 2370 5694 etiam
2405 5638 2551 5693 mitis
2580 5638 2782 5709 pluvia,
2811 5654 2930 5709 qua:
2979 5637 3219 5694 ﬂoridam
3272 5638 3404 5692 facit

264 5816 304 5848 "
339 5833 389 5873 ν.
418 5819 471 5875 9.
495 5828 523 5866 ο
551 5818 597 5850 ⁸ο
628 5832 676 5872 νγ.
716 5816 798 5873 I0.
873 5819 914 5850 "'
948 5817 1057 5873 Jer.
1092 5833 1152 5880 ιι.
1191 5819 1274 5873 I3.
1350 5819 1393 5851 "
1420 5835 1467 5875 γ.
1504 5819 1588 5874 15.
1664 5818 1707 5850 ⁵³
1736 5833 1763 5869 v

1876 5821 1903 5870 ι.
1982 5818 2028 5851 ⁸⁸⁵
2062 5834 2110 5873 v.
2152 5818 2243 5871 22.
2319 5817 2363 5850 ⁵⁸
2401 5834 2443 5868 v.
2480 5818 2567 5872 27.
2643 5817 2686 5849 ⁸⁸
2713 5834 2762 5875 ν.
2791 5820 2842 5873 3.
