3942 6318
424 387 533 443 2ίὸ

1286 388 1740 446 SUPPLEMENT
1757 391 1851 448 UM
1886 393 1978 447 AD
2008 395 2331 457 ORIGENIS
2363 400 2778 461 EXEGETICA.

3541 410 3655 468 ΞΗ

425 511 582 557 ωτι-αξ
616 500 828 570 faciem,
860 502 1106 559 nutriens
1133 518 1197 558 ac
1223 505 1505 562 vivificans
1534 509 1712 579 fruges
1743 508 1881 578 eius.
1919 509 1987 566 Et

2105 516 2312 584 εὐθαλὲς
2342 520 2402 574 τὸ
2439 521 2728 592 πρόσωπον
2756 521 2854 593 τῆς
2883 522 3006 594 γῆς,
3039 524 3133 578 καὶ
3161 525 3374 598 τρέφων
3401 525 3494 580 καὶ
3526 525 3660 591 ζωο-

423 594 719 650 veltemens
746 595 985 665 quidem,
1017 595 1375 666 pessumdatis
1425 598 1692 670 frugibus,
1742 603 1986 660 homines

423 685 584 740 simul
611 686 951 756 exstinguit;
985 697 1041 742 at
1068 686 1216 744 mitis
1261 687 1451 746 alendo
1479 688 1682 761 fruges,
1711 694 1984 752 hominum

423 776 587 830 vitam
616 789 918 832 conservat.

498 956 542 988 "
572 957 668 1012 Est
713 956 798 1011 lex
828 957 1047 1027 injuSta,
1079 970 1132 1016 et
1161 960 1290 1017 item
1328 961 1415 1017 lex
1443 963 1607 1034 justa.
1646 965 1849 1036 lnjusta
1886 967 1987 1025 ob-

427 1057 798 1119 temperantes
829 1052 930 1106 sibi
966 1054 1194 1122 perdit;
1223 1054 1372 1122 justa
1413 1073 1518 1113 non
1548 1059 1703 1114 modo
1750 1059 1983 1129 longitu-

429 1142 606 1195 dinem
635 1141 847 1196 dierum
878 1143 1090 1208 tribuit,
1125 1146 1220 1200 sed
1249 1147 1414 1201 etiam
1446 1149 1599 1220 regni
1633 1151 1894 1206 ccelorum
1931 1149 2001 1207 fit'

428 1232 679 1286 donatrix
725 1234 1227 1303 obtemperantibus
1281 1239 1406 1299 sibi,
1445 1243 1574 1311 quia
1600 1242 1705 1304 ,lex
1745 1243 1842 1297 Dei
1883 1255 1984 1299 est.

426 1322 681 1393 Quisquis
719 1340 848 1379 vero
877 1327 1044 1381 Deum
1079 1338 1245 1394 amat,
1281 1330 1455 1401 legem
1485 1346 1702 1402 quoque
1747 1334 1988 1402 ejusdem

428 1423 611 1480 amat;
637 1425 690 1468 et
719 1430 840 1485 quae
889 1416 974 1472 lex
1020 1420 1259 1484 mandat,
1291 1431 1562 1489 operatur.
1597 1423 1713 1478 Jam
1744 1426 1988 1496 quisquis

423 1502 526 1574 legi
561 1521 765 1560 morem
794 1509 955 1578 gerit,
992 1512 1459 1578 perturbationum
1511 1516 1748 1584 quietem
1797 1533 1989 1574 conse-

425 1598 610 1666 quitur
633 1609 688 1653 et
718 1600 810 1655 Dei
848 1603 1203 1672 agnitionem.
1256 1606 1407 1673 Quod
1451 1609 1497 1663 si
1546 1608 1679 1679 legis
1721 1621 1989 1670 amatores

426 1706 584 1745 muro
618 1705 676 1746 se
713 1696 1112 1763 communiunt,
1146 1713 1290 1751 nunc
1317 1714 1504 1754 murus
1533 1702 1770 1770 quietem
1801 1718 1831 1757 a
1861 1719 1988 1774 per-

426 1779 831 1838 turbationibus
859 1785 1152 1855 signiﬁcat,
1179 1797 1235 1843 et
1266 1790 1358 1844 Del
1389 1778 1671 1845 scientiam
1699 1809 1713 1859 ;
1752 1808 1873 1863 qua:
1901 1809 1989 1850 so-

429 1872 493 1928 la:
529 1875 853 1932 rationalem
891 1889 1145 1934 naturam
1183 1883 1462 1940 custodire
1487 1895 1712 1955 queunt.

502 2053 549 2086 “
576 2054 633 2109 Si
664 2055 870 2112 divitiae
897 2069 1021 2114 sunt
1052 2060 1338 2129 impiorum
1376 2065 1640 2134 nequitia,
1676 2066 1781 2123 viri
1815 2077 1996 2123 autem

432 2146 706 2215 sapientes
755 2163 851 2202 eas
884 2149 1165 2218 abjiciuut,
1220 2162 1369 2220 patet
1403 2156 1701 2224 nequitiam
1751 2172 1997 2226 pessum-

435 2239 552 2292 dari
585 2255 613 2292 a
641 2239 805 2307 justis
833 2251 993 2311 atque
1019 2245 1382 2321 sapientibus,
1416 2247 1542 2301 dum
1577 2264 1672 2318 per
1698 2251 1994 2321 spiritalem

431 2331 730 2386 doctrinam
765 2332 1006 2403 impuros
1035 2320 1100 2389 ad
1138 2335 1398 2392 virtutem
1440 2340 1729 2395 reducunt.

500 2421 544 2453 ⁸³
573 2421 926 2493 Nequaquam
971 2425 1056 2480 lex
1098 2443 1287 2497 preces
1335 2429 1652 2500 cujusquam
1689 2443 1991 2502 aversatur,

429 2514 524 2568 sed
572 2516 665 2583 qui
717 2517 840 2571 tulit
889 2517 1062 2587 legem
1116 2520 1258 2576 Deus
1306 2534 1595 2577 aversatur
1633 2523 1751 2592 ejus
1803 2542 1992 2595 preces

428 2605 523 2675 qui
571 2621 758 2661 aurem
811 2622 963 2664 suam
1012 2612 1232 2680 avertit,
1283 2614 1571 2682 quominus
1619 2617 1804 2673 audiat
1856 2621 1992 2691 legis

427 2707 727 2752 auctorem.
752 2699 818 2754 Et
853 2699 1052 2756 Paulus
1087 2701 1162 2756 ait
1194 2723 1206 2757 :
1240 2700 1478 2778 Praescia
1523 2716 1694 2762 autem
1720 2706 1991 2778 Scriptura

428 2789 598 2858 futuri
641 2789 688 2821 '°
728 2808 742 2844 :
773 2805 871 2860 pro
900 2806 966 2846 eo
1003 2807 1067 2848 ac
1093 2793 1258 2861 dicat,
1294 2794 1397 2862 Qui
1430 2766 1771 2866 Ecripturam
1820 2766 1988 2868 dedit,

431 2881 754 2952 prtesciebat
779 2881 1044 2938 futurum.

504 2974 548 3006 ⁸¹
575 2975 676 3041 Qui
727 2984 846 3031 sala
883 2976 935 3030 in
971 2975 1088 3044 ejus
1113 2979 1275 3033 corde
1327 2993 1357 3033 a
1413 2981 1648 3052 maligno
1691 2965 1830 3038 mala
1880 3001 1990 3041 non

432 3069 722 3123 conlltetur
755 3068 887 3136 Deo,
922 3077 1015 3124 aut
1045 3069 1157 3125 Deo
1191 3081 1346 3141 grato
1381 3071 1609 3139 homini,
1650 3089 1760 3130 non
1799 3090 1991 3133 conse-

2086 615 2259 685 γονῶν
2303 619 2428 682 τοὺς
2471 618 2530 672 ὲν
2568 619 2704 693 αὐτῇ
2752 619 3026 694 καρπούς·
3075 621 3172 678 καὶ
3213 621 3244 672 6
3279 620 3379 692 μὲν
3424 619 3659 693 λαῦρος,

2085 707 2175 762 διά
2227 709 2328 780 τὴν
2385 709 2660 766 ἀπώλειαν
2725 711 2832 766 τῶν
2882 711 3109 786 καρπῶν
3163 710 3472 768 ἀποκτείνει
3529 714 3664 777 τοὺς

2086 802 2432 876 ἀνθρώπους,
2469 807 2498 859 6
2536 805 2594 860 δὲ
2635 807 2936 878 εἰρηνικὸς,
2978 806 3066 861 διά
3103 806 3210 862 τῶν
3253 808 3483 880 καρπῶν
3527 805 3666 872 ζωο-

2087 911 2254 963 γονει.

2160 990 2317 1044 Ἐστι
2359 989 2454 1045 καὶ
2485 990 2648 1062 νόμος
2697 991 3038 1064 παράνομος,
3082 991 3176 1046 καὶ
3205 989 3368 1062 νόμος
3411 990 3621 1054 δίκαιος
3641 1006 3662 1022 ο

2087 1081 2180 1135 καὶ
2203 1084 2232 1134 6
2268 1081 2364 1152 μὲν
2427 1083 2740 1154 παράνομος
2780 1085 2905 1147 τοὺς
2949 1082 3098 1155 αὑτῷ
3144 1083 3495 1156 πειθομένους
3524 1086 3667 1138 ἀπιο-

2087 1174 2170 1227 λεί
2187 1192 2198 1204 ο
2230 1177 2258 1228 6
2288 1175 2344 1228 δὲ
2365 1173 2570 1239 δίκαιος
2594 1176 2654 1229 οὑ
2687 1176 2847 1246 μόνον
2881 1176 3195 1248 μακρότητα
3216 1175 3437 1248 ἡμερῶν
3466 1176 3666 1248 δωρεῖ-

2088 1284 2206 1331 ται,
2249 1267 2384 1321 ἀλλά
2427 1269 2519 1322 καὶ
2565 1267 2838 1339 βασιλείας
2878 1269 3117 1340 οὐρανῶν
3151 1266 3408 1341 πρόξενος
3450 1269 3667 1337 γίνεται

2087 1363 2199 1423 τοῖς
2233 1360 2380 1431 αὑτῷ
2414 1360 2748 1427 ὑπείκουσιν,
2789 1361 2874 1416 ὅτι
2913 1361 3010 1415 τοῦ
3041 1361 3175 1415 Θεοῦ
3211 1362 3358 1415 ἐστι·
3403 1362 3508 1425 πᾶς
3540 1360 3601 1414 δὲ
3636 1362 3669 1414 6

2090 1450 2318 1520 ἀγαπῶν
2367 1451 2458 1506 τὸν
2507 1453 2660 1519 Θεὸν,
2711 1453 2903 1524 ἀγαπᾷ
2966 1452 3057 1506 τὸν
3101 1452 3262 1523 νόμον
3327 1449 3510 1517 αὑτοῦ,
3561 1450 3668 1504 καὶ

2091 1545 2232 1596 ποιεῖ
2262 1543 2330 1596 τὰ
2361 1543 2453 1598 τοῦ
2483 1545 2649 1615 νόμου
2669 1562 2680 1576 ·
2721 1546 2828 1608 πᾶς
2855 1545 2913 1598 δὲ
2944 1544 2973 1596 6
3001 1543 3169 1598 ποιῶν
3195 1544 3286 1596 τὸν
3315 1543 3493 1614 νόμον,
3523 1541 3671 1596 ἀπά-

2092 1633 2237 1688 θειαν
2268 1635 2461 1691 κτᾶται
2496 1635 2590 1688 καὶ
2622 1634 2822 1704 γνῶσιν
2864 1633 3028 1689 Θεοῦ·
3066 1637 3115 1689 εἰ
3158 1636 3215 1689 δὲ
3245 1637 3294 1688 oi
3339 1633 3669 1703 ἀγαπῶντες

2089 1724 2180 1777 τὸν
2210 1724 2393 1796 νόμον,
2430 1725 2865 1796 παραϐάλλουσιν
2897 1726 3108 1790 ἑαυτοῖς
3130 1729 3326 1796 τεῖχος,
3354 1724 3446 1780 νῦν
3485 1727 3673 1795 τεῖχος

2092 1815 2189 1886 τὴν
2235 1815 2500 1870 ἀπάθειαν
2535 1817 2786 1888 σημαίνει
2833 1817 2928 1872 καὶ
2963 1816 3062 1888 τὴν
3111 1817 3310 1887 γνῶσιν
3359 1815 3453 1869 τοῦ
3498 1814 3669 1881 Θεοῦ,

2101 1905 2242 1978 ἆπερ
2293 1907 2428 1978 μόνα
2470 1907 2684 1964 πέφυκε
2730 1908 3021 1979 φυλάσσειν
3070 1907 3167 1980 τὴν
3212 1906 3371 1977 φύσιν
3422 1905 3522 1978 τὴν
3569 1907 3672 1959 λο-

2111 2001 2279 2070 ίικήν.

2169 2091 2232 2143 Εἰ
2265 2089 2490 2154 πλοῦτος
2532 2089 2741 2144 ἀσεϐῶν
2774 2089 2972 2156 κακία,
3013 2089 3203 2163 ἄνδρες
3238 2090 3295 2144 δὲ
3329 2089 3481 2160 σοφοὶ
3523 2091 3671 2143 ἀπο-

2097 2181 2341 2236 λέσουσιν
2371 2182 2553 2248 αὑτὸν,
2599 2182 2757 2253 δῆλον
2789 2182 2865 2246 ὡς
2894 2183 3091 2237 κακίαν
3128 2181 3480 2236 ἀπολλύουσιν
3506 2184 3556 2235 οἱ
3583 2181 3675 2235 δί-

2097 2290 2241 2328 καιοι
2283 2274 2374 2328 καὶ
2409 2274 2590 2343 σοφοὶ,
2622 2273 2710 2328 διά
2757 2274 2857 2345 τῆς
2900 2275 3276 2346 πνευματικῆς
3319 2273 3674 2337 διδασκαλίας

2095 2365 2220 2428 τοὺς
2247 2363 2589 2436 ἀκαθάρτους
2611 2365 2747 2436 πρὸς
2773 2365 2970 2438 ἀρετὴν
3000 2367 3379 2436 ἐπανάγοντες.

2166 2460 2277 2530 Οὐχ
2319 2461 2348 2512 6
2393 2458 2554 2528 νόμος
2604 2457 2950 2529 βδελύσσεταί
2994 2476 3138 2523 τινος
3184 2459 3285 2532 τὴν
3336 2459 3670 2532 προσευχὴν,

2095 2549 2206 2605 ἀλλ’
2233 2553 2261 2604 6
2293 2550 2540 2615 δεδωκὼς
2573 2551 2664 2604 τὸν
2705 2551 2867 2622 νόμον
2906 2550 3037 2614 Θεὸς
3057 2591 3072 2616 ,
3111 2551 3203 2605 τοῦ
3237 2551 3570 2616 ἐκκλίνοντος
3601 2553 3673 2606 τὸ

2093 2639 2186 2707 οῦς
2223 2642 2408 2709 αὑτοῦ,
2443 2643 2538 2697 καὶ
2573 2643 2647 2715 μὴ
2679 2642 2980 2697 εἰσακούειν
3021 2642 3297 2708 ποιοῦντος
3327 2642 3418 2697 τοῦ
3459 2643 3626 2714 νόμου
3665 2665 3668 2668 ⁴

2094 2735 2188 2790 καὶ
2227 2737 2254 2788 6
2291 2734 2502 2799 Παῦλός
2549 2751 2714 2807 φησι’
2754 2735 3124 2804 Προειδοῦσα
3170 2733 3237 2788 δὲ
3277 2737 3315 2805 ἠ
3346 2734 3552 2805 Γραφὴ
3591 2735 3672 2790 τὸ

2087 2826 2340 2896 μέλλον,
2369 2826 2488 2879 ἀντὶ
2514 2826 2636 2892 τοῦ,
2665 2827 2723 2880 'O
2749 2826 2846 2898 τὴν
2863 2826 3080 2899 Γραφὴν
3097 2825 3339 2890 δεδωκὼς
3367 2825 3583 2898 προῄδει
3599 2826 3672 2878 τὺ

2166 2918 2304 2972 λλον.

2095 2918 2338 3064 μέέἒοϊά
2371 3009 2762 3080 ὲνσπειρόμενα
2795 3006 2852 3060 ὲν
2883 3008 2949 3078 τῇ
2990 3005 3187 3079 καρδίᾳ
3226 3007 3389 3062 αὑτοῦ
3433 3009 3534 3063 ὑπὸ
3562 3009 3669 3064 τοῦ

2093 3102 2328 3177 πονηροῦ
2364 3101 2530 3167 κακὰ,
2573 3101 2648 3172 μὴ
2676 3098 3013 3168 ἐξαγγέλλων
3043 3100 3180 3155 αὑτά
3207 3100 3398 3172 Κυρίῳ
3436 3102 3510 3173 τῷ
3541 3101 3673 3174 Θεῷ

432 3169 632 3230 quetur
660 3158 870 3214 felicem
915 3159 982 3214 de
1023 3160 1260 3229 maligno
1302 3162 1602 3219 victoriam.
1657 3165 1758 3231 Qui
1807 3179 1986 3222 autem

437 3252 728 3274 --_...-..-_
780 3251 1027 3274 A:|:-....-..
1075 3267 1098 3274 -
1158 3253 1259 3274 η--
1321 3263 1362 3274 -.
1403 3257 1460 3274 ,ι
1767 3257 1802 3274 ν.
1929 3258 1984 3274 η.

2105 3158 2404 3266 ἠίθεοφιλει
2429 3158 2696 3265 ἀνθρώπῳ
2719 3158 2885 3260 ⁷(έίί),
2940 3191 3039 3244 οὑκ
3088 3158 3558 3264 εὑοδωθίλσεταίὲν

432 3252 749 3317 conlltetur,
777 3251 1028 3320 diligetur
1073 3267 1102 3306 a
1155 3253 1265 3308 Deo
1314 3263 1369 3309 et
1400 3257 1468 3310 ab
1516 3257 1724 3326 angelis
1756 3257 1892 3325 ejus.
1925 3258 1991 3314 Et

430 3339 668 3397 Iacobus
691 3342 766 3396 ait
795 3360 809 3395 :
840 3340 1174 3410 Conﬁtemim'
1197 3343 1517 3398 alterutrum
1547 3357 1762 3413 peccata
1799 3360 1988 3414 vestra,

432 3445 489 3487 ut
513 3435 770 3489 sanemim’
813 3435 878 3487 ".
926 3436 1212 3491 Psalmista
1255 3452 1473 3508 quoque
1514 3439 1589 3494 ait
1631 3459 1643 3494 :
1690 3439 1993 3510 Conﬁtebor

433 3526 684 3582 adversus
713 3545 793 3584 me
826 3530 1141 3599 injustitiam
1166 3547 1336 3585 meam
1364 3531 1612 3595 Domino,
1649 3543 1696 3586 et
1742 3547 1797 3587 tu
1839 3550 1993 3588 rem:—

433 3621 553 3674 sisti
587 3621 902 3690 impietatem
925 3623 1100 3678 cordis
1126 3623 1227 3677 mei
1255 3623 1324 3679 ".

505 3805 555 3838 “
601 3808 774 3876 Iniqui
826 3809 967 3878 regis
1019 3818 1338 3878 pr0ventus,
1389 3809 1702 3880 iniquitates
1760 3820 1888 3868 sunt
1940 3821 1996 3868 et

437 3896 573 3952 falsa
601 3898 870 3968 dogmata.
935 3900 1062 3954 Haec
1105 3902 1248 3956 enim
1283 3901 1456 3957 eidem
1496 3903 1740 3972 pendunt
1792 3903 1995 3958 subditi

435 3987 572 4054 ejus.
599 3987 1012 4044 Calumniantur
1037 4001 1218 4046 autem
1248 3991 1442 4059 Deum,
1473 3995 1566 4064 qui
1597 3995 1832 4066 maligno
1863 3995 1994 4051 obe-

437 4079 633 4145 diunt;
661 4079 787 4149 quia
819 4095 924 4134 non
953 4080 1083 4148 Deo,
1117 4082 1210 4136 sed
1237 4082 1458 4140 inimico
1489 4085 1608 4155 eius
1634 4087 1849 4144 diabolo
1870 4087 1998 4144 sub-

347 4160 351 4162 ’
435 4169 567 4241 jecti
596 4179 746 4226 sunt.
811 4171 947 4237 Quia
977 4187 1107 4227 vero
1133 4173 1273 4229 Deus
1305 4174 1419 4230 odit
1448 4177 1718 4233 diabolum
1760 4180 1832 4234 ob
1878 4195 1997 4250 per-

438 4275 602 4315 versa
642 4275 806 4330 opera
836 4261 976 4332 ejus,
1015 4261 1105 4317 hic
1133 4263 1374 4319 vicissim
1407 4265 1774 4322 calumniatur
1823 4269 1998 4323 homi-

438 4367 536 4410 nes
571 4355 710 4425 apud
741 4355 930 4418 Deum.
986 4355 1087 4422 Qui
1122 4357 1237 4412 odit
1279 4358 1481 4413 laedere
1531 4359 1766 4414 animam
1822 4375 1999 4430 suam,

441 4445 657 4516 longum
682 4446 880 4501 inﬁniti
912 4448 1096 4504 saeculi
1131 4458 1343 4519 tempus
1367 4449 1535 4507 vivet.

505 4738 564 4771 ‘"
614 4737 800 4794 Virum
849 4738 939 4793 hic
988 4739 1314 4795 homicidam
1369 4739 1503 4796 dicit
1553 4740 1871 4796 diabolum.‘
1903 4741 2004 4809 Qui

441 4829 673 4900 spondet
723 4844 823 4900 pro
872 4828 1152 4898 iniustitia,
1200 4833 1432 4903 spondet
1482 4847 1581 4901 pro
1640 4834 1866 4903 Satana,
1913 4836 2006 4907 qui

442 4921 711 4990 promittit
755 4922 805 4976 ei
847 4921 1112 4991 vicissim,
1158 4924 1369 4980 fructus
1419 4926 1726 4996 iniquitatis
1759 4942 1818 4982 se
1846 4928 2004 4982 datu-

444 5026 584 5067 rum.
629 5043 705 5055 —
751 5012 896 5070 Gens
944 5014 1152 5083 iniqua,
1199 5015 1455 5086 dogmata
1505 5016 1810 5072 daemonum
1856 5027 2003 5086 sunt,

445 5102 640 5168 quibus
674 5118 780 5158 non
817 5105 1047 5160 attendit
1073 5106 1212 5161 bene
1242 5106 1524 5161 institutus
1560 5106 1720 5162 filius.
1746 5105 1916 5162 Porro
1944 5107 2007 5162 fl-

445 5190 576 5245 lium
610 5194 739 5248 dicit
767 5210 868 5264 pro
897 5205 1099 5250 mente.
1148 5195 1248 5262 Qui
1278 5211 1405 5252 vero
1436 5198 1604 5252 menti
1652 5199 2005 5269 impedimen-

447 5294 556 5339 tum
591 5287 759 5354 ponit,
790 5289 1081 5356 quominus
1133 5289 1198 5343 ad
1251 5304 1430 5358 pravae
1479 5291 1657 5359 gentis
1708 5293 2003 5360 nequitiam

445 5385 620 5433 semet
643 5376 884 5448 abjiciat,
916 5381 963 5437 is
990 5389 1244 5442 tanquam
1279 5381 1404 5437 colli
1443 5382 1806 5439 immortalem
1833 5399 2000 5439 orna-

2097 3286 2237 3341 κατὰ
2276 3284 2367 3339 τοῦ
2416 3283 2650 3356 πονηρδῦ
2702 3283 2858 3357 νίκῃο
2887 3285 2915 3336 6
2959 3283 3016 3337 δὲ
3069 3283 3399 3353 ιξαγγέλλων
3442 3286 3669 3360 ἀγαπη-

2098 3382 2319 3453 θήσεται
2357 3380 2461 3432 ὑπὺ
2492 3379 2585 3432 τοῦ
2620 3377 2754 3432 Θεοῦ
2792 3379 2885 3431 καὶ
2915 3377 3022 3430 τῶν
3059 3379 3303 3447 ἀγγέλων
3336 3379 3530 3435 αὑτοῦ·
3567 3383 3674 3437 καὶ

2097 3474 2126 3526 6
2161 3471 2413 3534 Ἰἀκωϐός
2443 3486 2637 3542 φησιν’
2680 3468 2988 3535 Ἀλλήλοις
3018 3469 3407 3540 ἐξαγγέλλετε
3447 3472 3517 3527 τὰ
3548 3490 3673 3526 πα-

2091 3563 2448 3634 ραπτώματα
2479 3561 2666 3633 ὑμῶν,
2705 3562 2861 3628 ὅπως
2907 3561 3136 3630 ίαθῆτεδ
3171 3563 3264 3617 καὶ
3307 3566 3335 3618 6
3365 3565 3674 3636 Ψαλμῳδὸς

2099 3653 2249 3710 εἶπεν
2267 3673 2280 3685 ·
2315 3655 2712 3726 Ἐξαγορεύσω
2730 3657 2854 3708 κατ’
2867 3655 3011 3724 ἐμοῦ
3027 3653 3141 3724 τὴν
3156 3655 3408 3726 ἀνομίαν
3415 3675 3532 3728 μου
3547 3661 3677 3713 Κυ-

2090 3752 2221 3819 ρίῳ,
2239 3751 2336 3804 καί
2351 3750 2430 3804 σὺ
2447 3749 2685 3820 ἀφῆκας
2698 3748 2811 3817 τὴν
2832 3748 3110 3803 ἀσέϐειαν
3126 3747 3235 3818 τῆς
3262 3751 3505 3820 καρδίας
3521 3769 3674 3822 μου.

2169 3842 2234 3893 Αἱ
2267 3841 2515 3913 πρόσοδοι
2557 3839 2647 3894 τοῦ
2697 3839 2931 3912 πονηροῦ
2964 3840 3252 3911 βασιλέως,
3297 3843 3430 3896 εἰσὶν
3464 3845 3519 3896 αἱ
3565 3862 3679 3898 κα-

2102 3933 2218 3987 κίαι
2249 3934 2345 3987 κα)⁸
2375 3932 2441 3986 τά
2469 3931 2634 4005 ψευδῆ
2679 3933 2948 4004 δόγματα·
2990 3932 3160 3987 ταῦτα
3188 3934 3296 4006 γὰρ
3328 3935 3474 4006 αὑτῷ
3499 3953 3679 4008 προσ-

2101 4022 2369 4076 οδεύουσιν
2386 4023 2435 4076 οἱ
2453 4022 2853 4094 βασιλευόμενοι
2875 4023 2966 4076 ὑπ’
2994 4023 3180 4076 αὑτοῦ·
3211 4026 3680 4094 συκοφαντοῦνται

2102 4115 2160 4168 δὲ
2185 4114 2259 4186 τῷ
2291 4114 2409 4186 Θεῷ
2435 4117 2483 4168 οἱ
2513 4114 2589 4185 τῷ
2617 4114 2836 4186 πονηρῷ
2878 4115 3297 4188 πειθαρχοῦντες
3316 4135 3328 4148 ·
3376 4119 3457 4171 ὅτι
3488 4120 3547 4172 οὑ
3592 4121 3678 4185 τῷ

2104 4206 2242 4276 Θεῷ,
2265 4205 2398 4260 ἀλλά
2423 4204 2501 4276 τῷ
2529 4205 2704 4278 ἐχθρῷ
2737 4205 2897 4259 αὑτοῦ
2937 4205 3014 4277 τῷ
3052 4207 3282 4279 διαϐόλῳ
3312 4209 3628 4264 ὑπόκεινται
3654 4230 3674 4244 ο

2106 4295 2228 4348 ἐπεὶ⁴
2253 4294 2308 4348 δὲ
2337 4297 2365 4348 6
2391 4295 2520 4359 Θεὸς
2554 4298 2701 4366 μισεῖ
2727 4294 2818 4348 τὸν
2843 4295 3082 4350 διάϐολον
3110 4297 3199 4352 διὰ
3228 4299 3297 4352 τὰ
3332 4299 3467 4372 ἔργα
3503 4301 3674 4355 αὑτοῦ

2105 4385 2173 4439 τά
2204 4386 2434 4457 πονηρὰ,
2479 4386 2639 4440 αὐτὸς
2670 4386 2828 4440 πάλιν
2855 4387 2942 4441 διὰ
2971 4388 3077 4442 τῶν
3108 4389 3285 4461 ἔργων
3316 4392 3478 4447 αὑτοῦ
3509 4412 3677 4449 συκο-

2109 4481 2297 4548 φαντεῖ
2325 4481 2448 4543 τοὺς
2491 4478 2806 4550 ἀνθρώπους
2836 4481 2971 4548 πρὸς
3006 4482 3096 4536 τὸν
3135 4482 3298 4537 Θεόν·
3337 4489 3366 4540 6
3402 4486 3458 4540 δὲ
3498 4489 3677 4558 μισῶν

2039 4575 2082 4629 D
2111 4570 2364 4641 ἀδικῆσαι
2395 4570 2493 4640 τὴν
2523 4569 2697 4642 ψυχὴν
2739 4571 2923 4637 αὑτοῦ,
2954 4573 3041 4626 τὸν
3074 4575 3281 4646 μακρὸν
3317 4575 3409 4631 τοῦ
3435 4579 3676 4650 ἀπεράν-

2111 4678 2203 4714 του
2230 4661 2420 4725 αἰῶνος
2452 4661 2640 4732 χρόνον
2669 4661 2938 4731 βιώσεται.

2185 4754 2384 4823 ’Ἄνδρα
2441 4753 2668 4808 ἐνταῦθα
2711 4755 2877 4822 φονέα
2920 4755 3009 4808 τὸν
3051 4755 3292 4812 διάϐολόν
3334 4777 3521 4831 φησιν’
3551 4763 3579 4814 6
3615 4761 3676 4817 δὲ

2111 4844 2456 4916 ἐγγυώμενος
2515 4846 2613 4917 τὴν
2675 4845 2916 4912 ἀδικίαν,
2974 4848 3234 4916 ἐγγυᾶται
3277 4851 3366 4904 τὸν
3406 4853 3674 4914 Σατανᾶν.

2112 4937 2534 5008 ὑπισχνούμενος
2561 4937 2708 5008 αὐτῷ
2742 4941 2964 5001 ἐκεῖνος,
3001 4941 3128 5003 τοὺς
3157 4942 3254 5011 τῆς
3292 4942 3503 5007 ἀδικίας
3545 4945 3668 4999 ἀπο»

2107 5026 2298 5080 δώσειν
2344 5028 2606 5100 καρπούς.
2631 5061 2701 5070 --
2727 5030 2917 5094 Ἔθνος
2942 5031 3275 5103 παράνομον,
3323 5034 3393 5087 τὰ
3429 5035 3672 5106 δόγματα

2107 5119 2214 5171 τῶν
2253 5119 2517 5191 δαιμόνων
2554 5121 2718 5185 ἐστὶν,
2743 5116 2824 5184 οἷς
2861 5123 2958 5193 οὑχ
2997 5123 3258 5177 ὑπακούει
3298 5126 3326 5179 6
3365 5126 3673 5192 παιδευθεὶς

2109 5211 2252 5275 υἱός·
2284 5212 2396 5265 υἱὸν
2429 5211 2484 5265 δὲ
2515 5211 2606 5265 τὸν
2648 5212 2769 5267 νοῦν
2798 5231 2990 5285 φησιν·
3021 5219 3050 5270 6
3077 5217 3132 5270 δὲ
3165 5217 3362 5288 ἐποχὴν
3391 5219 3556 5272 ποιῶν
3575 5219 3672 5273 τοῦ

2111 5300 2203 5354 νοῦ
2241 5302 2334 5355 τοῦ
2364 5303 2437 5372 μὴ
2479 5303 2909 5373 παραρίπτεσθαι
2931 5307 2988 5359 ὲν
3008 5310 3070 5378 τῇ
3102 5307 3194 5360 τοῦ
3223 5308 3457 5380 πονηροῦ
3489 5309 3674 5375 ἔθνους

2115 5392 2301 5462 κακίᾳ,
2341 5393 2416 5457 ώς
2444 5393 2858 5466 περιτραχήλιον
2889 5396 3090 5468 κόσμον
3120 5397 3367 5468 προξενεῖ
3394 5399 3574 5456 λαϐεῖν
3600 5404 3670 5473 τῇ

517 5633 559 5664 ⁸⁷
589 5649 636 5688 v.
666 5633 719 5686 4.
793 5630 842 5664 ⁸⁸
871 5645 920 5689 v.
952 5632 1006 5688 8.
1080 5633 1125 5666 ⁸ο
1156 5646 1206 5685 v.
1233 5633 1288 5688 9.
1361 5634 1407 5666 ⁸ο
1436 5632 1555 5688 Gal.
1587 5649 1668 5698 ιιι,
1693 5634 1746 5689 8.
1822 5634 1863 5666 ⁸¹
1891 5649 1942 5687 v.
1970 5634 2013 5688 ιε

2105 5635 2177 5702 ,⁸⁸
2199 5634 2316 5691 Jac.
2340 5651 2392 5701 v,
2430 5635 2517 5692 16.
2594 5635 2795 5692 l"Psal.
2816 5653 2965 5704 xm,
2994 5636 3048 5692 5.
3122 5636 3171 5669 ⁵⁸
3197 5652 3246 5691 v.
3277 5636 3365 5692 16.
3441 5635 3487 5672 ⁸⁸
3510 5653 3562 5691 V-
3584 5639 3674 5701 17.

518 5776 632 5849 (24)
685 5776 940 5850 Videmus
979 5777 1225 5847 Origenis
1276 5777 1654 5834 auctoritatem
1709 5794 1803 5847 pro
1855 5776 2168 5833 confitendo
2195 5779 2464 5850 religiosis
2531 5779 2662 5836 viris
2725 5789 2970 5850 peccata.
3028 5778 3156 5834 Item
3225 5774 3365 5831 infra
3437 5775 3504 5832 ad
3551 5789 3674 5846 cap.

448 5846 599 5915 xxix,
644 5864 785 5905 vers.
811 5846 899 5902 24.
