3942 6318
186 297 289 351 225

181 412 287 485 ἰδίᾳ
318 411 486 489 ψυχῇ
522 418 801 492 ἄφθαρτον
825 420 885 472 ὲκ
917 418 1095 490 χειρὸς
1123 418 1348 492 Κυρίου.

1365 305 1724 364 EXPOSITIO
1746 308 1815 364 IN
1851 308 2262 366 PROVERBIA.
3326 309 3429 366 946

1799 430 1848 489 Α
1877 436 1986 481 tum
2014 435 2173 497 parat
2202 423 2396 479 anima).
2443 438 2554 479 suae
2588 424 2654 480 de
2692 439 2850 480 manu
2896 424 3109 480 Domini
3153 423 3429 495 recipien~

1872 520 2018 575 dum.

1942 611 2047 677 Qui
2094 624 2152 666 se
2199 617 2395 680 purgat
2449 609 2615 676 animi
2672 609 3201 679 perturbationibus,
3241 614 3296 661 et
3334 605 3428 660 Dei

1873 703 2123 758 mandata
2152 704 2490 772 exsequitur,
2518 701 2786 756 nutritore
2813 701 3116 757 animarum
3150 715 3313 771 pane,
3342 715 3430 754 sa-

1874 793 2077 862 pientia
2136 794 2393 848 nimirum
2445 801 2499 847 et
2541 790 2818 862 agnitione
2877 792 3006 855 Dei,
3068 784 3425 847 saturabitur.

1874 888 1921 920 ⁵⁶
1944 885 2043 952 Qui
2075 900 2206 941 vero
2235 886 2403 940 otium
2436 893 2697 949 sectatur,
2722 884 3013 952 quominus
3034 883 3127 938 Dei
3174 884 3427 938 mandata

1872 962 2220 1046 exsequatur,
2252 975 2299 1029 is
2329 973 2547 1043 quidem
2587 973 2766 1041 inopia
2797 975 3079 1028 obruetur.

1941 1068 1988 1099 "
2016 1066 2118 1135 Qui
2149 1081 2293 1122 nunc
2319 1073 2443 1120 sunt
2472 1063 2877 1129 misericordes,
2912 1066 2963 1117 in
3001 1064 3182 1118 futuro
3234 1063 3429 1119 saeculo

250 592 311 649 Ὁ
349 599 661 675 καθαίρων
703 604 887 657 ἑαυτὸν
924 606 988 658 ἐκ
1025 604 1134 657 τῶν
1179 604 1389 667 παθῶν,
1416 604 1511 657 καὶ
1542 604 1769 674 ἐργαζό-

171 705 334 760 μενος
370 690 489 755 τὰς
530 694 750 759 ἐντολὰς
786 695 876 748 τοῦ
901 695 1055 761 Θεοῦ,
1100 695 1193 749 τοῦ
1226 694 1564 766 ψυχοτρόφου
1604 696 1769 767 ἀρτου

169 780 365 851 σοφίας
402 785 515 839 xui
545 787 798 854 γνώσεως
826 787 956 841 Θεοῦ
986 786 1428 859 ἐμπλησθήσεται
1450 804 1463 819 θ
1496 789 1524 841 6
1556 786 1613 840 δὲ
1643 786 1771 840 διώ-

164 890 273 925 κων
304 875 530 947 σχολὴν
585 877 680 930 τοῦ
734 878 807 948 μὴ
851 881 1022 931 ποιεῖν
1053 876 1153 941 τὰς
1209 875 1427 942 ἐντολὰς
1465 876 1569 931 τοῦ.
1603 875 1769 944 Θεοῦ,

162 965 571 1037 πλησθήσεται
602 969 813 1033 πενίας.

227 1059 293 1111 Οἱ
335 1059 449 1113 νῦν
483 1062 798 1132 ἐλεήμονες,
841 1063 897 1114 ἐν
929 1059 1007 1131 τῷ
1035 1060 1188 1113 αἰῶνι
1226 1058 1303 1130 τῷ
1339 1058 1580 1130 μέλλοντι
1616 1060 1777 1132 ἐλεηκ

158 1150 352 1214 θέντες
382 1153 513 1207 ὑπὸ
541 1155 632 1208 τοῦ
662 1154 817 1219 Θεοῦ,
850 1154 944 1207 xui
974 1154 1254 1224 γενόμενοι
1281 1153 1520 1221 ἄγγελοι,
1552 1151 1771 1224 ἄρξουσι

1897 1160 2309 1216 nisericordiam
2341 1173 2371 1212 a
2400 1159 2513 1223 Deo
2546 1157 2715 1223 nacti,
2749 1154 2985 1225 factique
3016 1155 3217 1225 angeli,
3263 1156 3433 1224 impe-

156 1243 266 1296 Ιτῶν
318 1243 643 1315 βασκάνων
689 1248 783 1301 xui.
828 1246 1098 1299 πλουσίων
1149 1244 1390 1299 ἀσεϐῶν·
1432 1245 1667 1298 τοιοῦτον
1714 1244 1771 1297 δὲ

1897 1252 2077 1307 'abunt
2092 1250 2301 1305 invidis
2323 1258 2377 1305 et
2409 1248 2590 1319 impiis
2616 1247 2896 1303 divitibus.
2941 1246 3093 1301 Hanc
3118 1248 3431 1317 dignitatem

162 1335 392 1408 ὶξίωμα
449 1341 550 1395 καὶ
596 1342 708 1403 τοῖς
744 1338 1013 1410 μαθηταῖς
1062 1336 1228 1391 αὐτοῦ
1276 1337 1538 1407 ὑπέσχετο
1582 1336 1772 1390 δώσειν

1897 1347 2121 1400 laturum
2155 1360 2214 1400 se
2240 1345 2540 1415 spondebat
2585 1344 2865 1414 discipulis
2906 1344 3186 1407 Dominus,
3242 1360 3433 1413 nempe

151 1428 406 1500 Κύριος,
444 1432 514 1485 τὸ
546 1432 766 1487 καθίσαι
795 1432 991 1495 αὐτοὺς
1023 1432 1116 1485 ἐπὶ
1153 1431 1359 1485 δώδεκα
1400 1430 1620 1501 θρόνων,
1655 1431 1774 1501 κρί-

1897 1450 2117 1491 ιθεευτοε
2170 1451 2265 1492 eos
2316 1450 2479 1505 super
2534 1435 2814 1491 duodecim
2860 1435 3101 1497 thronos,
3127 1434 3434 1502 judicantes

152 1539 363 1587 νοντας
417 1524 634 1579 δώδεκα
680 1525 847 1594 φυλὰς
884 1523 979 1578 τοῦ
1017 1523 1265 1594 Ἰσραήλ·
1300 1523 1486 1594 θρόνος
1531 1522 1587 1574 δέ
1628 1524 1780 1574 ἐστιν

1897 1528 2161 1584 Iuodecim
2192 1528 2368 1583 tribus
2396 1526 2615 1583 lsraelis
2647 1527 2717 1581 ⁸⁸.
2753 1528 3004 1581 Thronus
3034 1535 3214 1580 autem
3257 1535 3344 1581 est
3374 1527 3431 1580 in

152 1615 212 1667 ἐν
240 1608 292 1683 ᾧ
330 1618 366 1670 ὁ
406 1616 543 1681 νοῦς
571 1615 892 1680 καθέζεται,
936 1615 1151 1686 πλήρης
1191 1611 1444 1681 γνώσεως
1479 1628 1775 1680 πνευματι-

1897 1635 1986 1689 ιιιο
2028 1635 2178 1674 mens
2217 1619 2387 1683 sedet,
2431 1618 2591 1689 plena
2636 1619 2881 1673 scientia:
2913 1618 3195 1689 Spiritalis,
3232 1632 3354 1686 quae
3403 1633 3434 1671 a

152 1707 292 1778 κῆς,
327 1712 480 1775 τοὺς
509 1710 878 1781 πλανηθέντας
912 1708 1017 1761 ἀπὸ
1056 1706 1155 1776 τῆς
1206 1703 1514 1766 θεοσεϐείας
1560 1704 1777 1755 ἐπισυν-

1897 1708 2143 1779 'cligione
2174 1710 2359 1764 devios
2390 1708 2621 1763 reducit.
2646 1706 2899 1762 Judicare
2927 1718 3107 1762 autem
3148 1707 3251 1761 hoc
3289 1705 3433 1770 loco,

153 1799 407 1867 ἄγουσα,
429 1820 443 1833 ο
474 1802 535 1855 τὸ
575 1802 630 1855 δὲ
662 1801 869 1873 κρίνειν
900 1796 1161 1860 ἐνταῦθα,
1193 1796 1252 1848 τὸ
1283 1795 1550 1849 διδάσκειν
1582 1793 1779 1864 σημαί-

1897 1798 2074 1853 locere
2129 1798 2420 1869 signiﬁcat.
2477 1798 2550 1853 Ut
2591 1799 2760 1853 illud:
2799 1800 2955 1867 Aperi
2994 1815 3051 1853 os
3096 1809 3242 1852 tuum
3284 1797 3441 1851 verba.

149 1908 239 1944 νει
259 1909 275 1921 ·
323 1893 422 1957 ὡς
455 1894 549 1948 καὶ
576 1893 657 1956 τὸ,
680 1894 915 1959 Ἀνοιγε
944 1887 1059 1943 σὸν
1080 1888 1273 1955 στόμα
1291 1887 1449 1955 λόγῳ
1478 1884 1646 1947 Θεοῦ,
1676 1884 1775 1936 καὶ

1897 1887 2002 1954 Dei,
2037 1897 2084 1942 et
2135 1889 2331 1956 integre
2369 1889 2433 1941 de
2469 1888 2705 1942 omnibus
2744 1888 2927 1956 judica
2949 1887 3020 1952 ⁸ο,
3059 1888 3111 1943 id
3169 1895 3250 1942 est
3279 1886 3433 1941 doce.

150 1985 359 2052 κρῖνε
398 1986 594 2039 πάντα
628 1984 834 2053 ὑγιῶς,
873 1982 993 2036 am
1021 1978 1140 2046 τοῦ,
1170 1980 1384 2033 δίδασκε
1404 1996 1416 2008 ·
1454 1978 1568 2048 ἅμα
1596 1977 1652 2029 δὲ
1686 1976 1778 2029 καὶ

1897 1979 2055 2035 Simul
2104 1989 2160 2033 ct
2212 1981 2316 2035 hoc
2371 1980 2647 2035 sciendum
2692 1991 2798 2044 est,
2835 1980 2977 2049 quod
3025 1980 3072 2034 si
3121 1979 3437 2034 misericors

148 2072 351 2126 τοῦτο
389 2074 580 2136 ἰστέον,
606 2073 687 2125 ὅτι
715 2074 742 2125 6
768 2071 1014 2142 ἐλεήμων
1044 2070 1323 2141 κρατήσας
1352 2067 1443 2121 τοῦ
1486 2066 1774 2137 βασκάνου,

1897 2072 2060 2125 vincat
2090 2071 2354 2135 invidum,
2389 2070 2502 2139 ipse
2544 2071 2761 2138 quidem
2801 2086 2904 2123 non
2944 2072 3034 2124 ﬁet
3062 2071 3303 2135 invidus,
3337 2071 3438 2126 sed

148 2165 367 2229 αὐτὸς
406 2166 588 2236 μὲνηού
620 2166 904 2233 γενήσεται
940 2163 1225 2233 βάσκανος,
1268 2161 1532 2232 ἐλεήμονα
1555 2158 1611 2211 δὲ
1644 2157 1778 2230 μᾶλ-

1897 2164 2035 2217 llum
2072 2162 2483 2218 misericordem
2515 2164 2695 2233 potius
2725 2162 2884 2216 faciet
2919 2163 3009 2230 qui
3054 2171 3169 2216 erat
3195 2162 3431 2217 invidus.

149 2252 277 2305 λον
330 2255 553 2325 ποιήσει
586 2253 674 2305 τὸν
704 2253 989 2322 βάσκανον.
1074 2308 1077 2315 ,

269 2346 416 2399 Ἐὰν
454 2344 760 2398 ἀποθῶνται
804 2346 851 2397 oi
885 2342 1101 2407 ἀσεϐεῖς
1145 2342 1205 2395 τὸ
1235 2337 1372 2395 εἶναι
1413 2339 1650 2403 ἀσεϐεῖς,
1683 2356 1775 2408 γε-

159 2436 455 2507 νήσονται
483 2436 707 2489 δίκαιοι·
744 2436 775 2505 ἡ
809 2433 915 2505 γάρ
960 2432 1202 2487 ἀπώλεια
1240 2431 1334 2485 νῦν
1367 2431 1465 2501 τὴν
1498 2429 1775 2497 ἀναίρεσιν

167 2528 291 2598 τῆς
356 2527 606 2590 ἀσεϐείας
658 2526 945 2598 σημαίνει·
997 2524 1140 2579 οὕτω
1186 2524 1280 2578 καὶ
1347 2522 1621 2577 Ματθαῖον
1675 2520 1770 2573 τοῦ

172 2618 486 2671 τελωνείου
548 2616 819 2680 ἀπολέσας
866 2616 895 2667 6
941 2615 1179 2687 Κύριος,
1233 2612 1576 2683 δικαιοσύνην
1629 2611 1776 2682 αὐτῷ

181 2710 493 2781 ἐχαρίσατο
512 2727 526 2739 ·
557 2708 913 2779 πληθύνονται
940 2708 1049 2779 γὰρ
1084 2709 1132 2760 oi
1160 2706 1375 2773 δίκαιοι,
1412 2707 1539 2759 ὅταν
1570 2706 1619 2758 oi
1652 2706 1777 2759 ἀσε-

186 2802 318 2865 ϐεῖς
365 2802 731 2871 καταλείψωσι
774 2800 874 2870 τὴν
926 2800 1201 2863 ἀσέϐειαν,
1250 2799 1345 2852 καὶ
1394 2800 1489 2852 σὺν
1538 2801 1651 2862 τοῖς
1696 2798 1775 2849 δι-

188 2896 381 2959 καίοις
409 2899 728 2967 γενήσονται
761 2896 990 2948 δίκαιοι·
1023 2893 1264 2947 στένουσι
1295 2895 1353 2947 δὲ
1376 2893 1470 2947 xui
1500 2897 1549 2947 οἱ
1582 2894 1776 2948 δίκαιοι

193 2990 297 3042 xui
341 2989 666 3052 ὀδυνῶνται,
700 2989 931 3060 ὁρῶντες
970 2989 1096 3050 τοὺς
1138 2986 1351 3050 ἀσεϐεῖς
1380 2988 1437 3040 έν
1474 2987 1623 3058 τόπῳ
1676 2987 1778 3057 τῆς

197 3080 462 3144 ἀσεϐείας
495 3079 830 3151 ἱσταμένους,
858 3080 952 3133 καὶ
983 3080 1058 3152 μὴ
1087 3076 1498 3150 μετανοοῦντας.

1954 2346 1997 2376 σο
2037 2343 2093 2396 Si
2146 2343 2481 2412 impietatem
2532 2356 2688 2397 suam
2739 2341 3012 2412 deponent
3082 2341 3257 2409 impii,
3310 2339 3461 2407 justi.

1884 2435 2033 2489 ﬁent.
2066 2432 2197 2486 Nam
2229 2434 2459 2502 perditio
2483 2433 2588 2488 hoc
2611 2433 2750 2497 loco,
2787 2431 3090 2503 iniquitatis
3127 2430 3445 2485 exstincti.-

1883 2542 2001 2581 uem
2033 2524 2316 2595 signiﬁcat.
2348 2524 2439 2578 Sic
2469 2523 2780 2577 Matthaaum
2828 2522 2895 2577 de
2939 2520 3141 2576 telonio
3180 2520 3441 2575 extermi-

1882 2631 2066 2674 natum
2126 2618 2387 2673 Dominus
2439 2615 2651 2685 justitia
2721 2614 2965 2671 donavit.
3015 2612 3448 2684 Multiplicantur

1880 2716 2025 2769 enim
2073 2713 2227 2782 justi,
2278 2728 2401 2767 cum
2452 2712 2601 2781 impii
2656 2711 2993 2780 impietatem
3037 2708 3342 2774 omiserint,
3389 2714 3446 2762 et

1881 2806 2183 2874 cumjustis
2216 2804 2346 2876 justi
2405 2804 2551 2860 ﬁent.
2608 2803 2830 2858 Interim
2874 2809 3097 2871 gemunt
3147 2800 3445 2868 dolentque

1875 2897 2033 2966 justi,
2064 2899 2302 2969 quandiu
2333 2898 2525 2967 impios
2550 2896 2741 2952 vident
2770 2894 2825 2949 in
2854 2893 3149 2964 impietatis
3172 2892 3291 2949 loco
3311 2907 3443 2948 cen-

1882 2990 2095 3058 sistere,
2121 3000 2175 3045 et
2199 2989 2433 3045 nondum
2463 2986 2805 3057 resipiscere.

1629 3196 1782 3253 CAP.
1823 3196 2015 3253 XXIX.

275 3311 567 3382 Κρείσσων
611 3312 720 3385 γάρ
764 3315 902 3386 ἀνὴρ
948 3319 975 3370 6
1017 3316 1075 3369 ὲν
1124 3318 1343 3390 παιδείᾳ
1385 3319 1478 3373 καὶ
1529 3316 1780 3391 νουθεσίᾳ

1954 3319 1994 3350 ⁸⁸
2022 3316 2209 3372 Melior
2230 3324 2310 3371 est
2337 3316 2480 3375 enim
2498 3313 2583 3369 vir
2605 3314 2695 3384 qui
2714 3327 2833 3367 cum
2860 3309 3140 3381 disciplina
3157 3316 3205 3363 et
3226 3306 3445 3362 monitis

204 3404 418 3476 Κυρίου
460 3405 718 3475 ἐλέγχων,
760 3407 797 3476 ἢ
828 3411 855 3462 ό
893 3409 950 3461 ὲν
994 3410 1202 3481 σκληρᾷ
1251 3410 1450 3482 καρδία
1499 3409 1781 3481 παραινῶν

1897 3408 2098 3464 Domini
2130 3404 2497 3476 reprehendit,
2530 3416 2691 3472 quam
2722 3402 2814 3472 qui
2848 3401 2985 3455 duro
3014 3397 3176 3453 corde
3225 3396 3449 3451 animos

210 3497 310 3548 καὶ
352 3497 779 3568 ὑπισχνούμενος
817 3501 1218 3555 συναπολαῦσαι
1261 3502 1409 3573 αὐτῷ
1437 3502 1543 3555 τῶν
1578 3503 1637 3554 ἐν
1680 3518 1780 3554 κα-

211 3584 339 3657 κίᾳ·
383 3585 643 3659 ἐξαπίνης
674 3588 782 3660 γὰρ
824 3589 1154 3663 φλεγομένου
1199 3593 1363 3645 αὐτοῦ
1398 3595 1454 3645 ἐν
1498 3594 1564 3664 τῇ
1609 3591 1783 3663 ὀρέξει

212 3679 322 3732 τῶν
355 3678 564 3744 παθῶν,
586 3683 614 3733 ὁ
642 3682 732 3734 ἐπὶ
770 3681 978 3746 πάντας
1006 3682 1254 3748 θάνατος,
1282 3683 1520 3737 ἐπελθὼν
1550 3685 1641 3737 ἐπὶ
1660 3686 1784 3747 τοὺς

216 3772 335 3823 κατ’
376 3771 553 3824 αὐτῶν
580 3772 1027 3845 συμπράκτορας,
1050 3774 1149 3827 οὐκ
1178 3773 1323 3827 ἔστιν
1371 3774 1510 3838 ἴασις
1543 3776 1608 3843 τῇ
1639 3774 1782 3845 ψυχῇ

218 3861 426 3915 αὐτῶν·
471 3862 571 3915 οὐκ
615 3857 767 3917 εἶπεν
812 3863 890 3929 δὲ,
933 3865 1014 3917 ὅτι
1045 3865 1402 3937 παυσαμένης
1443 3864 1543 3934 τῆς
1593 3864 1784 3933 φλογὸς

219 3954 317 4008 οὐκ
348 3954 500 4010 ἔσται
540 3957 708 4021 ἴασις,
740 3955 874 4010 ἀλλά
923 3958 1252 4029 φλεγομένου
1293 3957 1455 4010 αὐτοῦ
1496 3958 1594 4010 οὐκ
1636 3956 1785 4009 ἔσται

224 4044 382 4111 ἴασις,
428 4047 505 4111 ὡς
535 4046 744 4117 ἔχοντος
783 4048 1021 4118 δηλονότι
1063 4048 1131 4102 τὰ
1161 4048 1268 4104 τῶν
1298 4047 1484 4103 παθῶν
1514 4047 1789 4101 ὑπεκκαύ-

229 4154 387 4208 ματα,
415 4137 566 4206 ξύλα,
610 4139 820 4211 χόρτον,
850 4140 1100 4211 καλάμην
1121 4159 1133 4171 ·
1171 4140 1328 4211 εἴπερ
1364 4139 1459 4193 xui
1496 4141 1607 4203 τοῖς
1639 4154 1787 4191 καιο-

230 4230 403 4301 μένοις
442 4230 585 4305 μετά
612 4232 702 4285 τὸν
731 4234 980 4305 καυτῆρα
1006 4232 1248 4303 πέφυκεν
1280 4237 1314 4306 ἡ
1346 4233 1526 4302 ὑγίεια
1557 4232 1785 4304 προσγίέ

228 4323 425 4379 νεσθαι.

305 4412 825 4486 Ἐγκωμιαζομένων
848 4412 958 4466 τῶν
984 4412 1206 4467 δικαίων
1231 4415 1335 4469 ὑπὸ
1369 4417 1461 4471 τοῦ
1491 4420 1696 4491 Κυρίου
1731 4421 1788 4471 ἐν

230 4509 289 4577 τῇ
331 4507 428 4577 τῆς
472 4506 702 4577 κρίσεως
745 4503 957 4578 ἡμέρᾳ,
1000 4506 1047 4558 οἱ
1083 4507 1179 4577 τῆς
1206 4506 1383 4561 αὐτῶν
1420 4509 1632 4580 μερίδος
1672 4512 1790 4565 λαοὶ

233 4596 720 4669 εὐφρανθήσονταιυ
767 4597 879 4649 ὅσοι
926 4596 983 4649 δέ
1023 4598 1160 4651 εἰσιν
1199 4597 1303 4651 ὑπὸ
1345 4598 1443 4664 τὰς
1477 4601 1650 4672 ἀρχὰς
1699 4603 1789 4655 καὶ

1886 3499 2158 3570 peccatori
2191 3496 2357 3560 addit,
2390 3494 2716 3565 promittens
2741 3491 2966 3558 insuper
2993 3503 3051 3542 se
3077 3487 3193 3541 fore
3215 3486 3263 3541 ei
3291 3485 3448 3539 soda-

1887 3591 1993 3646 lem
2028 3589 2205 3661 gaudii
2257 3587 2404 3642 mali.
2444 3588 2689 3655 Repente
2739 3581 2906 3643 enim,
2957 3581 3082 3633 dum
3123 3577 3216 3631 ille
3247 3577 3299 3629 in
3325 3588 3450 3643 pas-

1890 3685 2103 3739 sionum
2131 3682 2370 3751 appetitu
2402 3684 2690 3742 exaestuat,
2718 3675 2938 3729 decreta
2962 3669 3212 3725 omnibus
3253 3673 3449 3729 morte,

1891 3776 2175 3846 ingruente
2214 3772 2329 3839 ejus
2356 3766 2733 3837 complicibus,
2776 3761 2986 3818 medela
3035 3772 3140 3813 non
3183 3754 3453 3846 supererit

1891 3845 2088 3920 animae
2113 3864 2374 3933 ipsorum.
2403 3858 2516 3915 Non
2543 3853 2885 3912 autemdixit
2909 3872 2921 3907 :
2950 3850 3213 3907 Cessante
3236 3845 3453 3900 ﬂamma

1891 3960 2034 4015 haud
2059 3958 2177 4013 fore
2205 3953 2511 4019 medelam;
2561 3949 2656 4007 sed
2684 3948 2784 4020 ipsi
2820 3942 3144 4003 exatstuanti
3189 3955 3297 3995 non
3326 3937 3454 4005 fore

1891 4049 2181 4113 medelam,
2235 4045 2453 4101 habenti
2502 4040 2860 4111 cupiditatum
2913 4033 3219 4098 incentiva,
3284 4029 3451 4100 ligna,

1893 4144 2076 4199 fenum
2099 4182 2115 4207 ,
2153 4139 2427 4211 stipulam.
2468 4137 2604 4192 Nam
2634 4143 2688 4191 et
2712 4131 2973 4189 ambustis
3019 4136 3142 4200 post
3178 4133 3452 4182 cauterem

1893 4236 2030 4292 solet
2061 4235 2266 4289 sanitas
2290 4232 2487 4288 redire.

1963 4425 2008 4457 “
2030 4420 2290 4479 Laudatis
2339 4432 2368 4471 a
2428 4414 2657 4470 Domino
2703 4410 2868 4478 justis
2910 4407 2964 4462 in
3011 4403 3199 4475 judicii
3231 4402 3338 4465 die,
3365 4400 3456 4470 qui

1894 4528 2019 4574 sunt
2056 4517 2110 4570 in
2158 4514 2373 4568 illorum
2404 4508 2641 4562 factione
2686 4504 2867 4573 populi
2913 4499 3257 4556 laetabuntur.
3289 4494 3458 4560 Quot-

1896 4616 2033 4680 quot
2069 4616 2245 4660 autem
2280 4608 2407 4658 sunt
2447 4599 2546 4653 sub
2592 4594 2986 4666 principatibus
3012 4601 3067 4646 et
3098 4586 3459 4661 potestatibus

233 4688 322 4753 τὰς
366 4687 635 4755 ἐξουσίας,
657 4688 750 4741 καὶ
792 4688 918 4752 τοὺς
952 4688 1397 4763 κοσμοκράτορας
1438 4693 1531 4747 τοῦ
1586 4696 1783 4766 κόσμου

1897 4674 1960 4753 ac
1994 4694 2295 4751 rectoribus
2320 4689 2479 4759 hujus
2516 4686 2720 4752 mundi,
2747 4685 2801 4739 bi
2835 4683 3054 4739 omnino
3081 4689 3209 4735 tunc
3232 4674 3460 4746 ingemi-

234 4782 437 4847 τούτου,
467 4775 611 4835 οῦτοι
647 4780 860 4849 πάντως
887 4780 1009 4834 τότε
1041 4782 1335 4839 στένουσιν.

300 4875 517 4947 Πατέρα
556 4871 787 4926 ἐνταῦθα
824 4872 913 4927 τὸν
945 4874 1076 4927 Θεόν
1122 4892 1318 4947 φησιν·
1365 4880 1393 4931 ὀ
1436 4878 1493 4932 δέ
1530 4879 1661 4944 Θεὸς
1700 4880 1793 4933 καὶ

238 4966 420 5037 Πατὴρ
446 4962 539 5019 τοῦ
571 4965 777 5035 Κυρίου
810 4964 965 5036 ήμῶν
1007 4966 1179 5038 Ἰησοῦ
1210 4968 1467 5039 Χριστοῦ,
1509 4972 1632 5034 τοὺς
1655 4970 1796 5024 κατὰ

240 5060 464 5130 Χριστὸν
511 5057 1034 5129 ἐπονομαζομένους,
1083 5060 1141 5113 ἐν
1187 5059 1332 5132 ἔργῳ
1377 5061 1472 5115 xui
1516 5062 1657 5133 λόγῳ
1701 5063 1796 5116 xui

245 5151 397 5221 σοφία
420 5149 719 5221 ἑπομένους
746 5166 803 5201 τε
836 5150 928 5202 xui
958 5151 1324 5221 μιμουμένους
1367 5151 1547 5215 αὐτὸν,
1582 5151 1797 5223 θεωρῶν

245 5243 461 5306 αὐτοὺς,
514 5239 861 5312 εὐφραίνεται
916 5241 1001 5293 ἐπ’
1034 5242 1251 5306 αὐτοῖς·
1296 5242 1497 5313 ποιμὴν
1550 5241 1606 5296 δέ
1650 5244 1798 5297 ἐστιν

247 5336 438 5404 ἀγαθὸς
479 5334 634 5398 νοῦς,
668 5331 895 5396 ἀπαθεῖς
935 5333 1225 5405 λογισμοὺς
1261 5333 1620 5406 κεκτημένος·
1661 5335 1709 5388 εἰ
1742 5335 1799 5387 δὲ

249 5427 425 5492 τοῦτο,
478 5424 674 5480 οὐκοῦν
721 5424 906 5495 ἐριφός
939 5426 1054 5478 ὲστι
1090 5426 1348 5499 λογισμὸς
1382 5426 1632 5498 ἐμπαθής
1655 5446 1668 5458 ·
1707 5429 1800 5481 xui

251 5518 511 5592 πρόϐατόν
551 5519 666 5571 ἐστι
697 5516 951 5588 λογισμὸς
991 5517 1238 5589 ἀπαθήςο
1277 5519 1357 5572 διὸ
1400 5518 1493 5572 καὶ
1523 5520 1647 5584 τοὺς
1690 5520 1801 5591 ἐρί-

1899 4800 2065 4847 scent.

1973 4881 2027 4915 “
2046 4881 2262 4936 Patrem
2302 4877 2391 4931 hic
2422 4873 2557 4928 dicit
2584 4870 2775 4925 Deum.
2820 4868 2961 4923 Deus
3003 4872 3180 4919 autem
3216 4869 3271 4913 et
3303 4856 3464 4911 Pater

1904 4972 2113 5028 Domini
2154 4968 2329 5025 nostri
2354 4962 2479 5021 Jesu
2514 4959 2742 5025 Christi,
2768 4957 2888 5013 illos
2913 4955 3006 5026 qui
3034 4969 3064 5007 a
3093 4948 3312 5007 Christo
3340 4953 3467 4999 sunt

1904 5061 2258 5126 denominati,
2292 5068 2347 5113 et
2376 5057 2544 5111 verbo
2582 5064 2743 5121 atque
2792 5064 2955 5119 opere
2998 5060 3060 5100 ac
3104 5039 3364 5111 sapientia
3397 5037 3461 5091 il-

1905 5156 2013 5209 lum
2058 5152 2459 5220 subsequuntur
2498 5156 2549 5202 et
2583 5144 2882 5206 imitantur,
2912 5137 3207 5207 aspiciens,
3253 5130 3465 5185 laetatur

1906 5248 1960 5302 in
1997 5242 2148 5316 ipsis.
2171 5242 2371 5299 Pastor.
2392 5255 2525 5296 vero
2563 5237 2757 5300 bonus,
2790 5242 2872 5292 est
2904 5244 3074 5293 mens,
3106 5220 3469 5316 imperturba-

1908 5348 1993 5394 tas
2019 5311 2391 5407 cogitationes
2428 5333 2660 5388 habens.
2691 5327 2847 5395 Quod
2876 5327 2923 5378 si
2955 5322 3028 5376 ita
3060 5327 3165 5385 est,
3202 5328 3332 5407 ergo
3356 5311 3468 5407 ha:-

1910 5431 2008 5486 dus
2034 5402 2126 5485 est
2148 5427 2405 5497 cogitatio
2432 5424 2626 5479 vitiosa
2650 5439 2666 5488 ;
2692 5422 2808 5477 ovis
2849 5425 3051 5480 autem,
3090 5402 3467 5497 cogitatioin-

1910 5536 2103 5594 Semia-
2128 5492 2420 5591 Pt‘dpterea
2463 5515 2720 5572 Dominus
2768 5508 2948 5565 haedos
2992 5503 3223 5562 collocat
3250 5497 3302 5552 in
3336 5492 3469 5549 sini-

318 5730 359 5807 ’ἐ
383 5746 436 5786 v.
466 5728 553 5786 l9.
629 5728 672 5759 "
704 5743 753 5783 ν.
804 5728 891 5785 22.
968 5729 1012 5762 ⁵⁸
1036 5726 1328 5805 Lutum,
1357 5728 1441 5785 50.
1518 5729 1562 5761 ⁸⁹
1587 5726 1745 5784 Prov.

1897 5738 1935 5792 ι,
1965 5720 2017 5777 9.
2095 5716 2331 5775 “v.27.
2411 5716 2451 5747 ⁶¹
2483 5729 2531 5769 v.
2578 5714 2627 5767 1.
2706 5714 2755 5744 θ’
2778 5710 2901 5766 v.2.
2976 5709 3019 5741 ⁸³
3051 5722 3101 5763 v.
3141 5706 3192 5760 3.
