  <div class='ocr_page' id='page_1' title='image "/cluster/home/n/w/nwhite01/storage/ocr_20150623/17/mdp.39015031604831/129.png"; bbox 0 0 3942 6318; ppageno 0'>
   <div class='ocr_carea' id='block_1_1' title="bbox 408 302 510 356">
    <p class='ocr_par' dir='ltr' id='par_1_1' title="bbox 408 302 510 356">
     <span class='ocr_line' id='line_1_1' title="bbox 408 302 510 356; baseline 0.01 -1"><span class='ocrx_word' id='word_1_1' title='bbox 408 302 510 356; x_wconf 68' lang='grc'><strong>247</strong></span> 
     </span>
    </p>
   </div>
   <div class='ocr_carea' id='block_1_2' title="bbox 1288 291 2787 355">
    <p class='ocr_par' dir='ltr' id='par_1_2' title="bbox 1288 291 2787 355">
     <span class='ocr_line' id='line_1_2' title="bbox 1288 291 2787 355; baseline -0.003 0"><span class='ocrx_word' id='word_1_2' title='bbox 1288 296 1849 355; x_wconf 80' lang='lat' dir='ltr'><strong>SUPPLEMENTUM</strong></span> <span class='ocrx_word' id='word_1_3' title='bbox 1882 295 1972 351; x_wconf 82' lang='lat' dir='ltr'><strong>AD</strong></span> <span class='ocrx_word' id='word_1_4' title='bbox 2016 293 2339 353; x_wconf 73' lang='lat' dir='ltr'><strong>ORIGENIS</strong></span> <span class='ocrx_word' id='word_1_5' title='bbox 2380 291 2787 351; x_wconf 74' lang='lat' dir='ltr'><strong>EXEGETICA.</strong></span> 
     </span>
    </p>
   </div>
   <div class='ocr_carea' id='block_1_3' title="bbox 3526 295 3642 349">
    <p class='ocr_par' dir='ltr' id='par_1_3' title="bbox 3526 295 3642 349">
     <span class='ocr_line' id='line_1_3' title="bbox 3526 295 3642 349; baseline 0.009 -1"><span class='ocrx_word' id='word_1_6' title='bbox 3526 295 3642 349; x_wconf 68' lang='lat'><strong>25.8</strong></span> 
     </span>
    </p>
   </div>
   <div class='ocr_carea' id='block_1_4' title="bbox 408 407 2003 488">
    <p class='ocr_par' dir='ltr' id='par_1_4' title="bbox 408 415 2003 488">
     <span class='ocr_line' id='line_1_4' title="bbox 408 415 2003 488; baseline -0.003 -16"><span class='ocrx_word' id='word_1_7' title='bbox 408 428 521 473; x_wconf 90' lang='lat' dir='ltr'><strong>stra</strong></span> <span class='ocrx_word' id='word_1_8' title='bbox 563 426 737 488; x_wconf 91' lang='lat' dir='ltr'><strong>parte,</strong></span> <span class='ocrx_word' id='word_1_9' title='bbox 780 433 913 475; x_wconf 92' lang='lat' dir='ltr'><strong>oves</strong></span> <span class='ocrx_word' id='word_1_10' title='bbox 941 419 994 474; x_wconf 93' lang='lat' dir='ltr'><strong>in</strong></span> <span class='ocrx_word' id='word_1_11' title='bbox 1034 419 1223 475; x_wconf 81' lang='lat' dir='ltr'><strong>dextra</strong></span> <span class='ocrx_word' id='word_1_12' title='bbox 1248 434 1263 472; x_wconf 87' lang='lat'><strong>:</strong></span> <span class='ocrx_word' id='word_1_13' title='bbox 1289 418 1472 472; x_wconf 67' lang='lat' dir='ltr'><strong>haedos</strong></span> <span class='ocrx_word' id='word_1_14' title='bbox 1516 417 1703 472; x_wconf 82' lang='lat' dir='ltr'><strong>dicens</strong></span> <span class='ocrx_word' id='word_1_15' title='bbox 1728 430 1844 483; x_wconf 90' lang='lat' dir='ltr'><strong>eos,</strong></span> <span class='ocrx_word' id='word_1_16' title='bbox 1874 415 2003 486; x_wconf 57' lang='lat' dir='ltr'><strong>qui,</strong></span> 
     </span>
    </p>
   </div>
   <div class='ocr_carea' id='block_1_5' title="bbox 2096 407 3649 488">
    <p class='ocr_par' dir='ltr' id='par_1_5' title="bbox 2096 407 3649 486">
     <span class='ocr_line' id='line_1_5' title="bbox 2096 407 3649 486; baseline 0.001 -23"><span class='ocrx_word' id='word_1_17' title='bbox 2096 433 2198 479; x_wconf 63' lang='grc' dir='ltr'>εους</span> <span class='ocrx_word' id='word_1_18' title='bbox 2228 417 2257 467; x_wconf 90' lang='lat'><strong>6</strong></span> <span class='ocrx_word' id='word_1_19' title='bbox 2280 412 2482 485; x_wconf 83' lang='grc' dir='ltr'>Κύριος</span> <span class='ocrx_word' id='word_1_20' title='bbox 2511 414 2722 486; x_wconf 70' lang='grc' dir='ltr'>ἵστησιν</span> <span class='ocrx_word' id='word_1_21' title='bbox 2753 413 2811 479; x_wconf 78' lang='grc' dir='ltr'>ἐξ</span> <span class='ocrx_word' id='word_1_22' title='bbox 2841 412 3141 485; x_wconf 82' lang='grc' dir='ltr'><strong>ἀριστερῶν</strong></span> <span class='ocrx_word' id='word_1_23' title='bbox 3164 450 3179 476; x_wconf 91' lang='grc'><strong>,</strong></span> <span class='ocrx_word' id='word_1_24' title='bbox 3211 407 3358 464; x_wconf 78' lang='grc' dir='ltr'>τάιδὲ</span> <span class='ocrx_word' id='word_1_25' title='bbox 3387 409 3649 481; x_wconf 78' lang='grc' dir='ltr'>πρόϐατα</span> 
     </span>
    </p>
   </div>
   <div class='ocr_carea' id='block_1_6' title="bbox 408 504 1970 580">
    <p class='ocr_par' dir='ltr' id='par_1_6' title="bbox 408 504 1970 580">
     <span class='ocr_line' id='line_1_6' title="bbox 408 504 1970 580; baseline 0 -18"><span class='ocrx_word' id='word_1_26' title='bbox 408 508 612 564; x_wconf 90' lang='lat' dir='ltr'><strong>habent</strong></span> <span class='ocrx_word' id='word_1_27' title='bbox 659 504 1016 580; x_wconf 74' lang='lat' dir='ltr'><strong>cogitationes</strong></span> <span class='ocrx_word' id='word_1_28' title='bbox 1075 509 1319 563; x_wconf 89' lang='lat' dir='ltr'><strong>vitiosas.</strong></span> <span class='ocrx_word' id='word_1_29' title='bbox 1366 505 1459 562; x_wconf 88' lang='lat' dir='ltr'><strong>Sic</strong></span> <span class='ocrx_word' id='word_1_30' title='bbox 1507 506 1674 560; x_wconf 91' lang='lat' dir='ltr'><strong>etiam</strong></span> <span class='ocrx_word' id='word_1_31' title='bbox 1706 506 1970 562; x_wconf 82' lang='lat' dir='ltr'><strong>habentes</strong></span> 
     </span>
    </p>
   </div>
   <div class='ocr_carea' id='block_1_7' title="bbox 409 598 1970 668">
    <p class='ocr_par' dir='ltr' id='par_1_7' title="bbox 409 598 1970 668">
     <span class='ocr_line' id='line_1_7' title="bbox 409 598 1970 668; baseline -0.001 -14"><span class='ocrx_word' id='word_1_32' title='bbox 409 601 642 666; x_wconf 82' lang='lat' dir='ltr'><strong>zizania,</strong></span> <span class='ocrx_word' id='word_1_33' title='bbox 681 602 946 658; x_wconf 88' lang='lat' dir='ltr'><strong>vocabulo</strong></span> <span class='ocrx_word' id='word_1_34' title='bbox 973 601 1306 657; x_wconf 82' lang='lat' dir='ltr'><strong>zizaniorum</strong></span> <span class='ocrx_word' id='word_1_35' title='bbox 1333 598 1661 668; x_wconf 89' lang='lat' dir='ltr'><strong>appellavit;</strong></span> <span class='ocrx_word' id='word_1_36' title='bbox 1687 607 1740 652; x_wconf 92' lang='lat' dir='ltr'><strong>et</strong></span> <span class='ocrx_word' id='word_1_37' title='bbox 1768 598 1970 654; x_wconf 88' lang='lat' dir='ltr'><strong>haben-</strong></span> 
     </span>
    </p>
   </div>
   <div class='ocr_carea' id='block_1_8' title="bbox 368 689 1969 760">
    <p class='ocr_par' dir='ltr' id='par_1_8' title="bbox 368 689 1969 760">
     <span class='ocr_line' id='line_1_8' title="bbox 368 689 1969 760; baseline -0.004 -11"><span class='ocrx_word' id='word_1_38' title='bbox 368 738 371 739; x_wconf 43' lang='grc' dir='ltr'><strong>ν</strong></span> <span class='ocrx_word' id='word_1_39' title='bbox 409 704 492 749; x_wconf 88' lang='lat' dir='ltr'><strong>tes</strong></span> <span class='ocrx_word' id='word_1_40' title='bbox 525 695 786 758; x_wconf 91' lang='lat' dir='ltr'><strong>triticum,</strong></span> <span class='ocrx_word' id='word_1_41' title='bbox 815 695 950 749; x_wconf 81' lang='lat' dir='ltr'><strong>dixit</strong></span> <span class='ocrx_word' id='word_1_42' title='bbox 974 694 1248 756; x_wconf 84' lang='lat' dir='ltr'><strong>triticum;</strong></span> <span class='ocrx_word' id='word_1_43' title='bbox 1289 704 1484 759; x_wconf 87' lang='lat' dir='ltr'><strong>nempe</strong></span> <span class='ocrx_word' id='word_1_44' title='bbox 1540 706 1570 745; x_wconf 91' lang='lat' dir='ltr'><strong>a</strong></span> <span class='ocrx_word' id='word_1_45' title='bbox 1615 691 1847 760; x_wconf 86' lang='lat' dir='ltr'><strong>pessima</strong></span> <span class='ocrx_word' id='word_1_46' title='bbox 1886 689 1969 743; x_wconf 89' lang='lat' dir='ltr'><strong>vel</strong></span> 
     </span>
    </p>
   </div>
   <div class='ocr_carea' id='block_1_9' title="bbox 408 780 1971 856">
    <p class='ocr_par' dir='ltr' id='par_1_9' title="bbox 408 780 1971 856">
     <span class='ocr_line' id='line_1_9' title="bbox 408 780 1971 856; baseline -0.003 -18"><span class='ocrx_word' id='word_1_47' title='bbox 408 788 612 854; x_wconf 88' lang='lat' dir='ltr'><strong>optima</strong></span> <span class='ocrx_word' id='word_1_48' title='bbox 645 786 904 856; x_wconf 83' lang='lat' dir='ltr'><strong>qualitate</strong></span> <span class='ocrx_word' id='word_1_49' title='bbox 930 799 1024 839; x_wconf 86' lang='lat' dir='ltr'><strong>eos</strong></span> <span class='ocrx_word' id='word_1_50' title='bbox 1056 784 1432 840; x_wconf 91' lang='lat' dir='ltr'><strong>denominans.</strong></span> <span class='ocrx_word' id='word_1_51' title='bbox 1465 780 1598 835; x_wconf 93' lang='lat' dir='ltr'><strong>Tale</strong></span> <span class='ocrx_word' id='word_1_52' title='bbox 1627 791 1712 837; x_wconf 90' lang='lat' dir='ltr'><strong>est</strong></span> <span class='ocrx_word' id='word_1_53' title='bbox 1737 790 1792 836; x_wconf 92' lang='lat' dir='ltr'><strong>et</strong></span> <span class='ocrx_word' id='word_1_54' title='bbox 1818 780 1971 835; x_wconf 76' lang='lat' dir='ltr'><strong>Pauli</strong></span> 
     </span>
    </p>
   </div>
   <div class='ocr_carea' id='block_1_10' title="bbox 410 871 1974 944">
    <p class='ocr_par' dir='ltr' id='par_1_10' title="bbox 410 871 1974 944">
     <span class='ocr_line' id='line_1_10' title="bbox 410 871 1974 944; baseline -0.003 -15"><span class='ocrx_word' id='word_1_55' title='bbox 410 878 612 933; x_wconf 87' lang='lat' dir='ltr'><strong>dictum</strong></span> <span class='ocrx_word' id='word_1_56' title='bbox 642 893 655 929; x_wconf 88' lang='lat'><strong>:</strong></span> <span class='ocrx_word' id='word_1_57' title='bbox 679 876 919 931; x_wconf 76' lang='lat' dir='ltr'><strong>Charitas</strong></span> <span class='ocrx_word' id='word_1_58' title='bbox 941 892 1043 930; x_wconf 85' lang='lat' dir='ltr'><strong>non</strong></span> <span class='ocrx_word' id='word_1_59' title='bbox 1069 874 1371 944; x_wconf 74' lang='lat' dir='ltr'><strong>inﬂatur“,</strong></span> <span class='ocrx_word' id='word_1_60' title='bbox 1405 874 1456 929; x_wconf 91' lang='lat' dir='ltr'><strong>id</strong></span> <span class='ocrx_word' id='word_1_61' title='bbox 1483 881 1590 939; x_wconf 89' lang='lat' dir='ltr'><strong>est,</strong></span> <span class='ocrx_word' id='word_1_62' title='bbox 1618 874 1709 944; x_wconf 88' lang='lat' dir='ltr'><strong>qui</strong></span> <span class='ocrx_word' id='word_1_63' title='bbox 1735 871 1974 926; x_wconf 85' lang='lat' dir='ltr'><strong>cbarita-</strong></span> 
     </span>
    </p>
   </div>
   <div class='ocr_carea' id='block_1_11' title="bbox 411 966 742 1021">
    <p class='ocr_par' dir='ltr' id='par_1_11' title="bbox 411 966 742 1021">
     <span class='ocr_line' id='line_1_11' title="bbox 411 966 742 1021; baseline 0.006 -2"><span class='ocrx_word' id='word_1_64' title='bbox 411 976 523 1021; x_wconf 91' lang='lat' dir='ltr'><strong>tem</strong></span> <span class='ocrx_word' id='word_1_65' title='bbox 561 966 742 1021; x_wconf 83' lang='lat' dir='ltr'><strong>habet.</strong></span> 
     </span>
    </p>
   </div>
   <div class='ocr_carea' id='block_1_12' title="bbox 481 1148 1972 1219">
    <p class='ocr_par' dir='ltr' id='par_1_12' title="bbox 481 1148 1972 1219">
     <span class='ocr_line' id='line_1_12' title="bbox 481 1148 1972 1219; baseline -0.001 -13"><span class='ocrx_word' id='word_1_66' title='bbox 481 1151 527 1182; x_wconf 81' lang='grc'>⁸⁸</span> <span class='ocrx_word' id='word_1_67' title='bbox 552 1149 798 1206; x_wconf 85' lang='lat' dir='ltr'><strong>Christus</strong></span> <span class='ocrx_word' id='word_1_68' title='bbox 844 1148 1061 1218; x_wconf 88' lang='lat' dir='ltr'><strong>quidem</strong></span> <span class='ocrx_word' id='word_1_69' title='bbox 1112 1148 1280 1219; x_wconf 79' lang='lat' dir='ltr'><strong>‘engit</strong></span> <span class='ocrx_word' id='word_1_70' title='bbox 1343 1148 1659 1204; x_wconf 79' lang='lat' dir='ltr'><strong>rationalem</strong></span> <span class='ocrx_word' id='word_1_71' title='bbox 1723 1158 1972 1204; x_wconf 84' lang='lat' dir='ltr'><strong>naturam</strong></span> 
     </span>
    </p>
   </div>
   <div class='ocr_carea' id='block_1_13' title="bbox 413 1241 1974 1312">
    <p class='ocr_par' dir='ltr' id='par_1_13' title="bbox 413 1241 1974 1312">
     <span class='ocr_line' id='line_1_13' title="bbox 413 1241 1974 1312; baseline -0.003 -13"><span class='ocrx_word' id='word_1_72' title='bbox 413 1243 685 1299; x_wconf 84' lang='lat' dir='ltr'><strong>mandatis</strong></span> <span class='ocrx_word' id='word_1_73' title='bbox 718 1243 868 1309; x_wconf 88' lang='lat' dir='ltr'><strong>suis;</strong></span> <span class='ocrx_word' id='word_1_74' title='bbox 899 1243 1161 1297; x_wconf 85' lang='lat' dir='ltr'><strong>scelestus</strong></span> <span class='ocrx_word' id='word_1_75' title='bbox 1197 1254 1324 1298; x_wconf 88' lang='lat' dir='ltr'><strong>vero</strong></span> <span class='ocrx_word' id='word_1_76' title='bbox 1354 1241 1727 1297; x_wconf 80' lang='lat' dir='ltr'><strong>Antichristus</strong></span> <span class='ocrx_word' id='word_1_77' title='bbox 1755 1242 1821 1297; x_wconf 84' lang='lat' dir='ltr'><strong>ad</strong></span> <span class='ocrx_word' id='word_1_78' title='bbox 1853 1257 1974 1312; x_wconf 84' lang='lat' dir='ltr'><strong>per—</strong></span> 
     </span>
    </p>
   </div>
   <div class='ocr_carea' id='block_1_14' title="bbox 412 1335 1411 1403">
    <p class='ocr_par' dir='ltr' id='par_1_14' title="bbox 412 1335 1411 1403">
     <span class='ocr_line' id='line_1_14' title="bbox 412 1335 1411 1403; baseline -0.004 -10"><span class='ocrx_word' id='word_1_79' title='bbox 412 1338 608 1393; x_wconf 90' lang='lat' dir='ltr'><strong>niciem</strong></span> <span class='ocrx_word' id='word_1_80' title='bbox 636 1336 873 1392; x_wconf 85' lang='lat' dir='ltr'><strong>concitat</strong></span> <span class='ocrx_word' id='word_1_81' title='bbox 894 1335 1189 1389; x_wconf 89' lang='lat' dir='ltr'><strong>humanum</strong></span> <span class='ocrx_word' id='word_1_82' title='bbox 1219 1348 1411 1403; x_wconf 73' lang='lat' dir='ltr'><strong>genus.</strong></span> 
     </span>
    </p>
   </div>
   <div class='ocr_carea' id='block_1_15' title="bbox 483 1425 1973 1499">
    <p class='ocr_par' dir='ltr' id='par_1_15' title="bbox 483 1425 1973 1499">
     <span class='ocr_line' id='line_1_15' title="bbox 483 1425 1973 1499; baseline -0.007 -12"><span class='ocrx_word' id='word_1_83' title='bbox 483 1431 530 1462; x_wconf 82' lang='lat'><strong>“</strong></span> <span class='ocrx_word' id='word_1_84' title='bbox 561 1429 770 1499; x_wconf 85' lang='lat' dir='ltr'><strong>Ubique</strong></span> <span class='ocrx_word' id='word_1_85' title='bbox 806 1430 1033 1484; x_wconf 83' lang='lat' dir='ltr'><strong>verbum</strong></span> <span class='ocrx_word' id='word_1_86' title='bbox 1069 1428 1318 1497; x_wconf 79' lang='lat' dir='ltr'><strong>judicare</strong></span> <span class='ocrx_word' id='word_1_87' title='bbox 1365 1425 1564 1481; x_wconf 87' lang='lat' dir='ltr'><strong>dicitur</strong></span> <span class='ocrx_word' id='word_1_88' title='bbox 1614 1439 1713 1494; x_wconf 90' lang='lat' dir='ltr'><strong>pro</strong></span> <span class='ocrx_word' id='word_1_89' title='bbox 1767 1427 1973 1478; x_wconf 88' lang='lat' dir='ltr'><strong>docere.</strong></span> 
     </span>
    </p>
   </div>
   <div class='ocr_carea' id='block_1_16' title="bbox 411 1515 1977 1592">
    <p class='ocr_par' dir='ltr' id='par_1_16' title="bbox 411 1515 1977 1592">
     <span class='ocr_line' id='line_1_16' title="bbox 411 1515 1977 1592; baseline -0.006 -14"><span class='ocrx_word' id='word_1_90' title='bbox 411 1521 545 1578; x_wconf 86' lang='lat' dir='ltr'><strong>Nam</strong></span> <span class='ocrx_word' id='word_1_91' title='bbox 577 1531 633 1577; x_wconf 92' lang='lat' dir='ltr'><strong>et</strong></span> <span class='ocrx_word' id='word_1_92' title='bbox 667 1520 761 1592; x_wconf 89' lang='lat' dir='ltr'><strong>qui</strong></span> <span class='ocrx_word' id='word_1_93' title='bbox 790 1521 934 1575; x_wconf 90' lang='lat' dir='ltr'><strong>inter</strong></span> <span class='ocrx_word' id='word_1_94' title='bbox 964 1521 1098 1575; x_wconf 89' lang='lat' dir='ltr'><strong>duos</strong></span> <span class='ocrx_word' id='word_1_95' title='bbox 1131 1518 1213 1574; x_wconf 94' lang='lat' dir='ltr'><strong>vel</strong></span> <span class='ocrx_word' id='word_1_96' title='bbox 1241 1517 1427 1588; x_wconf 85' lang='lat' dir='ltr'><strong>plures</strong></span> <span class='ocrx_word' id='word_1_97' title='bbox 1453 1519 1522 1574; x_wconf 88' lang='lat' dir='ltr'><strong>de</strong></span> <span class='ocrx_word' id='word_1_98' title='bbox 1552 1515 1738 1586; x_wconf 91' lang='lat' dir='ltr'><strong>aliquo</strong></span> <span class='ocrx_word' id='word_1_99' title='bbox 1761 1516 1977 1586; x_wconf 80' lang='lat' dir='ltr'><strong>negotio</strong></span> 
     </span>
    </p>
   </div>
   <div class='ocr_carea' id='block_1_17' title="bbox 408 1610 1979 1685">
    <p class='ocr_par' dir='ltr' id='par_1_17' title="bbox 408 1610 1979 1685">
     <span class='ocr_line' id='line_1_17' title="bbox 408 1610 1979 1685; baseline -0.004 -15"><span class='ocrx_word' id='word_1_100' title='bbox 408 1615 636 1685; x_wconf 77' lang='lat' dir='ltr'><strong>iudicat,</strong></span> <span class='ocrx_word' id='word_1_101' title='bbox 666 1615 733 1669; x_wconf 91' lang='lat' dir='ltr'><strong>iis</strong></span> <span class='ocrx_word' id='word_1_102' title='bbox 771 1614 1078 1683; x_wconf 70' lang='lat' dir='ltr'><strong>aequitatem</strong></span> <span class='ocrx_word' id='word_1_103' title='bbox 1124 1612 1307 1677; x_wconf 88' lang='lat' dir='ltr'><strong>docet,</strong></span> <span class='ocrx_word' id='word_1_104' title='bbox 1349 1621 1405 1667; x_wconf 90' lang='lat' dir='ltr'><strong>et</strong></span> <span class='ocrx_word' id='word_1_105' title='bbox 1438 1612 1506 1668; x_wconf 89' lang='lat' dir='ltr'><strong>ab</strong></span> <span class='ocrx_word' id='word_1_106' title='bbox 1541 1611 1828 1680; x_wconf 85' lang='lat' dir='ltr'><strong>iniquitate</strong></span> <span class='ocrx_word' id='word_1_107' title='bbox 1857 1610 1979 1665; x_wconf 83' lang='lat' dir='ltr'><strong>abs-</strong></span> 
     </span>
    </p>
   </div>
   <div class='ocr_carea' id='block_1_18' title="bbox 2071 503 3650 576">
    <p class='ocr_par' dir='ltr' id='par_1_18' title="bbox 2071 503 3650 576">
     <span class='ocr_line' id='line_1_18' title="bbox 2071 503 3650 576; baseline -0.001 -18"><span class='ocrx_word' id='word_1_108' title='bbox 2071 507 2136 559; x_wconf 80' lang='grc' dir='ltr'><strong>έκ</strong></span> <span class='ocrx_word' id='word_1_109' title='bbox 2176 504 2399 568; x_wconf 68' lang='grc' dir='ltr'>δεξιῶν·</span> <span class='ocrx_word' id='word_1_110' title='bbox 2446 506 2667 576; x_wconf 76' lang='grc' dir='ltr'>ἐρίφους</span> <span class='ocrx_word' id='word_1_111' title='bbox 2705 506 2875 574; x_wconf 88' lang='grc' dir='ltr'>λέγων</span> <span class='ocrx_word' id='word_1_112' title='bbox 2918 507 3045 568; x_wconf 84' lang='grc' dir='ltr'>τοὺς</span> <span class='ocrx_word' id='word_1_113' title='bbox 3086 504 3452 575; x_wconf 79' lang='grc' dir='ltr'><strong>κεκτημένους</strong></span> <span class='ocrx_word' id='word_1_114' title='bbox 3494 503 3650 572; x_wconf 84' lang='grc' dir='ltr'>λογι-</span> 
     </span>
    </p>
   </div>
   <div class='ocr_carea' id='block_1_19' title="bbox 2072 592 3646 670">
    <p class='ocr_par' dir='ltr' id='par_1_19' title="bbox 2072 592 3646 670">
     <span class='ocr_line' id='line_1_19' title="bbox 2072 592 3646 670; baseline -0.002 -18"><span class='ocrx_word' id='word_1_115' title='bbox 2072 594 2243 670; x_wconf 81' lang='grc' dir='ltr'>σμοὺς</span> <span class='ocrx_word' id='word_1_116' title='bbox 2287 599 2552 669; x_wconf 77' lang='grc' dir='ltr'>ἐμπαθεῖς</span> <span class='ocrx_word' id='word_1_117' title='bbox 2571 616 2586 629; x_wconf 89' lang='grc'><strong>·</strong></span> <span class='ocrx_word' id='word_1_118' title='bbox 2614 598 2757 652; x_wconf 81' lang='grc' dir='ltr'>οὓτω</span> <span class='ocrx_word' id='word_1_119' title='bbox 2777 599 2871 652; x_wconf 82' lang='grc' dir='ltr'><strong>καὶ</strong></span> <span class='ocrx_word' id='word_1_120' title='bbox 2900 600 3026 662; x_wconf 84' lang='grc' dir='ltr'>τοὺς</span> <span class='ocrx_word' id='word_1_121' title='bbox 3060 592 3278 668; x_wconf 75' lang='grc' dir='ltr'>ἔχοντας</span> <span class='ocrx_word' id='word_1_122' title='bbox 3309 598 3377 652; x_wconf 82' lang='grc' dir='ltr'>τὰ</span> <span class='ocrx_word' id='word_1_123' title='bbox 3404 597 3646 663; x_wconf 77' lang='grc' dir='ltr'>ζιζάνια,</span> 
     </span>
    </p>
   </div>
   <div class='ocr_carea' id='block_1_20' title="bbox 2074 692 3649 765">
    <p class='ocr_par' dir='ltr' id='par_1_20' title="bbox 2074 692 3649 765">
     <span class='ocr_line' id='line_1_20' title="bbox 2074 692 3649 765; baseline -0.001 -20"><span class='ocrx_word' id='word_1_124' title='bbox 2074 692 2284 758; x_wconf 80' lang='grc' dir='ltr'>ζιζάνια</span> <span class='ocrx_word' id='word_1_125' title='bbox 2318 693 2721 765; x_wconf 84' lang='grc' dir='ltr'>προσηγόρευσε</span> <span class='ocrx_word' id='word_1_126' title='bbox 2749 710 2761 722; x_wconf 84' lang='grc'><em>’</em></span> <span class='ocrx_word' id='word_1_127' title='bbox 2805 694 2899 747; x_wconf 78' lang='grc' dir='ltr'><strong>καὶ</strong></span> <span class='ocrx_word' id='word_1_128' title='bbox 2936 692 3064 757; x_wconf 83' lang='grc' dir='ltr'>τοὺς</span> <span class='ocrx_word' id='word_1_129' title='bbox 3095 692 3183 745; x_wconf 81' lang='grc' dir='ltr'><strong>τὸν</strong></span> <span class='ocrx_word' id='word_1_130' title='bbox 3213 694 3357 747; x_wconf 84' lang='grc' dir='ltr'>σῖτον</span> <span class='ocrx_word' id='word_1_131' title='bbox 3397 692 3649 763; x_wconf 77' lang='grc' dir='ltr'>ἔχοντας,</span> 
     </span>
    </p>
   </div>
   <div class='ocr_carea' id='block_1_21' title="bbox 2076 782 3655 857">
    <p class='ocr_par' dir='ltr' id='par_1_21' title="bbox 2076 782 3655 857">
     <span class='ocr_line' id='line_1_21' title="bbox 2076 782 3655 857; baseline 0.001 -21"><span class='ocrx_word' id='word_1_132' title='bbox 2076 786 2238 849; x_wconf 85' lang='grc' dir='ltr'>σῖτον,</span> <span class='ocrx_word' id='word_1_133' title='bbox 2265 782 2375 847; x_wconf 77' lang='grc' dir='ltr'><strong>ἀπὸ</strong></span> <span class='ocrx_word' id='word_1_134' title='bbox 2398 785 2493 856; x_wconf 85' lang='grc' dir='ltr'>τῆς</span> <span class='ocrx_word' id='word_1_135' title='bbox 2516 783 2795 857; x_wconf 88' lang='grc' dir='ltr'>χειρίστης</span> <span class='ocrx_word' id='word_1_136' title='bbox 2818 784 2911 838; x_wconf 77' lang='grc' dir='ltr'><strong>καὶ</strong></span> <span class='ocrx_word' id='word_1_137' title='bbox 2938 783 3164 856; x_wconf 78' lang='grc' dir='ltr'>ἀρίστης</span> <span class='ocrx_word' id='word_1_138' title='bbox 3188 784 3349 851; x_wconf 75' lang='grc' dir='ltr'>ἕξεως</span> <span class='ocrx_word' id='word_1_139' title='bbox 3372 783 3655 855; x_wconf 80' lang='grc' dir='ltr'><strong>ὀνομάσας</strong></span> 
     </span>
    </p>
   </div>
   <div class='ocr_carea' id='block_1_22' title="bbox 2075 875 3656 948">
    <p class='ocr_par' dir='ltr' id='par_1_22' title="bbox 2075 875 3656 948">
     <span class='ocr_line' id='line_1_22' title="bbox 2075 875 3656 948; baseline 0 -20"><span class='ocrx_word' id='word_1_140' title='bbox 2075 876 2269 941; x_wconf 81' lang='grc' dir='ltr'>αὐτούς</span> <span class='ocrx_word' id='word_1_141' title='bbox 2290 895 2303 907; x_wconf 90' lang='grc'><strong>·</strong></span> <span class='ocrx_word' id='word_1_142' title='bbox 2338 876 2578 930; x_wconf 77' lang='grc' dir='ltr'>τοιοῦτόν</span> <span class='ocrx_word' id='word_1_143' title='bbox 2613 877 2731 929; x_wconf 81' lang='grc' dir='ltr'>ἐστι</span> <span class='ocrx_word' id='word_1_144' title='bbox 2773 875 2868 929; x_wconf 69' lang='grc' dir='ltr'><strong>καὶ</strong></span> <span class='ocrx_word' id='word_1_145' title='bbox 2902 876 2961 929; x_wconf 87' lang='grc' dir='ltr'><strong>τὸ</strong></span> <span class='ocrx_word' id='word_1_146' title='bbox 2993 876 3142 948; x_wconf 87' lang='grc' dir='ltr'><strong>παρά</strong></span> <span class='ocrx_word' id='word_1_147' title='bbox 3176 876 3251 947; x_wconf 86' lang='grc' dir='ltr'><strong>τῷ</strong></span> <span class='ocrx_word' id='word_1_148' title='bbox 3270 876 3469 948; x_wconf 84' lang='grc' dir='ltr'>Παύλῳ</span> <span class='ocrx_word' id='word_1_149' title='bbox 3488 876 3656 944; x_wconf 85' lang='grc' dir='ltr'>λεγό-</span> 
     </span>
    </p>
   </div>
   <div class='ocr_carea' id='block_1_23' title="bbox 2080 969 3661 1043">
    <p class='ocr_par' dir='ltr' id='par_1_23' title="bbox 2080 969 3661 1043">
     <span class='ocr_line' id='line_1_23' title="bbox 2080 969 3661 1043; baseline 0.001 -21"><span class='ocrx_word' id='word_1_150' title='bbox 2080 986 2237 1039; x_wconf 88' lang='grc' dir='ltr'>μενον</span> <span class='ocrx_word' id='word_1_151' title='bbox 2259 988 2271 1000; x_wconf 71' lang='grc' dir='ltr'><strong><em>ο</em></strong></span> <span class='ocrx_word' id='word_1_152' title='bbox 2305 970 2367 1024; x_wconf 87' lang='grc' dir='ltr'><strong>Ἠ</strong></span> <span class='ocrx_word' id='word_1_153' title='bbox 2390 969 2590 1039; x_wconf 56' lang='grc' dir='ltr'>ἀγάπη</span> <span class='ocrx_word' id='word_1_154' title='bbox 2607 973 2677 1025; x_wconf 87' lang='grc' dir='ltr'>οὐ</span> <span class='ocrx_word' id='word_1_155' title='bbox 2699 973 3137 1040; x_wconf 76' lang='grc' dir='ltr'><strong>περπερεύεται,</strong></span> <span class='ocrx_word' id='word_1_156' title='bbox 3157 972 3277 1025; x_wconf 74' lang='grc' dir='ltr'>ἀντὶ</span> <span class='ocrx_word' id='word_1_157' title='bbox 3302 971 3420 1040; x_wconf 81' lang='grc' dir='ltr'>τοῦ,</span> <span class='ocrx_word' id='word_1_158' title='bbox 3450 974 3479 1026; x_wconf 91' lang='lat'><strong>6</strong></span> <span class='ocrx_word' id='word_1_159' title='bbox 3507 971 3661 1043; x_wconf 78' lang='grc' dir='ltr'>ἔχων</span> 
     </span>
    </p>
   </div>
   <div class='ocr_carea' id='block_1_24' title="bbox 2075 1062 2442 1135">
    <p class='ocr_par' dir='ltr' id='par_1_24' title="bbox 2075 1062 2442 1135">
     <span class='ocr_line' id='line_1_24' title="bbox 2075 1062 2442 1135; baseline 0 -20"><span class='ocrx_word' id='word_1_160' title='bbox 2075 1062 2173 1134; x_wconf 83' lang='grc' dir='ltr'>τὴν</span> <span class='ocrx_word' id='word_1_161' title='bbox 2204 1062 2442 1135; x_wconf 81' lang='grc' dir='ltr'>ἀγάπην.</span> 
     </span>
    </p>
   </div>
   <div class='ocr_carea' id='block_1_25' title="bbox 2158 1153 3663 1227">
    <p class='ocr_par' dir='ltr' id='par_1_25' title="bbox 2158 1153 3663 1227">
     <span class='ocr_line' id='line_1_25' title="bbox 2158 1153 3663 1227; baseline 0.001 -22"><span class='ocrx_word' id='word_1_162' title='bbox 2158 1153 2215 1206; x_wconf 83' lang='grc' dir='ltr'>Ὀ</span> <span class='ocrx_word' id='word_1_163' title='bbox 2246 1153 2342 1224; x_wconf 78' lang='grc' dir='ltr'><strong>μὲν</strong></span> <span class='ocrx_word' id='word_1_164' title='bbox 2371 1153 2607 1227; x_wconf 81' lang='grc' dir='ltr'>Χριστὸς</span> <span class='ocrx_word' id='word_1_165' title='bbox 2650 1153 2896 1224; x_wconf 88' lang='grc' dir='ltr'>ἀνίστησι</span> <span class='ocrx_word' id='word_1_166' title='bbox 2932 1159 3031 1224; x_wconf 78' lang='grc' dir='ltr'>τὴν</span> <span class='ocrx_word' id='word_1_167' title='bbox 3072 1153 3234 1224; x_wconf 86' lang='grc' dir='ltr'>φύσιν</span> <span class='ocrx_word' id='word_1_168' title='bbox 3280 1154 3380 1226; x_wconf 77' lang='grc' dir='ltr'><strong>τὴν</strong></span> <span class='ocrx_word' id='word_1_169' title='bbox 3425 1155 3663 1226; x_wconf 74' lang='grc' dir='ltr'>λογικὴν</span> 
     </span>
    </p>
   </div>
   <div class='ocr_carea' id='block_1_26' title="bbox 2076 1244 3659 1318">
    <p class='ocr_par' dir='ltr' id='par_1_26' title="bbox 2076 1244 3659 1318">
     <span class='ocr_line' id='line_1_26' title="bbox 2076 1244 3659 1318; baseline 0.001 -20"><span class='ocrx_word' id='word_1_170' title='bbox 2076 1244 2165 1299; x_wconf 82' lang='grc' dir='ltr'>διὰ</span> <span class='ocrx_word' id='word_1_171' title='bbox 2184 1245 2292 1299; x_wconf 86' lang='grc' dir='ltr'><strong>τῶν</strong></span> <span class='ocrx_word' id='word_1_172' title='bbox 2318 1245 2547 1299; x_wconf 83' lang='grc' dir='ltr'>ὲντολῶν</span> <span class='ocrx_word' id='word_1_173' title='bbox 2566 1245 2730 1299; x_wconf 80' lang='grc' dir='ltr'>αὐτοῦ</span> <span class='ocrx_word' id='word_1_174' title='bbox 2754 1262 2768 1275; x_wconf 71' lang='grc' dir='ltr'><strong>ο</strong></span> <span class='ocrx_word' id='word_1_175' title='bbox 2802 1248 2831 1299; x_wconf 90' lang='lat'><strong>6</strong></span> <span class='ocrx_word' id='word_1_176' title='bbox 2848 1246 2905 1299; x_wconf 78' lang='grc' dir='ltr'>δὲ</span> <span class='ocrx_word' id='word_1_177' title='bbox 2923 1245 3235 1316; x_wconf 85' lang='grc' dir='ltr'>παράνομος</span> <span class='ocrx_word' id='word_1_178' title='bbox 3265 1246 3659 1318; x_wconf 81' lang='grc' dir='ltr'>Ἀντίχριστος,</span> 
     </span>
    </p>
   </div>
   <div class='ocr_carea' id='block_1_27' title="bbox 2080 1336 3547 1411">
    <p class='ocr_par' dir='ltr' id='par_1_27' title="bbox 2080 1336 3547 1411">
     <span class='ocr_line' id='line_1_27' title="bbox 2080 1336 3547 1411; baseline 0.003 -21"><span class='ocrx_word' id='word_1_179' title='bbox 2080 1338 2216 1409; x_wconf 76' lang='grc' dir='ltr'>πρὸς</span> <span class='ocrx_word' id='word_1_180' title='bbox 2248 1336 2523 1392; x_wconf 82' lang='grc' dir='ltr'>ἀπώλειαν</span> <span class='ocrx_word' id='word_1_181' title='bbox 2556 1336 2790 1409; x_wconf 75' lang='grc' dir='ltr'>ἑρεθίζει</span> <span class='ocrx_word' id='word_1_182' title='bbox 2823 1337 2883 1391; x_wconf 81' lang='grc' dir='ltr'><strong>τὸ</strong></span> <span class='ocrx_word' id='word_1_183' title='bbox 2909 1338 3064 1407; x_wconf 84' lang='grc' dir='ltr'>γένος</span> <span class='ocrx_word' id='word_1_184' title='bbox 3087 1339 3197 1391; x_wconf 85' lang='grc' dir='ltr'><strong>τῶν</strong></span> <span class='ocrx_word' id='word_1_185' title='bbox 3225 1339 3547 1411; x_wconf 74' lang='grc' dir='ltr'>ἀνθρώπιον.</span> 
     </span>
    </p>
   </div>
   <div class='ocr_carea' id='block_1_28' title="bbox 2161 1422 3665 1501">
    <p class='ocr_par' dir='ltr' id='par_1_28' title="bbox 2161 1422 3665 1501">
     <span class='ocr_line' id='line_1_28' title="bbox 2161 1422 3665 1501; baseline 0.004 -22"><span class='ocrx_word' id='word_1_186' title='bbox 2161 1428 2246 1480; x_wconf 88' lang='grc' dir='ltr'>Ἐν</span> <span class='ocrx_word' id='word_1_187' title='bbox 2277 1427 2435 1480; x_wconf 76' lang='grc' dir='ltr'>παντὶ</span> <span class='ocrx_word' id='word_1_188' title='bbox 2460 1427 2521 1481; x_wconf 86' lang='grc' dir='ltr'><strong>τὸ</strong></span> <span class='ocrx_word' id='word_1_189' title='bbox 2538 1427 2784 1498; x_wconf 75' lang='grc' dir='ltr'>κρίνειν,</span> <span class='ocrx_word' id='word_1_190' title='bbox 2814 1422 3123 1484; x_wconf 74' lang='grc' dir='ltr'><strong>διδάσκειν</strong></span> <span class='ocrx_word' id='word_1_191' title='bbox 3152 1429 3366 1499; x_wconf 81' lang='grc' dir='ltr'>λέγεται</span> <span class='ocrx_word' id='word_1_192' title='bbox 3389 1451 3401 1462; x_wconf 93' lang='grc'><strong>·</strong></span> <span class='ocrx_word' id='word_1_193' title='bbox 3432 1430 3665 1501; x_wconf 77' lang='grc' dir='ltr'>καὶγὰρ</span> 
     </span>
    </p>
   </div>
   <div class='ocr_carea' id='block_1_29' title="bbox 2078 1515 3665 1595">
    <p class='ocr_par' dir='ltr' id='par_1_29' title="bbox 2078 1515 3665 1595">
     <span class='ocr_line' id='line_1_29' title="bbox 2078 1515 3665 1595; baseline 0.003 -24"><span class='ocrx_word' id='word_1_194' title='bbox 2078 1519 2107 1571; x_wconf 88' lang='lat'><strong>6</strong></span> <span class='ocrx_word' id='word_1_195' title='bbox 2136 1515 2335 1588; x_wconf 83' lang='grc' dir='ltr'>μεταξὺ</span> <span class='ocrx_word' id='word_1_196' title='bbox 2367 1518 2459 1571; x_wconf 88' lang='grc' dir='ltr'><strong>δύο</strong></span> <span class='ocrx_word' id='word_1_197' title='bbox 2502 1517 2536 1588; x_wconf 80' lang='grc' dir='ltr'>ἢ</span> <span class='ocrx_word' id='word_1_198' title='bbox 2581 1519 2674 1572; x_wconf 80' lang='grc' dir='ltr'>καὶ</span> <span class='ocrx_word' id='word_1_199' title='bbox 2708 1518 2987 1585; x_wconf 86' lang='grc' dir='ltr'>πλειόνων,</span> <span class='ocrx_word' id='word_1_200' title='bbox 3021 1522 3147 1593; x_wconf 75' lang='grc' dir='ltr'>περὶ</span> <span class='ocrx_word' id='word_1_201' title='bbox 3187 1522 3305 1585; x_wconf 82' lang='grc' dir='ltr'>ἐνὸς</span> <span class='ocrx_word' id='word_1_202' title='bbox 3335 1523 3665 1595; x_wconf 75' lang='grc' dir='ltr'>πράγματος</span> 
     </span>
    </p>
   </div>
   <div class='ocr_carea' id='block_1_30' title="bbox 2082 1610 3659 1686">
    <p class='ocr_par' dir='ltr' id='par_1_30' title="bbox 2082 1610 3659 1686">
     <span class='ocr_line' id='line_1_30' title="bbox 2082 1610 3659 1686; baseline 0.003 -23"><span class='ocrx_word' id='word_1_203' title='bbox 2082 1610 2300 1683; x_wconf 88' lang='grc' dir='ltr'>κρίνων,</span> <span class='ocrx_word' id='word_1_204' title='bbox 2334 1610 2572 1665; x_wconf 86' lang='grc' dir='ltr'><strong>διδάσκει</strong></span> <span class='ocrx_word' id='word_1_205' title='bbox 2605 1611 2666 1664; x_wconf 80' lang='grc' dir='ltr'><strong>τὸ</strong></span> <span class='ocrx_word' id='word_1_206' title='bbox 2698 1612 2924 1676; x_wconf 89' lang='grc' dir='ltr'>δίκαιον,</span> <span class='ocrx_word' id='word_1_207' title='bbox 2960 1614 3053 1667; x_wconf 71' lang='grc' dir='ltr'><strong>καὶ</strong></span> <span class='ocrx_word' id='word_1_208' title='bbox 3081 1613 3375 1686; x_wconf 88' lang='grc' dir='ltr'>ἀπέχεσθαι</span> <span class='ocrx_word' id='word_1_209' title='bbox 3404 1615 3620 1679; x_wconf 79' lang='grc' dir='ltr'><strong>ἀδικίας</strong></span> <span class='ocrx_word' id='word_1_210' title='bbox 3642 1632 3659 1646; x_wconf 81' lang='grc'><strong>’</strong></span> 
     </span>
    </p>
   </div>
   <div class='ocr_carea' id='block_1_31' title="bbox 416 1703 2003 1778">
    <p class='ocr_par' dir='ltr' id='par_1_31' title="bbox 416 1705 1981 1776">
     <span class='ocr_line' id='line_1_31' title="bbox 416 1705 1981 1776; baseline -0.006 -9"><span class='ocrx_word' id='word_1_211' title='bbox 416 1720 610 1768; x_wconf 88' lang='lat' dir='ltr'><strong>terret.</strong></span> <span class='ocrx_word' id='word_1_212' title='bbox 664 1711 928 1766; x_wconf 81' lang='lat' dir='ltr'><strong>Similiter</strong></span> <span class='ocrx_word' id='word_1_213' title='bbox 969 1718 1025 1766; x_wconf 94' lang='lat' dir='ltr'><strong>et</strong></span> <span class='ocrx_word' id='word_1_214' title='bbox 1068 1710 1123 1764; x_wconf 92' lang='lat' dir='ltr'><strong>in</strong></span> <span class='ocrx_word' id='word_1_215' title='bbox 1168 1708 1465 1764; x_wconf 84' lang='lat' dir='ltr'><strong>virtutibus</strong></span> <span class='ocrx_word' id='word_1_216' title='bbox 1512 1716 1570 1763; x_wconf 89' lang='lat' dir='ltr'><strong>et</strong></span> <span class='ocrx_word' id='word_1_217' title='bbox 1618 1708 1670 1761; x_wconf 92' lang='lat' dir='ltr'><strong>in</strong></span> <span class='ocrx_word' id='word_1_218' title='bbox 1700 1705 1893 1776; x_wconf 86' lang='lat' dir='ltr'><strong>quavis</strong></span> <span class='ocrx_word' id='word_1_219' title='bbox 1922 1720 1981 1758; x_wconf 84' lang='lat' dir='ltr'><strong>re</strong></span> 
     </span>
    </p>
   </div>
   <div class='ocr_carea' id='block_1_32' title="bbox 2096 1703 3661 1778">
    <p class='ocr_par' dir='ltr' id='par_1_32' title="bbox 2096 1703 3661 1778">
     <span class='ocr_line' id='line_1_32' title="bbox 2096 1703 3661 1778; baseline 0.002 -22"><span class='ocrx_word' id='word_1_220' title='bbox 2096 1703 2341 1768; x_wconf 64' lang='grc' dir='ltr'>ὣσαύτως</span> <span class='ocrx_word' id='word_1_221' title='bbox 2369 1704 2462 1759; x_wconf 75' lang='grc' dir='ltr'><strong>καὶ</strong></span> <span class='ocrx_word' id='word_1_222' title='bbox 2487 1705 2580 1758; x_wconf 74' lang='grc' dir='ltr'><strong>ἐπὶ</strong></span> <span class='ocrx_word' id='word_1_223' title='bbox 2607 1706 2836 1778; x_wconf 84' lang='grc' dir='ltr'>ἀρετῶν,</span> <span class='ocrx_word' id='word_1_224' title='bbox 2866 1706 2960 1761; x_wconf 74' lang='grc' dir='ltr'>καὶ</span> <span class='ocrx_word' id='word_1_225' title='bbox 2987 1706 3079 1760; x_wconf 75' lang='grc' dir='ltr'>ἐπὶ</span> <span class='ocrx_word' id='word_1_226' title='bbox 3099 1709 3205 1759; x_wconf 83' lang='grc' dir='ltr'>πᾶν</span> <span class='ocrx_word' id='word_1_227' title='bbox 3225 1706 3399 1761; x_wconf 79' lang='grc' dir='ltr'>ὁτιοῦν</span> <span class='ocrx_word' id='word_1_228' title='bbox 3427 1707 3661 1776; x_wconf 85' lang='grc' dir='ltr'>ἀγαθὸν,</span> 
     </span>
    </p>
   </div>
   <div class='ocr_carea' id='block_1_33' title="bbox 414 1772 2003 1874">
    <p class='ocr_par' dir='ltr' id='par_1_33' title="bbox 414 1797 1982 1874">
     <span class='ocr_line' id='line_1_33' title="bbox 414 1797 1982 1874; baseline -0.008 -15"><span class='ocrx_word' id='word_1_229' title='bbox 414 1805 583 1870; x_wconf 88' lang='lat' dir='ltr'><strong>bona,</strong></span> <span class='ocrx_word' id='word_1_230' title='bbox 610 1803 859 1874; x_wconf 77' lang='lat' dir='ltr'><strong>judicare</strong></span> <span class='ocrx_word' id='word_1_231' title='bbox 911 1814 1009 1870; x_wconf 88' lang='lat' dir='ltr'><strong>pro</strong></span> <span class='ocrx_word' id='word_1_232' title='bbox 1057 1802 1240 1855; x_wconf 82' lang='lat' dir='ltr'><strong>docere</strong></span> <span class='ocrx_word' id='word_1_233' title='bbox 1286 1798 1503 1855; x_wconf 89' lang='lat' dir='ltr'><strong>dicitur.</strong></span> <span class='ocrx_word' id='word_1_234' title='bbox 1566 1797 1751 1852; x_wconf 81' lang='lat' dir='ltr'><strong>Virum</strong></span> <span class='ocrx_word' id='word_1_235' title='bbox 1804 1804 1982 1849; x_wconf 91' lang='lat' dir='ltr'><strong>autem</strong></span> 
     </span>
    </p>
   </div>
   <div class='ocr_carea' id='block_1_34' title="bbox 2096 1772 3669 1874">
    <p class='ocr_par' dir='ltr' id='par_1_34' title="bbox 2096 1772 3669 1871">
     <span class='ocr_line' id='line_1_34' title="bbox 2096 1772 3669 1871; baseline 0.001 -22"><span class='ocrx_word' id='word_1_236' title='bbox 2096 1795 2146 1849; x_wconf 77' lang='grc' dir='ltr'><strong>τὸ</strong></span> <span class='ocrx_word' id='word_1_237' title='bbox 2172 1796 2396 1864; x_wconf 79' lang='grc' dir='ltr'>κρίνειν</span> <span class='ocrx_word' id='word_1_238' title='bbox 2409 1772 2717 1852; x_wconf 61' lang='grc' dir='ltr'>διδάσκειν</span> <span class='ocrx_word' id='word_1_239' title='bbox 2739 1797 3188 1871; x_wconf 78' lang='grc' dir='ltr'>λέλεκται’ἄνδρα</span> <span class='ocrx_word' id='word_1_240' title='bbox 3208 1799 3262 1852; x_wconf 85' lang='grc' dir='ltr'>δὲ</span> <span class='ocrx_word' id='word_1_241' title='bbox 3284 1772 3513 1853; x_wconf 76' lang='grc' dir='ltr'>ἐνταῦθα</span> <span class='ocrx_word' id='word_1_242' title='bbox 3534 1799 3669 1869; x_wconf 84' lang='grc' dir='ltr'>κρί-</span> 
     </span>
    </p>
   </div>
   <div class='ocr_carea' id='block_1_35' title="bbox 419 1886 1987 1964">
    <p class='ocr_par' dir='ltr' id='par_1_35' title="bbox 419 1886 1987 1964">
     <span class='ocr_line' id='line_1_35' title="bbox 419 1886 1987 1964; baseline -0.006 -16"><span class='ocrx_word' id='word_1_243' title='bbox 419 1894 511 1949; x_wconf 92' lang='lat' dir='ltr'><strong>hic</strong></span> <span class='ocrx_word' id='word_1_244' title='bbox 537 1893 869 1964; x_wconf 77' lang='lat' dir='ltr'><strong>iudicantem</strong></span> <span class='ocrx_word' id='word_1_245' title='bbox 901 1899 1109 1963; x_wconf 84' lang='lat' dir='ltr'><strong>gentes,</strong></span> <span class='ocrx_word' id='word_1_246' title='bbox 1138 1891 1359 1946; x_wconf 87' lang='lat' dir='ltr'><strong>Petrum</strong></span> <span class='ocrx_word' id='word_1_247' title='bbox 1411 1890 1563 1955; x_wconf 86' lang='lat' dir='ltr'><strong>dicit,</strong></span> <span class='ocrx_word' id='word_1_248' title='bbox 1593 1888 1683 1958; x_wconf 89' lang='lat' dir='ltr'><strong>qui</strong></span> <span class='ocrx_word' id='word_1_249' title='bbox 1723 1886 1987 1942; x_wconf 80' lang='lat' dir='ltr'><strong>mundum‘</strong></span> 
     </span>
    </p>
   </div>
   <div class='ocr_carea' id='block_1_36' title="bbox 416 1977 1975 2051">
    <p class='ocr_par' dir='ltr' id='par_1_36' title="bbox 416 1977 1975 2051">
     <span class='ocr_line' id='line_1_36' title="bbox 416 1977 1975 2051; baseline -0.004 -13"><span class='ocrx_word' id='word_1_250' title='bbox 416 1986 736 2040; x_wconf 87' lang='lat' dir='ltr'><strong>universum</strong></span> <span class='ocrx_word' id='word_1_251' title='bbox 763 1983 946 2039; x_wconf 92' lang='lat' dir='ltr'><strong>docuit</strong></span> <span class='ocrx_word' id='word_1_252' title='bbox 975 1982 1176 2039; x_wconf 87' lang='lat' dir='ltr'><strong>Christi</strong></span> <span class='ocrx_word' id='word_1_253' title='bbox 1206 1982 1365 2038; x_wconf 87' lang='lat' dir='ltr'><strong>iidem</strong></span> <span class='ocrx_word' id='word_1_254' title='bbox 1393 1997 1460 2037; x_wconf 84' lang='lat' dir='ltr'><strong>ac</strong></span> <span class='ocrx_word' id='word_1_255' title='bbox 1492 1981 1822 2051; x_wconf 76' lang='lat' dir='ltr'><strong>religionem.</strong></span> <span class='ocrx_word' id='word_1_256' title='bbox 1846 1977 1975 2032; x_wconf 82' lang='lat' dir='ltr'><strong>Pau-</strong></span> 
     </span>
    </p>
   </div>
   <div class='ocr_carea' id='block_1_37' title="bbox 356 2073 1985 2147">
    <p class='ocr_par' dir='ltr' id='par_1_37' title="bbox 356 2073 1985 2147">
     <span class='ocr_line' id='line_1_37' title="bbox 356 2073 1985 2147; baseline -0.004 -15"><span class='ocrx_word' id='word_1_257' title='bbox 356 2136 359 2141; x_wconf 61' lang='grc'><strong>,</strong></span> <span class='ocrx_word' id='word_1_258' title='bbox 418 2081 531 2134; x_wconf 90' lang='lat' dir='ltr'><strong>lum</strong></span> <span class='ocrx_word' id='word_1_259' title='bbox 582 2079 710 2134; x_wconf 90' lang='lat' dir='ltr'><strong>item</strong></span> <span class='ocrx_word' id='word_1_260' title='bbox 762 2087 819 2133; x_wconf 92' lang='lat' dir='ltr'><strong>et</strong></span> <span class='ocrx_word' id='word_1_261' title='bbox 861 2076 1096 2145; x_wconf 88' lang='lat' dir='ltr'><strong>reliquos</strong></span> <span class='ocrx_word' id='word_1_262' title='bbox 1152 2091 1248 2147; x_wconf 89' lang='lat' dir='ltr'><strong>per</strong></span> <span class='ocrx_word' id='word_1_263' title='bbox 1285 2080 1529 2146; x_wconf 86' lang='lat' dir='ltr'><strong>tempora</strong></span> <span class='ocrx_word' id='word_1_264' title='bbox 1580 2075 1885 2145; x_wconf 82' lang='lat' dir='ltr'><strong>magistros.</strong></span> <span class='ocrx_word' id='word_1_265' title='bbox 1916 2073 1985 2125; x_wconf 86' lang='lat' dir='ltr'><strong>At</strong></span> 
     </span>
    </p>
   </div>
   <div class='ocr_carea' id='block_1_38' title="bbox 416 2165 1985 2241">
    <p class='ocr_par' dir='ltr' id='par_1_38' title="bbox 416 2165 1985 2241">
     <span class='ocr_line' id='line_1_38' title="bbox 416 2165 1985 2241; baseline -0.003 -17"><span class='ocrx_word' id='word_1_266' title='bbox 416 2172 593 2227; x_wconf 85' lang='lat' dir='ltr'><strong>virum</strong></span> <span class='ocrx_word' id='word_1_267' title='bbox 626 2185 851 2241; x_wconf 87' lang='lat' dir='ltr'><strong>pravum</strong></span> <span class='ocrx_word' id='word_1_268' title='bbox 886 2170 1016 2225; x_wconf 87' lang='lat' dir='ltr'><strong>dicit</strong></span> <span class='ocrx_word' id='word_1_269' title='bbox 1043 2168 1343 2232; x_wconf 84' lang='lat' dir='ltr'><strong>Theudam,</strong></span> <span class='ocrx_word' id='word_1_270' title='bbox 1376 2178 1431 2223; x_wconf 87' lang='lat' dir='ltr'><strong>et</strong></span> <span class='ocrx_word' id='word_1_271' title='bbox 1467 2165 1680 2232; x_wconf 90' lang='lat' dir='ltr'><strong>Judam,</strong></span> <span class='ocrx_word' id='word_1_272' title='bbox 1708 2174 1761 2220; x_wconf 92' lang='lat' dir='ltr'><strong>et</strong></span> <span class='ocrx_word' id='word_1_273' title='bbox 1787 2165 1985 2220; x_wconf 83' lang='lat' dir='ltr'><strong>Samo—</strong></span> 
     </span>
    </p>
   </div>
   <div class='ocr_carea' id='block_1_39' title="bbox 415 2255 1986 2328">
    <p class='ocr_par' dir='ltr' id='par_1_39' title="bbox 415 2255 1986 2328">
     <span class='ocr_line' id='line_1_39' title="bbox 415 2255 1986 2328; baseline -0.005 -11"><span class='ocrx_word' id='word_1_274' title='bbox 415 2270 713 2328; x_wconf 90' lang='lat' dir='ltr'><strong>satensem,</strong></span> <span class='ocrx_word' id='word_1_275' title='bbox 760 2271 817 2317; x_wconf 91' lang='lat' dir='ltr'><strong>et</strong></span> <span class='ocrx_word' id='word_1_276' title='bbox 850 2275 1040 2316; x_wconf 89' lang='lat' dir='ltr'><strong>eorum</strong></span> <span class='ocrx_word' id='word_1_277' title='bbox 1100 2258 1385 2314; x_wconf 67' lang='lat' dir='ltr'><strong>sententiae</strong></span> <span class='ocrx_word' id='word_1_278' title='bbox 1410 2257 1679 2312; x_wconf 91' lang='lat' dir='ltr'><strong>homines.</strong></span> <span class='ocrx_word' id='word_1_279' title='bbox 1714 2255 1790 2309; x_wconf 91' lang='lat' dir='ltr'><strong>De</strong></span> <span class='ocrx_word' id='word_1_280' title='bbox 1815 2270 1986 2325; x_wconf 87' lang='lat' dir='ltr'><strong>pravo</strong></span> 
     </span>
    </p>
   </div>
   <div class='ocr_carea' id='block_1_40' title="bbox 414 2347 1981 2424">
    <p class='ocr_par' dir='ltr' id='par_1_40' title="bbox 414 2347 1981 2424">
     <span class='ocr_line' id='line_1_40' title="bbox 414 2347 1981 2424; baseline -0.006 -17"><span class='ocrx_word' id='word_1_281' title='bbox 414 2354 630 2424; x_wconf 86' lang='lat' dir='ltr'><strong>quidem</strong></span> <span class='ocrx_word' id='word_1_282' title='bbox 668 2353 886 2408; x_wconf 88' lang='lat' dir='ltr'><strong>homine</strong></span> <span class='ocrx_word' id='word_1_283' title='bbox 914 2351 989 2405; x_wconf 86' lang='lat' dir='ltr'><strong>ait</strong></span> <span class='ocrx_word' id='word_1_284' title='bbox 1013 2351 1179 2405; x_wconf 82' lang='lat' dir='ltr'><strong>David</strong></span> <span class='ocrx_word' id='word_1_285' title='bbox 1198 2348 1318 2382; x_wconf 75' lang='grc'><strong>⁸⁷⁸⁸⁸</strong></span> <span class='ocrx_word' id='word_1_286' title='bbox 1351 2367 1365 2404; x_wconf 89' lang='lat'><strong>:</strong></span> <span class='ocrx_word' id='word_1_287' title='bbox 1392 2347 1561 2418; x_wconf 85' lang='lat' dir='ltr'><strong>Super</strong></span> <span class='ocrx_word' id='word_1_288' title='bbox 1576 2364 1692 2401; x_wconf 86' lang='lat' dir='ltr'><strong>eum</strong></span> <span class='ocrx_word' id='word_1_289' title='bbox 1717 2348 1981 2411; x_wconf 82' lang='lat' dir='ltr'><strong>ridebunt,</strong></span> 
     </span>
    </p>
   </div>
   <div class='ocr_carea' id='block_1_41' title="bbox 412 2437 1979 2513">
    <p class='ocr_par' dir='ltr' id='par_1_41' title="bbox 412 2437 1979 2513">
     <span class='ocr_line' id='line_1_41' title="bbox 412 2437 1979 2513; baseline -0.006 -13"><span class='ocrx_word' id='word_1_290' title='bbox 412 2456 462 2501; x_wconf 90' lang='lat' dir='ltr'><strong>et</strong></span> <span class='ocrx_word' id='word_1_291' title='bbox 495 2446 669 2500; x_wconf 83' lang='lat' dir='ltr'><strong>dicent</strong></span> <span class='ocrx_word' id='word_1_292' title='bbox 696 2463 714 2500; x_wconf 92' lang='lat'><em>:</em></span> <span class='ocrx_word' id='word_1_293' title='bbox 748 2445 884 2499; x_wconf 88' lang='lat' dir='ltr'><strong>Ecce</strong></span> <span class='ocrx_word' id='word_1_294' title='bbox 922 2446 1075 2501; x_wconf 87' lang='lat' dir='ltr'><strong>homo</strong></span> <span class='ocrx_word' id='word_1_295' title='bbox 1104 2443 1195 2513; x_wconf 86' lang='lat' dir='ltr'><strong>qui</strong></span> <span class='ocrx_word' id='word_1_296' title='bbox 1220 2458 1323 2497; x_wconf 84' lang='lat' dir='ltr'><strong>non</strong></span> <span class='ocrx_word' id='word_1_297' title='bbox 1368 2440 1544 2510; x_wconf 75' lang='lat' dir='ltr'><strong>posuit</strong></span> <span class='ocrx_word' id='word_1_298' title='bbox 1570 2439 1734 2493; x_wconf 86' lang='lat' dir='ltr'><strong>Deum</strong></span> <span class='ocrx_word' id='word_1_299' title='bbox 1765 2437 1979 2507; x_wconf 67' lang='lat' dir='ltr'><strong>adjuto~</strong></span> 
     </span>
    </p>
   </div>
   <div class='ocr_carea' id='block_1_42' title="bbox 412 2555 727 2595">
    <p class='ocr_par' dir='ltr' id='par_1_42' title="bbox 412 2555 727 2595">
     <span class='ocr_line' id='line_1_42' title="bbox 412 2555 727 2595; baseline -0.003 -1"><span class='ocrx_word' id='word_1_300' title='bbox 412 2555 520 2595; x_wconf 85' lang='lat' dir='ltr'><strong>rem</strong></span> <span class='ocrx_word' id='word_1_301' title='bbox 552 2555 727 2594; x_wconf 79' lang='lat' dir='ltr'><strong>suum.</strong></span> 
     </span>
    </p>
   </div>
   <div class='ocr_carea' id='block_1_43' title="bbox 488 2621 1985 2698">
    <p class='ocr_par' dir='ltr' id='par_1_43' title="bbox 488 2621 1985 2698">
     <span class='ocr_line' id='line_1_43' title="bbox 488 2621 1985 2698; baseline -0.006 -13"><span class='ocrx_word' id='word_1_302' title='bbox 488 2628 605 2685; x_wconf 80' lang='lat' dir='ltr'><strong>Viri</strong></span> <span class='ocrx_word' id='word_1_303' title='bbox 639 2626 960 2698; x_wconf 83' lang='lat' dir='ltr'><strong>sanguinum</strong></span> <span class='ocrx_word' id='word_1_304' title='bbox 1006 2627 1280 2680; x_wconf 71' lang='lat' dir='ltr'><strong>daemones</strong></span> <span class='ocrx_word' id='word_1_305' title='bbox 1316 2632 1461 2691; x_wconf 85' lang='lat' dir='ltr'><strong>sunt,</strong></span> <span class='ocrx_word' id='word_1_306' title='bbox 1504 2623 1597 2693; x_wconf 89' lang='lat' dir='ltr'><strong>qui</strong></span> <span class='ocrx_word' id='word_1_307' title='bbox 1642 2621 1886 2678; x_wconf 85' lang='lat' dir='ltr'><strong>homines</strong></span> <span class='ocrx_word' id='word_1_308' title='bbox 1932 2623 1985 2676; x_wconf 93' lang='lat' dir='ltr'><strong>in</strong></span> 
     </span>
    </p>
   </div>
   <div class='ocr_carea' id='block_1_44' title="bbox 421 2713 1987 2787">
    <p class='ocr_par' dir='ltr' id='par_1_44' title="bbox 421 2713 1987 2787">
     <span class='ocr_line' id='line_1_44' title="bbox 421 2713 1987 2787; baseline -0.006 -11"><span class='ocrx_word' id='word_1_309' title='bbox 421 2720 646 2777; x_wconf 86' lang='lat' dir='ltr'><strong>Christo</strong></span> <span class='ocrx_word' id='word_1_310' title='bbox 665 2720 912 2774; x_wconf 88' lang='lat' dir='ltr'><strong>viventes</strong></span> <span class='ocrx_word' id='word_1_311' title='bbox 935 2716 1213 2787; x_wconf 84' lang='lat' dir='ltr'><strong>sanguinis</strong></span> <span class='ocrx_word' id='word_1_312' title='bbox 1230 2715 1495 2770; x_wconf 82' lang='lat' dir='ltr'><strong>ell&#39;usione</strong></span> <span class='ocrx_word' id='word_1_313' title='bbox 1514 2714 1789 2769; x_wconf 91' lang='lat' dir='ltr'><strong>occidunt.</strong></span> <span class='ocrx_word' id='word_1_314' title='bbox 1816 2715 1859 2747; x_wconf 77' lang='grc'><strong>⁸⁸</strong></span> <span class='ocrx_word' id='word_1_315' title='bbox 1883 2713 1987 2767; x_wconf 75' lang='grc' dir='ltr'><strong>Βε-</strong></span> 
     </span>
    </p>
   </div>
   <div class='ocr_carea' id='block_1_45' title="bbox 416 2806 1989 2881">
    <p class='ocr_par' dir='ltr' id='par_1_45' title="bbox 416 2806 1989 2881">
     <span class='ocr_line' id='line_1_45' title="bbox 416 2806 1989 2881; baseline -0.003 -15"><span class='ocrx_word' id='word_1_316' title='bbox 416 2814 489 2867; x_wconf 84' lang='lat' dir='ltr'><strong>eti</strong></span> <span class='ocrx_word' id='word_1_317' title='bbox 518 2820 697 2866; x_wconf 89' lang='lat' dir='ltr'><strong>autem</strong></span> <span class='ocrx_word' id='word_1_318' title='bbox 734 2808 1026 2881; x_wconf 84' lang='lat' dir='ltr'><strong>exquirent</strong></span> <span class='ocrx_word' id='word_1_319' title='bbox 1053 2808 1290 2863; x_wconf 88' lang='lat' dir='ltr'><strong>animam</strong></span> <span class='ocrx_word' id='word_1_320' title='bbox 1321 2808 1459 2879; x_wconf 84' lang='lat' dir='ltr'><strong>ejus.</strong></span> <span class='ocrx_word' id='word_1_321' title='bbox 1492 2806 1556 2861; x_wconf 86' lang='lat' dir='ltr'><strong>Hi</strong></span> <span class='ocrx_word' id='word_1_322' title='bbox 1581 2817 1707 2861; x_wconf 89' lang='lat' dir='ltr'><strong>sunt</strong></span> <span class='ocrx_word' id='word_1_323' title='bbox 1744 2808 1834 2877; x_wconf 93' lang='lat' dir='ltr'><strong>qui</strong></span> <span class='ocrx_word' id='word_1_324' title='bbox 1869 2808 1989 2862; x_wconf 77' lang='lat' dir='ltr'><strong>illo-</strong></span> 
     </span>
    </p>
   </div>
   <div class='ocr_carea' id='block_1_46' title="bbox 421 2900 1984 2974">
    <p class='ocr_par' dir='ltr' id='par_1_46' title="bbox 421 2900 1984 2974">
     <span class='ocr_line' id='line_1_46' title="bbox 421 2900 1984 2974; baseline -0.004 -15"><span class='ocrx_word' id='word_1_325' title='bbox 421 2906 539 2960; x_wconf 83' lang='lat' dir='ltr'><strong>rum</strong></span> <span class='ocrx_word' id='word_1_326' title='bbox 568 2913 689 2960; x_wconf 90' lang='lat' dir='ltr'><strong>acta</strong></span> <span class='ocrx_word' id='word_1_327' title='bbox 714 2912 767 2960; x_wconf 87' lang='lat' dir='ltr'><strong>et</strong></span> <span class='ocrx_word' id='word_1_328' title='bbox 787 2904 1044 2974; x_wconf 80' lang='lat' dir='ltr'><strong>cogitata,</strong></span> <span class='ocrx_word' id='word_1_329' title='bbox 1071 2910 1253 2958; x_wconf 91' lang='lat' dir='ltr'><strong>mente</strong></span> <span class='ocrx_word' id='word_1_330' title='bbox 1275 2910 1331 2956; x_wconf 91' lang='lat' dir='ltr'><strong>et</strong></span> <span class='ocrx_word' id='word_1_331' title='bbox 1356 2915 1523 2971; x_wconf 91' lang='lat' dir='ltr'><strong>opere</strong></span> <span class='ocrx_word' id='word_1_332' title='bbox 1545 2900 1745 2955; x_wconf 90' lang='lat' dir='ltr'><strong>imitari</strong></span> <span class='ocrx_word' id='word_1_333' title='bbox 1774 2900 1984 2955; x_wconf 86' lang='lat' dir='ltr'><strong>volunt.</strong></span> 
     </span>
    </p>
   </div>
   <div class='ocr_carea' id='block_1_47' title="bbox 493 3084 2053 3184">
    <p class='ocr_par' dir='ltr' id='par_1_47' title="bbox 493 3084 2053 3184">
     <span class='ocr_line' id='line_1_47' title="bbox 493 3084 2053 3184; baseline -0.002 -42"><span class='ocrx_word' id='word_1_334' title='bbox 493 3088 705 3142; x_wconf 81' lang='lat' dir='ltr'><strong>Revera</strong></span> <span class='ocrx_word' id='word_1_335' title='bbox 754 3085 980 3141; x_wconf 89' lang='lat' dir='ltr'><strong>insanus</strong></span> <span class='ocrx_word' id='word_1_336' title='bbox 1033 3084 1371 3141; x_wconf 88' lang='lat' dir='ltr'><strong>iracundiam</strong></span> <span class='ocrx_word' id='word_1_337' title='bbox 1399 3098 1551 3139; x_wconf 89' lang='lat' dir='ltr'><strong>suam</strong></span> <span class='ocrx_word' id='word_1_338' title='bbox 1578 3084 1863 3139; x_wconf 91' lang='lat' dir='ltr'><strong>continere</strong></span> <span class='ocrx_word' id='word_1_339' title='bbox 1888 3099 1984 3139; x_wconf 87' lang='lat' dir='ltr'><strong>ne-</strong></span> <span class='ocrx_word' id='word_1_340' title='bbox 2009 3125 2053 3184; x_wconf 64' lang='grc' dir='ltr'>ο</span> 
     </span>
    </p>
   </div>
   <div class='ocr_carea' id='block_1_48' title="bbox 419 3175 1982 3253">
    <p class='ocr_par' dir='ltr' id='par_1_48' title="bbox 419 3175 1982 3253">
     <span class='ocr_line' id='line_1_48' title="bbox 419 3175 1982 3253; baseline -0.004 -17"><span class='ocrx_word' id='word_1_341' title='bbox 419 3183 556 3253; x_wconf 89' lang='lat' dir='ltr'><strong>quit.</strong></span> <span class='ocrx_word' id='word_1_342' title='bbox 593 3180 693 3237; x_wconf 83' lang='lat' dir='ltr'><strong>llic</strong></span> <span class='ocrx_word' id='word_1_343' title='bbox 721 3177 985 3251; x_wconf 87' lang='lat' dir='ltr'><strong>(sapiens)</strong></span> <span class='ocrx_word' id='word_1_344' title='bbox 1016 3186 1195 3232; x_wconf 88' lang='lat' dir='ltr'><strong>autem</strong></span> <span class='ocrx_word' id='word_1_345' title='bbox 1240 3176 1517 3246; x_wconf 84' lang='lat' dir='ltr'><strong>dispensat</strong></span> <span class='ocrx_word' id='word_1_346' title='bbox 1560 3189 1659 3245; x_wconf 89' lang='lat' dir='ltr'><strong>per</strong></span> <span class='ocrx_word' id='word_1_347' title='bbox 1701 3186 1905 3246; x_wconf 89' lang='lat' dir='ltr'><strong>partes,</strong></span> <span class='ocrx_word' id='word_1_348' title='bbox 1928 3175 1982 3230; x_wconf 92' lang='lat' dir='ltr'><strong>id</strong></span> 
     </span>
    </p>
   </div>
   <div class='ocr_carea' id='block_1_49' title="bbox 418 3268 1984 3341">
    <p class='ocr_par' dir='ltr' id='par_1_49' title="bbox 418 3268 1984 3341">
     <span class='ocr_line' id='line_1_49' title="bbox 418 3268 1984 3341; baseline -0.005 -10"><span class='ocrx_word' id='word_1_349' title='bbox 418 3284 526 3341; x_wconf 88' lang='lat' dir='ltr'><strong>est,</strong></span> <span class='ocrx_word' id='word_1_350' title='bbox 563 3275 616 3329; x_wconf 90' lang='lat' dir='ltr'><strong>in</strong></span> <span class='ocrx_word' id='word_1_351' title='bbox 658 3273 820 3329; x_wconf 90' lang='lat' dir='ltr'><strong>rebus</strong></span> <span class='ocrx_word' id='word_1_352' title='bbox 861 3271 1025 3341; x_wconf 85' lang='lat' dir='ltr'><strong>justis</strong></span> <span class='ocrx_word' id='word_1_353' title='bbox 1055 3270 1336 3326; x_wconf 85' lang='lat' dir='ltr'><strong>irascitur.</strong></span> <span class='ocrx_word' id='word_1_354' title='bbox 1364 3269 1489 3324; x_wconf 76' lang='lat' dir='ltr'><strong>&quot;Et</strong></span> <span class='ocrx_word' id='word_1_355' title='bbox 1523 3271 1590 3323; x_wconf 89' lang='lat' dir='ltr'><strong>ad</strong></span> <span class='ocrx_word' id='word_1_356' title='bbox 1627 3268 1984 3338; x_wconf 76' lang='lat' dir='ltr'><strong>simpliciores</strong></span> 
     </span>
    </p>
   </div>
   <div class='ocr_carea' id='block_1_50' title="bbox 418 3358 1980 3438">
    <p class='ocr_par' dir='ltr' id='par_1_50' title="bbox 418 3358 1980 3438">
     <span class='ocr_line' id='line_1_50' title="bbox 418 3358 1980 3438; baseline -0.007 -16"><span class='ocrx_word' id='word_1_357' title='bbox 418 3366 638 3438; x_wconf 90' lang='lat' dir='ltr'><strong>quidem</strong></span> <span class='ocrx_word' id='word_1_358' title='bbox 676 3362 967 3420; x_wconf 87' lang='lat' dir='ltr'><strong>dicendum</strong></span> <span class='ocrx_word' id='word_1_359' title='bbox 1014 3370 1099 3417; x_wconf 88' lang='lat' dir='ltr'><strong>est</strong></span> <span class='ocrx_word' id='word_1_360' title='bbox 1138 3361 1262 3415; x_wconf 89' lang='lat' dir='ltr'><strong>hoc.</strong></span> <span class='ocrx_word' id='word_1_361' title='bbox 1315 3360 1401 3415; x_wconf 91' lang='lat' dir='ltr'><strong>Ad</strong></span> <span class='ocrx_word' id='word_1_362' title='bbox 1446 3358 1717 3414; x_wconf 90' lang='lat' dir='ltr'><strong>doctiores</strong></span> <span class='ocrx_word' id='word_1_363' title='bbox 1750 3366 1931 3412; x_wconf 89' lang='lat' dir='ltr'><strong>autem</strong></span> <span class='ocrx_word' id='word_1_364' title='bbox 1964 3374 1980 3411; x_wconf 88' lang='lat'><strong>:</strong></span> 
     </span>
    </p>
   </div>
   <div class='ocr_carea' id='block_1_51' title="bbox 417 3450 1985 3530">
    <p class='ocr_par' dir='ltr' id='par_1_51' title="bbox 417 3450 1985 3530">
     <span class='ocr_line' id='line_1_51' title="bbox 417 3450 1985 3530; baseline -0.006 -17"><span class='ocrx_word' id='word_1_365' title='bbox 417 3458 510 3530; x_wconf 82' lang='lat' dir='ltr'><strong>qui</strong></span> <span class='ocrx_word' id='word_1_366' title='bbox 558 3471 685 3512; x_wconf 89' lang='lat' dir='ltr'><strong>cum</strong></span> <span class='ocrx_word' id='word_1_367' title='bbox 725 3453 1140 3526; x_wconf 71' lang='lat' dir='ltr'><strong>longanimitate</strong></span> <span class='ocrx_word' id='word_1_368' title='bbox 1191 3453 1462 3509; x_wconf 85' lang='lat' dir='ltr'><strong>consumit</strong></span> <span class='ocrx_word' id='word_1_369' title='bbox 1505 3450 1843 3506; x_wconf 87' lang='lat' dir='ltr'><strong>iracundiam</strong></span> <span class='ocrx_word' id='word_1_370' title='bbox 1888 3463 1985 3519; x_wconf 90' lang='lat' dir='ltr'><strong>per</strong></span> 
     </span>
    </p>
   </div>
   <div class='ocr_carea' id='block_1_52' title="bbox 419 3561 620 3622">
    <p class='ocr_par' dir='ltr' id='par_1_52' title="bbox 419 3561 620 3622">
     <span class='ocr_line' id='line_1_52' title="bbox 419 3561 620 3622; baseline -0.01 -16"><span class='ocrx_word' id='word_1_371' title='bbox 419 3561 620 3622; x_wconf 82' lang='lat' dir='ltr'><strong>partes.</strong></span> 
     </span>
    </p>
   </div>
   <div class='ocr_carea' id='block_1_53' title="bbox 489 3635 1985 3705">
    <p class='ocr_par' dir='ltr' id='par_1_53' title="bbox 489 3635 1985 3705">
     <span class='ocr_line' id='line_1_53' title="bbox 489 3635 1985 3705; baseline -0.005 -8"><span class='ocrx_word' id='word_1_372' title='bbox 489 3643 534 3674; x_wconf 84' lang='lat'>&#39;“</span> <span class='ocrx_word' id='word_1_373' title='bbox 562 3637 990 3696; x_wconf 86' lang='lat' dir='ltr'><strong>Observantibus</strong></span> <span class='ocrx_word' id='word_1_374' title='bbox 1021 3636 1194 3705; x_wconf 70' lang='lat' dir='ltr'><strong>legem</strong></span> <span class='ocrx_word' id='word_1_375' title='bbox 1243 3644 1531 3691; x_wconf 89' lang='lat' dir='ltr'><strong>enarrator</strong></span> <span class='ocrx_word' id='word_1_376' title='bbox 1571 3636 1679 3690; x_wconf 89' lang='lat' dir='ltr'><strong>erit</strong></span> <span class='ocrx_word' id='word_1_377' title='bbox 1725 3635 1985 3691; x_wconf 88' lang='lat' dir='ltr'><strong>Dominus</strong></span> 
     </span>
    </p>
   </div>
   <div class='ocr_carea' id='block_1_54' title="bbox 419 3727 1984 3804">
    <p class='ocr_par' dir='ltr' id='par_1_54' title="bbox 419 3727 1984 3804">
     <span class='ocr_line' id='line_1_54' title="bbox 419 3727 1984 3804; baseline -0.003 -16"><span class='ocrx_word' id='word_1_378' title='bbox 419 3734 477 3788; x_wconf 90' lang='lat' dir='ltr'><strong>in</strong></span> <span class='ocrx_word' id='word_1_379' title='bbox 519 3747 687 3804; x_wconf 76' lang='lat' dir='ltr'><strong>regno</strong></span> <span class='ocrx_word' id='word_1_380' title='bbox 716 3749 731 3786; x_wconf 85' lang='lat'><strong>:</strong></span> <span class='ocrx_word' id='word_1_381' title='bbox 757 3731 1252 3801; x_wconf 74' lang='lat' dir='ltr'><strong>trausgressoribus</strong></span> <span class='ocrx_word' id='word_1_382' title='bbox 1281 3743 1389 3785; x_wconf 89' lang='lat' dir='ltr'><strong>non</strong></span> <span class='ocrx_word' id='word_1_383' title='bbox 1435 3727 1543 3782; x_wconf 91' lang='lat' dir='ltr'><strong>erit</strong></span> <span class='ocrx_word' id='word_1_384' title='bbox 1578 3735 1863 3783; x_wconf 87' lang='lat' dir='ltr'><strong>enarrator</strong></span> <span class='ocrx_word' id='word_1_385' title='bbox 1888 3728 1984 3783; x_wconf 88' lang='lat' dir='ltr'><strong>sed</strong></span> 
     </span>
    </p>
   </div>
   <div class='ocr_carea' id='block_1_55' title="bbox 418 3826 656 3894">
    <p class='ocr_par' dir='ltr' id='par_1_55' title="bbox 418 3826 656 3894">
     <span class='ocr_line' id='line_1_55' title="bbox 418 3826 656 3894; baseline -0.004 -15"><span class='ocrx_word' id='word_1_386' title='bbox 418 3826 656 3894; x_wconf 90' lang='lat' dir='ltr'><strong>punitor.</strong></span> 
     </span>
    </p>
   </div>
   <div class='ocr_carea' id='block_1_56' title="bbox 491 3910 1986 3981">
    <p class='ocr_par' dir='ltr' id='par_1_56' title="bbox 491 3910 1986 3981">
     <span class='ocr_line' id='line_1_56' title="bbox 491 3910 1986 3981; baseline -0.002 -13"><span class='ocrx_word' id='word_1_387' title='bbox 491 3913 767 3969; x_wconf 86' lang='lat' dir='ltr'><strong>Neminem</strong></span> <span class='ocrx_word' id='word_1_388' title='bbox 808 3919 1001 3981; x_wconf 87' lang='lat' dir='ltr'><strong>suapte</strong></span> <span class='ocrx_word' id='word_1_389' title='bbox 1033 3920 1223 3965; x_wconf 86' lang='lat' dir='ltr'><strong>natura</strong></span> <span class='ocrx_word' id='word_1_390' title='bbox 1252 3911 1446 3965; x_wconf 90' lang='lat' dir='ltr'><strong>durum</strong></span> <span class='ocrx_word' id='word_1_391' title='bbox 1477 3925 1601 3967; x_wconf 86' lang='lat' dir='ltr'><strong>esse</strong></span> <span class='ocrx_word' id='word_1_392' title='bbox 1642 3910 1986 3967; x_wconf 86' lang='lat' dir='ltr'><strong>demonstrat</strong></span> 
     </span>
    </p>
   </div>
   <div class='ocr_carea' id='block_1_57' title="bbox 419 4001 1983 4068">
    <p class='ocr_par' dir='ltr' id='par_1_57' title="bbox 419 4001 1983 4068">
     <span class='ocr_line' id='line_1_57' title="bbox 419 4001 1983 4068; baseline -0.002 -8"><span class='ocrx_word' id='word_1_393' title='bbox 419 4005 622 4060; x_wconf 89' lang='lat' dir='ltr'><strong>dictum</strong></span> <span class='ocrx_word' id='word_1_394' title='bbox 648 4002 778 4059; x_wconf 91' lang='lat' dir='ltr'><strong>illud</strong></span> <span class='ocrx_word' id='word_1_395' title='bbox 814 4002 984 4058; x_wconf 83' lang='lat' dir='ltr'><strong>:Nam</strong></span> <span class='ocrx_word' id='word_1_396' title='bbox 1014 4001 1118 4057; x_wconf 86' lang='lat' dir='ltr'><strong>etsi</strong></span> <span class='ocrx_word' id='word_1_397' title='bbox 1166 4001 1517 4068; x_wconf 82' lang='lat' dir='ltr'><strong>intellexerit,</strong></span> <span class='ocrx_word' id='word_1_398' title='bbox 1543 4006 1649 4056; x_wconf 73' lang='lat' dir='ltr'><strong>nun</strong></span> <span class='ocrx_word' id='word_1_399' title='bbox 1683 4003 1983 4058; x_wconf 82' lang='lat' dir='ltr'><strong>obediet&quot;.</strong></span> 
     </span>
    </p>
   </div>
   <div class='ocr_carea' id='block_1_58' title="bbox 418 4092 1987 4164">
    <p class='ocr_par' dir='ltr' id='par_1_58' title="bbox 418 4092 1987 4164">
     <span class='ocr_line' id='line_1_58' title="bbox 418 4092 1987 4164; baseline -0.001 -14"><span class='ocrx_word' id='word_1_400' title='bbox 418 4096 522 4164; x_wconf 84' lang='lat' dir='ltr'><strong>Qui</strong></span> <span class='ocrx_word' id='word_1_401' title='bbox 548 4095 690 4152; x_wconf 91' lang='lat' dir='ltr'><strong>enim</strong></span> <span class='ocrx_word' id='word_1_402' title='bbox 722 4102 913 4163; x_wconf 88' lang='lat' dir='ltr'><strong>suapte</strong></span> <span class='ocrx_word' id='word_1_403' title='bbox 945 4100 1141 4147; x_wconf 88' lang='lat' dir='ltr'><strong>natura</strong></span> <span class='ocrx_word' id='word_1_404' title='bbox 1170 4092 1342 4146; x_wconf 88' lang='lat' dir='ltr'><strong>durus</strong></span> <span class='ocrx_word' id='word_1_405' title='bbox 1374 4100 1482 4157; x_wconf 91' lang='lat' dir='ltr'><strong>est,</strong></span> <span class='ocrx_word' id='word_1_406' title='bbox 1513 4092 1642 4146; x_wconf 90' lang='lat' dir='ltr'><strong>nihil</strong></span> <span class='ocrx_word' id='word_1_407' title='bbox 1670 4103 1875 4147; x_wconf 90' lang='lat' dir='ltr'><strong>rectum</strong></span> <span class='ocrx_word' id='word_1_408' title='bbox 1905 4094 1987 4149; x_wconf 90' lang='lat' dir='ltr'><strong>in-</strong></span> 
     </span>
    </p>
   </div>
   <div class='ocr_carea' id='block_1_59' title="bbox 417 4180 1987 4257">
    <p class='ocr_par' dir='ltr' id='par_1_59' title="bbox 417 4180 1987 4257">
     <span class='ocr_line' id='line_1_59' title="bbox 417 4180 1987 4257; baseline -0.003 -14"><span class='ocrx_word' id='word_1_409' title='bbox 417 4183 642 4257; x_wconf 80' lang='lat' dir='ltr'><strong>telliget.</strong></span> <span class='ocrx_word' id='word_1_410' title='bbox 674 4185 719 4216; x_wconf 83' lang='grc'>⁷³</span> <span class='ocrx_word' id='word_1_411' title='bbox 751 4183 866 4239; x_wconf 85' lang='lat' dir='ltr'><strong>Hoc</strong></span> <span class='ocrx_word' id='word_1_412' title='bbox 891 4193 1071 4237; x_wconf 90' lang='lat' dir='ltr'><strong>autem</strong></span> <span class='ocrx_word' id='word_1_413' title='bbox 1097 4182 1184 4237; x_wconf 87' lang='lat' dir='ltr'><strong>aio</strong></span> <span class='ocrx_word' id='word_1_414' title='bbox 1212 4191 1435 4251; x_wconf 90' lang='lat' dir='ltr'><strong>propter</strong></span> <span class='ocrx_word' id='word_1_415' title='bbox 1465 4180 1804 4237; x_wconf 87' lang='lat' dir='ltr'><strong>Pharaonem</strong></span> <span class='ocrx_word' id='word_1_416' title='bbox 1829 4184 1987 4239; x_wconf 89' lang='lat' dir='ltr'><strong>indu-</strong></span> 
     </span>
    </p>
   </div>
   <div class='ocr_carea' id='block_1_60' title="bbox 415 4276 1986 4348">
    <p class='ocr_par' dir='ltr' id='par_1_60' title="bbox 415 4276 1986 4348">
     <span class='ocr_line' id='line_1_60' title="bbox 415 4276 1986 4348; baseline -0.004 -11"><span class='ocrx_word' id='word_1_417' title='bbox 415 4292 594 4337; x_wconf 90' lang='lat' dir='ltr'><strong>ratum</strong></span> <span class='ocrx_word' id='word_1_418' title='bbox 634 4290 823 4336; x_wconf 87' lang='lat' dir='ltr'><strong>contra</strong></span> <span class='ocrx_word' id='word_1_419' title='bbox 854 4276 1132 4343; x_wconf 88' lang='lat' dir='ltr'><strong>lsraelem,</strong></span> <span class='ocrx_word' id='word_1_420' title='bbox 1172 4287 1230 4333; x_wconf 90' lang='lat' dir='ltr'><strong>et</strong></span> <span class='ocrx_word' id='word_1_421' title='bbox 1279 4290 1387 4331; x_wconf 90' lang='lat' dir='ltr'><strong>non</strong></span> <span class='ocrx_word' id='word_1_422' title='bbox 1417 4276 1603 4332; x_wconf 86' lang='lat' dir='ltr'><strong>verbis</strong></span> <span class='ocrx_word' id='word_1_423' title='bbox 1627 4278 1722 4333; x_wconf 87' lang='lat' dir='ltr'><strong>sed</strong></span> <span class='ocrx_word' id='word_1_424' title='bbox 1750 4280 1986 4348; x_wconf 80' lang='lat' dir='ltr'><strong>castiga-</strong></span> 
     </span>
    </p>
   </div>
   <div class='ocr_carea' id='block_1_61' title="bbox 414 4371 985 4432">
    <p class='ocr_par' dir='ltr' id='par_1_61' title="bbox 414 4371 985 4432">
     <span class='ocr_line' id='line_1_61' title="bbox 414 4371 985 4432; baseline -0.016 -1"><span class='ocrx_word' id='word_1_425' title='bbox 414 4376 659 4432; x_wconf 88' lang='lat' dir='ltr'><strong>tionibus</strong></span> <span class='ocrx_word' id='word_1_426' title='bbox 686 4371 985 4428; x_wconf 88' lang='lat' dir='ltr'><strong>eruditum.</strong></span> 
     </span>
    </p>
   </div>
   <div class='ocr_carea' id='block_1_62' title="bbox 2086 1888 3665 1964">
    <p class='ocr_par' dir='ltr' id='par_1_62' title="bbox 2086 1888 3665 1964">
     <span class='ocr_line' id='line_1_62' title="bbox 2086 1888 3665 1964; baseline 0.003 -23"><span class='ocrx_word' id='word_1_427' title='bbox 2086 1905 2196 1944; x_wconf 88' lang='grc' dir='ltr'>νειν</span> <span class='ocrx_word' id='word_1_428' title='bbox 2221 1888 2347 1960; x_wconf 73' lang='grc' dir='ltr'>ἔθνη</span> <span class='ocrx_word' id='word_1_429' title='bbox 2369 1930 2384 1954; x_wconf 93' lang='grc'><strong>,</strong></span> <span class='ocrx_word' id='word_1_430' title='bbox 2424 1889 2515 1944; x_wconf 82' lang='grc' dir='ltr'><strong>τὸν</strong></span> <span class='ocrx_word' id='word_1_431' title='bbox 2546 1890 2749 1963; x_wconf 84' lang='grc' dir='ltr'>Πέτρον</span> <span class='ocrx_word' id='word_1_432' title='bbox 2782 1892 2934 1964; x_wconf 73' lang='grc' dir='ltr'>φησὶ,</span> <span class='ocrx_word' id='word_1_433' title='bbox 2966 1892 3060 1946; x_wconf 85' lang='grc' dir='ltr'><strong>τὸν</strong></span> <span class='ocrx_word' id='word_1_434' title='bbox 3097 1892 3194 1964; x_wconf 82' lang='grc' dir='ltr'>τὴν</span> <span class='ocrx_word' id='word_1_435' title='bbox 3227 1892 3546 1962; x_wconf 80' lang='grc' dir='ltr'>οἰκουμένην</span> <span class='ocrx_word' id='word_1_436' title='bbox 3579 1891 3665 1945; x_wconf 75' lang='grc' dir='ltr'>δι-</span> 
     </span>
    </p>
   </div>
   <div class='ocr_carea' id='block_1_63' title="bbox 2084 1980 3660 2053">
    <p class='ocr_par' dir='ltr' id='par_1_63' title="bbox 2084 1980 3660 2053">
     <span class='ocr_line' id='line_1_63' title="bbox 2084 1980 3660 2053; baseline 0.003 -21"><span class='ocrx_word' id='word_1_437' title='bbox 2084 1980 2316 2046; x_wconf 80' lang='grc' dir='ltr'>δάξαντα</span> <span class='ocrx_word' id='word_1_438' title='bbox 2346 1980 2443 2052; x_wconf 83' lang='grc' dir='ltr'>τὴν</span> <span class='ocrx_word' id='word_1_439' title='bbox 2481 1982 2562 2045; x_wconf 85' lang='grc' dir='ltr'><strong>είς</strong></span> <span class='ocrx_word' id='word_1_440' title='bbox 2598 1982 2831 2053; x_wconf 84' lang='grc' dir='ltr'>Χριστὸν</span> <span class='ocrx_word' id='word_1_441' title='bbox 2858 1984 3039 2037; x_wconf 89' lang='grc' dir='ltr'>πίστιν</span> <span class='ocrx_word' id='word_1_442' title='bbox 3065 1984 3159 2038; x_wconf 73' lang='grc' dir='ltr'><strong>καὶ</strong></span> <span class='ocrx_word' id='word_1_443' title='bbox 3198 1983 3477 2036; x_wconf 79' lang='grc' dir='ltr'>εὐσέϐειαν</span> <span class='ocrx_word' id='word_1_444' title='bbox 3509 1982 3623 2053; x_wconf 77' lang='grc'>(25)</span> <span class='ocrx_word' id='word_1_445' title='bbox 3644 1999 3660 2013; x_wconf 87' lang='grc'><strong>·</strong></span> 
     </span>
    </p>
   </div>
   <div class='ocr_carea' id='block_1_64' title="bbox 2085 2068 3661 2144">
    <p class='ocr_par' dir='ltr' id='par_1_64' title="bbox 2085 2068 3661 2144">
     <span class='ocr_line' id='line_1_64' title="bbox 2085 2068 3661 2144; baseline 0.004 -24"><span class='ocrx_word' id='word_1_446' title='bbox 2085 2069 2178 2121; x_wconf 76' lang='grc' dir='ltr'>καὶ</span> <span class='ocrx_word' id='word_1_447' title='bbox 2198 2068 2428 2131; x_wconf 78' lang='grc' dir='ltr'>Παῦλον,</span> <span class='ocrx_word' id='word_1_448' title='bbox 2457 2070 2694 2135; x_wconf 75' lang='grc' dir='ltr'>καὶτοὺς</span> <span class='ocrx_word' id='word_1_449' title='bbox 2721 2070 2939 2136; x_wconf 82' lang='grc' dir='ltr'>λοιποὺς</span> <span class='ocrx_word' id='word_1_450' title='bbox 2964 2074 3254 2144; x_wconf 88' lang='grc' dir='ltr'>μετέπειτα</span> <span class='ocrx_word' id='word_1_451' title='bbox 3275 2073 3630 2137; x_wconf 85' lang='grc' dir='ltr'>διδασκάλους</span> <span class='ocrx_word' id='word_1_452' title='bbox 3644 2090 3661 2106; x_wconf 79' lang='grc' dir='ltr'><strong><em>ο</em></strong></span> 
     </span>
    </p>
   </div>
   <div class='ocr_carea' id='block_1_65' title="bbox 2093 2161 3665 2233">
    <p class='ocr_par' dir='ltr' id='par_1_65' title="bbox 2093 2161 3665 2233">
     <span class='ocr_line' id='line_1_65' title="bbox 2093 2161 3665 2233; baseline 0.003 -19"><span class='ocrx_word' id='word_1_453' title='bbox 2093 2161 2262 2233; x_wconf 79' lang='grc' dir='ltr'>ἄνδρα</span> <span class='ocrx_word' id='word_1_454' title='bbox 2292 2162 2349 2215; x_wconf 86' lang='grc' dir='ltr'><strong>δὲ</strong></span> <span class='ocrx_word' id='word_1_455' title='bbox 2378 2162 2580 2232; x_wconf 77' lang='grc' dir='ltr'>φαῦλον</span> <span class='ocrx_word' id='word_1_456' title='bbox 2598 2204 2613 2229; x_wconf 88' lang='grc'><strong>,</strong></span> <span class='ocrx_word' id='word_1_457' title='bbox 2642 2164 2769 2229; x_wconf 85' lang='grc' dir='ltr'>τοὺς</span> <span class='ocrx_word' id='word_1_458' title='bbox 2788 2165 2927 2220; x_wconf 88' lang='grc' dir='ltr'><strong>κατά</strong></span> <span class='ocrx_word' id='word_1_459' title='bbox 2956 2165 3159 2220; x_wconf 81' lang='grc' dir='ltr'>Θευδᾶν</span> <span class='ocrx_word' id='word_1_460' title='bbox 3179 2167 3273 2220; x_wconf 76' lang='grc' dir='ltr'><strong>καὶ</strong></span> <span class='ocrx_word' id='word_1_461' title='bbox 3307 2165 3528 2229; x_wconf 84' lang='grc' dir='ltr'>Ἰούδαν,</span> <span class='ocrx_word' id='word_1_462' title='bbox 3558 2166 3665 2219; x_wconf 74' lang='grc' dir='ltr'><strong>καὶ</strong></span> 
     </span>
    </p>
   </div>
   <div class='ocr_carea' id='block_1_66' title="bbox 2086 2255 3664 2330">
    <p class='ocr_par' dir='ltr' id='par_1_66' title="bbox 2086 2255 3664 2330">
     <span class='ocr_line' id='line_1_66' title="bbox 2086 2255 3664 2330; baseline 0.003 -24"><span class='ocrx_word' id='word_1_463' title='bbox 2086 2255 2410 2325; x_wconf 88' lang='grc' dir='ltr'>Σαμοσατέα</span> <span class='ocrx_word' id='word_1_464' title='bbox 2437 2255 2583 2328; x_wconf 86' lang='grc'>(26),</span> <span class='ocrx_word' id='word_1_465' title='bbox 2619 2257 2713 2311; x_wconf 80' lang='grc' dir='ltr'><strong>καὶ</strong></span> <span class='ocrx_word' id='word_1_466' title='bbox 2743 2259 2870 2321; x_wconf 87' lang='grc' dir='ltr'>τοὺς</span> <span class='ocrx_word' id='word_1_467' title='bbox 2905 2257 3105 2312; x_wconf 90' lang='grc' dir='ltr'>τούτων</span> <span class='ocrx_word' id='word_1_468' title='bbox 3132 2258 3455 2330; x_wconf 80' lang='grc' dir='ltr'>ὁμόφρονας·</span> <span class='ocrx_word' id='word_1_469' title='bbox 3477 2258 3569 2310; x_wconf 74' lang='grc' dir='ltr'><strong>ἐπὶ</strong></span> <span class='ocrx_word' id='word_1_470' title='bbox 3602 2256 3664 2310; x_wconf 73' lang='grc' dir='ltr'><strong>δὲ</strong></span> 
     </span>
    </p>
   </div>
   <div class='ocr_carea' id='block_1_67' title="bbox 2085 2346 3665 2421">
    <p class='ocr_par' dir='ltr' id='par_1_67' title="bbox 2085 2346 3665 2421">
     <span class='ocr_line' id='line_1_67' title="bbox 2085 2346 3665 2421; baseline 0.003 -20"><span class='ocrx_word' id='word_1_471' title='bbox 2085 2348 2176 2401; x_wconf 85' lang='grc' dir='ltr'><strong>τὸν</strong></span> <span class='ocrx_word' id='word_1_472' title='bbox 2204 2346 2401 2417; x_wconf 81' lang='grc' dir='ltr'>φαῦλόν</span> <span class='ocrx_word' id='word_1_473' title='bbox 2421 2348 2535 2418; x_wconf 87' lang='grc'>(27)</span> <span class='ocrx_word' id='word_1_474' title='bbox 2566 2351 2770 2421; x_wconf 83' lang='grc' dir='ltr'>φησινὸ</span> <span class='ocrx_word' id='word_1_475' title='bbox 2801 2349 2961 2404; x_wconf 80' lang='grc' dir='ltr'><strong>Δαυῖδ</strong></span> <span class='ocrx_word' id='word_1_476' title='bbox 2980 2367 2991 2380; x_wconf 91' lang='grc'>·</span> <span class='ocrx_word' id='word_1_477' title='bbox 3024 2350 3133 2404; x_wconf 81' lang='grc' dir='ltr'><strong>Καὶ</strong></span> <span class='ocrx_word' id='word_1_478' title='bbox 3155 2350 3446 2406; x_wconf 80' lang='grc' dir='ltr'><strong>ἐπάὐτὸν</strong></span> <span class='ocrx_word' id='word_1_479' title='bbox 3476 2349 3665 2421; x_wconf 73' lang='grc' dir='ltr'>γελά-</span> 
     </span>
    </p>
   </div>
   <div class='ocr_carea' id='block_1_68' title="bbox 2086 2439 3665 2512">
    <p class='ocr_par' dir='ltr' id='par_1_68' title="bbox 2086 2439 3665 2512">
     <span class='ocr_line' id='line_1_68' title="bbox 2086 2439 3665 2512; baseline 0.003 -18"><span class='ocrx_word' id='word_1_480' title='bbox 2086 2455 2315 2507; x_wconf 74' lang='grc' dir='ltr'>σονται,</span> <span class='ocrx_word' id='word_1_481' title='bbox 2332 2439 2430 2493; x_wconf 75' lang='grc' dir='ltr'>καὶ</span> <span class='ocrx_word' id='word_1_482' title='bbox 2450 2440 2696 2509; x_wconf 82' lang='grc' dir='ltr'>ἐροῦσιν</span> <span class='ocrx_word' id='word_1_483' title='bbox 2709 2459 2722 2472; x_wconf 90' lang='grc'>·</span> <span class='ocrx_word' id='word_1_484' title='bbox 2753 2440 2912 2497; x_wconf 84' lang='grc' dir='ltr'>Ἰδοὺ</span> <span class='ocrx_word' id='word_1_485' title='bbox 2931 2441 3258 2512; x_wconf 78' lang='grc' dir='ltr'>ἄνθρωπος,</span> <span class='ocrx_word' id='word_1_486' title='bbox 3272 2443 3339 2511; x_wconf 82' lang='grc' dir='ltr'>ὃς</span> <span class='ocrx_word' id='word_1_487' title='bbox 3357 2445 3465 2498; x_wconf 83' lang='grc' dir='ltr'>οὐκ</span> <span class='ocrx_word' id='word_1_488' title='bbox 3486 2444 3665 2499; x_wconf 77' lang='grc' dir='ltr'>ἕθετο</span> 
     </span>
    </p>
   </div>
   <div class='ocr_carea' id='block_1_69' title="bbox 2086 2530 2855 2601">
    <p class='ocr_par' dir='ltr' id='par_1_69' title="bbox 2086 2530 2855 2601">
     <span class='ocr_line' id='line_1_69' title="bbox 2086 2530 2855 2601; baseline 0.007 -18"><span class='ocrx_word' id='word_1_489' title='bbox 2086 2530 2191 2584; x_wconf 83' lang='grc' dir='ltr'><strong>τὸν</strong></span> <span class='ocrx_word' id='word_1_490' title='bbox 2216 2530 2365 2585; x_wconf 77' lang='grc' dir='ltr'><strong>Θεὸν</strong></span> <span class='ocrx_word' id='word_1_491' title='bbox 2384 2532 2620 2601; x_wconf 79' lang='grc' dir='ltr'>βοηθὸν</span> <span class='ocrx_word' id='word_1_492' title='bbox 2649 2533 2855 2588; x_wconf 85' lang='grc' dir='ltr'>αὐτοῦ.</span> 
     </span>
    </p>
   </div>
   <div class='ocr_carea' id='block_1_70' title="bbox 2160 2623 3664 2697">
    <p class='ocr_par' dir='ltr' id='par_1_70' title="bbox 2160 2623 3664 2697">
     <span class='ocr_line' id='line_1_70' title="bbox 2160 2623 3664 2697; baseline 0.005 -22"><span class='ocrx_word' id='word_1_493' title='bbox 2160 2623 2382 2695; x_wconf 75' lang='grc' dir='ltr'>Ἄνδρες</span> <span class='ocrx_word' id='word_1_494' title='bbox 2428 2624 2674 2694; x_wconf 77' lang='grc' dir='ltr'>αἱμάτων</span> <span class='ocrx_word' id='word_1_495' title='bbox 2721 2625 2770 2679; x_wconf 79' lang='grc' dir='ltr'>οἱ</span> <span class='ocrx_word' id='word_1_496' title='bbox 2826 2625 3076 2697; x_wconf 85' lang='grc' dir='ltr'>δαίμονές</span> <span class='ocrx_word' id='word_1_497' title='bbox 3120 2628 3282 2693; x_wconf 78' lang='grc' dir='ltr'>εἰσιν,</span> <span class='ocrx_word' id='word_1_498' title='bbox 3332 2628 3380 2681; x_wconf 79' lang='grc' dir='ltr'><strong>οἱ</strong></span> <span class='ocrx_word' id='word_1_499' title='bbox 3421 2629 3547 2693; x_wconf 82' lang='grc' dir='ltr'>τοὺς</span> <span class='ocrx_word' id='word_1_500' title='bbox 3594 2632 3664 2683; x_wconf 81' lang='grc' dir='ltr'>ὲν</span> 
     </span>
    </p>
   </div>
   <div class='ocr_carea' id='block_1_71' title="bbox 2086 2716 3662 2791">
    <p class='ocr_par' dir='ltr' id='par_1_71' title="bbox 2086 2716 3662 2791">
     <span class='ocr_line' id='line_1_71' title="bbox 2086 2716 3662 2791; baseline 0.004 -20"><span class='ocrx_word' id='word_1_501' title='bbox 2086 2716 2306 2791; x_wconf 83' lang='grc' dir='ltr'>Χριστῷ</span> <span class='ocrx_word' id='word_1_502' title='bbox 2347 2717 2555 2783; x_wconf 80' lang='grc' dir='ltr'>ζῶντας</span> <span class='ocrx_word' id='word_1_503' title='bbox 2592 2719 2816 2790; x_wconf 86' lang='grc' dir='ltr'>ὲκχύσει</span> <span class='ocrx_word' id='word_1_504' title='bbox 2846 2719 3078 2791; x_wconf 79' lang='grc' dir='ltr'>αἵματος</span> <span class='ocrx_word' id='word_1_505' title='bbox 3120 2720 3564 2786; x_wconf 80' lang='grc' dir='ltr'>ἀποκτείναντες·</span> <span class='ocrx_word' id='word_1_506' title='bbox 3606 2724 3662 2777; x_wconf 77' lang='grc' dir='ltr'>οἱ</span> 
     </span>
    </p>
   </div>
   <div class='ocr_carea' id='block_1_72' title="bbox 2086 2802 3663 2880">
    <p class='ocr_par' dir='ltr' id='par_1_72' title="bbox 2086 2802 3663 2880">
     <span class='ocr_line' id='line_1_72' title="bbox 2086 2802 3663 2880; baseline 0.004 -21"><span class='ocrx_word' id='word_1_507' title='bbox 2086 2806 2143 2859; x_wconf 83' lang='grc' dir='ltr'>δὲ</span> <span class='ocrx_word' id='word_1_508' title='bbox 2191 2806 2366 2871; x_wconf 85' lang='grc' dir='ltr'>εὑθεῖς</span> <span class='ocrx_word' id='word_1_509' title='bbox 2413 2806 2773 2880; x_wconf 80' lang='grc' dir='ltr'>ὲκζητήσουσι</span> <span class='ocrx_word' id='word_1_510' title='bbox 2817 2809 2996 2879; x_wconf 73' lang='grc' dir='ltr'>ψυχὴν</span> <span class='ocrx_word' id='word_1_511' title='bbox 3048 2810 3211 2864; x_wconf 83' lang='grc' dir='ltr'>αὑτοῦ</span> <span class='ocrx_word' id='word_1_512' title='bbox 3238 2827 3249 2840; x_wconf 91' lang='grc'><strong>·</strong></span> <span class='ocrx_word' id='word_1_513' title='bbox 3301 2802 3444 2865; x_wconf 77' lang='grc' dir='ltr'>οὑτοι</span> <span class='ocrx_word' id='word_1_514' title='bbox 3495 2812 3545 2865; x_wconf 85' lang='grc' dir='ltr'>οἱ</span> <span class='ocrx_word' id='word_1_515' title='bbox 3585 2830 3663 2866; x_wconf 68' lang='grc' dir='ltr'><strong>τιν</strong></span> 
     </span>
    </p>
   </div>
   <div class='ocr_carea' id='block_1_73' title="bbox 2086 2898 3665 2979">
    <p class='ocr_par' dir='ltr' id='par_1_73' title="bbox 2086 2898 3665 2979">
     <span class='ocr_line' id='line_1_73' title="bbox 2086 2898 3665 2979; baseline 0.006 -26"><span class='ocrx_word' id='word_1_516' title='bbox 2086 2898 2262 2953; x_wconf 84' lang='grc' dir='ltr'>αὐτῶν</span> <span class='ocrx_word' id='word_1_517' title='bbox 2310 2900 2559 2971; x_wconf 82' lang='grc' dir='ltr'>πρακτέα</span> <span class='ocrx_word' id='word_1_518' title='bbox 2600 2901 2694 2955; x_wconf 63' lang='grc' dir='ltr'><strong>καὶ⁸</strong></span> <span class='ocrx_word' id='word_1_519' title='bbox 2733 2902 3029 2973; x_wconf 83' lang='grc' dir='ltr'>νενοημένα</span> <span class='ocrx_word' id='word_1_520' title='bbox 3068 2904 3288 2977; x_wconf 84' lang='grc' dir='ltr'>ποιῆσαι</span> <span class='ocrx_word' id='word_1_521' title='bbox 3332 2907 3426 2961; x_wconf 77' lang='grc' dir='ltr'>καὶ</span> <span class='ocrx_word' id='word_1_522' title='bbox 3467 2907 3665 2979; x_wconf 79' lang='grc' dir='ltr'>νοῆσαι</span> 
     </span>
    </p>
   </div>
   <div class='ocr_carea' id='block_1_74' title="bbox 2089 2989 2422 3061">
    <p class='ocr_par' dir='ltr' id='par_1_74' title="bbox 2089 2989 2422 3061">
     <span class='ocr_line' id='line_1_74' title="bbox 2089 2989 2422 3061; baseline 0.012 -19"><span class='ocrx_word' id='word_1_523' title='bbox 2089 2989 2422 3061; x_wconf 84' lang='grc' dir='ltr'>βουλόμενοι.</span> 
     </span>
    </p>
   </div>
   <div class='ocr_carea' id='block_1_75' title="bbox 2162 3084 3662 3161">
    <p class='ocr_par' dir='ltr' id='par_1_75' title="bbox 2162 3084 3662 3161">
     <span class='ocr_line' id='line_1_75' title="bbox 2162 3084 3662 3161; baseline 0.005 -24"><span class='ocrx_word' id='word_1_524' title='bbox 2162 3084 2371 3150; x_wconf 87' lang='grc' dir='ltr'>Ὄντως</span> <span class='ocrx_word' id='word_1_525' title='bbox 2393 3084 2422 3137; x_wconf 86' lang='grc' dir='ltr'>ὁ</span> <span class='ocrx_word' id='word_1_526' title='bbox 2446 3085 2635 3157; x_wconf 80' lang='grc' dir='ltr'>ἄφρων</span> <span class='ocrx_word' id='word_1_527' title='bbox 2667 3085 2975 3159; x_wconf 85' lang='grc' dir='ltr'>ἀκράτητον</span> <span class='ocrx_word' id='word_1_528' title='bbox 3001 3086 3114 3159; x_wconf 78' lang='grc' dir='ltr'>ἔχει</span> <span class='ocrx_word' id='word_1_529' title='bbox 3139 3088 3230 3142; x_wconf 82' lang='grc' dir='ltr'>τὸν</span> <span class='ocrx_word' id='word_1_530' title='bbox 3258 3088 3427 3161; x_wconf 77' lang='grc' dir='ltr'>θυμὸν</span> <span class='ocrx_word' id='word_1_531' title='bbox 3452 3089 3620 3144; x_wconf 76' lang='grc' dir='ltr'>αὑτοῦ</span> <span class='ocrx_word' id='word_1_532' title='bbox 3648 3108 3662 3119; x_wconf 89' lang='grc'><strong>·</strong></span> 
     </span>
    </p>
   </div>
   <div class='ocr_carea' id='block_1_76' title="bbox 2084 3168 3667 3252">
    <p class='ocr_par' dir='ltr' id='par_1_76' title="bbox 2084 3168 3667 3252">
     <span class='ocr_line' id='line_1_76' title="bbox 2084 3168 3667 3252; baseline 0.004 -22"><span class='ocrx_word' id='word_1_533' title='bbox 2084 3168 2237 3240; x_wconf 74' lang='grc' dir='ltr'>οὗτος</span> <span class='ocrx_word' id='word_1_534' title='bbox 2263 3178 2319 3230; x_wconf 81' lang='grc' dir='ltr'>δὲ</span> <span class='ocrx_word' id='word_1_535' title='bbox 2344 3179 2663 3249; x_wconf 85' lang='grc' dir='ltr'>ταμιεύεται</span> <span class='ocrx_word' id='word_1_536' title='bbox 2688 3178 2830 3233; x_wconf 87' lang='grc' dir='ltr'><strong>κατά</strong></span> <span class='ocrx_word' id='word_1_537' title='bbox 2863 3181 3055 3252; x_wconf 85' lang='grc' dir='ltr'>μέρος,</span> <span class='ocrx_word' id='word_1_538' title='bbox 3102 3181 3267 3250; x_wconf 83' lang='grc' dir='ltr'>ἥγουν</span> <span class='ocrx_word' id='word_1_539' title='bbox 3296 3181 3389 3237; x_wconf 71' lang='grc' dir='ltr'><strong>ἐπὶ</strong></span> <span class='ocrx_word' id='word_1_540' title='bbox 3426 3184 3538 3246; x_wconf 86' lang='grc' dir='ltr'>τοῖς</span> <span class='ocrx_word' id='word_1_541' title='bbox 3577 3182 3667 3236; x_wconf 88' lang='grc' dir='ltr'>δι-</span> 
     </span>
    </p>
   </div>
   <div class='ocr_carea' id='block_1_77' title="bbox 2086 3271 3666 3345">
    <p class='ocr_par' dir='ltr' id='par_1_77' title="bbox 2086 3271 3666 3345">
     <span class='ocr_line' id='line_1_77' title="bbox 2086 3271 3666 3345; baseline 0.001 -20"><span class='ocrx_word' id='word_1_542' title='bbox 2086 3272 2261 3335; x_wconf 88' lang='grc' dir='ltr'>καίοις</span> <span class='ocrx_word' id='word_1_543' title='bbox 2306 3271 2658 3343; x_wconf 79' lang='grc' dir='ltr'>ὀργιζόμενος</span> <span class='ocrx_word' id='word_1_544' title='bbox 2699 3272 3007 3344; x_wconf 85' lang='grc' dir='ltr'>πράγμασι.</span> <span class='ocrx_word' id='word_1_545' title='bbox 3051 3274 3160 3327; x_wconf 72' lang='grc' dir='ltr'><strong>Καὶ</strong></span> <span class='ocrx_word' id='word_1_546' title='bbox 3202 3273 3338 3345; x_wconf 85' lang='grc' dir='ltr'>πρὸς</span> <span class='ocrx_word' id='word_1_547' title='bbox 3388 3274 3484 3345; x_wconf 81' lang='grc' dir='ltr'>μὲν</span> <span class='ocrx_word' id='word_1_548' title='bbox 3528 3276 3666 3337; x_wconf 80' lang='grc' dir='ltr'>τοὺς</span> 
     </span>
    </p>
   </div>
   <div class='ocr_carea' id='block_1_78' title="bbox 2085 3365 3666 3439">
    <p class='ocr_par' dir='ltr' id='par_1_78' title="bbox 2085 3365 3666 3439">
     <span class='ocr_line' id='line_1_78' title="bbox 2085 3365 3666 3439; baseline -0.001 -19"><span class='ocrx_word' id='word_1_549' title='bbox 2085 3365 2481 3437; x_wconf 82' lang='grc' dir='ltr'>ἁπλουστέρους</span> <span class='ocrx_word' id='word_1_550' title='bbox 2525 3365 2740 3419; x_wconf 88' lang='grc' dir='ltr'>λεκτέον</span> <span class='ocrx_word' id='word_1_551' title='bbox 2793 3366 2987 3419; x_wconf 80' lang='grc' dir='ltr'>τοῦτο·</span> <span class='ocrx_word' id='word_1_552' title='bbox 3039 3367 3175 3439; x_wconf 82' lang='grc' dir='ltr'>πρὸς</span> <span class='ocrx_word' id='word_1_553' title='bbox 3217 3366 3275 3421; x_wconf 81' lang='grc' dir='ltr'>δὲ</span> <span class='ocrx_word' id='word_1_554' title='bbox 3319 3370 3443 3431; x_wconf 87' lang='grc' dir='ltr'>τοὺς</span> <span class='ocrx_word' id='word_1_555' title='bbox 3489 3385 3666 3421; x_wconf 79' lang='grc' dir='ltr'>σπου-</span> 
     </span>
    </p>
   </div>
   <div class='ocr_carea' id='block_1_79' title="bbox 2084 3455 3665 3529">
    <p class='ocr_par' dir='ltr' id='par_1_79' title="bbox 2084 3455 3665 3529">
     <span class='ocr_line' id='line_1_79' title="bbox 2084 3455 3665 3529; baseline 0.003 -20"><span class='ocrx_word' id='word_1_556' title='bbox 2084 3456 2302 3521; x_wconf 84' lang='grc' dir='ltr'>δαίους,</span> <span class='ocrx_word' id='word_1_557' title='bbox 2351 3460 2380 3511; x_wconf 97' lang='lat'><strong>6</strong></span> <span class='ocrx_word' id='word_1_558' title='bbox 2418 3456 2504 3510; x_wconf 83' lang='grc' dir='ltr'>διὰ</span> <span class='ocrx_word' id='word_1_559' title='bbox 2548 3456 2647 3528; x_wconf 85' lang='grc' dir='ltr'>τῆς</span> <span class='ocrx_word' id='word_1_560' title='bbox 2688 3455 3067 3529; x_wconf 83' lang='grc' dir='ltr'>μακροθυμίας</span> <span class='ocrx_word' id='word_1_561' title='bbox 3110 3458 3517 3513; x_wconf 85' lang='grc' dir='ltr'>καταναλίσκων</span> <span class='ocrx_word' id='word_1_562' title='bbox 3559 3456 3665 3513; x_wconf 79' lang='grc' dir='ltr'><strong>τὸν</strong></span> 
     </span>
    </p>
   </div>
   <div class='ocr_carea' id='block_1_80' title="bbox 2087 3545 2642 3620">
    <p class='ocr_par' dir='ltr' id='par_1_80' title="bbox 2087 3545 2642 3620">
     <span class='ocr_line' id='line_1_80' title="bbox 2087 3545 2642 3620; baseline 0.011 -22"><span class='ocrx_word' id='word_1_563' title='bbox 2087 3545 2253 3618; x_wconf 84' lang='grc' dir='ltr'>θυμὸν</span> <span class='ocrx_word' id='word_1_564' title='bbox 2280 3549 2422 3602; x_wconf 88' lang='grc' dir='ltr'><strong>κατά</strong></span> <span class='ocrx_word' id='word_1_565' title='bbox 2457 3548 2642 3620; x_wconf 87' lang='grc' dir='ltr'>μέρος.</span> 
     </span>
    </p>
   </div>
   <div class='ocr_carea' id='block_1_81' title="bbox 2157 3639 3667 3715">
    <p class='ocr_par' dir='ltr' id='par_1_81' title="bbox 2157 3639 3667 3715">
     <span class='ocr_line' id='line_1_81' title="bbox 2157 3639 3667 3715; baseline 0.004 -24"><span class='ocrx_word' id='word_1_566' title='bbox 2157 3639 2281 3704; x_wconf 72' lang='grc' dir='ltr'>Τοῖς</span> <span class='ocrx_word' id='word_1_567' title='bbox 2315 3640 2412 3711; x_wconf 86' lang='grc' dir='ltr'><strong>μὲν</strong></span> <span class='ocrx_word' id='word_1_568' title='bbox 2451 3639 2718 3710; x_wconf 82' lang='grc' dir='ltr'>φυλάξασι</span> <span class='ocrx_word' id='word_1_569' title='bbox 2760 3639 2849 3694; x_wconf 81' lang='grc' dir='ltr'><strong>τὸν</strong></span> <span class='ocrx_word' id='word_1_570' title='bbox 2881 3640 3041 3713; x_wconf 87' lang='grc' dir='ltr'>νόμον</span> <span class='ocrx_word' id='word_1_571' title='bbox 3077 3639 3305 3712; x_wconf 84' lang='grc' dir='ltr'>ὑπάρξει</span> <span class='ocrx_word' id='word_1_572' title='bbox 3332 3641 3601 3715; x_wconf 75' lang='grc' dir='ltr'>ἐξηγητὴς</span> <span class='ocrx_word' id='word_1_573' title='bbox 3628 3643 3667 3697; x_wconf 81' lang='grc' dir='ltr'><strong>ὁ</strong></span> 
     </span>
    </p>
   </div>
   <div class='ocr_carea' id='block_1_82' title="bbox 2087 3731 3664 3806">
    <p class='ocr_par' dir='ltr' id='par_1_82' title="bbox 2087 3731 3664 3806">
     <span class='ocr_line' id='line_1_82' title="bbox 2087 3731 3664 3806; baseline 0.001 -22"><span class='ocrx_word' id='word_1_574' title='bbox 2087 3731 2290 3804; x_wconf 86' lang='grc' dir='ltr'>Κύριος</span> <span class='ocrx_word' id='word_1_575' title='bbox 2316 3735 2375 3787; x_wconf 84' lang='grc' dir='ltr'>ὲν</span> <span class='ocrx_word' id='word_1_576' title='bbox 2404 3735 2470 3805; x_wconf 79' lang='grc' dir='ltr'>τῇ</span> <span class='ocrx_word' id='word_1_577' title='bbox 2501 3732 2749 3805; x_wconf 77' lang='grc' dir='ltr'>βασιλείᾳ</span> <span class='ocrx_word' id='word_1_578' title='bbox 2770 3749 2785 3763; x_wconf 87' lang='grc'><strong>·</strong></span> <span class='ocrx_word' id='word_1_579' title='bbox 2816 3734 2927 3797; x_wconf 88' lang='grc' dir='ltr'>τοῖς</span> <span class='ocrx_word' id='word_1_580' title='bbox 2969 3732 3026 3787; x_wconf 86' lang='grc' dir='ltr'>δὲ</span> <span class='ocrx_word' id='word_1_581' title='bbox 3051 3735 3514 3806; x_wconf 86' lang='grc' dir='ltr'>παρανομήσασιν,</span> <span class='ocrx_word' id='word_1_582' title='bbox 3567 3733 3664 3800; x_wconf 74' lang='grc' dir='ltr'><strong>ἑξ·-</strong></span> 
     </span>
    </p>
   </div>
   <div class='ocr_carea' id='block_1_83' title="bbox 2084 3824 3485 3897">
    <p class='ocr_par' dir='ltr' id='par_1_83' title="bbox 2084 3824 3485 3897">
     <span class='ocr_line' id='line_1_83' title="bbox 2084 3824 3485 3897; baseline -0.001 -18"><span class='ocrx_word' id='word_1_583' title='bbox 2084 3825 2297 3897; x_wconf 82' lang='grc' dir='ltr'>ηγητὴς</span> <span class='ocrx_word' id='word_1_584' title='bbox 2325 3825 2422 3896; x_wconf 80' lang='grc' dir='ltr'><strong>μὲν</strong></span> <span class='ocrx_word' id='word_1_585' title='bbox 2448 3825 2546 3896; x_wconf 88' lang='grc' dir='ltr'><strong>οὑχ</strong></span> <span class='ocrx_word' id='word_1_586' title='bbox 2580 3824 2831 3896; x_wconf 80' lang='grc' dir='ltr'>ὑπάρξει,</span> <span class='ocrx_word' id='word_1_587' title='bbox 2867 3824 3130 3895; x_wconf 83' lang='grc' dir='ltr'>κολαστὴς</span> <span class='ocrx_word' id='word_1_588' title='bbox 3154 3825 3209 3877; x_wconf 80' lang='grc' dir='ltr'>δὲ</span> <span class='ocrx_word' id='word_1_589' title='bbox 3238 3825 3485 3897; x_wconf 84' lang='grc' dir='ltr'>ὑπάρξει.</span> 
     </span>
    </p>
   </div>
   <div class='ocr_carea' id='block_1_84' title="bbox 2159 3914 3659 3987">
    <p class='ocr_par' dir='ltr' id='par_1_84' title="bbox 2159 3914 3659 3987">
     <span class='ocr_line' id='line_1_84' title="bbox 2159 3914 3659 3987; baseline -0.001 -19"><span class='ocrx_word' id='word_1_590' title='bbox 2159 3916 2280 3969; x_wconf 88' lang='grc' dir='ltr'>Ὅτι</span> <span class='ocrx_word' id='word_1_591' title='bbox 2324 3915 2496 3979; x_wconf 79' lang='grc' dir='ltr'>οὐδεὶς</span> <span class='ocrx_word' id='word_1_592' title='bbox 2541 3915 2684 3969; x_wconf 88' lang='grc' dir='ltr'><strong>κατά</strong></span> <span class='ocrx_word' id='word_1_593' title='bbox 2718 3915 2877 3985; x_wconf 86' lang='grc' dir='ltr'>φύσιν</span> <span class='ocrx_word' id='word_1_594' title='bbox 2912 3914 3183 3987; x_wconf 82' lang='grc' dir='ltr'>σκληρὸς,</span> <span class='ocrx_word' id='word_1_595' title='bbox 3234 3915 3524 3987; x_wconf 83' lang='grc' dir='ltr'>παρίστησι</span> <span class='ocrx_word' id='word_1_596' title='bbox 3569 3914 3659 3980; x_wconf 85' lang='grc' dir='ltr'>τὸ,</span> 
     </span>
    </p>
   </div>
   <div class='ocr_carea' id='block_1_85' title="bbox 2100 4005 3664 4079">
    <p class='ocr_par' dir='ltr' id='par_1_85' title="bbox 2100 4005 3664 4079">
     <span class='ocr_line' id='line_1_85' title="bbox 2100 4005 3664 4079; baseline 0.002 -21"><span class='ocrx_word' id='word_1_597' title='bbox 2100 4005 2221 4059; x_wconf 88' lang='grc' dir='ltr'>Ἐὰν</span> <span class='ocrx_word' id='word_1_598' title='bbox 2246 4005 2353 4078; x_wconf 87' lang='grc' dir='ltr'><strong>γὰρ</strong></span> <span class='ocrx_word' id='word_1_599' title='bbox 2397 4006 2492 4058; x_wconf 74' lang='grc' dir='ltr'><strong>καὶ</strong></span> <span class='ocrx_word' id='word_1_600' title='bbox 2540 4008 2706 4079; x_wconf 84' lang='grc' dir='ltr'>νοήσῃ</span> <span class='ocrx_word' id='word_1_601' title='bbox 2750 4008 2847 4076; x_wconf 84' lang='grc' dir='ltr'>οὑχ</span> <span class='ocrx_word' id='word_1_602' title='bbox 2894 4006 3281 4060; x_wconf 85' lang='grc' dir='ltr'>ὑπακούσεται·</span> <span class='ocrx_word' id='word_1_603' title='bbox 3318 4007 3346 4058; x_wconf 85' lang='grc' dir='ltr'>ὁ</span> <span class='ocrx_word' id='word_1_604' title='bbox 3373 4008 3478 4078; x_wconf 86' lang='grc' dir='ltr'><strong>γὰρ</strong></span> <span class='ocrx_word' id='word_1_605' title='bbox 3515 4006 3664 4061; x_wconf 78' lang='grc' dir='ltr'>κατὰ</span> 
     </span>
    </p>
   </div>
   <div class='ocr_carea' id='block_1_86' title="bbox 2088 4095 3661 4170">
    <p class='ocr_par' dir='ltr' id='par_1_86' title="bbox 2088 4095 3661 4170">
     <span class='ocr_line' id='line_1_86' title="bbox 2088 4095 3661 4170; baseline 0.003 -22"><span class='ocrx_word' id='word_1_606' title='bbox 2088 4095 2247 4166; x_wconf 82' lang='grc' dir='ltr'>φύσιν</span> <span class='ocrx_word' id='word_1_607' title='bbox 2272 4096 2527 4168; x_wconf 83' lang='grc' dir='ltr'>σκληρὸς,</span> <span class='ocrx_word' id='word_1_608' title='bbox 2553 4098 2654 4150; x_wconf 87' lang='grc' dir='ltr'><strong>οὑκ</strong></span> <span class='ocrx_word' id='word_1_609' title='bbox 2680 4098 2744 4151; x_wconf 87' lang='grc' dir='ltr'>ἃν</span> <span class='ocrx_word' id='word_1_610' title='bbox 2764 4096 2921 4170; x_wconf 87' lang='grc' dir='ltr'>ὀρθόν</span> <span class='ocrx_word' id='word_1_611' title='bbox 2947 4116 2997 4152; x_wconf 90' lang='grc' dir='ltr'><strong>τι</strong></span> <span class='ocrx_word' id='word_1_612' title='bbox 3020 4099 3204 4170; x_wconf 85' lang='grc' dir='ltr'>νοήσοι</span> <span class='ocrx_word' id='word_1_613' title='bbox 3230 4098 3359 4152; x_wconf 87' lang='grc' dir='ltr'>ποτέ</span> <span class='ocrx_word' id='word_1_614' title='bbox 3380 4116 3392 4127; x_wconf 90' lang='grc'>·</span> <span class='ocrx_word' id='word_1_615' title='bbox 3419 4098 3576 4152; x_wconf 84' lang='grc' dir='ltr'>τοῦτο</span> <span class='ocrx_word' id='word_1_616' title='bbox 3598 4100 3661 4153; x_wconf 84' lang='grc' dir='ltr'><strong>δὲ</strong></span> 
     </span>
    </p>
   </div>
   <div class='ocr_carea' id='block_1_87' title="bbox 2087 4188 3658 4265">
    <p class='ocr_par' dir='ltr' id='par_1_87' title="bbox 2087 4188 3658 4265">
     <span class='ocr_line' id='line_1_87' title="bbox 2087 4188 3658 4265; baseline 0.004 -25"><span class='ocrx_word' id='word_1_617' title='bbox 2087 4188 2228 4256; x_wconf 85' lang='grc' dir='ltr'>λέγω</span> <span class='ocrx_word' id='word_1_618' title='bbox 2260 4188 2347 4241; x_wconf 77' lang='grc' dir='ltr'><strong>διὰ</strong></span> <span class='ocrx_word' id='word_1_619' title='bbox 2374 4188 2468 4242; x_wconf 87' lang='grc' dir='ltr'><strong>τὸν</strong></span> <span class='ocrx_word' id='word_1_620' title='bbox 2500 4188 2699 4259; x_wconf 81' lang='grc' dir='ltr'>Φαραὼ</span> <span class='ocrx_word' id='word_1_621' title='bbox 2741 4189 3142 4262; x_wconf 83' lang='grc' dir='ltr'>σκληρυνθέντα</span> <span class='ocrx_word' id='word_1_622' title='bbox 3170 4192 3261 4244; x_wconf 71' lang='grc' dir='ltr'><strong>ἐπὶ</strong></span> <span class='ocrx_word' id='word_1_623' title='bbox 3286 4192 3377 4245; x_wconf 83' lang='grc' dir='ltr'>τὸν</span> <span class='ocrx_word' id='word_1_624' title='bbox 3418 4192 3658 4265; x_wconf 75' lang='grc' dir='ltr'>Ἰσραὴλ,</span> 
     </span>
    </p>
   </div>
   <div class='ocr_carea' id='block_1_88' title="bbox 2087 4278 3283 4351">
    <p class='ocr_par' dir='ltr' id='par_1_88' title="bbox 2087 4278 3283 4351">
     <span class='ocr_line' id='line_1_88' title="bbox 2087 4278 3283 4351; baseline 0.004 -19"><span class='ocrx_word' id='word_1_625' title='bbox 2087 4280 2179 4332; x_wconf 80' lang='grc' dir='ltr'><strong>καὶ</strong></span> <span class='ocrx_word' id='word_1_626' title='bbox 2210 4278 2270 4331; x_wconf 86' lang='grc' dir='ltr'><strong>οὐ</strong></span> <span class='ocrx_word' id='word_1_627' title='bbox 2295 4278 2471 4348; x_wconf 87' lang='grc' dir='ltr'>λόγοις</span> <span class='ocrx_word' id='word_1_628' title='bbox 2502 4278 2638 4333; x_wconf 85' lang='grc' dir='ltr'><strong>ἀλλά</strong></span> <span class='ocrx_word' id='word_1_629' title='bbox 2666 4280 2882 4351; x_wconf 80' lang='grc' dir='ltr'>μάστιξι</span> <span class='ocrx_word' id='word_1_630' title='bbox 2912 4280 3283 4338; x_wconf 86' lang='grc' dir='ltr'>παιδευθέντα.</span> 
     </span>
    </p>
   </div>
   <div class='ocr_carea' id='block_1_89' title="bbox 485 4461 2003 4534">
    <p class='ocr_par' dir='ltr' id='par_1_89' title="bbox 485 4461 1985 4532">
     <span class='ocr_line' id='line_1_89' title="bbox 485 4461 1985 4532; baseline -0.005 -9"><span class='ocrx_word' id='word_1_631' title='bbox 485 4468 535 4501; x_wconf 69' lang='grc'><strong>⁷⁸</strong></span> <span class='ocrx_word' id='word_1_632' title='bbox 566 4466 624 4522; x_wconf 90' lang='lat' dir='ltr'><strong>Si</strong></span> <span class='ocrx_word' id='word_1_633' title='bbox 658 4463 806 4521; x_wconf 79' lang='lat' dir='ltr'><strong>luxui</strong></span> <span class='ocrx_word' id='word_1_634' title='bbox 868 4461 1171 4532; x_wconf 81' lang='lat' dir='ltr'><strong>indulgere,</strong></span> <span class='ocrx_word' id='word_1_635' title='bbox 1224 4475 1455 4530; x_wconf 89' lang='lat' dir='ltr'><strong>peccare</strong></span> <span class='ocrx_word' id='word_1_636' title='bbox 1507 4461 1674 4527; x_wconf 79' lang='lat' dir='ltr'><strong>facit;</strong></span> <span class='ocrx_word' id='word_1_637' title='bbox 1735 4461 1985 4531; x_wconf 89' lang='lat' dir='ltr'><strong>quisquis</strong></span> 
     </span>
    </p>
   </div>
   <div class='ocr_carea' id='block_1_90' title="bbox 2096 4461 3659 4534">
    <p class='ocr_par' dir='ltr' id='par_1_90' title="bbox 2163 4461 3659 4534">
     <span class='ocr_line' id='line_1_90' title="bbox 2163 4461 3659 4534; baseline 0.004 -20"><span class='ocrx_word' id='word_1_638' title='bbox 2163 4462 2226 4515; x_wconf 82' lang='lat' dir='ltr'><strong>Ei</strong></span> <span class='ocrx_word' id='word_1_639' title='bbox 2257 4461 2318 4515; x_wconf 81' lang='grc' dir='ltr'>τὸ</span> <span class='ocrx_word' id='word_1_640' title='bbox 2349 4461 2769 4534; x_wconf 82' lang='grc' dir='ltr'>κατασπαταλᾷν</span> <span class='ocrx_word' id='word_1_641' title='bbox 2793 4504 2807 4529; x_wconf 88' lang='grc'><strong>,</strong></span> <span class='ocrx_word' id='word_1_642' title='bbox 2835 4462 3168 4534; x_wconf 85' lang='grc' dir='ltr'>ἁμαρτάνειν</span> <span class='ocrx_word' id='word_1_643' title='bbox 3198 4465 3371 4529; x_wconf 84' lang='grc' dir='ltr'>ποιεῖ,</span> <span class='ocrx_word' id='word_1_644' title='bbox 3413 4464 3519 4528; x_wconf 74' lang='grc' dir='ltr'><strong>πᾶς</strong></span> <span class='ocrx_word' id='word_1_645' title='bbox 3541 4464 3601 4519; x_wconf 84' lang='grc' dir='ltr'>δὲ</span> <span class='ocrx_word' id='word_1_646' title='bbox 3625 4468 3659 4521; x_wconf 87' lang='grc' dir='ltr'>ὁ</span> 
     </span>
    </p>
   </div>
   <div class='ocr_carea' id='block_1_91' title="bbox 412 4555 2003 4632">
    <p class='ocr_par' dir='ltr' id='par_1_91' title="bbox 412 4556 1982 4630">
     <span class='ocr_line' id='line_1_91' title="bbox 412 4556 1982 4630; baseline -0.003 -13"><span class='ocrx_word' id='word_1_647' title='bbox 412 4577 546 4618; x_wconf 82' lang='lat' dir='ltr'><strong>vero</strong></span> <span class='ocrx_word' id='word_1_648' title='bbox 581 4560 709 4615; x_wconf 78' lang='lat' dir='ltr'><strong>facit</strong></span> <span class='ocrx_word' id='word_1_649' title='bbox 754 4566 1057 4630; x_wconf 88' lang='lat' dir='ltr'><strong>peccatum,</strong></span> <span class='ocrx_word' id='word_1_650' title='bbox 1100 4571 1288 4612; x_wconf 87' lang='lat' dir='ltr'><strong>servus</strong></span> <span class='ocrx_word' id='word_1_651' title='bbox 1336 4565 1421 4612; x_wconf 88' lang='lat' dir='ltr'><strong>est</strong></span> <span class='ocrx_word' id='word_1_652' title='bbox 1462 4558 1704 4626; x_wconf 84' lang='lat' dir='ltr'><strong>peccati;</strong></span> <span class='ocrx_word' id='word_1_653' title='bbox 1737 4556 1982 4626; x_wconf 81' lang='lat' dir='ltr'><strong>profecto</strong></span> 
     </span>
    </p>
   </div>
   <div class='ocr_carea' id='block_1_92' title="bbox 2096 4555 3655 4632">
    <p class='ocr_par' dir='ltr' id='par_1_92' title="bbox 2096 4555 3655 4632">
     <span class='ocr_line' id='line_1_92' title="bbox 2096 4555 3655 4632; baseline 0 -21"><span class='ocrx_word' id='word_1_654' title='bbox 2096 4556 2254 4611; x_wconf 87' lang='grc' dir='ltr'>ποιῶν</span> <span class='ocrx_word' id='word_1_655' title='bbox 2282 4557 2379 4628; x_wconf 86' lang='grc' dir='ltr'><strong>τὴν</strong></span> <span class='ocrx_word' id='word_1_656' title='bbox 2420 4555 2689 4628; x_wconf 83' lang='grc' dir='ltr'>ἁμαρτίαν</span> <span class='ocrx_word' id='word_1_657' title='bbox 2731 4556 2913 4622; x_wconf 82' lang='grc' dir='ltr'>δοῦλός</span> <span class='ocrx_word' id='word_1_658' title='bbox 2953 4560 3067 4612; x_wconf 83' lang='grc' dir='ltr'>ἐστι</span> <span class='ocrx_word' id='word_1_659' title='bbox 3091 4559 3191 4628; x_wconf 83' lang='grc' dir='ltr'><strong>τῆς</strong></span> <span class='ocrx_word' id='word_1_660' title='bbox 3223 4560 3511 4632; x_wconf 84' lang='grc' dir='ltr'>ἁμαρτίας,</span> <span class='ocrx_word' id='word_1_661' title='bbox 3544 4561 3655 4624; x_wconf 76' lang='grc' dir='ltr'>πᾶς</span> 
     </span>
    </p>
   </div>
   <div class='ocr_carea' id='block_1_93' title="bbox 410 4649 2003 4725">
    <p class='ocr_par' dir='ltr' id='par_1_93' title="bbox 410 4649 1980 4718">
     <span class='ocr_line' id='line_1_93' title="bbox 410 4649 1980 4718; baseline -0.002 -8"><span class='ocrx_word' id='word_1_662' title='bbox 410 4654 593 4711; x_wconf 85' lang='lat' dir='ltr'><strong>omnis</strong></span> <span class='ocrx_word' id='word_1_663' title='bbox 616 4651 934 4707; x_wconf 84' lang='lat' dir='ltr'><strong>luxuriosus</strong></span> <span class='ocrx_word' id='word_1_664' title='bbox 962 4663 1155 4704; x_wconf 88' lang='lat' dir='ltr'><strong>servus</strong></span> <span class='ocrx_word' id='word_1_665' title='bbox 1185 4657 1269 4704; x_wconf 87' lang='lat' dir='ltr'><strong>est</strong></span> <span class='ocrx_word' id='word_1_666' title='bbox 1298 4650 1530 4718; x_wconf 86' lang='lat' dir='ltr'><strong>peccati.</strong></span> <span class='ocrx_word' id='word_1_667' title='bbox 1564 4649 1821 4706; x_wconf 77' lang='lat' dir='ltr'><strong>Extrema</strong></span> <span class='ocrx_word' id='word_1_668' title='bbox 1851 4666 1980 4707; x_wconf 90' lang='lat' dir='ltr'><strong>vero</strong></span> 
     </span>
    </p>
   </div>
   <div class='ocr_carea' id='block_1_94' title="bbox 2096 4649 3655 4725">
    <p class='ocr_par' dir='ltr' id='par_1_94' title="bbox 2096 4649 3655 4725">
     <span class='ocr_line' id='line_1_94' title="bbox 2096 4649 3655 4725; baseline 0.002 -20"><span class='ocrx_word' id='word_1_669' title='bbox 2096 4652 2193 4721; x_wconf 72' lang='grc' dir='ltr'>Ξρα</span> <span class='ocrx_word' id='word_1_670' title='bbox 2240 4653 2269 4704; x_wconf 92' lang='lat'><strong>6</strong></span> <span class='ocrx_word' id='word_1_671' title='bbox 2316 4649 2601 4704; x_wconf 86' lang='grc' dir='ltr'>σπαταλῶν</span> <span class='ocrx_word' id='word_1_672' title='bbox 2639 4650 2824 4715; x_wconf 79' lang='grc' dir='ltr'>δοῦλός</span> <span class='ocrx_word' id='word_1_673' title='bbox 2875 4651 2990 4705; x_wconf 76' lang='grc' dir='ltr'>ἐστι</span> <span class='ocrx_word' id='word_1_674' title='bbox 3029 4652 3131 4722; x_wconf 79' lang='grc' dir='ltr'><strong>τῆς</strong></span> <span class='ocrx_word' id='word_1_675' title='bbox 3158 4654 3466 4725; x_wconf 68' lang='grc' dir='ltr'>ἁμαρτίας*</span> <span class='ocrx_word' id='word_1_676' title='bbox 3506 4655 3563 4706; x_wconf 84' lang='grc' dir='ltr'>ὲν</span> <span class='ocrx_word' id='word_1_677' title='bbox 3594 4653 3655 4708; x_wconf 76' lang='grc' dir='ltr'>δὲ</span> 
     </span>
    </p>
   </div>
   <div class='ocr_carea' id='block_1_95' title="bbox 412 4730 2003 4818">
    <p class='ocr_par' dir='ltr' id='par_1_95' title="bbox 412 4730 1495 4803">
     <span class='ocr_line' id='line_1_95' title="bbox 412 4730 1495 4803; baseline -0.007 0"><span class='ocrx_word' id='word_1_678' title='bbox 412 4748 503 4803; x_wconf 91' lang='lat' dir='ltr'><strong>die</strong></span> <span class='ocrx_word' id='word_1_679' title='bbox 534 4746 675 4800; x_wconf 91' lang='lat' dir='ltr'><strong>haud</strong></span> <span class='ocrx_word' id='word_1_680' title='bbox 718 4743 912 4798; x_wconf 88' lang='lat' dir='ltr'><strong>leviter</strong></span> <span class='ocrx_word' id='word_1_681' title='bbox 936 4742 1019 4797; x_wconf 90' lang='lat' dir='ltr'><strong>sui</strong></span> <span class='ocrx_word' id='word_1_682' title='bbox 1052 4755 1213 4796; x_wconf 86' lang='lat' dir='ltr'><strong>causa</strong></span> <span class='ocrx_word' id='word_1_683' title='bbox 1242 4741 1467 4797; x_wconf 88' lang='lat' dir='ltr'><strong>dolebit.</strong></span> <span class='ocrx_word' id='word_1_684' title='bbox 1494 4730 1495 4733; x_wconf 34' lang='grc'><em>“</em></span> 
     </span>
    </p>
   </div>
   <div class='ocr_carea' id='block_1_96' title="bbox 2096 4730 3650 4818">
    <p class='ocr_par' dir='ltr' id='par_1_96' title="bbox 2096 4743 3650 4818">
     <span class='ocr_line' id='line_1_96' title="bbox 2096 4743 3650 4818; baseline -0.003 -15"><span class='ocrx_word' id='word_1_685' title='bbox 2096 4748 2147 4818; x_wconf 65' lang='grc' dir='ltr'>τῇ</span> <span class='ocrx_word' id='word_1_686' title='bbox 2181 4744 2381 4816; x_wconf 76' lang='grc' dir='ltr'>ἐσχάτῃ</span> <span class='ocrx_word' id='word_1_687' title='bbox 2407 4743 2586 4815; x_wconf 81' lang='grc' dir='ltr'>ἡμέρᾳ</span> <span class='ocrx_word' id='word_1_688' title='bbox 2616 4745 2716 4798; x_wconf 86' lang='grc' dir='ltr'><strong>οὐκ</strong></span> <span class='ocrx_word' id='word_1_689' title='bbox 2739 4743 2907 4811; x_wconf 60' lang='grc' dir='ltr'>ὀλίγας</span> <span class='ocrx_word' id='word_1_690' title='bbox 2928 4745 3012 4813; x_wconf 78' lang='grc' dir='ltr'><strong>ἐφ’</strong></span> <span class='ocrx_word' id='word_1_691' title='bbox 3041 4744 3218 4815; x_wconf 82' lang='grc' dir='ltr'>ἑαυτῷ</span> <span class='ocrx_word' id='word_1_692' title='bbox 3244 4745 3650 4816; x_wconf 82' lang='grc' dir='ltr'>ὀδυνηθήσεται.</span> 
     </span>
    </p>
   </div>
   <div class='ocr_carea' id='block_1_97' title="bbox 482 4832 2003 4909">
    <p class='ocr_par' dir='ltr' id='par_1_97' title="bbox 482 4832 1978 4901">
     <span class='ocr_line' id='line_1_97' title="bbox 482 4832 1978 4901; baseline -0.003 -7"><span class='ocrx_word' id='word_1_693' title='bbox 482 4837 915 4894; x_wconf 89' lang='lat' dir='ltr'><strong>Contumeliosos</strong></span> <span class='ocrx_word' id='word_1_694' title='bbox 947 4833 1197 4888; x_wconf 91' lang='lat' dir='ltr'><strong>humiliat</strong></span> <span class='ocrx_word' id='word_1_695' title='bbox 1246 4832 1526 4901; x_wconf 90' lang='lat' dir='ltr'><strong>Dominus,</strong></span> <span class='ocrx_word' id='word_1_696' title='bbox 1555 4833 1846 4890; x_wconf 90' lang='lat' dir='ltr'><strong>humilibus</strong></span> <span class='ocrx_word' id='word_1_697' title='bbox 1878 4850 1978 4889; x_wconf 85' lang='lat' dir='ltr'><strong>au-</strong></span> 
     </span>
    </p>
   </div>
   <div class='ocr_carea' id='block_1_98' title="bbox 2096 4832 3653 4909">
    <p class='ocr_par' dir='ltr' id='par_1_98' title="bbox 2164 4834 3653 4909">
     <span class='ocr_line' id='line_1_98' title="bbox 2164 4834 3653 4909; baseline 0.001 -20"><span class='ocrx_word' id='word_1_698' title='bbox 2164 4834 2454 4909; x_wconf 80' lang='grc' dir='ltr'>’Υὸριστάς</span> <span class='ocrx_word' id='word_1_699' title='bbox 2491 4838 2736 4889; x_wconf 86' lang='grc' dir='ltr'>ταπεινοῖ</span> <span class='ocrx_word' id='word_1_700' title='bbox 2776 4834 2980 4906; x_wconf 86' lang='grc' dir='ltr'>Κύριος</span> <span class='ocrx_word' id='word_1_701' title='bbox 3004 4874 3017 4900; x_wconf 85' lang='grc'><strong>,</strong></span> <span class='ocrx_word' id='word_1_702' title='bbox 3054 4837 3326 4900; x_wconf 86' lang='grc' dir='ltr'>ταπεινοῖς</span> <span class='ocrx_word' id='word_1_703' title='bbox 3367 4836 3423 4889; x_wconf 86' lang='grc' dir='ltr'>δὲ</span> <span class='ocrx_word' id='word_1_704' title='bbox 3466 4836 3653 4890; x_wconf 90' lang='grc' dir='ltr'>δίδωσι</span> 
     </span>
    </p>
   </div>
   <div class='ocr_carea' id='block_1_99' title="bbox 411 4923 2003 5001">
    <p class='ocr_par' dir='ltr' id='par_1_99' title="bbox 411 4923 1980 4999">
     <span class='ocr_line' id='line_1_99' title="bbox 411 4923 1980 4999; baseline -0.003 -15"><span class='ocrx_word' id='word_1_705' title='bbox 411 4941 522 4985; x_wconf 88' lang='lat' dir='ltr'><strong>tem</strong></span> <span class='ocrx_word' id='word_1_706' title='bbox 555 4928 787 4999; x_wconf 76' lang='lat' dir='ltr'><strong>gloriam</strong></span> <span class='ocrx_word' id='word_1_707' title='bbox 840 4925 1051 4980; x_wconf 91' lang='lat' dir='ltr'><strong>tribuit.</strong></span> <span class='ocrx_word' id='word_1_708' title='bbox 1083 4953 1155 4966; x_wconf 90' lang='grc'><strong>-</strong></span> <span class='ocrx_word' id='word_1_709' title='bbox 1183 4924 1228 4956; x_wconf 84' lang='grc'>⁷⁸</span> <span class='ocrx_word' id='word_1_710' title='bbox 1256 4923 1659 4980; x_wconf 88' lang='lat' dir='ltr'><strong>Contumeliam</strong></span> <span class='ocrx_word' id='word_1_711' title='bbox 1704 4925 1794 4980; x_wconf 90' lang='lat' dir='ltr'><strong>hic</strong></span> <span class='ocrx_word' id='word_1_712' title='bbox 1846 4925 1980 4981; x_wconf 90' lang='lat' dir='ltr'><strong>dicit</strong></span> 
     </span>
    </p>
   </div>
   <div class='ocr_carea' id='block_1_100' title="bbox 2096 4923 3653 5001">
    <p class='ocr_par' dir='ltr' id='par_1_100' title="bbox 2096 4927 3653 5001">
     <span class='ocr_line' id='line_1_100' title="bbox 2096 4927 3653 5001; baseline -0.002 -15"><span class='ocrx_word' id='word_1_713' title='bbox 2096 4928 2528 5000; x_wconf 75' lang='grc' dir='ltr'>ῑόξαν.-”Υ6ριν</span> <span class='ocrx_word' id='word_1_714' title='bbox 2565 4929 2664 4999; x_wconf 80' lang='grc' dir='ltr'>τὴν</span> <span class='ocrx_word' id='word_1_715' title='bbox 2703 4927 2900 4982; x_wconf 85' lang='grc' dir='ltr'>κακίαν</span> <span class='ocrx_word' id='word_1_716' title='bbox 2929 4927 3089 4998; x_wconf 79' lang='grc' dir='ltr'>φησίν</span> <span class='ocrx_word' id='word_1_717' title='bbox 3111 4946 3123 4959; x_wconf 78' lang='grc'><strong>’</strong></span> <span class='ocrx_word' id='word_1_718' title='bbox 3167 4927 3322 5001; x_wconf 77' lang='grc' dir='ltr'>ὓϐριν</span> <span class='ocrx_word' id='word_1_719' title='bbox 3348 4928 3403 4981; x_wconf 86' lang='grc' dir='ltr'>δὲ</span> <span class='ocrx_word' id='word_1_720' title='bbox 3436 4930 3529 4983; x_wconf 83' lang='grc' dir='ltr'>καὶ</span> <span class='ocrx_word' id='word_1_721' title='bbox 3556 4947 3653 4983; x_wconf 86' lang='grc' dir='ltr'>τα-</span> 
     </span>
    </p>
   </div>
   <div class='ocr_carea' id='block_1_101' title="bbox 412 5014 3653 5095">
    <p class='ocr_par' dir='ltr' id='par_1_101' title="bbox 412 5014 3653 5095">
     <span class='ocr_line' id='line_1_101' title="bbox 412 5014 3653 5095; baseline 0.001 -23"><span class='ocrx_word' id='word_1_722' title='bbox 412 5036 512 5090; x_wconf 88' lang='lat' dir='ltr'><strong>pro</strong></span> <span class='ocrx_word' id='word_1_723' title='bbox 556 5018 819 5089; x_wconf 88' lang='lat' dir='ltr'><strong>nequitia,</strong></span> <span class='ocrx_word' id='word_1_724' title='bbox 879 5014 1005 5085; x_wconf 90' lang='lat' dir='ltr'><strong>quia</strong></span> <span class='ocrx_word' id='word_1_725' title='bbox 1048 5028 1240 5083; x_wconf 84' lang='lat' dir='ltr'><strong>reapse</strong></span> <span class='ocrx_word' id='word_1_726' title='bbox 1294 5014 1681 5070; x_wconf 76' lang='lat' dir='ltr'><strong>contumeliam</strong></span> <span class='ocrx_word' id='word_1_727' title='bbox 1722 5023 1778 5071; x_wconf 73' lang='lat' dir='ltr'><strong>ei.</strong></span> <span class='ocrx_word' id='word_1_728' title='bbox 1805 5015 1979 5071; x_wconf 69' lang='lat' dir='ltr'><strong>milia:</strong></span> <span class='ocrx_word' id='word_1_729' title='bbox 2079 5023 2337 5078; x_wconf 82' lang='grc' dir='ltr'>πείνωσιν</span> <span class='ocrx_word' id='word_1_730' title='bbox 2368 5020 2641 5085; x_wconf 82' lang='grc' dir='ltr'>ἀπωλείας</span> <span class='ocrx_word' id='word_1_731' title='bbox 2678 5020 2928 5093; x_wconf 82' lang='grc' dir='ltr'>προξενεῖ</span> <span class='ocrx_word' id='word_1_732' title='bbox 2965 5023 2998 5092; x_wconf 85' lang='grc' dir='ltr'><strong>ή</strong></span> <span class='ocrx_word' id='word_1_733' title='bbox 3046 5023 3212 5074; x_wconf 85' lang='grc' dir='ltr'>κακία</span> <span class='ocrx_word' id='word_1_734' title='bbox 3242 5024 3353 5085; x_wconf 84' lang='grc' dir='ltr'>τοῖς</span> <span class='ocrx_word' id='word_1_735' title='bbox 3382 5022 3653 5095; x_wconf 84' lang='grc' dir='ltr'>πράττου-</span> 
     </span>
    </p>
   </div>
   <div class='ocr_carea' id='block_1_102' title="bbox 412 5105 2003 5186">
    <p class='ocr_par' dir='ltr' id='par_1_102' title="bbox 412 5105 1976 5180">
     <span class='ocr_line' id='line_1_102' title="bbox 412 5105 1976 5180; baseline -0.001 -14"><span class='ocrx_word' id='word_1_736' title='bbox 412 5112 817 5180; x_wconf 83' lang='lat' dir='ltr'><strong>depressionem</strong></span> <span class='ocrx_word' id='word_1_737' title='bbox 848 5105 1090 5179; x_wconf 89' lang='lat' dir='ltr'><strong>nequitia</strong></span> <span class='ocrx_word' id='word_1_738' title='bbox 1139 5106 1454 5163; x_wconf 88' lang='lat' dir='ltr'><strong>auctoribus</strong></span> <span class='ocrx_word' id='word_1_739' title='bbox 1496 5106 1608 5164; x_wconf 85' lang='lat' dir='ltr'><strong>suis</strong></span> <span class='ocrx_word' id='word_1_740' title='bbox 1653 5105 1889 5163; x_wconf 82' lang='lat' dir='ltr'><strong>conferet</strong></span> <span class='ocrx_word' id='word_1_741' title='bbox 1921 5108 1976 5164; x_wconf 92' lang='lat' dir='ltr'><strong>in</strong></span> 
     </span>
    </p>
   </div>
   <div class='ocr_carea' id='block_1_103' title="bbox 2096 5105 3652 5186">
    <p class='ocr_par' dir='ltr' id='par_1_103' title="bbox 2096 5111 3652 5186">
     <span class='ocr_line' id='line_1_103' title="bbox 2096 5111 3652 5186; baseline -0.001 -18"><span class='ocrx_word' id='word_1_742' title='bbox 2096 5130 2165 5168; x_wconf 75' lang='grc' dir='ltr'><strong>τιν</strong></span> <span class='ocrx_word' id='word_1_743' title='bbox 2208 5113 2405 5186; x_wconf 82' lang='grc' dir='ltr'>αὐτὴν,</span> <span class='ocrx_word' id='word_1_744' title='bbox 2439 5113 2497 5167; x_wconf 83' lang='grc' dir='ltr'><strong>ἐν</strong></span> <span class='ocrx_word' id='word_1_745' title='bbox 2525 5115 2592 5185; x_wconf 82' lang='grc' dir='ltr'>τῇ</span> <span class='ocrx_word' id='word_1_746' title='bbox 2633 5112 2814 5185; x_wconf 76' lang='grc' dir='ltr'>ἡμέρα</span> <span class='ocrx_word' id='word_1_747' title='bbox 2856 5113 2956 5184; x_wconf 81' lang='grc' dir='ltr'>τῆς</span> <span class='ocrx_word' id='word_1_748' title='bbox 2997 5112 3259 5184; x_wconf 88' lang='grc' dir='ltr'>κρίσεως·</span> <span class='ocrx_word' id='word_1_749' title='bbox 3307 5115 3432 5178; x_wconf 83' lang='grc' dir='ltr'>τοὺς</span> <span class='ocrx_word' id='word_1_750' title='bbox 3463 5111 3518 5167; x_wconf 84' lang='grc' dir='ltr'>δὲ</span> <span class='ocrx_word' id='word_1_751' title='bbox 3548 5132 3652 5167; x_wconf 82' lang='grc' dir='ltr'>τα·-</span> 
     </span>
    </p>
   </div>
   <div class='ocr_carea' id='block_1_104' title="bbox 485 5250 2003 5324">
    <p class='ocr_par' dir='ltr' id='par_1_104' title="bbox 485 5250 2003 5324">
     <span class='ocr_line' id='line_1_104' title="bbox 485 5250 2003 5324; baseline 0.001 -15"><span class='ocrx_word' id='word_1_752' title='bbox 485 5253 574 5308; x_wconf 74' lang='lat' dir='ltr'><strong>“l</strong></span> <span class='ocrx_word' id='word_1_753' title='bbox 605 5255 729 5309; x_wconf 88' lang='lat' dir='ltr'><strong>Cor.</strong></span> <span class='ocrx_word' id='word_1_754' title='bbox 757 5253 961 5324; x_wconf 61' lang='grc' dir='ltr'>χιιηᾷ.</span> <span class='ocrx_word' id='word_1_755' title='bbox 1045 5250 1164 5324; x_wconf 52' lang='grc' dir='ltr'><strong>’ξι</strong></span> <span class='ocrx_word' id='word_1_756' title='bbox 1196 5250 1305 5324; x_wconf 28' lang='grc' dir='ltr'>ιλ</span> <span class='ocrx_word' id='word_1_757' title='bbox 1328 5251 1373 5283; x_wconf 80' lang='grc'>⁸⁸</span> <span class='ocrx_word' id='word_1_758' title='bbox 1393 5266 1443 5306; x_wconf 92' lang='lat' dir='ltr'><strong>v.</strong></span> <span class='ocrx_word' id='word_1_759' title='bbox 1474 5250 1529 5306; x_wconf 89' lang='lat'><strong>9.</strong></span> <span class='ocrx_word' id='word_1_760' title='bbox 1601 5252 1725 5294; x_wconf 76' lang='grc'><strong><em>⁶⁷-⁶⁸</em></strong></span> <span class='ocrx_word' id='word_1_761' title='bbox 1755 5252 1898 5311; x_wconf 89' lang='lat' dir='ltr'><strong>Psal.</strong></span> <span class='ocrx_word' id='word_1_762' title='bbox 1936 5268 2003 5324; x_wconf 74' lang='grc' dir='ltr'><strong>ιι,</strong></span> 
     </span>
    </p>
   </div>
   <div class='ocr_carea' id='block_1_105' title="bbox 2096 5250 3647 5324">
    <p class='ocr_par' dir='ltr' id='par_1_105' title="bbox 2158 5254 3647 5321">
     <span class='ocr_line' id='line_1_105' title="bbox 2158 5254 3647 5321; baseline 0.001 -10"><span class='ocrx_word' id='word_1_763' title='bbox 2158 5257 2202 5289; x_wconf 80' lang='grc'><strong><em>⁸⁸</em></strong></span> <span class='ocrx_word' id='word_1_764' title='bbox 2233 5274 2284 5312; x_wconf 88' lang='lat' dir='ltr'><strong>v.</strong></span> <span class='ocrx_word' id='word_1_765' title='bbox 2325 5257 2412 5313; x_wconf 84' lang='grc'>10.</span> <span class='ocrx_word' id='word_1_766' title='bbox 2482 5254 2530 5289; x_wconf 75' lang='grc'><strong>’⁸</strong></span> <span class='ocrx_word' id='word_1_767' title='bbox 2557 5254 2723 5310; x_wconf 71' lang='lat' dir='ltr'><strong>v.11.</strong></span> <span class='ocrx_word' id='word_1_768' title='bbox 2796 5254 2839 5286; x_wconf 79' lang='grc'><strong>⁷⁸</strong></span> <span class='ocrx_word' id='word_1_769' title='bbox 2869 5270 2920 5311; x_wconf 93' lang='lat' dir='ltr'><strong>v.</strong></span> <span class='ocrx_word' id='word_1_770' title='bbox 2954 5254 3042 5309; x_wconf 81' lang='grc'><strong>18.</strong></span> <span class='ocrx_word' id='word_1_771' title='bbox 3113 5257 3157 5287; x_wconf 74' lang='grc' dir='ltr'><strong>τ’</strong></span> <span class='ocrx_word' id='word_1_772' title='bbox 3193 5254 3349 5311; x_wconf 88' lang='lat' dir='ltr'><strong>Prov.</strong></span> <span class='ocrx_word' id='word_1_773' title='bbox 3377 5272 3525 5321; x_wconf 79' lang='lat' dir='ltr'><strong>xxix,</strong></span> <span class='ocrx_word' id='word_1_774' title='bbox 3559 5256 3647 5312; x_wconf 88' lang='lat' dir='ltr'><strong>l9.</strong></span> 
     </span>
    </p>
   </div>
   <div class='ocr_carea' id='block_1_106' title="bbox 413 5321 1329 5381">
    <p class='ocr_par' dir='ltr' id='par_1_106' title="bbox 413 5321 1329 5381">
     <span class='ocr_line' id='line_1_106' title="bbox 413 5321 1329 5381; baseline -0.004 -1"><span class='ocrx_word' id='word_1_775' title='bbox 413 5328 462 5360; x_wconf 83' lang='grc'>⁷³</span> <span class='ocrx_word' id='word_1_776' title='bbox 496 5343 546 5379; x_wconf 86' lang='grc' dir='ltr'><strong>ν.</strong></span> <span class='ocrx_word' id='word_1_777' title='bbox 585 5324 673 5381; x_wconf 79' lang='lat' dir='ltr'><strong>l9.</strong></span> <span class='ocrx_word' id='word_1_778' title='bbox 742 5324 789 5355; x_wconf 66' lang='grc'>⁷⁸</span> <span class='ocrx_word' id='word_1_779' title='bbox 825 5340 874 5378; x_wconf 88' lang='lat' dir='ltr'><strong>v.</strong></span> <span class='ocrx_word' id='word_1_780' title='bbox 908 5322 999 5379; x_wconf 79' lang='grc'><strong>21.</strong></span> <span class='ocrx_word' id='word_1_781' title='bbox 1075 5322 1121 5354; x_wconf 84' lang='grc'><strong>’⁷⁵</strong></span> <span class='ocrx_word' id='word_1_782' title='bbox 1156 5336 1207 5375; x_wconf 85' lang='lat' dir='ltr'><strong>v.</strong></span> <span class='ocrx_word' id='word_1_783' title='bbox 1237 5321 1329 5376; x_wconf 81' lang='grc'><strong>25.</strong></span> 
     </span>
    </p>
   </div>
   <div class='ocr_carea' id='block_1_107' title="bbox 2086 5460 3652 5530">
    <p class='ocr_par' dir='ltr' id='par_1_107' title="bbox 2086 5460 3652 5530">
     <span class='ocr_line' id='line_1_107' title="bbox 2086 5460 3652 5530; baseline -0.007 -7"><span class='ocrx_word' id='word_1_784' title='bbox 2086 5468 2234 5523; x_wconf 82' lang='lat' dir='ltr'><strong>lum?</strong></span> <span class='ocrx_word' id='word_1_785' title='bbox 2267 5467 2413 5521; x_wconf 87' lang='lat' dir='ltr'><strong>Sane</strong></span> <span class='ocrx_word' id='word_1_786' title='bbox 2440 5465 2494 5518; x_wconf 93' lang='lat' dir='ltr'><strong>in</strong></span> <span class='ocrx_word' id='word_1_787' title='bbox 2524 5462 2712 5517; x_wconf 92' lang='lat' dir='ltr'><strong>codice</strong></span> <span class='ocrx_word' id='word_1_788' title='bbox 2745 5474 2939 5517; x_wconf 89' lang='lat' dir='ltr'><strong>nomen</strong></span> <span class='ocrx_word' id='word_1_789' title='bbox 2968 5460 3216 5527; x_wconf 77' lang='lat' dir='ltr'><strong>Origenis</strong></span> <span class='ocrx_word' id='word_1_790' title='bbox 3265 5460 3391 5516; x_wconf 91' lang='lat' dir='ltr'><strong>huic</strong></span> <span class='ocrx_word' id='word_1_791' title='bbox 3432 5476 3652 5530; x_wconf 83' lang='lat' dir='ltr'><strong>quoque</strong></span> 
     </span>
    </p>
   </div>
   <div class='ocr_carea' id='block_1_108' title="bbox 2085 5531 3647 5605">
    <p class='ocr_par' dir='ltr' id='par_1_108' title="bbox 2085 5531 3647 5605">
     <span class='ocr_line' id='line_1_108' title="bbox 2085 5531 3647 5605; baseline -0.007 -12"><span class='ocrx_word' id='word_1_792' title='bbox 2085 5540 2387 5605; x_wconf 71' lang='lat' dir='ltr'><strong>fragmento</strong></span> <span class='ocrx_word' id='word_1_793' title='bbox 2432 5532 2777 5605; x_wconf 63' lang='lat' dir='ltr'><strong>appingitur;</strong></span> <span class='ocrx_word' id='word_1_794' title='bbox 2822 5534 2915 5586; x_wconf 90' lang='lat' dir='ltr'><strong>sed</strong></span> <span class='ocrx_word' id='word_1_795' title='bbox 2952 5531 3091 5605; x_wconf 81' lang='lat' dir='ltr'><strong>nihil</strong></span> <span class='ocrx_word' id='word_1_796' title='bbox 3136 5540 3281 5605; x_wconf 73' lang='lat' dir='ltr'><strong>vetat</strong></span> <span class='ocrx_word' id='word_1_797' title='bbox 3332 5532 3647 5605; x_wconf 78' lang='lat' dir='ltr'><strong>quominus,</strong></span> 
     </span>
    </p>
   </div>
   <div class='ocr_carea' id='block_1_109' title="bbox 2087 5601 3649 5666">
    <p class='ocr_par' dir='ltr' id='par_1_109' title="bbox 2087 5601 3649 5666">
     <span class='ocr_line' id='line_1_109' title="bbox 2087 5601 3649 5666; baseline -0.001 -5"><span class='ocrx_word' id='word_1_798' title='bbox 2087 5601 2198 5662; x_wconf 43' lang='lat' dir='ltr'><strong>vel&quot;</strong></span> <span class='ocrx_word' id='word_1_799' title='bbox 2225 5601 2572 5661; x_wconf 83' lang='lat' dir='ltr'><strong>amanuensis</strong></span> <span class='ocrx_word' id='word_1_800' title='bbox 2621 5603 2872 5657; x_wconf 88' lang='lat' dir='ltr'><strong>mendum</strong></span> <span class='ocrx_word' id='word_1_801' title='bbox 2920 5602 3009 5666; x_wconf 89' lang='lat' dir='ltr'><strong>sit,</strong></span> <span class='ocrx_word' id='word_1_802' title='bbox 3043 5611 3101 5654; x_wconf 91' lang='lat' dir='ltr'><strong>ut</strong></span> <span class='ocrx_word' id='word_1_803' title='bbox 3137 5601 3189 5653; x_wconf 92' lang='lat' dir='ltr'><strong>in</strong></span> <span class='ocrx_word' id='word_1_804' title='bbox 3241 5603 3447 5659; x_wconf 80' lang='lat' dir='ltr'><strong>catenis</strong></span> <span class='ocrx_word' id='word_1_805' title='bbox 3485 5602 3649 5659; x_wconf 77' lang='lat' dir='ltr'><strong>facile</strong></span> 
     </span>
    </p>
   </div>
   <div class='ocr_carea' id='block_1_110' title="bbox 2085 5669 3191 5753">
    <p class='ocr_par' dir='ltr' id='par_1_110' title="bbox 2085 5669 3191 5753">
     <span class='ocr_line' id='line_1_110' title="bbox 2085 5669 3191 5753; baseline -0.007 -20"><span class='ocrx_word' id='word_1_806' title='bbox 2085 5678 2402 5753; x_wconf 33' lang='lat' dir='ltr'><strong>usuAvenitt</strong></span> <span class='ocrx_word' id='word_1_807' title='bbox 2419 5675 2505 5753; x_wconf 73' lang='lat' dir='ltr'><strong>vel</strong></span> <span class='ocrx_word' id='word_1_808' title='bbox 2533 5674 2787 5753; x_wconf 52' lang='lat' dir='ltr'><strong>qualibet</strong></span> <span class='ocrx_word' id='word_1_809' title='bbox 2822 5669 3191 5743; x_wconf 78' lang='lat' dir='ltr'><strong>inlerpolatio.</strong></span> 
     </span>
    </p>
   </div>
   <div class='ocr_carea' id='block_1_111' title="bbox 2156 5743 2691 5820">
    <p class='ocr_par' dir='ltr' id='par_1_111' title="bbox 2156 5743 2691 5820">
     <span class='ocr_line' id='line_1_111' title="bbox 2156 5743 2691 5820; baseline -0.007 -19"><span class='ocrx_word' id='word_1_810' title='bbox 2156 5748 2269 5820; x_wconf 63' lang='grc' dir='ltr'>(ει)</span> <span class='ocrx_word' id='word_1_811' title='bbox 2304 5745 2430 5801; x_wconf 89' lang='lat' dir='ltr'><strong>cod.</strong></span> <span class='ocrx_word' id='word_1_812' title='bbox 2460 5743 2691 5798; x_wconf 78' lang='grc' dir='ltr'>Παῦλον.</span> 
     </span>
    </p>
   </div>
   <div class='ocr_carea' id='block_1_112' title="bbox 483 5462 1978 5537">
    <p class='ocr_par' dir='ltr' id='par_1_112' title="bbox 483 5462 1978 5537">
     <span class='ocr_line' id='line_1_112' title="bbox 483 5462 1978 5537; baseline 0.003 -20"><span class='ocrx_word' id='word_1_813' title='bbox 483 5464 601 5537; x_wconf 82' lang='grc'>(25)</span> <span class='ocrx_word' id='word_1_814' title='bbox 629 5462 1011 5537; x_wconf 78' lang='lat' dir='ltr'><strong>Animadverte</strong></span> <span class='ocrx_word' id='word_1_815' title='bbox 1028 5466 1297 5532; x_wconf 91' lang='lat' dir='ltr'><strong>quomodo</strong></span> <span class='ocrx_word' id='word_1_816' title='bbox 1316 5463 1575 5534; x_wconf 81' lang='lat' dir='ltr'><strong>Origenes</strong></span> <span class='ocrx_word' id='word_1_817' title='bbox 1592 5465 1740 5521; x_wconf 89' lang='lat' dir='ltr'><strong>dicat</strong></span> <span class='ocrx_word' id='word_1_818' title='bbox 1758 5466 1978 5523; x_wconf 86' lang='lat' dir='ltr'><strong>Petrum</strong></span> 
     </span>
    </p>
   </div>
   <div class='ocr_carea' id='block_1_113' title="bbox 412 5534 1863 5603">
    <p class='ocr_par' dir='ltr' id='par_1_113' title="bbox 412 5534 1863 5603">
     <span class='ocr_line' id='line_1_113' title="bbox 412 5534 1863 5603; baseline 0.001 -12"><span class='ocrx_word' id='word_1_819' title='bbox 412 5534 539 5591; x_wconf 79' lang='lat' dir='ltr'><strong>ﬁdei</strong></span> <span class='ocrx_word' id='word_1_820' title='bbox 574 5534 637 5589; x_wconf 81' lang='lat' dir='ltr'><strong>ac</strong></span> <span class='ocrx_word' id='word_1_821' title='bbox 672 5534 952 5602; x_wconf 78' lang='lat' dir='ltr'><strong>religionis</strong></span> <span class='ocrx_word' id='word_1_822' title='bbox 979 5537 1257 5590; x_wconf 83' lang='lat' dir='ltr'><strong>exstitisse</strong></span> <span class='ocrx_word' id='word_1_823' title='bbox 1285 5538 1486 5588; x_wconf 83' lang='lat' dir='ltr'><strong>mundo</strong></span> <span class='ocrx_word' id='word_1_824' title='bbox 1520 5537 1863 5603; x_wconf 81' lang='lat' dir='ltr'><strong>magistrum.</strong></span> 
     </span>
    </p>
   </div>
   <div class='ocr_carea' id='block_1_114' title="bbox 481 5604 1975 5676">
    <p class='ocr_par' dir='ltr' id='par_1_114' title="bbox 481 5604 1975 5676">
     <span class='ocr_line' id='line_1_114' title="bbox 481 5604 1975 5676; baseline 0.003 -18"><span class='ocrx_word' id='word_1_825' title='bbox 481 5604 593 5676; x_wconf 73' lang='grc'>(26)</span> <span class='ocrx_word' id='word_1_826' title='bbox 623 5605 743 5671; x_wconf 80' lang='lat' dir='ltr'><strong>Quo</strong></span> <span class='ocrx_word' id='word_1_827' title='bbox 775 5616 931 5676; x_wconf 85' lang='lat' dir='ltr'><strong>pacto</strong></span> <span class='ocrx_word' id='word_1_828' title='bbox 963 5606 1393 5661; x_wconf 78' lang='lat' dir='ltr'><strong>Samosatensem</strong></span> <span class='ocrx_word' id='word_1_829' title='bbox 1427 5607 1493 5674; x_wconf 93' lang='lat' dir='ltr'><strong>(si</strong></span> <span class='ocrx_word' id='word_1_830' title='bbox 1521 5606 1743 5660; x_wconf 87' lang='lat' dir='ltr'><strong>Paulum</strong></span> <span class='ocrx_word' id='word_1_831' title='bbox 1774 5609 1975 5663; x_wconf 87' lang='lat' dir='ltr'><strong>intelli-</strong></span> 
     </span>
    </p>
   </div>
   <div class='ocr_carea' id='block_1_115' title="bbox 411 5675 1976 5749">
    <p class='ocr_par' dir='ltr' id='par_1_115' title="bbox 411 5675 1976 5749">
     <span class='ocr_line' id='line_1_115' title="bbox 411 5675 1976 5749; baseline 0.004 -20"><span class='ocrx_word' id='word_1_832' title='bbox 411 5677 509 5749; x_wconf 76' lang='lat' dir='ltr'><strong>git)</strong></span> <span class='ocrx_word' id='word_1_833' title='bbox 562 5675 807 5731; x_wconf 87' lang='lat' dir='ltr'><strong>nominat</strong></span> <span class='ocrx_word' id='word_1_834' title='bbox 852 5675 1273 5749; x_wconf 75' lang='lat' dir='ltr'><strong>Origettes,_qui</strong></span> <span class='ocrx_word' id='word_1_835' title='bbox 1330 5676 1607 5749; x_wconf 79' lang='lat' dir='ltr'><strong>aliquanto</strong></span> <span class='ocrx_word' id='word_1_836' title='bbox 1658 5680 1841 5732; x_wconf 87' lang='lat' dir='ltr'><strong>senior</strong></span> <span class='ocrx_word' id='word_1_837' title='bbox 1883 5682 1976 5735; x_wconf 91' lang='lat' dir='ltr'><strong>illo</strong></span> 
     </span>
    </p>
   </div>
   <div class='ocr_carea' id='block_1_116' title="bbox 413 5747 1975 5819">
    <p class='ocr_par' dir='ltr' id='par_1_116' title="bbox 413 5747 1975 5819">
     <span class='ocr_line' id='line_1_116' title="bbox 413 5747 1975 5819; baseline 0.001 -17"><span class='ocrx_word' id='word_1_838' title='bbox 413 5747 537 5815; x_wconf 71' lang='lat' dir='ltr'><strong>fuit,</strong></span> <span class='ocrx_word' id='word_1_839' title='bbox 574 5762 884 5819; x_wconf 84' lang='lat' dir='ltr'><strong>quanquam</strong></span> <span class='ocrx_word' id='word_1_840' title='bbox 937 5748 1074 5802; x_wconf 82' lang='lat' dir='ltr'><strong>intra</strong></span> <span class='ocrx_word' id='word_1_841' title='bbox 1121 5747 1260 5804; x_wconf 86' lang='lat' dir='ltr'><strong>idem</strong></span> <span class='ocrx_word' id='word_1_842' title='bbox 1298 5747 1518 5804; x_wconf 86' lang='lat' dir='ltr'><strong>tertium</strong></span> <span class='ocrx_word' id='word_1_843' title='bbox 1552 5748 1752 5805; x_wconf 87' lang='lat' dir='ltr'><strong>Christi</strong></span> <span class='ocrx_word' id='word_1_844' title='bbox 1803 5766 1975 5806; x_wconf 73' lang='lat' dir='ltr'><strong>saccu-</strong></span> 
     </span>
    </p>
   </div>
  </div>
