3942 6318
149 400 257 456 249
1309 394 1675 454 EXPOSITIO
1705 396 1771 452 IN
1806 393 2223 453 PROVERBIA.
3278 399 3388 456 250

148 518 506 589 πεινόφρονας
538 520 572 592 ὴ
610 517 763 585 δόξα,
793 517 858 589 ῆν
889 516 1132 584 ἐδόξαζον
1163 517 1253 572 τὸν
1282 518 1415 573 Θεὸν
1443 519 1502 573 ἐν
1534 518 1708 590 ὕμνοις

1825 518 1911 573 die
1940 517 2149 589 iudicii.
2187 515 2258 570 At
2286 512 2519 570 humiles
2546 513 2662 586 ipsa
2694 513 2890 588 gloria,
2918 531 3023 588 qua
3070 516 3239 572 Deum
3265 517 3387 588 glo-

148 610 239 663 κτὶ
262 610 495 681 τηρήσει
513 609 626 665 τῶν
648 610 871 664 ἐντολῶν
892 610 1074 676 αὐτοῦ,
1098 610 1305 675 δοξάσει
1338 608 1534 676 αὐτούς
1555 628 1570 642 ·
1596 610 1708 677 δόξα

1823 610 2112 667 riilcarunt
2164 607 2417 680 hymnis,
2470 616 2526 665 et
2584 610 2960 665 mandatorum
3012 613 3384 678 observantia,

147 705 254 775 γάρ
286 702 423 756 Θεοῦ
456 703 519 756 τὸ
543 706 716 757 ποιεῖν
746 702 843 767 τὰς
870 702 1087 767 ἐντολάς
1113 703 1278 757 αὐτοῦ
1295 720 1306 734 ·
1352 702 1534 767 καθὼς
1562 703 1708 766 αὐτός

1822 701 2068 758 extollet.
2103 699 2287 757 Gloria
2326 699 2469 755 enim
2509 699 2603 754 Dei
2656 707 2739 754 est
2774 703 3056 770 praeceptis
3089 702 3205 771 ejus
3258 703 3386 759 obe-

146 812 311 867 φησιν
325 796 352 848 ὁ
369 796 575 867 Κύριος
598 795 712 848 ἀλλ’
735 795 790 867 ἢ,
817 794 963 862 Τοὺς
985 793 1342 861 6o€dfortd¢
1351 813 1428 866 με
1449 794 1708 861 δοξάσωε

1822 794 1956 851 dire.
1989 791 2453 862 Quemadmodum
2509 790 2627 861 ipse
2677 789 2808 846 dicit
2864 791 3168 849 Dominus:
3202 791 3385 851 Hono-

145 892 175 961 ἡ
203 891 263 944 δέ
290 890 457 945 κακία
491 888 647 961 ὓϐριν
680 888 903 961 λογικῆς
935 886 1111 959 ψυχῆς
1139 884 1407 960 προξενεῖ.

1822 896 1997 942 rantes
2022 899 2103 941 me
2128 885 2397 940 honorabo
2420 882 2490 938 ".
2534 882 2788 954 Nequitia
2825 896 2956 941 vero
3001 882 3384 942 contumeliam

1816 980 2075 1037 rationali
2111 980 2307 1037 animae
2338 978 2523 1035 infert.

1883 1070 2082 1129 Furem
2115 1070 2259 1127 haud
2311 1071 2480 1128 alium
2541 1068 2674 1129 dicit
2720 1086 2885 1143 quam
2932 1071 3226 1129 diabolum.
3282 1073 3383 1141 Qui

1814 1171 1948 1221 vero
1994 1165 2046 1219 in
2088 1172 2273 1237 partes
2325 1162 2620 1233 scinditur,
2675 1162 2731 1218 id
2787 1173 2872 1221 est
2924 1165 3123 1235 partim
3172 1163 3383 1235 quidem

1814 1256 2071 1313 mandata
2124 1255 2217 1313 Dei
2266 1255 2607 1327 exsequitur,
2632 1256 2832 1326 partim
2865 1270 2998 1311 vero
3030 1256 3272 1327 maligni,
3304 1256 3388 1311 hic

1812 1349 2048 1403 animam
2104 1349 2383 1420 propriam
2436 1348 2574 1404 odit.
2623 1348 2669 1381 ⁷⁷
2701 1348 2809 1403 Sed
2866 1348 3015 1403 hunc
3073 1348 3386 1418 propediem

1813 1441 1984 1489 totum
2010 1433 2281 1491 sull'urans
2311 1435 2581 1501 diabolus,
2604 1434 2708 1491 sibi
2740 1436 3065 1492 immolabit.
3093 1435 3210 1491 Fur
3223 1438 3385 1500 enim,

204 1070 469 1140 Κλὲπτην
490 1068 591 1123 οὐκ
611 1065 769 1124 ἀλλον
796 1066 943 1133 τινὰ,
974 1066 1022 1121 εί
1053 1064 1127 1137 μὴ
1153 1065 1244 1119 τὸν
1269 1063 1511 1119 διάϐολον
1534 1064 1711 1135 λέγει·

132 1164 161 1216 ὁ
204 1162 267 1215 δέ
323 1160 709 1233 μεριζόμενος,
742 1159 911 1231 ἧγουν
955 1156 1119 1229 μέρος
1167 1156 1265 1228 μὲν
1309 1154 1419 1211 τῶν
1452 1155 1546 1213 τοῦ
1579 1155 1713 1210 Θεοῦ

131 1254 579 1326 προσταγμάτων
611 1253 816 1325 τηρῶν,
852 1252 1017 1325 μέρος
1045 1249 1100 1303 δέ
1126 1248 1219 1305 τοῦ
1256 1250 1491 1323 πονηροῦ
1524 1251 1711 1319 ποιῶν,

126 1342 293 1410 οὗτος
333 1349 480 1419 μισεῖ
507 1345 605 1418 τὴν
633 1344 825 1400 ἐαυτοῦ
854 1343 1032 1415 ψυχήν
1054 1359 1067 1373 ·
1109 1340 1304 1413 μικρὸν
1330 1341 1439 1415 γὰρ
1470 1343 1593 1397 ὅσον
1621 1344 1715 1397 καὶ

121 1436 345 1491 τέλειον
381 1438 541 1492 αὐτὸν
582 1437 787 1507 κλέψας
830 1438 859 1491 ὁ
900 1434 1142 1496 διάϐολος
1164 1473 1179 1500 ,
1211 1432 1363 1487 θύσει
1390 1433 1585 1506 ἐαυτῷ.
1650 1433 1714 1488 '0

119 1528 405 1597 κλέπτης
431 1528 564 1600 γὰρ,
594 1529 780 1595 φησὶν,
809 1529 919 1581 οὐκ
939 1527 1192 1597 ἔρχεται,
1216 1528 1266 1579 εί
1280 1524 1374 1595 μὴ
1395 1526 1495 1581 ἵνα
1518 1524 1713 1595 κλέψῃ

118 1621 221 1674 καὶ
248 1622 442 1691 θύσῃ,
473 1620 570 1675 καί
600 1620 901 1687 ἀπολέσῃ.
924 1650 991 1661 --
1012 1619 1213 1689 Ὅρκον
1247 1615 1367 1671 εἷπε
1392 1617 1483 1671 τὸν
1512 1615 1673 1697 νόμον
1697 1632 1708 1645 ·

1822 1628 1859 1673 ιι
1894 1618 2590 1689 perdat—Jusjurandum
2640 1620 2776 1677 dixit
2824 1621 3019 1691 legem.
3060 1621 3213 1676 Sicut
3239 1621 3385 1676 enim

114 1712 329 1783 ὥσπερ
373 1712 481 1783 γὰρ
521 1712 549 1765 6
585 1711 745 1783 ὅρκος
787 1710 969 1782 τίθησι
993 1708 1085 1763 τὸν
1114 1708 1246 1763 Θεὸν
1278 1709 1336 1762 ἐν
1362 1707 1505 1778 ψυχῇ
1526 1746 1541 1771 ,
1574 1706 1708 1760 οὕτω

1822 1709 2183 1779 lusjurandum
2221 1711 2384 1767 Deum
2425 1712 2479 1767 in
2527 1714 2706 1768 anima
2748 1713 2919 1784 ponit,
2970 1712 3050 1769 sic
3094 1713 3261 1769 etiam
3298 1711 3384 1767 lex

112 1804 209 1856 καὶ
258 1804 297 1857 ὁ
336 1804 499 1876 νόμος
524 1804 733 1874 εἰσάγει
756 1802 888 1855 Θεὸν
926 1802 1005 1866 είς
1030 1800 1206 1872 ψυχήν
1228 1818 1241 1832 ·
1285 1799 1380 1854 καὶ
1423 1800 1483 1854 ὃν
1513 1798 1708 1872 τρόπον

1822 1802 1983 1859 Deum
2034 1806 2088 1860 in
2138 1805 2377 1859 animam
2408 1806 2635 1861 inducit.
2660 1804 2727 1860 Et
2764 1807 3229 1878 quemadmodum
3262 1822 3385 1878 per-

110 1894 299 1949 τεάλιν
334 1872 547 1967 ἀναιρεῖ
575 1896 608 1965 ἡ
640 1872 895 1965 ἐπιορκία
920 1891 1051 1946 Θεὸν
1073 1893 1139 1945 ἐκ
1164 1890 1361 1962 ψυχῆς,
1388 1890 1528 1945 οὕτω
1553 1890 1646 1944 καλ⁸
1673 1890 1708 1962 ἡ

1822 1893 2016 1964 iurium
2065 1893 2234 1951 Deum
2279 1910 2346 1951 ex
2391 1897 2570 1952 anima
2617 1897 2783 1963 delet,
2838 1898 2913 1953 ita
2968 1899 3102 1970 legis
3160 1899 3383 1955 violatio

109 1986 452 2060 παρανομία
474 1985 724 2040 ἐκϐάλλει
748 1984 881 2037 Θεὸν
902 1983 996 2037 ἀπ’
1020 1981 1215 2053 αὐτῆς.
1264 1981 1388 2036 Ἐἀν
1409 1977 1522 2047 οὖν,
1556 1979 1708 2052 φησὶ,

1822 1986 1991 2042 Deum
2020 2001 2090 2041 ex
2123 1986 2215 2042 illa
2263 1985 2453 2058 abigit.
2507 1986 2564 2043 Si
2614 2002 2744 2059 ergo
2775 1998 2954 2044 stante
2987 1988 3123 2057 lege,
3158 1999 3381 2059 peccata

104 2079 300 2150 νόμου
325 2078 576 2141 τεθέντος
602 2076 931 2140 ἀκούσαντες
956 2076 1029 2147 μὴ
1054 2074 1481 2148 ἐξαγορεύσωσιν
1508 2072 1708 2128 ἑαυτῶν

1822 2092 1915 2133 sua
1938 2078 2188 2133 conﬁteri
2217 2078 2513 2146 noluerint,
2545 2086 2692 2134 metu
2732 2095 2796 2135 ac
2839 2081 3047 2150 pudore
3075 2082 3382 2147 hominum,

102 2172 217 2237 τὰς
251 2170 539 2243 ἁμαρτίας
562 2208 577 2235 ,
625 2167 949 2240 φοϐηθέντες
978 2169 1073 2222 κα)⁵
1110 2165 1484 2238 αἰσχυνθέντες
1508 2164 1708 2237 ἀνθρώ-

1822 2169 2118 2226 exitialiter
2166 2169 2571 2237 subyertentur.
2606 2171 2697 2226 Sic
2759 2170 2835 2227 ait
2888 2182 2942 2227 et
2975 2172 3329 2228 David:Dixi
3360 2191 3381 2230 :

98 2282 298 2331 πιους,
326 2261 871 2333 ὑποσκελισθὴσονται
905 2260 1040 2333 πρὸς
1072 2260 1346 2315 ἀπώλειαν
1369 2278 1381 2290 ·
1412 2259 1553 2313 οὕτω
1581 2257 1708 2329 φησὶ

1822 2261 2120 2332 Conﬁtebor
2146 2264 2398 2318 adversus
2425 2280 2508 2318 me
2529 2262 2849 2333 injustiti‘am
2874 2279 3044 2318 meam
3067 2263 3308 2332 Domino,
3334 2273 3383 2318 et

96 2358 218 2411 καὶ
253 2359 291 2410 ὀ
311 2356 473 2410 Δαυῖδ
491 2372 504 2385 ·
522 2351 708 2410 Ἐἷπα-
728 2354 1125 2423 Ἐξαγορεύσω
1140 2353 1266 2407 κατ’
1280 2353 1427 2423 ἐμοῦ
1446 2351 1559 2421 τὴν
1576 2351 1708 2405 ἀνο‹

1822 2364 1876 2410 tu
1913 2356 2161 2411 remisisti
2208 2352 2531 2426 impietatem
2588 2356 2765 2412 cordia
2828 2354 2932 2410 mei
2954 2356 3020 2409 ⁷⁵.
3060 2355 3162 2410 Et:
3195 2355 3288 2409 Dic
3327 2366 3384 2409 tu

98 2449 280 2519 μίαν
292 2466 414 2518 μου
432 2446 512 2513 τῷ
525 2447 735 2515 Κυρίῳ,
758 2445 856 2499 καί
887 2445 967 2500 σὺ
995 2444 1236 2514 ἀφῆκας
1276 2444 1391 2513 τὴν
1428 2442 1708 2499 ἀσέϐειαν

1822 2449 1961 2517 prior
1992 2458 2205 2519 peccata
2248 2456 2363 2514 tua,
2405 2458 2463 2503 ut
2502 2449 2812 2519 justiﬁceris
2832 2446 2899 2501 ⁸⁸.
2952 2446 3085 2503 ltem
3128 2447 3384 2503 Salomon

104 2540 239 2609 τῆς
257 2539 506 2607 καρδίας
523 2558 639 2609 μου
662 2557 675 2571 ·
707 2540 800 2594 καί
827 2557 840 2572 ·
867 2539 1016 2610 Λέγε
1040 2538 1121 2594 σὺ
1150 2537 1378 2607 πρῶτος
1401 2537 1507 2603 τὰς
1526 2537 1708 2606 ἀμαρ-

1822 2537 1928 2593 ait:
1951 2537 2056 2605 Qui
2084 2541 2249 2605 operit
2270 2540 2600 2610 iniquitatem
2624 2556 2796 2607 suam,
2824 2556 2929 2594 non
2950 2539 3383 2609 prosperabitur;

110 2635 265 2701 τίας
307 2649 455 2699 σου,
502 2636 601 2689 ινα
648 2630 997 2702 δικαιωθῇς·
1037 2632 1130 2686 καὶ
1179 2631 1339 2687 πάλιν
1387 2632 1415 2684 6
1458 2629 1708 2701 Σολομῶν

1822 2630 1904 2701 qui
1932 2640 2107 2685 autem
2131 2630 2349 2686 enarrat
2375 2639 2426 2687 et
2456 2630 2743 2699 vituperat,
2773 2630 2861 2685 hic
2887 2630 3218 2699 diligetur“.

117 2746 325 2802 φησιν·
395 2729 460 2784 '0
522 2729 941 2784 ἐπικαλύπτων
989 2728 1271 2786 ἀσέϐειαν
1333 2726 1518 2782 αὐτοῦ
1541 2769 1558 2796 ,
1623 2728 1736 2781 οὐκ
1787 2724 2224 2796 εὐοδωθήσεται
2247 2744 2263 2760 ·
2320 2728 2354 2783 ό
2410 2726 2479 2783 δὲ
2530 2726 2930 2799 ἐξηγούμενος
2976 2727 3075 2783 καί
3116 2727 3384 2796 ἐλέγχων

1813 1524 1991 1595 inquit
2018 1524 2267 1583 Christus
2287 1526 2357 1591 ",
2386 1542 2491 1582 non
2512 1528 2642 1583 venit
2678 1528 2784 1582 nisi
2810 1537 2864 1581 ut
2882 1528 3089 1597 {aretur
3102 1539 3150 1583 et
3170 1536 3386 1593 mactet,

124 2819 601 2892 ἀγαπηθήσεται.

200 2866 363 2965 Ὅσοι
384 2866 754 2984 κατορθοῦμεν
780 2910 879 2976 τὰς
910 2911 1149 2977 ἐντολὰς,
1182 2910 1556 2984 θεραπεύομεν
1580 2910 1706 2975 τοὺς

1876 2908 1923 2940 ⁸²
1948 2907 2269 2976 Quicunque
2305 2898 2561 2962 mandata
2597 2904 2692 2963 Dei
2740 2866 3113 2976 observamus,
3158 2909 3379 2981 angelos

130 3003 426 3074 ἀγγέλους·
471 3004 625 3058 αὐτοὶ
650 3003 759 3076 γάρ
803 3006 941 3059 είσιν
977 3004 1027 3058 οί
1070 3004 1359 3076 ἡγούμενοι
1386 3004 1546 3076 ὴμῶν
1574 3002 1709 3076 (28),

130 3095 231 3147 ἀπ’
256 3094 429 3166 ἀρχῆς
459 3093 685 3148 λαϐόντε
702 3111 730 3158 ς
756 3095 922 3166 ἡμᾶς,
953 3095 1041 3149 ὅτε
1073 3094 1376 3167 διεμέριζεν
1398 3097 1427 3150 6
1452 3093 1713 3164 Ὕψιστος

132 3186 262 3260 ἐθνιη
285 3227 300 3253 ,
330 3189 425 3242 καὶ
454 3186 825 3259 ἐστησεν’ὅρια
851 3186 1018 3243 ἐθνῶν
1042 3188 1184 3242 κατὰ
1204 3186 1435 3260 ἀριθμὸν
1461 3186 1708 3257 ἀγγέλων

133 3278 334 3333 αὑτοῦ·
370 3280 428 3333 ἐν
454 3279 529 3333 ’δὲ
567 3279 644 3352 τῷ
686 3278 1005 3352 θεραπεύειν
1037 3281 1183 3351 ἡμᾶς
1221 3280 1346 3343 τοὺς
1375 3277 1711 3351 ἡγουμένους

134 3367 292 3439 ἡμῶν
338 3368 630 3438 ἀγγέλους,
661 3371 717 3422 ἐν
744 3369 825 3440 τῷ
855 3368 1119 3441 θελήματι
1148 3368 1242 3422 τοῦ
1280 3367 1485 3440 Κυρίου
1505 3408 1521 3433 ,
1554 3368 1612 3423 ἐν
1636 3370 1708 3440 τῇ

1808 2999 2173 3056 demeremur.
2222 2996 2329 3070 lpsi
2376 2995 2541 3054 duces
2584 3000 2760 3056 nostri
2821 3009 2971 3068 sunt,
3026 3011 3277 3073 suscepta
3308 3004 3378 3060 ab

1806 3090 1959 3148 initio
1988 3091 2152 3147 tutela
2188 3100 2395 3157 nostra,
2434 3104 2559 3148 cum
2592 3089 2871 3149 dividebat
2903 3092 3220 3151 Altissimus
3249 3109 3379 3166 gen-

1806 3192 1912 3249 tes,
1937 3182 2316 3253 statuebatque
2344 3181 2484 3239 lines
2509 3181 2830 3254 populorum
2861 3186 3159 3242 secundum
3186 3200 3377 3243 nume-

1805 3288 1926 3330 rum
1958 3272 2268 3345 angelorum
2318 3272 2435 3331 Dei.
2471 3272 2586 3346 Age
2640 3289 2773 3331 vero
2823 3275 3159 3333 demerendo
3212 3279 3378 3336 duces

1805 3372 2022 3421 nostros
2050 3364 2296 3435 angelos,
2322 3364 2648 3435 Dominique
2690 3366 2968 3423 voluntate
3013 3369 3374 3439 adimplenda,

134 3459 312 3530 κρίσει
353 3459 561 3515 δίκαιον
612 3459 842 3533 ὑπάρξει
886 3463 1017 3532 ἡμῖν
1069 3459 1221 3533 παρὰ
1270 3459 1366 3513 τοῦ
1400 3460 1607 3533 Κυρίου
1651 3460 1710 3513 ἐν
1800 3454 2805 3528 ,ἱυειιιιηιιὓοιηίιιορηυωίυωίιιαιιίε
2823 3474 3239 3530 consequemur,
3271 3477 3375 3531 qua

136 3552 321 3625 ἐκείνη
351 3555 425 3632 ,τῇ
458 3552 675 3624 ἡμέρᾳ,
705 3553 794 3607 ὅτε
829 3555 1006 3625 κρινεῖ
1033 3553 1134 3623 τὴν
1174 3553 1497 3623 οἰκουμένην
1538 3554 1599 3605 ἐν
1634 3552 1713 3605 δι-

137 3661 397 3717 καιοσύνη
470 3643 524 3697 εί
563 3661 628 3713 γε
658 3647 834 3699 πᾶσαν
868 3643 966 3716 τὴν
999 3642 1178 3714 κρίσιν
1222 3644 1251 3697 6
1290 3643 1483 3714 Πατὴρ
1513 3641 1713 3697 δέδωκε

137 3732 213 3805 τῷ
243 3733 377 3806 Υἱῴ.

1806 3551 2067 3605 mundum
2142 3549 2405 3619 iudicabit
2467 3564 2590 3606 cum
2641 3549 2896 3621 iustitia:
2940 3552 3377 3623 quandoquidem

1806 3654 1969 3696 omne
1992 3638 2259 3708 judicium
2281 3638 2441 3696 Pater
2468 3640 2610 3696 Filio
2641 3640 2886 3697 tradidit.

1566 3822 1719 3881 CAP.
1757 3820 1951 3880 XXXI.

219 3919 460 3994 Ἀνδρεία
505 3919 651 3974 ἐστὶν
688 3919 800 3988 ἐξις
832 3919 1025 3993 ἀρίστη
1056 3918 1282 3990 λογικῆς
1321 3916 1530 3990 ψυχῆς,
1582 3912 1704 3971 καθ’

142 4012 204 4085 ῆν
229 4012 331 4066 τῶν
359 4012 751 4085 ἀντικειμένων
778 4012 914 4084 αὕτη
943 4012 1281 4086 κεκράτηκεν
1312 4010 1542 4083 ἐχθρῶν.

204 4106 540 4180 Νικήσαντες
565 4107 663 4179 τὴν
684 4106 1070 4177 ἀντικειμένην
1097 4103 1344 4175 δύναμιν,
1376 4101 1705 4173 σκυλεύομεν

143 4196 321 4270 αὐτὴν,
357 4200 486 4264 τοὺς
518 4198 646 4272 περὶ
676 4198 848 4268 αὐτῆς
876 4198 1069 4266 λόγους
1098 4195 1456 4267 μανθάνοντες
1479 4212 1493 4225 ·
1525 4195 1610 4248 ἵνα
1636 4192 1706 4247 τὰ

144 4291 259 4342 κατ’
286 4290 453 4345 αὐτὴν
484 4290 661 4361 φαῦλα
687 4288 821 4361 δῆλα
844 4290 1165 4361 ποιήσαντες
1185 4329 1200 4355 ,
1232 4286 1580 4356 ἀπαγίδευτοι
1607 4286 1706 4361 μέ-

150 4399 292 4447 νωσι,
322 4386 397 4455 μὴ
424 4385 584 4455 μόνον
600 4384 654 4437 Γοί
676 4380 1053 4454 ἀπλούστεροι,
1084 4379 1217 4435 ἀλλά
1241 4379 1332 4433 καὶ
1354 4380 1403 4433 οἱ
1432 4378 1706 4450 συλλαγω-

150 4474 393 4544 γηθέντες
426 4474 620 4548 ῥᾳδίως
652 4473 989 4545 ἐκφεύγωσιν
1015 4473 1109 4526 ἀπ’
1133 4471 1322 4542 αὐτῆς.

210 4564 490 4637 Μηρύεται
513 4565 575 4619 τὸ
597 4564 740 4637 ἔριον
760 4566 860 4618 καὶ
878 4562 1020 4617 λίνον
1045 4561 1212 4634 ψυχὴ,
1236 4564 1363 4627 τοὺς
1382 4562 1510 4632 περὶ
1533 4562 1708 4635 ἐμψύ-

152 4672 248 4724 χων
292 4655 387 4708 καλ⁵
433 4654 657 4726 ἀψύχων
700 4653 890 4722 λόγους
925 4649 1273 4723 γυμνάζουσα
1295 4667 1308 4681 ·
1357 4651 1390 4723 ἢ
1422 4652 1548 4715 τοὺς
1579 4652 1708 4725 περὶ⁵

153 4748 446 4820 πρακτικῆς
492 4749 587 4801 καὶ
628 4746 861 4818 φυσικῆς
902 4744 1229 4813 ἐξετάζουσα
1275 4744 1504 4814 λόγους·
1544 4744 1703 4817 ἦτὴν

154 4842 266 4913 περὶ
285 4841 552 4912 σωμάτων
572 4840 666 4897 καὶ
683 4840 989 4910 ἀσωμάτων
1010 4836 1241 4909 θεωρίαν
1255 4836 1341 4892 διὰ
1359 4838 1456 4909 τῆς
1475 4854 1705 4909 πρακτι-

155 4930 245 5001 κῆς
269 4932 500 4985 ἕλκουσα
534 4930 668 5004 πρὸς
698 4929 865 5002 αὐτὴν
889 4928 1075 4995 ἐξεως.

208 5023 276 5075 Ἢ
309 5023 407 5077 καὶ
438 5022 536 5093 τὴν
576 5024 641 5075 ἐκ
669 5021 863 5085 νυκτὸς
890 5018 1255 5092 ἀνισταμένην
1276 5018 1473 5090 ψυχὴν,
1501 5034 1704 5091 γρηγο-

155 5114 337 5184 ροῦσαν
382 5115 627 5186 εὑρίσκει
677 5115 706 5167 6
752 5113 851 5183 τῆς
893 5110 1236 5183 δικαιοσύνης
1268 5109 1416 5180 ἦλιος
1448 5109 1703 5179 νυμφίος·

153 5206 353 5270 πάντως
385 5206 443 5260 δὲ
483 5206 578 5260 καὶ
619 5202 1062 5276 προσευχομένην
1088 5201 1181 5256 τοῦ
1223 5201 1298 5272 μὴ
1338 5202 1598 5272 ἐμπεσεῖν
1629 5201 1709 5265 είς

154 5298 461 5370 πειρασμὸν,
478 5297 736 5368 λέγουσαν
757 5296 841 5361 τὸ,
870 5294 1219 5366 Ἤγρύπνησα
1234 5292 1328 5348 καὶ
1345 5293 1609 5365 ἐγενόμην
1632 5293 1707 5358 ὼς

153 5389 419 5461 σςρουθίον
446 5390 673 5460 μονάζον
701 5389 795 5442 ἐπὶ
834 5385 1077 5457 δώματος
1100 5401 1113 5413 ·
1147 5384 1342 5457 βρῶμα
1366 5384 1423 5438 δέ
1455 5387 1571 5437 ἐστι
1602 5384 1705 5455 ψυ-

152 5482 260 5551 χῆς,
283 5484 318 5554 ἡ
346 5481 544 5555 μελέτη
567 5481 675 5537 τῶν
700 5481 860 5536 θείων
883 5480 1057 5549 λόγων
1078 5495 1093 5509 ·
1125 5477 1260 5551 ἔργα
1280 5478 1371 5548 δὲ,
1395 5480 1451 5534 αί
1477 5478 1666 5551 ἀρεταί
1689 5495 1703 5510 .

213 5646 298 5701 "l
324 5647 455 5718 Reg.
489 5663 547 5712 tt,
587 5645 677 5702 30.
771 5645 818 5718 "T
848 5660 901 5702 v.
929 5645 1020 5718 24.
1114 5649 1160 5681 ⁷⁸
1230 5648 1388 5704 Joan.
1420 5660 1476 5718 ξ,
1501 5642 1598 5718 10.
1616 5714 1643 5718 __
1665 5644 1708 5675 ⁷³

1822 5640 1877 5718 ._l.
1916 5654 2073 5718 _xxxr,
2098 5638 2157 5718 ξ.

1880 3913 1928 3948 ⁸³
1948 3912 2236 3972 Fortitudo
2260 3923 2343 3972 est
2379 3914 2580 3986 optima
2616 3913 2853 3987 qualitas
2900 3914 3101 3973 anima:
3140 3916 3378 3976 rationa-

1810 4007 1895 4074 lis,
1930 4023 2035 4080 qua
2062 4009 2410 4065 adversantes
2438 4008 2541 4063 sibi
2571 4009 2819 4066 inimicos
2847 4009 3028 4066 anima
3064 4020 3304 4083 superat.

1880 4102 1927 4135 “
1950 4101 2215 4173 Superata
2261 4101 2575 4157 adversaria
2612 4103 2875 4172 potentia,
2919 4105 3208 4161 manubias
3250 4105 3378 4163 inde

1811 4194 2073 4265 capimus,
2099 4192 2461 4248 litteraturam
2498 4192 2618 4262 ejus
2655 4194 2915 4251 discendo
2946 4212 2960 4251 :
2993 4203 3053 4250 ut
3084 4196 3218 4252 vitia
3259 4196 3377 4267 ejus

1810 4285 1986 4358 palam
2026 4283 2313 4352 facientes,
2350 4302 2458 4342 non
2496 4286 2657 4342 modo
2680 4296 2910 4343 caveant
2939 4302 2968 4343 a
3004 4285 3215 4359 laqueis
3244 4290 3378 4344 sim-

1808 4379 2087 4450 pliciores,
2119 4380 2217 4436 sed
2242 4380 2404 4436 etiam
2429 4389 2695 4452 quotquot
2730 4379 2929 4437 irretiti
2958 4378 3182 4436 fuerant
3214 4381 3376 4437 tacite

1807 4468 2064 4538 effugiant.

1876 4564 1923 4597 ⁸³
1943 4562 2147 4618 Lanam
2184 4563 2468 4634 linumque
2505 4572 2599 4619 net
2622 4563 2826 4631 anima,
2852 4579 2977 4620 cum
3010 4566 3372 4623 animatarum

1806 4663 1864 4710 et
1907 4654 2333 4709 inanimatarum
2386 4655 2662 4710 doctrinas
2721 4656 3046 4716 meditatur;
3115 4658 3202 4713 vel
3250 4673 3373 4713 cum

1811 4746 2067 4817 practicae
2102 4755 2156 4801 et
2192 4747 2428 4817 physica:
2458 4753 2736 4800 scrutatur
2779 4748 3062 4803 methodos
3090 4750 3212 4804 :vel
3243 4764 3367 4804 cum

1812 4837 2254 4906 incorporearum
2283 4836 2552 4892 theoriam
2578 4837 2822 4906 practica
2856 4839 2923 4892 ad
2956 4853 3016 4894 se
3044 4839 3211 4895 trahit
3238 4854 3366 4894 con-

1811 4928 2121 4986 suetudine.

1885 5020 1932 5053 ⁸⁸
1960 5020 2133 5078 Noctu
2171 5028 2552 5091 exsurgentem
2605 5023 2865 5092 animam,
2895 5024 3116 5095 vigilem
3170 5024 3373 5082 invenit

1814 5125 2046 5182 sponsus
2068 5109 2295 5179 iustitiae
2334 5110 2440 5178 sol,
2472 5127 2571 5169 nec
2600 5129 2707 5169 non
2736 5114 2897 5170 enixe
2936 5123 3183 5171 orantem
3224 5122 3371 5171 utne.

1810 5205 1864 5260 in
1916 5205 2263 5261 tentationem
2305 5205 2552 5271 incidat,
2594 5206 2974 5277 dicentemque
3008 5205 3276 5278 :Vigilavi
3312 5218 3371 5264 et

1812 5295 1955 5351 facta
2002 5311 2121 5351 sum
2170 5296 2320 5351 velut
2350 5311 2537 5367 passer
2564 5298 2918 5355 solitarius".
2958 5298 3054 5353 Est
3082 5307 3259 5353 autem
3286 5300 3370 5355 ci-

1812 5387 1912 5443 bus
1944 5387 2158 5456 animae,
2192 5388 2470 5445 meditatio
2499 5389 2803 5446 divinorum
2832 5389 3168 5461 eloquiorum
3196 5407 3211 5446 :
3242 5406 3370 5461 ope-

1812 5493 1894 5545 ra,
1927 5487 2054 5534 sunt
2086 5481 2310 5536 virtutes
2336 5496 2353 5549 ;
2378 5480 2609 5547 ancillae,
2639 5494 2856 5537 sensus.
2912 5479 3039 5539 Haec
3079 5495 3209 5554 ergo
3239 5495 3368 5537 con-

2257 5636 2301 5674 ”
2323 5637 2425 5698 lsa.
2448 5654 2600 5709 mu,
2625 5640 2717 5697 26.
2788 5640 2834 5673 ⁸⁸
2865 5639 3028 5699 Prov.
3060 5655 3252 5708 xxvttt,
3282 5639 3367 5697 13.

156 5715 194 5746 ⁸²
217 5732 266 5772 v.
294 5708 433 5773 26.“
460 5718 507 5751 ⁸³
536 5708 589 5772 ι.
619 5719 703 5773 10.
782 5716 827 5749 ⁸⁸
858 5733 912 5771 v.
944 5717 1031 5772 il.
1108 5718 1154 5753 ⁸⁸
1181 5719 1344 5775 ν.15.
1423 5708 1469 5748 ⁸⁸
1490 5730 1543 5769 v.
1580 5714 1665 5769 15.

1822 5708 1953 5767 Psal.
1988 5726 2061 5777 cr,
2094 5711 2147 5766 8.

221 5861 326 5933 ('28)
358 5861 598 5920 Observa
627 5860 875 5934 Origcnis
909 5864 1274 5923 testimonium
1303 5864 1367 5921 de
1399 5862 1715 5923 custodibus
1739 5860 2013 5917 hominum
2045 5858 2267 5930 angelis.
