3942 6318
589 339 692 425 23':
1479 359 2042 420 summanr;an
2079 358 2170 416 AD
2203 357 2528 420 ORIGENIS
2561 357 2971 418 EXEGETlCA.
3744 366 3840 422 23g

592 485 696 540 fert
745 482 1024 541 domicilio
1073 497 1173 541 suo
1201 483 1469 554 corporali
1498 480 1870 540 azstimabilior
1907 481 2149 553 pretiosi:

2285 475 2644 551 lepat'tatvlSe;
2679 478 2736 532 δέ
2759 518 2774 544 ,
2821 479 2876 532 al
2921 477 3214 550 αἰσθήσεις
3239 493 3254 509 ⁸
3306 477 3462 532 ταῦτ’
3494 471 3586 535 οῦν
3635 482 3842 556 παρέχει

590 578 862 649 lapidibus
899 577 1105 635 anima.

2286 589 2295 644 ι
2340 569 2643 644 τιμιωτέρα
2689 571 2853 627 λίθων
2895 571 3211 626 πολυτελῶν
3254 571 3412 644 ψυχὴ
3448 572 3528 644 τῷ
3573 580 3843 651 σωματικῷ

2263 663 2434 734 αὐτῆς
2465 664 2619 735 οίκῳ.

660 760 708 793 ⁸⁸
733 759 985 816 Animam
1024 759 1127 814 viri
1182 757 1324 829 frugi
1381 757 1514 814 dicit
1575 757 1899 826 Ecclesiam,
1953 759 2161 831 lignum

2341 754 2454 827 Τὴν
2487 753 2582 808 τοῦ
2615 753 2903 809 σπουδαίου
2940 754 3120 829 ψυχήν
3156 772 3333 828 φησιν
3369 755 3605 826 ἔχουσαν
3645 757 3847 831 Ἐκκλησ

589 853 833 908 scientiaa
856 859 908 908 et
927 851 1134 922 lignum
1161 850 1288 906 vitae
1305 851 1632 918 habentem;
1657 853 1900 909 scientiae
1923 861 1982 909 ut
2006 853 2146 922 legis

2289 845 2385 900 rlav
2427 846 2582 912 ξύλον
2610 846 2869 917 γνώσεως
2911 850 3007 905 καὶ
3053 849 3222 917 ξύλον
3259 849 3444 920 ζωῆςο
3487 850 3735 918 γνώσεως
3763 855 3846 924 μὲν

589 945 716 1001 vita:
750 953 808 1000 ut
837 943 1005 1000 verbi.
1049 942 1171 1015 Ipsa
1193 944 1337 999 enim
1365 952 1450 1000 est
1483 943 1726 1001 Ecclesia
1758 961 1878 1016 quae
1901 947 1970 1003 de
1996 945 2146 1002 lateri

2288 940 2339 1002 Li;
2383 941 2547 1011 νόμου
2569 980 2583 1004 ,
2615 939 2760 1010 ζωῆς
2796 940 2854 994 δὲ
2881 941 2957 1004 ὼς
2987 939 3186 1010 λόγου·
3227 940 3379 1013 αῦτη
3417 940 3526 1012 γάρ
3563 943 3704 996 ἐστιν
3735 947 3764 1015 ἡ
3792 946 3845 997 ἐκ

587 1037 791 1092 Christi
833 1037 1124 1106 processit,
1163 1035 1390 1108 ejusque
1419 1050 1619 1106 sponsa
1663 1037 1887 1093 iuventa
1928 1048 2040 1100 est,
2069 1052 2138 1106 pu

2285 1033 2506 1105 τλευρᾶς
2549 1032 2797 1106 Χριστοῦ.
2841 1032 3223 1106 προελθοῦσα,
3282 1033 3383 1086 καὶ
3435 1032 3625 1106 νύμφη
3677 1035 3842 1092 τούτου

587 1129 707 1186 dica
739 1137 795 1186 et
824 1127 981 1186 fortis
1030 1127 1252 1197 mulier,
1280 1130 1442 1186 fidem
1482 1130 1611 1186 huic
1661 1143 1907 1198 servans,
1935 1144 2144 1200 eumqui

2286 1125 2568 1199 ιύρεθεῖσα,
2601 1127 2635 1197 ἡ
2662 1124 2891 1198 σώφρων
2917 1125 3010 1179 καὶ
3033 1125 3268 1198 ἀνδρεία
3302 1125 3473 1197 γυνὴ,
3504 1129 3537 1198 ἡ
3567 1128 3662 1198 τὴν
3686 1131 3843 1186 πίστιν

584 1239 840 1296 sponsum
859 1225 925 1281 de
957 1223 1112 1281 coelis
1139 1225 1334 1281 iterum
1361 1232 1712 1296 exspectans.

2288 1215 2454 1271 πούτου
2493 1217 2782 1288 τηρήσασα
2803 1255 2818 1281 ,
2851 1216 2946 1271 καὶ
2980 1215 3175 1272 τοῦτον
3211 1217 3464 1290 νυμφίον
3501 1220 3596 1272 ἀπ’
3628 1221 3845 1294 οὐρανῶν

2266 1309 2427 1365 πάλιν
2456 1307 2830 1381 προσδοκῶσα.

656 1411 703 1443 ⁸⁸
735 1410 934 1476 Fusus,
965 1421 1050 1466 est
1088 1423 1229 1481 pura
1265 1391 1728 1476 mens,'virtutem
1759 1409 1949 1464 virtuti
1979 1423 2164 1482 agg.o-

2335 1401 2639 1475 Ἀτρακτός
2679 1403 2794 1455 ἐστι
2834 1401 2959 1466 νοῦς
2987 1398 3261 1476 καθαρὸς,
3298 1403 3640 1474 συμπλέκων
3671 1407 3844 1480 ἀρετὴν

584 1517 822 1570 merans,
847 1504 1108 1574 etdogma
1133 1503 1366 1571 dogmati
1391 1515 1405 1554 :
1433 1502 1516 1556 vel
1533 1515 1712 1556 sermo
1739 1509 1961 1555 exterue
1991 1499 2138 1571 prola

2285 1491 2353 1543 m’
2373 1490 2542 1562 ἀρετῇ
2561 1529 2575 1555 ,
2610 1490 2703 1543 καὶ
2731 1490 2959 1561 δόγματι
2986 1491 3162 1562 δόγμα
3185 1507 3200 1522 ⁸
3321 1490 3487 1560 λόγος
3519 1498 3842 1567 προφορικὸς,

511 1636 516 1644 .
587 1603 698 1660 tus,
736 1596 825 1665 qui
861 1611 929 1650 ex
954 1602 1133 1650 mente
1160 1592 1378 1648 deducit
1406 1591 1707 1662 spiritalem
1741 1592 2024 1648 theoriam.

1980 1607 2024 1648 η,
2267 1583 2438 1638 ἕλκων
2471 1583 2579 1636 ἀπὸ
2599 1582 2694 1634 τοῦ
2725 1582 2816 1635 νοῦ
2850 1583 3230 1656 πνευματικὴν
3264 1583 3537 1673 θεωρίαν.

539 1698 548 1711 ³
659 1686 706 1716 ⁸⁸
735 1685 884 1742 Mens
919 1702 1024 1740 non
1053 1683 1320 1754 proﬁciet,
1359 1697 1537 1754 neque
1585 1683 1854 1738 theoriam
1911 1683 2096 1754 incorp

2339 1675 2453 1729 Οὐκ
2498 1675 2565 1728 ἂν
2609 1674 2858 1746 προέλθοι
2895 1675 3053 1742 νοῦς,
3104 1677 3236 1730 οὐδὲ
3290 1679 3355 1730 ἐν
3405 1676 3614 1748 θεωρίᾳ
3665 1677 3846 1746 γένοιτο

589 1791 810 1832 reorum
864 1787 1222 1846 assequetur,
1269 1777 1372 1832 nisi
1407 1775 1666 1831 interiora
1696 1792 1791 1831 sua
1827 1786 1976 1832 recte
2013 1793 2146 1832 com.

2288 1766 2379 1820 τῶν
2407 1766 2713 1838 ἀσωμάτων
2733 1805 2753 1832 ,ς
2786 1766 2862 1839 μὴ
2891 1767 2960 1820 τὰ
2994 1766 3139 1821 ένδον
3177 1767 3638 1840 διορθωσάμενος
3656 1785 3669 1797 ·
3699 1770 3728 1840 ή
3757 1769 3845 1841 γὰρ

585 1873 856 1940 posuerit.
937 1870 1072 1926 Nam
1133 1870 1332 1940 proprii
1388 1878 1564 1924 status
1616 1867 1975 1938 perturbatio,
2029 1869 2142 1923 sole

2288 1860 2481 1933 ςαραχὴ
2523 1861 2629 1914 τῶν
2669 1860 2885 1914 οἰκείων
2921 1839 3284 1932 ἐπιστρέφειν
3329 1859 3501 1914 αὐτὸν
3549 1839 3845 1931 είωθενπρδς

586 1970 825 2019 mentem
881 1975 948 2020 eo
1000 1976 1280 2027 revocare,
1313 1962 1460 2016 unde
1502 1962 1846 2016 discesserat.
1878 1960 1986 2016 Sed
2020 1971 2143 2016 trau

2286 1951 2336 2005 τά
2379 1953 2470 2020 ἀφ’
2517 1944 2592 2005 ὧν
2639 1950 2998 2022 ἐξελήλυθεν⁸
3046 1952 3330 2007 ἀπάθειαν
3399 1952 3460 2005 δὲ
3510 1953 3843 2024 κτησάμενος,

592 2054 921 2124 quillitatem
983 2054 1341 2125 cupiditatum
1401 2053 1621 2122 adepta,
1683 2053 2055 2108 demorabitur
2111 2053 2149 2108 ir

2286 2042 2502 2114 [ρονίσει
2529 2059 2588 2095 τε
2623 2044 2680 2096 ἐν
2709 2045 2774 2114 τῇ
2812 2041 3047 2113 θεωρίᾳ,
3093 2042 3190 2095 καὶ
3239 2043 3308 2095 ού
3346 2042 3630 2113 φροντίσει
3661 2044 3755 2094 τῶν
3796 2045 3843 2097 ἐν

585 2145 1096 2217 contemplatione,
1143 2154 1201 2200 et
1253 2145 1675 2201 domesticarum
1738 2161 1920 2200 rerum
1982 2161 2142 2200 curan

2287 2137 2399 2207 ιίκῳ
2424 2152 2438 2166 ·
2481 2135 2782 2189 ἐνδέδυνται
2819 2135 2925 2206 γὰρ
2955 2135 3152 2198 πάντες
3197 2135 3252 2188 οἱ
3289 2136 3430 2206 παρ’
3459 2135 3634 2205 αὐτῆς
3658 2152 3672 2166 ·
3705 2136 3731 2188 ὁ
3760 2135 3844 2205 μὲν

585 2246 816 2308 sepouet
845 2257 859 2291 :
885 2245 1011 2293 sunt
1037 2236 1184 2292 enim
1216 2251 1411 2292 omnes
1441 2237 1620 2292 vestiti
1665 2237 1965 2292 familiares
1999 2237 2118 2308 ejus

2283 2228 2437 2299 ὶυμὸς
2460 2268 2475 2291 ,
2499 2229 2780 2301 πραότητα
2807 2229 2900 2281 καὶ
2930 2227 3452 2300 ταπεινοφροσύνην
3478 2245 3493 2260 ο
3531 2229 3566 2301 ἡ
3595 2228 3650 2282 δέ
3679 2227 3840 2281 ἐπιθυ-

581 2329 755 2394 furor,
789 2327 1010 2384 lenitate
1039 2336 1095 2384 et
1129 2327 1481 2397 humilitate;
1508 2329 1806 2399 cupiditas,
1862 2338 2138 2400 temperan

1726 2344 1806 2394 as,
1862 2338 2167 2400 temperan-
2270 2320 2388 2391 μία,
2426 2320 2778 2392 σωφροσύνην
2808 2321 2902 2374 καὶ
2933 2319 3283 2390 ἐγκράτειαν.

588 2421 664 2475 tia
696 2427 862 2490 atque
890 2420 1252 2476 continentia.

653 2510 698 2544 ’ί
731 2509 948 2568 Otiosas
980 2526 1155 2579 escas,
1186 2521 1242 2568 et
1273 2526 1394 2583 quas
1437 2511 1624 2583 pigros
1665 2511 1731 2567 ad
1777 2526 2002 2583 regnum
2036 2527 2148 2571 cou-

2334 2509 2464 2563 Σῖτα
2495 2506 2736 2580 ὀκνηρὰ,
2788 2507 2855 2561 τὰ
2898 2507 3290 2564 ὀκνοποιοῦντα
3339 2510 3535 2579 τυχεῖν
3577 2509 3673 2580 τῆς
3709 2507 3837 2578 βασι-

587 2605 927 2675 sequendum
995 2605 1229 2660 reddunt
1311 2603 1558 2662 homines
1638 2605 2000 2677 simpliciores
2074 2623 2141 2662 an

2280 2603 2416 2667 tela;
2444 2603 2572 2666 τοὺς
2592 2602 2994 2674 ἁπλουστέρους
3019 2604 3114 2658 καὶ
3137 2603 3575 2675 ἀφελεστέρους,
3603 2605 3635 2673 ἡ
3663 2602 3837 2672 εύγνώ-

581 2697 909 2766 ineptiores.
945 2696 1125 2752 ﬁdelis
1157 2711 1221 2754 ac
1247 2695 1505 2766 religiosa
1533 2696 1717 2752 anima
1749 2713 1858 2755 non
1889 2698 2123 2754 comedit

2280 2712 2386 2764 μων
2418 2693 2512 2747 καὶ
2543 2692 2796 2764 θεοφιλὴς
2835 2695 2979 2768 ψυχὴ
3012 2695 3111 2749 οὐκ
3148 2695 3328 2749 ἐσθίει
3353 2735 3371 2760 ,
3420 2695 3549 2749 οὗτε
3598 2695 3700 2766 μὴν
3735 2693 3837 2748 τού-

582 2801 638 2846 et
675 2807 742 2846 ne
775 2799 957 2862 gustat
991 2789 1238 2857 quidem,
1285 2789 1332 2844 si
1382 2787 1525 2844 forte
1572 2787 1789 2845 illorum
1824 2790 2091 2862 cupiditas
2116 2807 2139 2848 ε

2279 2803 2372 2840 των
2397 2786 2652 2857 γεύεται,
2683 2787 2732 2840 εί
2769 2786 2907 2858 τάχα
2937 2785 3086 2858 τύχοι
3119 2787 3306 2843 αὐτῶν
3340 2789 3710 2860 ἐπιθυμῆσαιο
3754 2786 3836 2849 τὰς

593 2882 830 2938 accidat.
865 2881 1036 2938 Porro
1059 2881 1376 2952 iniquitates
1405 2880 1541 2937 dicit
1572 2896 1730 2938 escas
1761 2882 1989 2940 otiosas.

1623 2897 1730 2938 tcas
1761 2882 1989 2940 otiosas.
2266 2875 2464 2940 κακίας
2495 2876 2604 2948 γάρ
2637 2894 2778 2949 φησι,
2803 2880 2924 2930 σῖτα
2956 2878 3180 2949 ὀκνηρά.

659 2977 707 3008 ⁸²
738 2975 985 3031 Fallaces
1004 2975 1202 3046 gratiae
1228 2983 1353 3030 sunt
1373 2981 1428 3028 et
1452 2988 1590 3028 vana
1619 2973 1988 3045 pulchritudo.
2021 2975 2167 3031 Stul-

2329 2970 2559 3034 Ψευδεῖς
2586 2971 2886 3042 ἀρέσκειαι,
2921 2970 3282 3043 καὶ¹μάταιον
3330 2973 3552 3038 κάλλος.
3599 2973 3660 3026 Ἦ
3686 2972 3833 3040 ἄφρον

584 3066 796 3122 tissima
845 3078 1074 3136 quaeque
1126 3065 1308 3119 anima
1341 3077 1446 3118 non
1480 3063 1640 3119 modo
1664 3064 1872 3131 cogitat
1897 3075 1954 3122 et
1977 3065 2136 3138 imagi

2281 3063 2496 3135 ιεστάτη
2540 3063 2686 3137 ψυχὴ
2729 3065 2788 3118 ού
2839 3065 2996 3136 μόνον
3041 3067 3212 3122 ἐννοεϊ
3262 3069 3368 3122 καὶ
3422 3065 3745 3138 φαντάζεται
3788 3062 3838 3116 τὸ

585 3167 770 3225 natur,
803 3157 947 3228 quod
974 3158 1080 3214 sibi
1109 3166 1194 3213 est
1219 3155 1452 3220 libitum,
1485 3153 1580 3210 sed
1602 3154 1767 3210 etiam
1793 3155 1847 3212 in
1873 3171 2012 3228 opus
2034 3172 2134 3214 con

2278 3155 2406 3226 αὐτῇ
2458 3155 2717 3226 ἀρεστὸν,
2755 3154 2891 3209 ἀλλὰ
2939 3156 3034 3210 καὶ
3083 3155 3230 3229 ἔργῳ
3287 3159 3540 3229 ἐγχειρεῖ
3577 3153 3835 3226 πληρῶσαι

584 3250 731 3306 ferre
764 3248 1083 3321 aggreditur
1125 3247 1452 3304 meditatum
1482 3260 1661 3302 suum.
1690 3245 1846 3315 Quod
1875 3248 1920 3303 si
1947 3247 2141 3303 initiun

2280 3248 2366 3320 τὴν
2406 3249 2668 3322 θεωρίαν·
2712 3251 2760 3304 εί
2779 3249 2836 3304 δὲ
2883 3251 3026 3324 ἀρχὴ
3070 3253 3262 3322 σοφίας
3304 3253 3476 3324 φόϐος
3509 3252 3709 3324 Κυρίου
3733 3291 3746 3314 ,
3771 3249 3837 3302 δι-

584 3340 870 3414 sapieutize
913 3348 1000 3396 est
1046 3339 1210 3396 timor
1239 3338 1481 3401 Domini,
1510 3337 1708 3394 merito
1733 3339 1914 3394 anima
1945 3339 2141 3410 sapien-

2274 3338 2438 3403 καίως
2475 3342 2509 3411 ἡ
2557 3339 2798 3410 τυχοῦσα
2839 3341 3030 3410 σοφίας
3059 3341 3208 3413 ψυχὴ
3248 3345 3404 3398 αἰνεῖ
3441 3343 3535 3396 τὸν
3572 3339 3727 3410 φόϐον
3753 3336 3831 3390 τοῦ

586 3436 718 3490 tiam
763 3433 978 3504 adepta,
1029 3431 1280 3488 timorem
1323 3432 1544 3489 Domini
1587 3431 1954 3498 commendat,
1987 3433 2079 3502 qui
2109 3445 2139 3489 e

2275 3431 2498 3504 Κυρίου,
2532 3432 2588 3498 ὃς
2620 3433 2841 3504 γέγονεν
2869 3435 3004 3506 αὐτῇ
3031 3435 3132 3506 τῆς
3153 3435 3420 3508 τοιαύτης
3446 3432 3695 3505 γνώσεως
3720 3428 3832 3502 πρό-

588 3527 714 3584 talis
743 3525 990 3583 scientias
1019 3523 1345 3581 conciliator
1372 3522 1499 3579 fuit.
2274 3525 2443 3590 ξενος.

1856 3677 2408 3737 ADDITAMENTUM
2435 3681 2570 3754 (29).

664 3796 788 3839 ⁸³-οδ
807 3796 1018 3852 Norunt
1057 3794 1225 3862 enim,
1282 3808 1406 3851 eum
1429 3794 1762 3866 agendarum
1785 3810 1966 3852 rerum
1988 3795 2166 3851 scien-

2340 3796 2516 3849 Ἴσασι
2542 3793 2652 3867 γὰρ
2690 3795 2773 3849 ὅτι
2798 3795 2898 3869 τὴν
2926 3796 3022 3868 μὲν
3051 3796 3270 3869 περὶτὰ
3297 3797 3556 3872 πρακτέα
3592 3795 3826 3864 κέκτηται

589 3886 724 3943 tiam
787 3887 1088 3958 possidere,
1132 3895 1189 3942 et
1237 3885 1293 3941 in
1341 3885 1566 3958 propria
1632 3897 1906 3958 potestate
1961 3885 2146 3942 haben

2270 3887 2491 3958 γνῶσιν,
2533 3886 2734 3958 ἀρετῆς
2779 3886 2876 3959 μὲν
2921 3887 3151 3960 αἵρεσιν,
3184 3891 3367 3962 φυγὴν
3411 3890 3476 3944 δὲ.
3503 3887 3709 3950 κακίας,
3748 3881 3826 3936 καὶ

588 3978 838 4033 alumnos
869 3992 1022 4032 suos.
1070 3977 1239 4032 Aiunt
1270 3977 1495 4046 itaque,
1543 3985 1810 4048 tanquam
1861 3993 1929 4034 eo
1982 3988 2144 4047 capto

2271 3980 2355 4034 ὅτι
2382 3980 2573 4051 κτῆσιν
2595 3979 2708 4052 ἔχει
2733 3981 2858 4044 τοὺς
2887 3972 3302 4052 διδασκομένους
3333 3983 3430 4037 ὑπ’
3456 3980 3619 4036 αὐτοῦ
3641 3996 3653 4008 ο
3685 3973 3827 4046 φασὶν

589 4069 740 4125 hisce
761 4068 1124 4124 dominamur.
1159 4067 1376 4138 Alioqui
1419 4083 1549 4122 vero
1586 4070 1860 4139 possessio
1888 4069 2019 4139 justi
2061 4073 2146 4125 vir

2273 4065 2366 4125 οῦν
2388 4070 2463 4135 ὼς
2482 4070 2643 4125 αὐτὸν
2665 4070 2892 4135 ἑλόντες,
2920 4070 3014 4124 καὶ
3035 4071 3247 4138 τούτοις
3269 4073 3606 4147 χειρούμεθα
3627 4087 3641 4100 ⁸
3672 4065 3824 4126 ἄλλως

589 4169 677 4216 est
705 4159 994 4230 sapientia,
1028 4157 1340 4229 prudentia,
1371 4157 1734 4227 intelligentia
1775 4171 1938 4231 atque
1965 4160 2140 4216 virtus

2271 4163 2332 4219 δὲ
2371 4162 2564 4234 κτῆσις
2595 4162 2690 4217 τοῦ
2719 4163 2928 4216 δικαίου
2953 4202 2968 4226 ,
3001 4164 3163 4233 σοφία
3187 4165 3280 4220 καὶ
3309 4167 3600 4240 φρόνησις,
3635 4153 3824 4217 σύνεσίς

593 4247 876 4322 Occupant
908 4257 1091 4305 autem
1137 4246 1406 4318 ejusmodi
1460 4247 1855 4320 possessionem
1905 4249 2150 4320 improbi,

2267 4272 2325 4309 τε
2354 4257 2448 4310 καὶ
2478 4256 2677 4328 ἀρετή⁸
2724 4256 3228 4328 καταλαμϐάνονται
3269 4258 3327 4312 δὲ
3367 4258 3466 4331 τὴν
3499 4257 3683 4326 κτῆσιν
3713 4245 3823 4302 ταύ-

595 4344 644 4399 si
673 4343 891 4414 quando
936 4339 1088 4409 justo
1121 4340 1354 4396 suadent
1392 4348 1454 4396 ut
1502 4340 1706 4411 aliquid
1730 4355 1760 4395 a
1792 4342 1904 4398 Deo
1933 4342 2152 4398 vetitum

2265 4363 2367 4419 την
2398 4348 2448 4400 oi
2476 4346 2712 4413 ἀσεϐεῖς,
2748 4347 3022 4412 πείθοντες
3051 4347 3142 4403 τὸν
3168 4349 3376 4404 δίκαιον
3407 4344 3626 4419 ποιῆσαί
3653 4360 3700 4394 τι
3727 4335 3820 4390 τῶν

591 4443 914 4505 perpetret:
950 4446 1145 4502 nempe
1193 4441 1254 4488 ut
1301 4448 1456 4489 mens
1505 4443 1731 4503 peccato
1794 4444 2092 4502 excaecata,
2135 4449 2148 4488 :

2269 4415 2730 4504 ἀπηγορευμένων
2760 4432 2877 4505 Θεῷ
2895 4452 2910 4466 ·
2941 4435 3029 4488 ἴνα
3062 4436 3362 4506 τυφλωθεὶς
3398 4415 3633 4505 ἀπὸ-τῆς
3659 4431 3816 4499 ἀμαρ’

591 4534 784 4582 sancta
815 4525 1126 4593 huiusmodi
1155 4527 1505 4596 possessione
1533 4527 1774 4584 excidat.

2271 4524 2391 4587 τίας
2417 4525 2445 4577 ό
2470 4523 2595 4588 νοῦς
2617 4525 2823 4597 ἐκπέσῃ
2849 4525 2959 4579 τῶν
2987 4527 3159 4596 ἁγίων
3189 4527 3394 4585 τούτων
3429 4526 3729 4598 κτημάτωνο

662 4618 710 4652 ³⁸
743 4619 856 4690 (50)
884 4618 1121 4690 Sapienti
1132 4620 1280 4690 justo
1302 4619 1537 4676 dimcilia
1553 4633 1767 4690 quoque
1789 4617 2003 4689 negotia
2031 4618 2168 4674 fiunt

2337 4613 2410 4667 Τὸ
2437 4615 2536 4686 μὲν
2582 4615 2786 4687 συνετῷ
2812 4617 3032 4689 δικαίῳ,
3064 4618 3158 4672 καὶ
3191 4619 3260 4672 τὰ
3297 4619 3536 4692 δυσχερῆ
3561 4613 3665 4668 τῶν
3693 4623 3818 4679 πρά·

591 4709 796 4768 facilia.
826 4713 898 4768 At
925 4712 976 4768 ei
1025 4711 1119 4782 qui
1159 4710 1324 4766 aliter
1369 4726 1429 4766 se
1465 4711 1646 4775 habet,
1683 4709 1864 4764 facilia
1903 4709 2071 4764 etiam
2114 4725 2143 4766 e

2271 4707 2497 4777 γμάτων
2528 4705 2724 4760 εὔκολα
2761 4707 3005 4778 γίνεταισ
3046 4708 3125 4780 τῷ
3163 4709 3218 4764 δέ
3261 4711 3463 4783 ἑτέρως
3503 4709 3704 4778 ἔχοντι,
3734 4696 3815 4752 καὶ

594 4802 850 4861 solatium
872 4803 1145 4866 quoddam
1177 4801 1460 4870 habentia,
1501 4801 1738 4860 difﬁcilia
1761 4801 2022 4859 evadunt.

2268 4796 2338 4850 τὰ
2367 4797 2564 4852 εὔκολα
2607 4801 2703 4855 καὶ
2736 4799 3000 4872 ἀνάψυξίν
3031 4819 3152 4856 τινα
3176 4801 3386 4874 ἔχοντα,
3419 4797 3648 4872 δυσχερῆ
3679 4785 3814 4847 καθί-

2276 4907 2488 4944 σταται..

664 4983 713 5015 ⁹⁶
736 4981 1116 5042 Theoreticam
1167 4983 1472 5041 doctrinam
1509 4983 1734 5054 habent,
1768 4983 1864 5044 sed
1889 4982 2169 5058 excelsum

2332 4983 2508 5054 Λόγον
2543 4984 2647 5057 γὰρ
2679 5003 2861 5058 έχουσι
2886 4985 3252 5061 θεωρημάτων
3280 4991 3630 5062 ἐπιστήμονα,
3663 4977 3813 5053 μηδὲν·

598 5072 754 5130 nihil.
2271 5077 2487 5151 ἔχοντες
2518 5078 2742 5151 ὑψηλόν.
3269 5094 3273 5100 ·

671 5317 911 5379 ⁸⁸ν.1ϐ.
1015 5323 1286 5380 "v.19.
1401 5327 1640 5385 “v.21.
1769 5323 2050 5396 "v.27.‘j
2102 5325 2228 5381 "v.

2179 5340 2230 5381 ν.
2263 5322 2348 5378 50.
2441 5321 2568 5360 ⁹³-⁹⁵
2605 5335 2718 5390 cap.
2772 5337 2812 5387 ι,
2856 5322 2944 5376 l5.
3015 5325 3059 5356 "
3087 5339 3206 5393 cap.
3241 5340 3296 5392 Χ,
3342 5325 3414 5392 8;
3507 5319 3552 5353 κ
3577 5329 3626 5371 ν.
3651 5309 3734 5367 Ξῒ.

671 5476 786 5552 (39)
811 5478 944 5538 God.
970 5482 1154 5541 Ottob.
1194 5485 1314 5554 ll'l,
1347 5500 1400 5558 p.
1434 5485 1524 5544 l6.
2349 5482 2464 5554 ('50)
2496 5482 2627 5540 Cod.
2660 5481 2796 5556 Reg.
2817 5482 2914 5554 77,
2940 5498 2996 5556 p.
3022 5483 3146 5542 5l0.
