3942 6318
618 387 723 444 255

1500 366 2055 434 SUPPLEMENTUM
2099 365 2190 422 AD
2222 358 2547 423 ORIGENIS
2582 354 2999 415 EXEGETICA.
3719 354 3809 410 εδδ

617 522 651 558 a
698 503 803 558 Deo
829 504 1022 559 donata
1064 509 1183 557 sunt
1216 498 1360 555 nobis
1385 497 1428 555 '.
1481 495 1818 564 Quaa‘autem
1851 500 1979 548 sunt
2012 492 2123 546 hrec
2153 489 2162 542 ἲ

2277 482 2479 547 causa;
2506 482 2575 535 "A
2604 477 2908 548 ὀφθαλμὸς
2937 476 3046 530 οὐκ
3068 472 3194 529 οιδε
3220 472 3322 527 καὶ
3347 468 3457 538 οῦς
3472 472 3578 525 οὐκ
3596 473 3811 540 ἢκουσε,

619 591 751 661 Qua:
796 594 979 650 oculus
1019 610 1122 648 non
1161 576 1291 646 uidil
1326 606 1418 645 nec
1451 589 1599 642 auris
1634 585 1861 649 audivit,
1911 600 2074 654 neque
2123 583 2178 636 in

617 707 710 745 cor
749 688 977 743 hominis
1034 684 1420 749 ascenderunt;
1471 681 1599 738 talia
1658 680 1796 735 enim
1862 675 2178 747 preparavit

616 780 759 836 Deus
790 779 857 833 iis
876 778 966 847 qui
986 776 1213 846 diligunt
1249 774 1401 828 illum
1424 771 1466 825 ⁸.
1499 770 1555 826 ln
1584 768 1803 831 cellario
1828 767 1971 823 enim
1995 761 2174 836 sponsi

616 887 795 926 omnes
828 867 1060 923 thesauri
1101 865 1371 936 sapientiw
1402 879 1464 917 ac
1516 861 1749 916 scientia:
1787 868 1905 913 sunt
1961 857 2177 910 abscon-

613 967 713 1020 diti
733 969 775 1018 ο.
817 963 933 1033 Ipsa
968 961 1113 1016 enim
1141 973 1361 1029 sponsa,
1393 965 1452 1011 ut
1483 954 1793 1026 precedens
1820 950 1955 1006 alias
1982 949 2176 1020 juven-

612 1058 779 1122 culas,
809 1053 1114 1109 introducta
1150 1059 1253 1114 est,
1282 1058 1337 1103 et
1363 1047 1556 1112 astitit,
1596 1054 1649 1098 ut
1686 1044 1888 1113 regina,
1916 1058 1949 1096 a
1977 1040 2175 1095 dextris

611 1145 768 1214 regis,
812 1143 866 1195 in
912 1141 1098 1196 vestitu
1154 1138 1431 1199 deaurato,
1469 1136 1623 1207 juxta
1670 1133 1838 1188 David
1864 1132 1930 1198 ‘°,
1977 1130 2068 1200 qui
2111 1131 2175 1184 de

608 1232 1021 1289 adolescentulis
1051 1232 1225 1287 dixit:
1265 1226 1501 1300 Virgines
1538 1228 1868 1283 adducentur
1907 1226 2017 1295 regi
2057 1231 2175 1293 post

605 1344 719 1381 eam
745 1328 809 1393 “,
834 1337 889 1383 et
914 1342 976 1381 ea
1004 1342 1123 1398 qua:
1150 1334 1466 1394 sequuntur.

609 1417 774 1475 Vens.
798 1418 851 1473 ὅ.
890 1418 1187 1488 Diligamus
1234 1416 1403 1488 ubera
1438 1422 1529 1488 tua
1574 1426 1723 1482 super
1781 1410 1994 1474 uinum;
2017 1407 2174 1463 recti-

1171 1484 1297 1539 tudo
1329 1485 1512 1539 dilexit
1537 1494 1607 1538 te.

682 1570 848 1637 Quasi
890 1570 1136 1624 diceret:
1172 1565 1285 1621 Etsi
1331 1577 1473 1619 nunc
1517 1577 1609 1633 per
1662 1560 2029 1617 inﬁrmitatem
2076 1574 2174 1616 no-

606 1672 797 1726 stram,
828 1674 989 1729 super
1017 1670 1276 1711 mammas
1318 1663 1456 1717 tuas,
1483 1668 1516 1708 o
1548 1652 1787 1723 Sponse,
1818 1652 2001 1706 vinum
2018 1662 2168 1704 ame-

606 1768 761 1818 mus;
796 1751 1012 1821 quando
1038 1748 1309 1803 emendati
1340 1748 1562 1812 erimus,
1589 1759 1752 1816 super
1780 1744 1958 1798 vinum
1999 1756 2172 1796 mam-

2277 574 2377 629 καὶ
2407 571 2502 626 ἐπὶ
2533 570 2783 639 καρδίαν
2798 565 3108 637 ἀνθρώπου
3136 567 3253 619 οὐκ
3272 562 3455 631 ἀνέϐη
3476 579 3490 595 ·
3522 562 3695 617 ταῦτα
3722 565 3815 634 τὰρ

2278 666 2609 737 ’ἡτοίμασεν
2640 666 2673 718 ὁ
2701 661 2844 728 Θεὸς
2866 659 2989 727 τοῖς
3018 657 3340 729 ἀγαπῶσιν
3375 656 3558 710 αὐτόν
3577 672 3591 686 ·
3628 657 3681 709 ἐν
3724 659 3815 732 γὰρ

2274 758 2352 830 τῷ
2382 758 2613 830 ταμιείῳ
2652 752 2745 810 τοῦ
2785 752 3015 824 νυμφίου
3058 751 3285 817 πάντες
3311 751 3366 805 οἱ
3410 749 3687 818 θησαυροὶ
3726 752 3819 819 τῆς

2274 849 2495 919 σοφίας
2539 847 2636 902 καὶ
2684 844 2795 915 τῆς
2834 844 3107 916 γνώσεως
3144 841 3521 910 ἀπόκρυφοι·
3559 838 3688 911 αὕτη
3736 840 3819 911 μὲν

2273 940 2382 1013 γὰρ
2448 940 2522 1005 ὡς
2575 935 2922 1011 προλαϐοῦσα
2984 935 3085 999 τὰς
3136 932 3394 996 νεάνιδας
3451 932 3688 1002 εἰσήχθη,
3740 933 3817 984 καὶ

2273 1031 2540 1103 παρέστη
2571 1032 2651 1097 ὡς
2667 1030 3014 1095 βασίλισσα
3049 1027 3115 1080 ἐκ
3140 1022 3367 1089 δεξιῶν
3392 1022 3501 1077 τοῦ
3516 1022 3813 1089 βασιλέως,

2270 1121 2641 1194 ἐνὶματισμῷ
2660 1121 2985 1190 διαχρύσῳ,
3008 1119 3146 1174 κατὰ
3166 1118 3267 1171 τὸν
3284 1116 3449 1169 Δαυῖδ
3468 1133 3481 1146 ·
3514 1132 3578 1167 πε
3584 1116 3636 1186 pl.
3661 1115 3712 1167 δὲ
3726 1115 3817 1169 τῶν

2271 1215 2546 1281 νεανίδων,
2594 1214 3112 1286 ἀπενεχθήσονται
3150 1209 3236 1277 τῷ
3274 1207 3531 1275 ,βασιλεῖ
3572 1207 3818 1277 παρθένοι

2272 1307 2466 1360 ὀπίσω
2498 1304 2709 1373 αὐτῆς,
2740 1304 2836 1358 καὶ
2856 1304 2926 1358 τὰ
2958 1302 3102 1373 ἑξῆς.

2283 1390 2704 1468 Ἆγαπήσωμεν
2726 1396 2997 1468 μαστούς
3023 1408 3139 1468 σοιξ
3167 1389 3328 1460 ὑπὲρ
3359 1386 3531 1444 οἷνον
3551 1405 3566 1421 ·
3599 1390 3818 1457 εὐθύτης

2857 1461 3135 1535 ἠγάπησέ
3159 1477 3259 1517 σε.

2343 1561 2548 1628 Ἤγουν
2586 1561 2635 1613 εί
2662 1558 2755 1613 καὶ
2791 1557 2885 1613 νῦν
2926 1557 2994 1610 δι’
3025 1555 3319 1611 ἀσθένειαν
3364 1553 3509 1624 ὕπερ
3556 1568 3674 1613 τους
3715 1568 3817 1617 sou;

2274 1651 2512 1722 μαστοὺς
2527 1651 2851 1721 ἀγαπῶμεν,
2876 1643 2921 1703 ὧ
2946 1648 3165 1720 νυμφίε,
3187 1646 3285 1702 τὸν
3309 1640 3612 1710 οἷνον,ὃταν
3633 1643 3818 1715 βελτιωο

2272 1743 2473 1817 θῶμεν,
2500 1743 2640 1815 ὑπὲρ
2661 1741 2849 1797 τοῦτον
2870 1740 3065 1804 αὐτοὺς
3088 1740 3334 1810 ἀγαπᾷν.
3353 1765 3428 1779 -
3455 1734 3610 1798 Olus;
3635 1735 3722 1805 μὲν
3740 1731 3815 1788 οὖν

606 1858 722 1899 mas
764 1852 891 1913 tuas
944 1841 1363 1897 amabimus.—
1394 1837 1591 1894 Vinum
1642 1850 1804 1907 porro
1852 1833 2162 1899 laetiﬁcans,

2272 1836 2577 1909 εὐφραίνων
2605 1833 2873 1897 νεάνιδας,
2898 1830 2968 1886 τὰ
3009 1829 3240 1904 νομικά⁶
3272 1833 3310 1903 ἡ
3337 1829 3398 1883 δὲ
3436 1828 3714 1898 τελειότης,
3737 1827 3814 1879 τσῦ

603 1937 738 2008 legis
798 1945 1063 2007 praecepta
1141 1941 1305 2000 sunt;
1382 1932 1641 2001 perfectio
1695 1924 1912 1996 autem,
1975 1921 2172 2000 Sponsl

603 2042 889 2093 mammae;
938 2023 1128 2081 deinde
1153 2033 1211 2079 ut
1243 2022 1537 2093 explicaret
1591 2036 1686 2077 cur
1710 2036 1817 2076 non
1865 2021 2041 2075 forma
2096 2018 2173 2075 tli-

603 2118 824 2190 ligatur,
868 2118 964 2184 ait,
1011 2112 1290 2171 Rectitudo
1333 2115 1521 2170 dilexit
1572 2122 1641 2170 te.
1688 2112 1799 2170 Nos
1845 2122 2023 2168 autem
2054 2111 2172 2168 vias

601 2212 843 2267 nondum
871 2220 1083 2267 nostras
1108 2218 1284 2266 rectas
1306 2206 1553 2264 fecimus.

600 2302 765 2359 Vens.
806 2302 861 2357 4.
892 2301 1084 2374 ,Νἱςνα
1119 2317 1234 2374 sum
1282 2310 1330 2374 et
1362 2299 1591 2374 formosa
1612 2338 1630 2364 ,
1659 2297 1812 2374 ﬁlia;
1847 2294 2165 2374 Jerusalem,

658 2375 793 2428 sicut
828 2367 1166 2427 taberriacula
1189 2367 1383 2437 Cedari,
1424 2371 1559 2424 sicut
1588 2369 1745 2437 pelles
1774 2367 2098 2423 Salomonis.

669 2465 796 2521 Haec
828 2475 1010 2520 autem
1041 2464 1173 2520 dicit
1200 2462 1437 2519 Ecclesia
1468 2462 1707 2531 gentium
1752 2459 2035 2516 animabus
2075 2457 2167 2514 Je-

595 2558 869 2627 rusalem,
921 2557 1034 2612 sive
1094 2555 1197 2626 ipsi
1254 2554 1592 2620 Jerusalem,
1637 2553 1971 2624 nigredinem
2026 2551 2165 2609 illius

598 2649 933 2720 agnoscenti,
959 2662 1025 2703 eo
1053 2649 1196 2718 quod
1223 2661 1291 2701 ex
1320 2646 1566 2717 patribus
1594 2660 1694 2700 nec
1722 2644 2022 2701 illustribus
2065 2660 2164 2700 nec

596 2738 917 2794 illuminatis
948 2748 1067 2794 orta
1100 2737 1190 2802 sit,
1221 2749 1616 2808 proptereaque
1644 2736 1798 2807 nigro
1818 2735 2014 2802 colori,
2049 2736 2162 2790 sive

598 2830 839 2888 tenebris
863 2839 1226 2900 comparatur.
1252 2829 1483 2885 Pulchra
1520 2840 1699 2884 autem
1730 2828 1873 2883 facta
1915 2842 2011 2899 per
2040 2842 2158 2882 ver-

595 2920 726 2977 bum
780 2920 922 2991 quod
978 2921 1215 2988 recepit,
1253 2919 1582 2975 assimilatur
1622 2918 1871 2974 tentoriis
1915 2917 2162 2974 Salomo-

595 3009 704 3077 nis,
718 3007 945 3080 alnsque
961 3009 1335 3079 splendoribus
1357 3022 1493 3078 quos
1518 3008 1758 3079 possedit
1781 3007 1834 3066 in
1855 3005 2024 3079 gloria
2040 3022 2156 3063 sua.

596 3102 763 3160 Vsus.
790 3102 844 3159 5.
869 3101 1047 3159 Nolite
1065 3119 1146 3159 me
1174 3102 1525 3169 considerare,
1551 3102 1690 3225 quod
1720 3102 1871 3174 fusca
1893 3101 2015 3169 sim,
2031 3101 2158 3173 quia

1140 3175 1371 3225 despexit
1396 3189 1476 3225 me
1499 3189 1557 3225 so
1583 3212 1599 3225 .

1140 3175 1371 3242 despexit
1396 3189 1476 3229 me
1499 3189 1557 3229 so

666 3263 890 3323 Scilicet
946 3265 1072 3337 quia
1102 3265 1444 3320 obscuratam
1494 3270 1719 3336 peccato
1761 3263 2015 3320 Christus
2062 3264 2159 3321 de-

592 3358 773 3430 spexit
797 3360 867 3415 ob
895 3357 1364 3424 incredulitatem;
1389 3371 1548 3431 quem
1581 3356 1799 3427 quidem
1819 3355 2044 3426 iustitiae
2071 3370 2160 3412 so-

591 3451 701 3508 lem
736 3450 1002 3522 appellant
1033 3450 1351 3520 Scripturte.

589 3544 757 3603 Vens.
796 3546 849 3602 5.
881 3544 1011 3600 Filii
1038 3544 1221 3599 matris
1252 3558 1380 3598 metu
1420 3551 1779 3614 pugnaverunt
1820 3541 1875 3594 in
1912 3555 1992 3594 me
2014 3578 2030 3605 ,
2064 3556 2158 3609 po.

661 3628 982 3673 suerunt'me
1018 3615 1284 3672 custodem
1305 3616 1362 3670 in
1387 3616 1583 3679 uineis;
1627 3613 1830 3667 vineam
1861 3625 2029 3666 meum
2053 3626 2158 3666 non

662 3688 934 3743 custodivi.

669 3780 889 3842 Scilicet
921 3778 1168 3851 discipuli
1209 3777 1412 3835 Christi
1458 3777 1738 3847 cupientes
1775 3773 2014 3831 docendo
2059 3788 2157 3844 pu-

593 3868 810 3927 riﬁcare
854 3884 940 3926 me
975 3885 1007 3925 a
1038 3869 1307 3940 perversis
1338 3869 1584 3923 consiliis
1623 3882 1743 3938 quae
1785 3872 1974 3923 contra
2006 3865 2157 3922 illum

592 3965 895 4031 iniveram,
946 3963 1490 4033 suggestionibosque
1554 3963 1857 4018 daamonum
1915 3962 1967 4015 in
2040 3960 2158 4016 haec

590 4069 816 4128 operam
865 4051 1282 4118 conferentium,
1315 4052 1401 4106 his
1434 4051 1743 4122 pugnabant
1773 4051 1827 4105 in
1860 4065 1967 4118 me,
2012 4049 2158 4121 ejus-

591 4146 711 4201 dem
747 4162 814 4201 ac
864 4160 958 4214 ego
994 4145 1182 4199 matris
1211 4142 1344 4212 ﬁlii,
1388 4142 1655 4199 libertatis
1696 4143 1856 4199 dico:
1887 4142 2155 4214 siquidem

590 4240 699 4309 illi,
740 4254 839 4313 per
883 4240 1204 4297 electionem
1248 4237 1508 4309 separati,
1552 4238 1817 4308 assumpti
1856 4249 2014 4303 sunt,
2055 4251 2157 4307 ego

589 4344 771 4389 autem
808 4341 1187 4390 testamentum
1217 4330 1515 4388 secundum
1544 4329 1819 4386 caelestem
1855 4327 2155 4385 Jerusalem

590 4425 800 4496 accepi,
827 4432 882 4481 et
912 4440 1009 4495 per
1044 4423 1456 4495 promissionem
1498 4432 1813 4494 regenerata
1846 4436 1989 4478 sum.
2034 4420 2153 4478 Non

587 4532 720 4574 vero
783 4517 931 4574 illam
990 4518 1141 4589 prius
1204 4518 1422 4588 quidem
1494 4516 1763 4573 custodem
1824 4525 2150 4583 posuerunt,
2184 4543 2228 4598 ο

588 4619 773 4682 postea
807 4620 986 4666 autem
1029 4611 1506 4682 impugnaverunt:
1536 4610 1629 4666 sed
1653 4610 1803 4678 prius
1831 4608 2152 4680 impugnan-

592 4711 704 4768 tes,
758 4701 1004 4758 idoneam
1057 4702 1205 4757 illam
1262 4700 1508 4759 iecerunt
1530 4710 1588 4756 ut
1640 4700 1698 4756 in
1740 4698 1914 4756 vineis
1967 4709 2152 4755 custos

586 4804 970 4865 poneretur....
1012 4795 1226 4868 Moyses
1254 4804 1432 4852 autem
1466 4797 1555 4853 ille
1590 4805 1645 4852 et
1686 4782 1982 4866 prOphetae,
2017 4808 2152 4863 quo-

586 4888 1130 5031 amounusquisque
1173 4903 1304 4958 ager
1342 4898 1465 4946 erat
1513 4888 1701 4954 plenus
1746 4888 1833 4944 cui
1879 4885 2153 4943 benedixit

665 4992 1143 5035 minus.............

592 5216 752 5273 Vens.
785 5218 837 5293 7.
861 5218 924 5277 Si
954 5222 1169 5293 ignoras
1198 5230 1268 5289 te,
1289 5238 1318 5276 o
1335 5221 1685 5289 pulcherrima
1716 5223 1853 5277 inter
1873 5218 2144 5293 mulieres.

649 5290 989 5363 cgredere,ret
1021 5291 1106 5345 abi
1129 5301 1246 5363 post
1281 5293 1492 5363 vestigia
1515 5309 1726 5363 gregum
1745 5335 1762 5362 ,
1792 5303 1840 5348 et
1855 5307 2009 5363 pasce
2038 5292 2147 5346 ίιιτο

651 5363 746 5413 dos
768 5368 883 5413 tuos
896 5362 1057 5431 juxta
1087 5361 1422 5418 tabernacula
1442 5361 1732 5434 pastorum.

654 5512 1035 5586 Pervulgatum
1062 5516 1192 5572 illud
1218 5519 1362 5587 apud
1384 5515 1604 5572 Graacos
1626 5519 1933 5589 dicterium,
1973 5520 2146 5578 Nosce

588 5610 815 5679 teipsum
841 5649 858 5677 ,
888 5624 919 5663 a
957 5612 1200 5681 sapiente
1246 5612 1534 5670 Salomone
1577 5625 2012 5686 prauecupatum
2041 5625 2142 5673 est.

2273 1928 2509 1999 νυμφίου
2536 1924 2770 1999 μαστοί’
2810 1918 2931 1978 εἶτα
2977 1924 3059 1989 είς
3112 1921 3420 1991 ἀπολογίαν
3467 1919 3562 1973 τοῦ
3611 1919 3679 1990 μὴ
3720 1918 3816 1988 εἴδη

2273 2021 2512 2090 ἀγαπᾷν,
2547 2017 2748 2089 φησίνο
2780 2016 3056 2085 Εὐθύτης
3090 2013 3381 2085 ἠγάπησέ
3431 2027 3538 2067 σε’
3588 2012 3730 2082 ἡμεῖς
3767 2008 3815 2061 δὲ

2271 2109 2426 2166 οὔπω
2451 2109 2549 2175 τὰς
2577 2106 2785 2163 ἑαυτῶν
2807 2107 3028 2181 πορείας
3054 2105 3274 2171 εὐθείας
3305 2101 3697 2177 ἐποιησάμεθα.

2267 2286 2536 2374 διέβαινά
2578 2289 2693 2374 ειμι
2721 2288 2820 2374 καί
3064 2284 3390 2374 aerarius
3432 2282 3813 2374 ’τεοοιισιξλήν

2340 2360 2419 2427 ὡς
2450 2352 2809 2427 σκηνῶματα
2848 2355 3069 2426 Κηδὰρ,
3095 2352 3174 2423 (iii;
3204 2352 3442 2424 δέρρεις
3471 2352 3754 2423 Σαλομὼν.

2336 2447 2499 2517 Λέγει
2529 2446 2586 2500 δὲ
2611 2446 2646 2519 ἡ
2672 2446 2732 2511 ἐξ
2759 2445 2926 2501 ἐθνῶν
2954 2445 3252 2517 Ἐκκλησία
3277 2445 3456 2499 ταῦτα
3500 2444 3632 2516 πρὸς
3662 2443 3747 2507 τὰς
3765 2444 3812 2510 ἐξ

2279 2541 2630 2615 Ἰερουσαλὴμ
2655 2539 2854 2614 ψυχὰς,
2878 2542 2998 2614 ἦτοι
3016 2541 3116 2613 τὴν
3144 2539 3529 2614 Ἰερουσαλὴμ,
3553 2536 3809 2610 ὁμολογοῦ-

2269 2652 2365 2689 σαν
2387 2633 2448 2690 τδ
2478 2633 2667 2705 μέλαν,
2700 2630 2788 2687 διὰ
2818 2632 2880 2686 τὸ
2911 2632 2985 2706 μὴ
3024 2634 3088 2686 ἐκ
3111 2631 3383 2705 λαμπρῶν
3433 2632 3568 2704 μηδὲ
3598 2646 3809 2699 πεφωτι-

2267 2725 2479 2798 σμένων
2498 2724 2748 2797 πατέρων
2769 2742 2787 2759 ο
2822 2724 2903 2779 διδ
2937 2725 3030 2779 καὶ
3056 2724 3355 2797 σκοτασμῷ
3382 2721 3804 2797 Μραὸἀλλεσθαι·

2265 2818 2403 2891 καλὴ
2429 2818 2486 2872 δὲ
2519 2818 2605 2873 διὰ
2635 2818 2726 2873 τὸν
2756 2818 2913 2887 λόγον
2947 2817 3005 2871 ὂν
3037 2816 3405 2889 παρεδέξατο·
3458 2816 3551 2870 καὶ
3594 2814 3808 2887 δέῤῥεειν

2263 2911 2498 2967 ἐοικέναι
2518 2909 2612 2964 τοῦ
2647 2907 2903 2981 Σαλομὼν
2936 2909 3002 2974 ἃς
3035 2903 3200 2981 εἶχεν,
3260 2906 3382 2980 μεθ’
3409 2900 3486 2962 ὧν
3509 2905 3675 2961 ἄλλων
3708 2901 3809 2956 ἐκέ-

2264 3020 2431 3075 κτητο
2457 3003 2516 3056 ἐν
2540 3005 2606 3075 τῇ
2637 3000 2764 3075 δόξῃ
2787 3000 2974 3055 αὐτοῦ,

2261 3094 2360 3165 Μὴ
2399 3093 2676 3166 βλένηιτέ
2701 3110 2779 3165 με
2811 3092 2912 3179 At}
2944 3092 3060 3179 ξπώ
3086 3094 3204 3179 sle}
3225 3088 3709 3179 ιιςμελανωμένη,
3734 3086 3809 3138 δτι

2678 3162 3018 3234 παρέϐλεψέ
3043 3180 3121 3235 με
3142 3162 3191 3218 νδ
3219 3162 3420 3231 ἥλιος.

2330 3257 2403 3310 Ἦ
2457 3258 2538 3312 ὅτι
2600 3256 2978 3312 σκοτισθεῖσάν
3032 3272 3101 3327 με
3155 3254 3223 3325 τῇ
3275 3251 3545 3326 ἁμαρτίᾳ,
3603 3246 3806 3321 Χριστὸς

2256 3347 2478 3421 παρεῖδε
2509 3346 2599 3401 διὰ
2621 3346 2717 3420 τὴν
2738 3348 2994 3403 ἀπιστίαν
3009 3362 3023 3377 ⁸
3060 3346 3120 3401 ὃν
3141 3346 3295 3419 ἥλιον
3318 3342 3657 3414 δικαιοσύνης
3698 3340 3806 3393 ἀνα.-

2255 3439 2571 3512 γορεύουσιν
2594 3441 2649 3493 αἱ
2674 3439 2714 3493 Γ
2720 3439 2906 3513 ραφαί.

2264 3533 2383 3587 Υίοὶ
2401 3534 2625 3601 μητρός
2652 3549 2772 3601 μου
2805 3530 3180 3601 ἐμαχέσαντο
3225 3530 3298 3583 ἐν
3327 3522 3718 3601 ἐμοί
3741 3536 3804 3601 (ιε

2324 3592 2716 3673 φυῖλάθὶισσᾰν
2764 3592 2849 3655 ἐν’
2878 3592 3257 3672 ἀλὶπελῶσιν
3322 3592 3645 3669 duxerimus;
3679 3592 3806 3662 ἐμὸν

2325 3672 2437 3728 οὐκ
2468 3672 2761 3742 ἐφύλαξα.

2327 3765 2536 3833 Ἦγουν
2563 3763 2614 3816 oi
2641 3762 2982 3827 διδάσκοντες
3021 3761 3267 3833 μαθηταὶ
3313 3760 3413 3816 τοῦ
3457 3754 3703 3831 Χριστοῦ,
3729 3768 3806 3806 κα-

2256 3853 2421 3924 θᾶραι
2446 3853 2636 3927 μετῶν
2660 3852 2797 3925 πρὸς
2820 3853 3010 3907 τούτου
3036 3852 3360 3925 βουλόμενοι
3402 3848 3647 3921 πονηρῶν
3687 3845 3806 3909 λογι-

2257 3944 2432 4018 σμῶν,
2498 3944 2594 4000 καὶ
2659 3944 2768 3999 τῶν
2827 3943 3227 4016 συνεργούντων
3292 3943 3479 4000 ταῦτα
3543 3935 3808 4009 δαιμόὶκυνν

2253 4038 2626 4111 ἐμαχέσαντο
2656 4038 2867 4102 τούτοις
2892 4040 2950 4092 ἐν
2968 4038 3111 4109 ἐμοὶ,
3142 4036 3255 4105 τῆς
3274 4034 3471 4105 αὐτῆς
3493 4051 3593 4105 μοι
3605 4025 3806 4102 μητρὸς

2257 4131 2425 4198 ὄντες
2446 4130 2587 4197 υἱοὶ,
2619 4131 2718 4203 τῆς
2745 4129 3055 4200 ἐλευθερίας
3088 4129 3230 4200 φημί
3249 4146 3265 4161 ο
3287 4130 3341 4183 οἱ
3368 4130 3467 4201 μὲν
3502 4127 3581 4189 είς
3604 4123 3660 4177 τὸ
3699 4116 3800 4172 κατ’

2255 4217 2484 4290 ἐκλογὴν
2518 4216 2737 4289 χάριτος
2787 4218 2993 4290 λεῖμμα
3036 4218 3568 4290 ἀναλαμϐανόμενον
3615 4208 3717 4279 ἐγὼ
3751 4206 3799 4259 δὲ

2253 4307 2350 4384 τὴν
2372 4308 2512 4363 κατά
2553 4309 2651 4381 τὴν
2695 4311 2805 4365 ἀνω
2866 4310 3202 4383 Ιερουσαλὴμ
3246 4311 3515 4384 διαθήκην
3560 4301 3795 4359 λαϐοῦσα,

2254 4400 2348 4455 καὶ
2383 4399 2441 4467 ἐξ
2490 4399 2819 4469 ἐπαγγελίας
2862 4399 3305 4470 ἀναγεννωμένη.
3336 4401 3414 4454 Οὐ
3465 4395 3712 4468 πρότερον
3748 4385 3795 4438 δὲ

2253 4489 2453 4559 ταύτην
2467 4491 2672 4543 ἔθεντο
2692 4488 3103 4558 φυλάκισσαν,
3135 4483 3253 4543 εἶτα
3272 4486 3626 4560 ἐμαχέσαντοο
3650 4492 3796 4551 μαχεο

2258 4581 2476 4650 σάμενοι
2497 4581 2553 4634 δὲ
2580 4580 2798 4653 πρῶτον
2834 4580 3147 4651 ἐπιτηδείαν
3181 4580 3447 4652 ἐποίησαν
3466 4576 3558 4632 τοῦ
3593 4572 3794 4640 τεθῆναι

2256 4675 2316 4727 ἐν
2366 4672 2681 4744 ἀμπελῶσιν
2732 4674 2813 4737 είς
2870 4671 3184 4743 φυλακήν...
3243 4672 3475 4743 Μωῦσῆς
3528 4669 3583 4721 δέ
3635 4658 3790 4723 οὗτος,

2254 4764 2350 4819 καὶ
2376 4765 2426 4818 οί
2455 4765 2763 4837 προφῆται,
2812 4756 2887 4818 ὧν
2925 4763 3152 4828 ἕκαστος
3182 4763 3351 4836 ἀγρὸς
3386 4760 3454 4836 ἦν
3490 4759 3710 4829 πλήρης,
3741 4751 3792 4804 ὃν

2254 4856 2515 4927 εὑλόγησε
2539 4856 2813 4929 Κύριοςο..
2838 4855 2933 4909 καὶ
2959 4853 3216 4926 ἀμπελὼν
3236 4857 3292 4909 ἐν
3307 4852 3388 4920 οἷς
3402 4870 3483 4917 τις
3505 4849 3789 4921 γενόμενος,

2254 4948 2348 5002 καὶ
2406 4947 2505 5021 τὴν
2561 4948 2831 5021 προτέραν
2887 4945 2999 5011 ἕξιν
3042 4945 3234 5000 ἑαυτοῦ
3287 4947 3361 5019 μὴ
3397 4943 3573 5017 τηρῶν
3622 4939 3692 5001 ὡς
3734 4936 3791 4986 ὲκ

2252 5039 2499 5111 Σοδόμων
2530 5039 2878 5111 ὑπάρχουσαν
2905 5038 3227 5109 ἀμπελῶνα,
3252 5038 3330 5110 τῷ
3361 5036 3583 5109 παρόντι
3612 5027 3788 5097 κέχρηο

2249 5148 2338 5186 ται
2365 5130 2526 5202 λόγῳ.

2262 5222 2396 5275 Ἐὰν
2445 5219 2532 5291 μὴ
2586 5220 2741 5291 γνῷς
2800 5221 3071 5291 σεαυτὴν
3116 5223 3157 5291 ἡ
3207 5220 3367 5291 καλὴ,
3401 5220 3471 5274 ἐν
3508 5207 3780 5291 Turius”;

2316 5273 2528 5355 ἔξελθε
2554 5273 2637 5346 σί)
2768 5273 3047 5361 aiebat}
3077 5273 3498 5362 τῶνὲἑᾶιῇνὶωφτ
3516 5273 3650 5349 σου,
3692 5273 3781 5362 ﬁgi

2318 5364 2591 5504 zolﬁgre
2620 5362 2724 5428 τὰς
2743 5359 2988 5432 ἐρίφους
3016 5378 3131 5418 σου
3172 5362 3269 5417 ἐπὶ
3297 5359 3649 5429 σκηνώμασι
3676 5359 3783 5401 των

2365 5451 2416 5487 οι
2530 5449 2630 5488 ων.

2318 5530 2394 5582 Τὸ
2434 5527 2869 5601 πολυθρύλλητον
2920 5529 2978 5585 δὲ
3022 5528 3151 5602 παρ’
3196 5528 3448 5602 Ἕλλησιν
3490 5513 3781 5602 ἐπίφθεγμα

2250 5598 2619 5695 προείληπται
2667 5598 2970 5695 παραδοθὲν
3018 5598 3116 5692 τῷ⁷
3167 5623 3315 5694 σοφῷ
3350 5598 3677 5687 -Σολομῶντι,
3721 5598 3776 5652 τδ

655 5769 675 5796 τ
710 5769 729 5822 ι
763 5767 889 5824 Cor.
923 5784 984 5836 ιι,
1023 5771 1109 5837 t2,
1151 5770 1237 5829 16.
1312 5773 1335 5804 ⁸
1372 5773 1391 5829 l
1430 5771 1553 5830 Cor.
1597 5788 1659 5842 ιι,
1690 5778 1745 5833 9.
1839 5777 1861 5809 ’
1894 5778 2098 5835 Uoloss.
2128 5796 2162 5836 ιι

2342 5782 2385 5814 ’⁸
2420 5779 2560 5838 Psal.
2590 5798 2733 5849 mv,
2764 5780 2849 5839 10.
2931 5782 2972 5815 ⁸⁸
3001 5780 3130 5838 ibid.
3159 5782 3223 5837 ιε

1297 5860 1336 5880 l
