3942 6318
184 332 283 388 257
1291 329 1582 388 SCHOLIA
1620 328 1688 386 IN
1724 328 2023 387 CANTICA
2058 330 2331 391 CANTIC.
3312 342 3420 398 258

189 447 371 505 Γνῶθι
402 449 643 504 σαυτόν
658 465 676 490 ρ
708 449 830 506 καθ’
851 450 915 522 ἢν
935 449 1238 504 ἀπειλεῖται
1264 450 1409 522 νῦνή
1434 450 1581 523 ψυχὴ
1603 468 1723 523 παρ

1858 450 1958 507 Hic
1983 452 2127 508 enim
2158 467 2303 507 nunc
2338 451 2575 509 minatur
2608 470 2802 513 anima:
2845 466 3058 514 amator
3089 464 3144 514 et
3168 473 3419 529 sponsus,

186 540 271 595 τοῦ
298 539 532 611 ὲράστου
564 542 659 595 καὶ
684 541 931 612 νυμφίου,
972 541 1020 593 εί
1053 540 1127 612 μὴ
1162 540 1225 593 τὸ
1259 539 1413 594 δοθὲν
1451 540 1589 611 αὐτῇ
1631 558 1723 594 καει

1857 545 1959 601 nisi
1986 545 2168 600 datam
2195 544 2300 601 sibi
2332 546 2626 601 secundum
2657 545 2753 603 Dei
2783 550 3074 622 imaginem
3099 563 3279 608 servet
3300 553 3421 623 pul-

186 630 363 685 εἰκόνα
382 630 522 683 Θεοῦ
552 632 773 702 φυλάξει
795 631 1007 697 κάλλος,
1029 630 1127 703 τὴν
1149 630 1360 685 ἔνδοθεν
1385 630 1635 702 ἐκϐολὴν,
1659 648 1723 684 κα

1855 637 2222 693 chritudinem
2246 676 2263 705 ,
2304 638 2476 707 ipsam
2507 637 2657 694 foras
2687 640 2844 710 ejici,
2882 653 3043 714 atque
3069 645 3123 701 in
3157 647 3418 703 extremis

182 724 237 777 τὸ
266 726 326 778 ἐν
365 725 614 795 ἐσχάτοις
643 726 915 796 τετάχθαι,
946 728 1073 791 τοὺς
1095 728 1316 791 σκαιοὺς
1354 727 1577 799 ἐρίφους
1631 745 1723 782 ποι

1853 729 2057 785 versari
2087 730 2340 799 periculis
2362 770 2379 797 ,
2424 731 2679 788 sinistros
2722 732 2902 791 haedos
2951 747 3285 806 pascentem.
3320 737 3418 793 Pa-

183 818 465 887 μαίνουσα.
504 819 791 890 Ποιμανεῖς
811 819 867 872 δὲ
896 820 1095 883 αὐτοὺς
1128 820 1226 873 ἐπὶ
1254 819 1377 886 τοῖς
1399 818 1518 873 τῶν
1552 819 1723 889 ποιμέ

1853 821 1962 877 scis
1992 830 2172 876 autem
2200 837 2295 879 eos
2329 824 2493 893 juxta
2539 824 2877 879 tabernacula
2927 840 3194 897 pastorum
3220 870 3236 897 ,
3272 846 3416 888 nunc

172 926 297 961 νων
329 909 740 978 σκηνώμασιν,
771 910 900 964 ποτὲ
934 912 1032 983 μὲν
1059 910 1239 971 τοῦδε.
1270 912 1399 965 ποτὲ
1437 912 1494 965 δέ
1538 912 1723 966 ἐκείνοι

196 994 230 1014 ν
293 997 348 1014 ...
510 999 592 1014 η-
793 1002 805 1014 ,
1050 1000 1074 1014 .
1142 1001 1165 1014 Α
1201 1002 1223 1014 ..
1350 1004 1375 1014 -
1485 1002 1496 1014 .
1688 1002 1702 1014 .

1850 916 2066 986 quidem
2096 916 2276 987 hujus,
2310 933 2453 974 nunc
2482 933 2612 973 vero
2648 919 2835 987 istius,
2868 920 3016 975 velut
3040 925 3285 993 quaedam
3314 940 3412 979 va-

167 997 259 1052 οἷα
288 997 356 1069 δή
386 1016 469 1063 τις
498 999 712 1070 ἀλῆτιςο
741 1002 904 1073 μέχρι
944 1000 1292 1055 παιδευθεῖσα
1314 1004 1380 1073 τῇ
1407 1002 1571 1075 πείρᾳ
1608 1002 1723 1075 πρὸς

1847 1012 2095 1082 gabunda
2124 1028 2139 1079 ;
2176 1012 2350 1068 donec
2390 1013 2669 1069 edocearis
2697 1014 3033 1085 experientia
3063 1016 3251 1070 tuimet
3281 1032 3413 1071 con-

160 1093 266 1164 τὴν
313 1094 544 1164 σεαυτῆς
584 1095 966 1167 ἐπιστρέψειας
1011 1095 1210 1166 γνῶσιν
1234 1112 1247 1126 ·
1286 1095 1518 1167 ἁρμόσει
1549 1096 1605 1151 δὲ
1652 1100 1723 1153 κα

1846 1103 2113 1159 versionis
2154 1104 2426 1161 notitiam.
2464 1102 2725 1174 Spectant
2766 1120 2986 1177 quoque
3021 1107 3087 1161 ad
3121 1106 3413 1163 Ecclesium

159 1187 308 1257 πρὸς
336 1187 432 1259 τήν
467 1188 790 1259 Ἐκκλησίαν
808 1190 837 1242 ό
854 1189 1038 1259 λόγος·
1066 1187 1321 1258 γινώσκει
1344 1188 1400 1243 δέ
1426 1206 1510 1252 τις
1533 1189 1721 1243 ἑαυτὸν

1847 1196 1960 1251 haec
1987 1198 2171 1252 verba.
2219 1195 2406 1254 Noscit
2446 1197 2590 1252 enim
2621 1199 2819 1269 aliquis
2843 1198 3196 1268 semetipsum
3224 1238 3239 1264 ,
3292 1214 3414 1255 cum

130 1280 348 1365 ⁴εἰδὼς,
378 1282 427 1333 εἰ
469 1280 677 1352 ἀγαθὴν
704 1281 737 1353 ἢ
765 1281 975 1351 φαύλην
1016 1280 1126 1352 ἔχει
1156 1279 1420 1334 διάθεσιν⁸
1469 1281 1563 1335 καὶ
1608 1280 1723 1334 πολί

1844 1286 2037 1342 viderit
2070 1329 2085 1353 ,
2131 1289 2400 1345 bonamne
2431 1304 2499 1343 an
2533 1305 2725 1345 vanam
2755 1291 2952 1347 habeat
2984 1291 3202 1347 vivendi
3251 1291 3418 1345 ratio-

149 1372 264 1441 τῆς
314 1371 435 1425 ὁδοῦ
462 1373 563 1443 τῆς
609 1373 703 1426 ἐπὶ
753 1374 853 1444 τὴν
895 1373 1093 1445 ἀρετὴν
1126 1373 1510 1427 ἀπολείπεται’
1547 1373 1581 1444 ἦ
1631 1372 1723 1426 τοΐε

1844 1393 2002 1443 nem;
2038 1380 2338 1436 multumne
2367 1394 2397 1433 a
2428 1380 2514 1434 via
2547 1380 2762 1437 virtutis
2811 1380 3082 1448 declinet;
3134 1388 3226 1435 aut
3256 1381 3419 1436 nimis

146 1466 479 1537 ἔμπροσθεν
518 1466 908 1532 ἐπεκτείνεται,
944 1466 1050 1519 τῶν
1073 1465 1293 1519 ὄπισθεν
1335 1464 1723 1535 ἐπιλανθανόμε

1845 1471 2209 1528 antcrioribus
2237 1472 2586 1541 extendatur,
2636 1474 2999 1542 posteriorum
3052 1472 3288 1540 oblitus;
3323 1481 3417 1529 aut

143 1572 250 1617 vo;
270 1571 287 1584 ·
335 1556 381 1607 εί
411 1554 468 1607 δὲ
510 1554 604 1609 καὶ
640 1556 805 1626 μήπω
830 1553 1019 1608 ἐλαϐεν
1055 1555 1087 1626 ἢ
1127 1553 1484 1619 τετελείωται,
1518 1553 1551 1625 ἢ
1580 1570 1723 1624 προσ

1844 1561 2082 1615 nondum
2133 1566 2375 1633 ceperit,
2411 1564 2495 1620 vel
2540 1566 2610 1621 sit
2654 1564 2962 1634 perfectus,
3006 1566 3090 1622 vel
3139 1566 3417 1635 proximus

144 1647 380 1717 εγγίζει
419 1650 530 1714 τοῖς
564 1648 733 1721 ὁρίοις
774 1645 868 1701 τοῦ
934 1646 1201 1710 κάλλους⁵
1256 1646 1415 1718 ἔργον
1447 1646 1505 1700 δὲ
1553 1646 1647 1698 καὶ
1681 1644 1723 1698 τὲ

1844 1650 1937 1706 ﬁat
1966 1652 2227 1709 limitibus
2260 1655 2696 1725 pulchritudinis.
2737 1656 2884 1729 Opus
2912 1670 3094 1714 autem
3127 1672 3323 1714 cavere
3352 1658 3408 1713 in

144 1742 485 1809 ἀφιστάνειν
513 1740 715 1812 ἑκάστῃ
745 1738 940 1811 πράξει
972 1739 1119 1802 ὅπως
1155 1738 1475 1809 γεγένηνται
1500 1735 1723 1807 λογισμιξ

1842 1742 1989 1798 omni
2021 1754 2142 1800 actu
2182 1754 2242 1799 ut
2268 1745 2362 1801 ilat
2386 1748 2530 1802 omni
2569 1750 2780 1805 ratione
2804 1759 2859 1805 et
2885 1749 3123 1806 veritati.
3157 1748 3413 1808 Femina:

143 1796 221 1878 τέ
253 1829 428 1881 παντὶ
475 1828 569 1882 καλ¹
618 1796 805 1898 λόγῳθ⁵
842 1796 1115 1896 γυναῖκας
1150 1796 1209 1879 δὲ
1232 1796 1353 1890 τὰς.
1380 1826 1453 1899 μὴ
1498 1796 1723 1895 καθαρὰξ

1845 1835 2064 1905 quidem
2097 1836 2229 1891 dicit
2270 1853 2377 1893 non
2411 1854 2580 1909 puras
2604 1883 2619 1909 ,
2656 1857 2827 1912 neque
2863 1842 3233 1901 iudiil'erentes
3287 1822 3435 1898 ani?

145 1919 301 1989 μηδὲ
333 1920 656 1992 ἀδιαφόρους
681 1918 858 1992 ψυχὰς
881 1918 1029 1987 λέγει
1052 1935 1066 1949 ·
1101 1916 1375 1990 ἀμελοῦσα
1409 1918 1464 1971 δέ
1487 1918 1582 1989 τῆς
1609 1918 1723 1972 ίδίαέ

1844 1942 1984 1982 mas.
2032 1927 2309 1985 lncuriosa
2358 1932 2592 2001 propria:
2634 1936 2963 2004 cognitionis
2989 1979 3005 2004 ,
3046 1937 3205 1993 ﬁeret
3251 1939 3409 2010 quasi

138 2010 441 2079 γνώσεως,
466 2012 659 2079 γένοιτ’
680 2009 745 2064 ἂν
769 2006 1203 2079 κλυδωνιζομένη
1225 2009 1319 2061 καὶ
1334 2025 1402 2060 πε
1410 2025 1532 2080 ριφε
1543 2007 1723 2080 ρομέντ

1843 2016 2111 2074 ﬂuctuans
2160 2029 2217 2075 et
2249 2020 2655 2091 circumagitata
2711 2026 2853 2078 omni
2894 2037 3040 2081 vento
3076 2006 3332 2083 doctrina
3363 2027 3409 2062 ¹⁸

137 2104 350 2157 παντὶ
393 2102 591 2172 ἀνέμῳ
632 2100 744 2169 τῆς
788 2098 1185 2165 διδασκαλίας
1226 2099 1282 2152 ἐν
1313 2101 1379 2169 τῇ
1414 2099 1608 2171 κυϐείᾳ
1635 2098 1723 2152 τῶε

1843 2110 1898 2166 ἰη
1936 2111 2055 2167 alea
2087 2112 2386 2170 hominum.
2416 2114 2483 2169 Et
2511 2114 2709 2185 ubique
2724 2116 2897 2187 magis
2922 2133 3141 2187 pascere
3163 2121 3412 2191 proprias

134 2195 257 2248 ἀνθ
270 2193 475 2264 ρώπων
495 2210 507 2223 ·
529 2194 620 2246 καὶ
639 2188 911 2261 πανταχοῦ
943 2189 1141 2261 μᾶλλον
1156 2188 1461 2259 ποιμαίνειν
1482 2190 1580 2251 τὰς
1608 2189 1723 2252 ίδίας

1841 2203 2095 2260 sinistras
2144 2206 2381 2276 capellas
2425 2220 2591 2275 quam
2636 2209 2778 2277 bono
2810 2224 3033 2279 pascere
3060 2188 3411 2283 verboalpse

134 2286 375 2349 σκαιάς
390 2284 605 2357 ἐρίφους
628 2284 660 2355 ἢ
694 2282 840 2353 παρὰ
856 2281 933 2352 τῷ
952 2280 1099 2352 καλῷ
1121 2280 1394 2351 ποιμαίνει
1414 2280 1577 2350 λόγῳ·
1599 2278 1723 2334 αῦττ

1839 2296 2054 2365 quidem
2104 2298 2305 2351 bonum
2342 2299 2591 2365 verbum,
2626 2284 2729 2356 etsi
2774 2278 3047 2370 nunquam
3098 2278 3330 2358 candida
3356 2306 3409 2360 in

134 2379 207 2431 δὲ
226 2376 518 2448 προσηνὴς
538 2377 566 2429 ό
596 2376 768 2445 λόγος,
794 2377 842 2427 εί
869 2373 963 2427 καὶ
994 2373 1261 2445 μηδέποτε
1292 2372 1409 2426 λεία
1432 2371 1619 2426 λοιπὸν
1638 2373 1723 2443 ήδτ

1837 2396 2111 2457 posterum
2137 2388 2249 2456 jam
2281 2392 2416 2444 inler
2443 2392 2687 2447 mulieres
2714 2394 3071 2462 pulcherrima
3096 2403 3201 2462 est,
3233 2410 3409 2450 annu-

154 2468 235 2520 ἐν
260 2465 544 2536 γυναιξίν
568 2465 683 2517 ἐστι
712 2463 892 2531 καλὴ,
913 2461 1502 2534 συγκαταριθμουμένη
1535 2464 1600 2533 τῇ
1636 2462 1723 2515 τοῐ

1837 2491 2040 2537 merata
2088 2481 2181 2537 Dei
2230 2481 2487 2542 Ecclesia:
2513 2528 2528 2553 ,
2554 2496 2609 2542 et
2633 2461 2849 2556 iisquae
2880 2487 2932 2541 in
2967 2502 3028 2542 ea
3078 2461 3257 2556 parva:
3286 2497 3413 2543 sunt

144 2555 300 2609 θεοῦ
328 2555 642 2627 Ἐκκλησία,
679 2553 902 2608 καὶτῶν
932 2554 991 2607 ἐν
1013 2554 1148 2624 αὐτῇ
1193 2551 1403 2624 μικρῶν
1432 2547 1567 2607 οὖσα
1605 2551 1736 2606 καλ·

146 2647 310 2701 λίων·
336 2648 391 2700 αί
418 2645 526 2717 γὰρ
551 2646 691 2700 οὕτω
718 2644 1011 2715 λεγόμεναι
1055 2644 1156 2715 τῆς
1196 2642 1521 2716 Ἐκκλησίας
1546 2644 1732 2712 γυναῖ-

154 2756 279 2802 κες,
297 2737 403 2792 τῶν
414 2736 639 2792 ἐθνικῶν
654 2735 843 2807 ψυχῶν
859 2735 1205 2807 ἀσυγκρίτως
1225 2733 1477 2805 ἀμείνους
1507 2750 1733 2805 πορευο-

162 2831 339 2901 μένων
368 2829 541 2882 ὀπίσω
554 2827 661 2881 τῶν
674 2826 915 2902 ἐραστῶν
938 2826 1046 2880 τῶν
1076 2824 1465 2897 ἀντικειμένων
1498 2823 1732 2895 δυνάμε-

160 2942 261 2989 ων,
285 2921 557 2993 γυναικῶν
571 2920 899 2991 λεγομένων,
919 2918 1032 2973 ἀλλ’
1053 2919 1114 2971 οὐ
1137 2917 1420 2990 παρθένων
1435 2933 1452 2949 ο
1478 2916 1597 2980 πῶς
1624 2914 1730 2988 γὰρ

159 3019 261 3071 οὐκ
283 3016 538 3087 ἀμείνων,
572 3015 604 3086 ή
632 3013 769 3086 πρὸς
795 3012 884 3066 τὸν
909 3012 1133 3085 κτίστην
1162 3010 1255 3065 τὸν
1280 3010 1484 3081 σαυτῆς
1516 3010 1732 3064 ἀναϐλέ-

1835 2572 2132 2641 pulchrior.
2170 2571 2303 2629 Nam
2338 2576 2593 2633 Ecclesia:
2637 2592 2759 2647 quae
2806 2577 2886 2633 sic
2922 2576 3176 2632 mulieres
3220 2578 3411 2633 dicun-

1835 2672 1944 2729 tur,
1993 2665 2227 2721 ethnicis
2274 2668 2556 2723 animabus
2608 2667 2905 2738 incongrue
2951 2668 3206 2724 meliores
3252 2678 3407 2737 sunt,

1834 2756 2236 2813 ambulantibus
2288 2768 2409 2828 post
2452 2762 2803 2816 adversarum
2837 2768 3160 2830 potestatum
3192 2768 3407 2815 amato-

1833 2862 1956 2913 res;
1986 2848 2240 2903 mulieres
2272 2850 2647 2915 nominantur,
2695 2849 2791 2907 sed
2828 2865 2933 2905 non
2965 2849 3230 2920 virgines.
3259 2845 3407 2914 Quo-

1832 2940 1992 2994 modo
2021 2940 2167 2995 enim
2198 2957 2304 2997 non
2342 2942 2530 2996 melior
2563 2954 2683 3011 quae
2715 2956 2774 2997 se
2809 2942 2873 2996 ad
2904 2941 3218 2997 Creatorem
3244 2955 3404 2996 Sillim

1830 3031 1991 3101 erigit
2019 3031 2042 3085 ?
2070 3032 2217 3087 Idem
2243 3042 2403 3087 sonat
2432 3035 2692 3102 egredere,
2727 3047 2793 3087 ac
2824 3032 3077 3087 traditum
3104 3031 3275 3087 fuisse
3305 3031 3405 3086 Sa-

157 3108 307 3178 ψασα
330 3124 343 3171 ;
368 3108 549 3178 ὅμοιον
570 3106 626 3159 δὲ
647 3105 709 3158 τὸ
740 3104 1014 3170 Ἔξελθε,
1036 3103 1113 3174 τῷ
1129 3101 1499 3174 παραδοθῆναι
1520 3100 1597 3172 τῷ
1620 3101 1723 3154 Σα-

1837 3131 1971 3178 lanae
1997 3164 2013 3189 ,
2060 3125 2115 3179 in
2170 3124 2351 3180 carnis
2384 3126 2640 3196 abyssum
2670 3140 2733 3181 ex
2768 3124 3008 3180 Ecclesia
3060 3124 3401 3180 extermina-

162 3201 314 3271 τανᾷ,
349 3202 426 3263 εἰς
457 3197 675 3269 ὄλεθρον
721 3196 820 3267 τῆς
854 3195 1054 3267 σαρκὸς
1083 3193 1443 3267 ἀφορισθέντα
1464 3193 1560 3264 τῆς
1606 3193 1729 3245 Ἐκ-

161 3295 388 3367 κλησίας
412 3313 425 3325 ο
484 3293 623 3371 μετὰ,
651 3292 711 3346 τὺ
748 3291 997 3363 καθάπερ
1026 3289 1174 3360 ἔλεγε
1202 3289 1339 3362 πρὸς
1367 3288 1464 3352 τάς
1486 3288 1731 3352 νεάνιδας

164 3388 477 3460 εἰσαχθῆναι
507 3372 657 3458 παρά
676 3384 769 3439 τοῦ
805 3382 1063 3456 βασιλέως
1085 3384 1163 3447 είς
1187 3382 1247 3436 τὸ
1269 3384 1513 3453 ταμιεῖον
1540 3379 1727 3434 αὑτοῦ.

256 3482 316 3536 Τί
347 3478 734 3550 ὼραιώθησαν
762 3477 1037 3545 σιαγόνες
1066 3489 1183 3528 σου
1216 3472 1297 3539 ὠς
1314 3472 1639 3549 τρυγόνσςς

244 3546 402 3627 Ἀλλά
425 3572 521 3626 καὶ
551 3546 682 3641 μέλη
698 3566 932 3642 Χριστοῦ
958 3565 1279 3639 Ἐκκλησίαν
1296 3563 1513 3636 νύμφης
1536 3546 1733 3616 anas.

164 3663 249 3728 λός
280 3680 473 3734 φησιν·
511 3656 577 3734 ἦς
625 3661 784 3714 οἱονεὶ
816 3658 1125 3731 πρόσωπον,
1181 3656 1229 3708 oi
1261 3654 1339 3726 τῷ
1392 3654 1579 3709 κάλλει
1621 3653 1729 3707 τῶν

166 3756 358 3810 λοιπῶν
386 3754 755 3827 διαφέροντες,
803 3749 1028 3823 αἰσχρὸν
1074 3748 1224 3802 οὐδὲν
1257 3746 1590 3811 ἐννοοῦντες⁶
1632 3745 1730 3817 τὴν

167 3849 218 3903 δὲ
246 3850 343 3919 τῆς
384 3844 734 3917 σωφροσύνης
784 3843 923 3913 αὐτῇ
959 3838 1434 3912 καρποφοροῦντες
1469 3836 1623 3902 αἰδῶ,
1677 3837 1727 3889 οἱ

170 3942 420 4015 πρότερον
451 3939 580 4001 ἴσως
600 3937 699 3990 οὐκ
730 3934 881 3998 ὄντες
924 3932 1098 3997 καλοὶ,
1141 3930 1392 3985 τοσοῦτον
1434 3930 1728 4003 μετέϐαλον

167 4033 234 4097 ὡς
259 4030 507 4105 εἰρῆσθαι
536 4032 602 4101 τῇ
650 4026 864 4099 νύμφῃ’
920 4025 980 4079 Τί
1028 4023 1417 4094 ώραιώθησαν
1449 4023 1727 4096 clavdere;-

168 4147 292 4194 σου,
319 4128 404 4198 μὴ
433 4127 676 4196 ἔχοντες
707 4122 932 4177 σπῖλον
980 4122 1019 4190 ἢ
1056 4120 1313 4190 putida;
1341 4120 1481 4191 τάχα
1536 4120 1593 4173 δὲ
1631 4120 1725 4173 καλ⁵

166 4219 236 4291 τῷ
255 4220 343 4273 τὸν
369 4219 467 4273 ἕνα
501 4216 656 4287 μόνον
678 4212 966 4283 γινώσκειν
997 4211 1149 4265 Θεόνο
1184 4211 1277 4265 καὶ
1306 4213 1340 4281 ή
1369 4208 1586 4283 τρυγὼν
1612 4211 1722 4283 γὰρ

168 4312 237 4365 ἐνὶ
263 4312 408 4383 μόνῳ
434 4308 774 4381 συνέρχεται.

178 4401 525 4475 ὀμοιώματα
572 4399 829 4475 χρυσίου
882 4394 1224 4475 πριήσωμέγ
1270 4412 1368 4449 σοι
1418 4393 1568 4464 μετὰ
1595 4409 1721 4448 στι-

574 4466 809 4541 γμάτων
841 4467 946 4521 τοῦ
983 4466 1288 4535 ἀργυρίου.

226 4566 394 4621 Τοῦτο
413 4565 491 4630 δὲ,
510 4563 586 4619 Οὺ
616 4561 781 4625 πολὺς
804 4556 871 4632 ἦν
902 4558 1020 4614 οὐδὲ
1035 4556 1370 4629 κεχυμένοςό
1388 4557 1526 4629 ἄργυ
1535 4573 1719 4628 ρος·-

166 4660 307 4732 όλίγα
363 4661 420 4715 δὲ
465 4660 524 4713 ἐν
562 4657 854 4730 ἀπορρήτῳ
897 4651 1045 4724 παρά
1085 4650 1195 4705 τῶν
1229 4648 1521 4722 προφητῶν
1568 4650 1719 4719 λεγό-

171 4774 290 4825 μενα
320 4754 394 4826 (ι)
422 4752 516 4805 καὶ
541 4748 651 4803 τῶν
693 4747 859 4800 πάλαι
895 4742 1089 4813 σοφῶν
1107 4772 1177 4782 -
1202 4741 1633 4813 ἐπιδημήσαντος
1659 4740 1718 4794 δὲ

167 4850 224 4902 τὰ
252 4850 307 4902 ἐν
337 4848 450 4909 τοῖς
474 4842 698 4904 ἀϐάτοις
734 4838 827 4893 τοῦ
853 4833 1349 4906 ναοῦ,τεθεώρηται
1370 4833 1447 4905 τῷ
1470 4833 1718 4903 βλέποντι

168 4942 220 4997 ei)
248 4939 641 5009 καταπέτασμα
658 4934 719 4989 τὸ
753 4930 1004 5003 ἀληθινὸν
1027 4927 1340 4999 σχιζόμενον
1365 4926 1568 4981 ἀνωθεν
1612 4927 1717 4990 ἕως

169 5037 302 5091 κάτω
348 5033 443 5086 ἐπὶ
493 5029 571 5101 τῷ
597 5024 939 5101 θεωρηθῆναι
974 5020 1043 5074 τὰ
1074 5020 1246 5085 ἔνδον,
1286 5018 1422 5071 ἐπὰν
1458 5019 1487 5071 ό
1511 5019 1715 5073 ἀναπε-

170 5134 263 5187 σὼν
292 5128 569 5201 κοιμηθεὶς
598 5124 669 5188 ώς
708 5122 844 5175 λέων
868 5118 964 5173 καὶ
992 5118 1068 5180 ὼς
1102 5113 1340 5185 σκύμνος
1360 5111 1577 5185 ἐγερθῇ.

655 5216 764 5272 Καὶ
809 5211 960 5283 μετὰ
1000 5209 1206 5263 ταῦτα.

227 5321 352 5374 Τότε
374 5315 484 5387 γάρ
507 5313 558 5366 oi
590 5310 901 5381 σύμμορφοι
931 5301 1211 5373 γενόμενοι
1237 5300 1335 5369 τῆς
1368 5295 1713 5359 ἀναστάσεως

171 5413 335 5475 αὐτοῦ,
360 5404 768 5480 παραλήψονται
804 5396 959 5452 αὐτοὶ
984 5393 1058 5467 (5)
1084 5390 1544 5463 ἀνθομοιωμάτων
1577 5404 1713 5461 χρυ-

173 5508 266 5561 σόν·
288 5499 747 5574 πληθυνθήσονται
771 5491 882 5564 γὰρ
907 5488 985 5560 τῷ
1005 5485 1249 5559 ἀργυρίῳ
1266 5483 1361 5539 καὶ
1373 5482 1453 5555 τῷ
1480 5482 1705 5554 χρυσίῳ.

236 5646 271 5679 ¹¹
296 5644 486 5714 Ephes.
519 5654 593 5702 tv,
624 5635 708 5691 M.
785 5632 830 5665 ¹³
864 5629 1065 5701 Ephes.
1103 5642 1156 5687 v.
1182 5627 1273 5681 30.
1339 5624 1383 5656 “
1409 5623 1540 5681 ibid.
1576 5623 1666 5677 27.

182 5809 203 5862 ί
240 5738 303 5807 (ί)
328 5737 468 5792 Ειιίι.
499 5732 622 5801 Mai,
645 5729 893 5805 λέγομαι,
938 5724 1085 5796 quod
1136 5722 1338 5778 nullum
1375 5734 1590 5779 sensum
1622 5718 1703 5778 af.

200 5821 283 5862 ert.
742 5814 745 5825 ν

200 5814 283 5863 ert.
742 5814 745 5825 ’

1748 4493 1799 4554 D

1835 3224 2340 3299 tum;quapropter
2383 3217 2494 3286 jam
2540 3217 2679 3272 dixit
2728 3216 3157 3274 adolescentulus
3203 3232 3232 3271 a
3272 3231 3400 3288 rege

1831 3308 1886 3365 in
1922 3308 2135 3365 cellaria
2182 3326 2277 3365 sua
2319 3310 2485 3366 fuisse
2512 3310 2871 3365 introductus.

1900 3473 2066 3529 Vsus.
2097 3472 2151 3527 9.
2186 3471 2418 3527 Pulchra
2447 3482 2569 3529 sunt
2600 3488 2745 3541 gena:
2774 3481 2879 3526 tua:-
2908 3472 3039 3526 xicut
3082 3471 3330 3525 turturis.

1900 3566 2006 3622 Sed
2056 3567 2220 3621 etiam
2288 3566 2526 3619 membra
2580 3564 2781 3619 Christi
2839 3562 3133 3617 Ecclesium
3190 3576 3403 3630 sponsa:

1828 3658 2027 3715 Paulus
2070 3658 2278 3723 dicit”,
2313 3658 2467 3727 cujus
2496 3657 2651 3725 quasi
2706 3656 2876 3724 ﬁgura
2909 3662 3056 3717 sunt,
3088 3654 3259 3707 forma
3294 3668 3403 3706 ca:-

1831 3754 1961 3809 teris
2011 3759 2354 3822 praestantes,
2393 3756 2451 3803 et
2486 3757 2644 3817 turpe
2697 3747 2834 3801 nihil
2890 3747 3212 3815 cogitantes.
3265 3745 3403 3800 Huic

1826 3860 1956 3900 vero
2009 3843 2286 3915 sapientiae
2336 3841 2592 3912 pudorem
2644 3840 3059 3902 fructiﬁcantes,
3102 3837 3194 3909 qui
3250 3840 3402 3907 prius

1828 3941 1966 3997 forte
2018 3954 2125 3996 non
2177 3946 2333 3993 erant
2388 3934 2620 4007 pulchri,
2670 3941 2878 3988 tantum
2924 3931 3115 3986 mutati
3161 3941 3306 3996 sunt,
3342 3939 3403 3985 nt

1826 4048 2036 4106 sponsae
2082 4033 2324 4088 dicerent
2358 4046 2373 4082 :
2410 4028 2545 4097 Quid
2597 4026 2821 4098 pulchre
2866 4025 3058 4080 rubent
3092 4041 3237 4094 gena:
3265 4033 3395 4089 tua,

1825 4128 1961 4184 sicut
1988 4126 2232 4191 turtun's,
2277 4139 2441 4195 neque
2474 4136 2661 4192 rugam
2695 4134 2858 4187 neque
2889 4118 3157 4172 maculam
3194 4116 3393 4171 haben-

1825 4226 1899 4273 tes
1924 4215 2009 4269 "?
2037 4215 2240 4269 Forsan
2301 4224 2481 4267 autem
2537 4220 2593 4265 et
2642 4207 2813 4265 Deum
2848 4220 3175 4276 cognoscere
3207 4220 3394 4259 verum

1823 4307 2030 4374 innuit;
2065 4316 2242 4361 turtur
2272 4306 2417 4361 enim
2460 4299 2837 4357 tantummodo
2864 4299 2957 4352 uni
2991 4297 3357 4367 canjungitnr.

1826 4398 1989 4455 Vens.
2027 4397 2114 4454 10.
2148 4395 2467 4451 Murenulas
2501 4410 2689 4448 aureas
2713 4392 2966 4460 faciemus
3000 4389 3096 4444 tibi
3137 4390 3395 4444 vermicu-

2382 4465 2521 4519 lnlas
2561 4473 2795 4533 argento.

1894 4560 2008 4614 Hoc
2046 4564 2149 4621 est,
2191 4556 2305 4612 Non
2338 4555 2567 4611 multum
2599 4562 2735 4619 erat,
2771 4567 2949 4620 neque
2994 4552 3272 4622 profusum
3303 4568 3389 4606 ar-

1821 4661 2040 4725 gentum
2073 4666 2086 4702 :
2121 4678 2192 4690 —
2222 4664 2411 4719 parum
2462 4648 2515 4701 in
2568 4645 2831 4716 mysterio
2865 4646 3007 4700 dicta
3045 4654 3172 4699 sunt
3201 4660 3229 4698 a
3261 4661 3389 4714 pro-

1823 4744 2004 4815 phetis
2026 4757 2091 4798 ac
2123 4740 2362 4811 antiquis
2390 4739 2727 4809 sapientibus
2753 4752 2765 4788 :
2792 4766 2863 4777 -—
2907 4736 3190 4808 evulgante
3213 4747 3390 4790 autem

1824 4837 1984 4908 adyta
2036 4834 2256 4905 templo,
2312 4832 2487 4887 visum
2539 4838 2624 4885 est
2671 4828 2936 4899 spectanti
2981 4828 3156 4883 velum
3200 4842 3390 4882 verum

1822 4930 2050 4987 scissum
2096 4942 2124 4981 a
2162 4939 2375 4982 summo
2402 4937 2575 4993 usque
2622 4923 2897 4988 deorsum,
2933 4928 2990 4974 ut
3018 4918 3393 4983 revelarentnr

1821 5021 2107 5085 interiora,
2142 5033 2264 5073 cum
2317 5017 2589 5073 recubans
2624 5012 2921 5086 [Christus]
2962 5011 3219 5070 dormivit
3249 5012 3390 5067 sicut

1819 5113 1927 5180 leo,
1963 5120 2019 5169 et
2047 5111 2191 5168 sicut
2209 5107 2421 5165 catulus
2446 5107 2617 5164 [canis
2641 5106 2906 5163 surrexit.

2383 5198 2452 5255 Et
2478 5198 2637 5269 paulo
2671 5208 2826 5267 post:

1890 5297 2042 5354 Tunc
2086 5295 2231 5353 enim
2274 5292 2590 5350 consimiles
2644 5291 2772 5347 iacti
2811 5287 3221 5345 resurrectionis
3267 5288 3383 5357 ejus

1818 5408 1917 5464 pro
1967 5391 2415 5462 mquivalentibus
2462 5388 2731 5460 accipient
2778 5400 3009 5453 aurum,
3064 5382 3381 5441 dilabuntur

1815 5486 1960 5544 enim
1997 5500 2133 5542 auro
2158 5493 2212 5542 et
2235 5495 2478 5558 argento.

1879 5718 1958 5791 (5)
1987 5717 2127 5773 Edit.
2172 5715 2299 5785 Mai,
2348 5712 2563 5779 αὐτούς.
2598 5713 2813 5787 ξιοουε,
2843 5721 2899 5770 ut
2946 5712 3177 5777 videtur,
3226 5709 3379 5765 valde

1816 5800 2121 5861 corruptus.
