3942 6318
619 334 728 392 259

1471 330 2030 391 SUPPLEMENTUM
2064 327 2152 384 Al)
2189 320 2514 383 ORIGENIS
2546 317 2954 376 EXEGETICA.

3761 319 3858 376 260

623 455 790 512 Ἲιιιε.
828 455 914 510 ll.
969 453 1104 509 Dum
1134 463 1265 509 esset
1311 469 1402 506 rex
1446 454 1501 506 in
1542 453 1785 506 accubitu
1821 467 1938 516 suo,
1987 449 2184 504 nardus

2293 445 2442 509 Ἕως
2472 436 2545 496 οὗ
2577 443 2611 495 ό
2634 437 3022 516 sagmaqu
3043 435 3377 516 ἀνακλίσει
3400 433 3624 516 ~autcf),
3665 437 3859 507 νάρδος

1113 542 1225 579 mea
1261 525 1401 577 dedit
1434 523 1668 576 odorem.

695 639 892 710 Sponsi
926 639 1070 695 enim
1097 637 1228 692 dicit
1255 637 1499 701 odorem,
1532 635 1731 690 nardus
1761 651 1900 702 mea,
1927 649 2032 704 qua
2063 649 2185 690 eum

625 730 779 796 unxi,
811 730 974 785 dedit.
1027 727 1270 798 Namque
1303 742 1430 782 cum
1471 727 1587 798 ipsa
1639 727 1858 796 pr0pria
1893 727 2063 782 nardo
2095 741 2189 796 pe-

625 823 722 879 des
754 823 995 878 unxisset
1041 820 1191 884 Jesu,
1228 828 1284 874 et
1338 819 1389 872 in
1443 827 1605 888 caput
1642 819 1894 882 fudisset,
1927 819 2068 873 hanc
2119 834 2219 873 ex-

621 913 792 970 odore
823 914 1003 981 sponsi
1059 910 1318 966 refectam
1366 908 1566 980 prioris
1596 909 1712 963 vice
1741 909 1951 979 accepit
1975 908 2040 961 ι’.
2072 907 2184 975 Qua

621 1007 786 1077 igitur
809 1005 989 1075 capite
1019 988 1285 1070 delibuto,
1313 1002 1604 1066 exclamat,
1635 1000 1855 1056 Nardus
1888 1018 2003 1056 mea
2045 1001 2184 1055 dedit

620 1097 752 1152 mihi
785 1095 967 1165 sponsi
1016 1095 1248 1150 odorem.
1283 1092 1518 1163 Ideoque
1553 1091 1698 1147 velut
1735 1107 1768 1148 e
1801 1105 2030 1161 corpore
2058 1090 2186 1146 Jesu

618 1188 840 1242 domum
869 1196 1040 1243 totam
1071 1184 1316 1256 implevit
1343 1182 1622 1253 discipula:
1661 1194 2018 1255 unguentum.

618 1450 784 1509 Vens.
821 1450 904 1504 l2.
939 1447 1249 1521 Fasciculus
1304 1453 1535 1521 myrrha:
1567 1449 1791 1504 dilectus
1837 1465 1981 1504 meus
2034 1450 2183 1517 mihi,

933 1521 1068 1572 inter
1101 1520 1261 1574 ubera
1293 1520 1408 1576 mea
1438 1521 1866 1575 commorabitur.

686 1631 980 1701 Postquam
1011 1631 1118 1686 dixi
1152 1631 1333 1700 sponsi
1369 1635 1595 1688 nardum
1621 1649 1779 1688 suum
1811 1633 1940 1689 mihi
1964 1636 2183 1690 odorem

617 1723 850 1788 dedisse,
888 1739 1031 1780 nunc
1061 1725 1290 1795 subjicio
1318 1725 1484 1780 lilium
1533 1720 1738 1782 fratris
1775 1729 1877 1782 mei
1905 1729 2182 1797 myrrham

2732 509 2956 562 ἔδωκεν
2984 508 3192 576 ὀσμὴν
3229 505 3452 559 αὐτοῦ.

2368 627 2478 700 Τὴν
2495 626 2603 697 γὰρ
2613 625 2706 679 τοῦ
2718 623 2952 696 νυμφίου
2979 624 3142 696 φησὶν
3175 623 3365 695 ὀσμὴν
3389 623 3430 692 ἠ
3453 619 3567 690 ἐμὴ
3591 621 3794 690 νάρδος
3813 627 3862 679 ὲν

2288 712 2323 792 ᾖ
2355 718 2516 772 αὐτὸν
2551 717 2766 789 ἠλείψα,
2795 715 3026 768 δέδωκε’
3061 717 3125 786 τῇ
3161 714 3280 787 γὰρ
3315 711 3526 783 ἑαυτῆς
3563 713 3863 785 νάρδῳτοὺς

2289 811 2452 874 πόδας
2482 809 2746 876 ἀλείψασα
2784 807 2880 861 τοῦ
2926 807 3119 879 Ἰησοῦ,
3151 809 3252 862 καὶ
3294 808 3423 870 ταῖς
3468 805 3644 876 θριξίν
3668 807 3861 878 ἀπομά-

2288 900 2446 967 ξασα,
2497 899 3012 971 μεταπεποιημένην
3044 902 3107 952 ἐκ
3155 900 3266 970 τῆς
3291 899 3479 970 ὀσμῆς
3507 898 3603 952 τοῦ
3653 903 3863 970 νυμφίου

2287 991 2489 1063 ταύτην
2535 991 2825 1046 ἀνέλαϐεν·
2874 987 2942 1063 ἦς
2995 989 3375 1062 αἰσθανομένη
3427 991 3597 1060 φησὶν
3639 993 3728 1044 ἐπὶ
3779 997 3863 1066 τὴν

2288 1083 2528 1155 κεφαλὴν
2577 1081 2838 1153 ἐλθούσης
2881 1081 2944 1134 Ἡ
2980 1079 3366 1151 ἐμὴξνάρδος
3394 1078 3589 1135 ἐδωκέ
3633 1099 3719 1152 μοι
3767 1083 3865 1151 τὴν

2287 1174 2382 1230 τοῦ
2433 1173 2664 1246 νυμφίου
2701 1172 2934 1244 ὀσμήν-ο
2969 1172 3153 1245 διόπερ
3216 1172 3299 1235 ὡς
3351 1172 3465 1226 ἀπὸ
3504 1173 3616 1224 τῶν
3665 1176 3864 1244 χρωτῶν

2299 1264 2474 1338 Ἰησοῦ
2503 1266 2601 1337 τὴν
2630 1264 2806 1318 οἰκίαν
2835 1263 2962 1335 ὃλην
3006 1264 3302 1337 ἐπλήρωσε
3345 1263 3451 1335 τῆς
3495 1264 3790 1336 μαθητρίας
3815 1269 3863 1321 τὸ

2289 1375 2363 1429 μυ
2370 1375 2480 1429 ρον.

2299 1449 2667 1521 Ἀπόδεσμος
2717 1448 2827 1521 τῆς
2875 1447 3142 1521 στακτῇς
3169 1447 3705 1521 ἀδελφιδοῦς-,μου
3731 1451 3858 1520 ἐμοὶ,

2387 1520 2503 1574 ἀνὰ
2517 1520 2710 1588 μέσον
2741 1517 2858 1572 τῶν
2882 1517 3129 1588 μαστῶν
3149 1536 3280 1588 μου
3315 1517 3749 1585 αὐλισθήοπεται

2356 1632 2598 1687 Είποῦσα
2626 1634 2724 1703 τὴν
2753 1633 2946 1705 νάρδον
2991 1633 3087 1688 τοῦ
3141 1633 3394 1704 νυμφίου
3451 1633 3734 1688 δεδωκέναι
3780 1654 3854 1706 μοι

2287 1724 2385 1796 τὴν
2415 1725 2610 1797 ὀσμὴν,
2641 1724 2735 1778 νῦν
2774 1743 2917 1796 φημι
2941 1726 3034 1779 τὸν
3063 1725 3393 1796 ἀδελφιδοῦν
3421 1741 3528 1795 μου
3553 1725 3726 1777 πνέειν
3747 1743 3855 1780 στα-

617 1831 726 1872 non
756 1814 1000 1880 eﬂ‘usam,
1035 1830 1212 1885 neque
1260 1815 1412 1871 foras
1451 1816 1763 1872 exhalatam
1817 1819 2048 1886 spirare.
2088 1817 2183 1874 sed

2293 1816 2418 1887 ιιτῆς
2440 1817 2501 1870 οὐ
2527 1816 2899 1888 διαχεομένης,
2929 1816 3036 1869 οὐδ’
3064 1816 3166 1880 ἔξω
3194 1814 3482 1886 πνεούσης
3500 1831 3516 1846 ο
3546 1814 3657 1867 ἀλλ’
3685 1816 3852 1869 ἀποδε-

615 1917 925 1964 concretam
959 1917 1009 1962 et
1039 1907 1204 1962 densa
1241 1907 1510 1962 suavitate
1552 1908 1904 1980 fragrantem.
1937 1912 2184 1967 Fratrem

617 2012 750 2052 vero
781 1997 1013 2069 primum
1066 1998 1274 2056 habens
1307 1998 1564 2069 populum
1597 2000 1886 2070 gentilium
1919 2003 2184 2070 Ecclesia,

617 2100 742 2140 cum
767 2101 833 2141 ex
858 2087 952 2142 illo
983 2089 1280 2143 secundum
1306 2101 1528 2142 carnem
1563 2099 1718 2145 ortus
1743 2101 1892 2147 esset
1909 2093 2184 2162 Christus,

617 2177 785 2231 lilium
816 2187 971 2233 vocat
993 2177 1178 2232 fratris
1206 2187 1262 2234 et
1286 2179 1490 2249 sponsi.
1521 2180 1715 2249 Aquila
1747 2189 1924 2236 autem
1953 2198 2188 2238 avuncu-

618 2271 728 2324 lum
759 2271 943 2336 dante,
976 2273 1262 2328 dicendum
1287 2283 1495 2344 patrem
1530 2289 1651 2329 esse
1682 2274 1967 2345 gentilium
2002 2276 2188 2330 Eccle-

617 2363 711 2419 sia:
743 2365 1022 2434 antiquum
1076 2367 1368 2437 populum;
1428 2381 1551 2422 cum
1609 2367 1832 2438 quidem
1893 2381 1960 2422 ex
1996 2383 2185 2423 eorum

615 2457 733 2529 lege
761 2466 816 2512 et
849 2459 1131 2528 prophetis
1187 2458 1240 2514 in
1278 2458 1388 2515 Deo
1419 2460 1718 2530 generatio,
1776 2469 1942 2530 atque
1968 2475 1999 2516 e
2032 2461 2188 2516 nobis

614 2549 683 2603 ad
712 2549 965 2618 pietatem
992 2549 1235 2606 inductio
1259 2559 1553 2606 constaret.
1582 2551 1673 2606 Illo
1708 2551 1872 2622 igitur
1899 2552 1971 2606 ita
1998 2551 2189 2606 effecto

615 2655 827 2710 sponsae
875 2652 1051 2710 patre,
1101 2641 1351 2697 Salvator
1382 2643 1636 2699 similiter
1671 2643 1758 2711 iis,
1795 2643 1889 2714 qui
1929 2643 2030 2697 sub
2067 2641 2186 2713 lege

614 2735 793 2792 erant,
827 2727 996 2784 frater
1026 2728 1199 2786 lactus
1228 2740 1329 2786 est.

617 2905 783 2970 Vens.
815 2906 898 2961 Η.
943 2906 1079 2960 Ecca
1114 2917 1170 2962 tu
1203 2907 1420 2976 pulchra
1457 2925 1530 2965 es.
1561 2912 1733 2962 amica
1781 2928 1919 2976 mea,
1975 2930 2091 2968 ecce
2131 2925 2185 2968 tu

892 2977 1107 3047 pulchra
1133 2996 1186 3033 es
1214 2993 1234 3031 :
1265 2978 1404 3034 oculi
1427 2982 1504 3034 tui
1532 2981 1915 3036 columbarum.

688 3102 786 3158 Hic
815 3103 966 3172 prius
998 3102 1215 3162 videtur
1245 3118 1438 3174 sponsa
1472 3103 1817 3159 manifestius
1843 3104 2026 3172 sponsi
2063 3103 2184 3173 pul-

613 3196 979 3252 chritudinem
1037 3196 1321 3266 inspicere,
1349 3197 1572 3267 suisque
1611 3197 1980 3252 columbarum
2015 3197 2186 3251 oculis

615 3289 736 3360 ejus
770 3291 822 3345 in
867 3291 1090 3346 rationis
1138 3294 1329 3347 decore
1359 3291 1780 3362 praecellentiam
1840 3291 2183 3346 animadver-

617 3392 751 3438 tere.
797 3380 919 3438 Mox
967 3391 1147 3439 autem
1199 3399 1540 3440 communem
1594 3385 1764 3455 ipsius
1821 3385 2074 3438 lectulum
2132 3394 2186 3437 et

615 3473 800 3542 sponsi
830 3488 1025 3543 corpus
1061 3475 1334 3543 praedicat,
1364 3478 1414 3529 in
1443 3492 1551 3546 quo
1580 3476 1760 3531 anima
1815 3477 1992 3531 adhuc
2031 3477 2186 3530 habi-

617 3574 739 3622 tans
765 3567 997 3623 rationis
1017 3570 1299 3624 consortio
1321 3571 1595 3639 dignatur.
1628 3569 1767 3625 Dicit
1795 3571 1962 3641 igitur
1987 3569 2184 3624 Paulus

613 3671 842 3727 corpora
890 3668 1074 3713 nostra
1123 3659 1365 3714 membra
1394 3657 1598 3714 Christi
1626 3661 1832 3715 esse“;
1866 3657 1967 3714 Per
1999 3670 2184 3714 nostra

614 3749 762 3802 enim
822 3765 1054 3819 corpora
1112 3763 1326 3820 sponsu:
1389 3764 1590 3819 corpus
1647 3749 1942 3816 signiﬁcat,
1973 3758 2029 3806 et
2090 3766 2186 3820 per

614 3835 820 3890 Christi
857 3839 1118 3903 membra,
1147 3840 1328 3908 sponsi
1364 3853 1580 3908 corpus.
1635 3839 2028 3895 Obumhratum
2059 3855 2188 3894 vero

616 3943 876 3998 sponsum
928 3930 1060 3984 dicit
1115 3941 1336 3998 propter
1372 3931 1732 4002 frequentiam
1765 3933 1994 3988 rationis
2023 3942 2079 3987 et
2103 3949 2188 3988 se-

616 4019 855 4086 quentia:
917 4021 1451 4090 contemplationum.
1516 4025 1669 4090 Quod
1763 4025 1806 4080 si
1879 4025 2186 4080 communis

617 4126 814 4181 sponsa
848 4120 1074 4181 utraque
1123 4112 1334 4181 floreat,
1380 4114 1515 4169 nihil
1565 4114 1762 4170 mirum
1789 4126 1846 4171 et
1878 4118 1929 4171 iu
1961 4131 2189 4186 corpore

617 4219 834 4259 omnem
863 4205 1108 4274 corporis
1139 4205 1343 4260 cultum
1371 4205 1728 4260 excellentem
1759 4207 2009 4261 inveniri.

1235 4365 1462 4422 CAPUT
1502 4365 1564 4422 ll.

704 4457 874 4512 Vsus.
914 4455 964 4510 1.
1000 4455 1112 4526 Ego
1141 4456 1241 4526 ﬂos
1270 4457 1440 4525 campi
1474 4467 1522 4512 et
1554 4456 1729 4510 lilium
1758 4458 2098 4512 convallium.

691 4589 904 4645 Florem
945 4588 1076 4644 dicit
1128 4590 1346 4660 campi,
1396 4590 1486 4659 qui
1545 4588 1753 4643 fructus
1813 4588 1925 4644 liet.
1977 4590 2031 4644 In
2083 4593 2185 4646 hoc

622 4683 785 4754 igitur
813 4681 1055 4736 terrestri
1104 4681 1244 4747 loco,
1279 4682 1369 4752 qui
1403 4697 1627 4750 campus
1657 4681 1876 4743 dicitur,
1931 4681 2027 4736 llus
2083 4684 2186 4737 erit

621 4775 808 4848 sponsi
856 4774 1083 4828 verbum
1135 4774 1187 4828 in
1241 4774 1501 4829 futurum.
1538 4772 1670 4827 Cum
1727 4773 1870 4826 enim
1933 4789 2186 4828 consum-

620 4867 789 4922 matio
834 4863 1064 4932 venerit,
1098 4874 1338 4920 vertetur
1372 4863 1469 4920 llos
1500 4864 1552 4918 in
1585 4862 1850 4928 fructum;
1905 4873 1961 4918 et
2001 4879 2066 4918 ne
2106 4865 2187 4920 ni-

622 4961 788 5014 mium
836 4974 865 5012 a
902 4958 1034 5013 llore
1089 4957 1362 5020 recedant,
1403 4971 1525 5010 eum
1566 4955 1698 5011 dicit
1749 4968 1913 5025 super
1961 4961 2184 5011 terram.

621 5053 963 5122 Quapropter
998 5049 1174 5104 factus
1227 5057 1308 5102 est
1359 5063 1590 5117 sponsus
1645 5048 1802 5116 quasi
1854 5049 1953 5117 ﬂos
1995 5049 2185 5115 campi.

625 5141 863 5212 Scipsum
904 5143 1046 5197 enim
1079 5141 1387 5201 exinaniuit,
1421 5141 1553 5194 servi
1582 5140 1809 5210 formam
1843 5140 2186 5210 accipiens",

625 5243 684 5286 ut
720 5235 974 5305 deinceps
1018 5233 1135 5302 ejus
1177 5231 1405 5300 gloriam
1439 5232 1683 5285 contueri
1717 5232 2011 5302 possimus.
2069 5230 2184 5288 Non

625 5334 712 5379 est
762 5323 860 5380 llos
893 5323 1275 5394 insigniorihus
1300 5321 1387 5376 vel
1443 5321 1776 5390 planioribus
1808 5323 2038 5391 campis,
2094 5326 2189 5380 sed

624 5415 1006 5473 humilioribus
1065 5424 1121 5472 et
1191 5414 1530 5475 curvioribus
1613 5415 1805 5470 lilium.
1875 5415 1971 5470 His
2026 5415 2189 5472 dictis

627 5523 859 5579 sponsus
920 5509 1146 5564 amicam
1197 5524 1318 5564 cum
1359 5507 1572 5563 caeteris
1629 5507 1881 5575 filiabus,
1924 5522 2018 5563 seu
2073 5510 2190 5562 ani-

628 5595 819 5653 mabus
873 5599 1098 5666 confert,
1156 5617 1276 5670 quae
1325 5616 1440 5673 pra:
1489 5599 1577 5656 ills
1634 5610 1760 5658 sunt
1809 5601 1956 5658 velut
1999 5601 2187 5671 spina.

699 5789 741 5821 "
771 5788 922 5845 Joan.
958 5808 1053 5860 xu,
1091 5793 1143 5848 5.
1223 5793 1310 5847 ιιι
1342 5795 1465 5850 Cor.
1495 5809 1566 5859 Vl,
1608 5792 1689 5847 l5.
1769 5791 1810 5823 "
1837 5789 2066 5864 Philipp.
2096 5806 2155 5858 ll,
2188 5789 2229 5844 7.

2284 1907 2515 1979 δεμένης
2538 1909 2632 1960 καὶ
2673 1907 3003 1978 πυκνότερον
3031 1907 3131 1978 τὴν
3152 1905 3395 1959 εὐωδίαν
3418 1905 3692 1976 διδούσης·
3720 1907 3851 1959 ἅδελο

2286 2003 2386 2074 φὺν
2409 2002 2464 2055 δὲ
2487 2001 2577 2055 τὸν
2611 1999 2822 2072 πρῶτον
2847 2001 3108 2072 ἐσχηκυῖα
3135 1999 3270 2052 λαὸν
3299 1999 3335 2068 ἡ
3366 1997 3430 2062 ἐξ
3454 1996 3624 2050 ὲθνῶν
3657 1997 3851 2068 Ἐκκλη-

2287 2096 2397 2159 σία,
2429 2095 2656 2167 ἐπείπερ
2681 2093 2744 2159 ἐξ
2771 2091 2934 2146 αὐτοῦ
2971 2092 3030 2145 τὸ
3053 2091 3196 2145 κατὰ
3242 2089 3434 2160 σάρκα
3457 2085 3528 2161 ἦν
3551 2093 3580 2144 ὁ
3624 2089 3849 2160 Χριστὸς,

2285 2187 2398 2240 υἱὸν
2423 2186 2688 2256 κέκληκεν
2717 2182 2946 2252 ἀδελφοῦ
2980 2184 3074 2237 καὶ
3114 2182 3394 2252 νυμφίου·
3435 2182 3532 2236 τοῦ
3581 2183 3634 2236 δὲ
3678 2181 3846 2234 Ἀκύλα

2287 2280 2638 2343 ἐκδεδωκότος
2661 2279 3052 2350 πατράδελφον,
3079 2278 3307 2331 λεκτέον
3350 2277 3574 2348 πατέρα
3608 2271 3737 2328 εἶναι
3764 2275 3846 2344 τῆς

2283 2375 2344 2440 ἐξ
2370 2373 2536 2426 ἐθνῶν
2560 2371 2884 2444 Ἐκκλησίας
2899 2371 2988 2424 τὸν
3021 2372 3188 2424 πάλαι
3210 2372 3364 2424 λαόν·
3394 2370 3522 2423 ἐπεὶ
3547 2370 3610 2422 ἐκ
3633 2368 3720 2422 τοῦ
3740 2370 3845 2440 παρ’

2284 2463 2511 2527 ἐκείνοις
2535 2463 2701 2534 νόμου
2733 2462 2959 2516 καὶτῶν
2993 2463 3292 2534 προφητῶν
3329 2464 3363 2534 ἡ
3403 2464 3464 2514 ἐν
3504 2460 3623 2530 Θεῷ
3664 2460 3845 2528 γένεσις

2285 2555 2379 2609 καὶ¹
2402 2557 2435 2627 ἡ
2470 2553 2529 2619 ἐξ
2553 2555 2707 2626 ἡμῶν
2727 2555 2807 2616 είς
2831 2553 3110 2608 εὐσέϐειαν
3134 2553 3354 2625 ὑπῆρξε
3391 2553 3685 2625 προαγωγὴ
3710 2568 3723 2582 ο
3750 2550 3845 2604 τού-

2284 2661 2377 2698 του
2408 2645 2584 2698 τοίνυν
2625 2643 2796 2706 οῦτως
2827 2642 3216 2714 ἀποδιδομένου
3257 2645 3362 2714 τῆς
3393 2643 3613 2714 νύμφης
3644 2640 3839 2712 πατρὸς,

2285 2734 2508 2801 ἀδελφὸς
2539 2735 2568 2787 ὁ
2598 2734 2788 2807 Σωτὴρ
2831 2734 3029 2806 ὁμοίως
3092 2734 3330 2799 ἐκείνοις
3374 2734 3484 2788 ὑπὸ
3516 2734 3673 2805 νόμον
3715 2731 3840 2801 γενό-

2289 2843 2468 2897 μενος.

2298 2918 2442 2974 Ἰδοὺ
2494 2913 2552 2972 εἷ
2601 2917 2781 2985 καλὴ,
2836 2919 2874 2986 ἠ
2921 2917 3188 2984 πλησίον
3223 2935 3370 2987 μου,
3412 2917 3542 2970 ἰδοὺ
3586 2916 3643 2970 εἷ
3674 2914 3837 2982 καλήο

2665 2989 2957 3058 ὀφθαλμοί
2985 3002 3102 3041 σου
3128 2990 3501 3056 περιστεραί.

2355 3102 2467 3158 Νῦν
2498 3103 2639 3157 ἔοικε
2688 3102 2949 3174 πρότερον
2989 3102 3362 3174 ὲνεωρακέναι
3412 3099 3736 3172 τρανὼτερον
3777 3096 3841 3166 τῷ

2287 3195 2380 3249 τοῦ
2403 3196 2634 3265 νυμφίου
2663 3193 2848 3247 κάλλει
2888 3195 2922 3263 ὴ
2965 3193 3180 3264 νύμφη·
3214 3193 3320 3246 καὶ
3354 3192 3446 3246 διὰ
3481 3191 3587 3244 τῶν
3620 3205 3838 3261 περιστε-

2289 3288 2397 3361 ρῶν
2425 3289 2594 3358 αὺτῆς
2623 3284 2913 3356 ὀφθαλμῶν
2937 3285 3221 3338 αἰσθέσθαι
3241 3285 3352 3356 τῆς
3375 3286 3434 3337 ὲν
3467 3283 3544 3354 τῷ
3571 3281 3739 3336 κάλλει
3760 3277 3837 3331 τοῦ

2285 3380 2444 3448 λόγου
2469 3379 2563 3433 καὶ
2591 3376 2864 3448 ὑπεροχῆς
2888 3392 2903 3408 ο
2934 3375 3076 3445 τάχα
3106 3375 3162 3428 δὲ
3193 3375 3293 3428 καὶ
3321 3374 3511 3457 κλίνην
3540 3371 3838 3457 κοινὴν-ἐαυ-

2285 3471 2385 3540 τῆς
2411 3471 2503 3524 καὶ
2551 3468 2644 3522 τοῦ
2693 3465 2925 3538 νυμφίου
2953 3465 3012 3518 τὸ
3041 3465 3200 3536 σῶμα
3247 3451 3574 3523 αἰνίττεται,
3601 3464 3655 3514 ὲν
3697 3451 3737 3525 ᾧ
3771 3457 3834 3509 ἔτι

2285 3562 2419 3620 οὖσα
2439 3568 2472 3636 ὴ
2493 3563 2638 3635 ψυχὴ
2671 3561 2913 3629 ἀξιοῦται
2932 3561 3030 3632 τῆς
3053 3560 3144 3628 τοῦ
3172 3559 3336 3628 λόγου
3370 3557 3648 3618 κοινωνίας
3665 3573 3678 3584 ·
3710 3552 3834 3619 λέγει

2285 3655 2376 3713 οῦν
2403 3657 2638 3720 Παῦλος,
2658 3655 2740 3708 Τὰ
2766 3653 2992 3725 σώματα
3016 3655 3048 3723 η
3057 3652 3170 3723 μῶν
3189 3651 3327 3722 μέλη
3345 3648 3578 3722 Χριστοῦ
3607 3649 3740 3700 ἐστι·
3764 3641 3835 3695 διὰ

2286 3750 2395 3824 γὰρ
2428 3749 2520 3803 τοῦ
2545 3747 2701 3819 ἡμῶν
2736 3747 2833 3817 τῆς
2856 3745 3071 3814 νύμφης
3099 3739 3232 3796 εἶναι
3257 3743 3411 3812 λέγει
3434 3743 3494 3795 τὸ
3527 3740 3676 3808 σῶμα
3699 3755 3710 3764 ·
3760 3732 3834 3785 διὰ

2284 3843 2340 3895 δὲ
2367 3841 2458 3896 τοῦ
2499 3840 2634 3912 μέλη
2662 3839 2918 3910 Χριστοῦ,
2943 3837 3033 3890 τοῦ
3076 3835 3312 3907 νυμφίου
3337 3851 3354 3865 ο
3393 3833 3610 3888 σύσκιον
3636 3828 3688 3881 δέ
3717 3840 3830 3894 φησι

2285 3937 2375 3988 τὸν
2403 3935 2634 4006 νυμφίον
2669 3934 2756 3988 διὰ
2781 3932 2879 4003 τὴν
2901 3931 3215 4001 πυκνότητα
3250 3931 3362 3984 τῶν
3390 3931 3449 3983 ἐν
3479 3927 3555 3999 τῷ
3598 3926 3726 3994 λόγῳ
3751 3920 3829 3973 καὶ

2285 4030 2352 4098 τῇ
2374 4027 2534 4097 σοφίᾳ
2558 4025 2924 4097 θεωρημάτων
2940 4041 2953 4054 ο
2981 4023 3076 4076 ἐὰν
3097 4023 3152 4076 δὲ
3232 4024 3262 4094 ἡ
3281 4023 3440 4094 κοινὴ
3464 4021 3641 4092 νύμφη
3658 4014 3829 4085 ἀμφοῖν

2287 4118 2534 4188 εὐθαλὴς,
2563 4118 2714 4170 οὐδὲν
2744 4115 3053 4186 θαυμαστὸν
3096 4115 3191 4168 κα)⁵
3240 4117 3335 4168 ἐπὶ
3379 4115 3440 4168 τὸ
3496 4113 3647 4182 σῶμα
3675 4109 3826 4160 πᾶσαν

2285 4211 2384 4282 τὴν
2404 4210 2491 4264 διὰ
2518 4209 2610 4263 τοῦ
2643 4209 2892 4279 σώματος
2926 4207 3123 4279 πρᾶξιν
3152 4208 3364 4280 ἀγαθὴν
3395 4203 3694 4279 δηλοῦσθαι.

2810 4357 3201 4411 ΚΕΦΑΛΑΙΟΝ
3252 4357 3328 4412 B'.

2340 4454 2478 4523 Ἐγὼ
2503 4452 2684 4518 ἄνθος
2710 4451 2816 4505 τοῦ
2843 4451 3073 4515 πεδίου,
3113 4451 3322 4518 κρίνον
3352 4449 3472 4505 τῶν
3504 4441 3788 4500 κοιλάὸων.

2364 4588 2554 4651 ’Λνθος
2581 4587 2728 4656 λέγει
2757 4587 2818 4639 τὸ
2837 4585 3016 4638 ὁδεῦον
3046 4585 3138 4638 ἐπὶ
3161 4585 3222 4638 τὸ
3243 4584 3496 4653 γενέσθαι
3520 4575 3740 4650 καρπός⁶
3770 4571 3820 4623 ὲν

2290 4679 2382 4736 οῦν
2410 4681 2487 4751 τῷ
2516 4679 2779 4752 περιγείῳ
2799 4681 2949 4750 τόπῳ
2978 4679 3142 4748 πεδίῳ
3185 4676 3421 4748 ῥηθέντι,
3453 4673 3604 4733 ἄνθος
3635 4666 3764 4719 ἐστὶν
3794 4662 3819 4714 ὁ

2289 4774 2519 4846 νυμφίος
2542 4772 2698 4842 λόγος
2720 4772 2795 4836 ὡς
2815 4771 2950 4844 πρὸς
2977 4769 3045 4826 τὰ
3074 4769 3331 4840 μέλλοντα
3352 4786 3365 4798 ·
3415 4767 3537 4820 ὅταν
3581 4759 3681 4830 γὰρ
3708 4753 3818 4823 ἔλθη

2290 4869 2351 4922 τὸ
2372 4867 2596 4929 τέλειον,
2631 4863 2923 4937 μεταϐαλεῖ
2951 4864 3012 4916 τὸ
3042 4862 3202 4924 ἄνθος
3219 4862 3298 4924 εἰς
3330 4860 3391 4912 τὺ
3423 4853 3661 4926 γενέσθαι
3701 4859 3815 4937 καρ-

2292 4960 2422 5023 πός’
2463 4959 2556 5012 καὶ
2582 4936 2704 5011 ἐπὶ
2735 4957 2808 5026 μὴ
2851 4954 3009 5006 πλέον
3051 4952 3287 5024 χωροῦσι
3313 4950 3406 5004 τοῦ
3440 4948 3644 5005 ἄνθους,
3689 4936 3815 5003 λέγει

2293 5051 2517 5123 ὲπὶ-γῆς
2537 5069 2551 5082 ο
2595 5051 2683 5105 διὰ
2705 5049 2860 5103 τοῦτο
2879 5049 3102 5118 γέγονεν
3127 5049 3154 5100 ὁ
3180 5047 3410 5118 νυμφίος
3433 5043 3506 5104 ὡς
3537 5039 3704 5098 ἄνθος
3723 5027 3811 5082 τοῦ

2289 5145 2496 5200 πεδίου
2517 5162 2531 5176 ’
2586 5144 2801 5198 ἑαυτὸν
2842 5141 2950 5212 γὰρ
2998 5141 3257 5193 ἐκένωσε
3275 5180 3290 5202 ,
3334 5133 3568 5206 μορφὴν
3616 5125 3812 5212 δούλου

2287 5236 2505 5301 λαϐὼν,
2557 5235 2692 5306 πρὸς
2721 5233 2781 5286 τὸ
2814 5207 3106 5303 δυνηθῆναι
3155 5232 3252 5302 τὴν
3299 5229 3448 5292 δόξαν
3490 5217 3642 5276 αὑτοῦ
3692 5207 3808 5284 μετὰ

2294 5326 2466 5382 ταῦτα
2669 5323 2993 5378 θεάσασθαι·
3033 5325 3238 5395 μήποτε
3276 5321 3332 5374 δὲ
3376 5321 3482 5381 τοῖς
3516 5315 3608 5387 μὲν
3631 5309 3811 5398 εὐγενε-

2298 5392 2649 5490 στέροιςηκσῖι¹
2695 5415 2918 5487 ὁμαλέσι
2962 5392 3162 5477 πεδίοις
3209 5407 3621 5482 ὀνομαζομένοις,
3669 5392 3806 5490 ανθος

2295 5485 2433 5576 ἐστί,
2488 5511 2601 5572 τοῖς
2653 5485 2956 5562 δὲῖτούτων
3002 5503 3329 5575 κατωτέροις
3371 5500 3461 5554 καὶ
3505 5485 3805 5576 κοιλωτέροις

2296 5573 2506 5675 κρίνον·
2566 5602 2738 5659 ταῦτα
2797 5602 2973 5674 φήσας
3029 5601 3057 5654 ὁ
3101 5573 3330 5668 νυμφίος
3378 5583 3683 5662 παραϐάλλει
3719 5573 3803 5638 τὴν
