3942 6318
136 356 223 415 26!

1218 342 1509 403 SCHOLIA
1547 342 1612 399 IN
1653 338 1946 398 CANTICA
1989 336 2261 395 CANTIC.

3276 334 3382 389 262

134 476 340 550 πλησίον
376 474 548 531 αὐτοῦ
596 476 780 539 ἄλλαις
823 471 1119 544 θυγατράσι
1162 473 1283 534 τίς
1334 469 1547 533 λοιπαῖς
1594 468 1697 538 ψυ-

1832 464 1959 519 .‘ales
1986 478 2116 519 vero
2146 478 2250 517 non
2285 461 2471 519 amicae
2506 462 2688 531 sponsi
2722 462 2949 528 animm,
2992 458 3166 516 amica
3201 470 3382 516 autem

132 574 253 643 χαίς.
290 570 508 634 αἵτινές
549 572 687 623 εἰσιν
730 567 957 621 ἄκανθαι
989 565 1162 635 ταύτῃ
1190 564 1698 637 παραϐαλλόμεναι.

130 662 378 720 Τοιαῦται
408 663 472 716 δὲ
498 664 551 716 αἱ
590 662 664 734 μὴ
696 660 923 733 πλησίον
953 658 1048 712 τοῦ
1084 659 1318 729 νυμφίου
1339 657 1542 728 ψυχαί·
1580 658 1614 727 ἡ
1647 656 1705 710 δὲ

129 756 337 827 πλησίον
364 756 560 827 κρίνον
587 755 645 807 ὲν
669 753 817 825 μέσῳ
841 752 1145 822 διαλάμπον
1172 749 1356 803 αὐτοῦ.

134 850 213 915 Ὡς
229 846 447 917 μῆλον
469 847 537 899 ὲν
552 845 673 911 τοῖς
694 845 900 917 ξύλοις
926 842 1031 917 τοῦ
1056 841 1304 917 δρυμοῦ,
1330 841 1517 917 οὕτως
1531 840 1707 917 (163.2-

180 910 395 987 έςὶδοῦς
414 934 539 987 μου
563 910 677 970 ἀνὰ
694 912 1030 987 μέσον-τῷν
1045 911 1209 987 υἱῶν·
1232 912 1347 967 ὑπὸ
1365 910 1490 987 ,τὴν
1522 912 1706 987 σκιᾲν

178 982 379 1042 αὐτοῦ
414 982 772 1055 ἐπεθύμησα
810 985 908 1038 καὶ
962 983 1233 1047 ἐκάθισα,
1284 982 1381 1036 καὶ
1411 984 1443 1035 ό
1476 982 1704 1050 καρπὸς

176 1057 364 1114 αὑτοῦ
395 1060 477 1112 ἐν
496 1057 576 1124 τῷ
596 1057 850 1127 λάρυγγί
858 1072 1002 1124 μου.

180 1155 443 1224 Ἐπρεπε
478 1154 546 1223 τῇ
579 1150 768 1222 νύμφῃ
811 1148 905 1201 τοῦ
954 1145 1185 1210 κάλλους
1214 1144 1312 1219 ὅλῃ
1350 1142 1444 1197 τοῦ
1468 1142 1701 1214 νυμφίου

121 1245 489 1317 γεγενημένῃ,
522 1244 649 1311 περὶ
701 1241 871 1311 αὐτῆς
906 1239 1005 1310 μὲν
1042 1238 1219 1307 λέγειν
1246 1237 1417 1301 οὐδὲν,
1443 1236 1577 1309 πρὸς
1624 1232 1706 1299 οἷς

120 1341 165 1392 δὲ
186 1341 212 1392 ὁ
238 1338 492 1408 νυμφίος
507 1336 609 1407 ἔφη
638 1334 768 1406 περὶ
790 1331 1007 1395 ἑαυτοῦ,
1037 1330 1192 1402 μήλῳ
1222 1328 1586 1401 παραϐάλλειν
1609 1328 1707 1381 αύ-

118 1430 213 1483 τὸν·
245 1430 381 1494 τοὺς
424 1430 555 1500 παρ’
589 1426 769 1480 αὐτῶν
798 1424 853 1477 δὲ
886 1424 1054 1486 υἱοὺς,
1091 1420 1266 1487 ξύλοις
1284 1418 1509 1491 δρυμοῦ·
1537 1420 1706 1489 ὑπερ-

118 1518 232 1588 ϐολῇ
270 1518 334 1571 δὲ
367 1517 475 1570 τοῦ
510 1516 699 1581 πόθου,
735 1514 794 1567 τὸ
837 1514 932 1567 καὶ
974 1513 1131 1575 σκιᾶς
1163 1510 1453 1581 ἐπιθυμεῖν
1489 1510 1587 1578 τῆς
1612 1510 1709 1562 αύ-

118 1610 218 1675 τοῦ,
258 1611 362 1664 καὶ
400 1608 771 1682 παραπέμψαι
796 1606 875 1677 τῷ
906 1604 1058 1676 βάθει
1094 1604 1188 1674 τὴν
1210 1602 1397 1655 τούτου
1428 1601 1704 1671 ποιότητα·

117 1703 251 1755 ἔοικε
278 1704 345 1757 δὲ
368 1701 549 1758 ταῦτα
568 1702 747 1772 λέγειν
770 1699 906 1772 πρὸς
921 1698 1018 1761 τὰς
1042 1695 1305 1760 νεάνιδας,
1337 1695 1412 1759 ὡς
1433 1695 1569 1766 πρὸς
1588 1695 1711 1757 τοὺς

116 1793 380 1865 ἑταίρους
412 1795 440 1847 ὁ
468 1793 700 1865 νυμφίος
734 1790 802 1844 τά
825 1789 1034 1859 πρῶτα·
1071 1789 1219 1851 υἱοὺς
1251 1787 1328 1850 δὲ,
1360 1787 1393 1857 ἢ
1428 1785 1713 1848 τοὺςέταί-
1743 1819 1787 1876 Β

115 1904 237 1957 ρους
271 1886 436 1955 λέγει
456 1887 549 1951 οὒς
574 1884 840 1957 παραθέει
863 1882 954 1936 τοῦ
987 1881 1220 1953 νυμφίου
1245 1880 1419 1945 ξύλοις
1443 1879 1711 1950 ἀκάρποις

109 1978 488 2049 παρείκασεν,
526 1978 562 2048 ἢ
585 1977 712 2039 τοὺς
728 1974 1035 2046 ἀλλοτρίους
1062 1971 1248 2027 αὑτοῦ.
1280 1970 1424 2024 ’Υπό
1444 1970 1623 2024 σκιὰν
1647 1969 1715 2022 δὲ

104 2071 308 2125 αὐτοῦ
328 2069 659 2141 ὲπεθύμησέ
691 2086 751 2121 τε
776 2068 868 2121 καὶ
896 2066 1201 2121 κεκάθικεν·
1230 2064 1380 2134 λέγει
1404 2063 1460 2116 δὲ
1492 2063 1586 2115 καὶ
1622 2062 1716 2114 Ἱε-

100 2162 322 2233 ρεμίας
367 2163 427 2213 ὲν
454 2161 701 2232 Θρήνοις·
737 2156 981 2226 Πνεῦμα
1023 2154 1135 2224 πρὸ
1174 2152 1499 2222 προσώπου
1550 2149 1716 2220 ἡμῶν

96 2254 397 2323 Χριστὸς
444 2254 677 2321 Κύριος,
709 2249 1064 2318 συνελήφθη
1111 2247 1181 2301 ἐν
1209 2246 1337 2312 ταῖς
1372 2241 1714 2313 διαφθοραῖς

97 2346 317 2417 ἡμῶν·
344 2341 412 2400 οὗ
435 2345 676 2415 εἴπωμεν
724 2342 819 2394 Ἐν
849 2339 924 2408 τῇ
950 2336 1097 2405 σκιᾷ
1125 2337 1316 2392 αὐτοῦ
1337 2334 1633 2407 ξησώμεθα
1656 2335 1713 2386 ἐν

104 2442 230 2502 τοῖς
249 2437 465 2491 ἔθνεσι·
486 2434 719 2505 πῶςγάρ
740 2434 839 2487 οὐκ
865 2431 1055 2503 ἔμελλε
1070 2430 1214 2500 ζωῆς
1231 2431 1360 2501 ήμῖν
1374 2427 1567 2497 αἰτίαή
1590 2424 1715 2479 σκιά

114 2528 290 2584 αὐτοῦ
320 2527 598 2597 γενέσθαι,
622 2523 930 2595 γενομένοις
962 2520 1265 2592 ἐλευθέροις
1304 2518 1403 2589 τῆς
1422 2514 1517 2571 τοῦ
1549 2514 1713 2585 νόμου

125 2621 327 2684 antae;
357 2617 547 2672 Σκιὰν
588 2617 697 2688 γὰρ
736 2612 880 2685 εἶχεν
916 2617 948 2668 ὀ
981 2614 1165 2682 νόμος
1208 2609 1328 2665 τῶν
1364 2607 1716 2679 μελλόντων

128 2711 396 2784 ἀγαθῶν,
436 2710 631 2782 μηκέτι
664 2704 812 2762 οὖσιν
840 2706 957 2762 ὑπὸ
982 2707 1190 2775 νόμον,
1226 2704 1359 2758 ἀλλ’
1380 2701 1499 2756 ὑπὸ
1520 2698 1713 2768 χάριν,

133 2809 177 2858 εἰ
204 2805 304 2858 καὶ
328 2803 424 2856 νῦν
454 2806 620 2872 ἐσμεν
647 2800 751 2853 ὑπὸ
777 2797 933 2852 σκιάν
960 2796 1139 2866 πολλῴ
1172 2794 1551 2865 διαφέρουσαν·
1582 2792 1719 2863 μετά

133 2899 221 2951 τὸν
247 2897 501 2970 παρόντα
518 2894 626 2964 γάρ
648 2893 781 2964 βίον,
818 2893 919 2945 οὐκ
965 2890 1046 2944 ἐτι
1073 2891 1148 2943 δι’
1170 2889 1468 2955 ἐσόπτρου
1499 2885 1597 2938 καὶ
1628 2887 1718 2939 αὶ·-

136 2993 380 3060 νίγμιιτι
406 3029 420 3052 ,
469 2986 607 3041 ἀλλά
663 2984 986 3053 πρόσωπον
1040 2980 1190 3049 πρὸς
1256 2978 1578 3046 πρόσωπον
1620 2975 1719 3045 τὴν

139 3084 399 3154 ἀλήθειαν
416 3080 799 3150 θεωρήσωμεν·
822 3075 963 3139 λέξει
990 3074 1045 3127 δὲ
1071 3074 1166 3127 καὶ
1182 3074 1216 3142 ἡ
1242 3071 1444 3141 νύμφη,
1470 3070 1623 3133 Ἕως
1647 3061 1718 3122 οὗ

141 3175 445 3247 διαυγάσῃ
470 3172 677 3243 ἡμέρα,
709 3171 805 3224 καὶ
839 3168 1163 3236 κινηθῶσιν
1186 3169 1242 3219 αἱ
1264 3165 1448 3218 σκιαί·
1484 3160 1724 3231 ἔστιγὰρ
1749 3180 1794 3238 C

139 3271 167 3323 ὁ
196 3270 305 3341 βίος
335 3267 501 3340 ἡμῶν
522 3267 597 3329 ὡς
623 3263 768 3328 σκιά,
800 3262 895 3316 καὶ
937 3263 993 3314 έν
1020 3260 1146 3329 σκιᾷ
1167 3257 1396 3312 θανάτου
1426 3256 1454 3306 ὁ
1471 3254 1529 3319 ἐξ
1553 3254 1721 3309 ἐθνῶν

145 3360 456 3427 ἐκαθέζετο,
480 3359 573 3411 καὶ
585 3358 634 3410 οἱ
660 3353 1011 3415 ἀπιστοῦντες
1037 3350 1117 3403 ἔτι
1148 3347 1483 3412 καθέζονται.

392 3448 753 3523 Εἱσαγάγετέ
779 3448 953 3518 μεεὶς
978 3440 1145 3498 οἷκον
1158 3440 1264 3495 τοῦ
1289 3440 1479 3493 οἴνου.

213 3616 403 3670 Ταῦτα
442 3613 576 3685 πρὸς
607 3612 729 3674 τοὺς
784 3607 970 3678 φίλους
1014 3604 1108 3657 τοῦ
1147 3600 1381 3671 νυμφίου
1424 3597 1557 3668 φησὶ
1601 3597 1729 3658 τοὺς

152 3709 329 3779 ἁγίους
362 3706 625 3777 ἀγγέλους
650 3703 684 3775 ἢ
729 3698 1059 3761 ἀποστόλους
1087 3713 1147 3749 τε
1178 3694 1272 3748 καὶ
1300 3691 1602 3764 προφήτας·
1631 3704 1729 3779 μοῗ

155 3802 364 3874 νονουχὶ
399 3800 680 3867 λέγουσα,⁸
706 3789 1088 3863 Συγκεράσατὲ
1130 3804 1197 3859 με
1242 3784 1319 3857 τῷ
1370 3782 1580 3853 σώματι
1634 3778 1728 3833 τοῦ

158 3891 409 3965 Χριστοῦ.

159 3962 484 4053 Στηρίσιιτέ
504 3996 579 4053 με
598 3979 667 4031 ἐν
682 3976 914 4053 μύροις,
933 3965 1287 4053 σοοιᾷὰσατέ
1302 3982 1377 4053 μβ
1404 3964 1474 4018 ἐν
1489 3962 1728 4033 μήλοις,

508 4035 597 4104 ὅτι
634 4035 958 4115 τέτρῖυμένη
985 4039 1220 4110 ἀγάπης
1257 4035 1385 4105 ἐγώ.

236 4148 287 4202 '0
325 4147 626 4218 Σύμμαχος
676 4141 845 4203 οὕτως
889 4137 1201 4191 ἐκδέδωκεν·
1269 4124 1733 4183 Ἐπανακλίνιιτέ

162 4257 229 4309 με
265 4238 539 4303 οἰνάνθη,
588 4231 862 4287 τούτέστιν
888 4227 1107 4281 εὐώδεσι
1141 4223 1396 4294 δένδροις,
1434 4222 1543 4282 τοῖς
1571 4217 1733 4271 καλὸν

168 4331 371 4404 καρπὸν
397 4327 666 4391 ποιοῦσιν,
697 4323 980 4379 ἀνθοῦντα·
1011 4318 1119 4373 τῶν
1163 4314 1381 4387 φαύλων
1427 4310 1733 4381 λεγομένων

170 4402 387 4497 δένδρων
409 4417 728 4492 ἀκάρπωνῆ
764 4413 1131 4485 κακοκάρπων
1166 4411 1352 4485 ὄντων·
1389 4403 1509 4456 τινὰ
1545 4404 1599 4457 δὲ
1627 4402 1734 4456 τῶν

175 4522 508 4592 ἀντιγράφων
544 4518 676 4589 ἔχει·
704 4513 1034 4583 Στηρίσατέ
1051 4524 1127 4578 με
1162 4507 1230 4559 έν
1260 4506 1521 4594 ἀμύρογισ
1555 4499 1583 4552 δ
1607 4513 1733 4594 will"
1768 4540 1811 4594 υ

174 4590 296 4679 τέον,
324 4590 364 4684 -ῆ
394 4612 619 4673 πιστοὺς
663 4609 781 4681 μὲν,
809 4605 869 4658 οὐ
920 4603 1025 4675 μὴν
1065 4600 1141 4663 ὡς
1190 4593 1548 4670 χρηματίζειν
1600 4590 1733 4684 μέλη

177 4708 260 4780 τῆς
282 4682 363 4781 μή
386 4706 617 4778 ἐχούσης
644 4702 827 4756 σπῖλον
869 4698 901 4770 ἢ
947 4694 1153 4767 ῥυτίδα,
1193 4691 1227 4762 ἢ
1283 4688 1591 4760 ἀλλοτρίους
1637 4682 1737 4749 τῆς

430 4796 719 4871 χρηστούς·
750 4794 809 4847 τὸ
830 4793 906 4855 δὲ,
927 4782 1285 4844 στοιϐάσατέ
1307 4799 1382 4853 με
1407 4782 1476 4834 ὲν
1496 4778 1734 4848 μήλοις,

184 4868 549 4966 σαφηνίζωννο
604 4889 916 4958 Σύμμαχος,
974 4876 1401 4949 περικυλίσατέ
1427 4889 1502 4943 με
1546 4868 1734 4966 μῆλα,

1805 556 1973 613 lilium
1998 555 2116 626 ejus
2146 556 2199 611 in
2229 554 2407 611 medio
2438 553 2757 625 perfulgens.

1806 832 1970 887 Vens.
2003 830 2056 884 3.
2097 829 2244 884 Sicut
2283 828 2454 881 malus
2499 828 2637 880 inter
2665 825 2804 893 ligna
2837 826 3104 887 silvarum,
3144 827 3220 879 sic
3249 825 3383 879 dile-

1878 914 1990 956 ctus
2018 918 2162 955 meus
2187 900 2324 952 inter
2346 898 2504 966 ﬁlios.
2544 897 2654 951 Sub
2687 896 2871 946 umbra
2905 894 3045 947 illius
3065 912 3214 963 quem
3246 898 3384 950 desi-

1876 976 2180 1027 deraveram
2207 971 2343 1032 sedi,
2374 979 2419 1023 et
2454 972 2661 1038 [ructus
2690 969 2804 1033 ejus
2836 966 3007 1018 dulcis
3028 968 3224 1036 gutturi
3247 982 3378 1021 meo.

1877 1130 2109 1187 Decebat
2176 1142 2429 1199 sponsam
2488 1124 2672 1195 sponsi
2723 1122 3111 1194 pulchritudini
3164 1122 3387 1178 omnino

1806 1224 2088 1289 intentam,
2122 1220 2343 1292 proprio
2377 1220 2573 1273 decore
2617 1217 2839 1280 omisso,
2886 1225 3008 1284 post
3034 1228 3097 1268 ea
3127 1228 3247 1283 qua:
3277 1214 3389 1282 ipse

1807 1314 1873 1368 de
1901 1328 1962 1368 se
1990 1328 2221 1383 sponsus
2246 1308 2585 1381 praedicavit,
2613 1322 2736 1362 cum
2774 1304 2918 1359 maio
2951 1320 3074 1359 eum
3106 1302 3387 1369 conferre;

1806 1406 2073 1475 ﬁliosque,
2109 1405 2201 1475 qui
2241 1404 2602 1459 circumstant
2649 1416 2796 1463 cum,
2836 1415 2958 1454 cum
2998 1398 3159 1468 lignis
3209 1396 3386 1463 silvaa;

1809 1510 1864 1553 et
1891 1498 2282 1552 desideriorum
2314 1510 2567 1559 excessu,
2598 1493 2842 1547 umbram
2875 1493 3020 1546 illius
3055 1491 3390 1554 desiderare,

1809 1590 2148 1658 virtutesque
2181 1587 2395 1656 penitus
2422 1584 2678 1640 serutari.
2709 1584 2835 1638 Haec
2868 1594 3047 1637 autem
3080 1582 3295 1636 videtur
3326 1581 3391 1634 ad

1813 1677 2246 1734 adolescentulos
2269 1677 2469 1747 eloqui,
2500 1677 2639 1731 sicut
2671 1676 2737 1730 ad
2768 1674 2975 1728 amicos
3009 1672 3190 1743 priora
3216 1686 3392 1741 spon-

1814 1787 1929 1825 sus.
1956 1770 2125 1824 Filios
2174 1778 2353 1822 autem
2379 1764 2559 1835 vocat,
2597 1768 2715 1822 sive
2756 1769 2958 1822 amicos
3005 1765 3192 1835 sponsi
3230 1764 3390 1818 fami-
3420 1810 3433 1821 .

1813 1863 1997 1928 Iiares,
2017 1877 2156 1931 quos
2188 1861 2239 1915 in
2279 1861 2523 1914 fecundis
2553 1860 2838 1914 arboribus
2862 1858 3245 1929 aquiparavit,
3275 1856 3392 1911 sive

1814 1954 1883 2009 ab
1910 1970 1976 2009 eo
2009 1956 2235 2007 alienos.
2265 1951 2375 2007 Sub
2408 1953 2595 2005 umbra
2615 1952 2759 2006 illius
2794 1951 3125 2007 desideravit
3151 1961 3206 2006 et
3228 1951 3389 2005 sedit.

1815 2049 1956 2103 Dicit
1994 2056 2045 2103 et
2071 2045 2338 2101 Jeremias
2398 2046 2449 2099 in
2497 2044 2729 2099 Threnis
2761 2058 2776 2097 :
2803 2044 3038 2113 Spiritus
3085 2046 3193 2097 oris
3229 2044 3393 2098 nostri

1815 2142 2054 2197 Christus
2090 2140 2347 2194 Dominus
2398 2147 2582 2205 captus
2639 2146 2715 2189 est
2772 2136 2826 2188 in
2859 2137 3081 2203 peccatis
3116 2136 3306 2189 nostris
3329 2134 3392 2188 ".

1818 2233 1892 2287 De
1915 2248 2020 2301 quo
2049 2231 2207 2284 nobis
2252 2229 2541 2283 dicendum
2578 2236 2680 2288 est.
2722 2226 2832 2280 Sub
2864 2225 3048 2278 umbra
3072 2226 3213 2279 illius
3247 2228 3394 2279 vive-

1816 2339 1940 2379 mus
1981 2325 2030 2377 in
2076 2321 2347 2392 gentibus.
2376 2318 2659 2386 Quomodo
2687 2320 2828 2373 enim
2859 2332 2968 2371 non
3007 2316 3241 2370 debebat
3273 2318 3394 2370 vitae

1819 2414 1975 2468 nobis
2002 2427 2165 2467 causa
2194 2411 2380 2465 umbra
2408 2409 2524 2477 ejus
2555 2408 2693 2473 ﬁeri,
2735 2408 2869 2476 legis
2915 2407 3104 2462 umbra
3134 2406 3401 2460 liberatis?

1820 2504 2073 2561 Umbram
2102 2505 2246 2559 enim
2282 2503 2516 2558 habebat
2560 2502 2646 2555 lea:
2696 2502 3006 2571 futurorum
3053 2499 3400 2562 bonorum”,

1818 2600 1882 2655 iis
1908 2599 1997 2668 qui
2032 2612 2139 2652 non
2190 2596 2302 2664 jam
2340 2596 2435 2649 sub
2484 2594 2593 2664 lege
2662 2602 2846 2657 erant,
2879 2593 2971 2646 sed
3018 2593 3114 2645 sub
3142 2592 3401 2660 gratia”,

1816 2692 1916 2748 etsi
1947 2706 2089 2746 nunc
2114 2704 2328 2759 quoque
2366 2702 2554 2743 sumus
2588 2685 2688 2741 sub
2735 2684 2927 2739 umbra
2978 2683 3207 2737 multum
3245 2682 3402 2737 dissi-

1818 2783 1954 2838 mili.
1989 2783 2233 2851 Namque
2284 2790 2410 2850 post
2462 2759 2787 2847 praesentem
2816 2776 3007 2840 vitam,
3046 2789 3152 2829 non
3192 2776 3247 2827 in
3278 2791 3400 2841 spe-

1819 2876 1937 2929 culo
1986 2885 2035 2929 et
2090 2875 2389 2942 (enigmata,
2428 2872 2521 2924 sed
2571 2869 2708 2938 facie
2739 2868 2807 2921 ad
2840 2866 3084 2934 faciem“
3115 2866 3400 2920 veritatem

1820 2966 2326 3035 contemplabimus.
2359 2965 2511 3018 Dicet
2540 2964 2705 3016 etiam
2739 2975 2961 3029 sponsa,
2996 2958 3173 3012 Donec
3205 2959 3401 3024 aspiret

1821 3060 1933 3113 dies
1963 3070 2009 3113 et
2042 3058 2364 3112 inclinentur
2392 3055 2590 3108 umbra:
2616 3055 2681 3107 ²¹.
2708 3053 2829 3107 Vita
2858 3054 3004 3107 enim
3040 3060 3222 3106 nostra
3246 3050 3399 3118 quasi

1827 3150 2016 3205 umbra
2069 3158 2172 3216 est,
2205 3158 2260 3202 et
2292 3148 2345 3201 in
2376 3148 2569 3201 umbra
2630 3145 2819 3199 mortis
2871 3143 3120 3198 ethnicus
3152 3140 3396 3202 sedebat,

1826 3253 1881 3296 et
1913 3239 2175 3296 increduli
2198 3240 2379 3293 adhuc
2399 3238 2611 3293 sedent.

1830 3418 1992 3474 Vens.
2034 3418 2091 3472 4.
2132 3416 2318 3471 Ducite
2362 3431 2441 3468 me
2475 3412 2757 3550 itfggam
2804 3408 3055 3463 vinariam
3088 3405 3404 3479 (secundum

1901 3579 2027 3634 Haec
2060 3577 2125 3633 ad
2152 3577 2357 3631 amicos
2385 3574 2567 3644 sponsi
2600 3571 2751 3636 dicit,
2795 3576 3012 3623 sanctos
3055 3563 3292 3634 angelos,
3324 3563 3408 3616 Vel

1832 3669 2123 3741 apostolos,
2148 3668 2234 3723 vel
2268 3666 2579 3737 pr0phctas,
2610 3662 2765 3732 quasi
2802 3660 3045 3714 diceret:
3082 3655 3407 3726 Coujungitu

1831 3779 1920 3819 me
1950 3778 2073 3819 cum
2108 3773 2337 3831 corpore
2368 3756 2596 3812 Christi.

1834 3945 1997 4003 Vens.
2035 3943 2089 3999 5.
2119 3939 2330 3995 Fulcite
2351 3953 2431 3991 me
2466 3933 2707 4006 ﬂoribus,
2732 3933 2922 4001 stipale
2953 3948 3035 3986 me
3064 3928 3242 3993 malis,
3280 3930 3409 4000 quia

2366 4022 2544 4061 amore
2570 4008 2815 4073 langueo.

1907 4110 2031 4165 llaec
2084 4103 2393 4177 Symmachi
2444 4098 2836 4168 interpretatio
2886 4094 3167 4151 :Sternite
3217 4110 3295 4149 me
3352 4096 3409 4148 in

1834 4202 2178 4275 palmitibus',
2217 4198 2268 4252 id
2296 4205 2380 4251 est
2408 4196 2461 4249 in
2501 4192 2792 4247 odoriferis
2821 4189 3129 4256 arboribus,
3164 4202 3282 4254 quae
3317 4187 3410 4239 bo-

1838 4311 1963 4351 num
1992 4295 2176 4349 ferunt
2202 4290 2437 4344 fructum
2461 4302 2476 4352 ;
2502 4285 2656 4339 mala:
2679 4293 2859 4337 autem
2887 4280 3108 4335 arbores
3138 4287 3265 4333 sunt
3293 4292 3412 4345 qua:

1837 4388 2043 4443 nullum
2095 4386 2177 4440 vel
2234 4381 2434 4436 malum
2494 4375 2728 4430 fructum
2784 4375 2987 4428 ferunt.
3036 4369 3247 4424 Habent
3281 4383 3411 4422 vero

1840 4481 2085 4551 quzedam
2112 4492 2143 4532 e
2175 4473 2560 4543 manuscriptis
2591 4489 2606 4527 :
2640 4467 2850 4521 Fulcite
2897 4481 2978 4519 me
3007 4463 3204 4517 nullius
3235 4461 3410 4514 odoris

1839 4572 2134 4626 arboribus.
2168 4569 2321 4634 Quod
2355 4562 2819 4634 interpretandum
2872 4556 2987 4610 sive
3022 4556 3089 4609 de
3138 4553 3410 4614 ﬁdelibus,

1841 4679 1947 4719 non
1988 4671 2166 4715 tamen
2202 4660 2338 4714 adeo
2388 4667 2446 4710 ιιι
2476 4662 2741 4709 vocentur
2772 4650 2917 4704 illius
2948 4663 3065 4715 qua:
3097 4660 3193 4699 nec
3225 4657 3410 4695 macu-

1844 4756 1947 4809 lam
1995 4769 2095 4808 nec
2134 4765 2321 4820 rugam
2371 4746 2549 4804 habet.
2586 4743 2866 4806 membra;
2899 4737 3111 4805 sive,de
3169 4732 3410 4801 optimis,

1841 4846 1945 4903 etsi
1983 4844 2107 4899 ﬁdei
2147 4819 2368 4896 nesciis.
2415 4836 2549 4891 Illud
2605 4840 2806 4895 autem,
2860 4829 3050 4895 stipate
3100 4838 3180 4876 me
3235 4819 3411 4882 malis,

1845 4933 2206 5008 Symmachus
2255 4927 2578 4990 dilucidans,
2629 4923 2759 4976 mihi
2813 4918 2980 4973 malos
3038 4912 3290 4972 inducite,
3334 4912 3415 4963 in-

1848 5004 2199 5099 terpretatur.
2236 5020 2363 5075 Vult
2405 5020 2549 5074 enim
2613 5029 2811 5087 sponsa
2868 5013 3014 5066 inter
3072 5004 3261 5068 malos,
3297 5016 3415 5072 qum

1848 5095 2164 5189 frequentes
2221 5112 2559 5170 circumdant
2606 5122 2751 5169 eum,
2799 5101 3157 5171 requiescere.
3196 5095 3413 5157 Verum,

1849 5222 1909 5268 nt
1949 5185 2196 5279 quaedam
2229 5212 2500 5269 asserunt,
2524 5202 2731 5254 fructus
2760 5204 2845 5251 est
2886 5190 3013 5247 mali
3047 5190 3099 5243 in
3131 5186 3286 5257 lignis
3313 5185 3416 5239 viai

1852 5306 2057 5375 sponsi,
2099 5311 2157 5354 ut
2192 5312 2378 5354 eorum
2437 5308 2684 5362 saporem
2741 5285 3051 5358 experiatur
3126 5279 3417 5336 Vulnerata

1853 5373 1970 5455 sum
2000 5394 2224 5467 philtra,
2255 5390 2407 5453 dicit,
2431 5384 2727 5441 secundum
2761 5373 3180 5451 Symmachum;
3213 5381 3290 5436 et,
3325 5384 3415 5421 sa-

1844 5494 1974 5559 qitta
1996 5488 2179 5554 electa,
2202 5480 2497 5542 secundum
2534 5476 2727 5533 Isaiam
2750 5472 2820 5527 ’³.

184 4960 311 5039 εἷπε·
347 4984 593 5055 βούλεται
618 4979 725 5052 γὰρ
756 4980 790 5049 ἡ
822 4976 1007 5046 νύμφη
1036 4974 1094 5026 έν
1120 4968 1334 5031 πολλοῖς
1361 4960 1741 5055 περικυλιομέο

185 5095 277 5142 νοις
302 5077 462 5131 αὑτὸν
494 5073 683 5145 μήλοις
714 5065 1102 5123 ἀναπαύεσθαι·
1143 5062 1299 5116 ἅτινα
1338 5054 1489 5127 οἶμαι
1532 5049 1741 5123 καρπός

187 5140 286 5217 ἔστι
304 5165 398 5218 τοῦ
426 5140 594 5235 μήλου
620 5162 677 5214 ὲν
698 5161 807 5215 τοῖς
831 5156 1008 5223 ξύλοις
1032 5150 1124 5205 τοῦ
1149 5146 1353 5222 δρυμοῦ
1375 5144 1627 5215 νυμφίου,
1656 5140 1742 5192 ἵνα

188 5255 273 5327 τῆς
298 5232 786 5326 αὐτῶννμεταλάὸῃ
816 5248 1113 5318 ποιότητος·
1149 5242 1435 5310 Τέτρωμαι
1470 5234 1579 5327 γὰρ
1607 5232 1741 5327 φίλξ

190 5319 307 5418 rem,
348 5319 675 5419 mquam;
836 5339 1146 5409 Σύμμαχον·
1180 5332 1297 5389 ἀπὸ
1319 5328 1425 5385 τοῦ
1454 5319 1743 5380 ἐκλεκτοῦ

192 5442 416 5509 βέλους,
449 5439 591 5496 κατά
607 5437 699 5492 τὸν
749 5432 993 5488 Ἡσαΐαν.

202 5758 205 5761 Ι
263 5810 302 5842 ⁸⁸
324 5807 525 5864 Thten.
556 5818 630 5871 tv,
690 5798 782 5856 ιο.
861 5797 903 5831 ¹⁹
932 5794 1094 5855 Hebr.
1125 5808 1175 5858 ι,
1210 5791 1261 5848 l.
1337 5789 1382 5823 ²⁰
1410 5785 1566 5843 Rom.
1597 5795 1674 5849 VI,
1701 5778 1720 5836 1

1859 5774 1901 5807 ³³
1926 5770 2086 5828 ICor.
2126 5781 2247 5833 xui,
2295 5761 2378 5818 ιι.
2454 5760 2497 5791 η
2527 5757 2681 5814 Cant.
2716 5769 2776 5819 ιι,
2806 5750 2892 5806 -Π,
2968 5745 3133 5800 "Isa.
3180 5752 3324 5802 ιιι-ιχ,
3362 5733 3418 5789 2.
