3942 6318
581 343 691 401 265

949 541 1233 605 montibus,
1259 541 1559 596 transiliens
1591 542 1772 608 calles.

655 627 769 684 Hoc
813 629 1056 685 nonnulli
1100 630 1368 700 prioribus
1419 632 1728 688 attribuunt
1777 651 1794 700 ;

591 734 724 775 vero
755 728 934 776 textus
978 721 1198 791 proprio
1226 722 1461 778 collocat
1490 724 1630 781 loco.
1666 725 1877 783 Etenim
1924 729 2151 788 manife-

582 820 728 869 stum
771 821 858 868 est
895 827 1149 881 sponsam
1180 827 1303 869 cum
1346 813 1473 871 ﬁliis
1500 813 1802 878 Jerusalem
1835 820 2149 891 colloquen-

583 910 689 958 tem
712 943 728 970 ,
759 904 938 960 subito
965 904 1149 974 sponsi
1186 919 1376 960 vocem
1423 907 1699 978 percipere
1721 950 1736 975 ,
1772 925 1892 966 cum
1928 914 2150 983 quibus-

581 994 705 1050 dam
751 1035 769 1062 ,
799 1004 857 1050 ut
889 995 1186 1052 verisimile
1211 1034 1230 1062 ,
1274 997 1689 1056 confabulantis.
1719 1000 1890 1068 Quam
1921 1005 2150 1074 percipit

581 1087 638 1142 in
695 1085 966 1146 montibus
1015 1087 1356 1160 collibusque
1408 1104 1626 1162 sponsa:
1674 1092 1834 1150 domo
1885 1097 2148 1168 proximis

579 1187 962 1246 resonantcm,
1017 1196 1124 1236 non
1175 1179 1336 1236 aliter
1385 1197 1450 1238 ac
1495 1197 1782 1240 cervorum
1840 1186 2142 1246 binnulum.

579 1269 780 1326 Deinde
813 1285 1011 1342 sponsa
1059 1271 1346 1339 sollicitus,
1384 1273 1544 1332 domo
1581 1275 1642 1332 ﬁt
1688 1279 1966 1348 proximus
1991 1321 2007 1349 ,
2036 1281 2148 1337 iure

579 1358 836 1428 timquea
873 1374 1024 1434 tergo
1068 1366 1412 1436 aggreditur;
1439 1381 1565 1423 mox
1590 1369 1658 1424 ad
1694 1370 1956 1428 fenestras
1980 1389 2146 1444 usque

576 1451 810 1520 prosilit,
841 1455 1107 1511 amatorie
1160 1456 1307 1512 velut
1351 1457 1618 1528 inspicere
1663 1459 1886 1531 volens;
1922 1463 2144 1534 propior

576 1547 734 1604 domo
759 1547 848 1614 ubi
881 1558 965 1606 est
997 1565 1217 1622 sponsa,
1239 1552 1436 1609 multos
1462 1554 1731 1612 cancellos
1755 1556 1958 1613 circum
1980 1573 2143 1629 spon-

576 1653 693 1694 sam
738 1640 963 1716 ejusque
1014 1646 1191 1701 socias
1239 1645 1545 1714 obductos,
1591 1647 1858 1705 valentior
1903 1665 2139 1722 sponsus

575 1737 918 1806 perrumpit,
970 1752 1261 1810 perque'ea
1291 1740 1628 1810 speculatur,
1667 1756 2028 1815 sponsamque
2056 1746 2141 1801 in—

1849 634 2150 695 Hebraicus

1429 349 1990 408 SUPPLEMENTUM
2021 351 2115 407 AD
2149 351 2470 411 ORIGENIS
2499 351 2911 411 EXEGETICA.

584 464 749 522 Vsus.
776 466 830 522 8.
869 466 984 524 Vox
1008 469 1185 524 dilecti
1215 487 1314 524 mei
1339 511 1353 534 ,
1391 487 1508 525 ecce
1534 473 1633 526 iste
1682 474 1819 528 venit
1865 473 2056 531 saliens
2093 476 2150 530 in
2176 481 2224 540 Α

3704 364 3796 422 264

2450 478 2558 551 τοῦ
2584 478 2907 551 ᾀδελςριδοῦ
2938 495 3076 551 μου,
3110 477 3248 551 ἰδοὺ
3273 473 3454 551 οὗτος
3469 478 3598 551 iiut
3621 482 3803 551 πηδῶν

2354 549 2453 603 ἐπὶ
2481 549 2555 604 τὰ
2583 548 2709 619 ὄρη,
2736 547 3132 618 διαλλόμενος
3151 547 3256 602 ἐπὶ
3281 548 3426 615 τοὺς
3437 547 3712 618 βουνούς.

2320 639 2490 695 Τοῦτό
2534 657 2680 705 τινες
2720 643 2834 704 τοῖς
2860 637 3250 712 προλαῦοῦσιν
3308 639 3613 705 ἀπέδωκαν,
3664 642 3719 696 τὺ
3757 645 3806 700 ἂ

2267 731 2554 805 Ἐὅραῖκὸν
2581 731 2640 800 ἐξ
2667 731 2800 795 ἰδίας
2819 731 3002 786 τάττει
3028 730 3365 803 περικοπῆς·
3394 731 3489 785 καὶ
3508 732 3660 805 δῆλόν
3680 737 3808 791 ἐστιν

2246 824 2323 889 ὡς
2356 826 2391 897 ἡ
2417 821 2603 895 νύμφη
2639 822 2994 894 διαλεγομένη
3026 825 3148 886 ταῖς
3181 821 3524 894 θυγατράσιν
3576 823 3810 897 Ἰερουσα-

2246 913 2376 986 λὴμ,
2406 913 2670 983 αἰφνίδιον
2713 912 3027 968 αἰσθάνεται
3057 912 3161 982 τῆς
3209 911 3308 966 τοῦ
3343 913 3581 984 νυμφίου
3625 918 3809 988 φωνῆς,

2243 1005 2622 1077 διαλεγομένου
2670 1006 2812 1059 τισὶν
2866 1005 2942 1069 ὡς
2992 1006 3158 1070 είκός·
3201 1000 3274 1078 ἧς
3317 1003 3708 1080 αἰσθανομένης
3733 1011 3812 1066 ἐπὶ

2243 1099 2352 1154 τῶν
2381 1097 2522 1171 ὀρῶν
2552 1097 2646 1152 καὶ
2677 1097 2787 1153 τῶν
2821 1096 3027 1168 βουνῶν
3063 1096 3174 1151 τῶν
3202 1099 3628 1170 παρακειμένων
3655 1101 3726 1173 τῷ
3744 1104 3813 1158 τό·

2245 1207 2333 1263 πφ
2356 1189 2457 1262 τῆς
2475 1189 2692 1264 νύμφης
2708 1190 3068 1260 διαλέγεσθαι,
3095 1191 3174 1254 ὡς
3197 1191 3373 1263 μηδὲν
3396 1192 3619 1262 ἀπᾴδειν
3634 1195 3808 1270 νεϐρῷ·

2243 1280 2361 1338 εἶτα
2397 1283 2596 1356 σπουδῇ
2629 1285 2695 1355 τῇ
2746 1283 2875 1354 περὶ
2921 1280 3021 1353 τὴν
3053 1279 3302 1353 νύμφην,
3345 1281 3568 1352 ἐγένετο
3610 1283 3810 1356 πλησίον

2241 1375 2336 1430 τοῦ
2360 1375 2512 1430 οἴκου
2531 1377 2626 1430 καὶ
2645 1376 2957 1449 παρέφηνεν
2981 1376 3210 1432 δπισθεν
3229 1374 3428 1431 αὐτοῦ·
3450 1370 3570 1428 εἶτα
3590 1377 3809 1449 πηδήσας

2245 1469 2406 1542 μέχρι
2436 1468 2545 1524 τῶν
2565 1469 2658 1524 τοῦ
2677 1469 2826 1524 οἴκου
2845 1471 3033 1542 φθάνει
3057 1471 3316 1544 θυρίδων,
3353 1468 3630 1540 ἐρωτικῶς
3644 1469 3806 1543 ὥσπερ

2244 1561 2444 1617 ἐθέλων
2480 1563 2563 1628 εἰς
2587 1563 2757 1636 αὐτὴν
2813 1563 3149 1638 παρακῦψαι·
3204 1565 3382 1634 ἐγγὺς
3425 1564 3483 1618 δὲ
3513 1563 3613 1634 τῆς
3655 1563 3807 1626 οίκίας

2240 1653 2367 1708 ἔνθα
2390 1657 2422 1727 ἡ
2454 1655 2863 1729 νύμφη,δίκτυα
2886 1656 3058 1712 πολλὰ
3083 1656 3358 1729 ἐπενέδρα
3376 1656 3479 1728 τῆς
3500 1656 3706 1728 νύμφης
3727 1659 3806 1710 καὶ

2239 1746 2347 1800 τῶν
2373 1749 2498 1820 περὶ
2529 1748 2698 1821 αὐτὴν
2722 1749 3142 1816 ἐκπεπέτασται,
3177 1751 3332 1822 ἅπερ
3355 1748 3613 1822 διακόψας
3630 1751 3657 1804 ὀ
3689 1768 3804 1823 νυμ-

575 1826 714 1880 vitat
753 1829 978 1900 propius
1007 1833 1287 1886 accedere.
1323 1831 1539 1902 Audet,
1569 1848 1735 1904 opere
1760 1835 2134 1903 confirmatur,

2241 1835 2359 1906 φίος
2404 1837 2480 1903 ὡς
2520 1839 2878 1912 ἰσχυρότερος,
2934 1840 3151 1921 διέκυψε
3190 1840 3263 1895 δι’
3319 1839 3524 1896 αὐτῶν·
3552 1840 3642 1895 καὶ
3671 1843 3804 1896 καλεῖ

575 1916 845 1973 cancellos
885 1928 1233 1976 contemnere
1257 1961 1273 1988 ,
1336 1920 1450 1990 jam
1492 1923 1728 1981 divulsos
1751 1965 1768 1994 ,
1798 1925 2140 1998 iugatamque

466 2068 472 2076 _
577 2024 673 2078 per
705 2023 800 2067 eos
828 2012 1086 2083 temporis
1111 2013 1539 2086 inclementiam,
1567 2033 1726 2089 quam
1761 2019 1990 2076 hiemem
2046 2037 2140 2076 vo-

573 2111 688 2165 cat,
743 2102 962 2160 inutiles
1008 2104 1550 2178 vehementioresque
1593 2108 1795 2167 imbres
1841 2109 2124 2166 ferentem.

573 2194 918 2252 Convertitur
948 2196 1014 2252 ad
1045 2197 1327 2270 prasentis
1357 2201 1618 2270 temporis
1651 2204 1956 2273 commoda,
1980 2204 2139 2262 ﬂores

578 2286 788 2342 scilicet
818 2302 1014 2345 vernos
1065 2303 1131 2345 ac
1175 2291 1300 2348 vitis
1351 2293 1683 2361 putationem
1717 2294 2053 2364 praedicans;
2083 2304 2140 2352 et

582 2379 848 2436 columba:
891 2397 1119 2452 vocem,
1168 2391 1222 2439 et
1265 2383 1474 2456 olyntbi
1503 2384 1675 2452 ficus‘,
1707 2395 1762 2441 et
1806 2385 2137 2444 luxuriantes

575 2472 834 2528 describit
861 2471 1030 2540 vites;
1058 2482 1114 2529 et
1141 2473 1288 2529 intus
1313 2475 1647 2544 requiescet;
1677 2475 1923 2546 cupiebat
1945 2476 2088 2532 illam
2118 2518 2135 2544 ,

568 2576 689 2632 quae
726 2575 846 2619 erat
891 2563 1034 2620 intus
1057 2605 1073 2630 ,
1100 2564 1249 2620 vultu
1278 2573 1484 2622 retecto
1515 2581 1700 2624 coram
1743 2581 1944 2642 sponso
1969 2568 2135 2647 prod-

572 2653 671 2722 ire,
705 2655 964 2725 suaviqne
991 2656 1137 2714 vocis
1165 2670 1414 2714 recreare
1439 2671 1594 2714 sono.

567 2951 732 3032 Vens.
789 2954 856 3010 10
924 2971 1037 3026 seq.
1082 2956 1166 3013 En
1209 2958 1430 3032 dilectus
1475 2975 1620 3032 meus
1659 2961 1889 3032 loquitur
1922 2965 2052 3018 mihi
2114 2981 2134 3019 :

637 3022 821 3100 _Surge,
847 3022 1096 3100 propera,
1118 3029 1288 3085 antica
1315 3045 1449 3092 mea,
1475 3022 1880 3096 columba'mea,
1910 3045 1957 3087 et
1992 3036 2132 3100 veni;

629 3095 748 3171 j_am
775 3097 911 3150 enim
953 3095 1120 3152 hiems
1151 3100 1388 3171 transiit,
1420 3101 1586 3154 imber
1616 3102 1745 3154 abiit
1782 3109 1832 3155 et
1867 3095 2129 3171 recessit,

2237 1928 2337 2001 τὴν
2353 1928 2568 2002 νύμφην
2587 1929 2812 2003 πλησίον
2838 1930 3030 1985 ἐλθεῖν·
3069 1930 3518 2004 παραθαρρύνων
3545 1930 3681 2003 ἔργῳ
3711 1933 3803 1985 τῶν

2236 2021 2468 2078 δικτύων
2489 2026 2863 2095 καταφρονεῖν,
2875 2023 2950 2088 ὡς
2963 2023 3062 2096 ἤδη
3076 2022 3440 2095 σχισθέντων,
3458 2023 3553 2077 καὶ
3567 2022 3653 2076 τοῦ
3668 2024 3801 2094 χαλε-

2237 2113 2341 2168 ποῦ
2364 2113 2613 2168 διἀύτῶν
2625 2115 3069 2188 παραδραμόντος
3082 2114 3300 2188 καιροῦ,
3320 2113 3381 2169 ὃν
3393 2114 3634 2186 χειμῶνα
3652 2115 3797 2180 καλεῖ,

2236 2207 2485 2281 ἀνωφελῆ
2501 2208 2731 2282 φέροντα
2741 2208 2835 2263 καὶ
2847 2208 3069 2281 σφοδρὸν
3082 2208 3258 2264 ὑετόν·
3277 2209 3647 2282 προτρέπεται
3657 2209 3707 2262 δὲ
3721 2211 3797 2263 καὶ

2237 2296 2326 2351 διὰ
2345 2297 2452 2352 τῶν
2491 2297 2670 2353 καλῶν
2703 2299 2796 2352 τοῦ
2833 2299 3096 2370 παρόντος
3122 2297 3347 2372 καιροῦ,
3388 2297 3526 2370 ἄνθη
3552 2298 3713 2367 λέγων
3734 2297 3796 2361 ὡς

2236 2389 2294 2443 ἐν
2310 2389 2430 2464 ἔαρι
2452 2391 2546 2446 καὶ
2571 2390 2863 2464 θεραπείαν
2895 2391 3172 2464 ἀμπέλων·
3211 2389 3483 2464 τρυγόνος
3509 2408 3566 2444 τε
3615 2390 3793 2461 φωνὴν,

2236 2485 2332 2538 καὶ
2361 2483 2531 2553 συκῆς
2556 2481 2828 2548 ὀλύνθους,
2867 2482 2958 2537 καὶ
2991 2480 3369 2554 κυπριζούσας
3395 2481 3666 2554 ἀμπέλους
3693 2482 3792 2535 δια-

2235 2576 2454 2648 γράφει·
2483 2575 2685 2631 καὶτὸν
2711 2574 2838 2630 ἔνθα
2869 2573 3340 2630 συναναπαύσεται
3365 2575 3552 2629 τόπον·
3579 2573 3697 2629 ἔνθα
3713 2590 3790 2643 γε-

2234 2666 2462 2739 νομένην
2501 2664 2747 2720 ἐϐούλετο
2796 2663 2965 2737 αὐτὴν
3001 2664 3106 2736 ὅλῳ
3158 2664 3445 2736 προσώπῳ
3487 2663 3564 2736 τῷ
3602 2663 3793 2734 νυμφίῳ

2235 2759 2487 2830 φανῆναι,
2549 2756 2644 2812 καὶ
2691 2758 2791 2830 τῆς
2841 2756 3025 2828 ἡδείας
3081 2756 3219 2828 αὐτῇ
3273 2755 3539 2828 παρέχειν
3587 2753 3790 2809 ἀκοῦσαι

2277 2866 2440 2914 ωνης.

2236 2869 2653 3008 ῗῗσῖἓξιρίνεται
2675 2938 3034 3008 ἀδελφιδοῦς
3046 2957 3165 3008 μου
3191 2939 3295 2993 καί
3330 2937 3496 3010 λέγει
3503 2955 3621 3010 μοι·
3649 2937 3788 3010 Ἄνάιτ

2303 3006 2439 3073 σταέ
2461 3010 2672 3088 sum
2687 3006 3110 3088 ,πᾷησίρνμοὺν
3141 3010 3310 3088 Ξιᾳτιή
3337 3006 3480 3088 eam
3504 3006 3793 3088 περιετερξί

2299 3097 2436 3158 μου·
2467 3080 2569 3158 ὅῖι.
2585 3077 2712 3134 ιδοὺ
2728 3083 2760 3158 (ἔ
2777 3077 2992 3158 χειμὼν
3009 3077 3407 3158 ξαρῇἐθενέῤ
3431 3079 3602 3158 sua
3624 3077 3796 3158 ἀεξῆέ·

1229 3146 1297 3222 ἱιί
1315 3146 1470 3243 [εἶτα⁷
1487 3180 1687 3243 nostra,
1733 3146 2129 3243 tempu‘swpvuot'a3

2299 3146 2519 3243 θεννεαά
2545 3146 2834 3231 έίεορεύθὲτ
2853 3149 3061 3243 sese
3081 3146 3512 3243 τάἀνθτισαεερη
3536 3146 3788 3243 fﬁeri:

638 3235 798 3290 tionis
824 3236 1028 3289 advenit
1057 3251 1076 3292 :
1103 3254 1202 3292 vos:
1228 3241 1451 3294 turturis
1471 3241 1653 3294 audita
1678 3254 1753 3294 est
1777 3235 2008 3297 interra
2035 3262 2126 3300 no-

635 3313 770 3382 stra.
797 3303 960 3359 Ficus
982 3309 1213 3382 protulit
1242 3325 1453 3379 grossos
1484 3326 1611 3364 suos
1641 3327 1660 3365 :
1691 3312 1857 3367 vineta
1884 3315 2129 3382 ﬂorentes

630 3376 887 3429 dederunt
922 3379 1022 3430 odo
1031 3393 1136 3432 rem
1173 3376 1346 3434 suum.

634 3527 805 3600 Surge
832 3571 846 3596 ,
898 3529 1112 3601 inquit,
1145 3547 1175 3586 a
1205 3533 1557 3590 sensibililius
1597 3535 1664 3591 ad
1697 3537 1996 3608 spiritualia
2021 3580 2038 3608 ,
2071 3549 2131 3596 ut

560 3621 835 3692 conjuncti
889 3623 1080 3680 simus.
1135 3623 1312 3680 Imber
1361 3627 1509 3682 abiit.
1551 3628 1652 3684 ilic
1707 3631 1881 3686 imber
1919 3639 2131 3704 tempus

560 3713 737 3768 innuit
764 3724 890 3769 ante
918 3713 1347 3771 lncarnationem
1371 3756 1388 3782 ,
1431 3734 1553 3774 cum
1606 3719 1744 3778 Deus
1773 3723 2004 3780 nubibus
2033 3725 2132 3780 eli-

558 3806 671 3860 cuit
715 3806 869 3875 quasi
925 3808 1167 3876 pluviam
1227 3809 1421 3878 legalia
1470 3821 1526 3868 et
1571 3814 1887 3885 prophetica
1941 3819 2126 3873 verba.

559 3896 805 3953 Recessit
837 3898 995 3953 simul
1053 3915 1118 3955 ac
1155 3900 1240 3957 lea;
1275 3911 1326 3958 et
1363 3905 1627 3973 prophetia
1655 3923 1819 3976 usque
1848 3908 1919 3962 ad
1958 3908 2130 3966 Joan-

561 4004 678 4044 nem
709 3987 802 4055 ἰς
846 4004 943 4044 ver
983 4001 1164 4046 autem
1217 4003 1272 4048 et
1312 4003 1472 4051 aestas
1522 4006 1643 4067 post
1699 3998 2128 4057 Incarnationem

557 4078 874 4149 subierunt;
902 4095 1002 4136 nec
1026 4081 1139 4154 jam
1182 4098 1320 4156 opus
1366 4095 1487 4142 erat
1535 4086 1812 4145 imbribus.
1840 4090 1942 4146 Per
1973 4091 2128 4148 Chri-

559 4177 702 4230 stum
739 4178 883 4226 terra
929 4181 1101 4228 strata
1137 4183 1221 4231 est
1269 4174 1528 4246 tioribus;
1575 4178 1728 4249 cujus
1779 4191 1834 4238 et
1883 4184 2130 4238 incarna-

559 4263 723 4328 tione,
752 4263 908 4329 ﬁcus,
942 4279 1062 4336 qua:
1095 4267 1277 4336 priore
1318 4277 1558 4340 tempore
1583 4281 1853 4336 creverat,
1885 4289 1990 4328 non
2025 4285 2129 4330 ste-

557 4356 674 4412 rilis
719 4357 1027 4425 exciditur;
1072 4375 1210 4414 nunc
1260 4363 1396 4417 enim
1427 4362 1666 4433 olyntltos
1693 4365 1930 4434 protulit,
1962 4375 2010 4420 et
2043 4366 2128 4420 ιιι-

554 4449 772 4502 xuriant
817 4449 947 4504 uites
973 4465 994 4504 :
1026 4451 1148 4508 ideo
1175 4454 1229 4508 in
1259 4452 1463 4512 Christi
1508 4455 1824 4526 palmitibus
1848 4499 1864 4526 ,
1906 4458 2080 4528 inquit
2107 4499 2124 4526 ,

555 4542 718 4596 bonus
757 4544 890 4597 odor
921 4543 1028 4598 Deo
1049 4560 1231 4600 sumus
1261 4545 1328 4600 ".

559 4631 734 4709 Vens.
762 4634 865 4709 15,
902 4634 990 4709 ΗΑ.
1023 4634 1211 4707 Surge,
1233 4653 1406 4709 amica
1436 4654 1584 4699 mea.
1617 4639 1847 4709 speciosa
1876 4655 1990 4693 mea
2016 4678 2032 4704 ,
2073 4649 2122 4694 et

624 4706 753 4768 ueni,
783 4703 1020 4778 columba
1048 4703 1181 4778 mea,
1222 4708 1277 4761 in
1314 4703 1656 4776 foraminibus
1699 4720 1892 4778 petrae,
1929 4711 1985 4762 in
2028 4725 2121 4762 ca-

619 4791 773 4828 verna
797 4777 1058 4830 maceriaa.
1096 4775 1322 4832 Ostende
1361 4778 1487 4831 mihi
1530 4775 1716 4846 [aciem
1761 4788 1904 4832 tuam
1927 4818 1942 4837 .
1970 4787 2122 4832 sonet

621 4861 720 4898 vos:
754 4855 846 4898 tua
881 4845 938 4899 in
976 4846 1192 4900 auribus
1224 4848 1394 4913 meis;
1433 4845 1538 4902 vox,
1570 4849 1709 4904 enini
1731 4859 1823 4904 tua
1851 4848 2043 4914 dulcis,
2064 4857 2121 4906 et

620 4918 782 4981 {acies
805 4924 901 4969 tua
932 4918 1140 4970 decora.

627 5069 748 5124 Vult
797 5072 1030 5128 animam
1084 5073 1362 5129 sensibilia
1407 5075 1736 5146 transgredi.
1787 5074 2112 5133 Sensibilem

549 5160 692 5215 cutim
724 5166 982 5220 mundum
1013 5166 1166 5234 quasi
1191 5166 1390 5220 moenia
1421 5176 1475 5221 et
1507 5169 1903 5224 munimentum
1932 5169 2112 5238 Oppidi

548 5260 726 5306 vocat.
756 5252 978 5324 Oportct
1008 5257 1172 5327 igitur
1199 5256 1456 5322 animam,
1490 5256 1715 5312 rationis
1748 5259 2061 5330 participem
2091 5299 2108 5326 ,

547 5345 604 5398 in
653 5343 997 5413 foraminibus
1045 5356 1249 5416 petrae,
1297 5361 1405 5401 non
1446 5348 1620 5403 solum
1671 5359 1830 5404 extra
1879 5350 2112 5404 civitatis

550 5437 771 5501 muenia,
809 5439 900 5492 sed
930 5451 985 5494 et
1020 5449 1172 5494 extra
1203 5439 1395 5493 vallum
1430 5440 1662 5505 versari,
1699 5453 1754 5494 ut
1781 5440 1863 5495 ori
1896 5440 2108 5498 detecto

553 5526 777 5594 propior
821 5525 982 5592 facta,
1019 5529 1245 5600 gloriam
1277 5527 1491 5584 Domini
1525 5528 1859 5598 speculetur,
1895 5542 2109 5602 pareat-

619 5764 666 5796 “
692 5760 825 5817 Luc.
860 5777 970 5829 xvi,
1007 5762 1090 5816 i6.
1137 5763 1214 5835 __“
1242 5761 1439 5834 ILCor.
1477 5779 1536 5828 ιι,
1573 5763 1658 5818 15.

2303 3221 2640 3302 sal-93563159
2666 3218 2850 3300 τομῆς
2879 3219 3116 3302 istas?
3165 3221 3343 3302 φευνὴ
3392 3218 3793 3302 θῇςίίρυτάνος

2298 3287 2570 3359 ’ἠκούσθη
2593 3287 2686 3343 ’ἐν
2731 3287 2805 3360 τῇ
2840 3287 2925 3358 γῇ
2960 3287 3232 3360 ήμῶν-πή
3285 3287 3460 3360 σὺκῆγ
3495 3290 3793 3360 ἐξήνεγκεν

2301 3358 2597 3426 ὀλύνθους
2615 3358 2820 3428 αὐτῆς·
2845 3362 2918 3431 ναί
2947 3360 3200 3430 ἄμπελοι
3223 3358 3637 3431 κυπρίζουσιν,
3663 3358 3788 3413 ἐδω-

2301 3447 2418 3484 καν
2442 3431 2661 3501 ὀσμήν,
2685 3448 2740 3484 κ.
2757 3447 2809 3483 τ.
2834 3430 2881 3485 ἐ.

2313 3519 2589 3585 Ἀνάστα,
2609 3521 2792 3593 φησὶν,
2807 3521 2913 3575 ἀπὸ
2937 3520 3046 3574 τῶν
3071 3521 3350 3592 αἰσθητῶν
3378 3521 3515 3594 πρὸς
3542 3521 3607 3574 τὰ
3621 3518 3784 3588 νοητὰ.

2231 3615 2321 3670 ἵνα
2363 3615 2618 3686 συνῆμεν·
2664 3613 2726 3667 '0
2757 3613 2929 3680 ὑετὸς
2959 3613 3252 3682 ἀπῆλθεν·
3292 3614 3524 3686 εἴπομεν
3558 3612 3622 3667 ἂν
3653 3609 3786 3663 ὑετὸν

2228 3704 2651 3777 γεγονέναι,’τδν
2680 3705 2787 3778 πρὸ
2816 3707 2915 3778 τῆς
2952 3705 3273 3778 Ἐπιδημίας
3308 3707 3519 3778 καιρὸν,
3556 3702 3644 3758 τοῦ
3665 3699 3781 3755 Θεοῦ

2228 3799 2606 3871 ἐντειλαμένου
2629 3800 2750 3863 ταῖς
2770 3798 3017 3868 νεφέλαις
3037 3796 3150 3853 ὕειν
3180 3797 3271 3852 τὸν
3303 3798 3526 3870 νομικὸν
3552 3795 3640 3848 καὶ
3663 3808 3781 3864 προ-

2229 3890 2455 3962 φητικὸν
2482 3889 2659 3960 λόγον·
2682 3877 2992 3943 πεπαῦσθαι
3015 3889 3070 3943 δὲ
3101 3886 3312 3954 τοῦτον,
3329 3887 3536 3958 ,ἐπειδὴ
3563 3890 3595 3940 ό
3617 3884 3780 3952 νόμος

2229 3983 2328 4036 καί
2363 3985 2416 4036 οἱ
2448 3981 2742 4050 προφῆται
2793 3979 2903 4048 ἕως
2961 3979 3250 4036 Ἰωάννου·
3301 3979 3405 4052 έαρ
3435 3979 3490 4033 δὲ
3518 3977 3608 4031 καὶ
3643 3973 3780 4044 θέρος

2231 4073 2366 4146 μετὰ
2393 4073 2491 4146 τὴν
2526 4073 2867 4146 Ἐπιδημίαν·
2904 4073 2986 4126 ὅτι
3013 4073 3207 4144 μηκέτι
3237 4073 3411 4126 ὑετῶν
3435 4071 3588 4143 χρεία
3614 4069 3693 4121 ὅτε
3722 4063 3778 4116 τὰ

2225 4168 2314 4222 διὰ
2336 4167 2568 4240 Χριστὸν
2597 4166 2730 4239 ἄνθη
2749 4164 2906 4236 ὤφθη
2942 4166 2999 4218 ἐν
3023 4168 3089 4238 τῇ
3115 4167 3206 4236 γῇ·
3245 4164 3342 4218 καὶ
3362 4163 3472 4218 ἀπὸ
3490 4161 3585 4233 τῆς
3615 4155 3777 4223 ἐπιδη-

2229 4261 2357 4334 μίας
2385 4260 2571 4328 αύτοῦ,
2610 4263 2644 4333 ἡ
2692 4259 2832 4330 συκῆ
2860 4259 2962 4313 ούκ
3001 4259 3327 4312 ἐκκόπτεται
3361 4257 3606 4328 ἄκαρπος
3633 4253 3687 4304 ἓν
3711 4244 3775 4316 τῷ

2226 4354 2474 4426 προτέρῳ
2510 4352 2774 4424 γενομένη
2803 4350 3000 4423 καιρῷ·
3036 4350 3176 4405 νυνί
3215 4350 3326 4420 γὰρ
3355 4348 3645 4410 ὀλύνθους
3693 4339 3774 4402 ἐξ·

2224 4445 2461 4514 ήνεγκε,
2499 4444 2598 4500 καί
2622 4440 3009 4512 κυπρίζουσιν
3062 4445 3121 4496 αἱ
3145 4441 3419 4513 ἄμπελοι·
3468 4438 3548 4494 διό
3602 4448 3769 4505 φησιν,

2159 4539 2201 4594 D
2230 4538 2288 4591 ἓν
2337 4538 2445 4591 τῶν
2474 4536 2774 4608 ξκλημάτων
2805 4536 3060 4608 Χριστοῦ,
3087 4536 3322 4600 εὐωδία,
3347 4532 3536 4605 ἐσμὲν
3554 4528 3630 4593 τῷ
3646 4520 3769 4587 θεῷ·

2241 4629 2512 4693 Ἀνάστα,
2541 4629 2700 4694 ἐλθὲ,
2734 4631 2772 4700 ἠ
2791 4630 3056 4698 πλησίον
3099 4647 3238 4699 μου,
3265 4628 3422 4694 καλή
3447 4641 3582 4700 μου,
3625 4631 3768 4700 περε-

2297 4683 2631 4781 σιέριελιουξ
2665 4683 2771 4755 .gar
2789 4683 2934 4781 an
2944 4700 3046 4764 σὺ,
3075 4683 3770 4781 ἀεριέτεράλιδυεξτειεές

2297 4765 2525 4852 senarii
2557 4770 2774 4840 πέτρας
2827 4771 3083 4840 ἐχόμενα
3135 4765 3241 4826 τοῦ
3281 4765 3762 4855 amorem/0314070?

2296 4841 2500 4910 δειξόν
2516 4859 2618 4910 μοι
2641 4843 2756 4910 τὴν
2782 4841 2928 4910 ὄψιν
2945 4857 3084 4906 σου,
3101 4843 3199 4894 καὶ
3231 4839 3554 4910 ἀκρυτισον
3575 4824 3762 4910 ,με-,τῂν

2296 4843 2500 4926 δεῐξᾴν
2516 4859 2618 4910 μοι
2641 4843 2756 4965 τὶὲν
2782 4843 2928 4910 ὄψιν
2945 4857 3084 4906 σου,
3101 4843 3199 4894 καὶ
3231 4843 3554 4919 ἁκρύτισον
3575 4843 3760 4949 μεότιην

2287 4925 2666 5036 ἕιῖέ,
2725 4929 2778 4965 τι
2799 4912 2836 4979 ἡ
2865 4910 3032 4980 φωνή
3063 4925 3179 4965 σου
3204 4909 3392 4978 ﬁdem,
3438 4905 3533 4962 καί
3566 4904 3602 4970 ὴ
3667 4910 3760 4964 ινις

2437 4999 2642 5051 ωραια.

2292 5048 2549 5128 Βούλεται
2572 5073 2670 5144 τὴν
2695 5069 2872 5143 ψυχὴν
2905 5069 3206 5142 ὑπερϐῆναι
3240 5069 3310 5124 τὰ
3329 5061 3571 5135 αἰσθητά·
3597 5057 3665 5118 ὡς
3681 5048 3763 5104 ἐπὶ

2219 5166 2426 5230 πόλεως
2466 5164 2524 5219 δὲ
2577 5168 2754 5234 τεῖχος
2810 5163 2904 5217 καὶ
2947 5163 3327 5234 προτείχισμα,
3385 5159 3475 5214 τὸν
3529 5143 3762 5217 αἰσθητὸν

2217 5259 2419 5330 κόσμον
2446 5258 2616 5312 καλεῖ·
2638 5257 2719 5310 δεῖ
2743 5253 2836 5310 οὖν
2861 5255 2959 5327 τὴν
2984 5255 3062 5326 τῷ
3076 5253 3217 5325 λόγῳ
3234 5249 3582 5308 κοινωνοῦσαν
3603 5235 3758 5338 qiuva

2215 5349 2287 5403 ἐν
2311 5349 2515 5418 σκέπη
2535 5347 2645 5416 τῆς
2675 5347 2917 5418 πέτρας,
2943 5349 3002 5400 οὐ
3037 5347 3195 5420 μόνον
3223 5345 3326 5411 ἔξω
3342 5342 3434 5398 τοῦ
3458 5338 3655 5433 τείχους

2217 5440 2445 5506 πόλεως,
2474 5440 2610 5495 ἀλλὰ
2636 5441 2730 5494 καὶ
2767 5441 2862 5495 τοῦ
2901 5439 3350 5514 προτειχίσματος
3393 5428 3644 5506 γενέσθαι’
3689 5428 3755 5514 ti"

2215 5504 2443 5588 πλησίον
2483 5533 2780 5607 γενομένην
2817 5504 3312 5603 ἀνακεκαλῦμιιένῳ
3361 5504 3640 5602 προσώταθ’
3665 5504 3755 5580 τὴν
