3942 6318
163 272 272 328 265

1311 272 1600 330 SCHOLIA
1643 272 1708 327 IN
1753 274 2051 331 CANTICA
2093 272 2363 330 CANTIC.

3365 278 3470 333 266

155 388 316 451 δόξαν
349 395 466 448 τοῦ
495 399 713 472 Κυρίου
745 397 1212 470 κατοπτρίζεσθαι·
1230 396 1576 468 πειθομένην
1605 396 1678 467 τῷ
1701 398 1757 450 λέ

1893 413 1996 466 quc
2024 397 2221 452 dicenti
2265 415 2278 450 :
2313 396 2532 450 Ostende
2556 397 2683 450 mihi
2725 396 2909 466 [aciem
2955 407 3121 451 tuam.
3149 396 3311 469 Cupit
3343 414 3472 454 vero

154 499 330 548 τοντι,
369 487 615 553 Δεῖξόν
656 508 756 558 μοι
803 488 914 557 τὴν
946 488 1086 556 ὄψιν
1109 505 1245 543 σου·
1284 488 1544 558 ἐπιθυμεῖ
1581 488 1636 541 δέ
1692 489 1785 541 καὶ

149 573 586 654 διαλεγομενης
611 582 860 645 ἀκοῦσαι,
892 581 990 654 τὴν
1031 582 1218 654 φωνὴν
1239 581 1315 646 ὡς
1354 581 1537 652 ἡδεῖαν
1567 581 1782 653 θαυμά-

148 668 277 732 ζων·
311 675 714 748 προτείχισμα
748 676 803 730 δέ
841 679 1008 742 ἐστιν,
1036 678 1174 748 ὅπερ
1213 677 1443 740 Ἡσαΐας
1475 677 1781 748 περίτειχον

145 763 452 833 ὀνομάζει,
481 765 877 837 λέγων·.θήσει
897 769 1112 839 τεῖχος,
1127 768 1165 840 ἢ
1184 786 1251 821 πε
1259 767 1507 840 ρίτειχος·
1535 766 1783 837 βούλεται

142 856 330 910 τοίνυν
380 857 529 915 τῶν
578 861 902 932 σωματικῶν
934 860 1275 927 ἐξελθοῦσαν,
1310 857 1371 914 οὐ
1429 859 1589 931 μόνον
1615 861 1675 913 ἐν
1704 859 1781 931 τῷ

139 949 315 1018 τείχει
363 953 675 1019 γενέσθαι,
706 953 847 1025 ὅπερ
879 948 1018 1007 εἶναι
1043 951 1134 1006 τὸν
1170 951 1298 1025 περὶ
1323 949 1652 1024 τοῦ·κόσμου
1686 951 1778 1004 λό-

137 1057 232 1108 γον
258 1041 537 1112 νομίζω,
555 1043 693 1099 ἀλλὰ
716 1047 810 1100 καὶ
831 1045 1067 1116 ἐχόμενα
1089 1043 1182 1098 τοῦ
1210 1044 1678 1116 προτειχίσματος·
1720 1045 1778 1108 ὃς

136 1131 301 1200 λόγος
343 1135 471 1206 μέν
530 1139 646 1192 ἐστι
669 1138 980 1202 τελευταῖος
1010 1136 1119 1191 τῶν
1158 1137 1504 1209 σωματικῶν,
1531 1137 1674 1210 ἀρχὴ
1717 1137 1775 1191 δὲ

138 1224 245 1277 τῶν
263 1227 650 1300 ἀσωμάτων.

139 1316 448 1392 uidente,
504 1323 650 1392 ἡμῖν
694 1324 1011 1389 ἀλώπεκας
1069 1322 1321 1392 μικροὺς
1382 1323 1776 1392 ἀφανίζοντας

174 1387 605 1460 ἀμπελῶνιῖς,
632 1395 728 1447 καὶ
761 1396 820 1447 αἱ
837 1387 1092 1463 ἄμπελοι
1133 1387 1308 1462 ήξμῶτῖ
1333 1387 1737 1461 κυᾶτρίζο-υσιν.

212 1480 435 1538 Ταῦτα
469 1488 586 1550 τοῖς
621 1486 792 1555 φίλοις
823 1487 850 1538 ὁ
883 1486 1278 1556 νυμφίος,·ῆτοι
1313 1485 1581 1554 ἀγγέλοις.
1624 1483 1772 1556 ἢάν-

138 1569 345 1642 apem
397 1576 612 1646 ἁγίοις,
652 1578 764 1631 ὅσοι
794 1576 893 1647 τῆς
929 1574 1254 1650 Ἐκκλησίας
1276 1577 1601 1631 διδάσκαλοι·
1637 1575 1775 1649 ὐπέρ

139 1666 464 1738 σωτηρίας
504 1666 561 1722 δέ
586 1670 692 1723 τῶν
741 1669 1077 1742 ἀμπελώνων
1117 1671 1148 1740 ἡ
1187 1671 1490 1742 προτροπή·
1521 1669 1608 1722 ἵνα
1666 1667 1774 1720 τῶν

1894 490 2054 544 etiam
2081 489 2382 558 loquentem
2408 503 2524 542 eam
2551 488 2756 550 audire,
2772 489 3095 544 suavitatem
3116 491 3264 546 vocis
3289 493 3460 546 mira-

1894 594 1998 636 tus.
2054 580 2265 634 Vallum
2299 591 2478 634 autem
2513 581 2650 634 idem
2691 592 2773 635 est
2797 621 2812 644 ,
2856 583 2995 650 quod
3028 582 3196 640 lsaias
3222 585 3466 638 exterius

1891 670 2279 724 munimentum
2304 666 2781 732 vocat",dicens:
2807 667 3096 726 Constituet
3126 689 3336 728 murum
3363 691 3464 730 seu

1890 760 2379 834 propugnaculum.
2427 759 2557 816 'ant
2615 761 2783 832 igitur
2829 778 2949 817 eam
3003 779 3033 818 e
3081 766 3461 836 corporalibus

1885 855 2213 919 exsolutam.
2243 867 2346 910 non
2385 864 2596 910 tantum
2630 869 2754 909 esse
2791 855 2936 910 intra
2977 860 3174 914 mtenia
3203 902 3218 929 ,
3241 859 3295 917 id
3338 871 3461 928 est,

1883 956 1942 1000 ut
1971 947 2184 1017 Opinor,
2216 946 2268 1000 in
2302 947 2501 1000 mundo
2529 987 2543 1012 ,
2570 949 2668 1002 sed
2696 945 2860 1001 etiam
2905 949 2959 1002 in
2990 948 3123 1004 locis
3153 968 3459 1024 propugna-

1883 1038 2008 1092 Culo
2050 1038 2360 1110 contiguis.
2411 1040 2552 1110 quod
2590 1037 2806 1110 quidem
2857 1039 3221 1112 corporalium
3277 1041 3462 1120 linem,

1884 1129 2304 1199 incorporalium
2335 1147 2463 1187 vero
2495 1133 2710 1188 initium
2735 1131 3026 1205 signiﬁcat.
3433 1141 3435 1144 ’

1915 1310 2078 1386 Vens.
2133 1312 2222 1386 jS.
2282 1312 2466 1381 Capite
2519 1315 2669 1368 nobis
2720 1314 2894 1379 vulpes
2949 1317 3198 1380 parvulas
3244 1357 3259 1381 ,
3311 1334 3426 1386 qua:

1969 1383 2326 1436 demolientur
2364 1385 2544 1438 vineas
2564 1400 2582 1448 ;
2615 1398 2740 1438 nam
2775 1387 2924 1440 vinea
2947 1393 3128 1440 nostra
3161 1383 3366 1456 ﬂoruit.

1949 1470 2079 1528 Haec
2123 1475 2320 1529 amicis
2368 1487 2599 1545 sponsus
2626 1516 2640 1540 ,
2668 1477 2785 1533 sive
2809 1477 3022 1547 angelis
3045 1517 3063 1543 ,
3094 1479 3210 1535 sive
3251 1482 3460 1537 sanctis

1879 1564 2238 1635 viris,quippe
2252 1562 2515 1620 Ecclesia
2544 1567 2870 1622 doctoribus.
2891 1567 2972 1622 Ad
2998 1569 3278 1623 vinearum
3308 1571 3461 1625 salu-

1883 1663 1988 1709 tem
2019 1657 2327 1712 cohortatio
2356 1669 2470 1724 est;
2499 1672 2697 1729 nempe
2738 1671 2797 1715 ut
2823 1661 3064 1718 subdolis
3098 1663 3324 1719 remotis
3354 1678 3457 1735 po-

137 1757 514 1831 πανούργων
560 1761 1084 1834 συλλαμϐανομένων
1111 1762 1411 1832 δυνάμεων,
1436 1761 1492 1815 αἳ
1525 1760 1761 1831 διαφθεί-

1874 1747 2193 1813 testatibus,
2263 1764 2382 1818 qua:
2423 1750 2635 1804 tractas
2690 1753 3104 1821 geminationis
3159 1756 3456 1824 primordia

134 1867 356 1922 ρουσαι
397 1855 509 1927 τὴν
538 1857 713 1930 ἀρχὴν
729 1858 832 1928 τῆς
848 1856 1128 1926 ἐκφύσεως
1147 1855 1239 1910 τοῦ
1266 1855 1498 1928 καρποῦ,
1531 1854 1773 1926 δυνηθῶ-

131 1956 220 1994 σιν
247 1945 316 1996 αἱ
349 1944 607 2015 ἄμπελοι
632 1946 904 2020 προκόψαι
928 1945 1035 2000 ἀπὸ
1055 1945 1148 2000 τοῦ
1169 1943 1455 2017 κυπρίζειν
1491 1945 1655 2017 μέχρι
1673 1940 1774 2015 τῆς

126 2034 233 2087 τοῦ
275 2036 531 2110 καρποῦ
573 2036 920 2101 τελειώσεως,
965 2037 1071 2090 ὐπὸ
1110 2037 1203 2091 τοῦ
1255 2037 1389 2091 Θεοῦ
1427 2035 1778 2108 γεωργούμε-

122 2143 255 2180 ναι·
295 2128 411 2182 διὰ
441 2129 498 2182 δέ
525 2129 586 2182 τὸ
610 2128 951 2195 αὐτεξούσιον
986 2129 1276 2199 δυνάμεναι
1305 2128 1526 2197 ἐνέγκαι
1567 2127 1776 2199 καρπόν

123 2236 203 2272 τε
238 2221 362 2276 καὶ
422 2223 516 2294 μή·
553 2221 586 2294 ἦ
615 2222 758 2293 τάχα
791 2219 885 2275 καὶ
908 2220 1202 2292 ἄνθρωποι,
1228 2220 1507 2286 exemi;
1535 2236 1682 2284 τινες
1709 2219 1775 2274 δι’

129 2312 499 2384 ἐτεροδόξου
523 2314 848 2386 δριμύτητος
881 2312 1257 2385 ἐμποδίζοντες
1296 2316 1408 2376 τοῖς
1441 2310 1770 2386 ἀρξαμένοις

133 2402 402 2476 τρέχειν
423 2402 618 2467 καλῶς·
643 2403 737 2467 οὓς
756 2403 834 2456 ἔτι
861 2405 1087 2476 μικροὺς
1107 2403 1266 2468 ὄντας
1301 2402 1547 2474 βούλεται
1576 2402 1772 2474 συλλη-

142 2493 386 2565 φθῆναι
409 2495 536 2567 πρὶν
560 2495 813 2549 ἐπιπλέον
828 2495 1081 2560 ἀσεϐείας
1101 2494 1437 2567 προκόψωσι·
1473 2494 1646 2566 μέγας
1659 2495 1767 2568 γὰρ

149 2585 414 2658 ἀλώπηξ
445 2587 753 2656 γενόμενος,
779 2588 1007 2652 ἐκείνοις
1031 2588 1130 2659 μὲν
1156 2587 1451 2651 ἀνάλωτος,
1475 2587 1580 2641 ὑπὸ
1607 2585 1767 2658 μόνου

149 2676 213 2730 δὲ.
246 2677 358 2730 τοῦ
385 2678 621 2750 νυμφίου
656 2678 963 2752 θηρεύεται·
995 2679 1283 2751 ἀρχόμενοι
1313 2680 1421 2750 γὰρ
1446 2679 1686 2751 ἐνεργεῖν
1702 2679 1770 2734 τὰ

155 2768 424 2842 χείρονα,
472 2773 708 2836 καὶτοῖς
741 2771 913 2841 φίλοις
953 2772 1231 2827 εὐάλωτοι·
1284 2771 1430 2842 λέγει
1475 2771 1522 2825 δ’
1570 2772 1636 2826 ἂν
1676 2774 1769 2826 καὶ

163 2864 418 2935 μικροὺς
453 2865 582 2928 τοὺς
606 2864 953 2936 ἀμπελῶνας·
998 2865 1060 2919 οὐ
1088 2864 1308 2920 δύναται
1353 2865 1462 2936 γὰρ
1492 2864 1633 2920 κατά
1657 2865 1768 2918 τῶν

166 2955 436 3026 μεγάλων
462 2955 709 3030 ἀλώπηξ.

175 3046 546 3118 Ἀδελφιδός
581 3068 702 3118 μου
746 3050 895 3118 ἐμοὶ,
946 3048 1105 3118 κάγὼ
1135 3048 1322 3115 αὐτῷ·
1366 3053 1398 3104 ό
1437 3051 1767 3118 ποιμαίνων

233 3067 702 3173 caespitem/10v
746 3067 895 3173 sitat,
946 3067 1105 3118 καγω
1135 3067 1322 3115 αυτῳ·
1366 3067 1397 3104 0

233 3117 310 3170 ἐν
333 3118 473 3199 τοῖς
488 3137 558 3187 κρ
585 3138 731 3199 νοις,
787 3135 869 3199 ως
905 3115 976 3175 οὗ
998 3119 1333 3190 διαπνεύσῃ
1370 3123 1408 3189 ἡ

233 3204 384 3258 κινη
394 3191 587 3256 θῶσιν
608 3194 666 3244 a1
692 3191 878 3244 σκιαί.

233 3281 310 3335 Ἤ
343 3282 549 3354 νύμφη
575 3283 713 3353 πρὸς
741 3285 868 3347 τοὺς
904 3285 1152 3356 ἑταίρους
1179 3283 1272 3337 τοῦ
1319 3285 1550 3355 νυμφίου
1597 3263 1790 3356 φησιν’

165 3376 237 3439 ὡς
265 3373 544 3447 οὐδεμίαν
577 3374 772 3446 ἔχουσα
799 3375 932 3448 πρὸς
963 3377 1087 3441 τοὺς
1137 3375 1426 3441 ἀλώπεκας
1453 3379 1759 3448 μετουσίαν·

167 3466 546 3538 ἐκοινώνησαν
578 3467 688 3539 γὰρ
716 3470 872 3539 ἡμῖν,
906 3467 1101 3540 φησιν,
1133 3469 1369 3539 αἵματος
1403 3470 1496 3522 καὶ
1538 3469 1760 3540 σαρκὸς,

169 3559 259 3611 καὶ
281 3560 466 3629 ἡμιεῖς
485 3558 630 3630 αὐτῷ
655 3559 754 3628 τῆς
786 3558 1114 3630 ἀφθαρσίας.
1148 3560 1220 3612 Ἢ
1238 3560 1322 3612 ὅτι
1351 3560 1381 3612 ὁ
1408 3559 1542 3624 Θεὸς
1563 3561 1622 3614 ἐν
1653 3559 1760 3629 ψυ-

169 3651 238 3720 χῇ
262 3649 514 3718 γίνεται,
541 3651 635 3703 καὶ
671 3651 704 3721 ὴ
728 3647 874 3720 ψυχὴ
905 3651 986 3711 είς
1021 3649 1154 3702 Θεὸν
1205 3648 1590 3721 μετοικίζεται·
1617 3650 1762 3704 οὕτω

173 3739 262 3791 καὶ
287 3742 316 3792 ὁ
341 3738 592 3803 Παῦλος·
627 3739 698 3793 Τὸ
745 3739 916 3810 σῶμα
958 3742 1030 3794 οὐ
1059 3738 1132 3809 τῇ
1187 3741 1455 3809 πορνείᾳ,
1486 3739 1646 3795 ἀλλὰ
1683 3741 1763 3807 τῷ

176 3831 396 3897 Κυρίῳ,
423 3831 522 3884 καὶ
542 3832 802 3899 ὁΚύριος
825 3829 904 3895 τῷ
924 3829 1168 3900 σώματι·
1197 3830 1359 3901 σῶμα
1373 3831 1483 3903 γὰρ
1512 3833 1547 3903 ἡ
1573 3832 1758 3903 νύμφη

187 3919 492 3995 Ἐκκλησία
526 3923 781 3995 Χριστοῦ,
813 3923 874 3976 τὸ
907 3923 1170 3995 μηδαμῶς
1197 3927 1266 3996 τῇ
1305 3927 1550 3996 πορνείᾳ,
1581 3924 1668 3977 ἀεὶ
1705 3925 1761 3978 δέ

174 4016 247 4086 τῷ
274 4016 502 4088 Κυρίῳ·
537 4016 631 4069 καὶ
674 4015 834 4078 αὐτὸς
855 4015 914 4068 δὲ
961 4017 992 4068 ὁ
1022 4015 1232 4086 Σωτήρ·
1268 4013 1760 4084 Μεινατεένὲμοὶ

182 4106 326 4176 κάγὼ
361 4106 436 4160 ἐν
468 4106 629 4176 ὑμῖν·
660 4108 716 4159 ἐν
739 4105 798 4158 δὲ
826 4110 938 4170 τοῖς
968 4105 1096 4177 ἐξῆς
1127 4106 1392 4160 ἀνάπαλιν
1425 4107 1752 4177 γέγραπται·

194 4195 331 4269 Ἐγὼ
361 4198 450 4266 τῷ
475 4197 772 4267 ἀδελφιδῷ
790 4217 930 4268 μου,
947 4197 1044 4252 καὶ
1069 4201 1104 4254 ὁ
1129 4195 1448 4268 ὣελφιδός
1460 4216 1578 4269 μου
1605 4199 1753 4268 ἐμοί.

191 4289 252 4343 Ἦ
275 4293 420 4362 τάχα
452 4289 541 4348 διὰ
584 4290 647 4343 τὸ
677 4290 774 4360 τὴν
801 4290 974 4362 ἀρχὴν
1013 4291 1112 4362 τῆς
1165 4289 1482 4361 εὐεργεσίας
1526 4291 1634 4346 ἀπὸ
1660 4289 1756 4344 τοῦ

188 4382 412 4451 νυμφίου
434 4379 708 4450 γενέσθαι·
734 4378 808 4450 μὴ
823 4377 1218 4450 ἐμφανίσαντος
1249 4379 1360 4451 γάρ
1383 4380 1572 4432 ἑαυτὸν
1592 4381 1753 4451 αὐτῇ,

1882 1835 2145 1900 inliciunt,
2179 1837 2389 1907 possint
2421 1839 2560 1894 vites
2587 1852 2617 1892 a
2648 1840 2782 1898 ﬂore
2827 1859 3005 1914 usque
3047 1850 3114 1900 ad
3153 1847 3450 1916 perfectam

1881 1929 2244 1984 maturitatem
2278 1932 2545 1999 proiicere
2569 1975 2584 2001 ,
2614 1933 2726 1990 Deo
2767 1937 3021 2004 coiente;
3057 1939 3230 1995 libero
3269 1954 3453 1998 autem

1880 2023 2110 2083 arbitrio
2142 2027 2378 2083 fructum
2407 2027 2550 2085 ferre
2575 2072 2590 2097 ,
2622 2032 2708 2086 vel
2746 2048 2852 2087 non
2877 2033 3022 2090 ferre
3052 2046 3298 2106 possunt.
3343 2036 3454 2091 Aut

1879 2116 2113 2174 fortasse
2141 2121 2408 2187 homines,
2426 2125 2566 2178 sicut
2593 2123 2775 2193 vulpes
2791 2126 2858 2179 ob
2883 2126 3266 2183 heterodoxam
3293 2145 3446 2185 acer-

1878 2211 2100 2267 bitatem
2134 2213 2270 2268 bene
2325 2215 2590 2284 proﬁcere
2638 2217 3025 2285 incipientibus
3068 2221 3452 2290 impedimento

1877 2311 2024 2354 sunt.
2091 2300 2237 2367 Quos
2288 2305 2545 2371 quidem,
2599 2307 2778 2362 adhuc
2841 2318 3073 2377 parvos,
3133 2310 3247 2364 vult
3291 2315 3450 2382 capi,

1878 2393 2193 2459 priusquam
2244 2394 2295 2446 in
2331 2394 2588 2461 majorem
2626 2399 3048 2468 progrediantur
3089 2400 3448 2470 impietatem.

1873 2481 2099 2549 Quando
2137 2486 2283 2540 enim
2337 2489 2518 2543 adulta
2575 2498 2660 2544 est
2705 2492 2916 2561 vulpes,
2989 2491 3104 2547 istis
3162 2494 3360 2548 invicta
3421 2511 3452 2549 a

1872 2591 2072 2648 sponso
2091 2575 2206 2634 solo
2237 2579 2356 2649 capi
2385 2590 2579 2648 potest.
2617 2581 2941 2652 Incipientes
2967 2586 3113 2638 enim
3166 2586 3446 2642 deteriora

1871 2679 2088 2739 patrare
2125 2671 2379 2727 facillime
2405 2681 2626 2742 captant
2672 2676 2856 2730 amici.
2886 2670 3094 2731 Parvus
3124 2688 3309 2732 autem
3360 2679 3446 2732 vi-

1868 2778 2002 2819 neas
2039 2772 2229 2830 vocat;
2284 2763 2414 2818 nihil
2467 2768 2610 2820 enim
2659 2768 2920 2824 adversus
2967 2783 3191 2838 magnas
3258 2771 3446 2842 vulpes

1867 2853 2048 2912 valet.'

1869 3035 2031 3091 Vens.
2064 3037 2133 3112 i6
2201 3051 2320 3112 seq.
2355 3035 2590 3112 Ditectus
2626 3051 2770 3093 meus
2817 3037 2948 3112 mihi
2989 3049 3037 3112 et
3076 3058 3168 3111 ego
3215 3042 3302 3096 rlli
3352 3046 3443 3112 qui

1523 3109 1646 3188 ἔρα,
1673 3119 1770 3176 καὶ
1796 3113 1839 3168 C
1937 3111 2181 3188 pascitur
2211 3110 2350 3162 inter
2370 3109 2511 3174 tilio,
2553 3111 2714 3163 donec
2734 3110 2933 3163 «viret
2969 3111 3081 3164 dies
3107 3109 3156 3165 et
3182 3109 3443 3168 inclinen-

1943 3188 2031 3231 tur
2055 3179 2273 3235 umbra.

1938 3271 2146 3339 Sponsa
2193 3271 2263 3325 ad
2310 3270 2752 3346 sponsiﬁodnles
2798 3273 2932 3328 dicit
2981 3274 3113 3338 nihil
3167 3276 3270 3331 sibi
3315 3291 3439 3332 cum

1866 3362 2112 3431 vulpibus
2141 3374 2451 3419 commune.
2486 3362 2554 3419 iis
2585 3365 2730 3420 enim
2773 3381 2898 3422 cum
2927 3366 3085 3422 nobis
3129 3367 3271 3424 inest
3313 3384 3444 3424 san-

1865 3453 2044 3522 guinis
2074 3462 2129 3508 et
2152 3455 2360 3519 carnis,
2391 3454 2552 3509 nobis
2576 3470 2708 3512 vero
2743 3469 2867 3510 cum
2895 3455 2988 3510 illo
3019 3457 3441 3516 immortalitatis

1866 3544 2217 3600 consortium.
2246 3545 2502 3614 Antquia
2553 3545 2693 3600 Deus
2717 3555 2800 3600 est
2819 3535 2876 3601 in
2911 3546 3091 3602 anima
3115 3587 3129 3610 .
3177 3560 3234 3604 et
3257 3552 3441 3607 anima

1865 3635 2061 3703 migrat
2089 3635 2141 3690 in
2177 3635 2368 3691 Deum.
2403 3636 2498 3691 Sic
2528 3647 2584 3692 et
2607 3637 2814 3693 Paulus
2843 3654 2857 3690 :
2893 3636 3098 3706 Corpus
3130 3656 3230 3694 non
3261 3640 3436 3709 forni-

1863 3725 2059 3779 cationi
2081 3769 2100 3793 ,
2125 3728 2219 3782 sed
2247 3727 2470 3782 Domino
2497 3767 2514 3793 ,
2545 3737 2594 3783 et
2615 3729 2876 3785 Dominus
2901 3734 3107 3799 corpori
3133 3734 3198 3786 ’⁷.
3231 3733 3441 3804 Corpus

1864 3819 2006 3872 enim
2050 3833 2246 3889 sponsa
2275 3820 2522 3876 Ecclesia
2556 3821 2780 3889 Christi,
2808 3824 3031 3880 minime
3069 3824 3440 3897 iornicationi,

1864 3924 2077 3978 semper
2118 3919 2299 3964 autem
2341 3909 2592 3965 Domino.
2621 3909 2692 3964 Et
2729 3911 2846 3982 ipse
2890 3911 3139 3967 Salvator
3176 3933 3191 3970 :
3227 3915 3438 3970 Manete

1865 3999 1921 4054 in
1949 4016 2050 4063 me,
2085 4013 2132 4054 et
2158 4017 2251 4071 ego
2276 4003 2330 4054 in
2357 4001 2499 4056 vobis
2523 4003 2589 4058 ’⁸.
2613 4000 2669 4056 ln
2704 4005 3052 4072 sequentibus
3076 4017 3267 4060 contra
3300 4009 3448 4062 scri-.

1861 4093 2048 4148 bitur;
2082 4094 2194 4164 Ego
2235 4094 2426 4150 dilecto
2472 4110 2585 4152 meo
2626 4107 2676 4152 et
2728 4097 2950 4151 dilectus
2995 4114 3141 4154 meus
3184 4101 3313 4154 mihi
3345 4102 3389 4132 "
3415 4114 3448 4169 ;'

1859 4189 2002 4254 quod
2045 4185 2102 4240 ﬁt
2151 4187 2306 4241 inltio
2341 4188 2525 4256 Sponsl
2569 4187 2948 4245 beneficentia.
2995 4189 3243 4247 Nondum
3289 4196 3438 4250 enim

1859 4295 2042 4335 coram
2077 4295 2274 4350 spOnsa
2327 4283 2669 4340 manifestato
2717 4295 2922 4352 sponso
2949 4325 2964 4348 .
2999 4299 3106 4341 non
3159 4284 3272 4358 ipsa
3311 4297 3442 4344 cum

1858 4387 1924 4428 eo
1968 4387 2344 4432 conversatur.
2389 4375 2640 4432 Divinam
2695 4379 2841 4433 enim
2879 4379 3025 4434 illius
3069 4379 3432 4450 contemplata

190 4469 282 4524 οὐδ’
305 4471 452 4541 αὐτὴ
496 4468 574 4541 τῷ
599 4470 815 4540 νυμφίῳ
861 4468 1126 4522 ἀνέκειτο·
1156 4467 1218 4520 τὸ
1244 4469 1349 4540 γὰρ
1377 4466 1560 4522 ἔνθεον
1588 4468 1752 4522 αὐτοῦ

1874 4465 2316 4534 pulchritudinem
2343 4509 2358 4532 ,
2387 4469 2456 4521 ad
2485 4469 2729 4523 salutare
2777 4470 3038 4540 phlltrum
3070 4475 3440 4540 convertitur,

193 4562 372 4627 κάλλος
406 4561 736 4631 θεασαμένη,
786 4559 878 4611 ἐπὶ
921 4560 1184 4632 σωτήριον
1235 4559 1460 4628 ἀφίκετο
1514 4557 1753 4630 φίλτρον,

198 4654 310 4723 μεθὸ
327 4653 657 4709 ἀνατεθεῖσα
690 4652 900 4705 ἐκείνου
933 4650 1010 4722 τῷ
1038 4651 1242 4714 κάλλει,
1273 4651 1440 4720 λέγει,
1462 4651 1626 4723 κάγὼ
1649 4654 1756 4706 αὑ-

195 4745 278 4812 τῷ·
327 4743 449 4799 εἶτα
480 4746 580 4816 τὴν
617 4743 767 4812 τάξιν
795 4743 1052 4798 ἀντέλαϐε
1085 4743 1216 4816 πρὶν
1241 4743 1339 4815 μὲν
1373 4744 1545 4798 ἐλθεῖν
1569 4745 1630 4798 τὸ
1663 4746 1756 4799 τέ-

196 4834 339 4907 λειον,
354 4838 610 4908 λέγουσα,
630 4834 743 4908 ἐγὼ
757 4836 835 4902 τῷ
853 4836 1152 4906 ἀδελφιδῷ
1158 4854 1298 4907 μου·
1320 4837 1447 4892 ὅταν
1464 4837 1520 4891 δὲ
1535 4835 1756 4902 τελείως

195 4931 564 5002 ἀποκαλυφθῇ.
597 4930 758 5001 μηδὲν
779 4928 1050 5001 καταλίπῃ
1080 4929 1476 5001 κεκρυμμένον,
1505 4929 1754 4982 αἰσθανο-

196 5022 316 5092 μένη
331 5021 491 5075 τοῦτο
507 5021 674 5090 λέγει·
694 5020 790 5075 καὶ
817 5020 1140 5090 ἁδελφιδός
1152 5038 1272 5090 μου
1287 5019 1417 5090 ἐμοί
1423 5038 1436 5048 ’
1455 5021 1666 5092 εἴρηται
1696 5020 1753 5074 δέ

196 5127 279 5164 που
299 5116 419 5176 ταῖς
437 5109 976 5184 προφητείαιςμύτᾷ
996 5109 1196 5183 Κύριος
1230 5114 1484 5182 ποιμανεῖ
1505 5113 1653 5184 ἡμᾶς
1677 5113 1756 5176 είς

197 5203 303 5265 τοὺς
323 5203 543 5268 αἰῶνας,
559 5203 672 5257 ἀλλ’
693 5205 792 5276 οὐχ
811 5205 886 5268 ὡς
901 5204 996 5258 νῦν
1011 5205 1068 5257 ἐν
1090 5205 1292 5276 κρίνοις
1318 5205 1464 5275 ἡμᾶς
1481 5204 1752 5274 ποιμαίνει

196 5297 288 5358 τοῖς
317 5296 376 5348 ἐν
397 5296 550 5366 μέσῳ
575 5292 844 5348 ἀκανθῶν·
868 5293 1154 5365 τοιγαροῦν
1176 5292 1362 5347 είπών·
1405 5291 1552 5363 Ἐγὼ
1575 5293 1756 5360 ἄνθος

201 5387 285 5441 τοῦ
303 5387 510 5441 πεδίου
529 5429 546 5453 ,
577 5388 785 5456 κρίνον
803 5381 920 5439 τῶν
938 5383 1248 5447 κοιλάδων,
1277 5387 1491 5454 ἐπάγει·
1529 5386 1607 5452 ὡς
1629 5386 1754 5454 κρί-

199 5493 290 5532 ror
312 5481 382 5533 ἐν
402 5481 571 5548 μέσῳ
590 5478 1083 5544 ἀκανθῶν,οῧτως
1120 5481 1159 5548 ἡ
1190 5479 1456 5547 πλησίον
1480 5495 1600 5546 μου
1638 5473 1753 5531 ἀνὰ

199 5570 368 5636 μέσον
404 5571 524 5626 τῶν
549 5571 902 5642 θυγατέρων·
942 5572 1036 5625 καὶ
1063 5571 1218 5644 τήρει
1254 5571 1330 5634 ὡς
1361 5571 1454 5624 ἐπὶ
1485 5570 1585 5640 τῆς
1610 5569 1750 5643 νύμ-

1863 4556 1984 4610 dein
2018 4555 2134 4625 ejus
2162 4558 2304 4612 elata
2341 4559 2762 4628 pulchritudine,
2800 4562 2950 4626 dicit,
2981 4573 3030 4616 et
3057 4579 3149 4634 ego
3172 4563 3272 4620 iui.
3299 4565 3430 4621 Dein

1861 4650 2104 4705 ordinem
2150 4653 2371 4708 invertit
2418 4660 2707 4721 antequam
2751 4651 2937 4707 veniat
2985 4651 3386 4712 consummatio
3413 4699 3429 4722 ,

1861 4741 2068 4807 dicens,
2095 4756 2186 4811 ego
2231 4741 2425 4795 dilecto
2475 4757 2634 4807 meo;
2661 4758 2782 4796 cum
2806 4753 2988 4797 autem
3020 4745 3258 4815 perfecte
3281 4750 3432 4803 dete-

1860 4835 2024 4900 gitur,
2059 4832 2299 4902 nihilque
2333 4834 2709 4887 absconditum
2745 4835 2995 4890 relictum
3025 4876 3041 4901 ,
3079 4838 3212 4892 illud
3261 4840 3422 4892 anim-

1861 4927 2148 4980 adverteris
2176 4925 2308 4979 dicit
2344 4942 2358 4979 :
2389 4935 2439 4978 et
2467 4925 2688 4980 dilectus
2709 4942 2853 4980 meus
2877 4928 3026 4981 mihi.
3047 4928 3281 4995 {Dicitur
3307 4932 3429 4999 qui-

1859 5017 1980 5072 dem
2017 5018 2069 5072 in
2117 5017 2412 5088 prophetiis
2441 5018 2507 5087 ³ο,
2559 5020 2705 5087 quod
2755 5021 2871 5088 ipse
2929 5021 3188 5075 Dominus
3237 5035 3426 5092 pascet

1859 5122 1958 5163 nos
1995 5109 2046 5162 in
2091 5107 2307 5174 saecula,
2339 5108 2431 5184 sed
2463 5124 2565 5162 non
2609 5113 2851 5180 utlnunc
2903 5109 3044 5164 inter
3091 5109 3201 5165 lilia
3253 5115 3422 5182 pascit

1859 5215 1958 5253 nos
1981 5239 1995 5263 ,
2030 5199 2083 5252 in
2115 5199 2291 5253 medio
2319 5201 2616 5270 spinarum.
2650 5200 2785 5255 Cum
2823 5198 2966 5255 enim
2993 5202 3158 5264 dicit,
3187 5199 3300 5274 Ego
3326 5204 3432 5273 ﬂos

1857 5290 2048 5359 campi,
2086 5289 2256 5344 lilium
2300 5286 2647 5358 convallium,
2684 5293 2834 5349 addit
2864 5313 2876 5348 :
2911 5293 3045 5347 sicut
3092 5294 3260 5348 lilium
3292 5295 3433 5352 inter

1854 5383 2052 5451 spinas,
2078 5382 2153 5435 sic
2191 5381 2362 5435 antica
2390 5400 2503 5436 mea
2527 5383 2662 5438 inter
2692 5382 2852 5453 ﬁlias.
2883 5385 3266 5444 Animadverte
3284 5393 3428 5460 quod

1857 5491 1961 5529 non
1999 5475 2065 5530 de
2112 5491 2308 5544 sponsa
2363 5473 2542 5542 dixit;
2591 5473 2715 5532 ideo
2763 5480 2986 5548 subiicit
3015 5497 3119 5536 non
3171 5483 3224 5538 in
3256 5481 3428 5553 Spinis

1855 5563 2168 5634 collocatos,
2198 5583 2332 5638 quos
2355 5567 2611 5640 pascitur.

205 5680 290 5737 φης
314 5669 414 5722 οὐκ
436 5661 634 5732 ἔλεξεν·
659 5666 736 5720 διδ
763 5667 854 5720 καὶ
871 5666 1264 5740 παραγέγονεν,
1295 5667 1376 5731 είς
1398 5666 1458 5720 τὸ
1495 5665 1754 5749 ἀκάνθαις
1794 5665 1868 5740 μὴ
1900 5653 2215 5737 ἐμπαγῆναι
2243 5663 2313 5719 τὰ
2346 5667 2755 5747 ποιμαινόμενα.
2877 5757 2880 5760 Ι

276 5768 318 5798 ’⁸
345 5765 448 5823 lsa.
479 5782 627 5838 xxvi,
662 5766 710 5819 i.
814 5766 857 5796 "
895 5765 1065 5830 lCor.
1098 5782 1175 5835 vr,
1216 5767 1297 5824 l5.
1443 5767 1596 5825 Joan.
1628 5782 1761 5841 xv»!

1887 5763 1929 5797 ’⁵
1960 5765 2114 5822 Cant.
2152 5781 2222 5834 rt,
2253 5765 2308 5819 ‘2.
2389 5767 2432 5798 ³ο
2465 5761 2588 5824 Osc.
2622 5785 2708 5823 xiv
2766 5769 2851 5825 10.

499 5861 772 5925 Ρηιιοι..
803 5861 924 5923 Gn.
949 5861 1150 5930 XVII.
