3942 6318
157 333 258 387 269

1251 329 1544 389 SCHOLIA
1585 329 1651 384 lN
1690 329 1990 387 CANTICA
2025 330 2300 389 CANTIC.

3316 341 3421 395 270

151 451 241 505 τὸν
287 452 470 522 ἔρωτα
505 453 652 508 κατὰ
682 453 867 525 καιρὸν
888 453 1072 507 ἑαυτὸν
1095 454 1414 525 ὲμφανίσειε
1443 457 1506 524 τῇ
1537 453 1743 524 καμού-

1854 463 1904 509 nt
1936 464 2162 511 extenso
2199 471 2384 511 amore
2417 470 2474 510 se
2503 471 2804 526 opportune
2837 460 3143 516 manilestet
3191 462 3417 516 multum

151 563 217 618 σῃ
237 547 469 600 πλεῖστα
507 549 660 620 παρὰ
685 549 780 619 τὴν
799 549 1016 620 ζήτησιν
1037 547 1133 618 τὴν
1161 547 1348 602 αὑτοῦ·
1380 548 1611 600 εἰποῦσα
1630 546 1738 618 γὰρ

146 639 342 693 ὅτιέπὶ
373 640 492 708 τὴν
521 643 861 710 κοίτην-μου
897 641 966 693 ἐν
999 641 1182 705 νυξὶν
1207 639 1469 709 ἐζήτησα
1501 640 1574 694 ὃν
1596 639 1741 709 ἠγά-

147 749 353 799 πησεν
394 737 432 803 ἠ
477 735 650 804 ψυχή
671 753 812 804 μου.
860 736 953 789 καὶ
975 735 1058 788 ὅτι
1110 734 1370 801 ἐζήτησα
1410 733 1600 789 αὑτὸν
1640 734 1738 787 καὶ

142 827 254 894 οὐχ
282 823 489 896 εὗρον,
523 828 733 896 ἐπάγει·
761 827 1180 896 ἁναστήσομαι
1204 827 1279 894 δὴ
1303 829 1399 882 καὶ
1423 827 1736 882 κυκλώσω·

140 919 344 974 οὑκοῦν
375 919 684 991 ὑπτιασμδν
736 920 829 973 καὶ
871 919 968 992 τὴν
1025 921 1335 991 κατάμυσιν
1389 919 1736 991 ἀποθέμενοι,

137 1011 523 1082 διαναστῶμεν
577 1009 883 1080 πειθόμενοι
933 1008 1013 1080 τῷ
1053 1009 1286 1077 λέγοντι,
1323 1010 1576 1078 Ἕγειραι
1596 1008 1672 1075 δὴ
1705 1010 1740 1061 ὀ

140 1103 475 1157 καθεύδων·
505 1103 624 1166 ὅλος
651 1102 706 1155 δὲ
729 1104 756 1157 ὁ
789 1102 1015 1174 κόσμος,
1043 1102 1076 1172 ἡ
1107 1100 1260 1164 πόλις
1283 1100 1342 1153 ὄν
1371 1098 1740 1173 ἐκπεριελθὼν

137 1193 219 1247 δεῖ
243 1199 324 1267 τῇ
370 1195 501 1268 περὶ
553 1193 717 1248 αὑτοῦ
749 1195 957 1266 θεωρίᾳ
981 1193 1268 1264 γινόμενον
1299 1194 1357 1246 ὲν
1384 1197 1503 1257 ταῖς
1547 1195 1739 1262 σοφαῖς

135 1284 539 1349 διδασκαλίαις·
571 1278 732 1339 αὗται
753 1285 863 1356 γὰρ
889 1286 946 1338 αἱ
980 1284 1198 1354 ἀγοραί·
1230 1283 1351 1337 ὅθεν
1378 1302 1432 1336 τι
1470 1285 1739 1356 χρήσιμόν

135 1379 260 1431 ἐστι
292 1379 501 1443 λαϐεῖν,
527 1377 664 1431 ἀλλὰ
692 1379 785 1432 καὶ
815 1378 873 1430 ὲν
901 1381 1022 1441 ταῖς
1046 1376 1347 1440 πλατείαις·
1375 1376 1534 1447 σοφία
1559 1377 1668 1451 γάρ
1684 1380 1739 1431 ὲν

133 1472 352 1538 ἐξόδοις
407 1473 678 1544 ὑμνεῖται,
715 1474 772 1526 ἐν
806 1473 863 1525 δὲ
911 1470 1194 1535 πλατείαις
1235 1471 1549 1542 παρρησίαν
1593 1471 1738 1540 ἄγει·

131 1565 556 1637 κεκελεύσμεθα
601 1566 658 1620 δὲ
691 1567 787 1620 καὶ
825 1567 987 1637 ήμεῖς
1013 1565 1105 1617 ἐπὶ
1151 1563 1214 1616 τὸ
1244 1563 1444 1627 πλάτος
1479 1563 1577 1634 τῆς
1608 1580 1743 1633 καρ-

128 1658 257 1723 δίας
282 1659 444 1731 ἡμῶν
466 1659 694 1732 γράψαι·
731 1659 954 1730 μείζονα
978 1658 1035 1712 δὲ
1051 1655 1290 1727 ζητοῦσα
1323 1655 1356 1725 ἦ
1385 1656 1506 1708 κατ’
1536 1645 1740 1724 ἀγορὰς

129 1751 228 1803 καὶ
257 1751 530 1815 πλατείας
566 1750 641 1822 μὴ
665 1749 958 1821 εὑρηκέναι
994 1747 1144 1818 φησί·
1179 1745 1317 1817 πλὴν
1337 1745 1617 1799 ὁδεύειὲπὶ
1644 1744 1741 1816 τὴν

1848 546 2024 619 in_eo
2073 547 2363 614 quaerendo
2414 547 2700 604 laboranti.
2757 549 2888 604 Cum
2943 553 3088 606 enim
3150 553 3307 619 dixit,
3363 555 3417 609 in

1847 638 2034 693 lectulo
2077 657 2188 694 meo
2237 658 2330 710 per
2364 653 2532 695 noctes
2566 644 2781 710 quazsivi
2831 661 2979 714 quem
3030 647 3201 719 diligit
3235 649 3418 702 anima

1845 746 1998 794 mea;
2023 733 2238 800 qumsivi
2263 731 2413 785 illum
2455 742 2503 786 et
2551 750 2654 787 non
2693 737 2882 798 inveni,
2921 736 3129 804 subiicit
3162 755 3418 809 :surgant

1847 832 1895 874 et
1925 823 2176 877 circuibo.
2216 822 2646 879 Reclinalioncm
2683 826 2847 894 igitur
2866 836 2920 882 et
2949 840 3197 897 gravatos
3228 830 3416 886 oculos

1844 918 2163 986 objicientes
2209 934 2622 988 consurgamns,
2679 921 2956 990 simusque
3016 925 3293 980 audientes
3334 924 3417 979 di-

1845 1012 1986 1065 centi
2024 1033 2038 1066 :
2072 1011 2242 1082 Surge
2271 1013 2360 1082 qui
2386 1013 2586 1067 dormis
2617 1013 2685 1067 ³¹.
2719 1013 3019 1070 Universns
3055 1027 3231 1069 autem
3259 1032 3416 1072 mun-

1844 1101 1943 1157 dus
1969 1101 2166 1156 civitas
2199 1112 2282 1156 est
2324 1117 2488 1172 quam
2549 1102 2706 1158 nobis
2773 1104 3224 1160 circumeundnm
3275 1105 3419 1162 illius

1843 1193 2304 1263 coittemplatione
2333 1194 2384 1248 in
2431 1194 2769 1263 sapientibus
2801 1194 3088 1261 doctrinis,
3140 1211 3264 1265 quas
3290 1197 3420 1265 ipsa:

1843 1298 1968 1342 sunt
1998 1287 2122 1342 vici.
2161 1288 2297 1342 llinc
2319 1286 2474 1341 nobis
2505 1285 2706 1354 aliquid
2729 1286 2984 1342 utilitatis
3013 1286 3418 1357 percipiendum

1842 1389 1947 1441 est,
1970 1393 2070 1433 nec
2116 1392 2221 1434 non
2257 1387 2312 1432 et
2357 1379 2410 1431 in
2440 1377 2653 1448 plateis.
2690 1375 2968 1449 Sapientia
3013 1379 3158 1434 enim
3213 1380 3267 1434 in
3321 1381 3422 1435 viis

1843 1471 2176 1534 celebratur,
2221 1471 2275 1524 in
2306 1470 2497 1539 plateis
2535 1485 2664 1525 vero
2715 1470 2936 1526 liberius
2967 1471 3095 1540 agit.
3133 1470 3278 1527 Jussi
3323 1487 3419 1527 su~

1845 1579 1966 1617 mus
1984 1575 2038 1618 et
2058 1563 2156 1632 ipsi
2183 1577 2344 1632 super
2378 1564 2560 1618 cordis
2585 1565 2752 1618 nostri
2781 1564 3127 1618 latitudinem
3153 1563 3416 1619 scribere.

1844 1653 2104 1722 Maiorem
2127 1669 2254 1709 vero
2283 1670 2534 1724 quaerens
2561 1671 2654 1725 per
2675 1656 2822 1710 vicos
2843 1664 2898 1711 et
2915 1655 3122 1725 plateas
3149 1672 3251 1710 non
3278 1655 3422 1710 inve-

1845 1749 1993 1803 nisse
2006 1747 2138 1802 dicit
2159 1763 2175 1811 ;
2195 1748 2365 1818 pergit
2386 1757 2568 1802 tamen
2593 1748 2657 1801 τοι
2675 1748 3043 1816 quaerendum,
3073 1757 3126 1802 ct
3145 1748 3420 1803 invenitur

127 1841 388 1914 εὕρεσιν,
423 1841 790 1915 εὑρισκομένη
819 1841 925 1893 ὑπὸ
956 1839 1064 1893 τῶν
1097 1838 1407 1910 τηρούντων
1461 1838 1560 1910 τὴν
1590 1837 1743 1890 πόλιν

1854 1842 1914 1896 ab
1951 1840 2060 1895 illis
2086 1841 2178 1910 qui
2218 1841 2530 1896 custodiunt
2559 1842 2743 1894 urbem
2783 1851 2838 1894 et
2866 1841 3209 1896 circumerrat
3245 1841 3415 1896 illam.

125 1935 237 1987 καί
261 1935 616 1988 κυκλούντων
641 1934 838 2004 αὑτήν·
862 1927 972 1985 εἷεν
1009 1930 1077 1984 ἂν
1103 1932 1170 1984 τὰ
1205 1929 1555 2002 λειτουργικὰ
1585 1929 1746 1983 πνεύ-

122 2044 321 2095 ματα·
341 2023 487 2082 οὗτοί
513 2028 651 2078 εἰσιν
683 2024 777 2088 οὒς
808 2023 1152 2089 ἐξαπέστειλε
1180 2021 1381 2094 Κύριος
1403 2020 1746 2094 περιοδεῦσαι

117 2118 243 2188 τὴν
273 2120 406 2189 γῆν·
439 2111 514 2171 ὧν
535 2117 598 2188 δὴ
633 2117 762 2188 περὶ
793 2116 888 2170 τοῦ
916 2116 1250 2186 ποθουμένου
1271 2114 1619 2168 πυνθάνεται·
1646 2116 1745 2168 οὐκ

112 2212 578 2283 ἀναγέγραπται
627 2211 684 2264 δὲ
730 2209 934 2264 τούτων
961 2209 1270 2280 ἀπόκρισις·
1302 2207 1665 2279 διδασκόμεθα
1687 2208 1744 2262 δὲ

111 2307 186 2358 εἰ
227 2305 527 2376 μέλλοιμεν
552 2305 729 2375 εὑρεῖν
757 2304 846 2356 τὸν
882 2302 1232 2373 ποθούμενον,
1265 2301 1443 2369 ὀλίγον
1475 2318 1525 2352 τι
1550 2300 1745 2372 παρελο

119 2396 289 2459 θεῖν,
316 2396 410 2450 καὶ
443 2395 720 2466 κρείττους
761 2393 1015 2463 γενέσθαι
1045 2394 1153 2446 τῶν
1199 2393 1453 2446 τοιούτων
1474 2393 1738 2462 ἀγγέλων·

129 2487 283 2559 περὶ
309 2480 385 2541 ὧν
404 2487 578 2542 ἔοικεν
594 2490 651 2540 ὲν
668 2485 952 2558 Ἐπιστολῇ
979 2485 1156 2554 λέγειν
1186 2488 1214 2539 ὁ
1243 2485 1449 2554 Πέτρος
1477 2484 1742 2539 διδάσκων

135 2581 247 2652 τὴν
273 2580 547 2652 ὑπεροχὴν
573 2579 680 2632 τῶν
705 2581 818 2642 τοῖς
860 2578 1086 2641 τελείοις
1127 2576 1524 2647 ἀποκειμένων·
1569 2579 1655 2643 είς
1704 2576 1743 2630 ἂ

143 2677 552 2747 ἐπιθυμοῦσιν
606 2675 850 2745 ἄγγελοι
899 2675 1268 2742 παρακύψαι·
1344 2673 1625 2742 ἀγαπητὸν
1684 2671 1742 2724 δὲ

151 2769 324 2840 βραχύ
356 2787 410 2822 τι
439 2768 565 2832 τοὺς
605 2766 881 2830 τοιούτους
911 2767 1292 2840 παρενεγκεῖν,
1340 2766 1406 2818 ἵν’
1445 2764 1642 2836 εὑρεθῇ
1681 2763 1742 2816 τὸ

150 2860 507 2931 ποθούμενον,
531 2859 624 2912 καὶ
673 2856 895 2928 εὑρεθὲν
925 2854 1195 2927 κρατηθῇ,
1232 2854 1327 2907 καὶ
1351 2851 1620 2923 κρατηθὲν
1668 2850 1742 2921 μὴ

150 2951 338 3024 νοηθῇ·
390 2951 650 3020 ἀνόνητος
697 2947 808 3020 γὰρ
840 2949 874 3018 ή
923 2948 1212 3018 κράτησις,
1263 2947 1311 2998 εἰ
1365 2944 1522 3016 μὴτὸ
1555 2941 1742 3014 νοηθὲν

154 3044 382 3115 συνεχὴς
441 3041 638 3114 μελέτη
694 3040 1010 3111 κρατήσειε·
1045 3038 1125 3092 διό
1155 3053 1340 3108 φησιν·
1378 3037 1490 3089 οὐκ
1539 3033 1744 3104 ἀφῆκα

153 3135 359 3198 αὑτὸν,
400 3135 512 3200 ἕως
544 3132 614 3186 οὗ
635 3134 961 3202 εἰσήγαγον
997 3128 1187 3184 αὑτὸν
1221 3129 1308 3192 εἰς
1328 3122 1497 3180 οἷκον
1518 3125 1744 3194 μητρός

150 3246 289 3296 μου·
324 3227 412 3281 ἵνα
431 3226 525 3279 καὶ
559 3224 696 3297 μετὰ
719 3225 818 3297 τὴν
851 3220 1098 3276 ἐντεῦθεν
1124 3217 1565 3284 ἔξοδον,είσέλθοι
1593 3216 1743 3288 αὑτῷ

157 3321 239 3384 εἰς
260 3318 350 3372 τδν
375 3313 522 3372 οἷκον
554 3318 654 3388 τῆς
678 3317 790 3371 ἄνω
843 3313 1218 3386 Ἰερουσαλὴμ,
1267 3311 1397 3365 ἔνθα
1444 3309 1638 3380 εἰσάγῃ
1675 3307 1743 3361 τὰ

162 3412 434 3483 κοινότερα
462 3409 571 3463 τῶν
599 3409 691 3462 τοῦ
715 3408 870 3477 λόγου
900 3405 1289 3477 θεωρημάτων·
1332 3404 1400 3456 τὰ
1420 3403 1476 3455 δὲ
1498 3404 1744 3474 ἀπορρη-

161 3503 275 3557 τότε
286 3521 352 3574 ρα
375 3504 454 3566 είς
477 3501 543 3554 τὰ
567 3501 788 3571 ταμιεῖα
821 3499 922 3568 τῆς
968 3495 1340 3565 συλλαϐούσης
1365 3495 1463 3564 τὴν
1500 3492 1738 3563 νύμφην·

167 3598 195 3665 ή
224 3596 356 3667 αὑτὴ
389 3595 444 3647 δὲ
470 3595 653 3666 μήτηρ
686 3593 779 3645 καὶ
810 3588 1148 3643 συλλαϐοῦσα
1179 3587 1456 3657 δηλοῦται,
1482 3583 1574 3637 διὰ
1596 3583 1664 3637 τὸ
1688 3585 1743 3635 ὲν

164 3691 227 3760 τῇ
251 3688 508 3759 συλλήψει
539 3684 634 3757 τὴν
664 3686 838 3757 ἀρχὴν
877 3683 976 3753 τῆς
1017 3680 1328 3742 συστάσεως
1369 3675 1523 3730 εἶναι·
1563 3677 1744 3748 μήτηρ

167 3779 219 3833 δὲ
259 3780 522 3850 λεγομένη
559 3777 696 3850 μετὰ
747 3776 846 3848 τὴν
897 3772 1324 3850 μόρφωσινηκαὶ
1349 3769 1447 3841 τὴν
1479 3766 1572 3822 τοῦ
1617 3767 1743 3820 συὶ(-

168 3871 453 3944 ληφθέντος
490 3870 789 3924 τελείωσιν.
1213 3835 1219 3873 1

175 3965 262 4030 Τίς
283 3965 430 4030 αὕτη
484 3963 521 4030 ὴ
566 3961 989 4030 ἀναϐαίνουσαΔ
1020 3957 1087 4010 ἐκ
1113 3953 1221 4023 τῆς
1240 3953 1477 4030 Δἐρήμου
1501 3954 1744 4030 ᾠςμστε-

232 4026 378 4104 ξιέκη
407 4026 644 4088 καπνοῦ
676 4027 1070 4104 τεθυμιαιιένη
1090 4043 1108 4090 ;
1131 4027 1365 4104 σμύρνα
1384 4026 1743 4089 καὶλίὅανος

232 4097 347 4159 did
364 4097 614 4158 πάντων
639 4097 966 4168 κονιορτῶν
975 4097 1250 4168 μυρεψοῦ
1266 4111 1285 4159 ;

229 4199 382 4270 Καλὴ
421 4197 542 4250 λίαν
565 4198 598 4266 ή
635 4193 996 4248 ἀναϐαίνουσα
1014 4192 1114 4263 βίῳ
1143 4189 1238 4243 καὶ
1271 4189 1414 4259 λόγῳ
1439 4187 1605 4258 ψυχὴ,
1645 4204 1743 4255 φυ-

167 4290 326 4359 γοῦσα
366 4289 436 4342 τὰ
472 4287 623 4360 παρὰ
655 4289 766 4349 τοῖς
800 4283 1010 4347 πολλοῖς
1066 4282 1456 4354 ἁμαρτήματα,
1504 4279 1646 4349 ἆπερ
1685 4277 1743 4342 ἐξ

168 4383 366 4452 ἐρήμου
397 4381 620 4447 λέγεται
675 4375 1005 4430 ἁναὸαίνειν·
1035 4373 1096 4426 τὸ
1127 4372 1183 4426 δὲ
1229 4372 1320 4424 τὸν
1365 4369 1570 4424 δίκαιον
1604 4366 1745 4421 εἶναι

169 4469 418 4539 Χριστοῦ
447 4466 704 4522 εὐωδίαν
731 4461 996 4517 ἐνπαντὶ
1027 4462 1187 4523 τόπῳ
1215 4458 1336 4524 τοῖς
1365 4455 1740 4526 σωζομένοις,

1847 1935 1912 1990 1ιί
1929 1946 2054 1990 sunt
2071 1936 2295 2005 spiritus
2314 1933 2686 1988 ministrantes
2702 1948 2838 2004 quos
2863 1935 3127 2002 praemisit
3158 1933 3417 1990 Dominus

1845 2026 2296 2082 circumeundum
2327 2038 2548 2080 terram.
2587 2023 2695 2080 llos
2726 2027 2892 2096 igitur
2922 2027 2987 2078 de
3017 2025 3213 2081 dilecto
3247 2029 3420 2081 inter-

1847 2121 1916 2174 ad
1941 2130 2110 2190 rogat.
2134 2117 2251 2175 Non
2277 2125 2454 2173 autem
2471 2118 2682 2172 illorum
2705 2117 2936 2172 refertur
2955 2132 3290 2193 responsum.
3311 2115 3418 2173 Do-

1843 2227 2034 2267 cemur
2054 2219 2258 2276 autem,
2304 2207 2349 2264 si
2398 2208 2649 2278 cupimus
2705 2207 2952 2261 invenire
2989 2207 3260 2271 dilectum,
3314 2207 3418 2262 ali-

1844 2304 2165 2376 quantulum
2195 2302 2397 2372 egredi,
2419 2311 2473 2356 et
2505 2301 2756 2356 meliores
2783 2300 2899 2355 ﬁeri
2936 2299 3054 2355 istis
3082 2338 3100 2366 ,
3132 2301 3197 2354 de
3229 2300 3422 2370 quibus

1843 2399 2058 2452 videtur
2118 2396 2172 2449 in
2208 2393 2449 2462 Epistola
2497 2394 2765 2448 disserere
2815 2391 3029 2455 Petrus,
3056 2407 3178 2445 cum
3234 2405 3422 2445 eorum

1845 2505 1972 2560 quae
2003 2503 2102 2544 nos
2133 2488 2186 2542 in
2235 2485 2702 2542 consummatione
2753 2495 2972 2538 manent
3003 2482 3421 2553 praecellentiam

1845 2583 2069 2645 docens,
2097 2579 2194 2645 ait,
2218 2580 2273 2632 in
2305 2593 2458 2648 quem
2489 2577 2790 2631 desiderant
2835 2575 3010 2646 angeli
3038 2575 3336 2645 prospicere
3353 2573 3419 2633 ³³.

1845 2673 1983 2728 lstos
2010 2679 2190 2726 autem
2219 2670 2489 2724 modicum
2527 2679 2852 2738 prazvertere
2877 2667 3174 2737 optandum
3221 2678 3326 2734 est,
3366 2677 3425 2720 ut

1845 2765 2156 2820 inveniatur
2189 2762 2441 2826 dilecws,
2495 2771 2549 2814 et
2590 2761 2840 2814 inventus
2895 2771 3200 2830 superetur,
3250 2771 3305 2814 et
3333 2774 3425 2816 su-

1844 2866 2064 2927 peratus
2096 2869 2203 2910 non
2233 2856 2523 2922 cogitetur.
2546 2852 2751 2923 Quippe
2775 2855 2986 2907 incassa
3010 2863 3094 2907 est
3127 2853 3419 2922 possessio,

1845 2952 1946 3006 nisi
1989 2950 2286 3021 cogitatum
2345 2948 2565 3003 assidua
2631 2947 2943 3002 sollicitatio
2991 2956 3234 3016 superet.
3295 2945 3422 3003 Ideo

1838 3048 1978 3102 dicit
2015 3065 2029 3098 :
2065 3062 2168 3099 non
2209 3045 2474 3097 dimittant
2511 3059 2649 3106 eum,
2674 3043 2835 3096 donec
2869 3041 3204 3096 introducam
3230 3057 3346 3096 eum
3368 3041 3422 3094 in

1770 3175 1813 3234 Β
1847 3141 2060 3194 domum
2096 3139 2279 3192 matris
2315 3152 2477 3201 metr;
2529 3144 2589 3190 ut
2623 3147 2675 3190 et
2721 3147 3006 3205 postquam
3040 3135 3163 3189 hinc
3216 3134 3427 3190 disces-

1850 3233 2001 3296 serit,
2039 3247 2162 3286 cum
2197 3245 2262 3284 eo
2297 3228 2631 3299 ingrediatur
2677 3227 2732 3282 in
2761 3227 2982 3280 domum
3024 3239 3272 3296 supernae
3297 3222 3427 3280 Hie-

1849 3324 2154 3395 rosolymar,
2193 3321 2281 3376 ubi
2317 3319 2668 3391 profundiora
2704 3326 2978 3372 scrutetur
3021 3317 3074 3369 in
3118 3315 3266 3369 verbi
3297 3329 3425 3369 con-

1851 3416 2232 3486 templatione;
2283 3413 2602 3467 nefandiora
2655 3426 2784 3464 vero
2827 3410 2878 3462 in
2934 3407 3076 3461 illius
3112 3406 3425 3460 cubiculum

1849 3523 1968 3578 qua:
1996 3521 2249 3576 sponsam
2281 3503 2490 3574 genuit.
2524 3501 2642 3570 lpsa
2683 3514 2810 3552 vero
2861 3508 3038 3551 mater
3068 3497 3217 3564 quasi
3247 3495 3426 3549 conci-

1845 3601 2004 3670 piens
2033 3597 2362 3659 ostenditnr,
2392 3603 2676 3664 propterea
2711 3590 2852 3658 quod
2884 3591 2938 3641 in
2970 3585 3324 3656 conceptione
3351 3585 3428 3639 si-

1849 3701 1964 3745 tum
2016 3701 2098 3741 est
2131 3686 2568 3742 coordinationis
2611 3683 2852 3736 initium.
2887 3679 3058 3733 Mater
3090 3677 3286 3732 dicitur
3303 3686 3428 3746 post

1850 3781 2233 3838 formationem
2262 3786 2315 3832 et
2341 3775 2586 3846 concepti
2620 3773 3032 3846 perfectionem.

1844 3965 2015 4023 Vens.
2045 3963 2098 4020 6.
2166 3964 2298 4030 Qua:
2326 3973 2402 4017 est
2432 3963 2536 4015 ista
2576 3973 2694 4030 qua!
2740 3953 2975 4030 ascendit
3017 3969 3111 4030 per
3138 3951 3423 4030 desertum,

1920 4021 2056 4092 sicut
2089 4021 2306 4104 virgula:
2328 4032 2462 4102 fumi
2491 4021 2902 4104 exrnromatiltus
2926 4025 3152 4094 myrrha:
3178 4033 3226 4077 et
3255 4021 3425 4076 thuris

1919 4119 1968 4161 et
1997 4097 2226 4162 universi
2252 4097 2478 4171 pulveris
2513 4099 2849 4170 pigmentarii
2873 4097 2899 4150 1’

1917 4198 2147 4253 Pulchra
2179 4195 2434 4250 nimirum
2479 4192 2775 4263 proﬁciens
2806 4189 2912 4242 vita
2963 4195 3017 4241 et
3060 4185 3274 4241 ratione
3300 4183 3421 4238 ani-

1849 4308 1956 4357 ma,
1984 4300 2151 4360 atque
2179 4303 2240 4344 ea
2285 4287 2482 4356 quibus
2508 4285 2752 4354 plerique
2775 4289 2960 4336 errant
2987 4278 3255 4340 devitans,
3282 4275 3426 4346 quod

1847 4393 1928 4438 est
1968 4382 2264 4438 ascendere
2291 4395 2388 4450 per
2416 4378 2730 4440 desertum;
2777 4372 2983 4442 justum
3021 4385 3167 4433 esse,
3212 4369 3316 4424 hoc
3341 4377 3429 4423 est

1849 4478 2011 4530 bonus
2035 4473 2165 4527 odor
2187 4468 2385 4524 Christi
2412 4468 2470 4520 in
2491 4466 2627 4520 omni
2650 4464 2763 4518 loco
2781 4465 2833 4516 in
2851 4463 2913 4516 iis
2937 4462 3024 4531 qui
3047 4461 3179 4516 salvi
3199 4459 3334 4528 ﬁunt
3355 4457 3424 4523 ⁸³,

168 4559 556 4631 τεθυμιαμέιηη
623 4559 825 4609 νοεῖται
889 4549 1324 4620 παραπλησίως·
1385 4547 1736 4617 στελέχεσι,

1854 4571 1980 4626 sicut
2008 4565 2210 4636 virgula
2242 4562 2373 4632 fumi
2401 4575 2466 4614 ea:
2486 4556 2811 4612 aromatibus
2832 4556 3078 4623 myrrhas,
3106 4551 3424 4608 delectanlia

168 4654 394 4707 καπνὸν
419 4651 576 4722 ἡδὺν
609 4649 1089 4716 ἀναπέμπουσιν,
1130 4643 1482 4714 εὐφραίνοντα
1516 4641 1616 4705 τὰς
1642 4641 1749 4694 τῶν

171 4742 578 4814 μακαριζόντων
613 4736 904 4799 άναπνοάς.

706 4825 1104 4881 ΚΕΦΛΛΑΙΟΝ
1124 4826 1194 4877 Δ’.

179 4925 437 4992 Ὁδόντες
457 4940 576 4978 σου
597 4923 676 4988 ὡς
695 4917 1050 4992 ἀγέλαιμτών
1067 4917 1448 4992 κεβκιιρμένων
1467 4915 1752 4992 αἵῄἁνέϐη-

235 5012 354 5051 σαν
377 4985 498 5050 ἀπὸ
529 4993 635 5046 τοῦ
652 4985 945 5058 ’λουτροῦ
975 4990 1032 5041 ai
1066 4985 1257 5042 πᾶσαι
1296 4986 1747 5058 διδιομεύουσαι,

235 5069 334 5122 καὶ
348 5063 692 5121 ἀτεκνοῦσα
713 5057 822 5116 οὐδὲ
855 5060 1029 5114 ἐστιν
1051 5059 1120 5112 ἐν
1137 5057 1366 5123 αὑταῖς.

233 5159 628 5232 Διδυμεὺουσαι
653 5154 710 5208 δὲ
745 5153 939 5217 ἄλλως,
979 5151 1066 5204 διὰ
1091 5150 1153 5202 τὸ
1191 5147 1366 5202 διττὸν
1392 5147 1489 5220 τῆς
1519 5149 1750 5219 νοήσεως

173 5256 261 5328 τῆς
284 5253 523 5325 τερητῆς
552 5251 632 5319 (6)
661 5250 754 5303 καὶ
785 5244 1180 5316 πνευματικῆς.

183 5350 268 5415 Ὠς
290 5345 590 5415 anapth
608 5341 677 5396 τὸ
706 5342 990 5427 κόκκινον
1011 5338 1182 5418 χείλη
1211 5352 1348 5402 σου,
1379 5335 1480 5392 καὶ
1504 5335 1543 5404 ἡ
1568 5333 1750 5389 λαλιά

780 5427 897 5465 σου
908 5425 1122 5477 mpura.

240 5510 441 5580 Ἥγουν
469 5509 612 5562 ἔστω
639 5506 899 5576 διάπυρος
927 5505 960 5574 ή
987 5502 1078 5556 τοῦ
1114 5500 1269 5570 λόγου
1300 5499 1624 5573 παρασκευὴ
1671 5498 1746 5562 ὡς

176 5605 424 5676 κερδῆσαι
455 5603 548 5657 τὸν
591 5599 866 5672 ἀκροατὴν
899 5593 1192 5665 δυναμένη,
1248 5592 1282 5663 ἢ
1317 5593 1410 5647 καὶ
1434 5592 1495 5646 τὸ
1527 5591 1748 5662 ἔναιμον

241 5719 279 5751 ⁸¹
304 5719 500 5790 Ephes.
536 5735 588 5783 v,
614 5719 700 5772 M.
776 5717 819 5749 ³¹
848 5715 868 5770 l
893 5715 1038 5770 Pctr.
1064 5731 1102 5777 I,
1138 5711 1224 5766 l2.
1299 5711 1342 5743 ³³
1375 5709 1414 5767 ll
1445 5710 1570 5770 Cor.
1599 5728 1659 5782 ll,
1691 5709 1779 5766 l5.

245 5817 316 5885 (ὃ)
351 5813 630 5884 Τερητῆς.
660 5813 822 5869 Forte
848 5809 1109 5883 τηρητῆς.
1139 5809 1291 5863 Eoir.

1847 4664 2132 4718 beatorum
2163 4657 2408 4711 sniritns.

2455 4805 2684 4863 CAPUT
2732 4804 2822 4860 ιγ.

1853 4914 2015 4967 Vens.
2065 4909 2122 4963 2.
2176 4905 2366 4959 Dentes
2414 4903 2489 4954 tui
2541 4901 2674 4953 sicut
2733 4912 2909 4966 greges
2962 4903 3255 4967 tonsuram)
3294 4902 3429 4967 _qutz

1921 4959 2270 5036 escenderunt
2317 4976 2380 5027 de
2428 4973 2666 5034 lavacro,
2701 4959 2881 5022 οἷιιηὲε
2931 4961 3164 5034 gemellis
3213 4959 3424 5028 fetibus,

1919 5064 1965 5107 et
1992 5049 2184 5106 sterilis
2211 5064 2313 5100 non
2339 5055 2411 5098 est
2439 5044 2491 5095 in
2518 5045 2612 5094 eis.

1920 5145 2052 5212 Quae
2077 5139 2332 5214 gemellos
2368 5137 2535 5192 edunt
2579 5134 2741 5199 fetus,
2770 5127 2982 5185 scilicet
3008 5134 3225 5197 propter
3254 5122 3428 5192 dupli-

1849 5255 1964 5295 cent
1999 5235 2197 5292 mentis
2218 5231 2351 5293 vim,
2385 5229 2436 5283 id
2469 5238 2551 5282 est
2592 5223 2977 5296 speculativam
3002 5216 3426 5286 etspiritnalem.

1850 5331 2018 5388 Vens.
2049 5328 2104 5382 '5.
2131 5323 2277 5380 Sicut
2309 5323 2432 5377 vitta
2462 5315 2886 5441 coccine‘tit,llabia
2919 5323 3010 5366 tua
3044 5327 3063 5365 .'
3088 5319 3135 5364 et
3163 5309 3428 5380 eloquium

2477 5399 2624 5441 tuum
2698 5405 2728 5440 u
2753 5402 2827 5439 ce.

2477 5399 2624 5444 tuum
2659 5399 2827 5441 dulce.

1924 5494 2067 5564 Ergo
2099 5489 2168 5546 sit
2206 5487 2572 5544 inﬂammatus
2606 5477 2878 5536 sermonis
2900 5482 3210 5546 apparatus,
3253 5481 3309 5524 ut
3334 5485 3429 5522 au—

1861 5589 2071 5647 dientes
2088 5594 2305 5656 captarc
2323 5578 2512 5652 possit,
2536 5585 2591 5631 et
2609 5571 2939 5630 salutiferam
2961 5569 3429 5624 viviticantcntque
