3942 6318
511 373 621 433 9.75

1401 372 1965 432 SUPPLEMENTUM
2001 370 2093 426 AD
2130 368 2458 427 ORIGENIS
2500 366 2909 425 EXEGETICA.

3695 372 3792 427 £5.76

514 502 739 564 propter
802 505 933 548 vero
965 490 1394 563 profunditatem
1445 502 1751 548 steruorum
1806 492 1960 560 quasi
2004 504 2135 550 (εει-λ

2226 488 2474 561 δὼδιμον·
2498 487 2589 543 διὰ
2620 489 2676 542 δὲ
2698 488 2796 560 τὴν
2821 485 3103 559 βαθύτητα
3133 482 3252 538 τῶν
3283 481 3479 556 ὥσπερ
3509 483 3800 555 exesas-:0»

520 585 772 655 pillorum
817 599 1148 649 sermonum,
1200 584 1367 653 nigra:
1419 583 1764 638 laudabiliter
1802 586 2088 638 nominau-

522 687 635 741 tnr,
662 685 823 747 prout
875 677 940 729 ad
975 676 1154 745 sponsi
1205 676 1666 745 pulchritudinem
1717 685 1988 747 spectant.
2026 672 2093 729 Ut

522 786 707 826 corrus
739 785 890 836 vero,
922 785 1026 822 non
1060 778 1267 823 tantum
1297 770 1490 839 opinor
1538 779 1761 840 propter
1817 769 2091 833 colorem;

522 863 720 933 quippe
758 861 1053 931 symbolice
1098 862 1346 931 designat
1392 860 1838 931 profundissimas
1882 861 2098 930 plenas-

524 969 631 1022 qne
652 953 897 1025 caliginis
931 961 985 1007 et
1011 954 1256 1009 humoris
1290 953 1343 1007 in
1373 952 1605 1008 nubibus
1643 967 1843 1007 auras:
1867 952 1935 1007 de
1973 950 2091 1020 qui.

523 1044 626 1099 bus
656 1041 754 1099 Job
805 1044 981 1098 dixit:
1034 1043 1165 1109 Quis
1208 1053 1473 1111 praeparat
1515 1059 1670 1097 corvo
1721 1058 1894 1096 escam
1923 1058 2095 1106 suam,

523 1134 733 1204 quando
755 1134 887 1204 pulli
920 1136 1034 1205 ejus
1056 1135 1288 1188 clamant
1307 1135 1376 1187 ad
1404 1133 1567 1189 Deum
1592 1134 1681 1189 "?
1709 1134 1931 1189 Paravit
1952 1135 2098 1190 enim

526 1226 966 1296 profundissimis
1003 1237 1233 1282 mentem
1289 1227 1509 1282 nmltam
1569 1242 1750 1282 escam
1778 1227 1937 1290 Deus,
1965 1242 2101 1296 quo-

526 1333 645 1375 rum
701 1320 970 1389 discipuli,
1038 1320 1181 1374 velut
1220 1319 1346 1388 pulli
1419 1320 1672 1388 precibus
1729 1327 2006 1384 vacantes,
2032 1324 2100 1373 ad

527 1414 814 1470 Dominum
864 1414 1270 1477 clamaret-unt,
1340 1416 1628 1470 errabundi
1701 1422 1753 1466 et
1804 1422 2105 1483 quaerentes

529 1506 784 1561 alimenta
817 1508 869 1561 iu
904 1507 969 1560 iis
999 1507 1196 1577 quibus
1242 1507 1501 1578 indigent.

530 1596 697 1656 Vsus.
732 1596 1001 1651 15.6eua:
1045 1596 1191 1680 illius
1215 1601 1349 1678 sicut
1402 1598 1594 1680 areoire
1649 1608 1944 1653 aromatum
1976 1614 2102 1651 con-

1021 1670 1136 1721 sita:
1166 1686 1195 1721 α
1236 1670 1617 1738 pigmentariis.

604 1759 707 1813 Per
747 1775 913 1831 genas
940 1757 1141 1814 Christi
1201 1760 1532 1830 intelligendi
1583 1769 1708 1814 sttnt
1744 1760 1834 1829 qui
1870 1758 2101 1813 ministri

2197 581 2317 634 ἀντὶ
2342 581 2545 653 τριχῶν
2572 580 2871 652 λογισμῶν,
2901 578 3137 652 μέλανες
3175 576 3499 640 ὲπαινετῶς
3526 577 3804 649 ὀνομάζον-

2195 689 2308 734 ται,
2333 673 2411 745 τῷ
2443 672 2535 727 τοῦ
2560 673 2792 745 νυμφίου
2821 670 3281 743 συμϐαλλόμενοι
3308 668 3523 725 κάλλει·
3563 669 3624 723 τὸ
3648 670 3701 725 δὲ
3736 675 3808 742 ὠς

2199 764 2404 834 κόραξ,
2436 766 2535 837 οὐχ
2562 766 2748 829 ἁπλῶς
2777 761 2931 836 οἶμαι
2953 764 3048 819 διὰ
3082 762 3150 817 τὸ
3179 762 3413 835 χρῶμα·
3470 761 3731 834 σύμϐολον
3758 766 3811 824 δὲ

2199 862 2308 914 τῶν
2340 860 2657 931 βαθυτάτων
2686 856 2826 915 εἷναι
2859 862 2955 917 καὶ
3009 857 3493 932 πεπληρωμένων
3550 862 3810 915 σκοτειωῦ

2202 951 2393 1017 ὕδατος
2424 954 2483 1006 ἐν
2508 953 2759 1023 νεφέλαις
2782 952 2981 1024 ἀέρων·
3015 952 3156 1026 περὶ
3185 945 3266 1005 ὦν
3295 945 3461 1004 εἶπεν
3491 952 3521 1004 ὁ
3557 949 3693 1003 Ἰώϐ·
3727 954 3814 1020 Τίς

2200 1044 2271 1099 δὲ
2295 1046 2587 1115 ἡτοίμασε
2604 1048 2813 1117 κόρακι
2828 1045 3059 1113 βοράν;
3085 1042 3362 1100 νεοσσοί
3384 1041 3457 1096 δὲ
3471 1040 3661 1096 αὐτοῦ
3678 1045 3814 1113 πρὸς

2204 1141 2422 1207 Κύριον
2456 1139 2854 1207 κεκράζονται·
2890 1140 3160 1212 ἡτοίμασε
3197 1137 3317 1209 γὰρ
3364 1137 3484 1215 τοῖς
3514 1134 3815 1207 βαθυτέρας

2204 1233 2294 1286 τὸν
2316 1233 2459 1297 νοῦν,
2496 1234 2695 1307 πολλὴν
2731 1235 2979 1308 τροφὴνό
3012 1233 3175 1297 Θεὸς,
3205 1225 3288 1286 ὧν
3325 1231 3377 1285 οἱ
3405 1228 3652 1301 μαθηταὶ
3674 1247 3813 1283 νεοσ-

2208 1329 2291 1382 σοὶ
2344 1329 2528 1399 εὐχαῖς
2580 1326 2952 1398 σχολάζοντες,
2998 1326 3140 1399 πρὸς
3201 1324 3425 1395 Κύριον
3469 1322 3813 1392 κεκράγασιν-

2208 1417 2550 1488 πλανώμενοι
2599 1417 2694 1473 καὶ
2749 1415 3038 1489 ζητοῦντες
3081 1416 3156 1470 τὰ
3198 1418 3264 1469 ὲν
3298 1415 3496 1480 αὐτοῖς
3524 1414 3814 1484 ἐπαιωρου-

2211 1511 2390 1581 μένοις
2424 1511 2516 1564 ὑπ⁹
2542 1509 2720 1563 αὐτῶν
2750 1510 2893 1565 σιτά.

2207 1604 2489 1672 Σιαγόνες
2512 1601 2697 1658 αὑτοῦ
2722 1601 2802 1668 ὡς
2826 1600 3033 1703 genua;
3056 1600 3166 1724 τίᾶῦ
3189 1598 3545 1670 ἀρώματος,
3568 1600 3815 1668 φύουσαι

2838 1689 3092 1724 αυοευικ
3142 1711 3157 1724 .

2832 1689 3157 1741 μυρεψικα.

2282 1766 2543 1833 Σιαγόνας
2574 1764 2810 1835 Χριστοῦ
2842 1764 2967 1828 τοὺς
2997 1761 3482 1832 διακονουμένους
3509 1758 3651 1832 λόγῳ
3691 1759 3813 1816 Θεοῦ

535 1853 663 1907 facti
695 1864 820 1908 sunt
857 1855 1021 1907 verbo
1052 1852 1145 1906 Dei
1203 1864 1257 1906 et
1282 1852 1521 1924 spiritali
1563 1868 1707 1908 esca.
1743 1852 1969 1922 Propter
1994 1853 2113 1921 qui-

2226 1859 2308 1912 καὶ
2352 1860 2523 1931 τροφῇ
2560 1859 2901 1929 πνευματικῇ
2934 1856 3178 1927 νοητέον·
3217 1852 3315 1907 διὰ
3360 1852 3468 1925 μὲν
3497 1852 3597 1925 τὴν
3632 1853 3817 1925 πληρὸ-

535 1948 659 2001 dcm
725 1947 1115 2015 picuitudinem
1171 1946 1297 2003 boni
1349 1948 1536 2004 odoris
1594 1949 1860 2003 bonorunt
1887 1960 2109 2015 operum

533 2040 954 2110 verborumque,
1004 2038 1203 2095 areolis
1270 2050 1573 2096 aromatum
1623 2040 1907 2097 assimilati
1953 2048 2109 2103 sunt;

534 2141 759 2203 prepter
791 2146 917 2187 vero
941 2133 1213 2188 consitum
1247 2131 1298 2186 in
1330 2131 1410 2186 eis
1462 2130 1811 2202 multiplicem
1875 2131 1927 2184 in
1963 2127 2111 2183 omni

538 2223 950 2277 coordinatione
976 2225 1264 2295 scriptura:
1290 2237 1600 2278 sermonem
1648 2236 1864 2289 semper
1905 2220 2116 2275 fructus

536 2327 705 2368 suave
727 2312 940 2370 olentes
973 2316 1388 2370 fructilicantes.

537 2401 704 2459 Vens.
759 2403 845 2460 ﬂ.
864 2404 1048 2460 Venter
1072 2405 1188 2476 ejus
1218 2406 1369 2528 pqeis
1399 2405 1645 2466 eburnea,
1676 2404 1954 2458 distinctor
1993 2419 2114 2472 sap-

1230 2494 1260 2528 υ
1281 2492 1419 2528 ηνιε.

1229 2492 1419 2544 pmris.

610 2567 817 2625 Venter
848 2569 1000 2625 vcrbi
1026 2571 1407 2640 mysteriorum
1462 2584 1693 2637 rapaces
1719 2568 1915 2634 innuit,
1954 2569 2005 2622 id
2036 2576 2118 2623 est

538 2668 762 2728 paratos
826 2663 892 2713 ad
955 2660 1104 2714 intus
1153 2660 1597 2729 suscipiendum;
1646 2658 1802 2730 pyxis
1840 2673 1991 2721 vero,
2048 2658 2117 2713 ad

538 2748 864 2803 servandum
906 2749 1164 2816 idoneos;
1189 2749 1532 2818 splendorem
1585 2749 2119 2822 pelluciditatemque

540 2838 682 2894 ebur
733 2839 1030 2909 significat.
1089 2838 1234 2896 Talis
1261 2850 1467 2910 venter,
1520 2842 1635 2899 haec
1666 2843 1824 2914 pyxis
1852 2842 2118 2905 eburnea,

542 2929 785 2999 sapphiri
836 2930 1015 2999 lapide
1091 2930 1484 3002 distinguitur,
1536 2934 1628 3005 qui
1689 2943 1775 2988 est
1843 2931 2116 2986 Christus.

543 3021 864 3091 Quicunque
909 3023 1073 3094 igitur
1125 3033 1314 3080 venter
1366 3024 1520 3084 verbi
1566 3027 1786 3092 est,hic
1817 3025 2023 3094 absque
2047 3022 2118 3077 ti-

548 3128 708 3168 more
742 3112 1023 3168 Dominum
1048 3114 1102 3168 in
1133 3123 1322 3170 ventre
1348 3115 1598 3184 suscipit,
1634 3115 1887 3186 paritque
1925 3111 2118 3168 salutis

2214 1967 2350 2021 τητα
2398 1950 2496 2018 τῆς
2528 1949 2756 2012 εὐωδίας
2788 1948 2896 2002 τῶν
2938 1945 3117 2001 καλῶν
3151 1944 3348 2017 ἔργων
3374 1943 3475 1997 καὶ
3509 1942 3697 2012 λόγων,
3727 1946 3814 1999 ἐοι-

2215 2041 2377 2106 κότας
2394 2041 2608 2112 φιάλαις
2631 2039 2726 2094 τοῦ
2754 2040 3063 2112 ἀρώματος·
3089 2037 3181 2092 διὰ
3203 2036 3266 2087 δὲ
3295 2035 3363 2090 τὸ
3386 2036 3815 2110 ὲρῤιζωμὲνονέιν

2216 2136 2406 2199 αὑταῖς
2448 2134 2688 2189 ποικίλον
2714 2137 2770 2188 ὲν
2796 2133 2945 2207 πάσῃ
2975 2130 3228 2186 συνθέσει
3283 2132 3519 2201 γραφῆς
3544 2129 3695 2200 λόγον
3737 2130 3813 2184 ἀεὶ

2217 2227 2699 2299 καρποφοροῦντας
2726 2225 3046 2298 μυρεψικόν.

2218 2413 2427 2468 Κοιλία
2439 2412 2627 2467 αὐτοῦ
2652 2410 2873 2477 πυξίον
2894 2410 3324 2537 ἐλῗφὰντινον,
3351 2409 3456 2464 ἐπὶ
3478 2409 3653 2464 λίθου
3681 2416 3812 2463 σαπ-

2885 2500 2958 2537 cae
2986 2501 3112 2537 οου.

2883 2500 3112 2553 φειρου.

2285 2576 2479 2630 Κοιλία
2523 2575 2640 2629 ἐστὶ
2681 2574 2775 2630 τοῦ
2805 2575 2986 2644 λόγου,
3017 2577 3067 2629 οἱ
3116 2574 3437 2649 χωρητικοὶ
3471 2572 3581 2627 τῶν
3622 2587 3809 2643 μυστη-

2222 2669 2372 2743 ρίων,
2415 2669 2690 2722 τουτέστιν
2714 2671 2763 2722 οἱ
2807 2668 2975 2722 κοῖλοι
3008 2668 3145 2740 πρὸς
3197 2666 3501 2738 ὑποδοχήν·
3532 2664 3711 2732 πυξίον
3739 2663 3805 2727 δὲ,

2218 2765 2267 2815 οἱ
2309 2761 2445 2834 πρὸς
2471 2762 2790 2834 διατήρησιν
2830 2761 3147 2834 ἐπιτήδειοι·
3184 2763 3340 2817 κατὰ
3381 2762 3443 2816 δὲ
3488 2759 3550 2813 τὸ
3578 2757 3807 2828 λαμπρὸν

2220 2857 2315 2910 καὶ
2343 2856 2513 2926 σαφὲς
2568 2855 2911 2926 ἐλεφάντινον
2965 2850 3106 2910 εἶναι
3139 2855 3393 2925 λέγεται·
3432 2856 3468 2926 ἡ
3502 2854 3562 2907 δὲ
3605 2851 3803 2921 τοιαύτη

2220 2949 2418 3014 κοιλία,
2453 2950 2517 3003 τὸ
2544 2948 2732 3015 πύξιΟν
2778 2948 2840 3003 τὸ
2890 2947 3263 3018 ἐλεφάντινον,
3315 2947 3648 3018 ἐπιϐέϐληκε
3688 2944 3806 3014 λίθῳ

2222 3040 2529 3112 σαπφείρῳ,
2563 3041 2621 3104 ὃς
2650 3042 2765 3093 ἐστι
2798 3040 3054 3111 Χριστός·
3090 3040 3207 3094 ὅσοι
3239 3037 3339 3095 οὖν
3368 3042 3478 3094 εἰσι
3508 3038 3680 3094 κοιλία
3721 3035 3805 3089 τοῦ

2221 3129 2400 3200 λόγου,
2430 3125 2579 3184 οὗτοι
2605 3130 2713 3184 ἀπὸ
2740 3129 2834 3184 τοῦ
2862 3131 3027 3199 φόϐου
3054 3130 3261 3201 Κύριον
3288 3132 3350 3184 ὲν
3383 3130 3583 3201 γαστρὶ
3617 3126 3807 3198 λαμϐά-

544 3205 820 3275 spiritum.
883 3206 1227 3277 Quapropter
1258 3216 1313 3262 et
1364 3217 1555 3263 venter
1585 3209 1818 3265 victima:
1853 3207 1906 3260 in
1965 3203 2120 3260 Levi-

2226 3240 2395 3284 νουσι,
2427 3222 2523 3276 καὶ
2545 3222 2791 3276 τίκτουσι
2820 3222 3034 3294 πνεῦμα
3070 3225 3373 3296 σωτηρίας·
3405 3223 3498 3277 διὰ
3524 3222 3678 3277 τοῦτο
3723 3219 3805 3273 καὶ

547 3299 656 3351 tieo
678 3297 916 3352 abluitur
939 3296 1007 3362 ⁸⁸,
1036 3307 1094 3351 ut
1130 3298 1263 3352 nihil
1297 3300 1554 3355 stercoris
1585 3300 1800 3361 habeat.

1154 3478 1380 3536 CAPUT
1414 3481 1501 3539 Vl.

548 3561 715 3641 Vnus.
750 3567 819 3641 5._
843 3565 1072 3627 Pulchra
1110 3587 1201 3636 -(s,
1256 3576 1425 3627 antica
1461 3590 1599 3640 mea,
1635 3578 1814 3641 suavis
1846 3589 1894 3633 et
1936 3579 2128 3633 decora

617 3639 764 3760 gout!
787 3636 1107 3706 Jerusalem,
1134 3643 1382 3698 terribilis
1433 3654 1491 3699 ut
1525 3636 1821 3703 castrorum
1858 3651 1999 3705 acies
2039 3665 2129 3707 or-

657 3725 744 3760 mu
771 3725 823 3760 a.
1140 3734 1151 3741 -

657 3725 823 3761 ιηιιια.
1140 3734 1151 3741 ‘

620 3799 740 3866 Quo
764 3800 933 3871 magis
980 3817 1178 3872 sponso
1210 3805 1269 3859 iit
1316 3806 1559 3876 propior,
1591 3808 1915 3869 clarioribus
1957 3814 2130 3883 aequi-

550 3898 799 3961 paratur.
834 3891 965 3944 Cum
995 3893 1140 3946 enim
1173 3893 1321 3948 illant
1351 3895 1662 3966 pulchram,
1701 3900 2000 3958 formosam
2040 3912 2127 3957 at-

552 3995 659 4051 que
706 3982 938 4036 amicam
985 3984 1386 4052 praedicaverit,
1439 3989 1589 4044 addit
1627 3993 1762 4046 sicut
1789 3992 2129 4061 Jerusalem;

554 4074 849 4129 terribilem
895 4090 1110 4146 quoque
1157 4076 1449 4146 perfectam
1499 4081 1577 4135 ait
1630 4083 1968 4154 Ecclesiam;
2017 4089 2132 4144 sive

554 4165 887 4221 adversariis
940 4167 1324 4236 potestatibus,
1358 4183 1478 4238 qua:
1510 4170 1693 4227 vultus
1725 4174 1841 4241 ejus
1889 4175 2133 4244 pulchri-

558 4256 797 4312 tudinem
828 4256 1075 4312 contueri
1107 4269 1414 4329 nequeunt;
1466 4262 1584 4316 sive
1618 4262 1972 4321 inferioribus
1993 4267 2132 4342 ipsa,

556 4365 679 4420 quae
728 4351 981 4406 videntur
1027 4352 1250 4408 omnino
1307 4353 1590 4410 instructae
1646 4365 1810 4427 atque
1847 4360 2131 4417 ordinatae.

558 4442 920 4518 Symmachus
948 4460 1078 4501 vero
1111 4443 1220 4501 edit
1253 4462 1268 4501 :
1301 4463 1404 4501 non
1430 4448 1694 4505 ordinata:
1740 4452 1920 4518 acies;
1947 4462 2138 4524 stupor

2225 3319 2259 3387 ἡ
2279 3314 2456 3370 κοιλία
2472 3314 2570 3386 τῆς
2595 3313 2780 3379 θυσίας
2799 3316 2857 3369 ὲν
2887 3315 2966 3387 τῷ
2991 3316 3267 3390 Λευιτικῷ
3306 3317 3590 3379 πλύνεται,
3615 3315 3686 3378 ὡς
3713 3329 3805 3384 μη·-

2224 3406 2311 3464 δὲν
2345 3404 2490 3478 ἔχειν
2518 3404 2819 3477 κοπρῶδες.

2753 3497 3151 3552 ΚΕΦΑΛΑΙΟΝ
3192 3501 3286 3566 ς’.

2225 3587 2396 3658 Καλὴ
2437 3584 2508 3651 εἷ,
2537 3590 2574 3657 ἡ
2612 3590 2880 3656 πλησίον
2893 3607 3035 3659 μου,
3081 3591 3161 3655 ὡς
3201 3589 3481 3653 εὐδοκία,
3507 3586 3688 3656 ὡραία
3737 3585 3807 3650 ὠς

2416 3659 2835 3732 Ἰερουσαλὴμ,
2888 3658 3109 3730 θάμϐος
3141 3660 3223 3727 ὡς
3268 3659 3645 3731 τεταγμέναι.

2301 3814 2463 3868 Ὅσον
2513 3813 2742 3885 πλησίον
2791 3814 3001 3884 γίνεται
3046 3813 3143 3869 τοῦ
3197 3815 3468 3886 νυμφίου,
3522 3810 3802 3886 κρείττοσιν

2228 3907 2603 3972 ἀπεικάζεται·
2646 3907 2724 3979 τῷ
2750 3908 2860 3980 γὰρ
2886 3907 3046 3977 καλὴ
3073 3907 3169 3962 καὶ
3198 3909 3390 3980 ὡραία
3418 3909 3514 3962 καὶ
3532 3902 3799 3971 πλησίον,

2232 3998 2538 4072 προσέθηκε
2558 4000 2620 4053 τδ
2660 4000 2741 4068 ὡς
2777 3999 3183 4071 Ἰερουσαλήμ·
3232 4001 3330 4055 καὶ
3373 3991 3801 4067 καταπληκτικὴν

2229 4092 2288 4147 δὲ
2321 4093 2419 4165 τὴν
2456 4093 2883 4167 τετελειωμένην
2917 4094 3081 4166 φησὶν
3123 4094 3475 4166 Ἐκκλησίαν·
3510 4091 3582 4162 πῆ
3614 4088 3723 4161 μὲν,
3748 4086 3801 4137 ὲν

2229 4188 2352 4250 ταῖς
2372 4185 2774 4256 ἀντικειμέναις
2801 4186 3117 4259 δυνάμεσιν,
3144 4187 3205 4241 οὺ
3230 4186 3560 4259 δυναμέναις
3583 4175 3800 4236 ἐνατενίο

2233 4277 2346 4343 ζειν
2368 4276 2447 4350 τῷ
2474 4277 2661 4335 κάλλει
2689 4278 2784 4332 τοῦ
2813 4281 3106 4351 προσώπου
3148 4280 3336 4350 αὐτῆς·
3374 4280 3450 4351 πῆ
3487 4278 3543 4331 δὲ
3581 4274 3670 4328 καὶ
3691 4270 3798 4332 ταῖς

2234 4368 2649 4440 ὐποδεεστὲραις
2680 4369 2873 4440 αὐτῆς,
2904 4359 3317 4434 ὲοικυίαιςταῖς
3357 4365 3708 4439 τεταγμέναις
3744 4361 3798 4411 έν

2233 4461 2313 4535 τῷ
2343 4465 2507 4517 παντὶ
2538 4462 2957 4519 καταστάσεσιν·
2981 4465 3010 4518 ὁ
3037 4463 3093 4517 δὲ
3121 4461 3437 4534 Σύμμαχος·
3458 4464 3530 4516 οὐ
3545 4450 3797 4524 τεταγμέο

555 4536 702 4591 enim
733 4546 882 4601 sunt,
916 4539 1070 4610 quasi
1096 4539 1241 4594 acies
1276 4539 1539 4596 instructa
1565 4541 1814 4597 hostibus
1861 4553 2125 4603 terrorem

2236 4570 2334 4608 ναι
2349 4553 2727 4623 παρατάξεις·
2759 4553 2968 4626 θάμϐος
2997 4554 3106 4627 γάρ
3132 4555 3270 4608 εἰσιν
3293 4555 3369 4620 ὡς
3395 4556 3582 4625 τάγμα
3610 4560 3796 4618 παρεμ·

557 4628 907 4686 incutientes.

559 4743 727 4805 Vens.
759 4747 815 4803 4.
845 4746 1029 4801 Averte
1056 4746 1235 4819 oculos
1263 4756 1382 4819 tuos
1415 4763 1449 4801 a
1472 4763 1578 4811 me,
1596 4747 1726 4817 quia
1753 4749 1856 4819 ipsi
1884 4766 1965 4807 mc
2008 4772 2138 4811 avo-

1149 4817 1261 4871 tare
1284 4817 1540 4887 fecerunt.

620 4906 870 4968 Ecclesia
926 4907 1095 4964 decus
1138 4918 1194 4963 et
1238 4908 1703 4979 pulchritudinem
1750 4915 1954 4973 Christi
2004 4934 2134 4974 con-

556 5000 753 5089 spicit;
780 5011 956 5070 potest
986 5000 1286 5070 perfectius
1306 5002 1424 5073 ejus
1451 5008 1795 5066 divinitatem
1838 5012 2133 5081 inspicere,

558 5103 717 5159 prout
743 5097 925 5150 omnia
955 5111 1052 5166 per
1074 5096 1251 5167 ipsum
1283 5097 1425 5153 facta
1450 5112 1597 5158 sunt.
1646 5102 1885 5161 Maxime
1920 5106 2135 5161 laetatur

558 5184 836 5241 oculorum
869 5198 1139 5257 potestate
1170 5189 1350 5245 anima
1382 5193 1495 5247 sive
1523 5195 1798 5261 Ecclesiae,
1832 5197 1949 5253 sive
1983 5198 2133 5253 verbi

558 5289 796 5345 sponsae.
852 5279 975 5335 Alis
993 5281 1163 5352 ipsam
1214 5284 1437 5340 avolare
1488 5287 1840 5344 rationalibus
1874 5291 1940 5344 ad
1976 5305 2137 5345 auras

554 5366 728 5436 jubet,
791 5380 851 5425 ut
902 5375 969 5425 ad
1036 5374 1318 5447 fastigium
1348 5377 1533 5432 veniat
1584 5379 1956 5448 perfectionis,
1992 5392 2135 5439 utet

560 5462 676 5530 ipsa
707 5476 833 5517 eum
868 5464 1057 5522 videat
1109 5470 1433 5538 avolantem,
1464 5485 1563 5526 nec
1586 5473 1699 5541 jam
1747 5472 1799 5527 in
1835 5488 2006 5544 ipsam
2032 5475 2131 5533 de-

561 5554 930 5625 scendentem,
986 5561 1267 5631 possitque
1320 5561 1523 5631 dicere,
1587 5564 1685 5618 etsi
1718 5567 2135 5637 cognoverimus

560 5648 859 5705 secundum
912 5665 1134 5709 carnem
1185 5655 1485 5723 Christum,
1543 5656 1635 5711 sed
1705 5673 1847 5714 nunc
1882 5675 1987 5716 non
2024 5660 2133 5727 iam

524 5839 531 5849 ι
634 5814 804 5874 "Job
836 5831 1063 5885 usvnt,
1110 5816 1196 5877 il.
1272 5819 1316 5849 "
1355 5816 1526 5875 Levit.
1575 5818 1691 5885 t,9,
1730 5818 1816 5875 i5.

2235 4643 2405 4699 ϐολῶν
2433 4645 2560 4708 τοὺς
2587 4645 2873 4718 πολεμίους
2891 4644 3286 4717 ἐκπλήττοντα.

2245 4758 2651 4828 Ἀπόστρεψον
2701 4758 2847 4826 τοὺς
2897 4758 3244 4828 ὀφθαλμούς
3287 4775 3406 4813 σου
3455 4750 3793 4812 ἀπεναντίον

2501 4848 2644 4899 μου,
2689 4830 2779 4884 ὅτι
2807 4830 2978 4884 αὐτοὶ
3008 4828 3435 4898 ἁνεπτέρωσάν
3447 4845 3541 4898 με.

2316 4923 2382 4977 Ἦ
2404 4922 2700 4995 Ἐκκλησία
2717 4925 2784 4994 τῇ
2802 4921 3095 4994 ὼραιότητι
3121 4923 3216 4976 καὶ
3230 4923 3308 4994 τῷ
3327 4923 3510 4978 κάλλει
3537 4915 3691 4989 ἐνορᾷ
3705 4908 3788 4965 τοῧ

2232 5015 2493 5089 Χριστοῦ·
2538 5015 2811 5087 δυναμένη
2857 5017 2924 5087 τῇ
2968 5015 3175 5069 πλείονι
3230 5019 3478 5088 προκοπῇ
3530 5006 3788 5067 κατανοεῖν

2234 5108 2400 5165 αὐτοῦ
2428 5109 2528 5182 τὴν
2574 5108 2823 5175 θεότητα·
2872 5107 3009 5162 καθὸ
3061 5108 3241 5162 πάντα
3283 5109 3351 5163 δι’
3386 5100 3783 5170 αὐτοῦ’ὲγένετο·

2236 5201 2662 5273 εὐφραινόμενος
2689 5200 2746 5253 δὲ
2779 5201 2873 5253 ἐπὶ
2898 5203 2963 5272 τῇ
2993 5201 3221 5271 δυνάμει
3246 5200 3354 5253 τῶν
3376 5193 3672 5270 ὀφθαλμῶν,
3694 5185 3784 5255 τῆς

2236 5293 2346 5347 εἴτε
2370 5292 2699 5366 Ἐκκλησίας
2724 5291 2835 5346 εἴτε
2850 5293 3068 5366 νύμφης
3086 5293 3181 5347 τοῦ
3207 5293 3365 5362 λόγου
3381 5292 3568 5363 ψυχῆς·
3587 5279 3787 5352 πτεροῖς

2239 5387 2408 5458 αὐτὴν
2433 5387 2670 5455 λογικοῖς
2696 5386 3112 5458 ἀποστραφῆναι
3135 5385 3345 5440 κελεύει
3370 5384 3504 5457 πρὸς
3521 5380 3579 5433 τὸ
3611 5370 3784 5458 μετέφ·

2247 5456 2374 5548 ρον·
2401 5475 2476 5539 ὼς
2511 5476 2576 5531 ἂν
2618 5475 2708 5528 ἐπ’
2741 5456 2908 5549 ἄκρον
2931 5456 3073 5530 ἔλθοι
3100 5477 3198 5549 τῆς
3228 5456 3575 5546 τελειότητος,
3616 5465 3686 5527 ὡς
3726 5456 3784 5513 ἂν

2243 5570 2468 5641 κάκείνη
2510 5569 2682 5643 βλέπῃ
2701 5570 2888 5624 τοῦτον
2920 5570 3316 5643 ἐπτερωμένον,
3340 5570 3434 5624 καὶ
3459 5562 3641 5641 μηκέτι
3668 5566 3783 5622 συγ-

2245 5663 2636 5721 καταϐαίνοντα
2662 5665 2729 5720 δι’
2751 5665 2941 5739 αὐτὴν,
2973 5665 3066 5719 καὶ
3108 5664 3330 5737 δύνηται
3365 5664 3563 5720 λέγειν,
3607 5654 3651 5708 εί
3701 5645 3784 5703 καὶ
