3942 6318
162 403 260 460 9.85

692 527 1080 580 ΚΕΦᾹΛᾹΙΟΝ
1133 529 1218 582 Η’.

158 621 439 690 Εῠροῦσα
482 621 600 686 ἔξω
641 620 874 692 φιλήσω
916 637 1008 675 σε·
1039 623 1141 676 καί
1178 639 1246 692 τε
1276 624 1389 692 οὐκ
1421 621 1745 692 ἐξουδενᾶξ-

217 689 410 746 ονουσί
437 710 538 762 με·
577 689 1016 761 ’πὰριιλ-ἠψομαί
1058 709 1152 746 σε·
1186 689 1410 758 εἰσάξω
1434 710 1522 762 ,σε
1547 695 1633 758 εὶς
1670 689 1748 747 οἷ-

215 780 328 816 κον
362 761 598 832 μήτρός
632 780 771 832 μου·
819 763 916 816 καὶ
952 766 1040 829 εἰς
1071 763 1334 831 ταμιεῖον
1378 761 1490 831 τῆς
1514 767 1746 817 συλλα-

210 835 451 901 ϐούσης
468 850 564 903 με·
599 833 776 905 ποτιῷ
803 849 876 887 σε
905 835 1022 887 ἀπὸ
1056 834 1226 888 οῑνου
1251 833 1358 888 τοῦ
1378 835 1743 905 μυρεψικοῦ,

209 905 331 959 ἀπὸ
366 905 637 974 νάματος
655 903 816 973 ῥοῶν
840 923 983 975 μου.

210 1061 573 1132 Εὑρίσκουσα
591 1062 699 1133 γὰρ
730 1061 893 1116 αὑτὸν
924 1062 1022 1132 τῆς
1051 1060 1162 1115 ἀνω
1182 1063 1466 1133 περιωπῆς
1481 1061 1738 1131 ἐκϐάντα,

145 1154 553 1225 περιεπτύξατο
581 1153 767 1208 αὐτόν.

144 1245 395 1312 Ὠρκισα
446 1243 626 1313 ὑμᾶς.
685 1241 1004 1313 θυγατέρες
1031 1311 1037 1313 _
1065 1239 1477 1313 Ἰερουσαλὴμ,
1505 1241 1576 1293 ἐν
1609 1241 1742 1313 ταῖς

199 1311 511 1384 δυνάμεσι
535 1314 634 1367 καί
651 1315 720 1367 ἐν
739 1311 876 1379 ταῖς
901 1311 1189 1384 ἰσχύσεσι
1219 1312 1295 1384 (9)
1317 1311 1421 1384 τοῦ
1450 1311 1654 1384 timet“),
1673 1313 1743 1384 Δτί

195 1379 484 1510 ἑγῗίρητε
531 1385 628 1438 καί
679 1379 1016 1454 ὲξεγείρητε
1065 1383 1178 1450 τὴν
1230 1379 1629 1450 ἀπτάπηνέως
1664 1381 1743 1435 ἂν

231 1474 278 1508 ευ
311 1473 481 1525 Ito‘n;

207 1551 354 1622 Ἤδη
384 1551 643 1622 δεύτερον
667 1548 921 1620 ὥρκισεν·
945 1547 1059 1602 ἀλλ’
1087 1544 1504 1616 ἀμφιϐάλλουσα
1528 1547 1742 1617 προετί-

138 1643 214 1698 Oet
250 1646 314 1699 τὸ
344 1645 482 1700 ἐάν·
515 1645 607 1698 νῦν
630 1645 685 1698 δὲ
710 1642 970 1707 διδάξασα
997 1641 1054 1695 τὸ
1077 1635 1216 1704 εἶδος
1232 1641 1331 1712 τῆς
1352 1641 1622 1712 ὲγέρσεως
1643 1639 1743 1710 τῆς

135 1736 487 1810 ὲξεγέρσεως
532 1739 627 1792 καὶ
664 1739 762 1808 τῆς
798 1737 1017 1806 ἀγάπης
1050 1733 1210 1788 οἱονεὶ
1257 1733 1604 1804 παρίστησιν,
1661 1733 1743 1785 ὅτι

131 1831 390 1904 ὀρκοῦσα,
430 1834 576 1904 ὑμᾶς
627 1831 766 1884 κατὰ
802 1829 968 1883 τῶνδε
1007 1827 1241 1900 ὦρκισα,
1271 1826 1329 1879 τὸ
1362 1826 1612 1896 ὲγείρητε
1652 1825 1743 1876 καὶ

128 1924 486 1997 ἐξεγείρητε.

123 2015 239 2084 Θές
264 2035 355 2086 με
372 2018 456 2083 ὠς
473 2012 775 2084 σφραγῖδα
789 2013 885 2086 ἐπὶ
905 2011 1018 2086 τὴν
1039 2011 1290 2086 καρδίαν
1309 2025 1445 2073 σου,
1555 2025 1747 2086 ,σφρα-

191 2077 354 2158 γίίδα
383 2077 484 2139 ἐπὶ
507 2077 618 2158 idsi
638 2077 936 2152 βραχίονὰ
966 2077 1230 2158 oorpore
1261 2079 1509 2158 qultttd
1537 2081 1617 2145 ὠς
1640 2077 1743 2132 θά-

187 2150 405 2223 ἆατος
440 2158 477 2224 ἡ
507 2155 728 2225 ἀγάπη,
760 2150 1028 2222 ὀχληρὸς
1053 2153 1132 2218 ὡς
1161 2152 1310 2219 ᾅδης
1344 2150 1538 2218 ζῆλος.

189 2249 603 2322 Προτρέπεται
631 2245 797 2317 αὐτὴν
823 2248 850 2297 6
872 2245 1102 2316 νυμφίος
1137 2246 1243 2298 πᾶν
1273 2244 1451 2314 νόημα
1483 2243 1575 2296 καὶ
1603 2243 1743 2314 πρᾶ-

113 2341 208 2410 ξιν
243 2339 553 2412 μορφῶσαι
579 2336 656 2408 τῷ
691 2334 882 2389 ἑαυτοῦ
912 2332 1246 2405 χαρακτῆρι·
1281 2334 1453 2385 ποιεῖν
1485 2331 1541 2382 δὲ
1571 2329 1741 2384 ταῦτά

115 2452 301 2507 φησιν
337 2433 448 2505 τὴν
471 2431 546 2496 ὡς
583 2429 808 2484 Θάνατον
836 2427 1104 2500 κραταιὰν
1137 2427 1380 2494 ἀγάπην·
1418 2423 1598 2476 πάντα
1629 2420 1740 2492 γὰρ

121 2527 344 2596 στέγει,
406 2526 583 2579 πάντα
610 2521 887 2593 ὑπομένει·
932 2520 1012 2574 διὸ
1054 2520 1146 2574 καὶ
1181 2517 1419 2590 κραταιὰ
1455 2515 1594 2570 κατὰ
1642 2514 1739 2568 Θά-

125 2633 294 2673 νατον
321 2615 629 2687 νεκροῦντα
656 2614 753 2685 τὴν
789 2612 1082 2684 ἁμαρτίαν·
1117 2613 1284 2684 ἡγουν
1313 2608 1499 2680 ἐπειδὴ
1519 2609 1736 2661 πάντων

134 2709 453 2782 ἐκράτησεν
490 2709 518 2761 ὁ
550 2707 799 2769 θάνατος,
833 2705 923 2758 διὰ
955 2705 1016 2759 τὸ
1066 2707 1123 2758 ὲν
1168 2703 1245 2773 τῷ
1306 2700 1478 2770 Ἀδὰμ
1527 2700 1738 2760 πάντας

140 2801 530 2871 ἀποθνήσκειν·
563 2799 656 2852 καὶ
688 2799 716 2851 6
749 2796 903 2866 ᾅδης
947 2797 1166 2868 ὁμοίως·
1203 2793 1451 2863 τοιαύτη,
1481 2792 1664 2863 φησιν,
1697 2792 1730 2860 ἡ

141 2895 330 2965 ἀγάπη
363 2893 456 2946 καὶ
488 2893 516 2944 6
543 2889 720 2962 ζῆλος·
748 2889 806 2942 δν
832 2889 913 2942 δεῖ
951 2888 1146 2959 ζηλοῦν
1177 2887 1254 2958 τῷ
1307 2885 1445 2957 Θεῷ,
1501 2883 1734 2955 σκληρὸς

145 2987 283 3041 κατά
309 2987 423 3040 τῶν
451 2983 874 3057 ἁμαρτανόντων
905 2983 1188 3054 ὑπάρχων,
1231 2981 1307 3043 ὼς
1341 2981 1369 3033 6
1411 2977 1506 3030 τοῦ
1554 2977 1731 3030 Ἠλίου

146 3079 235 3130 καὶ
271 3076 371 3130 τοῦ
402 3075 608 3139 Φινεές⁹
642 3075 675 3148 ἦ
709 3073 869 3127 τοῦτο
901 3073 1046 3142 λέγει
1070 3075 1097 3125 6
1122 3071 1352 3143 νυμφίος
1382 3069 1518 3140 πρὸς
1543 3066 1733 3137 αὐτὴν,

133 3167 234 3240 ¹θές
263 3185 342 3238 με
357 3169 443 3234 ὡς
461 3165 762 3236 σςραγίδα
789 3165 921 3237 πρὸς
943 3165 1002 3217 τὸ
1020 3162 1337 3234 σφραγίζειν
1364 3159 1463 3223 τὰς
1495 3159 1698 3229 ὲνθυμή
1721 3187 1732 3196 -

1269 381 1562 463 SCHOLIA
1603 405 1670 462 IN
1709 405 2011 466 omnes
2051 408 2326 466 cax'nc.

1779 1894 1818 1947 Β

3323 418 3428 476 986

2448 529 2674 586 CAPUT
2702 531 2835 586 VIII.

1853 623 2018 679 Vens.
2050 624 2100 684 l,
2129 622 2184 676 2.
2218 622 2374 695 (Quis
2407 623 2536 695 mihi
2565 623 2674 692 det)
2706 624 2770 678 Ut
2820 617 3079 680 inveniam
3127 635 3178 680 te
3222 626 3354 694 foris
3376 638 3427 682 et

1917 695 2189 766 deosculer
2229 693 2279 746 te
2303 733 2318 756 ,
2346 703 2394 747 et
2437 693 2555 762 jam
2584 710 2846 766 imenemo
2874 697 3124 759 despiciat
3155 697 3180 748 ?
3222 693 3424 766 Appre-

1917 765 2142 817 hem/nm
2176 774 2224 816 te
2260 775 2306 816 et
2350 766 2542 816 ducam
2576 765 2630 815 in
2653 765 2864 816 domum
2907 767 3091 820 matris
3118 765 3340 830 mete,“
3369 769 3423 822 in

1915 836 2158 888 conclave
2178 834 2446 904 genitricis
2472 850 2602 888 mea:
2627 849 2648 887 :
2668 835 2738 887 ibi
2762 851 2844 887 me
2865 836 3066 890 docebis
3097 847 3143 889 et
3169 837 3304 891 dabo
3328 839 3421 891 tibi

1915 904 2158 971 poculum
2184 921 2248 958 ea:
2267 905 2382 958 vino
2415 905 2648 971 condito,
2679 916 2727 958 et
2755 916 2989 958 mustum
3018 906 3274 960 malorum
3299 925 3424 979 gra-

1917 988 2163 1030 natorum
2189 991 2441 1028 meorum.

1781 537 1827 593 Α

1915 1070 2208 1141 Postquam
2237 1070 2382 1124 enim
2423 1069 2572 1122 illum
2607 1070 2828 1126 invenit‘.
2860 1085 2892 1124 e
2922 1070 3136 1124 sublimi
3181 1081 3424 1128 contem-

1841 1164 2084 1234 platione
2117 1163 2555 1223 descendentem,
2589 1163 2837 1231 amplexa
2865 1171 2948 1217 est
2972 1178 3119 1221 eum.

1842 1254 2008 1311 Vnus.
2040 1255 2114 1311 4.‘
2143 1255 2349 1324 Adjuro
2404 1270 2512 1318 vos,
2541 1253 2666 1320 ﬁlice
2703 1253 3002 1309 Jerusalem
3033 1299 3046 1320 ,
3096 1275 3158 1310 ne
3204 1261 3424 1314 suscite-

1913 1332 2022 1449 tisr,
2059 1343 2220 1396 neque
2267 1325 2517 1395 evigilare
2567 1325 2779 1394 faciatis
2826 1327 3074 1381 dilectum
3105 1327 3271 1384 donec
3313 1332 3424 1400 ipsa

1912 1407 2052 1452 vett.

1914 1555 2032 1610 Jam
2070 1555 2264 1609 iterum
2314 1553 2622 1623 adjuravit;
2653 1569 2842 1609 verum
2877 1554 3137 1610 dubitans
3191 1556 3426 1611 addebat

1845 1650 1889 1702 si
1914 1649 2047 1718 forte
2081 1663 2100 1701 :
2133 1662 2278 1702 nunc
2326 1663 2454 1701 vero
2497 1649 2688 1702 educta
2743 1648 2972 1701 formam
3027 1647 3427 1714 suscitationis,

1845 1739 2207 1810 cvigilationis
2235 1748 2290 1792 ct
2334 1739 2540 1793 amoris
2575 1738 2732 1804 quasi
2763 1739 3063 1809 subjungit,
3096 1740 3258 1808 quod,
3298 1755 3424 1794 cum

1849 1845 1943 1883 vos
1971 1829 2355 1896 adjnraverim,
2401 1829 2466 1882 de
2499 1829 2581 1882 his
2609 1831 2796 1900 adjura
2823 1874 2838 1898 ,
2880 1831 3130 1898 scilicet,
3159 1832 3426 1887 suscitate

1853 1932 2013 1988 atque
2038 1920 2299 1990 evigilare
2327 1919 2507 1974 facile.

1857 2012 2021 2068 Vens.
2064 2011 2117 2065 6.
2154 2009 2303 2063 Pone
2340 2027 2421 2064 me
2453 2022 2509 2064 ut
2553 2013 2880 2080 signaculum
2929 2031 3081 2080 super
3123 2032 3212 2068 cor
3249 2025 3424 2080 tuum,

1921 2095 1976 2137 ut
2006 2084 2343 2153 signaculum
2356 2097 2512 2148 super
2534 2083 2822 2148 bi-nchium,
2854 2094 2998 2134 tuum
3023 2088 3143 2153 quia
3166 2087 3319 2150 [ortis
3346 2095 3422 2140 est

1919 2165 1976 2207 ut
1999 2151 2136 2206 mors
2169 2151 2400 2216 dilectio,
2427 2154 2561 2205 dura
2585 2155 2714 2204 sicut
2748 2151 3276 2220 infernustemulntir.

1919 2245 2120 2302 Invitat
2147 2258 2267 2302 tam
2299 2260 2528 2316 sponsus
2553 2254 2614 2298 ut
2648 2259 2865 2297 omnem
2899 2244 3284 2312 cogitationem
3315 2259 3429 2298 om-

1849 2355 2083 2410 nemque
2128 2351 2311 2394 actum
2345 2337 2632 2408 signaculo
2662 2351 2762 2390 suo
2789 2336 2999 2405 signet;
3035 2335 3148 2389 hanc
3177 2350 3307 2388 vero
3343 2335 3427 2388 fa-

1845 2450 1970 2490 cere
2016 2433 2148 2489 dicit
2195 2433 2611 2495 vehementem,
2647 2431 2790 2484 sicut
2842 2438 3109 2494 mortem,
3162 2441 3432 2481 amorem.

1844 2523 2038 2581 Omnia
2070 2524 2214 2580 enim
2243 2524 2366 2591 fert,
2391 2523 2576 2577 omnia
2611 2523 2838 2590 patitur.
2871 2521 3104 2590 Ideoque
3133 2522 3424 2576 vehemens

1843 2617 2105 2672 adversus
2141 2626 2368 2670 mortem
2390 2630 2511 2685 qua:
2539 2615 2696 2684 culpa
2727 2623 2809 2667 est
2833 2612 3073 2667 lethalis.
3105 2612 3274 2682 Igitur
3299 2628 3423 2666 curn

1843 2709 2092 2764 omnibus
2130 2707 2411 2777 praevaluit
2440 2723 2606 2770 mors,
2639 2717 2924 2776 propterea
2957 2707 3098 2775 quod
3135 2706 3185 2759 in
3214 2705 3426 2760 Adamo

1841 2815 2028 2855 omnes
2079 2800 2404 2868 moriuntur.
2441 2798 2644 2852 Eodem
2696 2813 2856 2852 sensu
2914 2797 3156 2868 infernus
3189 2811 3424 2866 usurpa-

1846 2901 1950 2945 tur.
1979 2891 2151 2957 Talis,
2183 2891 2382 2960 inquit,
2426 2905 2582 2944 amor
2614 2898 2672 2944 et
2712 2889 2884 2955 zelus,
2918 2905 3025 2958 quo
3072 2898 3291 2958 oportet
3332 2903 3427 2942 ze-

1842 2984 1954 3037 lare
1984 2997 2111 3053 erga
2145 2983 2338 3047 Deum,
2375 2983 2542 3037 durus
2570 2982 2831 3036 adversus
2861 2987 3178 3051 peccatores
3199 3021 3212 3046 ,
3245 2979 3426 3049 qualis

1843 3072 2010 3128 Heliae
2057 3085 2112 3128 et
2158 3074 2410 3128 Phineus.
2451 3074 2595 3129 Dicit
2642 3075 2811 3128 etiam
2861 3089 3093 3143 sponsus
3143 3072 3208 3126 ad
3261 3089 3379 3126 eam
3404 3081 3424 3138 ,'

1843 3183 1974 3236 pone
2003 3183 2085 3220 me
2114 3176 2170 3218 ut
2198 3165 2535 3235 signaculum
2557 3207 2572 3232 ,
2610 3167 2675 3219 ad
2714 3166 3035 3237 signandum
3067 3165 3424 3234 cogitationes

151 3278 256 3326 σεις
278 3279 376 3314 σου
399 3261 496 3313 καὶ
511 3258 608 3322 τὰς
624 3257 852 3330 πράξεις
869 3274 981 3320 σου,
1007 3257 1100 3310 καὶ
1117 3255 1220 3318 ἕως
1239 3251 1470 3307 θανάτου
1484 3251 1741 3321 ἀγωνίσαι

1865 3274 1970 3311 ,uas
1989 3267 2214 3313 et-actus
2243 3267 2386 3322 tuos,
2412 3267 2467 3312 et
2493 3271 2667 3326 usque
2699 3258 2764 3310 ad
2798 3266 3028 3310 mortem
3063 3270 3161 3324 pro
3194 3254 3426 3308 veritate

148 3352 281 3424 ὑπὲρ
332 3353 440 3424 τῆς
481 3349 755 3422 ἀληθείας·
787 3350 880 3402 καὶ
915 3351 971 3403 ὲν
1023 3347 1102 3418 τῷ
1139 3347 1240 3418 ᾄδῃ
1291 3346 1346 3398 δὲ
1375 3345 1466 3398 τὸν
1500 3344 1734 3416 Χριστὸν

152 3443 427 3514 ἐζήλωσαν
449 3445 499 3496 οἱ
515 3443 776 3506 Ἰουδαῖοι,
794 3440 1221 3511 ύποιρθείραντες
1236 3439 1361 3500 τοὺς
1379 3435 1734 3506 στρατιώτας.

223 3532 482 3603 Ἀδελφὴ
516 3531 686 3602 ἡμῶν
707 3533 907 3602 μικρὰ,
945 3531 1041 3582 καὶ
1068 3527 1344 3597 μαστοὺς
1383 3529 1493 3579 οὐκ
1517 3525 1664 3595 ἔχει.

217 3629 336 3683 Ὅτι
376 3626 555 3700 μικρὰ
574 3628 606 3697 ἡ
626 3625 719 3679 τοῦ
753 3622 1040 3693 ἀνθρώπου
1066 3622 1234 3692 ψυχὴ,
1271 3619 1366 3672 καὶ
1400 3618 1494 3670 ἐπὶ
1522 3618 1626 3688 γῆς
1657 3617 1740 3670 ἑτι

156 3719 616 3790 ἒπισκευαζομένη
668 3715 763 3770 τοῦ
803 3713 938 3768 Θεοῦ
989 3710 1306 3779 Ἐκκλησία,
1364 3709 1457 3761 καὶ
1491 3708 1740 3778 νοήματα

159 3814 323 3885 (τοῦτο
341 3813 458 3883 γὰρ
491 3813 542 3864 οἱ
569 3809 785 3882 μαστοὶ)
841 3807 1006 3878 μήπω
1046 3802 1266 3874 ἔχουσα.
1323 3798 1632 3853 ἐπιδίδωσιν
1662 3799 1743 3860 είς

163 3907 375 3978 μέγεθος
402 3906 520 3977 βίου
548 3903 642 3957 καὶ
686 3899 994 3972 νοημάτων·
1029 3899 1114 3950 ἐπ’
1149 3897 1214 3950 ἂν
1237 3893 1491 3966 τρανὼσῃ
1521 3891 1593 3945 τὰ
1619 3893 1743 3963 νοή-

165 4015 291 4068 ματα
312 3999 416 4053 καὶ⁹
445 3993 760 4069 προφητικά
785 3989 1190 4064 Θεωρήματα,ἢ
1222 3988 1320 4059 τὴν
1350 3985 1652 4057 σύμπνοιάν
1679 4001 1741 4037 τε

162 4092 246 4146 καὶ
283 4093 571 4163 ἐνέργειαν
610 4087 835 4160 χωρήσῃ
863 4084 1166 4152 δυνάμεως·
1201 4080 1256 4133 αἳ
1285 4079 1379 4133 καὶ
1402 4077 1574 4132 ταῦτα
1607 4094 1742 4147 φασι

167 4183 287 4252 μετά
316 4199 380 4235 τε
419 4176 714 4252 προφητῶν
748 4176 842 4228 καὶ
860 4172 1082 4226 δικαίων
1110 4171 1452 4240 πνευμάτων.

172 4275 226 4328 '0
253 4274 593 4343 καθήμενος
619 4270 688 4343 ἐν
718 4267 954 4343 κήποις,
972 4264 1188 4343 ἑταῖροι
1209 4263 1613 4343 προςέχονξες
1632 4259 1744 4330 τῆς

227 4331 434 4415 φωνῆξ·
466 4331 604 4415 οῇού·
628 4331 1065 4415 ἀκορζισόνλέε·
1084 4331 1256 4415 ξύγε,
1290 4331 1575 4415 ἀξενξφιδέ
1594 4351 1740 4415 pou,

223 4401 312 4471 ita!
336 4401 658 4488 ὀῇοιάξθητι
685 4408 758 4478 τῇ
788 4401 1054 4488 δορκάδι,
1085 4401 1123 4474 ἢ
1164 4401 1244 4470 τῷ
1269 4402 1457 4471 νεϐρῷ
1473 4401 1740 4456 eoma-

208 4504 344 4562 ρων
372 4479 481 4539 ἓπὶ
498 4484 604 4553 ὄρη
626 4479 964 4550 ἀρωμάτων.

227 4577 376 4634 Εἷδεν
417 4581 452 4648 ἡ
487 4576 674 4646 νύμφη
696 4573 784 4627 τὸν
807 4569 1039 4641 νυμφίον
1089 4566 1501 4638 ἀναπαυόμενον
1532 4567 1588 4619 ἐν
1627 4567 1738 4630 τοῖς

171 4672 369 4743 κήποις,
404 4671 501 4724 καὶ
525 4669 651 4731 τοὺς
671 4666 922 4738 ἑταίρους
947 4663 1145 4721 αὐτοὺς
1181 4660 1544 4736 προσέχοντας
1577 4657 1742 4712 αὐτοῦ

171 4766 226 4833 τῇ
255 4768 403 4836 φωνῇ
429 4759 495 4835 ἧς
524 4763 755 4835 ἤκουσεν
790 4757 956 4827 αύτή·
995 4755 1088 4808 καὶ
1115 4752 1360 4826 βούλεται
1388 4751 1547 4806 αὑτὸν
1580 4749 1746 4817 ὀξέως

175 4857 254 4915 καὶ
277 4856 594 4929 διορατικῶς
619 4852 831 4925 ὁρῶντα
855 4850 961 4903 ἀπὸ
984 4847 1094 4902 τῶν
1124 4846 1253 4919 τῇδε
1284 4844 1622 4917 πραγμάτων
1653 4845 1747 4895 ἐκ·

176 4948 352 5014 κλῖναι,
371 4951 527 5020 τάχει
555 4948 652 5018 μὲν
678 4946 772 4998 καὶ
793 4940 1100 5014 ὀξυδερκίᾳ,
1127 4938 1477 5010 ὡμοιωμένον
1502 4937 1744 5009 δορκάδι,

177 5041 328 5114 νεϐρῷ
363 5043 420 5096 δὲ
452 5043 565 5103 τοίς
589 5037 698 5092 τῶν
732 5033 1005 5105 πολεμίων
1039 5031 1114 5096 ὡς
1139 5031 1314 5100 ὄφεων
1348 5030 1442 5082 καὶ
1469 5029 1746 5100 σκορπίων

180 5131 640 5212 καταφρονητικῶς
657 5129 818 5200 ἔχειν,
847 5127 940 5180 καὶ
956 5124 1198 5178 ἀνελθεῖν
1222 5123 1358 5194 πρὸς
1380 5122 1505 5186 τοὺς
1525 5123 1617 5174 ἁνε
1626 5138 1746 5192 στη-

182 5225 319 5292 κότας
345 5227 556 5297 ὼςὸρη,
598 5224 694 5276 καὶ
724 5220 903 5292 πάσης
938 5217 1198 5279 πνέοντας
1229 5214 1476 5278 εὐωδίας·
1509 5214 1636 5284 περὶ
1668 5207 1742 5265 ὧν

183 5322 248 5379 τὸ,
275 5323 322 5374 οἱ
348 5317 605 5389 θεμέλιοι
633 5312 820 5369 αὐτοῦ
843 5313 912 5364 ἐν
929 5309 1054 5376 τοῖς
1084 5308 1250 5389 ὄρεσι
1271 5306 1395 5372 τοῖς
1416 5306 1624 5375 ἁγίοις·
1653 5305 1743 5356 καὶ

184 5410 330 5465 ταῦτα
359 5410 499 5465 κατά
528 5409 653 5471 τοὺς
693 5404 1097 5474 Ἑϐδομήκοντα
1127 5383 1598 5462 καὶ’Θεοδοτίιυνα,
1649 5397 1745 5449 καὶ

186 5500 264 5571 τὴν
303 5503 555 5573 πέμπτην
593 5499 820 5552 ἔκδοσιν·
843 5499 870 5550 6
918 5495 1099 5568 μέντοι
1166 5492 1418 5555 Ἀκύλας,
1441 5493 1473 5544 ό
1495 5489 1748 5559 καθήμε-

189 5605 271 5657 νος
295 5593 360 5646 ἐν
389 5592 630 5658 κήποις,
660 5587 940 5654 ἐξέδωκεν·
971 5585 998 5636 6
1020 5584 1078 5637 δὲ
1123 5583 1440 5654 Σύμμαχος,
1486 5581 1524 5650 ἡ
1550 5597 1745 5638 κατοι-

191 5683 374 5741 κοῦσα·
427 5685 504 5747 ὡς
550 5680 802 5750 λέγεσθαι
838 5677 909 5731 τά
956 5674 1151 5748 πρῶτα
1200 5675 1334 5748 πρὸς
1372 5675 1473 5744 τὴν
1526 5673 1744 5746 νύμφην

275 5777 318 5809 ⁸⁸
340 5780 477 5832 Psal.
513 5790 735 5834 unm,
773 5773 824 5826 i.

248 5869 310 5939 (9)
351 5873 675 5942 Ἰσχύσεσι.
709 5867 871 5924 Forte
904 5865 1103 5936 ἰσχύοι.
1150 5863 1310 5918 Eon.

1839 3351 2206 3419 pugnandum.
2256 3351 2436 3418 Atque
2493 3350 2546 3403 in
2601 3348 2815 3403 inferno
2862 3349 3140 3404 Christum
3173 3348 3426 3402 zelahant

1837 3437 2024 3497 Judaai.
2055 3439 2331 3508 corruptis
2361 3437 2647 3491 militibus.
2693 3431 2702 3441 ’

1898 3528 2064 3584 νεεδ.
2092 3530 2146 3584 8.
2176 3528 2344 3584 Soror
2379 3539 2557 3582 nostra
2590 3544 2772 3598 parva,
2799 3537 2847 3581 et
2879 3529 3037 3581 ubera
3069 3544 3174 3580 non
3203 3528 3378 3584 habet.

1911 3625 2051 3688 Quia
2098 3640 2262 3693 parva
2307 3623 2547 3676 hominis
2601 3623 2826 3687 anima,
2874 3631 2930 3674 et
2980 3621 3034 3673 in
3079 3630 3222 3674 terra
3249 3620 3428 3675 adhuc

1841 3726 2142 3784 praeparata
2165 3716 2258 3770 Dei
2285 3714 2546 3777 Ecclesia,
2565 3722 2619 3768 et
2639 3713 2873 3781 cogitata
2915 3711 3042 3783 (hoc
3067 3712 3209 3767 enim
3236 3713 3425 3786 ubera)

1840 3823 1963 3876 qua:
1995 3809 2229 3862 nonduin
2259 3807 2450 3872 habet,
2479 3807 2603 3862 vita;
2636 3806 2868 3862 sicdicet
2899 3817 2954 3860 et
2981 3805 3179 3860 mentis
3213 3806 3425 3874 magni-

1844 3899 2120 3964 tudinem;
2176 3913 2296 3953 cum
2351 3898 2642 3954 manifeste
2695 3899 2827 3953 fient
2877 3897 2926 3952 ei
2972 3897 3335 3968 cogitationes
3370 3909 3425 3954 et

1843 3993 2179 4062 prophetica:
2226 3992 2720 4060 contemplationes
2745 4032 2760 4058 ,
2804 4001 2899 4046 aut
2924 4007 3045 4044 cum
3076 3990 3419 4046 concordiam

1842 4094 2006 4153 atque
2055 4085 2300 4152 vigorem
2355 4093 2646 4138 consecuta
2692 4084 2832 4150 erit;
2891 4083 3006 4138 haec
3053 4083 3198 4138 enim
3234 4082 3427 4136 dicunt

1843 4189 1963 4247 post
1989 4178 2283 4248 prophetas
2311 4175 2598 4246 justosque
2622 4176 2873 4246 spiritus.

1843 4269 2006 4325 Vnus.
2029 4271 2116 4337 15,
2137 4269 2221 4324 14.
2245 4270 2378 4336 Qua:
2402 4271 2611 4324 habitas
2631 4273 2683 4322 in
2703 4270 2892 4335 hortis,
2924 4269 3084 4322 amici
3099 4267 3420 4330 auscultant,

1911 4342 1997 4411 fac
2035 4359 2116 4395 me
2137 4343 2324 4395 audire
2353 4357 2523 4395 rocem
2552 4353 2730 4404 tuam;
2761 4341 2902 4409 fuge,
2933 4341 3121 4392 dilecte
3143 4340 3239 4403 uti,
3267 4347 3315 4392 et
3337 4355 3427 4390 as-

1911 4413 2154 4465 simiinre
2171 4428 2392 4480 raprece,
2421 4411 2740 4481 [tinnulaque
2765 4427 3030 4464 cervorum
3048 4425 3202 4478 super
3223 4419 3424 4463 montes

1911 4495 2224 4536 aromatum.
2477 4533 2482 4536 .
2525 4495 2536 4504 "

1917 4573 2065 4628 Vidit
2091 4589 2288 4644 sponsa
2335 4588 2594 4642 sponsum
2645 4573 2696 4626 in
2749 4572 2920 4626 hortis
2951 4572 3422 4643 requiesceutem,

1850 4667 2106 4737 ipsosque
2157 4668 2362 4721 amicos
2411 4665 2528 4733 ejus
2579 4663 2701 4718 voci
2755 4665 3080 4729 audientes,
3111 4680 3274 4734 quam
3309 4664 3424 4733 ipsa

1851 4759 2075 4814 audivit.
2123 4758 2250 4812 Vult
2277 4774 2398 4812 eum
2454 4757 2650 4812 subtile
2684 4767 2739 4812 et
2790 4758 3080 4828 perspicue
3109 4764 3423 4812 cernentem

1849 4852 1915 4906 ab
1962 4850 2123 4920 hujus
2173 4849 2358 4904 mundi
2407 4850 2567 4903 rebus
2616 4847 2888 4904 declinare
2917 4888 2933 4913 ,
2987 4863 3108 4902 cum
3145 4846 3426 4901 celeritate

1849 4942 2172 5011 acribusque
2199 4942 2394 5005 oculis,
2443 4939 2616 5010 qualis
2649 4954 2857 5010 capreae
2893 4937 3173 5004 hinnulus,
3209 4952 3273 4991 ac
3309 4951 3424 4991 cer-

1849 5051 2038 5090 vorum
2077 5037 2261 5090 hostes
2287 5035 2432 5089 velut
2461 5043 2745 5103 serpentes
2779 5043 2834 5088 et
2873 5033 3187 5102 scorpiones
3218 5031 3268 5082 in
3304 5045 3427 5086 con-

1851 5137 2052 5199 temptu
2085 5128 2306 5190 habere,
2343 5138 2504 5196 atque
2536 5127 2600 5181 ad
2629 5126 2891 5181 sublimes
2919 5140 3038 5179 sese
3065 5122 3334 5187 attollere,
3363 5133 3422 5177 ut

1853 5228 2063 5274 montes
2090 5259 2105 5282 ,
2136 5229 2190 5272 et
2222 5219 2286 5272 ad
2317 5219 2465 5272 suavi
2513 5220 2678 5274 odore
2730 5217 2939 5288 plenius
2972 5216 3298 5286 fragrantes.
3354 5204 3425 5272 De

1850 5315 2046 5385 quibus
2085 5315 2321 5368 dicitur:
2362 5315 2710 5384 fundamenta
2755 5312 2870 5383 ejus
2915 5312 2968 5364 in
3017 5311 3279 5364 montibus
3303 5297 3421 5362 san;

1850 5409 1946 5460 etis
1969 5406 2016 5438 '°
2048 5424 2063 5460 :
2102 5408 2324 5476 haecque
2369 5407 2667 5461 secundum
2703 5404 3054 5474 Septuaginta
3086 5441 3102 5466 ,
3133 5412 3189 5456 et
3246 5400 3422 5454 Theo-

1856 5497 2152 5565 dotionem,
2199 5498 2556 5568 quintamque
2585 5496 3018 5551 translationem.
3048 5493 3242 5564 Aquila
3275 5507 3422 5562 vero,

1851 5593 1940 5661 qui
1982 5591 2121 5645 sedet
2169 5591 2224 5644 in
2273 5589 2474 5656 hortis,
2525 5587 2734 5655 edidit;
2765 5597 2821 5643 et
2867 5586 3224 5659 Symmachus
3258 5602 3274 5639 :
3309 5599 3427 5655 qua

1854 5682 2085 5738 habitas.
2119 5681 2309 5737 Priora
2342 5681 2445 5738 hoc
2491 5695 2657 5738 sensu
2689 5680 2944 5736 dicuntur
2989 5679 3058 5734 ad
3085 5690 3338 5747 sponsam
3370 5676 3425 5730 in
