3942 6318
517 332 622 390 291

1414 326 1984 388 SUPPLEMENTUM
2016 325 2108 380 AD
2157 321 2490 381 ORIGENIS
2527 317 2939 379 ExEGETtCA.
3659 326 3746 382 299

520 450 821 506 secundum
850 460 950 503 nos
974 456 1091 503 est:
1126 455 1185 501 at
1211 447 1353 517 quod
1385 455 1547 500 natus
1577 445 1647 499 sit
1678 458 1783 499 non
1811 458 1877 499 ex
1913 442 2097 498 volun-

2214 445 2455 515 γέννησιν
2482 485 2495 507 ,
2549 442 2611 511 ἦν
2660 443 2790 512 ἡμῖν
2840 439 3057 511 ἔμελλεν
3103 441 3167 491 ὲκ
3207 431 3513 509 Πνεύματος
3555 444 3752 513 χαρίσε-

524 552 637 598 tate
662 540 842 596 carnis
876 539 960 595 vel
1011 540 1113 595 viri
1145 542 1189 605 ’,
1221 539 1313 593 sed
1354 554 1421 593 ex
1467 538 1677 609 Spiritu
1734 547 1958 603 sancto,
2001 538 2102 592 hoc

521 648 684 702 supra
717 647 815 687 nos
839 641 943 686 est.
976 630 1131 698 Quod
1163 640 1218 684 et
1243 629 1481 684 futuram
1514 627 1878 698 proclamavit
1907 627 2103 682 nativi-

526 734 717 788 tatem,
744 739 905 795 quam
932 723 1085 777 nobis
1119 737 1186 775 ex
1218 720 1425 790 Spiritu
1462 717 1758 789 largiturus
1780 727 1922 773 erat.

1151 809 1307 866 CAP.
1351 808 1461 866 VII.

525 908 593 964 Ἴ.
618 908 671 963 5.
701 904 783 960 Ne
810 904 941 958 detis
973 912 1219 984 sanctum
1245 902 1464 984 canibus
1484 915 1503 954 :
1524 915 1687 971 neque
1704 900 1873 970 jacite
1892 908 2103 970 marga-

944 982 1073 1027 ritas
1098 984 1300 1028 vestras
1323 982 1445 1026 ante
1470 987 1676 1038 porcos.

528 1132 593 1188 ν.
628 1131 680 1186 6.
705 1128 963 1195 Petite,et
986 1130 1202 1184 dabitur
1220 1130 1407 1193 vobis;
1435 1129 1673 1199 quwrite,
1707 1136 1760 1180 et
1781 1127 2054 1183 invenietis
2080 1143 2103 1196 ,°

913 1204 1143 1271 pulsate,
1167 1212 1215 1253 et
1243 1198 1511 1269 aperietur
1539 1198 1705 1253 vobis.

593 1294 665 1352 Ut
710 1310 815 1350 non
865 1294 1181 1365 ignorarent
1224 1290 1499 1361 discipuli,
1540 1290 1766 1360 quinam
1801 1289 1911 1345 sint
1936 1305 2105 1347 canes

521 1391 607 1447 vel
638 1390 785 1462 porci
819 1388 963 1442 inter
994 1386 1269 1440 auditores
1290 1423 1307 1448 ,
1356 1384 1712 1438 immnranter
1740 1382 1989 1452 quaerite,
2021 1385 2104 1438 di-

520 1486 619 1552 cit,
648 1500 715 1539 ex
745 1483 876 1546 Deo,
900 1491 956 1536 et
987 1466 1676 1534 manifestabunturs'obis
1706 1476 1913 1532 omnia.
1943 1475 2102 1531 Prin-

521 1579 724 1647 cipiqu
746 1584 829 1630 est
858 1573 1009 1628 enim
1039 1571 1281 1635 virtutis,
1306 1584 1467 1625 nosse
1496 1569 1699 1624 bonum
1718 1584 1786 1624 ex
1808 1568 2099 1624 oratione:

522 1667 719 1720 deinde
745 1667 889 1718 scire
918 1660 1192 1732 quomodo
1233 1667 1480 1727 oporteat
1525 1658 1669 1713 viam
1705 1657 1924 1714 virtutis
1956 1671 2106 1713 eme-

523 1759 655 1815 tiri:
680 1758 842 1813 tertio
861 1796 877 1818 .
914 1770 1010 1825 per
1035 1768 1200 1824 opera
1234 1751 1486 1822 pulsare,
1518 1765 1628 1821 quo
1657 1750 1905 1806 mihimet
1933 1751 2102 1823 janua

2206 531 2348 584 σθαι.

2849 796 3017 852 ΚΕΦ.
3060 799 3135 850 Z’.

2203 889 2283 958 (5)
2315 890 2464 961 Στιχ.
2507 888 2571 945 ε’.
2602 889 2699 961 Μὴ
2742 887 2893 943 δῶτε
2940 887 3004 944 τὸ
3049 889 3223 961 cirros;
3261 887 3390 961 τοῖς
3433 888 3594 952 κυσί,
3631 889 3768 961 μηδὲ

2267 959 2502 1029 eam“
2533 960 2676 1026 τοὺς
2700 961 3070 1031 μαργαρίτας
3100 959 3273 1030 ὑμῶν
3308 960 3640 1028 ἔμπροσθεν
3665 960 3771 1014 τῶν

2162 1060 2167 1063 -
2275 1032 2494 1100 χοίρων

2204 1123 2360 1215 Στιχὶ
2389 1130 2463 1215 ς’..
2508 1124 2759 1215 ᾼζτεῖτε,
2812 1124 2909 1213 καὶ
2956 1121 3278 1215 δοθήςεξαι
3323 1120 3468 1207 ὑμῖν
3485 1137 3500 1152 ο
3540 1120 3771 1215 (ntegra,

2260 1192 2363 1247 καὶ
2393 1192 2709 1264 εὑρήσετε·
2739 1196 3003 1264 κρούετε,
3035 1193 3132 1247 καὶ
3159 1192 3550 1263 ἀνοιγήσεται
3578 1193 3725 1262 ὑμῖν.

2279 1282 2395 1339 Ἵνα
2428 1285 2502 1358 μὴ
2534 1286 2804 1354 ἀγνοῶσιν
2830 1288 2879 1339 οἱ
2911 1285 3168 1356 μαθηταὶ,
3199 1284 3347 1348 τίνες
3379 1284 3517 1338 εἰσὶν
3545 1283 3713 1348 κύνες,
3740 1285 3770 1356 ἢ

2205 1379 2376 1449 χοῖροι
2404 1380 2461 1431 ὲν
2487 1380 2600 1442 τοῖς
2627 1379 2947 1450 ἀκροαταῖς,
2980 1377 3258 1448 ὲπιμόνως
3288 1374 3579 1447 ζητήσατε,
3608 1377 3771 1448 φησὶν,

2204 1470 2271 1523 ὲκ
2298 1470 2455 1536 Θεοῦ,
2492 1471 2587 1524 καὶ
2614 1470 3061 1525 ἀποκαλύπτεται
3085 1470 3215 1540 ὑμῖν
3242 1468 3444 1522 πάντα.
3491 1468 3652 1539 Ἀρχὴ
3691 1469 3775 1538 μὲν

2204 1561 2314 1634 γὰρ
2346 1562 2551 1634 ἀρετῆς
2595 1562 2657 1616 τὸ
2688 1562 2756 1616 δι’
2804 1561 2970 1633 εὐχῆς
3000 1559 3204 1629 γνῶναι
3231 1559 3297 1612 τὸ
3335 1556 3559 1628 ἀγαθόν·
3587 1552 3697 1612 εἶτα
3723 1559 3775 1612 τὸ

2205 1650 2403 1704 εἰδέναι
2436 1651 2554 1715 πῶς
2596 1651 2691 1705 δεῖ·
2715 1650 2935 1705 ὁδεῦσαι
2968 1653 3067 1723 τὴν
3113 1650 3341 1722 ἀρετήν’
3377 1648 3562 1719 τρίτον
3607 1648 3665 1702 τὸ
3700 1648 3776 1702 διὰ

2205 1741 2313 1797 τῶν
2342 1742 2517 1814 ἔργων
2540 1742 2759 1816 κρούειν
2784 1742 3068 1812 ἀνοιγῆναι
3098 1740 3250 1812 αὐτῷ
3280 1740 3382 1811 τὴν
3412 1739 3603 1811 θύραν.
3629 1739 3778 1793 Τοῦτο

524 1850 823 1923 aperiatur.
858 1822 1006 1903 Istud
1036 1822 1180 1901 enim
1217 1844 1394 1899 innuit
1444 1841 1587 1898 facta
1634 1857 1733 1912 per
1762 1822 1956 1898 manus
1986 1841 2103 1913 pul-

2214 1837 2315 1908 γὰρ
2352 1837 2608 1908 σημαίνει
2660 1838 2694 1907 ἡ
2745 1835 2833 1889 διὰ
2877 1834 2986 1888 τῶν
3026 1832 3224 1907 χειρῶν
3268 1831 3518 1904 κροῦσις.
3550 1831 3777 1903 Τρισσῶς

524 1945 682 2002 satio.
709 1940 997 1998 Trifariam
1040 1952 1277 2011 namque
1314 1936 1638 1992 salutarium
1669 1935 1985 2007 dogmatutn
2009 1950 2104 1991 ve-

523 2036 661 2090 ritas
716 2031 1030 2102 accipitur:
1063 2027 1312 2099 diligenti
1364 2026 1640 2101 oratione,
1686 2035 1744 2080 et
1794 2024 1994 2081 mentis
2047 2027 2101 2081 in

523 2108 817 2198 quarendo
845 2122 1057 2178 divinas
1080 2136 1169 2176 res
1201 2119 1520 2183 staldlitate,
1538 2128 1594 2174 et
1619 2117 1894 2188 exquisito
1922 2117 2102 2175 studio

524 2219 832 2276 inveniendi
854 2232 920 2272 ex
946 2215 1282 2274 conscientia
1302 2212 1733 2283 profunditatem
1757 2211 2102 2267 certitudinis

521 2311 861 2368 occultarum
891 2309 1298 2379 Scripturartuu
1336 2324 1350 2360 :
1384 2307 1490 2361 hoc
1531 2305 1678 2362 enim
1720 2304 1882 2361 modo
1930 2306 2105 2375 inquit

523 2402 723 2472 aperiri
755 2399 1093 2470 Scripturas.

522 2491 662 2548 v.9.
688 2490 819 2557 Quis
841 2506 905 2545 ea:
924 2490 1069 2545 vobis
1095 2489 1272 2543 homo.
1299 2502 1449 2556 quem
1478 2485 1523 2538 si
1544 2484 1767 2557 postulet
1799 2484 1944 2557 ﬁlius
1974 2503 2102 2541 suus

792 2577 1003 2631 panem,
1049 2558 1280 2628 nunquid
1310 2555 1550 2619 lapidem
1578 2555 1723 2608 dabit
1749 2572 1794 2608 et
1813 2556 1839 2609 Σ)

523 2654 593 2712 ν.
640 2653 732 2709 10.
773 2652 841 2707 Et
880 2651 928 2705 si
979 2654 1166 2719 piscem
1217 2647 1483 2717 postulet,
1530 2648 1767 2717 nunquid
1807 2659 2098 2716 serpentrm

1169 2719 1310 2772 dabit
1366 2720 1412 2772 ei
1435 2723 1460 2773 Γ

596 2814 732 2872 Vide
752 2827 918 2885 porro
943 2826 1011 2865 an
1044 2811 1117 2864 sit
1141 2808 1382 2881 cognitio
1409 2808 1823 2873 tmtrimeututn,
1852 2807 1972 2861 sine
1996 2821 2104 2877 quo

526 2908 704 2966 salvos
730 2920 855 2962 esse
888 2919 995 2960 non
1045 2902 1210 2968 licet;
1250 2909 1377 2971 puta
1415 2914 1594 2954 sermo
1630 2899 1861 2969 diligens
1895 2900 1961 2953 de
2003 2900 2103 2953 hoc

525 3001 664 3072 ipso,
694 2995 967 3069 quomodo
993 2995 1116 3049 cibo
1151 2994 1410 3047 utendum
1443 2990 1537 3044 sit.
1578 2975 1751 3043 Piscis
1794 2999 1978 3042 autem
2020 2998 2105 3043 est

526 3093 792 3163 quasique
825 3089 1111 3146 obsonium
1143 3099 1242 3156 pro
1282 3085 1402 3138 viro
1448 3082 1687 3147 erudito,
1720 3083 1862 3136 scire
1895 3082 2103 3137 consti-

2209 1930 2318 2003 γὰρ
2346 1933 2379 2003 ἡ
2405 1929 2514 1985 τῶν
2548 1928 2833 2001 σωτηρίων
2865 1927 3150 1998 δογμάτων
3180 1925 3415 1997 ἀλήθεια
3441 1923 3774 1995 λαμϐάνεται,

2210 2021 2462 2093 ἐπιμελεῖ
2487 2021 2644 2092 εὐχῇ,
2680 2018 2774 2072 καὶ
2805 2017 2898 2071 τοῦ
2940 2014 3275 2089 ἡγεμονικοῦ
3311 2016 3370 2067 ἐν
3409 2012 3497 2085 τῷ,
3522 2013 3693 2083 ζητεῖν
3721 2012 3777 2066 τὰ

2211 2113 2329 2168 θεῖα
2372 2111 2740 2174 καταστάσει,
2770 2110 2866 2164 καὶ
2906 2108 3035 2181 περὶ
3072 2107 3166 2161 τοῦ
3202 2108 3388 2180 εὑρεῖν
3432 2103 3778 2175 συναισθήτως

2208 2207 2308 2278 τῆς
2339 2205 2447 2259 τῶν
2482 2203 2882 2278 κεκρυμμένων
2912 2198 3145 2273 Γραφῶν
3179 2199 3489 2269 ἀσφαλείας
3516 2197 3576 2251 τὸ
3615 2196 3774 2268 βάθος,

2206 2299 2430 2372 ἀκριϐεῖ
2461 2294 2980 2370 πολυπραγμοσύνῃ
3009 2293 3151 2347 οὕτω
3176 2292 3291 2366 γὰρ
3319 2289 3626 2361 ἀνοίγεσθαί
3663 2305 3776 2360 φησι

2208 2393 2308 2458 τὰς
2329 2393 2575 2465 Γραφάς.

2209 2488 2364 2558 Στιχ.
2392 2487 2458 2543 θ’.
2494 2484 2685 2558 Τίςᾲέξ
2712 2482 2879 2554 ὑμῶν
2909 2481 3252 2558 ἄνθρωπος,
3287 2479 3363 2558 δίς
3381 2477 3498 2558 ,ἐὰν
3518 2473 3723 2558 αἰτήσῃ
3747 2476 3776 2529 ό

2279 2545 2410 2625 υἳός
2434 2545 2620 2612 αὑτοῦ
2647 2545 2851 2624 ἄρξον,
2886 2553 2972 2624 μὴ
3015 2545 3500 2608 λίθον-ἐπιδώσει
3535 2545 3716 2611 αὐτῷ;

2206 2652 2358 2722 Στιχ.
2388 2650 2437 2703 ι’.
2474 2650 2585 2704 Kal
2610 2649 2720 2703 ἐὰν
2750 2645 2930 2717 ἰχθὺν
2959 2644 3202 2736 αὶςήσῃ,
3236 2643 3324 2714 μὴ
3356 2642 3498 2713 ὄφιν
3522 2636 3775 2693 ἐπιδώσει

2907 2731 3069 2779 αῡτῳ
3081 2731 3099 2779 ;

2907 2734 3021 2771 αυτ
3081 2734 3099 2779 ;

2284 2814 2425 2886 Ὅρα
2452 2813 2508 2867 δὲ
2542 2813 2591 2866 εί
2802 2808 3003 2879 γνῶσις
3022 2734 3217 2881 ῗροφὴ
3237 2845 3252 2869 ,
3280 2801 3367 2886 ἧς.
3389 2805 3506 2859 ἀνω
3545 2801 3642 2855 οὐκ
3675 2797 3774 2852 ἔστι

2213 2884 2500 2972 σώζεσθαι’
2529 2898 2640 2957 οἷον
2665 2905 2696 2957 ὁ
2727 2904 2857 2973 περὶ
2890 2898 2983 2954 τοῦ
3017 2897 3135 2963 πῶς
3168 2884 3408 2969 βρωτέὁν
3439 2890 3664 2964 ἀκριϐὴς
3698 2889 3774 2942 λό-

2209 3017 2325 3069 γος.
2366 2997 2539 3069 ’ἰχθὺς
2590 2996 2646 3049 δὲ
2679 2995 2775 3051 καὶ
2821 2988 2933 3048 οἷον
2976 2991 3105 3062 ὄψον
3155 2988 3454 3060 φιλομαθεῖ
3500 2986 3562 3041 τὸ
3601 2982 3775 3037 εἰδέναι

2212 3090 2473 3144 σύστασιν
2514 3087 2747 3158 κόσμου,
2793 3084 3074 3156 ἐνέργειαν
3128 3081 3439 3152 στοιχείων,
3488 3074 3654 3149 ἀρχὴν
3698 3070 3778 3125 καὶ

527 3186 792 3242 tutionem
823 3181 1029 3244 mundi,
1054 3178 1200 3234 vires
1229 3178 1653 3239 elementorum,
1689 3174 2016 3242 principium
2049 3182 2103 3227 et

2214 3182 2363 3246 τέλος
2412 3182 2507 3235 καὶ
2555 3179 2848 3250 μεσότητα,
2901 3175 3000 3230 καὶ
3043 3176 3146 3228 ὅσα
3197 3172 3333 3244 ἑξῆς
3370 3173 3405 3243 ἡ
3451 3168 3606 3238 σοφία
3628 3163 3774 3232 λέγει.

500 3270 689 3359 ςίὶιιοηι
713 3287 771 3332 et
799 3275 1056 3338 medium,
1095 3282 1150 3327 et
1196 3284 1316 3339 qua:
1367 3269 1623 3337 deinceps
1656 3267 1996 3337 philosophia
2027 3265 2105 3319 lo-

526 3371 734 3441 quitur.
766 3367 877 3423 Nec
908 3382 1037 3438 ergo
1068 3378 1165 3436 pro
1196 3377 1334 3432 pane
1366 3360 1600 3429 lapidein
1629 3359 1723 3413 dat
1751 3360 1914 3421 Deus,
1944 3374 2102 3426 quem

500 3456 774 3519 'diaholus
803 3461 1013 3515 comedi
1067 3475 1097 3513 a
1137 3452 1554 3522 Jesuy‘olebat:
1592 3466 1767 3519 neque
1817 3465 1915 3519 pro
1958 3450 2106 3519 pisce

525 3565 859 3626 serpentem,
895 3567 1054 3623 quem
1105 3547 1395 3605 comedunt
1435 3542 1748 3612 Ethiopes,
1778 3541 1980 3612 indigni
2013 3541 2102 3611 qui

523 3649 672 3719 pisce
719 3658 1034 3702 vescantur.
1068 3642 1352 3710 Quomodo
1401 3652 1536 3694 vero
1590 3635 1885 3705 disvipulos
1936 3635 2108 3689 malos

525 3739 858 3810 appellavit?
901 3738 1037 3804 Quia
1072 3735 1324 3804 quamvis
1374 3726 1443 3787 ett~
1483 3729 1769 3800 preposito
1812 3726 2106 3781 voluntatis

496 3820 930 3904 sequebantur;
983 3837 1041 3882 at
1097 3829 1269 3881 inerat
1319 3825 1426 3880 illis
1475 3823 1726 3878 humanae
1776 3819 2107 3874 conditionis

526 3924 888 3982 mutabilitas.
921 3921 1084 3976 Solus
1123 3929 1304 3973 autem
1335 3913 1700 3970 immutabilis
1738 3921 1857 3968 erat
1883 3920 1937 3967 et
1970 3911 2109 3966 divi«

526 4018 698 4071 nitate
761 4022 818 4067 et
864 4010 1207 4066 humanitate
1250 4007 1348 4062 Dei
1396 4004 1588 4060 Filius.
1619 4004 1752 4058 Data
1798 4018 1929 4058 vero
1969 4003 2108 4058 bona

530 4106 768 4178 appellat
800 4103 1117 4175 spiritualia'
1141 4103 1304 4156 dona.
1332 4096 1513 4152 Lucas
1544 4097 1808 4166 Spiritum
1854 4106 2106 4150 sanctum

528 4199 688 4266 dixit,
718 4213 815 4269 pro
841 4212 907 4251 eo
946 4205 1004 4248 ut
1040 4194 1275 4254 diceret,
1306 4190 1471 4244 bona.
1521 4189 1590 4243 At
1630 4186 1836 4241 nullum
1871 4197 1954 4240 est
1995 4187 2108 4240 dis-

525 4293 757 4350 crimen.
787 4288 905 4361 Ipse
942 4284 1086 4341 enim
1119 4283 1358 4350 Spiritus
1404 4290 1649 4342 sanctus,
1673 4290 1759 4333 est
1790 4278 1976 4335 lumen
2012 4278 2110 4330 ho-

525 4400 655 4442 num
683 4401 695 4437 :
727 4389 1013 4454 propterea
1046 4376 1207 4430 etiam
1244 4372 1606 4443 participibus
1631 4370 1748 4425 suis
1775 4373 1913 4423 bona
1946 4367 2111 4438 largi-

490 4458 495 4463 .
527 4487 636 4534 tur.
682 4479 755 4530 At
780 4474 926 4529 enim
961 4471 1016 4525 iu
1066 4481 1279 4523 summe
1314 4464 1496 4535 pravis
1546 4470 1780 4533 propter
1831 4475 2103 4529 nunquam

2209 3274 2347 3328 υῦτε
2379 3274 2503 3328 ἀντὶ
2531 3272 2626 3326 τοῦ
2659 3272 2826 3343 ἄρτου
2857 3267 3002 3321 λίθον
3033 3266 3244 3319 δίδωσιν
3273 3267 3310 3318 ὁ
3343 3263 3494 3327 Θεὸς,
3525 3259 3581 3313 ὃν
3616 3259 3644 3310 ὁ
3677 3254 3778 3308 διά-

2208 3364 2362 3427 6ολος
2390 3361 2665 3416 ἐσθίεσθαι
2700 3358 2805 3413 ὑπὸ
2840 3357 2935 3411 τοῦ
2979 3355 3154 3428 Ἰησοῦ
3192 3354 3475 3409 ἐϐούλετοι
3516 3348 3635 3403 οὔτε
3670 3343 3777 3399 ἀντὶ

2209 3455 2391 3528 ἰχθύος
2421 3455 2565 3523 ὅφιν,
2590 3453 2650 3506 ὃν
2677 3450 2947 3505 ἐσθίουσιν
2976 3450 3026 3502 οἱ
3055 3446 3263 3514 ἀνάξιοι
3289 3444 3389 3500 τοῦ
3423 3442 3570 3514 ἰχθὺν
3596 3434 3774 3490 ἐσθίειν

2208 3548 2482 3612 Αἰθίοπες.
2516 3545 2642 3609 Πῶς
2666 3544 2723 3597 δὲ
2753 3543 2881 3606 τοὺς
2910 3540 3158 3613 μαθητὰς
3193 3539 3471 3612 πονηροὺς
3505 3533 3772 3591 ἐκάλεσεν;

2208 3642 2270 3695 Εἰ
2298 3641 2409 3713 γὰρ
2434 3639 2529 3694 καὶ
2558 3637 2886 3709 ἠκολούθουν
2902 3637 2966 3690 ὲκ
2990 3633 3391 3706 προαιρέσεως,
3424 3627 3535 3684 ἀλλ’
3563 3620 3698 3693 εἶχον
3722 3617 3775 3673 τὸ

2205 3733 2439 3805 τρεπτὸν
2472 3730 2566 3785 τοῦ
2602 3730 2963 3802 ἀνθρωπίνου.
2993 3728 3168 3782 Μόνον
3204 3725 3263 3778 δὲ
3309 3728 3575 3795 ἄτρεπτος
3600 3713 3663 3787 ἦν
3692 3713 3773 3767 καὶ

2209 3825 2425 3898 θεότητι
2455 3825 2550 3879 καὶ
2597 3823 2978 3894 ἀνθρωπότητι
3023 3822 3052 3875 ὁ
3090 3818 3184 3873 τοῦ
3232 3817 3374 3872 Θεοῦ
3407 3815 3552 3878 Υἱός.
3577 3810 3774 3898 Δόματα

2207 3917 2265 3971 δὲ
2316 3895 2497 3985 ἀγαθὰ
2547 3915 2703 3968 καλεῖ
2752 3914 2853 3977 τὰς
2908 3909 3284 3983 πνευματικὰς
3338 3907 3564 3980 δωρεάς.
3620 3902 3674 3953 Ὀ
3721 3895 3772 3948 δὲ

2210 4010 2425 4072 Λουκᾶς
2454 4007 2680 4078 Πνεῦμα
2717 4006 2872 4075 ἅγιον
2904 4002 3075 4068 εἶπεν,
3108 4003 3229 4056 ἀντὶ
3266 4001 3364 4055 τοῦ
3394 4000 3566 4054 εἰπεῖν
3591 3987 3771 4078 ἀγαθά.

2208 4101 2321 4156 Καὶ
2363 4099 2515 4154 οὐδὲν
2557 4077 2620 4152 τδ
2661 4097 2937 4169 διάφορον.
2985 4094 3059 4149 Τὸ
3088 4093 3198 4165 γὰρ
3226 4093 3381 4161 ἅγιον
3413 4086 3629 4158 Πνεῦμα
3657 4077 3772 4135 αὑτό

2207 4197 2326 4248 ἐστι
2372 4193 2434 4247 τὺ
2484 4192 2600 4263 φῶς
2639 4168 2864 4261 ἀγαθόν’
2913 4188 2995 4242 διὸ
3039 4188 3135 4241 καὶ
3176 4189 3289 4249 τοῖς
3340 4183 3583 4257 μετόχοις
3624 4168 3771 4230 αὑτοῦ

2208 4288 2421 4342 δίδωσιν
2461 4286 2663 4355 ἀγαθά.
2692 4285 2816 4348 Τοῖς
2848 4283 2905 4337 δὲ
2940 4283 3075 4351 ἄγαν
3107 4281 3387 4351 πονηροῖς,
3417 4277 3503 4329 διὰ
3540 4270 3598 4324 τὸ
3634 4269 3764 4322 ἀνεν·

2209 4382 2378 4445 δότως
2403 4379 2743 4452 ἁμαρτάνειν
2772 4379 2973 4447 τρόπον
3002 4376 3125 4428 τινὰ
3164 4373 3325 4442 φύσις
3358 4370 3540 4431 αὐτοῖς
3564 4367 3600 4436 ἡ
3622 4357 3771 4415 κακία

2208 4476 2434 4545 γίνεται·
2470 4450 2582 4538 οἷος
2608 4474 2755 4526 ἐστιν
2785 4472 2813 4524 ὁ
2853 4470 3097 4529 Σατανᾶς
3135 4466 3229 4519 καὶ
3248 4464 3302 4517 οἱ
3330 4463 3598 4533 δαίμονες.
3620 4450 3772 4545 Δύνα-

526 4566 837 4629 intermissa
861 4571 1107 4636 peccata,
1135 4559 1323 4613 vitium
1348 4553 1747 4628 quodammodo
1776 4552 1830 4607 in
1854 4562 2102 4606 naturam

2214 4584 2299 4620 ται
2328 4566 2438 4638 γάρ
2466 4583 2550 4629 τις
2579 4566 2676 4620 καὶ
2702 4564 2925 4633 τούτους
2947 4560 3104 4631 φύσει
3134 4557 3339 4619 κακοὺς
3369 4554 3559 4613 εἰπεῖν,
3585 4544 3770 4609 καίπερ

524 4661 711 4719 evadit
741 4674 756 4712 :
783 4656 958 4728 qualis
983 4662 1068 4709 est
1090 4651 1323 4707 Satanas
1348 4658 1403 4703 et
1423 4648 1717 4704 da‘mones.
1743 4643 1926 4699 Potest
1959 4644 2102 4699 enim

524 4752 651 4824 quis
684 4750 845 4805 etiam
889 4745 987 4800 hos
1016 4749 1215 4796 natura
1257 4738 1426 4794 malos
1475 4737 1680 4799 dicere,
1721 4734 1969 4806 quamvis
1995 4749 2101 4787 non

525 4854 718 4898 natura
752 4836 923 4894 malos
956 4844 1194 4897 creatos,
1226 4832 1319 4885 sed
1350 4844 1414 4884 ex
1447 4828 1736 4883 arbitraria
1765 4825 1971 4880 malitia
2004 4825 2099 4878 de-

525 4946 804 5009 pravms'
1149 4994 1304 5052 CAP.
1340 4992 1471 5051 vnt.

526 5096 593 5152 ν.
623 5097 711 5150 ll.
746 5093 905 5150 Multi
938 5093 1004 5146 ab
1040 5090 1241 5144 oriente
1276 5098 1325 5140 et
1365 5083 1635 5139 occidente
1675 5082 1899 5143 venient,
1937 5090 1987 5136 et
2018 5096 2102 5134 re-

596 5167 836 5220 cumbent
874 5178 992 5217 cum
1020 5160 1287 5215 Abraham
1310 5167 1359 5210 et
1387 5155 1550 5223 Isaac
1587 5164 1638 5209 et
1670 5152 1835 5221 Iacob
1861 5168 1915 5205 tn
1942 5166 2100 5217 regno

599 5238 867 5290 ctelorum.

599 5325 656 5382 Si
690 5337 917 5397 angusta
944 5333 992 5379 et
1038 5329 1245 5377 arctatu
1286 5328 1361 5373 est
1402 5317 1510 5382 uia,
1546 5326 1598 5371 et
1634 5317 1790 5387 pauci
1830 5316 1919 5384 qui
1960 5314 2105 5367 inve-

525 5421 680 5477 niunt
722 5434 836 5472 eam
862 5417 904 5483 ³,
930 5418 1025 5486 per
1044 5427 1206 5485 quam
1241 5410 1426 5482 plures
1463 5409 1866 5478 ingredientur?
1896 5410 1962 5462 de
1993 5406 2098 5461 lata

528 5514 676 5569 enim
706 5521 760 5565 et
805 5510 1042 5579 spatiosa
1088 5506 1242 5573 dicit,
1276 5505 1416 5573 quod
1451 5501 1604 5556 multi
1638 5500 2015 5572 ingredientur
2044 5499 2098 5553 in

525 5622 670 5664 eam.
699 5605 941 5659 Dicimus
956 5616 1107 5671 ergo,
1134 5612 1441 5657 sermonem
1468 5594 1681 5651 Domini
1710 5595 1913 5651 dictum
1933 5592 2099 5649 luisse

597 5721 795 5777 ’Joan.
827 5738 867 5787 ι,
895 5722 983 5776 l3.
1060 5719 1081 5751 ³
1108 5716 1297 5773 Matth.
1340 5730 1437 5798 vit,
1478 5713 1567 5768 14.

597 5819 672 5890 t5)
700 5818 773 5874 Ex
814 5818 934 5874 cod.
961 5817 1152 5873 Venet.
1180 5828 1351 5878 χχιιι,
1389 5826 1511 5881 pag.
1542 5808 1633 5863 '25.

2213 4657 2287 4730 μὴ
2322 4658 2481 4728 φύσει
2509 4659 2717 4721 κακοὺς
2746 4651 3270 4727 δημιουργηθέντας,
3294 4647 3409 4701 ἀλλ’
3442 4643 3501 4709 ἐξ
3526 4641 3771 4703 αὐτοπρο-

2207 4749 2424 4821 αιρέτου
2453 4749 2655 4813 κακίας
2683 4744 3120 4816 ἀπεσκληκὸτας.

2849 4988 3006 5043 ΚΕΦ.
3050 4988 3131 5040 Η’.

2205 5084 2356 5138 Στιν.
2416 5089 2506 5137 ια’.
2554 5082 2779 5138 Πολλοὶ
2836 5080 2954 5135 ἀπὸ
3014 5074 3326 5133 ἀνατολῶν
3380 5072 3476 5128 καὶ
3537 5053 3767 5138 δι’σμῶνῖ

2293 5124 2524 5219 ἑίὲοιέἷγὶ,
2554 5124 3766 5219 ἵᾶιἚὶἱικΞὶῖήσῖνὲἱιῖῖιῖέτὰ⁷ξᾹδρᾳὰμί

2293 5210 2491 5280 ibam
2511 5210 2615 5278 ὶιαι
2644 5222 2843 5278 Ἰακὼϐ
2862 5222 2932 5275 ἐν
2952 5210 3027 5288 ἑῇ
3044 5210 3335 5284 βασιλείᾳ
3356 5214 3473 5269 τῶν
3492 5210 3761 5288 οὐρανωνς

2279 5318 2345 5371 El
2387 5316 2575 5386 στενὴ
2624 5316 2725 5370 καὶ
2776 5284 3132 5384 τεθλιμμένη
3178 5310 3354 5364 ἐστὶν
3396 5308 3435 5376 ’ἦ
3482 5284 3762 5386 έδὸθξαί

2207 5410 2401 5480 ὀλίγοι
2433 5413 2487 5464 οἱ
2512 5375 2906 5478 εύρίσκοντες
2934 5375 3161 5473 ξιῦτὴτέ,
3187 5401 3275 5455 διὰ
3320 5375 3479 5460 ποίας
3512 5394 3558 5445 οἱ
3597 5375 3764 5480 πεξλλοὶ

2206 5472 2644 5568 είσενλεύσονταις
2692 5501 2821 5572 περὶ
2870 5472 2980 5571 γὰρ
3035 5472 3293 5557 πλατείας
3340 5491 3435 5546 καὶ
3474 5472 3761 5554 εὐρυχώρου

2204 5593 2373 5663 λέγει,
2401 5595 2484 5651 ὅτι
2515 5593 2700 5650 πολλοὶ
2724 5591 3118 5648 εἰσελεύσονται
3142 5587 3210 5641 δι’
3233 5584 3423 5654 αὐτῆς.
3447 5574 3550 5635 Καί
3577 5574 3758 5641 φαμεν,
