3942 6318
144 339 236 391 Ξίὶῗ)

1326 331 1612 388 SCHOLIA
1653 330 1721 385 IN
1760 329 2195 386 MATTIIAEUM.

3268 326 3378 380 εει

142 456 210 507 ὃτι
235 453 261 504 ὁ
291 450 390 521 μὲν
424 449 519 503 τοῦ
555 448 805 521 Σωτῆρος
842 449 994 516 λόγος
1036 447 1283 518 εἴρηται,
1318 446 1503 517 ἐπειδὴ
1532 445 1699 514 ὀλίγοι

1815 445 2068 513 siquidem
2117 445 2276 514 pauci
2312 459 2374 497 ex
2424 442 2587 497 Israel
2636 441 3007 496 salvabantur.
3058 439 3175 495 Non
3218 443 3373 495 multi
3413 452 3423 466 λ

142 544 236 598 ἀπὸ
259 541 355 595 τοῦ
408 540 625 612 Ἰσραὴλ
664 540 941 603 ἐσώζοντο·
971 537 1031 590 οὐ
1080 536 1263 590 πολλοὶ
1294 536 1405 607 γὰρ
1448 536 1700 589 ἐπίστευ-

143 652 228 691 σαν
269 634 347 698 εἰς
387 634 574 687 αὐτόν.
619 632 709 684 Διὸ
754 630 846 684 καὶ
894 629 1067 697 ἔλεγε·
1107 628 1204 697 Μὴ
1252 628 1439 698 φοϐοῦ
1484 628 1702 697 μικρὸν

139 728 428 796 ποίμνιον,
465 724 553 777 ὅτι
595 723 934 791 εὐδόκησεν
976 726 1007 775 ό
1040 720 1185 787 Θεὸς
1229 722 1299 774 ἐν
1325 721 1445 773 σοί.
1482 721 1703 792 Προφη-

137 819 288 881 τικῶς
308 817 365 870 δὲ
395 815 587 887 ὲλέχθη
623 816 714 880 τὸ,
744 813 966 867 Πολλοὶ
1002 813 1277 881 ἥξουσιν·
1313 812 1388 877 ὡς
1431 812 1561 882 περὶ
1592 810 1701 863 τῶν

138 910 430 981 μελλόντων
456 906 731 961 πιστεύειν
756 906 834 970 εἰς
867 905 1026 957 αὑτὸν
1053 903 1160 957 ἀπὸ
1184 903 1289 957 τῶν
1325 901 1513 955 ἐθνῶν.
1550 905 1702 955 Πολ-

132 1002 241 1066 .lol,
290 1001 479 1073 φησιν,
511 1000 587 1064 ὡς
627 999 767 1070 πρὸς
797 997 922 1060 τοὺς
954 995 1093 1068 μετά
1134 996 1232 1067 τὴν
1279 995 1574 1067 παρουσίαν
1623 993 1697 1065 μὴ

136 1095 555 1158 πιστεύσαντας,
594 1094 644 1144 οἱ
688 1090 797 1144 ἀπὸ
849 1088 957 1143 τῶν
1006 1086 1172 1139 ἐθνῶν
1220 1085 1698 1157 ἀνακλιθησόμενοι

135 1192 261 1263 μετά
301 1188 558 1261 Ἀϐραὰμ
591 1186 686 1239 καὶ
714 1185 822 1238 τῶν
852 1183 911 1247 ἐξ
936 1183 1097 1237 αὐτοῦ
1127 1184 1182 1236 ἐν
1219 1185 1286 1253 τῇ
1320 1180 1561 1252 βασιλείᾳ
1589 1179 1698 1232 τῶν

129 1282 386 1355 οὐρανῶν
418 1282 516 1334 καὶ
535 1278 613 1349 τῷ
638 1276 856 1349 ἀριθ
882 1276 939 1328 δὲ
970 1274 1398 1337 πολλαπλασίους
1421 1267 1565 1326 οὗτοι
1589 1272 1698 1327 τῶν

132 1377 227 1430 ἀπὸ
289 1375 515 1447 Ἰσραὴλ
570 1374 664 1427 καὶ
723 1372 815 1425 τὸν
871 1370 1076 1442 Ἰησοῦν
1125 1367 1360 1440 Χριστὸν
1410 1365 1699 1437 ὁμολογου-

132 1469 316 1538 μένων.

768 1575 923 1628 ΚΕΦ.
969 1575 1071 1627 IA’.

129 1675 266 1743 Στιχ.
308 1671 401 1725 ια’.
442 1672 497 1723 Ὀ
529 1669 597 1723 δὲ
632 1668 978 1743 μικρότερος
1022 1666 1093 1743 εν
1137 1663 1223 1743 ξῆ-
1254 1663 1540 1732 βασιλείᾳ
1583 1661 1703 1715 τῶν

444 1734 714 1808 οὐρανῶν
736 1734 952 1807 μείζων
984 1734 1170 1789 αὐτοῦ
1198 1735 1387 1788 ἐστιν.

1803 537 1947 591 enim
1992 536 2343 590 crediderunt
2371 536 2423 589 in
2463 550 2610 589 curn.
2640 532 2931 602 Propterea
2967 534 3130 589 etiam
3159 533 3373 588 aiebat:

1809 625 1890 682 Ne
1941 628 2145 693 timeas,
2192 625 2384 694 pusille
2424 641 2574 694 grex,
2614 624 2736 694 quia
2774 624 3151 694 beneplacitum
3193 625 3374 678 habuit

1806 715 1944 769 Deus
1994 716 2049 768 in
2090 725 2138 769 te
2166 714 2230 768 ".
2273 714 2594 784 Prophetice
2647 729 2778 768 vero
2830 716 3028 768 dictum
3084 726 3169 770 est
3218 715 3373 780 illud,

1804 806 1961 860 Multi
2008 808 2256 870 venient;
2315 806 2382 861 de
2438 806 2623 860 multis
2670 806 2925 859 nimirum
2976 807 3066 875 qui
3113 808 3373 862 credituri

1802 900 2045 954 erantin
2094 914 2220 953 eum
2256 914 2321 954 ex
2368 900 2639 968 gentibus.
2682 897 2845 953 Multi
2889 900 3062 965 dicit,
3116 910 3372 971 tanquam

1801 1008 1899 1063 per
1935 994 2392 1063 comparationem
2429 993 2496 1046 ad
2530 1007 2643 1057 eos,
2674 993 2762 1060 qui
2798 1001 2917 1061 post
2945 992 3229 1047 adventum
3266 1008 3373 1048 non

1801 1086 2156 1143 crediderunt
2194 1101 2205 1134 :
2243 1086 2333 1155 qui
2378 1102 2441 1139 ex
2476 1085 2725 1153 gentibus
2756 1083 3049 1138 recubiluri
3090 1094 3213 1138 sunt
3249 1099 3371 1139 cum

1799 1178 2071 1232 Abraham
2121 1186 2175 1230 et
2209 1177 2277 1231 iis
2309 1177 2404 1246 qui
2445 1192 2511 1230 ex
2551 1191 2614 1230 eo
2647 1176 2758 1228 nati
2796 1183 2942 1240 sunt,
2980 1176 3032 1228 ln
3066 1187 3231 1243 regno
3262 1190 3375 1230 cte-

1803 1269 1995 1322 Iorum.
2039 1268 2278 1321 Numero
2308 1274 2490 1321 autem
2526 1274 2653 1320 sunt
2698 1264 2998 1334 multiplice
3029 1263 3117 1318 isti
3164 1279 3275 1333 prae
3308 1264 3374 1319 iis

1800 1360 1893 1431 qui
1932 1360 2153 1413 luerunt
2190 1372 2260 1411 ex
2308 1355 2513 1422 Israel,
2570 1366 2626 1410 ct
2660 1354 2841 1411 Jesum
2887 1354 3167 1409 Christum
3203 1354 3375 1411 conli-

1805 1462 2006 1506 ιειιιιιτ.

2440 1559 2594 1614 CAP.
2630 1556 2723 1613 XI.

1807 1655 1868 1710 ν.
1903 1657 1988 1711 ll.
2021 1655 2199 1709 Minor
2221 1664 2416 1718 autem,
2444 1654 2498 1706 in
2526 1667 2685 1721 regno
2705 1664 2952 1702 eteorum
2975 1647 3145 1715 major
3161 1645 3255 1699 illo
3278 1654 3375 1701 est.

128 1838 266 1906 Στιχ.
296 1832 387 1905 ιβ’.
426 1806 575 1906 fano
607 1830 696 1906 6é_
714 1806 832 1883 τῶν
861 1825 1112 1906 Δ’ἡμερῶν
1142 1824 1414 1906 Ἰωάννου
1452 1823 1556 1906 tot")
1586 1827 1702 1903 Βα-

1815 1817 1871 1871 ν.
1912 1816 1993 1870 12.
2029 1815 2072 1868 Α
2105 1814 2282 1867 diebus
2318 1828 2434 1865 vero
2468 1809 2695 1864 Joannis
2726 1808 2973 1875 Baptista:
3010 1822 3173 1906 usque
3203 1806 3377 1858 hacte-

1923 1904 1931 1906 ε
1968 1905 1973 1906 ,
2051 1900 2257 1906 _._._____-..
2309 1886 2546 1906 -...t..-.-.-..
2590 1880 2636 1906 ..ἒ
2686 1880 2857 1906 ..ηἱι-..ι
2943 1888 2988 1906 ηρ
3035 1881 3112 1906 ..έιι
3141 1878 3239 1906 ,μιιέ
3284 1892 3372 1906 ιιι-ι-

186 1894 453 1959 ἐξιστοῦ
505 1903 616 1968 ἕως
661 1900 792 1968 ἄρτι
842 1894 1213 1968 namnam
1272 1894 1390 1951 τῶν
1435 1894 1706 1968 οὐρανῶν

180 1974 479 2041 βιάζεται,
505 1964 606 2026 καί
628 1964 879 2035 ,βιασταὶ
912 1965 1282 2037 ἁρπάζουσιν
1308 1964 1519 2032 αὑτήν.

183 2087 384 2157 Φαμὲν
414 2085 473 2138 τὸ
501 2083 853 2154 μικρότερον
893 2098 959 2133 πε
971 2081 1023 2152 pi.
1051 2077 1214 2131 αὑτοῦ
1244 2077 1421 2145 λέγειν
1457 2076 1548 2129 τοῦ
1575 2078 1708 2148 Χρι-

126 2178 271 2232 στοῦ·
335 2177 656 2250 μικρότερον
697 2174 753 2226 δὲ
798 2172 939 2227 κατὰ
973 2170 1067 2241 τὴν
1099 2170 1319 2239 δόκησιν
1346 2169 1451 2223 τῶν
1479 2170 1705 2222 ἀκουόν-

121 2289 252 2325 των.
284 2270 367 2322 Τὸ
388 2271 463 2334 δὲ,
492 2270 561 2321 ἐν
588 2266 661 2335 τῇ
683 2265 971 2332 ,ϐασιλείᾳ
1002 2260 1119 2315 τῶν
1148 2260 1437 2329 οὐρανῶν,
1472 2260 1618 2331 δηλοί
1647 2262 1706 2313 ἐν

120 2366 232 2426 τοῖς
269 2362 685 2430 πνευματικοῖς,
724 2359 818 2410 καὶ
857 2360 916 2410 ὲν
966 2358 1078 2418 τοῖς
1120 2354 1240 2407 κατ’
1273 2353 1497 2424 οὐρανὸν
1533 2354 1703 2407 ἅπασι

126 2454 211 2505 καὶ
249 2451 459 2514 θεῖκοῖς
506 2450 725 2521 μείζονα
754 2448 1018 2519 ὑπάρχειν
1064 2446 1271 2499 ἐκείνου
1317 2446 1405 2497 τὸν
1444 2445 1697 2515 Χριστόν.

128 2545 309 2608 Οὕτως
334 2544 393 2597 δὲ
420 2542 843 2613 ἀναγνωσόμεθα
862 2581 877 2605 ,
905 2542 1011 2605 ὅτι,
1038 2540 1410 2608 Μικρότεροςθ
1440 2533 1576 2602 εἶτα,
1609 2554 1699 2607 μι-

132 2637 249 2708 κρὸν
299 2636 675 2699 διαλιπόντες,
722 2633 1012 2704 ἐποίσομεν
1049 2631 1143 2695 τὸ,
1181 2631 1276 2684 Ἐν
1315 2629 1389 2698 τῇ
1412 2630 1701 2697 βασιλείᾳ

133 2729 237 2784 τῶν
269 2727 551 2797 οὐρανῶν
566 2726 782 2797 μείζων
810 2726 997 2779 αὐτοῦ
1030 2726 1217 2779 ἐστιν.
1256 2724 1321 2775 Ἠ
1362 2722 1418 2774 δὲ
1454 2721 1700 2792 βασιλεία

134 2839 178 2875 τι
198 2839 225 2874 ν
250 2820 503 2890 οὐρανῶν
549 2819 710 2882 αὑτός
740 2820 884 2871 ἐστιν
911 2819 940 2870 ό
968 2817 1200 2889 Χριστὸς
1219 2858 1232 2881 ,
1263 2817 1700 2887 προτρεπόμενος

134 2914 323 2977 πάντας
351 2914 437 2975 εἰς
471 2910 778 2983 μετάνοιαν,
816 2910 912 2962 καὶ
946 2907 1116 2960 ἕλκων
1151 2909 1230 2971 εἰς
1259 2907 1447 2960 ἑαυτὸν
1489 2907 1576 2960 διὰ
1602 2907 1701 2977 τῆς

135 3008 369 3079 χάριτος.
478 3020 481 3021 ⁷

758 3096 914 3149 ΚΕΦ.
963 3094 1063 3147 ΙΒ’.

1881 1904 1999 1950 nus,
2048 1900 2261 1956 regnum
2302 1886 2547 1936 calorum
2590 1880 2636 1932 vi
2682 1880 2891 1948 agitur,
2938 1888 2988 1931 et
3035 1878 3241 1931 violenti
3284 1892 3373 1928 ra.

1875 1959 2024 2025 piunt
2067 1955 2222 2008 illud.

1881 2071 2155 2133 Dicimus,
2200 2068 2449 2120 minorem
2490 2063 2557 2118 de
2600 2063 2718 2132 ipso
2748 2060 2967 2117 Christo
3013 2060 3231 2116 dicere:
3275 2062 3379 2115 mi-

1810 2178 1997 2216 norem
2055 2174 2248 2228 nempe
2287 2159 2443 2227 juxta
2478 2156 2783 2225 opinionem
2828 2154 3184 2207 audientium.
3219 2153 3375 2219 Illud,

1806 2258 1859 2308 in
1912 2268 2069 2323 regno
2119 2250 2404 2313 calorum,
2457 2248 2662 2310 innuit,
2693 2247 2742 2299 in
2779 2244 3171 2315 spiritualibus,
3217 2254 3272 2299 et
3321 2245 3375 2298 in

1806 2347 2060 2402 omnibus
2098 2359 2217 2413 quae
2262 2344 2330 2395 ad
2363 2341 2558 2395 caalum
2593 2340 2865 2409 pertinent
2900 2348 2955 2393 et
3002 2353 3089 2392 res
3131 2338 3376 2405 divinas,

1805 2438 2059 2506 majorem
2110 2436 2211 2490 illo‘
2249 2450 2371 2490 esse
2410 2433 2708 2489 Christum.
2758 2431 2850 2486 Sic
2894 2432 3057 2502 igitur
3103 2430 3376 2497 legemus,

1805 2533 2019 2589 Minor:
2052 2532 2243 2586 deinde
2292 2530 2543 2600 pusillum
2599 2529 2890 2598 quodpiam
2924 2528 3272 2583 interstitium
3322 2527 3377 2581 in

1803 2628 2238 2698 pronuntiatione
2281 2625 2669 2694 relinquentes,
2701 2626 3080 2677 subnectemus
3110 2621 3272 2675 illud:
3309 2618 3377 2675 In

1803 2736 1957 2790 regno
1996 2720 2251 2773 caelorum
2281 2716 2456 2783 maior
2484 2717 2577 2769 illo
2610 2725 2707 2769 est.
2750 2715 2917 2769 Porro
2952 2730 3176 2784 regnum
3205 2713 3379 2767 cmlo-

1803 2829 1943 2877 rum,
1973 2822 2057 2867 est
2095 2811 2330 2881 ipsemet
2369 2809 2642 2871 Christus,
2695 2805 2784 2875 qui
2825 2806 3146 2860 adhortatur
3189 2818 3377 2859 omnes

1803 2908 1867 2961 ad
1896 2906 2301 2977 paenitentiam,
2330 2912 2385 2959 et
2414 2903 2586 2957 trahit
2626 2901 2692 2955 ad
2721 2902 2954 2969 seipsum
2990 2915 3088 2968 per
3114 2900 3371 2970 gratiam.

2438 3075 2584 3130 CAP.
2634 3074 2743 3129 XII.

138 3211 262 3281 Στιχ.
293 3211 367 3264 ιδ’
377 3252 389 3263 .
424 3212 488 3263 Οἱ
512 3209 580 3263 δὲ
606 3207 911 3281 Φαρισαῖοι
936 3206 1308 3281 συμὸοῷλιρν
1334 3205 1552 3281 EJ91607-
1572 3205 1697 3258 κατ’

1815 3188 1871 3243 V.
1916 3189 2001 3244 14.
2024 3187 2300 3281 _'I:Itarisa:i
2333 3198 2506 3281 autem
2535 3187 2812 3267 consilium
2842 3195 3093 3281 interu‘nt,
3124 3186 3376 3242 adversus

191 3276 384 3336 αὑτοῦ
422 3276 792 3345 ἐξελθόντες,
819 3278 979 3343 ὅπως
1009 3277 1196 3330 αὐτόν
1224 3276 1630 3329 ἀπολέσωσιν.

198 3376 344 3445 "Oct?
392 3390 476 3436 τις
520 3371 725 3441 ἐγγίζει
759 3370 836 3441 τῷ
879 3368 1086 3439 Ἰησοῦ,
1123 3366 1445 3438 συμϐούλιον
1470 3368 1530 3420 οὐ
1562 3368 1704 3438 λαμ-

138 3464 286 3521 ϐάνει.
324 3466 410 3517 Οὐ
454 3463 559 3535 γάρ
598 3460 807 3531 ἐγγίζει
853 3461 930 3531 τῷ
989 3457 1163 3529 Ἰησοῦ
1210 3460 1242 3529 ἡ
1290 3459 1566 3529 συμϐουλὴ
1598 3460 1704 3514 τῶν

142 3560 326 3613 κἰκῶν.
373 3559 500 3611 Ὅτε
526 3556 583 3610 δέ
614 3574 697 3619 τις
728 3554 821 3608 τοῦ
868 3552 1041 3625 Ἰησοῦ
1077 3552 1294 3625 ἔρχεται
1322 3550 1444 3616 ἔξω,
1477 3552 1707 3621 συμϐού-

143 3650 233 3704 λιον
274 3649 555 3721 λαμϐάνει
610 3647 702 3701 τοῦ
752 3646 1015 3700 ἀπολέσαι
1054 3645 1112 3699 τὸ
1159 3644 1294 3714 φῶς,
1329 3644 1426 3715 τὴν
1459 3643 1577 3697 ὁδὸν
1607 3643 1705 3715 τὴν

142 3741 362 3813 ἀγαθὴν,
394 3740 492 3812 τὴν
526 3738 690 3809 ζωὴν,
724 3737 813 3790 τὸν
834 3736 1120 3807 θησαυρὸν,
1155 3734 1246 3788 τὸν
1286 3735 1707 3807 μαρτυρήσαντα

144 3836 223 3903 τὴν
263 3834 516 3902 ἀγάπην,
548 3831 646 3902 τὴν
685 3831 927 3901 εἰρήνην.
973 3826 1171 3881 Τοῦτον
1209 3828 1272 3882 ἀν
1315 3846 1399 3892 τις
1440 3829 1702 3902 ἀπολέσῃ,

147 3927 235 3991 υἱὸς
258 3924 541 3986 ἀπωλείας
572 3923 831 3977 καλεῖται.

213 4018 360 4087 Στιχ.
395 4023 477 4069 ιε’.
520 4016 571 4066 Ὁ
600 4014 668 4067 δὲ
712 4013 961 4081 Ἰησοῦς,
991 4014 1172 4083 γνοὺς
1205 4013 1617 4083 ἀπεχώρησεν.

203 4111 310 4162 Οὐκ
354 4109 462 4161 ἔδει
513 4108 619 4179 γὰρ
663 4107 824 4160 αὑτὸν
876 4108 1056 4178 μένειν
1109 4107 1246 4179 μετὰ
1294 4108 1397 4161 τῶν
1440 4108 1572 4163 υἱῶν
1605 4109 1700 4180 τῆς

149 4200 424 4264 ἀπωλείας.
471 4200 694 4253 Ἐκεῖνοι
738 4199 1049 4265 ἀπώλεσαν,
1093 4202 1286 4270 ἡμεῖς,
1321 4199 1394 4270 μὴ
1436 4200 1703 4271 ζητήσαν-

150 4310 239 4357 τες,
266 4295 529 4366 εὕρομεν.
561 4293 833 4361 Εὑρέθην
861 4293 990 4362 γὰρ,
1031 4293 1184 4364 φησὶ,
1219 4293 1340 4359 τοῖς
1367 4293 1470 4361 ἐμὲ
1497 4292 1581 4362 μὴ
1610 4294 1703 4361 ζη-

151 4387 341 4441 τοῦσιν
364 4406 377 4418 ·
430 4386 703 4456 ἐμφανὴς
735 4386 1031 4455 ἐγενόμην
1072 4384 1193 4450 τοῖς
1227 4385 1329 4453 ἐμὲ
1361 4384 1446 4453 μὴ
1490 4385 1702 4452 ἐπερω-

2018 3261 2166 3312 illum
2207 3259 2542 3328 egredientes,
2585 3270 2636 3310 ut
2687 3258 2854 3325 ipsum
2889 3259 3181 3326 perderent.

1877 3350 2090 3417 Quanto
2143 3352 2266 3421 quis
2317 3350 2716 3421 appropinquat
2762 3347 2890 3401 .le'su
2940 3348 3226 3403 consilium
3268 3365 3375 3403 non

1808 3442 1924 3496 iuit.
1965 3441 2078 3497 Non
2114 3443 2256 3497 enim
2293 3442 2689 3512 appropinquat
2748 3436 2875 3493 Iesu
2928 3440 3211 3493 consilium
3256 3457 3376 3494 ma-

1807 3535 1999 3590 lorum.
2043 3535 2113 3591 At
2156 3535 2377 3605 quando
2423 3533 2548 3602 quis
2585 3544 2738 3586 extra
2780 3531 2966 3585 .lesum
3009 3533 3140 3597 abit,
3194 3534 3378 3588 consi-

1807 3627 1937 3680 Eum
1989 3625 2091 3680 init
2128 3626 2385 3701 perdendi
2447 3625 2660 3687 lumen,
2714 3624 2861 3676 viam
2920 3628 3139 3686 bonam,
3192 3626 3377 3692 vitam,

1809 3719 2143 3783 thesaurum,
2170 3716 2537 3771 testimonium
2568 3716 2941 3784 perhibentem
2982 3715 3050 3769 de
3079 3715 3379 3782 charitate,

1805 3826 1960 3881 pace.
2005 3809 2160 3864 IIunc
2200 3809 2245 3863 si
2279 3808 2399 3878 quis
2432 3808 2641 3878 perdat,
2688 3808 2827 3861 (ilius
2882 3807 3201 3878 perditionis
3232 3812 3254 3839 ⁵
3288 3823 3382 3865 vo-

1804 3914 1981 3959 catur.

1900 3996 1966 4054 ν.
2004 3996 2088 4051 15.
2128 3994 2281 4049 Jesus
2314 4004 2489 4049 autem
2528 4011 2647 4047 cum
2677 3996 3029 4064 cognovisset,
3067 3997 3296 4049 recessit.

1873 4088 1990 4143 Non
2027 4089 2169 4142 enim
2213 4087 2441 4141 decebat
2474 4087 2649 4157 ipsum
2693 4102 2911 4141 manere
2950 4104 3069 4142 cum
3104 4088 3227 4142 liliis
3257 4105 3381 4158 per-

1805 4181 2048 4235 ditionis.
2095 4180 2170 4233 Illi
2216 4180 2599 4249 perdiderunt,
2647 4194 2745 4233 nos
2788 4196 2884 4233 nec
2925 4191 3262 4250 quaerentes,
3298 4181 3381 4233 iu-

1804 4273 2049 4325 venimus
2086 4289 2099 4324 :
2129 4270 2378 4324 Inventus
2407 4272 2567 4334 enim,
2592 4272 2686 4336 ait,
2715 4288 2832 4324 sum
2863 4277 2926 4323 ab
2961 4272 3023 4324 iis
3051 4273 3139 4341 qui
3164 4288 3244 4324 me
3277 4288 3381 4326 non

1801 4362 2136 4431 quazrebant;
2173 4360 2483 4428 manifestus
2516 4360 2596 4428 [ui
2644 4362 2706 4413 iis
2745 4361 2835 4430 qui
2880 4377 2961 4414 me
3010 4378 3114 4414 non
3154 4364 3379 4413 interro-

152 4474 331 4531 τῶσιν.
366 4453 539 4540 Αὐτὸς
565 4477 673 4547 γὰρ
700 4453 862 4547 ἦλθεν
886 4453 978 4527 ἐπὶ
1015 4473 1082 4527 τὰ
1122 4474 1363 4545 πρόϐατα
1387 4474 1454 4527 τὰ
1486 4475 1697 4528 ἀπολω-

1815 4455 1991 4521 γιὺαηι
2022 4453 2064 4505 ⁸.
2101 4453 2217 4521 Ipse
2256 4454 2398 4505 enim
2450 4454 2584 4505 venit
2634 4454 2702 4505 ad
2733 4470 2846 4508 oves
2888 4470 3004 4523 qua:
3042 4454 3375 4522 perierant“;

153 4564 275 4622 λότα·
309 4570 464 4622 αὐτοὶ
492 4568 548 4621 δὲ
576 4567 901 4621 ἐπελάθοντο
928 4566 1021 4621 τοῦ
1067 4566 1196 4619 ἰδίου
1238 4567 1512 4637 ποιμένος.
1552 4568 1705 4621 Ἀνα-

151 4665 315 4732 χωρεῖ,
363 4662 425 4713 οὺ
470 4658 654 4723 δεδιὼς
700 4660 799 4731 τὴν
842 4658 1156 4729 ἐπιϐουλὴν,
1194 4658 1328 4711 ἀλλά
1364 4659 1462 4731 τὴν
1506 4661 1702 4715 κακίαν

155 4752 486 4804 ἀναστέλλων·
526 4751 621 4804 καὶ
653 4752 737 4804 ἵνα
775 4752 847 4823 μή
878 4768 961 4814 τις
999 4749 1154 4821 οἰηθῇ
1197 4749 1282 4803 διὰ
1314 4750 1511 4805 δειλίαν
1541 4754 1701 4807 αὐτὸν

156 4837 637 4910 ἀποκεχωρηκέναι,
669 4840 877 4903 πάντας
902 4834 1015 4893 ὀὖν
1061 4839 1424 4911 ἐθεράπευσε,
1466 4841 1561 4913 τὴν
1596 4861 1702 4897 πα-

157 4929 303 5002 ναλκῆ
329 4930 495 4984 αὑτοῦ
525 4930 926 5001 ἐνδεικνύμενος
949 4931 1197 5001 δύναμιν.
1223 4930 1366 5002 Πλὴν
1389 4932 1701 4987 ὑποστέλλει

158 5021 216 5093 μὴ
240 5023 671 5095 δημοσιεύεσθαι,
711 5021 784 5087 ὡς
818 5023 1062 5095 ἐπιεικὴς
1091 5024 1183 5076 καὶ
1214 5024 1537 5090 ἀκενόδοξος.

775 5203 931 5258 ΚΕΦ.
972 5203 1071 5258 II".

161 5312 219 5383 (δ)
244 5318 385 5388 Στιχ.
415 5318 517 5389 μδν.
560 5318 1030 5457 Ὀροίίὸηέστὶναή
1070 5319 1359 5441 ,βασίλεια
1382 5316 1501 5371 τῶν
1524 5319 1700 5386 οὐραο

572 5407 694 5442 νων
796 5404 1017 5457 σαυρῳ,
1047 5407 1099 5443 κ.
1127 5407 1177 5442 τ.
1239 5429 1251 5442 .

572 5407 694 5442 νων
722 5404 1017 5458 σησαυρῳ,
1047 5407 1099 5443 κ.
1127 5407 1177 5442 τ.
1204 5404 1251 5442 Α.

213 5479 335 5533 Καθ’
370 5481 564 5552 ἑτέραν
607 5481 663 5535 δὲ
703 5481 925 5553 ἐκδοχὴν
969 5482 1052 5552 εἴη
1095 5481 1138 5533 δ’
1169 5480 1265 5545 ἂν,
1307 5480 1474 5552 ἀγρὸς
1526 5479 1635 5551 μὲν
1671 5482 1704 5553 ἡ

1807 4554 1861 4598 at
1908 4545 1981 4598 illi
2026 4546 2228 4613 praprii
2282 4546 2514 4614 pastoris
2557 4545 2705 4598 obliti
2754 4555 2897 4599 sunt.
2960 4545 3216 4612 Recedit,
3269 4564 3374 4601 non

1807 4636 2013 4688 Veritus
2057 4635 2311 4699 insidias,
2364 4636 2457 4687 sed
2513 4634 2912 4701 improbitatem
2970 4638 3371 4704 comprimens:

1805 4737 1859 4780 et
1899 4737 1954 4779 ut
2012 4742 2079 4779 ne
2133 4726 2255 4796 quis
2302 4734 2581 4794 reputaret
2628 4738 2847 4795 propter
2889 4738 3088 4781 metum
3124 4745 3246 4783 eum
3292 4745 3379 4784 rc-

1808 4818 2073 4882 cessisse,
2128 4832 2318 4871 omnes
2365 4815 2613 4882 equidem
2657 4817 2900 4880 curavit,
2953 4821 3374 4889 omnipotentem

1807 4912 2063 4963 virtutem
2109 4925 2261 4964 suam
2306 4910 2621 4963 ostendens.
2678 4909 3060 4964 Verumtamen
3112 4923 3264 4966 cavet
3310 4928 3378 4967 ne

1820 5000 2147 5067 publicetur,
2187 5010 2442 5069 tanquam
2481 5009 2793 5054 mansuetus
2844 5003 3111 5068 videlicet,
3160 5014 3213 5059 et
3254 5005 3375 5073 glo-

1813 5095 1902 5147 n'a-
1942 5095 2198 5164 fugitans.

2429 5206 2582 5261 CAP.
2618 5208 2753 5267 XIII.

1854 5322 1919 5377 ν.
1951 5322 2040 5375 44.
2080 5322 2264 5376 Simile
2296 5335 2369 5377 est
2412 5343 2626 5396 regnum
2659 5328 2905 5381 caelorum
2937 5326 3204 5390 thesauro,
3237 5336 3341 5383 rte.

1884 5482 2189 5537 Secundum
2215 5484 2398 5553 _aliam
2432 5486 2829 5553 acceptionem,
2878 5499 3006 5555 ager
3044 5486 3205 5539 fuerit
3235 5486 3379 5540 Scri-

216 5597 250 5627 ²⁶
284 5600 413 5655 Luc.
450 5617 550 5667 xu,
592 5602 682 5657 52.
756 5601 958 5657 ‘Joau.
990 5618 1123 5667 xvu,
1167 5602 1254 5657 I2.
1331 5602 1352 5633 ⁸
1383 5600 1539 5658 Rom.
1590 5617 1647 5668 κ,
1691 5603 1702 5654 ε

1862 5604 1882 5634 ⁸
1915 5603 2101 5658 Matth.
2136 5620 2228 5672 xv,
2274 5605 2365 5662 ‘24.

218 5716 280 5789 (6)
309 5719 432 5776 Ηιεε
468 5721 745 5795 quashuc
802 5721 1115 5795 pertinent,
1158 5728 1463 5778 occurrunt
1509 5721 1563 5777 in
1617 5718 1739 5776 cod.
1777 5735 1970 5789 xxvm,
2030 5722 2168 5777 inter
2222 5720 2589 5795 expositiones
2626 5721 2678 5777 in
2716 5717 2937 5789 Lucam,
2973 5734 3045 5791 1p.
3092 5719 3161 5775 53
3209 5732 3365 5787 chq.

130 5808 131 5811 η
163 5780 252 5855 Ego
264 5780 456 5847 'versus
481 5780 730 5858 ascripsi.
