3942 6318
204 371 302 432 297
1400 396 1695 456 SCIIOLIA
1733 403 1802 458 IN
1841 403 2279 466 MATTHEUM.

197 497 301 552 τῶν
328 499 390 554 ἑν
441 503 754 578 ἀνθρώποις
791 513 1190 583 προαιρέσεων,
1230 519 1262 589 ἡ
1296 521 1561 576 παντοίων
1601 524 1734 578 ὲθνῶ

1873 528 2143 584 luntalum
2186 532 2239 585 in
2283 532 2613 602 hominibus,

195 590 405 660 κλῆσις.
456 596 727 665 Ἐργάται
762 604 1030 674 σαγήνης,

3333 425 3436 483 298

2661 547 2716 594 et
2748 542 3021 598 variarum
3056 547 3296 617 gentium
3330 564 3426 602 vo-

1057 607 1086 658 ό
1112 607 1316 679 Κύριος
1349 613 1443 664 καὶ
1468 615 1516 666 οἱ
1542 619 1734 687 προσελ

1869 620 2032 674 catio.
2067 619 2383 688 Operatores
2419 640 2651 694 sagenaa,
2697 627 2953 687 Dominus
3001 607 3107 694 esi.
3160 645 3217 689 et
3247 638 3424 706 angeli

193 679 372 744 θὸντες
411 685 637 755 ἄγγελοι
677 690 937 746 διακονεῖν
967 695 1134 766 αὐτῷ.
1172 699 1400 770 Ἀγγεῖα
1430 705 1488 756 αί
1523 679 1734 777 διαφορι

2116 679 2126 688 ,
2483 679 2512 694 ο
2701 679 2952 687 -------ν-
3005 679 3107 694 ν--.
3162 679 3217 689 ν-
3247 679 3424 706 -..ον--

1869 709 1959 777 qui
2001 713 2267 766 accedunt
2315 723 2371 766 ut
2405 714 2706 772 ministrent
2735 720 2805 772 ei.
2837 719 3000 788 Vasa,
3040 733 3166 780 sunt
3198 726 3426 784 diversa:

190 773 362 839 μοναί.
395 778 517 829 οὐκ
562 779 820 848 ἀνάγεται
861 784 975 855 δὲὴ
1010 790 1242 861 σαγήνη,
1266 791 1377 858 ἕως
1419 791 1491 851 οὗ
1518 797 1584 850 τὸ

1870 800 2200 856 mansiones.
2241 801 2357 857 Non
2391 805 2638 860 educitur
2667 818 2844 863 autem
2877 826 3095 881 sagena,
3125 818 3288 871 donec
3317 820 3426 888 ple-

180 876 341 928 ρωμα
369 865 496 920 τῶν
530 869 719 925 ἐθνῶν
742 875 1008 946 εἰσέλθῃ.
1035 880 1107 931 Ἦ
1129 879 1318 947 οὕτως·
1349 886 1588 956 Σαγήνη
1619 865 1734 943 ἐστῖ

183 953 682 980 ,ιι-..-πριαα
827 967 876 980 .,
989 970 1101 980 ..-
1241 975 1252 980 -
1466 978 1474 980 _

2940 865 3095 881 u"‘"'
3127 865 3280 871 ν---ην
3317 865 3396 888 r"

1867 893 2049 946 nitudo
2077 895 2480 963 gentiumintret
2509 896 2629 953 7-”.
2664 899 2759 956 Vel
2782 904 2862 957 sic
2890 921 2904 958 :
2937 905 3158 975 Sagena,
3188 920 3269 964 est
3293 926 3423 980 apo-

183 953 214 1022 ὴ
243 955 581 1032 ἀποστολικὴ
603 963 934 1031 διδασκαλία,
977 971 1010 1040 ἡ
1037 970 1360 1045 ἁδιακρίτως
1398 953 1734 1052 συλλαμϐανὰ

187 1044 316 1070 ..ιη-
358 1049 558 1070 ηιμ-ρλ
609 1061 614 1064 .
762 1057 772 1070 .
819 1059 936 1070 η...
1153 1064 1173 1070 -
1266 1066 1313 1070 μ

2077 953 2100 963 ν
2686 953 2691 954 ν
2719 953 2758 956 τί
2784 953 2860 957 ν-
2891 953 2901 958 ν
2937 953 3158 975 τ’-ῖινη-’ν
3190 953 3269 964 νυ·
3293 953 3392 980 "I’V

1864 982 2054 1036 stnlica
2097 984 2343 1038 doctrina
2371 1025 2387 1050 ,
2426 1002 2546 1055 quae
2601 989 3076 1049 indiscriminatim
3133 1011 3426 1070 congregat

186 1044 319 1115 μένη
358 1049 651 1118 Ἰούδαίους
690 1057 784 1110 καὶ
819 1059 1106 1132 Ἕλληνας,
1147 1064 1485 1140 βαρϐάρους,
1515 1044 1758 1138 Σκύθας,

179 1133 417 1202 δούλους,
437 1142 778 1218 ἐλευθέρους,
797 1153 1063 1222 πονηροὺς
1081 1155 1171 1207 καὶ
1189 1133 1758 1232 ἀγαθούςθάλασσα,

178 1225 206 1276 ὁ
239 1227 347 1280 τῶν
386 1233 696 1306 ἀνθρώπων
721 1239 853 1309 βίος.
903 1245 1205 1314 Αἰγιαλὸς,
1239 1225 1298 1302 τὸ
1325 1252 1501 1323 τέρμα
1545 1225 1756 1312 τούτουξ

189 1317 272 1370 Ἐν
303 1321 363 1374 δὲ
389 1328 460 1395 τῇ
490 1329 789 1401 συντελείᾳ,
824 1333 913 1386 ὅτε
957 1336 1264 1394 ἀνασπᾶται
1293 1345 1325 1414 ἡ
1356 1317 1563 1418 σαγήνη
1585 1390 1600 1412 ,
1657 1352 1760 1420 ἀφ-

173 1409 448 1479 ορίζονται
482 1418 594 1470 ἀπὸ
616 1420 723 1473 τῶν
753 1425 974 1492 φαύλων
1005 1430 1052 1480 οἱ
1084 1409 1375 1498 ἀγαθοὶξοί
1517 1409 1760 1512 τιμώμε-

1861 1069 2077 1129 Judteos
2101 1085 2150 1128 et
2181 1075 2415 1144 Graecos,
2447 1063 2756 1147 Barbaros,
2806 1083 3060 1156 Scythas,
3100 1103 3306 1155 servos,
3356 1091 3424 1147 li-

1861 1163 2041 1229 beros,
2090 1169 2262 1221 malos
2301 1177 2353 1220 et
2404 1167 2590 1226 bonos.
2637 1172 2807 1236 Mare,
2854 1187 2940 1231 est
2985 1179 3091 1232 vita
3122 1178 3420 1240 hominum.

1868 1253 2059 1323 Littus,
2094 1259 2218 1313 vita:
2243 1259 2383 1317 finis.
2423 1260 2480 1314 In
2510 1269 2972 1321 consummatione
3003 1284 3161 1333 vero,
3212 1276 3426 1340 quando

1860 1350 2107 1405 educitur
2146 1365 2367 1420 sagena,
2403 1366 2728 1424 separantur
2769 1372 2798 1409 a
2831 1359 2985 1414 malis
3016 1360 3182 1415 boni:
3232 1359 3320 1418 isti
3365 1375 3423 1419 ut

1861 1437 2214 1505 honorentur,
2269 1443 2347 1498 illi
2396 1455 2454 1498 ut
2499 1446 2810 1515 puniantur.
2863 1449 2977 1505 Non
3033 1455 3175 1508 enim
3239 1456 3422 1512 ﬁdeles

174 1517 271 1565 νοι,
314 1506 368 1556 οἱ
410 1507 472 1560 δὲ
512 1511 881 1584 κολαζόμενοι.
918 1519 992 1572 Ub
1028 1520 1136 1592 γὰρ
1162 1524 1380 1580 πάντων
1417 1529 1525 1583 τῶν
1553 1533 1734 1586 πιστῶε

174 1591 196 1610 ,
225 1609 258 1610 7,
398 1599 412 1610 ,
528 1603 541 1610 _
696 1606 737 1610 μ
845 1607 877 1610 ,γ

1857 1537 2046 1579 omnes
2091 1528 2252 1584 unius
2302 1533 2442 1586 modi
2484 1543 2629 1589 sunt.
2683 1536 2762 1590 Ac
2815 1553 2880 1592 ne
2929 1541 3050 1608 quis
3100 1539 3418 1610 arbitretur,

169 1591 353 1702 ῗμοιος
389 1599 420 1649 ὁ
445 1603 665 1672 τρόπος.
694 1606 806 1660 Ἵνα
838 1607 894 1661 δὲ
919 1610 992 1680 μὴ
1017 1591 1209 1685 νομίσῃ
1232 1633 1334 1680 τις,
1365 1619 1447 1672 ὅτι
1471 1619 1574 1687 ἔξω
1599 1625 1734 1692 μόνο·

1858 1615 1998 1682 quod
2043 1614 2192 1672 foras
2239 1621 2496 1676 duntaxat
2540 1625 2826 1695 ejiciantur
2873 1591 3115 1686 inﬁdeles
3153 1642 3208 1688 et
3252 1635 3418 1702 mali,

170 1682 467 1751 βάλλονται
499 1694 545 1745 οἱ
571 1693 789 1750 ἄπιστοι
818 1699 913 1752 καὶ
939 1703 1202 1773 πονηροὶ,
1236 1707 1540 1778 ἐσήμανεν,
1571 1714 1651 1766 ὅτι
1679 1717 1734 1767 εει

171 1777 195 1797 ᾳ
220 1796 223 1797 ,
362 1784 391 1795 ~
511 1787 542 1797 η
945 1793 956 1797 ⁸

1857 1704 2188 1774 signiﬁcavit
2212 1723 2304 1765 eos
2335 1713 2385 1766 in
2415 1723 2670 1770 aeternam
2696 1734 2910 1788 poenam
2944 1724 3104 1791 trudi,
3131 1725 3416 1797 inquiens:

164 1777 418 1855 διηνεκῆ.
462 1787 682 1842 κόλασιν
741 1793 1197 1863 παραπέμπονται
1222 1813 1237 1827 υ
1291 1777 1400 1852 Καὶ
1448 1777 1756 1865 ,ϐαλοῦσιν

1861 1796 1928 1851 Et
1959 1802 2159 1854 mittent
2194 1819 2278 1857 eos
2307 1807 2362 1858 in
2394 1805 2659 1874 fornacem
2686 1813 2818 1880 ignis
2851 1813 2916 1880 “,
2951 1827 3058 1870 etc.

161 1874 398 1943 αὐτοὺς
421 1881 509 1946 εις
535 1880 649 1950 τὴν
675 1881 927 1953 κάμινον
948 1886 1054 1940 τοῦ
1079 1889 1288 1956 πυρὸς,
1336 1894 1428 1946 καὶ
1451 1894 1520 1948 τὰ
1546 1896 1695 1966 ἑξῆς.
1784 1871 1826 1925 Β

824 1976 981 2030 ΚΕΦ.
1022 1979 1129 2032 ΙΗ⁴.

155 2057 311 2130 Στίχ.
346 2066 419 2114 ε’.
446 2060 568 2136 [καί
597 2063 666 2136 ac
689 2063 799 2136 cur
836 2065 1078 2136 δέξηται
1120 2071 1360 2126 παιδίον
1392 2078 1660 2132 τοιοῦτον

441 2133 542 2184 ἐπὶ
565 2131 643 2198 τῷ
666 2135 909 2204 ὀνόματί
923 2131 1042 2206 μου
1061 2179 1076 2202 ,
1109 2141 1214 2209 ἐμὲ
1241 2142 1492 2213 δέχεται.

227 2219 518 2291 Παραινεῖ
551 2223 797 2294 δέχεσθαι
849 2229 976 2292 τοὺς
1015 2233 1237 2297 πιστοὺς
1281 2236 1373 2287 ἐπὶ
1409 2236 1487 2307 τῷ
1531 2239 1751 2310 ὀνόματι

151 2311 338 2364 αὐτοῦ
360 2312 424 2364 ἓν
443 2315 644 2368 παιδίον
658 2317 949 2391 τοιοῦτον,ῆ
963 2321 1020 2374 ἓν
1036 2323 1289 2378 τοιούτων
1309 2327 1448 2398 (IO')
1466 2329 1573 2383 τῶν
1591 2351 1750 2386 πνευ-

153 2403 428 2471 ματικῶν
468 2407 559 2459 καὶ
599 2411 1041 2481 μεμορφωμένων
1082 2415 1172 2468 τὸν
1210 2415 1476 2489 Χριστὸν,
1515 2423 1656 2476 κατὰ
1686 2425 1746 2478 τὸ

152 2493 509 2547 ταπεινῶσαι
536 2496 594 2549 τὺ
633 2498 822 2552 ἑαυτοῦ
852 2502 1086 2574 πνεῦμα.
1128 2507 1282 2560 Κατὰ
1307 2507 1363 2560 δὲ
1390 2511 1482 2562 τὸν
1508 2513 1742 2578 Λουκᾶν,

157 2583 218 2636 τὸ
241 2583 604 2656 δεικνύμενον
626 2589 728 2642 ὑπὸ
759 2589 852 2643 τοῦ
881 2592 1130 2667 Σωτῆρος
1160 2599 1366 2653 παιδίον
1390 2601 1640 2672 δέχεσθαι
1665 2606 1746 2660 δεῖ

161 2676 217 2727 ὲν
240 2674 320 2746 τῷ
341 2677 572 2749 ὀνόματι
589 2681 773 2743 αὐτοῦ.
803 2683 889 2736 ἵνα
913 2685 971 2738 ἐν
1000 2687 1147 2758 αὐτῷ
1169 2688 1382 2763 δέξηται
1399 2693 1488 2747 τὸν
1509 2696 1742 2766 Χριστὸν

161 2766 291 2821 ὅντα
318 2770 419 2822 καὶ
447 2771 504 2824 ὲν
541 2771 617 2844 τῷ
653 2770 950 2847 Πνεύματι.
984 2780 1053 2832 Ἢ
1085 2779 1152 2834 ἓν·
1189 2784 1477 2848 τοιοῦτον,
1526 2789 1646 2842 ἐπεὶ
1682 2791 1740 2844 ἓν

164 2858 264 2909 εἰσι
294 2858 502 2924 πάντες
523 2863 573 2914 οἱ
607 2867 981 2935 πνευματικοί.
1004 2870 1306 2942 Προτρέπει
1333 2873 1388 2926 δὲ
1414 2877 1442 2928 ὁ
1473 2875 1627 2945 λόγος
1648 2880 1739 2932 καὶ

162 2946 219 2999 τὸ
241 2947 496 3020 δέχεσθαι
533 2952 638 3008 τῶν
668 2955 852 3009 ἁπλῶν
878 2959 972 3011 καὶ
1015 2962 1234 3032 πραέων
1253 2967 1318 3036 τῇ
1354 2967 1548 3039 καρδίᾳ
1580 2971 1636 3022 ἐν
1662 2970 1738 3042 τῷ

163 3032 299 3106 λόγῳ
332 3037 600 3108 Χριστοῦ.
648 3043 988 3100 Ἀνακόπτων
1029 3050 1091 3102 τὸ
1129 3032 1534 3121 φιλόνικον
1566 3032 1738 3132 μαθηί-

163 3126 262 3180 τῶν
294 3129 516 3202 (ἐπειδὴ
557 3134 644 3186 ὅτε
687 3137 736 3187 οἱ
761 3136 1064 3194 διδάσκαλοι
1102 3143 1394 3214 μάχονται,
1458 3149 1736 3222 σχίσματα

165 3219 396 3286 γίνονται
444 3224 650 3280 πολλῶν
691 3229 1216 3304 σκανδαλιζομένων,
1263 3219 1732 3311 βουλομέ’τῶν

165 3313 666 3387 σκανδαλιζομένων
699 3322 1028 3376 ἐπισπᾶσθαι
1058 3327 1138 3390 είς
1166 3327 1360 3392 αὐτοὺς
1390 3331 1514 3394 τοὺς
1533 3333 1734 3404 ἀκροα-

164 3405 293 3475 τὰς),
331 3410 598 3480 προλέγει
648 3412 743 3484 τὴν
780 3415 894 3484 μετ’
919 3416 1096 3470 αὐτῶν
1137 3422 1422 3493 τιμωρίαν.
1465 3421 1637 3478 Τοῦτο
1675 3426 1732 3478 δὲ

165 3497 603 3570 ἔπιτεταγμένως
637 3503 844 3576 ἐλέχθη.
870 3508 1158 3562 Τουτέστιν
1179 3510 1280 3564 κᾶν
1303 3514 1490 3586 εὐτελῆ
1522 3516 1730 3588 ἄνθρω-

167 3604 251 3641 πον
267 3591 369 3644 τῶν
388 3593 603 3647 πιστῶν
626 3597 1030 3672 σκανδαλίσητε,
1054 3601 1245 3674 βαρεῖα
1270 3605 1421 3657 ἔσται
1439 3605 1558 3659 καθ’
1578 3608 1607 3660 ὑ
1615 3608 1731 3680 μῶν

165 3679 194 3750 ή
220 3684 482 3755 τιμωρία.
520 3686 630 3757 Τὴν
653 3688 761 3760 γὰρ
792 3690 1064 3764 ἀφόρητον
1092 3695 1359 3766 τιμωρίαν
1386 3696 1473 3750 διὰ
1498 3697 1588 3751 τοῦ
1629 3699 1731 3770 μύ-

165 3768 244 3822 λου
266 3775 355 3826 καὶ
375 3779 827 3850 καταποντισμοῦ
853 3782 1126 3851 σημαίνει,
1156 3783 1254 3856 τὴν
1286 3786 1548 3858 ἐσομένην
1593 3768 1731 3860 μετὰ

165 3861 257 3915 τῶν
280 3867 413 3930 τοὺς
452 3869 721 3934 τοιούτους
762 3872 1109 3944 ὑϐριζόντων.
1149 3876 1448 3932 Σκάνδαλον
1486 3880 1595 3950 γὰρ
1642 3882 1730 3933 ἐν·

165 3953 320 4010 ταῦθα
340 3959 451 4030 τὴν
475 3959 631 4033 ὕϐριν
662 3962 834 4016 καλεῖ.
867 3964 1049 4019 Ταῦτα
1075 3967 1132 4020 δέ
1155 3985 1327 4040 φημι,
1363 3972 1546 4043 ἐπειδὴ
1569 3975 1617 4025 οί
1641 3993 1728 4044 μι-
1791 4005 1794 4009 -

167 4051 273 4118 κροὶ
295 4052 742 4109 εὐσκανδάλιστοί
770 4059 926 4121 εἰσιν,
962 4059 1046 4112 ἵνα
1076 4060 1149 4132 μὴ
1177 4065 1600 4136 καταφρονῶμεν
1624 4068 1723 4120 αὐ·-

168 4142 276 4196 τῶν.
320 4146 377 4200 '0
415 4147 522 4218 γὰρ
548 4149 721 4218 μέγας
739 4152 833 4205 καὶ
851 4151 1053 4218 τέλειος
1074 4157 1129 4208 ὲν
1149 4155 1314 4228 ἀρετῇ
1341 4160 1540 4223 παντὸς
1563 4178 1724 4215 σκαν-

166 4230 304 4289 δάλου
327 4244 683 4310 καταφρονεῖ.
725 4243 811 4310 Ἐξ
833 4238 906 4298 ὧν
929 4245 984 4298 δὲ
1006 4248 1255 4318 προλέγει
1283 4252 1375 4303 καὶ
1400 4251 1585 4323 θρηνεῖ
1596 4256 1721 4318 τοὺς

169 4329 426 4396 τοιούτους
448 4373 460 4396 ,
500 4332 714 4386 δίδωσιν
747 4335 928 4401 αὐτοῖς
959 4340 1150 4410 καιρὸν
1189 4343 1488 4412 μετανοίας.
1536 4345 1717 4398 Εἰπὼν

168 4415 231 4480 δὲ,
259 4419 527 4491 Ἀνάγκη,
557 4424 655 4476 οὐκ
677 4426 891 4496 ἀναιρεῖ
906 4428 966 4480 τὸ
990 4429 1347 4497 αὐτεξούσιον,
1365 4432 1496 4509 sua
1513 4433 1571 4485 τὸ
1589 4451 1718 4503 προ-

2452 1998 2600 2054 CAP.
2632 1999 2815 2058 XVIII.

1683 2079 1754 2134 ἓν
1855 2082 1919 2137 ν.
1949 2083 2005 2140 5.
2045 2085 2110 2140 Et
2148 2089 2440 2159 quicunque
2461 2097 2740 2161 susceperit
2769 2097 3056 2164 puellulam
3077 2102 3233 2158 talem
3248 2121 3410 2161 unum

2194 2177 2289 2228 pro
2321 2164 2522 2216 nomine
2549 2181 2682 2231 meo,
2719 2182 2800 2220 me
2825 2172 3062 2235 suscipit.

1927 2246 2188 2302 Hortatur
2222 2251 2429 2316 ﬁdeles,
2481 2263 2540 2306 ut
2575 2256 2873 2326 suscipiant
2909 2277 3004 2328 pro
3035 2265 3248 2320 nomine
3295 2269 3412 2336 ejus

1849 2352 2018 2391 unum
2066 2339 2302 2408 puellum
2353 2341 2700 2411 huiusmodi,
2749 2348 2832 2403 vel
2892 2367 3053 2406 unum
3107 2355 3408 2423 hujnsmodi

1847 2431 2235 2497 Spiritualium,
2273 2442 2327 2486 et
2357 2433 2412 2487 in
2447 2436 2642 2502 quibus
2677 2438 2946 2496 formatur
2985 2443 3230 2500 Christus
3257 2450 3409 2516 juxta

1846 2523 2092 2590 spiritum
2129 2539 2283 2579 suum
2313 2527 2404 2593 qui
2439 2527 2801 2584 humilitatem
2848 2533 3156 2590 insinuavit.
3201 2539 3411 2594 Secun-

1844 2615 1967 2668 dum
2002 2613 2199 2668 Lucam
2234 2631 2417 2684 porro,
2463 2617 2609 2672 illum
2662 2621 2857 2690 ipsum,
2909 2625 2998 2692 qui
3048 2643 3076 2681 a
3127 2628 3410 2686 Salvatore

1843 2714 2174 2760 monstratus
2203 2719 2306 2770 ρει,
2367 2709 2602 2776 puellum
2646 2714 2924 2782 suscipere
2967 2728 3185 2785 oportet
3230 2721 3280 2774 in
3314 2739 3410 2776 no-

1842 2796 1995 2853 mine.
2026 2794 2164 2862 ejus,
2198 2804 2255 2849 ut
2283 2797 2334 2850 in
2382 2797 2498 2866 ipso
2528 2800 2853 2868 suscipiatur
2892 2804 3165 2872 Christus,
3196 2812 3287 2880 qui
3322 2823 3406 2865 est

1837 2900 1891 2946 et
1935 2892 1988 2945 in
2043 2892 2271 2962 Spiritu.
2329 2891 2423 2948 Vel
2462 2911 2623 2949 unum
2672 2897 2851 2960 latent.
2899 2901 3024 2970 quia
3077 2919 3239 2958 unum
3279 2917 3406 2961 sunt

1839 2990 2147 3058 spirituales
2179 3005 2386 3045 omnes.
2417 2992 2684 3048 Admonet
2722 3005 2901 3051 autem
2942 3012 3141 3065 sermo,
3191 3009 3248 3056 ut
3276 3018 3404 3059 sus-

1837 3078 2104 3148 cipiantur
2145 3087 2200 3134 et
2249 3080 2558 3151 simplices,
2603 3094 2766 3153 atque
2825 3089 3091 3143 mansueti
3140 3091 3303 3145 corde
3347 3094 3398 3148 in

1762 3200 1804 3256 ρ
1840 3193 2093 3234 sermone
2135 3179 2362 3236 Christi.
2407 3183 2585 3251 Atque
2633 3185 2714 3239 sic
2760 3185 3048 3243 succidens
3095 3193 3400 3244 contentio-

1839 3284 1960 3323 nem
2005 3270 2386 3348 discipulorum
2455 3273 2728 3346 (quoniam
2773 3277 2867 3332 ubi
2916 3278 3165 3334 doctores
3194 3282 3401 3336 vitiliti-

1834 3369 1982 3430 gant,
2032 3364 2328 3417 schismata
2376 3365 2529 3432 ﬁunt,
2581 3368 2960 3424 scandalizatis
3010 3372 3217 3436 multis,
3269 3374 3397 3428 dum

1835 3453 1926 3521 qui
1957 3454 2421 3522 scandalizantur,
2453 3459 2670 3511 student
2714 3461 2936 3514 trahere
2967 3462 3019 3514 in
3059 3473 3242 3530 partes
3271 3481 3397 3519 suas

1835 3545 2156 3610 auditores),
2176 3547 2420 3614 praedicit
2439 3547 2769 3602 indicibilem
2797 3551 3054 3604 ultionem
3085 3568 3245 3619 quam
3273 3569 3395 3608 cum

1835 3651 1939 3707 illis
1977 3651 2206 3706 subituri
2257 3661 2405 3707 sunt.
2455 3653 2568 3707 Hoc
2617 3669 2748 3707 vero
2781 3669 2902 3708 cum
2955 3658 3277 3713 auctoritate
3325 3661 3398 3713 di-

1833 3755 1976 3797 ctum
2006 3751 2107 3798 est.
2136 3743 2358 3810 Nempe,
2397 3746 2439 3798 si
2476 3745 2559 3798 vel
2591 3744 2862 3799 hominem
2899 3745 3107 3800 ﬁdelem
3136 3734 3299 3802 unum
3329 3752 3397 3806 de

1835 3834 1996 3888 trivio
2027 3835 2554 3899 scandalizaveritis,
2595 3835 2776 3903 gravis
2815 3851 2911 3892 vos
2944 3849 3124 3893 manet
3158 3840 3391 3907 punitio.

1828 3925 2166 3982 Intolerabile
2227 3942 2463 3996 namque
2511 3928 2871 3997 supplicium,
2940 3945 3038 4001 per
3086 3932 3285 3987 molam
3335 3945 3388 3989 et

1826 4034 2220 4088 demersionem
2252 4033 2524 4104 signiﬁcat
2553 4049 2763 4099 eorum,
2797 4035 2886 4104 qui
2921 4037 3053 4091 tales
3086 4037 3279 4106 injuria
3311 4039 3392 4092 all-

1825 4126 2072 4180 fccerint.
2123 4123 2446 4179 Scandalnm
2483 4125 2626 4178 enim
2676 4126 2784 4198 _hic
2831 4127 3088 4196 injuriam
3128 4129 3386 4198 appellat.

1827 4219 1946 4273 Haec
1978 4234 2139 4289 porro
2187 4220 2332 4283 dico,
2367 4226 2426 4271 ut
2476 4219 2601 4288 quia
2657 4194 2864 4285 parvuli
2919 4219 3077 4273 facile
3109 4214 3387 4274 scantlali--

1822 4323 2033 4372 zantur.
2076 4327 2181 4365 non
2213 4322 2625 4365 contemnamus
2670 4324 2782 4366 eos.
2835 4309 2936 4376 Qui
2983 4311 3126 4365 enim
3161 4326 3387 4380 magnus

1819 4422 1880 4459 ac
1912 4405 2184 4474 perfectus
2215 4404 2265 4457 in
2306 4403 2510 4457 virtute
2535 4410 2639 4467 est,
2667 4417 2830 4458 omne
2860 4404 3202 4473 parvipendit
3225 4417 3386 4457 scan-

169 4513 444 4574 γνωστικὸν
486 4513 578 4567 τοῦ
628 4516 842 4582 πάντως
887 4521 1141 4591 ἐσομένου
1185 4523 1351 4593 δηλοῖ.
1394 4508 1490 4576 Διό
1524 4524 1615 4576 καὶ
1655 4524 1715 4576 τὸ
1749 4539 1794 4594 υ
1821 4513 2023 4566 (Ιθιιιηὶο
2073 4510 2150 4564 Ex
2197 4523 2261 4564 θο
2293 4523 2454 4577 Porro
2503 4510 2644 4577 ‘Wod
2697 4508 2980 4577 Ρτίθδίθίιν
3035 4520 3090 4562 ei
3143 4510 3386 4578 dep'ora"

169 4603 279 4655 οὐαί
311 4606 499 4668 αὐτοῖς
547 4607 826 4676 ἐπιφωνεῖ,
879 4611 953 4674 ὡς
1004 4613 1263 4677 ἑκουσίως
1296 4617 1567 4671 πταίουσι.
1603 4617 1711 4669 Κό--

170 4691 298 4749 λασιν
322 4698 382 4752 δὲ
399 4697 682 4768 λέγειτοὺς
696 4702 964 4774 ἀσέμνους
993 4709 1040 4771 (ί
1056 4709 1104 4777 Ι)
1145 4705 1352 4773 ζῶντας
1371 4708 1466 4762 ἀνθ
1473 4709 1708 4781 ρώπους.

1825 4604 2071 4658 homines
2117 4600 2447 4668 huiusmodi,
2500 4600 2685 4652 tribuit
2732 4599 2842 4652 illis
2879 4610 3086 4667 tempus
3114 4601 3385 4668 paeniten-

1819 4697 1926 4749 tiae.
1959 4692 2091 4748 Cum
2140 4706 2270 4746 vero
2304 4691 2471 4752 dicat,
2508 4689 2726 4743 Necesse
2760 4699 2859 4756 est,
2911 4707 3015 4746 non
3072 4692 3207 4745 tollit
3241 4691 3384 4744 arbi-

173 4794 243 4848 trii
288 4797 620 4862 libertatem,
678 4802 771 4855 sed
831 4805 1070 4858 ostendit
1133 4808 1601 4877 praecognitionem
1633 4823 1786 4860 suam
1825 4807 1893 4861 de
1942 4807 2102 4861 rebus
2149 4803 2369 4860 omnino
2397 4799 2691 4856 eventuris.
2725 4797 3085 4902 Quamobrem
3116 4802 3280 4856 etiam
3317 4801 3382 4902 tle

172 4884 260 4946 illis
296 4897 414 4951 me!
472 4898 778 4967 exclamat,
831 4909 1086 4970 tanquam
1135 4901 1226 4969 qui
1272 4909 1462 4968 sponte
1503 4902 1777 4957 labantur.
1847 4899 2182 4969 Supplicium
2253 4906 2433 4950 autem
2471 4904 2623 4952 vocat
2677 4898 2927 4953 homines
2992 4897 3246 4950 indecore
3301 4892 3384 4945 vi-

172 4997 349 5043 ventes.

173 5073 243 5126 Στ.
266 5073 430 5161 κ’..ρῦ
450 5078 691 5161 γάρ-εἱσι
713 5081 820 5161 δύο
846 5081 1061 5161 ﬁt};qu
1079 5082 1122 5161 (1
1141 5082 1600 5161 1⁸).συνημμρνοι
1623 5084 1709 5149 είς

1844 5079 1876 5133 τ.
1923 5077 2013 5132 20.
2057 5075 2156 5129 Ubi
2191 5075 2467 5161 enimsunt
2503 5072 2607 5156 duo
2630 5073 2707 5127 vel
2744 5081 2848 5161 (res
2882 5057 3111 5140 coaptati
3133 5073 3187 5127 in
3205 5090 3374 5128 meum

285 5151 346 5202 τὸ
371 5150 518 5220 ἐμὸν
551 5152 755 5220 ὄνομα,
782 5151 909 5205 ἐκεῖ
925 5155 1038 5221 εἰμι
1069 5150 1137 5206 ἐν
1159 5150 1325 5220 μέσῳ
1350 5150 1564 5208 αὐτῶν.

173 5235 244 5290 rt:-
263 5251 358 5297 m’.
389 5245 523 5298 Τότε
552 5245 902 5312 προσελθὼν
921 5245 1080 5310 αὐτῷ
1105 5249 1138 5299 ὀ
1163 5247 1399 5314 Πέτρος,
1424 5243 1571 5299 εἷπε·
1597 5249 1707 5300 Κύ-

221 5327 320 5386 ριε,
346 5315 602 5386 ποσάκις
633 5316 960 5384 ἁμαρτήσει
982 5317 1191 5386 εὶςίέμὲ
1211 5321 1244 5371 ό
1283 5317 1542 5386 ἀδελφός
1565 5335 1702 5386 μου,

225 5384 311 5436 καὶ
331 5384 542 5454 ἀφήσω
574 5386 768 5451 αὐτῷ;
794 5386 904 5451 ἓως
935 5385 1212 5453 ἑπτάκις;

226 5473 317 5527 Δύο
336 5476 665 5548 συνημμένοι
702 5478 794 5530 ἐπὶ
824 5476 902 5548 τῷ
932 5478 1026 5531 τοῦ
1062 5479 1297 5548 Χριστοῦ
1330 5480 1573 5551 ὀνόματι,
1605 5477 1706 5530 σῶ-

257 5617 341 5658 ⁷-¹¹
379 5619 533 5676 Rom.
572 5635 648 5684 XI,
688 5619 778 5674 25.
855 5621 897 5650 “
928 5619 1118 5674 Matth.
1155 5637 1272 5686 χιιι,
1300 5620 1388 5674 50.

229 5734 345 5807 (10⁸)
378 5738 680 5807 Τοιούτων.
706 5713 867 5790 Forte
896 5733 1156 5800 τοιοῦτον,
1207 5745 1265 5791 ιιι
1306 5745 1358 5793 et
1425 5736 1692 5807 interpres

175 5805 334 5871 ngiSSe
368 5811 594 5865 videtur.
633 5806 790 5861 EDIT.

487 5929 758 5988 PATROL.
801 5926 918 5989 Gn.
966 5923 1166 5987 XVII.

2059 5163 2267 5207 nomen,
2312 5147 2384 5198 ibi
2425 5161 2541 5198 sum
2577 5147 2632 5197 in
2669 5145 2840 5198 medio
2884 5161 3088 5197 eorum.

1814 5241 1874 5295 V.
1906 5241 1995 5294 21.
2040 5237 2183 5291 Tunc
2230 5236 2477 5290 accedens
2529 5237 2596 5287 ad
2634 5250 2750 5288 eum
2792 5235 3009 5299 Petrus,
3043 5237 3213 5290 dixit:
3265 5235 3376 5290 Dn-

1880 5313 2050 5372 ntine,
2083 5307 2284 5395 quoties
2320 5305 2554 5387 peccabit~
2601 5305 2654 5395 ir:
2699 5323 2778 5360 me
2817 5306 2985 5374 frater
3015 5323 3156 5360 meus
3198 5317 3245 5360 et
3287 5309 3375 5395 tli-

1880 5377 2200 5434 ntittantei.’
2236 5394 2394 5445 usque
2428 5377 2652 5440 septies?

1879 5474 1996 5529 Duo
2045 5471 2281 5540 coaptati
2327 5484 2426 5540 pro
2473 5469 2674 5526 Christi
2711 5469 2954 5536 nomine,
2999 5477 3128 5526 sunt
3174 5483 3371 5540 corpus

1897 5729 1996 5806 Il)‘
2024 5727 2368 5806 ξᾼονέμνους.
2398 5725 2858 5806 Ἐριιτ-ᾲσέμνως.
2895 5725 3056 5781 Eutr.
3109 5793 3130 5806 _
3214 5805 3219 5806 γ
3251 5791 3282 5806 υ

1897 5730 1979 5788 Il)
2024 5730 2368 5796 Ἀσέμνους.
2398 5730 2560 5780 Forte
2589 5730 2858 5796 ὰσέμνως.
2895 5730 3056 5781 Eutr.
3272 5792 3282 5806 .

1868 5730 1920 5871 ii
1936 5799 2006 5871 Γ)
2026 5800 2194 5871 Vulgo
2211 5797 2553 5868 συνηγμένοι.
2573 5796 2666 5852 llic
2682 5807 2736 5852 et
2757 5799 2807 5852 in
2830 5812 2982 5860 seqq.
3001 5793 3186 5852 confer
3201 5791 3367 5850 edita.

2816 5913 2961 5972 -ιο
