3942 6318
508 389 615 446 9.99

1380 385 1938 444 SUPPLEMENTUM
1979 386 2073 442 AD
2108 383 2432 443 ORIGENIS
2471 382 2883 443 EXEGETICA.

3623 397 3715 452 390

510 519 564 561 et
602 507 824 577 spiritus
861 506 1089 560 invicem
1133 520 1238 561 non
1281 505 1613 576 pugnantia:
1647 506 1890 574 subjecto
1923 505 2074 560 vide-

2186 519 2255 574 μα
2287 501 2382 556 καὶ
2409 499 2624 572 πνεῦμα
2648 542 2662 567 ,
2698 501 2771 574 μὴ
2804 502 3328 575 άντιστρατευόμενα
3347 521 3359 531 ·
3391 505 3720 576 ὑποταγέντος

513 599 639 654 licet
683 613 933 668 corpore,
968 598 1156 667 spiritu
1200 606 1378 652 autem
1409 597 1844 652 communicaute
1892 598 1939 653 ei
1993 600 2076 650 di-

510 691 696 746 vinam
739 691 908 745 vitam
944 708 959 756 ;
1006 702 1107 744 tm
1154 698 1360 755 autem,
1415 689 1556 758 quod
1587 701 1674 745 est
1716 700 1885 745 totum
1936 691 2078 744 inte—

514 799 696 854 grum,
742 783 986 852 spiritus,
1030 783 1243 846 anima,
1297 798 1534 853 corpus.
1584 793 1766 838 servat
1822 784 2076 838 adventui

521 873 748 928 Christi.
786 872 881 928 Vel
911 873 1016 926 duo
1050 871 1252 927 fuerint
1300 873 1405 928 duo
1435 882 1780 937 testamenta,
1811 888 1935 928 eum
1965 873 2077 927 col-

523 965 695 1020 lector
743 981 930 1020 eorum
981 964 1216 1033 Spiritus
1261 974 1482 1019 sanctus
1528 965 1580 1018 in
1625 965 1756 1035 ipsis
1807 965 1920 1030 sit;
1977 973 2079 1017 tres

517 1070 647 1110 vero
688 1055 969 1126 (indicare
1009 1054 1268 1125 possunt)
1295 1054 1501 1124 .legem,
1542 1055 1852 1125 prophetas,
1913 1054 2081 1108 Evan-

521 1148 720 1216 geliutu
752 1160 765 1195 :
803 1146 885 1201 vel
925 1148 1188 1209 animum,
1231 1147 1744 1216 concupiscentiam,
1767 1148 2031 1200 rationem
2062 1162 2076 1209 ;

519 1237 602 1291 vel
650 1239 1024 1303 vocationem,
1074 1251 1130 1292 et
1180 1238 1523 1300 electionem,
1575 1247 1632 1292 et
1681 1239 1964 1291 nobiscum
2013 1237 2080 1291 ad

515 1329 750 1398 primum
781 1328 1042 1382 honorem
1079 1337 1386 1382 revocatum
1416 1342 1584 1396 genus
1613 1328 1930 1382 humanum.
1972 1327 2081 1380 Ob-

516 1436 670 1476 serva
720 1434 906 1488 porro,
951 1434 1072 1472 eum
1121 1433 1226 1472 non
1270 1419 1488 1486 dixisse,
1536 1435 1647 1484 ero,
1695 1419 1787 1473 sed
1824 1434 1960 1471 sum.
2013 1417 2082 1472 Ut

516 1510 658 1566 Deus
689 1511 834 1565 enim
869 1510 1068 1578 ubique
1102 1512 1388 1576 exsistens,
1427 1511 1477 1564 in
1517 1512 1692 1566 medio
1723 1520 1805 1566 est
1849 1527 2078 1574 eorum,

513 1605 606 1672 qui
639 1618 734 1674 per
763 1603 1016 1672 pietatem
1049 1603 1472 1674 coniunguntur.
1520 1603 1765 1658 Potentia
1798 1607 1939 1659 enim
1985 1605 2078 1659 Dei

512 1697 754 1749 oumium
808 1711 989 1749 rerum
1043 1696 1362 1766 iuspectrix,
1414 1697 1642 1752 indivise
1685 1697 1857 1752 divisa
1911 1697 1970 1750 lit
2016 1698 2082 1750 iis

513 1787 602 1856 qui
637 1787 782 1856 digni
828 1797 973 1842 sunt.
1651 1838 1668 1848 κ

585 1878 1028 1948 Quandoquidem
1055 1879 1500 1936 remittendarum
1521 1880 1574 1935 in
1596 1895 1693 1936 nos
1718 1880 2078 1936 oll‘ensionum

515 1986 622 2026 nos
683 1971 886 2025 domini
929 1986 1134 2040 sumus,
1170 1986 1353 2026 earum
1385 1987 1515 2028 vero
1547 1989 1664 2044 qua:
1708 1974 1759 2027 in
1801 1973 1966 2029 Deum
2001 1975 2080 2029 fe-

514 2073 726 2128 runtur,
781 2079 884 2117 non
939 2063 1077 2118 alius
1127 2063 1230 2118 nisi
1281 2065 1420 2118 Deus
1471 2065 1731 2134 ipsemet;
1788 2077 2076 2136 prapterea

512 2155 650 2209 dixit
697 2155 888 2210 Petrus
936 2156 1086 2220 illud,
1131 2157 1187 2209 in
1220 2172 1321 2209 me.
1366 2155 1707 2226 Interrogans
1736 2159 1904 2220 enim,
1940 2174 2079 2228 quo-

514 2264 684 2317 usque
713 2259 961 2318 oporteat
989 2250 1304 2318 injuriarum
1338 2265 1442 2304 non
1475 2264 1594 2304 esse
1625 2265 1912 2310 memores.
1960 2259 2080 2304 tau-

511 2352 672 2408 quam
707 2339 910 2407 grande
947 2340 1074 2408 quid
1103 2340 1350 2410 apposuit
1377 2340 1506 2394 illud
1537 2340 1740 2409 septies.
1777 2340 1846 2393 At
1895 2339 2080 2394 Domi--

514 2445 614 2484 nus
660 2431 834 2485 nullus
863 2445 984 2485 esse
1032 2431 1234 2485 debere
1273 2431 1474 2485 limites
1527 2430 1828 2486 clementia:
1864 2429 2074 2500 signifi-

513 2536 664 2585 cans,
713 2522 788 2575 ait
826 2521 976 2587 illud,
1024 2525 1317 2594 septuagies
1351 2533 1581 2591 septem:
1632 2523 1732 2576 hoc
1786 2531 1891 2588 est,
1941 2537 2076 2591 quo-

2183 595 2280 665 μέν
2311 594 2404 648 τοῦ
2437 593 2705 665 σώματος,
2729 593 2820 648 τοῦ
2850 594 2906 648 δέ
2937 596 3246 668 πνεύματος
3271 596 3620 667 μεταδιδόντος
3638 601 3724 655 αὐ-

2178 687 2256 758 τῷ
2287 687 2436 751 Θείας
2469 687 2632 758 ζωῆς·
2666 687 2824 756 τρεῖς
2852 687 2909 740 δέ
2933 705 2992 740 τε
3020 688 3132 760 (15)
3160 688 3468 761 ὁλόκληρον,
3495 691 3723 762 πνεῦμα,

2177 775 2351 847 ψυχὴ,
2383 776 2562 847 σῶμα,
2590 779 2746 848 τηρεί
2773 778 2840 848 τῇ
2877 779 3151 850 παρουσίᾳ
3189 779 3445 850 Χριστοῦο
3486 782 3554 833 Ἠ
3576 784 3628 835 ai
3644 783 3728 838 δύο

2177 869 2451 941 διαθῆκαι,
2485 871 2610 923 ὅταν
2655 872 2684 923 6
2718 872 3063 939 συναγωγεὺς
3103 871 3288 924 αὐτῶν
3333 871 3394 925 τό
3437 873 3649 944 Πνεῦμα
3677 876 3732 930 τδ

2181 961 2336 1029 ἅγιον
2357 963 2415 1014 ἐν
2443 963 2631 1026 αὑταῖς
2716 981 2728 992 ο
2756 963 2913 1032 τρεῖς
2937 964 3013 1028 δὲ,
3043 966 3227 1036 νόμον,
3261 966 3558 1036 προφήτας,
3576 968 3733 1036 Εὐαγ-

2179 1053 2356 1121 γέλιον
2376 1069 2388 1080 ⁸
2421 1054 2454 1126 ἢ
2477 1053 2642 1124 θυμὸν
2671 1058 2765 1108 καὶ
2792 1052 3101 1124 ἐπιθυμίαν,
3127 1056 3222 1109 καὶ
3249 1054 3508 1125 λογισμόν
3535 1071 3548 1084 ·
3593 1055 3732 1129 ἢτὴν

2182 1144 2372 1214 κλῆσιν
2415 1146 2506 1198 καί⁸
2540 1146 2767 1218 ἐκλογὴν
2787 1190 2801 1213 ,
2835 1148 2930 1200 καὶ
2974 1147 3035 1200 τὸ
3067 1149 3144 1210 εἰς
3176 1145 3402 1218 πρώτην
3434 1147 3589 1218 τιμὴν
3616 1166 3734 1202 τασ-

2183 1235 2406 1306 σόμενον
2435 1236 2588 1304 γένος
2620 1238 2738 1308 μεθ’
2760 1239 2934 1310 ἡμῶν.
2955 1241 3031 1311 Ti}
3040 1257 3117 1310 ρει
3141 1239 3222 1304 δὲ,
3241 1240 3325 1292 ὅτι
3338 1239 3436 1292 οὐκ
3452 1235 3596 1293 εἶπεν
3615 1241 3738 1295 ἐσο-

2175 1343 2281 1395 μαι
2302 1367 2316 1391 ,
2355 1327 2468 1380 ἀλλ’
2494 1330 2630 1398 εἰμί.
2649 1330 2735 1393 Ὠς
2762 1331 2893 1393 Θεὸς
2925 1330 3034 1402 γὰρ
3065 1330 3343 1401 πανταχοῦ
3383 1329 3478 1396 ὢν,
3522 1335 3576 1384 ἐν
3604 1334 3737 1404 μέσῳ

2181 1418 2296 1470 ἐστὶ
2337 1419 2442 1472 τῶν
2474 1420 2542 1473 δι’
2563 1421 2841 1485 εὐσεϐείας
2883 1421 3328 1492 συναπτομένων.
3365 1423 3430 1476 Ἡ
3469 1423 3575 1495 γὰρ
3612 1442 3736 1479 παν-

2183 1508 2478 1573 επίσκοπος
2498 1511 2591 1563 τοῦ
2621 1512 2755 1566 Θεοῦ
2779 1512 3004 1584 δύναμις
3033 1513 3332 1584 ἀμέριστος
3358 1517 3583 1588 μεριστὴ
3609 1517 3738 1585 γίνε-

2180 1617 2270 1654 ται
2301 1603 2411 1664 τοῖς
2443 1601 2632 1668 ἀξίοις.

2267 1878 2481 1950 Ἐπειδὴ
2525 1876 2634 1931 τῶν
2670 1880 2748 1942 είς
2793 1877 2936 1951 ἡμᾶς
2975 1880 3332 1951 πταισμάτων
3377 1882 3538 1951 ἡμεῖς
3581 1881 3740 1953 κύριοί

2114 1938 2156 1993 Β
2185 1973 2348 2042 ἐσμεν
2363 1970 2455 2024 τοῦ
2469 1938 2870 2044 συγχωρείν,δὺ
2990 1971 3102 2044 (14)
3121 1938 3227 2026 τῶν
3261 1975 3342 2036 εἰς
3380 1938 3742 2043 ὅεὸνϋφθανόν-

2183 2081 2289 2116 των
2310 2065 2356 2115 εί
2387 2064 2459 2135 μὴ
2485 2065 2644 2128 αὐτὸς
2668 2066 2696 2116 ό
2716 2065 2848 2128 Θεός
2867 2081 2882 2096 ο
2909 2065 2996 2118 διὰ
3021 2064 3178 2117 τοῦτο
3202 2059 3359 2117 εἶπεν
3391 2065 3420 2116 6
3451 2064 3646 2136 Πέτρος
3665 2065 3738 2128 τὸ,

2182 2158 2268 2222 εἰς
2281 2155 2402 2225 ἐμέ.
2423 2157 2476 2209 Ἐ
2485 2157 2666 2229 ρωτῶν
2682 2157 2809 2227 γὰρ,
2827 2157 2930 2219 ἓως
2943 2156 3086 2218 τίνος
3101 2155 3262 2226 χρεία
3283 2155 3358 2226 μὴ
3380 2159 3737 2227 μνησικακεῖν,

2182 2247 2257 2310 ὼς
2293 2247 2433 2317 μέγα
2473 2247 2778 2320 προσέθηκε
2824 2247 2904 2310 τὸ,
2941 2247 3205 2312 ἑπτάκις.
3259 2247 3317 2299 '0
3345 2248 3401 2299 δέ
3429 2247 3654 2318 Κύριος,
3687 2247 3739 2297 τὸ

2184 2338 2406 2408 ἇπέιρον
2431 2338 2708 2409 σημαίνων
2744 2339 2845 2409 τῆς
2879 2338 3229 2404 ἀνεξικακίας
3249 2377 3263 2400 ,
3299 2334 3454 2391 εἶπεν
3486 2339 3564 2401 τὸ,
3591 2337 3738 2390 ἐϐδο-

2175 2429 2542 2499 μηκοντάκις
2592 2430 2774 2484 ἑπτά·
2813 2430 3122 2483 τουτέστιν⁸
3166 2431 3391 2494 Ὁσάκις
3423 2431 3634 2502 ἁμάρτῃ
3668 2430 3738 2492 εἰς

2185 2522 2274 2586 σὲ,
2306 2521 2404 2575 ἐὰν
2435 2525 2665 2594 μετανοῇ
2688 2562 2703 2587 ,
2731 2523 2864 2593 ἄφες
2889 2521 3055 2593 αὐτῷ.

515 2613 837 2683 tiescunque
895 2621 1083 2683 peccet
1135 2615 1186 2667 in
1249 2623 1340 2680 te,
1399 2613 1442 2669 si
1497 2629 1617 2668 eum
1673 2613 1938 2683 pmnitct,
1995 2613 2205 2666 dimitte
2237 2613 2307 2666 ei.

582 2711 844 2778 Quoniam
895 2709 949 2763 in
1001 2710 1485 2764 excomtnunicatis
1537 2723 1844 2762 mensuram
1898 2709 2081 2765 deter:

511 2801 740 2856 minavit
782 2799 1032 2854 Christus
1061 2799 1197 2870 (l2),
1234 2815 1338 2853 non
1364 2801 1490 2854 item
1521 2800 1684 2851 etiam
1718 2799 1769 2852 in
1818 2799 2075 2868 paeniten-

513 2890 675 2956 tibus,
709 2890 902 2943 merito
935 2891 1234 2958 interrogat
1263 2890 1472 2950 Petrus.
1515 2905 1797 2960 quousque
1825 2897 2075 2957 oporteat

515 2982 790 3050 suscipere
827 2982 1204 3050 pmnitentem.
1257 2981 1488 3035 Attende
1534 2997 1719 3049 porro,
1753 2983 1795 3036 si
1834 2981 1948 3035 licri
1981 2994 2075 3050 po-

515 3075 649 3126 test:
694 3071 958 3138 Quoniam
1014 3086 1271 3126 numerus
1328 3073 1575 3126 senarius
1619 3073 1961 3140 operatorius
1993 3078 2074 3125 est

2265 2707 2479 2779 Ἐπειδὴ
2521 2708 2612 2761 ἐπὶ
2654 2707 2762 2762 τῶν
2796 2707 3207 2780 ἀφοριζομένων
3246 2709 3445 2780 μέτρον
3488 2709 3674 2782 ὥρισεν
3711 2711 3738 2764 ὁ

2178 2800 2412 2872 Χριστὸς
2431 2841 2444 2862 ,
2477 2799 2538 2852 οὺ
2576 2799 2680 2872 μὴν
2716 2801 2809 2854 καὶ
2837 2801 2928 2853 ἐπὶ
2952 2801 3058 2853 τῶν
3087 2800 3511 2871 μετανοούντων,
3537 2800 3738 2863 εἰκότως

2180 2891 2357 2962 ἐρωτᾷ
2391 2891 2418 2943 6
2455 2890 2661 2961 Πέτρος
2708 2889 2800 2942 τόο
2839 2889 2984 2953 Ἕως
3032 2890 3200 2942 πόσου
3251 2889 3333 2942 δεῖ
3369 2888 3614 2960 δέχεσθαι
3657 2889 3737 2940 τὸν

2159 2982 2581 3055 ,μετανοοῦντα;
2626 2984 2766 3055 Ὅρα
2800 2983 2858 3036 δέ
2895 2984 2943 3036 εί
2989 2981 3210 3036 δύναται
3237 2998 3252 3012 ο
3308 2983 3461 3036 Ἐπεὶ
3499 2984 3527 3036 6
3568 2981 3660 3052 μὲν
3687 2981 3738 3046 ἒξ

2179 3074 2410 3147 ἀριθμὸς
2442 3075 2728 3148 ἐργατικὺς
2762 3077 2854 3128 καὶ
2879 3075 2936 3127 ὲν
2969 3075 3176 3143 γενέσει
3215 3077 3450 3149 κόσμου,
3491 3078 3518 3129 6
3541 3076 3593 3129 δὲ
3614 3074 3738 3128 ἑπτὰ

513 3165 679 3220 etiam
713 3165 763 3218 in
797 3163 1151 3234 productione
1179 3163 1389 3226 mttudi,
1430 3163 1776 3232 septenarius
1822 3178 1949 3216 vero
1989 3178 2073 3217 re-

2186 3167 2534 3231 ἀναπαύσεως
2560 3186 2572 3197 ·
2608 3169 2636 3220 6
2685 3169 2783 3238 μὲν
2828 3167 2896 3221 τὰ
2942 3167 3033 3221 τοῦ
3067 3169 3279 3238 κόσμου
3313 3169 3406 3221 κα)¹
3439 3167 3593 3220 ὑλικὰ
3619 3169 3740 3234 ἁγα-

513 3257 750 3326 qnietem
786 3256 989 3320 habet;
1040 3255 1084 3310 is
1121 3255 1214 3324 qui
1262 3255 1529 3308 mundana
1569 3265 1623 3307 et
1667 3255 1966 3308 materialia
2003 3256 2078 3310 di-

515 3350 653 3420 ligit,
707 3363 953 3418 peccans,
1029 3346 1186 3401 linem
1247 3347 1411 3401 habet
1466 3346 1852 3400 hebdomadam
1889 3363 1901 3396 :
1933 3347 2075 3414 quod

514 3440 819 3510 recogitans
855 3438 1066 3504 Petrus,
1101 3437 1377 3508 indulgere
1427 3437 1538 3491 vult
1586 3439 1813 3505 septies.
1867 3439 1935 3490 At
1972 3439 2076 3492 Do-

514 3531 689 3586 minus
737 3530 980 3585 extendit
1026 3529 1129 3584 hoc
1179 3530 1368 3583 eodem
1425 3528 1604 3589 modo,
1655 3527 1824 3581 relata
1870 3529 2078 3580 unitate

514 3639 636 3678 cum
673 3625 1024 3693 proportione
1052 3624 1117 3677 ad
1155 3620 1386 3678 decadas
1417 3629 1471 3674 et
1507 3621 1818 3674 centurias:
1853 3620 1988 3674 adeo
2021 3630 2078 3672 ttt

512 3717 603 3786 qui
653 3719 927 3772 mundana
991 3717 1366 3776 transcendit,
1441 3729 1546 3768 non
1602 3713 1830 3784 amplius
1882 3713 2080 3768 habeat

514 3811 889 3864 remissionem
939 3821 1308 3878 peccatorum.
1357 3807 1630 3863 Remissio
1667 3806 1809 3860 enim
1847 3805 1937 3860 hic
1991 3804 2074 3868 ﬁt,

512 3904 626 3958 sive
658 3905 835 3957 serius
866 3903 980 3957 sive
1007 3904 1172 3956 citius
1207 3901 1367 3973 (l2‘).

1119 3993 1272 4048 CAP.
1317 3991 1456 4045 XXI.

515 4085 578 4139 ν.
611 4085 700 4139 55.
733 4084 904 4138 Homo
948 4094 1059 4137 erat
1102 4081 1521 4152 paterfamilias,
1568 4083 1654 4148 qui
1697 4082 1950 4148 plantavit
2003 4081 2080 4135 vi-

587 4173 758 4217 neam,
807 4167 853 4216 et
903 4171 1071 4221 sepem
1128 4154 1174 4206 ei
1215 4153 1619 4217 circumposuit,
1659 4163 1706 4204 et
1749 4153 1885 4220 fodit
1918 4154 1973 4203 in
2017 4169 2078 4204 ea

582 4227 838 4287 torcular,
872 4236 918 4279 et
961 4223 1239 4290 ardiﬁcarit
1283 4222 1492 4282 turrim,
1529 4233 1574 4273 et
1607 4221 1792 4275 locavit
1835 4238 1951 4274 eam
1985 4237 2076 4274 co-

581 4298 742 4361 lonis,
783 4306 829 4349 et
863 4311 1073 4364 peregre
1118 4291 1381 4362 profectus
1416 4300 1516 4353 est,
1548 4300 1655 4344 etc.

583 4459 709 4513 llaec
747 4455 1004 4526 parabola
1037 4451 1474 4524 patremfamilias
1513 4459 1786 4519 nuncupat
1822 4449 1987 4504 Deum
2025 4458 2079 4502 et

2183 3259 2320 3325 πῶν,
2355 3259 2743 3332 ἐξαμαρτάνων
2781 3260 2932 3323 τέλος
2978 3260 3088 3330 ἔχει
3127 3261 3225 3332 τὴν
3272 3260 3575 3330 ἑϐδομάδα·
3619 3260 3739 3328 ὅπερ

2181 3355 2376 3424 νοήσας
2403 3355 2431 3405 ό
2461 3352 2684 3424 Πέτρος,
2717 3355 3014 3424 συγχωρεῖν
3043 3353 3187 3406 Θέλει
3220 3354 3282 3406 ὲν
3312 3353 3389 3424 τῷ
3415 3352 3568 3406 ἐπτά.
3614 3352 3666 3426 Ὀ
3687 3349 3738 3402 δὲ

2181 3444 2383 3515 Κύριος
2407 3444 2660 3496 ἐπιτείνει
2685 3442 2840 3497 τοῦτο
2869 3445 2924 3496 ἐν
2955 3443 3031 3514 τῷ
3057 3444 3203 3514 αὐτῷ
3229 3445 3419 3516 τρόπῳ
3437 3485 3451 3508 ,
3483 3441 3738 3509 ἀναλόγως

2182 3535 2288 3606 γὰρ
2323 3535 2545 3606 μονάδος
2572 3535 2707 3605 πρὸς
2739 3535 2966 3599 δεκάδας
3005 3537 3097 3589 καὶ
3137 3537 3524 3600 ἑκατοντάδας,
3553 3535 3625 3598 ὡς
3656 3533 3735 3584 τὸν

2184 3627 2494 3698 ὑπερϐάντα
2535 3625 2603 3679 τὰ
2675 3625 2912 3696 κοσμικὰ
2967 3625 3162 3697 μηκέτι
3214 3627 3361 3697 ἔχειν
3408 3628 3596 3695 ἄφεσιν
3637 3623 3735 3675 τῶν

2184 3719 2628 3790 ἁμαρτημάτων·
2662 3721 2695 3790 ἡ
2723 3717 2830 3791 γὰρ
2863 3717 3053 3788 ἄφεσις
3076 3717 3167 3770 ἐπὶ
3207 3719 3275 3771 τὰ
3308 3719 3433 3790 τῇδε
3454 3717 3567 3784 ⁸εἴτε
3614 3715 3732 3786 βρα-

2183 3809 2244 3864 δὺ
2275 3810 2386 3881 (15)
2409 3849 2422 3874 ,
2451 3809 2560 3862 είτε
2596 3809 2799 3880 τάχιον.

2799 3993 2954 4046 ΚΕΦ.
2991 3990 3120 4044 KA'.

2185 4084 2441 4154 Στίχ.λγ¹.
2468 4085 2806 4154 Ἀνθρωπος
2835 4079 2912 4154 ἦν
2937 4081 3389 4154 οἰκοδεσπότης,
3425 4081 3588 4154 ᾂστις
3608 4075 3735 4154 ege-

2255 4145 2472 4209 t'évésr
2499 4145 2840 4222 ἀμᾰελῶνὶι,
2856 4145 3272 4222 ’καὶμςρριιγμὸν
3294 4145 3457 4217 άῦίτῷ
3489 4145 3737 4222 περιέθη-

2254 4243 2348 4287 κε,
2381 4225 2477 4278 καὶ
2503 4219 2731 4292 ὤρυξεν
2756 4225 2826 4276 ἐν
2850 4219 3013 4286 αι’)τῷ⁷
3031 4219 3244 4290 λῆνὰν,
3284 4223 3383 4292 καί
3409 4219 3737 4292 ᾠκοδόμησε

2254 4296 2500 4364 πύργον,
2533 4286 2894 4358 καϊέξέδοτο
2931 4286 3117 4347 αὑτὸν
3148 4286 3459 4362 γεωργοῖς-⁷,
3491 4289 3585 4343 καί
3632 4286 3736 4342 ἀπ-

2254 4364 2537 4433 εδήμησε.
2565 4383 2619 4418 κ.
2653 4381 2704 4417 τ.
2733 4365 2781 4416 λ.

2219 4461 2224 4468 ’
2264 4459 2330 4510 Ἢ
2371 4455 2650 4527 παραϐολὴ
2684 4453 3114 4521 οἰκοδεσπότην
3151 4452 3295 4522 λέγει
3345 4454 3435 4506 τὸν
3482 4449 3609 4504 Θεὸν
3649 4442 3736 4498 καὶ

510 4560 744 4618 patrem,
786 4549 876 4616 qui
913 4546 1134 4601 multam
1167 4544 1562 4614 providentiam
1593 4543 1662 4596 ab
1713 4541 1867 4595 initio
1899 4541 1952 4594 in
1983 4539 2077 4594 .lu-

2186 4549 2420 4618 πατέρα.
2452 4547 2542 4600 τὸν
2577 4545 2772 4616 πολλὴν
2800 4544 3054 4616 πρόνοιαν
3073 4541 3132 4607 ἐξ
3157 4543 3330 4613 ἀρχῆς
3355 4546 3435 4606 εἰς
3464 4541 3585 4602 τοὺς
3621 4537 3738 4588 Ἰου-

511 4644 656 4695 datos
701 4641 960 4694 ostendit.
991 4637 1178 4699 Vinea,
1204 4635 1525 4705 simpliciter
1561 4634 1776 4703 quidem
1811 4641 1892 4687 est
1934 4634 2079 4700 prior

513 4735 762 4804 populus,
798 4731 960 4786 Israel
1000 4731 1270 4792 videlicet,
1297 4731 1575 4800 plantatus
1620 4741 1650 4780 a
1699 4725 1805 4779 Deo
1846 4725 1899 4779 in
1937 4737 2078 4780 terra

512 4822 908 4893 promissionis.
959 4818 1136 4887 Sepes.
1186 4828 1272 4874 est
1320 4820 1403 4872 lex
1449 4833 1568 4886 qua:
1614 4831 1717 4870 non
1751 4815 1962 4869 sinebat
1989 4830 2081 4869 eos

513 4916 854 4970 commisceri
905 4913 1178 4982 gentibus.
1235 4909 1526 4971 Torcular,
1576 4919 1660 4963 est
1719 4907 1911 4970 altare,
1966 4908 2081 4962 sive

513 5005 665 5061 locus
712 5005 1056 5061 libaminum.
1113 5001 1321 5063 Turris,
1376 5009 1460 5054 est
1505 4999 1659 5062 Sion,
1717 4998 1800 5052 vel
1859 4999 2079 5054 caelum.

514 5095 722 5160 Coloni,
776 5107 904 5152 sunt
954 5097 1197 5151 seniores
1250 5093 1427 5163 populi
1473 5104 1520 5145 et
1560 5094 1857 5159 sapientes,
1893 5102 1946 5144 et
1989 5092 2080 5159 qui

517 5205 613 5258 per
643 5200 884 5258 tempora
938 5188 1090 5241 fuere
1137 5189 1413 5239 doctores.
1455 5181 1676 5253 Peregre
1706 5182 1972 5250 profectus
2007 5192 2080 5234 est

515 5293 694 5350 autem
725 5281 1135 5350 paterfamilias,
1190 5279 1407 5345 quando
1439 5292 1542 5330 nou
1582 5276 1816 5343 amplius
1846 5274 2079 5328 interdiu

519 5374 571 5427 iu
606 5373 856 5427 columna
892 5375 1067 5439 nubis,
1109 5382 1163 5426 et
1196 5381 1354 5424 noctu
1405 5370 1535 5439 ipsis
1564 5369 1615 5422 in
1666 5369 1912 5424 columna
1941 5365 2081 5435 ignis

518 5465 788 5537 apparuit.
837 5464 932 5519 Vel
979 5467 1223 5521 inuuitttr
1256 5464 1345 5518 Dei
1388 5461 1790 5531 longanimitas,
1830 5475 1949 5529 qua:
1975 5474 2080 5513 non

583 5625 698 5698 (te)
718 5626 942 5698 Videtur
970 5626 1155 5680 referri
1186 5627 1248 5678 ad
1285 5625 1473 5678 Malllt.
1498 5639 1649 5698 svnt,
1695 5624 1786 5679 l7.

585 5692 725 5767 (12⁷⁸)
756 5696 869 5751 Non
905 5698 1154 5750 omnibus
1181 5699 1326 5751 enim
1352 5696 1611 5763 atqualem
1647 5709 1952 5767 mensuram
1983 5692 2080 5744 mi-

516 5765 815 5822 sericordia
850 5768 1111 5836 assignat,
1159 5782 1322 5833 quam
1375 5767 1417 5820 si
1467 5767 1589 5835 quis
1633 5765 2080 5836 supergrediatur

520 5837 657 5893 Deus
677 5853 780 5895 non
809 5835 1038 5908 amplius
1067 5837 1325 5905 indulget,
1365 5839 1456 5892 sed
1481 5839 1530 5892 iu
1571 5847 1792 5905 poet-ato
1833 5849 1930 5889 suo
1979 5835 2076 5888 ho-

2185 4641 2363 4703 δαίους
2382 4637 2799 4708 ἐπιδειξάμενον.
2831 4635 3136 4706 Ἀμπελὼν
3153 4635 3209 4688 δέ
3232 4635 3417 4698 ἁπλῶς
3443 4634 3536 4704 μὲν
3555 4633 3580 4684 ό
3602 4625 3737 4698 πρῶ-

2183 4748 2274 4792 τος
2289 4730 2435 4793 λαὸς,
2457 4729 2730 4782 τουτέστιν
2755 4731 2783 4782 6
2811 4726 3042 4799 Ἰσραὴλ,
3065 4726 3347 4796 φυτευθεὶς
3367 4725 3472 4778 ὑπὸ
3497 4719 3585 4775 τοῦ
3613 4711 3735 4770 Θεοῦ

2185 4825 2242 4875 ἐν
2274 4825 2337 4893 τῇ
2377 4823 2446 4892 γῇ
2487 4821 2584 4890 τῆς
2613 4819 2958 4888 ἐπαγγελίας.
2999 4818 3270 4886 Φραγμός
3296 4817 3352 4870 δὲ
3382 4819 3410 4868 6
3440 4815 3614 4884 νόμος,
3647 4807 3735 4860 οὒκ

2185 4914 2288 4966 ἐῶν
2340 4914 2533 4975 αὐτοὺς
2589 4911 2813 4980 μιγῆναι
2856 4911 2968 4973 τοῖς
3008 4908 3203 4962 ἔθνεσι.
3245 4907 3439 4975 Ληνὸς
3470 4905 3526 4958 τὸ
3568 4901 3737 4954 θυσια-

2189 5007 2427 5078 στήριον,
2455 5005 2571 5075 ἤτοι
2599 5006 2626 5056 6
2652 5003 2812 5065 τόπος
2835 5000 2944 5054 τῶν
2977 5000 3238 5054 σπονδῶν.
3270 5001 3492 5068 Πύρτος
3525 4997 3555 5064 ή
3587 4989 3730 5048 Σιὼν,

2188 5098 2220 5168 ἦ
2255 5099 2282 5150 6
2313 5096 2558 5168 οὐρανός.
2600 5092 2854 5162 Γεωρτοὶ
2899 5094 2948 5144 οἱ
2990 5091 3344 5163 πρεσϐύτεροι
3374 5087 3464 5143 τοῦ
3497 5083 3619 5138 λαοῦ
3651 5078 3735 5132 καὶ

2187 5189 2236 5240 οἱ
2266 5189 2436 5257 σοφοὶ,
2473 5189 2566 5241 καὶ
2610 5188 2659 5240 oi
2701 5185 2842 5239 κατὰ
2876 5186 3100 5256 καιροὺς
3134 5183 3458 5237 διδάσκαλοι.
3505 5170 3732 5237 Ἀπεδιί·

2183 5294 2342 5347 unde
2371 5278 2426 5332 δὲ
2457 5281 2485 5332 6
2513 5277 2923 5347 οἰκοδεσπότης,
2963 5277 3048 5330 ὅτε
3075 5277 3255 5329 οὐκέτι
3284 5275 3462 5345 ἡμέρα
3491 5272 3545 5323 ἐν
3574 5262 3735 5330 στύλῳ

2189 5371 2414 5442 νεφέλης
2442 5371 2535 5424 καὶ
2563 5369 2750 5432 νυκτὸς
2780 5370 2963 5431 αὐτοῖς
2996 5370 3050 5420 ἐν
3081 5367 3255 5438 στύλῳ
3287 5367 3452 5438 πυρὸς
3477 5355 3732 5426 ἐπιφαίνε-

2187 5480 2294 5516 ται.
2326 5464 2395 5516 Ἣ
2426 5465 2458 5534 ἡ
2491 5461 2583 5515 τοῦ
2617 5461 2751 5514 Θεοῦ
2787 5461 3135 5534 μακροθυμία
3159 5499 3173 5523 ,
3215 5463 3248 5531 ἡ
3288 5459 3361 5530 μὴ
3404 5453 3547 5527 παρὰ
3582 5444 3732 5505 πόδας

2149 5617 2152 5620 ’
2191 5625 2365 5678 mines
2396 5624 2718 5677 moriuntur.

2259 5695 2368 5759 (l5)
2409 5694 2569 5748 Forte
2591 5694 2645 5745 δὲ
2686 5692 2745 5744 τό

2260 5755 2369 5832 (Ill)
2405 5763 2519 5830 Μή.
2554 5762 2711 5814 Furu-
2751 5763 2876 5833 μήν,
2917 5771 2976 5816 ut
3009 5759 3168 5832 paulo
3199 5757 3360 5814 infra.
3398 5755 3550 5810 Eutr.

2258 5835 2368 5905 (l5)
2399 5833 2560 5888 Forte
2588 5833 2823 5904 βράδιον.
