3942 6318
180 372 276 425 501

1384 364 1673 421 SCHOLIA
1711 363 1781 420 IN
1820 363 2263 422 ΜΑΤἸἬᾹΞΗΜ.

3322 366 3428 422 3οὶ

177 485 488 540 ἀπαιτοῦσα
522 488 650 551 τοὺς
694 485 975 548 Ἰουδαίους
1010 483 1106 555 τὴν
1131 484 1238 536 τῶν
1280 468 1637 553 πταισμάτων
1673 499 1755 533 τι-

1862 483 2045 535 statim
2077 482 2259 550 exegit
2286 482 2354 535 ab
2388 479 2586 537 Iudaeis
2618 480 2908 537 criminum
2956 496 3165 554 poenas.
3198 481 3426 538 Exactio

178 577 417 648 μωρίαν.
461 579 805 646 Ἀπαίτησις
824 578 879 630 δὲ
900 576 1144 645 καρπῶν
1160 578 1188 629 ό
1208 574 1431 646 ἔννομος
1453 574 1565 644 βίος
1585 591 1598 604 ⁸
1626 576 1760 626 Και-

166 666 275 737 ρὸς
302 669 576 740 αὑτῶνή
607 669 910 741 προφητικὴ
943 668 1259 738 ἀπαίτησις·
1304 666 1517 719 Δοῦλοι
1554 664 1755 736 πρῶτοι

173 761 263 813 καὶ
284 760 539 834 δεύτεροι
561 761 821 824 παθόντες
845 760 1063 841 ἄτοπονἲ
1080 761 1128 811 οἱ
1154 758 1292 811 κατά
1319 758 1609 830 διαφόρους
1634 774 1755 810 και-

171 854 299 925 ροὺς
314 855 720 918 ἀποσταλέντες
738 853 1035 926 προφῆται,
1054 848 1134 915 οἷς
1156 851 1289 920 (15⁸)
1306 850 1399 903 τὸν
1420 851 1517 921 μὲν
1528 850 1617 920 ἕδη
1626 866 1746 920 ραν,

166 946 241 1009 ὡς
268 948 541 1017 Μιχαίαν,
566 947 903 1013 πατάξαντος
920 947 1010 999 ἐπὶ
1038 943 1264 1011 σιαγόνα
1288 942 1533 995 Σεδεκίου
1551 956 1564 969 ·
1594 941 1684 993 τὸν
1699 940 1755 993 δὲ

167 1036 527 1101 ἀπέκτειναν,
562 1037 637 1101 ὡς
674 1037 981 1107 Ζαχαρίαν,
1021 1032 1223 1105 μεταξὺ
1254 1032 1345 1085 τοῦ
1380 1030 1507 1085 ναοῦ
1541 1032 1633 1084 καὶ
1660 1029 1753 1082 τοῦ

168 1126 567 1199 θυσιαστηρίου
588 1147 601 1159 ’
643 1128 732 1181 τὸν
758 1127 819 1181 δὲ
863 1125 1243 1195 ἐλιθοϐόλησαν
1262 1166 1277 1191 ,
1309 1124 1383 1188 ὡς
1418 1125 1615 1195 Ζαριοί)
1641 1122 1755 1175 υἱὸν

176 1218 362 1275 Ἶωδφὲ
403 1222 500 1273 τὸν
540 1220 711 1293 ἱερέα.
748 1219 899 1289 Τάχα
927 1218 1306 1287 δὲιὶμπελὼν,
1335 1217 1367 1287 ἢ
1395 1216 1505 1287 (16)
1539 1219 1572 1286 ἡ
1601 1214 1753 1285 βασι-

164 1311 285 1363 λεία
308 1312 411 1365 τοῦ
441 1313 580 1366 Θεοῦ
600 1353 616 1377 ,
650 1315 743 1366 καὶ
781 1313 849 1365 τὰ
883 1314 1157 1384 μυστήρια
1190 1310 1355 1364 αὑτοῦ
1394 1312 1449 1362 ὲν
1482 1311 1632 1380 νόμῳ
1663 1310 1755 1361 καὶ

1860 574 2148 641 fructuum,
2185 582 2265 627 est
2324 574 2435 627 vita
2487 573 2743 643 legitima.
2799 574 3021 644 Tempus
3064 591 3246 630 eorum
3277 615 3294 642 ,
3342 585 3427 630 est

1860 668 2173 736 prophetica
2231 667 2467 722 exactio.
2534 666 2684 722 Servi
2733 667 2890 737 primi
2950 679 3005 724 et
3055 669 3277 738 secundi
3333 668 3423 732 qui

1858 758 2248 812 contumeliose
2289 756 2501 825 excepti
2554 756 2794 821 fuerunt,
2838 767 2962 812 sunt
3006 759 3283 827 prophetae
3330 760 3421 826 qui

1860 849 1985 904 aliis
2017 860 2179 918 atque
2228 850 2349 904 aliis
2382 848 2721 917 temporibus
2753 850 2904 905 missi
2954 850 3141 905 fuere:
3192 866 3255 905 ex
3304 850 3425 919 qui-

1859 942 1959 997 bus
2008 942 2171 995 alium
2205 942 2535 1008 ceciderunt,
2569 952 2629 996 ut
2675 942 2978 1007 Michazam,
3027 959 3183 1012 quem
3229 944 3282 999 in
3334 958 3426 1012 ge-

1859 1049 1981 1089 nam
2024 1036 2293 1104 percussit
2328 1034 2625 1091 Sedecias:
2662 1036 2828 1089 alium
2860 1035 3198 1101 occiderunt,
3239 1044 3298 1089 ut
3325 1034 3426 1091 Za-

1857 1128 2121 1190 chariam,
2173 1128 2316 1180 inter
2345 1127 2602 1195 templum
2652 1138 2707 1181 et
2753 1126 2967 1191 altare;
3013 1128 3176 1181 alium
3222 1128 3425 1198 lapida-

1859 1229 2070 1284 vcrunt,
2121 1228 2179 1273 ut
2230 1217 2394 1272 Zariu
2445 1220 2611 1273 lilium
2652 1219 2801 1274 Joda:
2848 1221 3206 1275 sacerdotem.
3249 1221 3427 1276 Facile

1856 1314 2018 1366 etiam
2066 1311 2231 1366 Vinea
2269 1313 2329 1366 lit
2380 1328 2603 1383 regnum
2643 1312 2772 1378 Dei,
2816 1322 2870 1365 et
2930 1314 3186 1381 mysteria
3226 1314 3339 1383 ejus
3375 1314 3425 1371 in

164 1406 510 1475 προφήταις,
536 1406 631 1459 καὶ
661 1409 726 1477 τῇ
751 1405 885 1479 ἄλλῃ
930 1404 1266 1474 φυσιολογίᾳ.
1295 1402 1521 1471 Καρποὶ
1543 1402 1598 1455 δὲ
1620 1404 1648 1454 ό
1672 1403 1757 1455 ὲν-

164 1498 361 1568 ἀρετος
398 1501 456 1551 ἐν
492 1497 647 1569 ἤθεσι
676 1482 808 1567 βίος.
847 1496 1117 1566 Φραγμός
1141 1498 1169 1549 ό
1191 1494 1407 1562 λογικὸς
1434 1493 1594 1556 τόπος
1613 1534 1627 1555 ,
1662 1493 1758 1545 καὶ

161 1587 221 1639 τὸ
244 1589 516 1661 γράμμα,
543 1591 619 1654 ὼς
653 1589 727 1661 μὴ
755 1589 1145 1642 κατοπτεύοιτο
1164 1590 1275 1650 τοῖς
1305 1585 1408 1651 ἔξω
1432 1585 1499 1637 τά
1518 1602 1757 1655 κεκρυμ-

164 1682 305 1752 μένα
346 1685 649 1755 μυστήρια.
684 1682 882 1750 Ληνός
911 1682 972 1735 τὸ
1006 1679 1165 1751 βάθος
1192 1680 1291 1747 τῆς
1318 1677 1611 1748 δεχομένης
1634 1678 1755 1738 τοὺς

1862 1679 2002 1732 terni
2036 1687 2210 1743 erant,
2249 1678 2460 1734 occulta
2506 1682 2784 1750 mysteria.
2837 1678 3118 1745 Torcular,
3150 1680 3428 1750 profundi-

161 1777 428 1843 καρποὺς
466 1777 591 1839 τοὺς
628 1778 727 1846 τῆς
765 1774 942 1845 ψυχῆς
965 1816 978 1838 ,
1012 1773 1119 1825 πᾶν
1153 1771 1246 1824 ἐπὶ
1273 1769 1507 1839 πόλεμον
1535 1767 1755 1820 ἐπιϐαλ-

1864 1778 1946 1822 tas
1974 1770 2169 1823 animae
2214 1769 2420 1824 fructus
2464 1772 2846 1839 suscipientis,
2893 1773 3075 1827 omnia
3125 1773 3177 1827 iu
3219 1773 3423 1849 bellum

157 1840 396 1935 λούσης.
445 1840 812 1933 Πύργοςῠκαὶ
845 1840 1186 1936 ⁷διῃρημένος
1236 1861 1363 1932 περὶ
1404 1858 1538 1911 Θεοῦ
1579 1857 1753 1926 λόγος.

1862 1858 2208 1915 θΠοιιάοηῑίε.
2243 1860 2427 1914 Turris
2464 1861 2629 1915 etiam
2659 1863 2944 1918 distinctus
2973 1863 3039 1917 de
3079 1864 3188 1918 Deo
3219 1840 3423 1920 sermo.

156 1955 313 2019 Ναδς
358 1957 460 2027 μὲν
486 1958 519 2026 ἡ
551 1955 645 2009 τοῦ
675 1957 732 2007 ἐν
768 1953 915 2023 αύτῷ
945 1950 1088 2005 θείόυ
1124 1949 1253 2005 ναοῦ
1273 1946 1675 2019 (17).Γεωργοὶ
1708 1947 1755 1998 οἱ

1862 1953 2142 2024 Templum
2193 1955 2447 2024 quidem,
2510 1970 2629 2023 quae
2659 1956 2710 2007 in
2743 1956 2859 2025 ipso
2898 1952 3182 2028 [‘stelletta
3236 1957 3423 2029 senza]

156 2048 389 2117 πρῶτοι
417 2047 797 2109 πιστευθέντες
824 2046 896 2098 τὰ
926 2044 1083 2113 λόγια
1114 2043 1207 2096 τοῦ
1242 2041 1377 2095 Θεοῦ
1399 2060 1410 2071 ·
1446 2036 1527 2105 οἷς
1552 2041 1755 2111 ἀποδη-

1860 2058 1987 2102 nota
2033 2048 2195 2103 divini
2236 2048 2437 2114 templi.
2485 2047 2692 2112 Coloni,
2733 2050 2887 2117 primi
2938 2052 3011 2105 illi
3060 2052 3256 2121 quibus
3307 2069 3428 2109 cre-

154 2140 261 2206 μεῖ
291 2138 384 2201 εἰς
414 2137 511 2208 τὴν
546 2136 710 2190 αὑτοῦ
755 2139 1038 2208 περιοπείν
1069 2134 1202 2205 (l8),
1246 2133 1369 2197 δοὺς
1397 2131 1667 2203 ἀφορμὴν,
1699 2128 1755 2193 ἐξ

1861 2140 1972 2195 dita
2012 2147 2137 2193 sunt
2181 2139 2394 2209 eloquia
2443 2140 2579 2194 Dei:
2626 2141 2822 2211 quibus
2859 2157 3081 2212 peregre
3129 2146 3425 2213 proﬁcisci-

134 2224 239 2301 ,ὦν
288 2226 462 2296 αὐτὸς
506 2234 802 2303 ἐφύτευσε,
849 2230 1102 2303 φραγμόν
1152 2247 1208 2283 τε
1258 2228 1487 2299 ἔθηκεν,
1522 2226 1755 2298 ὤρυξεν,

1861 2242 1949 2285 tur
1980 2231 2031 2285 in
2064 2232 2339 2300 speculam
2391 2248 2569 2297 suam,
2604 2248 2788 2288 ansam
2820 2234 3087 2304 praebens,
3124 2252 3184 2291 ex
3218 2237 3283 2292 iis
3309 2253 3428 2309 quae

154 2325 519 2397 ᾠκοδόμησε,
550 2326 641 2379 τοῦ
672 2326 856 2397 φέρειν
892 2325 1125 2396 καρπόν.
1157 2323 1373 2390 Καιρὸς
1406 2319 1667 2389 καρπῶος,
1698 2320 1755 2372 ὃν

1860 2323 1975 2390 ipse
2013 2322 2377 2391 plantaverat,
2407 2337 2588 2393 sepem
2618 2325 3104 2393 circumposuerat,
3140 2327 3424 2395 effuderat,

152 2410 321 2467 οἶδεν
350 2415 761 2486 οἰκοδεσπότης,
796 2414 935 2483 τάχα
972 2414 1069 2483 οὐχ
1107 2412 1187 2464 ὅτι
1227 2409 1448 2480 ἐκφύειν
1480 2406 1683 2476 φύλλα,
1719 2406 1752 2476 ἢ

1860 2414 2245 2477 aediﬁcaverat,
2294 2415 2529 2469 fructum
2585 2415 2819 2471 ferendi.
2867 2415 3088 2488 Tempus
3138 2418 3428 2489 fructuum,

157 2509 487 2580 κυπρίζειν,
510 2507 542 2578 ἢ
566 2504 964 2577 όμφακίζειν,ἢ
987 2502 1311 2575 τρυγᾶσθαιο
1340 2496 1448 2553 οἷον
1465 2501 1513 2552 οἱ
1535 2502 1633 2570 τῆς
1660 2515 1755 2568 νη-

1860 2522 2014 2575 quem
2053 2507 2270 2561 notavit
2299 2508 2717 2576 paterfamilias,
2749 2510 2866 2564 sine
2896 2510 3061 2566 dubio
3086 2528 3192 2566 non
3224 2523 3343 2567 erat
3373 2522 3431 2566 ut

163 2598 455 2670 πιότητος,
492 2597 524 2667 ἢ
557 2597 657 2668 τῆς
693 2594 1139 2665 συμπληρώσεως
1165 2590 1259 2645 τοῦ
1288 2590 1477 2659 λόγου,
1511 2590 1544 2659 ἢ
1577 2591 1626 2641 οἱ
1657 2589 1753 2659 τῆς

1860 2597 1980 2651 folia
2029 2598 2359 2665 produceret
2408 2598 2495 2653 vel
2543 2598 2724 2664 ﬂores,
2782 2611 2872 2653 aut
2914 2608 3157 2669 turgeret
3208 2605 3259 2655 in
3316 2618 3430 2657 omo

165 2693 225 2744 ὲν
255 2692 435 2763 ἀρετῇ
462 2688 768 2760 προκοπῆς,
805 2687 837 2759 ἢ
869 2688 1041 2758 ἀρχῆς
1066 2703 1076 2715 ·
1112 2688 1159 2739 οί
1186 2686 1242 2738 δὲ
1272 2686 1370 2755 τῆς
1394 2684 1631 2754 ἀγάπης,
1661 2682 1755 2735 καὶ

1860 2687 2133 2755 phacium.
2189 2697 2280 2740 aut
2325 2687 2803 2743 vindemiaretur:
2853 2689 2982 2759 quin
3027 2692 3203 2758 potius
3273 2702 3429 2746 erant

168 2784 371 2855 χαρᾶς,
408 2782 504 2835 καὶ
536 2782 779 2851 εἰρήνης,
813 2779 1035 2833 καὶτῶν
1066 2778 1285 2832 λοιπῶν.
1314 2777 1524 2831 Δοῦλοι
1546 2778 1594 2828 οἱ
1624 2791 1755 2845 προ-

1860 2779 2067 2833 l‘ructus
2121 2779 2509 2849 simplicitatis,
2542 2781 2945 2850 adimpletionis
2977 2784 3149 2847 verbi,
3183 2792 3275 2836 aut
3304 2799 3428 2853 pro-

171 2870 342 2941 φῆται
362 2870 434 2924 τὰ
467 2888 597 2923 πνευ
608 2870 812 2941 ματικά
834 2868 1179 2942 καρπώματα
1211 2869 1561 2931 ἀπαιτοῦντες
1591 2883 1755 2937 προσ-

1860 2870 2031 2925 fectus
2079 2871 2129 2924 in
2163 2871 2460 2926 virtutibus
2493 2871 2579 2925 vel
2610 2872 2747 2926 initii
2778 2890 2790 2925 :
2824 2871 3030 2929 fructus
3069 2874 3197 2929 item
3242 2876 3425 2934 chari-

172 2963 325 3031 ἀγειν
357 2962 437 3027 ὡς
471 2964 635 3034 ἱερεῖς
667 2962 745 3032 τῷ
777 2961 916 3032 Θεῷ.

1860 2964 2006 3026 tatis,
2055 2962 2278 3039 gaudii,
2327 2964 2497 3033 pacis,
2542 2974 2597 3019 et
2640 2964 2853 3034 reliqui.
2905 2965 3088 3031 Servi,
3138 2978 3265 3022 sunt
3306 2984 3426 3039 pro-

1812 3046 2055 3125 'phette,
2095 3056 2185 3126 qui
2240 3056 2551 3125 spirituales
2610 3056 2817 3112 fructus
2890 3058 3180 3129 exigebant
3230 3059 3428 3119 offerre

1858 1404 1973 1475 lrge
2001 1414 2053 1459 et
2084 1406 2387 1475 prophetis,
2420 1422 2482 1461 ac
2515 1405 2719 1475 reliqua
2752 1415 2957 1460 natura:
2981 1406 3249 1459 doctrina.
3289 1404 3427 1459 Fru-

1858 1507 1996 1559 ctus,
2033 1496 2273 1550 virtuosa
2318 1498 2559 1551 moribus
2597 1498 2730 1551 vita.
2777 1496 2961 1565 Sepes,
3005 1497 3158 1551 locus
3189 1499 3429 1551 rationa-

1860 1588 1925 1641 lis
1969 1597 2021 1641 et
2072 1588 2302 1657 ipsamet
2335 1590 2537 1655 littera,
2577 1597 2635 1642 ut
2677 1604 2784 1643 non
2813 1597 3059 1657 paterent
3104 1589 3168 1643 iis
3207 1590 3301 1658 qui
3333 1604 3427 1644 ex-

700 3286 704 3289 .
808 3236 965 3289 ΚΕΦ.
1006 3235 1130 3288 ΚΔ’.

171 3328 313 3401 Στίχ.
360 3328 464 3401 με’.
492 3329 596 3401 ίΤίς
618 3327 734 3401 ἄρα
755 3328 928 3382 ἐστὶν
963 3324 1231 3401 όνπιοςτὸς
1252 3323 1479 3401 δοῦλος
1494 3324 1599 3401 καὶ.
1617 3325 1758 3401 εορρ-

234 3394 442 3470 νίὶμὶνς,
474 3400 548 3452 ὃν
575 3394 949 3470 κατέστησεν
978 3400 1010 3451 ό
1058 3398 1259 3465 κύριος
1295 3394 1481 3448 αὑτοῦ
1507 3396 1605 3448 ἐπὶ
1648 3394 1757 3464 τῆς

234 3468 566 3539 θεραπείας
597 3468 819 3533 αὐτοῦ;

239 3562 367 3631 (l9)
386 3562 539 3632 Τάχα
565 3560 879 3632 παροξύνων
910 3561 989 3622 εἰς
1010 3558 1069 3611 τὸ
1096 3557 1329 3630 ζητῆσαι
1354 3558 1450 3612 ἕνα
1477 3557 1594 3612 τινὰ
1618 3557 1756 3610 σπά-

177 3671 296 3708 νιον.
342 3656 421 3724 Τῇ
453 3653 563 3725 γάρ
594 3652 686 3705 τοῦ
721 3652 835 3721 ἄρα
875 3650 1177 3722 ἀμφιϐολίᾳ
1221 3651 1282 3702 τὸ
1331 3649 1555 3702 σπάνιον
1588 3646 1759 3713 ἔδειξε

180 3744 264 3797 τοῦ
291 3744 550 3797 τοιούτου
579 3743 885 3814 οίκονόμου,
920 3742 1014 3795 καὶ
1039 3741 1137 3793 οὐκ
1166 3740 1324 3794 ἄλλον
1358 3738 1522 3792 αὐτοῦ
1548 3740 1639 3792 τὸν
1666 3756 1758 3791 πι-

186 3828 295 3883 οτδν
352 3831 454 3883 καὶ
493 3830 753 3902 φρόνιμον
793 3829 1073 3899 οἰκονόμον
1096 3827 1282 3891 εἰδὼς,
1315 3827 1759 3899 κατασταθμαζό-

191 3938 339 3991 μενον
385 3923 484 3975 ἐπὶ
518 3925 629 3985 τοῖς
668 3921 761 3975 τοῦ
804 3921 1018 3992 Πατρὸς
1048 3920 1262 3992 ἔργοις,
1300 3919 1441 3987 λέγω
1481 3920 1537 3973 δὲ
1575 3920 1667 3972 ἐπὶ
1691 3922 1756 3990 τῇ

188 4015 582 4086 ἀνθρωπότητι.
622 4016 708 4079 Ὠς
731 4014 839 4085 γὰρ
860 4015 988 4084 περὶ
1013 4013 1200 4084 ἑτέρου
1229 4012 1395 4081 λέγει,
1430 4011 1758 4074 ὲπισκιὰζων

191 4108 303 4160 αὐτὸ
339 4110 412 4178 τῇ
448 4108 720 4179 ὑπερϐολῇ
752 4107 849 4177 τῆς
882 4106 1092 4174 σοφίας.
1125 4104 1318 4158 Δοῦλον
1339 4105 1395 4158 δὲ
1422 4103 1613 4157 ἑαυτὸν
1636 4098 1757 4155 εἷπε

189 4194 263 4250 διὰ
292 4198 357 4250 τὸ
396 4198 611 4268 μορφὴν
637 4196 822 4250 δούλου
855 4197 1058 4253 λαϐεῖν.
1094 4196 1236 4266 Ὅρα
1267 4196 1324 4249 δὲ
1355 4196 1401 4247 εἰ
1432 4194 1503 4265 μὴ
1535 4193 1760 4248 τοιαῦτα

192 4292 619 4363 ὲγχειρισθέντας
658 4291 986 4354 ἐπισκόπους
1022 4292 1114 4344 καὶ
1141 4290 1489 4353 διδασκάλους
1519 4290 1759 4342 δυσωπεῖ

190 4386 215 4438 ό
240 4386 397 4455 λόγος
423 4385 699 4457 φρονίμως
726 4385 940 4454 ἑκάστῳ
958 4383 1027 4436 τὰ
1052 4386 1172 4438 κατ’
1197 4384 1351 4448 ἀξίαν
1381 4383 1634 4455 χρῆσθαι,
1664 4383 1757 4435 καὶ

193 4478 561 4550 ἐπιστημόνως
616 4476 715 4540 τὰς
774 4474 1149 4545 πνευματικὰς
1198 4475 1507 4529 διατάσσειν
1553 4474 1757 4546 τροφὰς

194 4572 355 4644 καιρῷ
390 4570 707 4639 ποσότητος,
742 4568 1044 4639 ποιότητος.
1081 4566 1153 4619 Τὸ
1176 4566 1254 4630 δὲ,

195 4660 275 4731 οὐχ
300 4660 379 4723 ὡς
412 4657 641 4727 ἀγνοῶν,
674 4656 787 4709 ἀλλ’
821 4658 907 4709 ἵνα
939 4655 1014 4727 μὴ
1045 4654 1530 4726 περιεργάζωνται.
1566 4656 1733 4727 Ἀρμό

197 4750 262 4816 ζει
304 4752 362 4806 δὲ
395 4753 425 4804 ὁ
457 4750 615 4818 λόγος
646 4751 737 4804 καὶ
774 4748 915 4803 κατὰ
942 4748 1142 4811 παντὸς
1178 4747 1272 4800 τοῦ
1310 4747 1761 4819 ὲμπιστευθέντος

196 4858 240 4894 τι
262 4842 410 4914 παρά
456 4839 550 4894 τοῦ
585 4839 719 4893 Θεοῦ
742 4880 757 4904 ,
796 4840 903 4893 εἴτε
932 4839 1191 4909 χρήματα
1214 4876 1229 4901 ,
1269 4839 1379 4890 εἴτε
1414 4839 1619 4909 ἀρχὴν,
1651 4838 1759 4890 εἴτε

196 4933 499 4988 δυναστείαν
534 4934 697 5005 ἀλλην
724 4933 862 4986 τινά.
905 4930 1167 5001 Δεύτερον
1194 4930 1251 4981 δὲ
1284 4930 1590 4983 ἀπαιτεῖται
1623 4933 1651 4983 ό
1682 4932 1759 4983 οἱ·

200 5030 413 5099 κονόμος
446 5028 627 5080 πίστιν
660 5027 751 5079 καὶ
777 5024 1065 5096 φρόνησιν,
1102 5024 1189 5076 ἵνα
1220 5024 1355 5093 μήτε
1384 5021 1555 5095 κλέψῃ
1576 5022 1646 5075 τὰ
1670 5022 1755 5075 δε-

198 5121 436 5183 σποτικὰ,
470 5119 605 5175 ἀλλά
638 5120 732 5172 καὶ
764 5118 993 5180 δεόντως
1026 5115 1164 5171 αύτά
1196 5117 1546 5187 οἰκονομήσῃ.
1571 5117 1640 5169 Ἦ
1666 5116 1755 5168 τὸν

200 5211 371 5284 ἔχοντα
419 5212 556 5283 πρὸς
598 5210 730 5263 Θεὸν
780 5207 985 5279 ἀγαθὴν
1021 5208 1344 5278 συνείδησιν,
1408 5209 1500 5259 καὶ
1539 5207 1613 5278 μὴ
1654 5208 1755 5275 ἁφ-

202 5307 467 5377 ιστάμενόν
503 5321 646 5367 τινος
669 5301 777 5355 τῶν
822 5302 1065 5355 δεόντων.
1116 5302 1225 5355 Καὶ
1270 5302 1359 5354 τὸν
1404 5300 1577 5371 ὀρθῶς
1614 5300 1757 5354 διδά-

205 5413 385 5451 σκοντα
413 5397 561 5466 λέγει
601 5396 812 5449 πιστόν.
846 5394 1109 5465 Φρόνιμον
1142 5394 1199 5446 δὲ
1238 5394 1326 5447 τὸν
1355 5394 1427 5466 μὴ
1446 5393 1756 5465 παραφερό-

206 5509 345 5561 μενον
374 5497 496 5556 ταῖς
528 5491 634 5545 τῶν
662 5486 951 5562 αἰρετικῶν
989 5490 1365 5559 μωρολογίαις,
1389 5489 1523 5544 ἀλλὰ
1550 5490 1757 5558 διακρί-

203 5602 339 5641 νοντα
380 5586 445 5639 τὸ
491 5584 715 5656 ἀκριϐὲς
758 5581 852 5635 τοῦ
897 5580 1090 5649 λόγου,
1125 5582 1157 5653 ἢ
1200 5582 1289 5635 τδν
1332 5580 1405 5653 μὴ
1435 5582 1754 5653 πειρόμενον

285 5708 391 5777 15⁸)
425 5702 545 5773 Οἷς.
578 5705 741 5777 F_orte
768 5697 863 5767 ὧν,
900 5702 985 5757 vel
1014 5702 1071 5756 ἐν
1099 5697 1202 5765 οἷς.
1232 5702 1389 5759 Eutr.

288 5772 383 5851 l6)'
410 5772 572 5851 Forte

290 5850 376 5919 l7)
410 5846 583 5906 Locus
604 5846 916 5918 impeditus.

1782 3208 1829 3270 C

1861 3158 2115 3219 tanquam
2169 3149 2480 3205 sacerdotes
2514 3148 2640 3205 Deo.

2454 3236 2606 3291 CAP.
2637 3238 2827 3295 XXIV.

1860 3331 1927 3389 ν.
1955 3333 2043 3385 45.
2079 3332 2361 3413 ρμὶιηειζρο
2396 3341 2473 3413 est
2503 3332 2675 3413 ﬁdelis
2701 3351 2878 3390 servus
2906 3348 2954 3391 et
2988 3341 3247 3413 prudens,
3275 3357 3425 3411 quem

1970 3406 2240 3457 constituit
2264 3406 2510 3456 dominus
2537 3406 2650 3471 ejus
2689 3422 2845 3475 super
2865 3406 3076 3462 servitio
3108 3426 3203 3462 suo
3229 3412 3254 3463 ?

1928 3519 2090 3573 Forte
2129 3518 2252 3591 (hoc
2285 3520 2610 3590 interrogat)
2646 3521 2930 3576 stimulans
2966 3523 3032 3575 ad
3079 3525 3427 3592 quaerendum

1858 3628 2023 3666 unum
2054 3613 2288 3683 aliquem
2309 3628 2493 3668 rarum
2524 3612 2818 3669 hominem.
2845 3614 3109 3682 Ambigua
3134 3615 3277 3667 enim
3306 3631 3430 3684 par-

1861 3705 2021 3759 ticula
2050 3722 2193 3775 ergo,
2221 3709 2507 3761 raritatem
2535 3706 2772 3761 ostendit
2795 3705 3068 3761 teconomi
3098 3704 3430 3774 huiusmodi,

1860 3813 1960 3853 nec
1982 3797 2143 3851 alium
2194 3814 2355 3868 quam
2401 3814 2459 3853 se
2508 3798 2717 3852 ﬁdelem
2754 3813 2817 3853 ac
2863 3799 3179 3868 prudentem
3211 3811 3433 3855 (Econo-

1859 3906 2005 3944 mum
2033 3892 2228 3955 sciens,
2261 3888 2574 3960 prtefectum
2602 3891 2854 3961 operibus
2877 3890 3074 3955 Patris,
3106 3892 3431 3947 humanitati

1859 3982 2101 4052 inquam.
2153 3981 2432 4052 Tanquam
2463 3984 2610 4037 enim
2663 3983 2729 4037 de
2758 3984 2928 4039 altero
2962 3983 3221 4053 loquitur,
3250 3986 3433 4040 obum-

1859 4078 2025 4133 brans
2060 4078 2111 4133 id
2163 4079 2365 4134 eximia
2394 4079 2705 4149 sapientia.
2741 4078 2970 4134 Vocavit
3004 4095 3165 4149 porro
3212 4096 3429 4135 servum

1858 4184 1979 4227 sese
2010 4181 2230 4240 propter
2251 4181 2584 4242 assumptam
2615 4172 2755 4227 servi
2783 4172 3036 4229 formam.
3063 4171 3195 4228 Vide
3223 4188 3355 4228 vero
3383 4175 3431 4228 si

1859 4281 1962 4319 non
2007 4248 2294 4335 episcopos
2330 4275 2384 4319 et
2413 4266 2666 4319 doctores
2697 4264 2895 4332 quibus
2949 4263 3077 4318 talia
3115 4266 3429 4321 concredita

1858 4368 2003 4425 sunt,
2044 4368 2263 4439 moneat
2294 4359 2485 4424 oratio,
2523 4369 2580 4413 ut
2624 4358 2920 4428 prudenter
2948 4358 3073 4428 quis
3099 4373 3197 4428 pro
3247 4359 3429 4429 cujus-

1857 4461 1959 4515 que
1990 4442 2255 4517 dignitate
2294 4457 2499 4512 utatur,
2551 4462 2615 4501 ac
2646 4448 2780 4503 scite
2822 4448 3133 4518 spirituales
3175 4449 3431 4519 disponat

1299 4568 1392 4631 Τίς
1419 4565 1550 4634 ἄρα,
1584 4540 1755 4632 εἶπεν,

1863 4541 2013 4595 cibos
2041 4541 2360 4610 tempestiva
2392 4542 2691 4609 quantitate
2708 4550 2762 4594 et
2789 4541 3076 4610 qualitate.
3106 4540 3264 4609 Illud,
3295 4542 3429 4608 Qui:

1862 4650 2006 4703 ergo,
2036 4635 2174 4688 dixit
2212 4651 2316 4688 non
2352 4644 2607 4701 tanquam
2655 4634 2930 4702 ignorans,
2970 4639 3061 4691 sed
3109 4646 3168 4690 ut
3194 4652 3296 4690 non
3327 4652 3428 4691 cu-

1864 4731 2007 4783 riose
2032 4728 2401 4782 sciscitentur.
2427 4727 2687 4795 Cougruit
2719 4728 2881 4780 etiam
2911 4730 3086 4782 oratio
3124 4739 3178 4782 et
3205 4729 3429 4783 cuicun-

1861 4835 1965 4891 que
1992 4821 2255 4874 creditum
2279 4828 2363 4872 est
2384 4819 2659 4887 quidpiam
2692 4834 2721 4872 a
2745 4817 2876 4883 Deo,
2910 4821 3023 4875 sive
3044 4834 3176 4888 opes
3206 4820 3426 4885 fuerint,

1861 4913 1975 4966 sive
2006 4911 2377 4982 magistratus,
2418 4910 2531 4963 sive
2565 4917 2831 4977 potestas
2857 4910 3037 4980 aliqua
3072 4911 3197 4964 alia.
3229 4910 3429 4966 Deinde

1862 5006 2096 5074 exigitur
2127 5004 2195 5059 ab
2225 5018 2509 5059 (economo
2540 5003 2672 5057 ﬁdes
2705 5012 2759 5058 et
2782 5003 3086 5073 prudentia,
3125 5013 3184 5055 ut
3207 5017 3307 5058 nec
3338 5003 3425 5057 fu-

1861 5111 2011 5157 retur
2037 5099 2250 5161 herilia,
2273 5098 2399 5167 quin
2430 5097 2691 5166 potius,ut
2717 5104 2931 5165 parest,
2949 5096 3034 5148 illa
3063 5095 3423 5152 administret.

1862 5193 1957 5248 Vel
1990 5192 2200 5247 lidelem
2229 5191 2359 5244 dicit
2394 5206 2540 5254 eum,
2566 5190 2655 5259 qui
2700 5191 2768 5243 ad
2808 5189 2973 5242 Deum
3010 5188 3205 5242 bonam
3261 5188 3426 5242 habet

1860 5288 2270 5349 conscientiam,
2308 5300 2407 5339 nec
2436 5284 2667 5339 discedit
2690 5297 3004 5353 aquaquam
3026 5297 3209 5337 earum
3245 5296 3426 5335 rerum

1861 5399 1996 5453 quas
2024 5380 2138 5435 ﬁeri
2170 5390 2406 5447 oportet,
2469 5380 2706 5445 itemque
2734 5391 2857 5429 eum
2884 5375 2974 5443 qui
3008 5383 3155 5429 recte
3210 5375 3424 5428 doceat.
3474 5432 3478 5437 _

1859 5476 2188 5534 Prudentem
2210 5488 2339 5528 vero
2359 5473 2513 5535 dicit,
2539 5471 2629 5541 qui
2662 5485 2766 5523 non
2793 5480 3132 5524 transversus
3154 5468 3334 5538 agitur
3362 5466 3430 5519 ab

1861 5572 2239 5633 haereticorum
2308 5567 2471 5622 fatuis
2531 5563 2946 5633 assertionibus,
3008 5566 3103 5623 sed
3164 5562 3424 5635 dijudicat

1931 5695 2041 5769 (18)
2068 5694 2229 5769 Forte
2253 5688 2588 5769 περ-ιωπῄν..

1940 5760 2053 5839 (l9)
2081 5763 2281 5822 Confer
2303 5760 2446 5819 edita
2475 5760 2684 5814 Latina.

3002 5856 3132 5889 ..ς’
3179 5832 3214 5879 ’ἑ
