3942 6318
523 374 630 430 303

1442 370 2003 429 SUPPLEMENTUM
2045 371 2135 426 AD
2171 326 2494 427 OittGENlS
2535 365 2944 424 EXEGETICA.

3602 373 3690 429 5οι

522 490 784 562 quidquid
813 498 1061 545 exactum
1093 489 1146 543 in
1164 501 1418 545 sermone
1448 498 1552 543 est.
1582 487 1675 545 Vel
1700 503 1822 545 eum
1852 491 1946 558 qui
1981 505 2083 543 non

2190 487 2506 559 ἁμαρτίαις,
2524 482 2612 538 διὰ
2657 483 2717 538 τὺ
2754 482 2829 555 μὴ
2869 479 2980 554 (20)
3008 479 3246 535 ποικίλον
3273 482 3364 536 καὶ
3398 478 3695 555 πολύτροπον

520 582 998 636 transverberatur
1033 579 1293 648 peccatis,
1322 587 1547 649 propter
1573 580 1757 634 varios
1787 594 1851 634 ac
1893 579 2074 633 multi~

522 671 710 728 modos
761 670 1042 726 hominum
1098 683 1294 725 mores.
1332 668 1493 734 Eum,
1522 668 1645 757 'qui
1692 669 1828 727 sciat
1863 672 2077 740 quando

519 772 767 831 oporteat
795 777 1041 832 arguere,
1073 761 1160 816 vel
1194 760 1514 830 increpare,
1544 758 1630 814 vel
1658 759 1959 826 adhortari,
1992 763 2073 816 vel

2181 579 2286 632 τῶν
2312 576 2407 632 ἀνθ
2417 575 2742 649 ρώπων.Τδν
2766 573 2944 627 εἰδότα
2972 572 3102 626 πότε
3129 572 3209 626 δεῖ
3235 570 3468 640 ἐλέγξαι,
3492 573 3524 644 ἢ
3547 577 3698 629 ἐπιτι-

2185 672 2376 743 μῆσαι,
2409 669 2442 741 ἦ
2478 667 2927 742 παρακαλέσαι,ἢ
2944 665 3171 733 διδάξαι·
3191 666 3445 731 καὶτίνας
3465 667 3556 738 μὲν
3571 669 3704 724 πατί-

2182 778 2271 814 σαι
2294 760 2376 814 δεῖ
2397 759 2557 830 γάλα,
2573 757 2757 811 τίσιδέ
2793 756 3113 830 μεταδοῦναι
3137 758 3234 828 τῆς
3264 759 3480 833 στερεᾶς
3504 760 3703 834 τροφῆς.

518 859 715 915 docere
747 874 763 911 :
795 864 850 910 et
874 869 1010 926 quos
1043 854 1262 926 quidem
1297 854 1489 910 deceat
1519 852 1659 908 lacte
1700 863 1924 924 potare,
1956 855 2153 924 quibus
2187 869 2316 911 vero
2345 853 2560 909 tradere
2589 851 2819 908 solidum
2852 851 3053 905 cibum.

1105 944 1260 1002 CAP.
1299 943 1467 1001 XXV.

517 1039 581 1097 V.
609 1040 659 1094 1.
697 1037 842 1092 Tunc
874 1037 1043 1093 simile
1066 1039 1167 1092 erit
1198 1054 1413 1108 regnum
1438 1039 1687 1094 caelorum
1710 1039 1884 1094 decem
1914 1039 2075 1107 virgi-

586 1112 759 1170 nibus,
800 1124 917 1177 quat
948 1109 1261 1191 accipientes
1294 1108 1561 1177 lampades
1586 1127 1735 1175 suas,
1758 1114 1996 1164 exierunt
2018 1112 2074 1163 in

583 1194 860 1232 occursum
891 1194 1095 1247 sponsi.

582 1336 779 1391 Decem
806 1336 1049 1405 virgines
1076 1351 1198 1393 esse
1224 1336 1411 1393 dicunt
1448 1351 1640 1393 sensus
1669 1335 1930 1407 cujusque
1956 1336 2074 1391 ani-

514 1445 613 1485 ma:
636 1430 917 1485 interioris
943 1439 1103 1500 atque
1128 1430 1416 1485 exterioris
1437 1431 1803 1501 hominis,qui
1828 1434 2070 1487 nuntium

412 1503 420 1511 ’
521 1521 847 1576 remiserunt
873 1520 1041 1574 cultui
1070 1521 1333 1581 idolorum
1352 1531 1408 1579 et
1442 1522 1731 1579 mundanis
1760 1522 2072 1592 cupiditati-

510 1613 633 1674 bus,
657 1610 1023 1678 suscipiendo,
1053 1610 1169 1666 sive
1196 1619 1524 1681 apparenter
1552 1613 1671 1667 sive
1705 1628 1854 1677 vere,
1877 1629 2068 1683 purum

2796 939 2954 993 ΚΕΦ.
2994 936 3121 992 κε’.

2180 1031 2328 1103 Στίχ.
2359 1031 2428 1103 α’.
2466 1033 2601 1103 Τότε
2632 1030 3138 1103 ὁμοιωβήσεταιμή
3175 1030 3597 1103 ,ϐασιλεία-τῶν
3622 1033 3713 1103 οὐ·

2244 1099 2454 1180 ραν-ὧν
2468 1101 2625 1180 δέκα
2646 1099 3004 1180 ξταέοθένρές,Δ
3021 1099 3243 1180 αἳτινες
3262 1143 3276 1165 ,
3291 1101 3592 1180 ,λαϐοῦσαι
3620 1102 3715 1180 τὰς

2250 1171 2568 1295 λαμπιᾴδας
2592 1170 2808 1237 αὐτῶν,
2855 1170 3118 1239 ἐξῆ.ὶοον
3153 1175 3242 1239 εὶς
3271 1170 3599 1253 ἀπάντησιν
3621 1173 3714 1227 τοῦ

2250 1258 2412 1311 νυμςρ
2439 1258 2531 1295 ου.

2249 1333 2390 1387 Δέκα
2422 1332 2676 1405 παρθένοι
2709 1328 2847 1386 εἷναί
2875 1350 3007 1403 φασι
3035 1332 3135 1399 τὰς
3172 1332 3231 1386 ἐν
3264 1332 3466 1405 ἑκάστῃ
3489 1332 3623 1404 ψυχῇ
3645 1335 3711 1387 αἰ-

2181 1426 2399 1497 σθήσεις
2427 1425 2519 1479 τοῦ
2551 1424 2759 1479 ἔνδοθεν
2788 1427 2882 1479 καὶ
2925 1425 3121 1493 ἔξωθεν
3154 1425 3440 1498 ἀνθρώπου
3459 1466 3474 1491 ,
3503 1425 3719 1481 ἀποστά-

2181 1534 2278 1581 σας
2303 1517 2739 1590 είδωλολατρείας
2763 1518 2855 1572 καὶ
2885 1517 2992 1572 τῶν
3017 1516 3296 1588 κοσμικῶν
3316 1516 3627 1589 ἐπιθυμιῶν,
3650 1517 3719 1590 τῷ

2178 1608 2602 1681 παραδέξασθαι,
2631 1611 2740 1663 εἴτε
2770 1610 3056 1682 προφάσει,
3082 1604 3204 1662 ἐἴτε
3244 1609 3468 1681 ἀληθείᾳ
3486 1650 3499 1675 ,
3524 1609 3607 1662 τὸν
3634 1609 3718 1664 τοῦ

514 1701 605 1756 Dei
645 1700 894 1765 verbum,
931 1716 1040 1771 quo
1073 1703 1145 1756 ad
1173 1704 1497 1775 virginitatis
1525 1705 1791 1759 rationem
1826 1705 2069 1759 translati

2176 1699 2310 1754 Θεοῦ
2338 1701 2577 1772 καθαρὸν
2605 1700 2782 1769 λόγον,
2817 1703 2910 1756 καὶ
2936 1702 3466 1774 παρθενοποιηθῆναι
3483 1702 3719 1775 (Ἧ).Εἰσὶ

510 1800 656 1847 sunt.
687 1793 823 1848 Sunt
842 1800 1020 1847 autem
1048 1801 1103 1848 et.
1128 1809 1247 1865 qua:
1277 1794 1640 1849 communiter
1673 1794 2069 1864 intelliguntur,

505 1895 561 1939 et
597 1899 717 1955 qua
737 1884 790 1939 in
813 1886 1117 1954 proverbiis
1140 1886 1328 1953 positae
1349 1892 1494 1948 sunt,
1520 1893 1574 1941 et
1590 1900 1707 1954 quae
1730 1901 2072 1956 consequun-

506 1988 594 2032 tur
620 2017 637 2042 ,
696 1988 755 2034 ut
794 1978 1026 2034 virtutes
1084 1979 1387 2049 bypostasis
1426 1977 1651 2034 Christi.
1703 1978 2068 2046 Quamobrem

503 2071 662 2125 etiam
689 2071 855 2140 quino
880 2086 1106 2127 numero
1137 2071 1525 2140 exprimuntur
1558 2089 1572 2125 :
1610 2086 1677 2127 ex
1711 2073 1911 2141 quibus
1950 2075 2069 2129 alia:

502 2163 822 2226 suntfature,
853 2163 971 2219 alia:
1000 2164 1311 2232 prudentes.
1334 2150 1444 2217 Sed
1467 2172 1651 2232 postea
1683 2165 1849 2219 etiam
1878 2180 2067 2222 omnes

499 2254 750 2310 exierunt
790 2255 842 2309 in
890 2270 1200 2321 occursum,
1244 2265 1577 2325 susceptum
1624 2256 1833 2312 Christi
1860 2267 2063 2329 myste-

499 2350 662 2405 rium.
694 2350 910 2407 Exeunt
944 2349 1088 2405 enim
1146 2348 1215 2403 ab
1264 2363 1452 2407 errore
1499 2348 1706 2415 mundi,
1743 2346 2065 2404 festinantes

498 2442 566 2497 ad
591 2456 716 2496 eum
745 2440 836 2510 qui
863 2450 1090 2511 paratus
1109 2448 1196 2497 est
1222 2440 1406 2495 videre
1433 2437 1575 2494 illas.

563 2533 726 2586 Aliud
754 2530 1017 2602 Origenis.
1048 2532 1203 2589 Aliud
1233 2542 1318 2588 est
1373 2532 1663 2602 virginitas
1701 2545 1863 2595 quam
1893 2531 2061 2586 mise-

495 2626 750 2688 ricordia,
781 2632 835 2680 et
863 2624 1003 2679 aliud
1040 2639 1193 2679 mens
1222 2638 1383 2694 quam
1419 2640 1618 2694 corpus
1647 2643 1662 2679 :
1694 2635 1750 2680 et
1775 2624 1879 2680 hoc
1909 2640 2061 2680 assu-

2172 1792 2231 1847 δέ
2260 1792 2320 1846 αἴ
2343 1810 2404 1846 τε
2431 1793 2628 1858 κοινῶς
2652 1793 2957 1865 νοούμεναι,
2992 1794 3087 1848 καὶ
3112 1797 3167 1849 αί
3206 1796 3265 1848 ἐν
3291 1797 3600 1868 παροιμίαις
3626 1795 3720 1850 κεί-

2173 1902 2351 1956 μεναι,
2377 1886 2436 1938 αἱ
2460 1887 2552 1940 καὶ
2576 1885 3051 1953 ἀνακολουθοῦσαι,
3078 1887 3154 1952 ὡς
3182 1888 3240 1941 αἱ
3270 1887 3460 1959 ἀρεταὶ
3489 1887 3583 1957 τῆς
3603 1887 3717 1940 ύπο-

2171 1977 2410 2041 στάσεως
2439 1978 2697 2048 Χριστοῦ.
2727 1980 2818 2034 Διδ
2847 1982 2940 2036 καὶ
2968 1981 3285 2035 ἐντοπειατ’.
3314 1980 3425 2053 (9.2)
3438 1981 3534 2051 οὐχ
3557 1984 3609 2034 at
3632 1979 3718 2051 μὲν

2171 2071 2370 2140 μωραὶ,
2401 2073 2458 2124 αἱ
2488 2070 2546 2124 δέ
2576 2071 2847 2143 φρόνιμοι.
2866 2073 3025 2128 Ἀλλά
3047 2073 3146 2143 μία
3174 2071 3289 2144 (‘25)
3322 2070 3415 2126 καὶ
3443 2074 3607 2125 πᾶσαι
3637 2072 3715 2139 ἐξ-

2162 2160 2325 2235 ῆλθον
2353 2163 2433 2226 εἰς
2464 2163 2788 2234 ἀπάντησιν,
2821 2165 2876 2217 αί
2903 2163 3347 2236 παραδεξάμεναι
3372 2163 3431 2216 τὸ
3459 2163 3583 2234 περὶ
3600 2163 3716 2234 Χρι-

2168 2253 2293 2307 στοῦ
2334 2257 2650 2327 μυστήριον.
2699 2255 2903 2323 Ἐξίασι
2949 2256 3057 2329 γὰρ
3097 2256 3206 2310 ἀπὸ
3255 2256 3355 2327 τῆς
3397 2255 3490 2308 τοῦ
3528 2255 3755 2326 κόσμου’

2165 2342 2392 2414 πλάνης,
2422 2344 2744 2398 σπεύδουσαι
2769 2344 2905 2416 πρὸς
2929 2344 3019 2398 τὸν
3045 2346 3280 2417 ἑτοίμως
3316 2343 3565 2417 ὁρμῶντα
3594 2341 3715 2413 πρὸς

2165 2434 2353 2498 αὑτάς.

2238 2529 2427 2583 Ἀλλο
2467 2528 2816 2601 Ὡριγένους.
2849 2531 3074 2604 Ἕτερον
3110 2530 3143 2602 ή
3170 2528 3438 2602 παρθενία
3466 2528 3604 2601 παρὰ
3625 2528 3712 2599 τὴν

2160 2617 2528 2693 ἐλεημοσύνην
2547 2661 2561 2684 ,
2589 2622 2683 2676 καὶ
2707 2621 2891 2694 ἕτερον
2918 2625 2946 2676 ό
2973 2622 3097 2687 νοῦς
3126 2622 3282 2692 παρά
3312 2622 3374 2675 τὸ
3407 2622 3560 2693 σῶμα
3577 2638 3590 2652 ·
3629 2620 3711 2674 καὶ

495 2727 611 2767 mes
659 2713 713 2767 in
751 2712 935 2767 decem
987 2713 1313 2782 virginibus.
1368 2711 1662 2768 Prudentes
1696 2714 1879 2783 igitur,
1932 2725 2085 2769 suut°

2160 2708 2314 2765 τοῦτο
2355 2709 2513 2781 λήψει
2561 2714 2638 2775 εἰς
2679 2712 2776 2777 τάς
2808 2712 2938 2766 δέκα
2958 2712 3284 2786 παρθένους.
3327 2712 3594 2782 Φρόνιμοι
3624 2710 3710 2782 μὲν

492 2816 685 2857 sensus
728 2801 845 2872 ejus
878 2802 974 2872 qui
1010 2803 1306 2861 secundum
1345 2806 1612 2861 rationem
1645 2806 1773 2860 vivit
1803 2822 1818 2861 :
1866 2804 2057 2863 Fatua:

2160 2794 2250 2852 οῦν
2276 2801 2331 2852 αἱ
2358 2800 2452 2854 τοῦ
2480 2801 2620 2855 κατά
2639 2801 2794 2870 λόγον
2828 2801 3067 2872 βιοῦντος
3100 2802 3386 2875 αἰσθήσεις
3408 2819 3423 2835 ·
3454 2801 3631 2872 μωραὶ
3658 2801 3708 2855 δέ

492 2903 640 2957 vero,
672 2903 867 2944 sensus
887 2889 1003 2957 ejus
1034 2891 1128 2960 qui
1178 2893 1454 2947 contrario
1497 2895 1654 2948 modo
1697 2896 2056 2965 oppositoque

2160 2892 2210 2943 αἱ
2248 2889 2342 2943 τοῦ
2367 2892 2622 2956 ἐναντίως
2647 2894 2738 2947 καὶ
2779 2893 2929 2964 παρά
2953 2894 3045 2947 τὸν
3071 2893 3230 2964 ὀρθὸν
3266 2894 3423 2963 λόγον
3453 2893 3707 2948 πολιτευο-

491 2991 654 3039 recta:
677 2981 872 3036 rationi
903 2982 1071 3036 vitam
1107 2983 1365 3045 traducit.
1399 2983 1728 3055 Lampades,
1782 2998 1864 3044 est
1908 2990 2055 3043 actio

2161 2982 2340 3053 μένου.
2368 2981 2685 3051 Λαμπάὸες
2718 2986 2751 3054 ή
2791 2987 3091 3056 πανάρετος
3119 2983 3348 3055 πρᾶξις·
3385 2985 3585 3039 ἔλαιον
3609 2984 3659 3038 δέ
3683 2985 3708 3036 ὃ

488 3073 632 3128 omni
689 3074 890 3128 virtute
931 3075 1194 3144 praedita:
1246 3076 1442 3140 oleum,
1495 3087 1579 3132 est
1628 3080 1719 3148 qui
1756 3079 2086 3145 eﬂ'unditttrt

2160 3075 2506 3144 ἐπιχεόμενος
2530 3074 2686 3144 λόγος
2709 3074 2802 3129 τοῦ
2830 3075 3083 3147 ψυχικοῦ,
3109 3077 3203 3131 τοῦ
3229 3078 3329 3150 τὴν
3358 3077 3560 3149 ἀγαθὴν
3583 3077 3708 3149 πρᾶ-

489 3178 669 3219 sermo
686 3164 921 3219 hominis
946 3165 1268 3234 spiritualis,
1287 3167 1379 3237 qui
1410 3168 1605 3224 bonam
1627 3171 1895 3226 actionem
1919 3188 2051 3241 ope-

490 3263 661 3309 ratur.
688 3254 990 3323 Dormiunt,
1024 3257 1116 3326 qui
1151 3259 1422 3314 absistunt
1452 3276 1482 3314 a
1514 3261 1638 3316 vitae
1670 3271 1875 3318 tenore.
1933 3264 2051 3321 Non

486 3345 714 3415 perdunt
741 3346 904 3416 igitur
932 3346 1209 3418 lampadas
1231 3352 1543 3418 prudentes,
1574 3370 1751 3423 neque
1773 3340 2065 3427 negligant,

482 3439 588 3496 olei
611 3442 1100 3498 conservationem.
1128 3442 1424 3499 lnclamant
1448 3448 1626 3518 angeli
1652 3449 1719 3504 ad
1753 3448 2051 3503 dormitan-

486 3543 567 3588 tes
593 3548 806 3595 sensus.
857 3536 1160 3590 excitantes
1221 3535 1380 3592 illos:
1421 3538 1523 3594 hoc
1557 3548 1659 3601 est.
1706 3540 2050 3594 administra-

483 3624 603 3677 torii
633 3624 853 3693 spiritus
884 3624 937 3680 in
966 3627 1313 3681 ministerium
1345 3627 1490 3682 missi
1510 3639 1716 3697 propter
1735 3647 1824 3685 eos
1852 3632 1940 3704 qui
1968 3635 2049 3701 [u-

481 3715 590 3768 turi
621 3724 742 3773 sunt
763 3716 1073 3772 hmreditare
1105 3718 1327 3774 salutem
1351 3720 1412 3773 ¹³.
1438 3719 1672 3777 Ornatus
1722 3721 2044 3791 lampadum,

481 3812 566 3861 est
599 3804 908 3874 quisensus
936 3807 1153 3876 attingit
1179 3808 1523 3879 evangelicus
1556 3825 1718 3877 usus;
1749 3812 2042 3878 oculorum,

482 3909 590 3963 quo
609 3894 944 3951 admirentur
959 3892 1314 3966 conditorem,
1333 3910 1387 3955 et
1402 3901 1722 3957 claudantur
1741 3919 1810 3958 ne
1827 3903 2045 3959 videant

482 3984 807 4055 injustitiam
840 4006 853 4041 :
888 3988 1125 4055 auditus,
1167 4007 1234 4045 ne
1280 3993 1540 4061 suscipiat
1568 3995 1882 4060 vanitatem,
1942 4009 2044 4050 nec

472 4075 737 4147 judicium
776 4078 1078 4147 sanguinis,
1142 4081 1237 4135 sed
1284 4082 1419 4151 justi
1477 4076 1744 4139 sermonis
1774 4103 1787 4138 :
1819 4095 2038 4155 gustus,

477 4169 808 4228 comedentis
866 4169 1142 4225 Christum
1175 4174 1460 4231 Dominum
1492 4194 1504 4229 :
1542 4175 1789 4244 olfactus.
1840 4176 2039 4231 Chrish'

478 4257 773 4329 fragrantia
811 4259 1064 4325 fruentis,
1093 4270 1149 4315 et
1178 4261 1346 4317 elIuso
1370 4274 1644 4333 unguento
1675 4282 1689 4318 :
1721 4273 1911 4329 tactus,
1953 4273 2038 4318 at-

476 4350 759 4405 trectantis
792 4351 1050 4417 Verbum,
1086 4362 1141 4407 ut
1164 4351 1401 4410 Joannes
1428 4354 1695 4423 loquitur:
1730 4354 1921 4409 Manus
1944 4371 2038 4408 no-

2154 3163 2234 3228 ξιν
2260 3164 2642 3236 ἐργαζομένου.
2671 3165 3081 3222 Καθεύδουσιν
3100 3170 3148 3221 οἱ
3181 3170 3600 3242 ἀπανιστάμενοι
3621 3168 3705 3221 τοῦ

2152 3252 2381 3320 ζωτικοῦ
2420 3254 2595 3309 τόνου.
2623 3256 2736 3309 Οὐκ
2769 3254 3124 3310 ἀπολλύουσιν
3162 3253 3257 3312 οὖν
3302 3258 3403 3324 τάς
3439 3258 3706 3331 λαμπάδας

2150 3346 2206 3399 αἱ
2233 3346 2504 3417 φρόνιμοι,
2532 3346 2652 3399 οὐδὲ
2677 3347 3074 3419 ἁπροσεκτοῦσι
3099 3351 3230 3421 περὶ
3254 3349 3353 3422 τὴν
3383 3355 3602 3422 τήρησιν
3622 3349 3705 3403 τοῦ

2149 3436 2349 3490 ἐλαίου.
2396 3435 2695 3506 Ἐμὸοῶσιν
2728 3439 2777 3490 οἱ
2818 3438 3040 3508 ἄγγελοι
3078 3442 3201 3505 ταῖς
3230 3445 3594 3514 κοιμωμέναις
3625 3442 3703 3495 αἰ-

2151 3526 2395 3598 σθήσεσι,
2426 3527 2781 3602 διεγείροντες
2804 3530 3005 3596 αὐτάς·
3051 3533 3301 3588 τουτέστι
3344 3535 3419 3590 τὰ
3459 3538 3706 3602 λειτουρ-

2147 3619 2281 3688 rma
2314 3620 2620 3688 πνεύματα
2649 3622 2737 3687 εἰς
2762 3620 3074 3677 διακονίαν
3099 3625 3595 3695 ἀποστελλόμενα
3617 3621 3705 3675 διὰ

2146 3709 2288 3775 τοὺς
2331 3711 2669 3780 μέλλοντας
2706 3714 3103 3783 κληρονομεῖν
3125 3716 3448 3785 σωτηρίαν.
3481 3717 3705 3784 Κόσμος

2143 3794 2472 3864 λαμπάδων
2498 3800 2531 3866 ή
2555 3798 2697 3854 κατά
2721 3799 2818 3865 τὰς
2841 3801 3121 3873 αἰσθήσεις
3141 3802 3473 3876 εύαγγελικὴ
3495 3804 3700 3876 χρῆσις·

2144 3886 2466 3956 ὀφθαλμῶν
2493 3889 2586 3942 ἐπὶ
2611 3889 2706 3944 τοῦ
2746 3890 3043 3963 θαυμάζειν
3083 3893 3174 3947 τὸν
3219 3896 3586 3966 πεποιηκότα,
3619 3893 3703 3947 καὶ

2147 3977 2301 4048 μύειν
2335 3979 2422 4033 ῐνα
2448 3980 2521 4052 μὴ
2551 3981 2731 4036 ἴδωσιν
2763 3983 2978 4038 ἀδικίαν
3000 4002 3014 4016 ·
3045 3983 3234 4054 ἀκοῆς
3266 3986 3379 4058 (24)
3414 3988 3507 4042 καὶ
3534 4003 3700 4059 παρα-

2141 4070 2432 4143 δεχομένης
2461 4075 2705 4144 μάταιον,
2739 4078 2875 4146 μήτε
2908 4077 3088 4150 κρίσιν
3117 4078 3369 4149 αἵματος,
3395 4078 3489 4134 τοῦ
3516 4079 3572 4133 δὲ
3596 4079 3700 4132 ίσου

2140 4161 2318 4232 λόγου·
2347 4165 2605 4233 γεύσεως
2630 4166 2942 4239 αίσθιούσης
2967 4168 3077 4240 (9.5)
3102 4170 3335 4242 Χριστὸν
3361 4172 3454 4225 τὸν
3487 4171 3696 4242 Κύριον·

2140 4253 2735 4326 ὀσφρήσεωςὶιριστοῦ
2762 4258 2960 4332 εὐωδίᾳ
2973 4260 3371 4332 ἀπολαυούσης,
3395 4263 3488 4317 καὶ
3502 4261 3591 4317 τοῦ
3613 4262 3699 4314 ἐκ·

2138 4345 2460 4410 κενωθέντος
2492 4348 2664 4420 μύρου
2689 4367 2702 4381 ·
2745 4350 2909 4421 ἀρῆς
2938 4354 3249 4425 ἁπτομένης
3273 4354 3371 4409 τοῦ
3405 4355 3597 4425 Λόγου,
3630 4353 3699 4416 ὡς

471 4450 596 4495 stra:
627 4451 1072 4496 contrectaverunt
1103 4445 1166 4498 de
1208 4442 1374 4498 Verba
1410 4446 1529 4501 vita:
1556 4445 1619 4500 ν’.
1666 4445 1834 4502 Porro
1862 4447 2034 4501 media
2065 4435 2086 4490 Ῑ

2160 4438 2397 4509 ἰωάννης
2422 4441 2592 4509 λέγει·
2624 4444 2693 4496 Αἱ
2718 4441 2913 4511 χεῖρες
2936 4443 3106 4514 ἡμῶν
3132 4444 3547 4515 ἐψηλάφησαν
3572 4445 3697 4514 περὶ

472 4542 622 4587 nocte
661 4533 724 4600 ﬁt
775 4534 1019 4590 clamor:
1081 4536 1171 4589 illa
1205 4536 1457 4592 videlicet
1480 4538 1633 4600 hora,
1664 4553 1771 4609 qua
1826 4539 2031 4608 egressi

2160 4528 2238 4582 ὀῦ
2275 4531 2469 4600 Λόγου
2514 4531 2625 4601 τῆς
2663 4532 2831 4602 ζωῆς.
2872 4536 3285 4590 Μεσονύκτιον
3319 4537 3377 4591 δὲ
3413 4538 3631 4608 γίνεται
3660 4535 3697 4603 ἡ

470 4636 599 4678 sunt
628 4610 725 4679 lilii
758 4625 922 4680 Israel
949 4628 1015 4683 de
1035 4628 1296 4699 .Egypto,
1345 4629 1398 4682 in
1432 4644 1538 4700 qua
1568 4629 1731 4685 etiam
1781 4630 2034 4686 Christus

2160 4619 2300 4686 πωνή
2327 4639 2338 4650 ·
2375 4621 2560 4696 ἐκείνῃ
2588 4626 2653 4695 τῇ
2686 4622 2805 4696 ὥρᾳ
2824 4664 2839 4689 ,
2932 4625 3150 4696 ἐξῆλθον
3177 4628 3227 4679 οἱ
3261 4628 3367 4682 υἱοὶ
3402 4626 3611 4699 Ἰσραὴλ
3642 4626 3698 4690 ἐξ

470 4716 708 4771 surrexit
739 4731 804 4772 ex
840 4720 1090 4777 mortuis.
1123 4719 1354 4783 Clamor,
1376 4730 1460 4775 est
1482 4722 1610 4775 tuba
1636 4736 1754 4787 quae
1794 4729 2033 4778 mortuos

2160 4714 2403 4780 ιὶγύπτου
2420 4753 2435 4778 ,
2464 4715 2523 4767 ἐν
2547 4708 2580 4788 ᾖ
2606 4716 2699 4769 καὶ
2721 4717 2750 4769 ὁ
2777 4716 3008 4788 Χριστὸς
3029 4716 3223 4789 ἀνέστη
3253 4720 3320 4773 ἐκ
3340 4720 3450 4774 τῶν
3473 4718 3694 4791 νεκρῶν.

469 4811 687 4878 excitat,
717 4820 773 4865 et
799 4821 989 4866 evocat
1039 4812 1106 4891 d_e
1163 4813 1443 4882 sepulcris.
1496 4811 1671 4867 Habet
1710 4812 1875 4867 etiam
1910 4829 2029 4884 my-

2160 4805 2299 4874 ὑωνή
2337 4806 2484 4858 ἐστιν
2531 4808 2565 4876 ή
2598 4807 2863 4877 σάλπιγξ,
2902 4810 2936 4880 ή
2967 4810 3094 4873 τοὺς
3134 4813 3362 4882 νεκροὺς
3393 4813 3691 4883 ἐγείρουσα,

470 4900 660 4954 sticam
685 4899 1090 4971 intelligentiam
1133 4901 1281 4967 illud,
1306 4902 1460 4956 exite.
1494 4902 1550 4956 Si
1571 4903 1714 4956 enim
1740 4918 1844 4957 nou
1869 4916 2030 4957 exea-

2160 4893 2229 4949 ιαὶ
2264 4893 2533 4964 ἐξάγουσα
2566 4897 2631 4949 ὲκ
2672 4897 2779 4951 τῶν
2812 4899 3016 4968 τάφων.
3051 4901 3203 4971 Ἔχει
3227 4901 3284 4955 δὲ
3315 4902 3410 4955 καὶ
3440 4901 3693 4973 μυστικὸν

469 5003 610 5054 mus,
639 4994 837 5059 sponso
882 5009 1169 5049 occurrere
1214 5009 1318 5047 non
1368 5008 1675 5064 possumus.
1741 4993 2030 5064 Lampadas

2160 4985 2257 5038 ὀῦν
2281 4987 2343 5039 τὸ
2368 4986 2660 5052 ἐξέλθετε.
2703 4989 2824 5043 Ἐὰν
2846 4989 2952 5062 γὰρ
2978 4992 3051 5063 μὴ
3074 4991 3404 5065 ἐξέλθωμεν,
3439 4993 3533 5048 τὸν
3559 5010 3692 5063 νυμ-

468 5080 821 5149 Virginitatis,
855 5094 937 5141 est
962 5085 1287 5155 cognitionis
1314 5086 1644 5140 illuminatio
1673 5103 1686 5139 :
1728 5088 1896 5139 oleum
1928 5101 2026 5155 pro

2160 5078 2254 5132 ›ίον
2278 5080 2581 5152 ἀπαντῆσαι
2609 5082 2670 5134 οὐ
2695 5080 2985 5152 δυνάμεθα.
3017 5084 3307 5153 Λαμπάδα
3320 5084 3434 5155 (26)
3451 5087 3547 5157 τῆς
3559 5103 3691 5157 παρ-

467 5169 823 5240 lampadibus,
891 5176 1070 5232 fervor
1102 5177 1154 5231 in
1207 5178 1527 5246 cognitione,
1565 5188 1620 5233 et
1648 5179 2023 5233 mandatorum

2163 5169 2309 5236 ενίας
2337 5172 2366 5225 ό
2396 5172 2498 5241 τῆς
2540 5172 2788 5243 γνώσεως
2838 5177 3143 5248 φωτισμός·
3182 5177 3356 5232 ἔλαιον
3390 5177 3447 5230 δὲ
3487 5179 3566 5241 εἰς
3596 5177 3688 5239 τὰς

466 5265 766 5320 exsecutio.
806 5266 929 5323 llaec
953 5269 1097 5322 enim
1136 5268 1313 5323 lumen
1355 5277 1643 5324 conserVat
1668 5270 1809 5339 quod
1837 5270 1889 5323 in
1925 5286 2023 5327 no-

2160 5265 2412 5334 αμπάδας
2445 5268 2477 5337 ή
2512 5267 2570 5319 ἐν
2609 5266 2899 5335 ἐπιγνώσει
2946 5269 3178 5341 σπουδὴ,
3208 5270 3302 5323 καὶ
3333 5269 3440 5323 τῶν
3464 5267 3685 5323 ἐντολῶν

461 5353 547 5409 bis
579 5364 681 5439 est,
723 5358 1019 5427 simplicem
1051 5361 1263 5415 oculum
1300 5362 1647 5428 custodiens,
1686 5371 1743 5416 ut
1788 5361 2022 5417 lucidum

2160 5360 2376 5429 ργασία.
2429 5359 2578 5431 Αὕτη
2625 5360 2734 5434 γὰρ
2758 5363 2820 5415 τὸ
2863 5364 2922 5417 ἐν
2974 5367 3105 5437 ἡμῖν
3149 5364 3490 5435 διαφυλάττει
3537 5361 3679 5433 φῶς,

533 5466 579 5498 ¹³
611 5466 772 5523 Hebr.
810 5484 849 5534 ι,
887 5468 973 5523 Μ.
1047 5471 1091 5502 ’⁸
1120 5469 1312 5526 lJoan.
1341 5488 1379 5536 I,
1411 5473 1459 5526 l.

528 5557 644 5629 (ευ)
664 5556 896 5629 _Yidetur
922 5561 994 5629 μή
1034 5562 1349 5615 redundare.

528 5577 644 5624 (zu;
683 5577 896 5613 Vltlellll'
963 5577 994 5629 η
1034 5577 1349 5615 renuntiare.

663 5627 763 5714 bis.
792 5577 1211 5714 παρθενοπριθή.
1246 5631 1312 5714 Et
1347 5649 1465 5687 mox
1497 5632 1811 5688 ἀνακολουθ.

519 5696 630 5772 (Et?
672 5698 757 5772 Ἐν
788 5696 1217 5772 τῷπενταδικῷ,
1253 5703 1329 5756 αἱ.

528 5765 637 5840 (25)
676 5765 848 5827 Forte
866 5765 1178 5842 μετέπειταξ

2196 5563 2307 5629 (24)
2341 5563 2510 5617 Locus
2538 5564 2811 5620 deficiens.

2197 5634 2307 5699 (‘25)
2342 5633 2495 5688 Forte
2522 5634 2828 5702 ἐσθιούσης.

2190 5704 2300 5774 (26)
2332 5704 2487 5759 Forte
2516 5704 2814 5776 λαμπάδες.
