3942 6318
208 434 305 489 505

1388 430 1674 487 SCHOLIA
1719 433 1785 487 IN
1824 432 2260 494 ΜΑΤΤΗᾸΞΠΜ.

3315 445 3414 503 30"

203 546 399 603 ἁπλοῦν
450 548 541 603 τὸν
582 547 853 617 ὀφθαλμὸν
883 544 1230 616 διατηροῦσα,
1266 545 1406 598 ὥστε
1437 544 1755 615 φωτίζεσθαι

1868 546 1958 600 ﬂat
1987 557 2155 602 totum
2184 564 2379 618 corpus
2400 558 2659 619 nostrum,
2684 551 2832 621 iuxta
2856 557 3059 611 Domini
3088 571 3411 614 sermonem.

198 639 308 692 ὅλον
335 638 497 708 ἡμῶν
522 639 582 691 τό
617 639 773 709 σῶμα
792 678 805 701 ,
834 637 971 691 κατά
1000 637 1091 690 τόν
1116 634 1212 689 τοῦ
1247 636 1451 709 Κυρίου
1489 636 1667 706 λόγον.
1701 640 1764 690 Ai

1864 640 1992 704 Quae
2022 640 2183 709 igitur
2206 642 2444 711 virgines
2489 644 2730 715 diligenti
2773 649 2951 703 studio
2982 665 3091 705 usa:
3144 659 3271 705 sunt
3321 665 3418 720 pro

198 729 291 799 μὲν
323 724 419 781 οὖν
446 728 712 789 λαϐοῦσαι
740 728 837 799 τὴν
858 727 1094 798 ἐπιμελῆ
1122 726 1354 798 σπουδὴν
1375 726 1511 798 πρὸς
1531 727 1627 797 τήν
1658 726 1755 779 τῶι

1864 732 2215 786 exsecutione
2269 737 2647 791 mandatorum
2675 777 2689 798 ,
2756 740 3036 802 prudentes
3099 751 3266 796 sunt:
3300 758 3417 809 quae

196 818 419 871 ἐντολῶν
459 818 722 891 ἐργασίαν
767 818 1073 886 φρόνιμοι·
1113 818 1170 868 αἱ
1202 815 1259 869 δὲ
1293 816 1513 887 ἀμελεῖς
1541 815 1762 885 μωραὶ,

191 908 275 961 τὸν
303 910 655 979 προσήκοντα
683 908 873 978 καιρὸν
896 906 1243 960 ἀναλώσασαι
1266 909 1345 970 είς
1375 908 1473 978 τὴν
1511 906 1619 959 τῶν
1657 925 1761 978 μα-

186 1000 347 1053 ταίων
406 999 666 1070 σπουδήν.
715 998 788 1052 Τὸ
826 998 913 1061 δὲ,
962 997 1305 1057 ἐκάθευδον.
1358 1000 1456 1069 τὴν
1508 998 1761 1070 κοίμησιν

183 1082 269 1145 τοῦ
323 1092 563 1147 θανάτου
615 1092 797 1161 λέγει·
854 1091 916 1145 τὸ
978 1090 1324 1160 μεσονύκτιον
1372 1091 1449 1157 δὲ,
1482 1092 1541 1145 τὸ
1583 1093 1762 1161 αἰφνί-

181 1186 289 1239 διον
304 1185 472 1257 δηλοῖ
494 1186 588 1239 καὶ
614 1185 675 1237 τὸ
710 1182 1135 1255 ἀπροσδόκητον,
1160 1180 1276 1251 ἆμα
1310 1183 1403 1235 καὶ
1433 1182 1494 1235 τό
1515 1182 1757 1254 φοϐερόν.

181 1279 283 1332 Καὶ
311 1278 459 1345 ταῖς
490 1278 589 1348 μὲν
627 1273 1075 1341 ἐξαναστάσαις
1107 1274 1367 1343 πάρεστιν
1400 1273 1437 1327 ἀ
1467 1264 1725 1328 ἐπόνεσάν
1744 1293 1759 1307 ο

180 1368 269 1439 τὴν
292 1370 351 1422 δὲ
381 1369 664 1441 ῥᾳθυμίαν
689 1368 800 1437 (27)
825 1366 948 1437 περὶ
970 1366 1067 1435 τὴν
1082 1365 1361 1418 εὐσέϐειαν
1394 1365 1553 1435 μηδὲν
1577 1367 1760 1434 ἐπιφε-

180 1459 434 1530 ρομένων
458 1460 685 1531 ἄρχεται
709 1456 1085 1527 στυγνάζεινή
1111 1454 1277 1526 ψυχὴ,
1306 1456 1403 1509 καὶ
1421 1456 1578 1509 οἱονεὶ
1606 1473 1763 1510 κατα-

183 1547 532 1613 σϐέννυσθαι,
557 1548 653 1601 καὶ
678 1549 757 1610 είς
783 1543 1209 1617 παραφροσύνην
1238 1546 1455 1614 χωρεῖν,
1481 1542 1620 1597 ὥστε
1644 1548 1761 1615 οίη-

185 1638 342 1708 θῆναι
374 1640 548 1703 αὐτὲις
573 1638 661 1693 διὰ
691 1639 790 1709 τῆς
818 1637 1017 1708 ἐτέρων
1059 1636 1279 1707 ἀρετῆς.
1316 1636 1405 1688 Διὸ
1437 1634 1765 1706 ἀποδοκιμά-

184 1728 392 1795 ζονται,
408 1730 674 1799 λεγόντων
702 1729 947 1790 ἐκείνων,
964 1726 1207 1793 Μήποτε
1230 1728 1339 1781 οὐκ
1363 1727 1605 1794 ἀρκέσει
1624 1727 1766 1797 ἡμῖν

180 1817 277 1869 καὶ
308 1818 476 1887 ὑμῖν.
508 1818 787 1872 Πωλοῦσι
820 1818 879 1870 δὲ
908 1817 969 1871 τό
997 1818 1173 1871 ἔλαιον
1198 1818 1247 1869 oi
1290 1817 1627 1881 διδάσκοντες
1670 1836 1761 1888 μι-

180 1909 311 1963 σθοῦ
332 1911 683 1983 προσεδρείᾳ,
713 1911 987 1981 προσοχῆς
1012 1949 1026 1975 ,
1056 1909 1405 1980 φιλομαθίας,
1429 1910 1757 1980 φιλοπονίας.

177 2000 249 2052 Ἢ
276 2001 633 2066 πωλοῦντές
657 2002 763 2053 εἰσι
786 2000 1057 2071 προφῆται
1082 2041 1097 2065 ,
1121 1999 1442 2066 ἀπόστολοι,
1481 2001 1761 2070 εὐαγγελι-

176 2092 311 2146 σταὶ
327 2130 344 2157 ,
390 2093 456 2147 δι’
478 2086 553 2147 ὧν
570 2111 653 2157 τις
673 2092 1028 2164 μαθητευθεὶς
1043 2092 1140 2164 τὴν
1162 2092 1361 2164 ἀρετὴν
1394 2093 1700 2165 ἐργάζεται.

824 2184 982 2237 ΚΕΦ.
1024 2186 1130 2238 KZ’

173 2274 343 2345 Στίχ.
385 2275 469 2329 ια’.
508 2274 619 2328 Καὶ
659 2274 1040 2345 ἐπηρώτησεν
1079 2273 1266 2345 αὐτὸν
1300 2279 1333 2329 ὁ
1363 2276 1613 2345 ἡγεμὼν,
1658 2277 1760 2330 λέ-

364 2363 510 2411 Tw,“
539 2346 622 2399 Σὺ
653 2342 709 2398 εἷ
738 2342 1084 2410 δβασιλεὺς
1116 2343 1234 2397 τῶν
1274 2342 1597 2408 Ἰουδαίών;

264 2435 362 2499 Ὠς
412 2435 502 2489 ἐπὶ
538 2436 775 2506 δημοσίῳ
818 2436 1122 2507 ἐγκλήματι
1164 2437 1561 2507 κατακριθέντα
1600 2438 1760 2491 αὑτὸν

177 2526 371 2598 ἐρωτᾷ
401 2525 628 2589 Πιλάτος
656 2527 829 2596 λέγων
854 2546 865 2558 ·
903 2528 985 2581 Σὺ
1019 2524 1077 2582 εἴ
1095 2532 1127 2582 ό
1149 2529 1447 2598 ,βασιλεὺς
1473 2527 1593 2583 τῶν
1626 2532 1760 2584 Ἰου-

177 2619 374 2672 δαίων
389 2635 410 2683 ;
461 2620 625 2689 Ζητεῖ
684 2619 1065 2691 μυκτηρίζων,
1119 2619 1151 2690 ἦ
1193 2620 1542 2691 ἀμφιϐάλλων
1588 2621 1757 2685 οὕτως

178 2711 387 2782 ἐρωτᾷ.
437 2709 493 2763 '0
521 2710 576 2762 δέ
615 2709 817 2779 Ἰησοῦς
840 2710 1051 2782 ἠρέμα,
1080 2711 1521 2781 ὑπαινιττόμενος
1548 2712 1607 2764 τὸ
1634 2713 1720 2765 ναὶ
1739 2753 1753 2777 ,

180 2802 255 2865 ὠς
284 2803 508 2855 πάντων
542 2801 839 2874 ἀνθρώπων
876 2801 1146 2873 βασιλεὺς,
1182 2802 1285 2872 ἔφη
1317 2803 1396 2867 τὸ,
1430 2802 1515 2855 Σὺ
1541 2802 1752 2872 λέγεις.

193 2893 349 2946 Ἐπεὶ
394 2895 425 2947 ὁ
475 2895 571 2964 μὲν
616 2896 903 2965 ἀρχιερεὺς
946 2893 1273 2958 δικαστικῶς
1327 2893 1513 2965 ἠρώτα
1561 2894 1752 2962 λέγων’

183 2984 331 3039 Εἰπὲ
374 2985 525 3055 ἡμῖν
563 2988 616 3039 εὶ
656 2985 736 3039 σὺ
769 2981 828 3039 εἷ
859 2989 892 3040 ὁ
917 2985 1215 3052 ,ϐασιλεὺς
1235 3025 1249 3048 ,
1284 2984 1511 3048 Πιλάτος
1538 2986 1593 3038 δὲ
1622 2986 1756 3039 ἀπο-

186 3077 485 3146 φαντικῶς.
530 3078 671 3148 Ὅρα
719 3076 775 3129 δὲ
826 3079 875 3130 εί
914 3077 987 3149 μὴ
1033 3077 1092 3130 τὸ
1139 3078 1267 3148 μὲν,
1308 3077 1390 3129 Σὺ
1427 3078 1629 3143 εἶπας,
1681 3077 1758 3147 τῷ

1864 832 1997 873 vero
2036 820 2323 878 incuriosa:
2356 823 2595 889 fuerunt,
2625 826 2788 895 fatua:
2810 868 2824 889 ,
2858 844 3147 894 congruum
3207 842 3417 903 tempus

1864 908 2236 977 impendentes
2277 914 2327 967 in
2355 916 2591 969 studium
2634 932 2816 972 rerum
2845 920 3108 974 inanium.
3140 921 3271 976 illud
3295 922 3418 975 dor-

1861 1002 2108 1069 mierunt,
2143 1004 2521 1061 dormitionem
2550 1010 2743 1063 mortis
2775 1009 2952 1065 innuit
2980 1030 2993 1065 :
3033 1014 3411 1068 mediuoctium

1862 1109 2011 1159 vero,
2052 1098 2390 1166 repentinum
2422 1109 2632 1168 tempus
2663 1101 2929 1166 declarat,
2984 1118 3047 1158 ac
3078 1104 3413 1175 inexspecta-

1862 1197 1997 1255 tum,
2021 1188 2286 1258 simulque
2321 1190 2578 1245 terribile.
2607 1192 2685 1246 Ac
2706 1194 3039 1261 surgentibus
3064 1196 3279 1262 quidem
3307 1197 3417 1249 fru-

1861 1289 1978 1333 etus
2006 1280 2160 1335 adest
2190 1279 2433 1335 laborum
2461 1296 2679 1337 suorum
2702 1302 2715 1335 :
2753 1286 3061 1339 socordium
3088 1302 3237 1351 vero,
3260 1289 3418 1342 nihil-

1861 1384 1965 1437 que
1988 1371 2131 1425 circa
2158 1371 2415 1441 pietatem
2446 1387 2853 1443 occupatarum,
2903 1376 3093 1444 incipit
3127 1377 3419 1433 dormitare

1862 1464 2059 1526 anima,
2093 1472 2149 1517 et
2180 1464 2575 1533 quodammodo
2618 1466 2891 1538 exstingui
2922 1482 2986 1522 ac
3041 1468 3095 1521 in
3148 1468 3419 1540 desipien-

1862 1553 1992 1607 tiam
2022 1556 2225 1620 venire,
2253 1558 2387 1611 adeo
2411 1566 2470 1610 ut
2500 1558 2884 1627 suspicandum
2918 1559 2983 1614 de
3011 1559 3116 1615 illis
3143 1560 3419 1616 videretur

1859 1651 2083 1712 propter
2106 1643 2332 1699 aliarum
2359 1647 2635 1701 virtutem.
2666 1646 2846 1714 Quare
2881 1649 3277 1718 reprobantur,
3337 1651 3419 1704 di-

1864 1731 2110 1787 centibus
2132 1733 2271 1787 illis:
2298 1734 2381 1789 Ne
2402 1736 2538 1804 forte
2570 1738 2910 1808 nonsu/ﬁciat
2939 1738 3088 1793 nobis
3117 1749 3164 1792 et
3188 1740 3330 1793 vobis
3350 1740 3414 1796 ³⁸.

1866 1822 2276 1877 Porrovendunt
2302 1826 2478 1879 oleum
2508 1828 2569 1890 ii,
2595 1829 2684 1897 qui
2728 1829 2925 1883 docent
2970 1830 3038 1885 ob
3102 1832 3406 1886 mercedem

1864 1914 2212 1983 praelationis,
2250 1919 2585 1984 attentionis,
2613 1920 2954 1985 eruditionis,
2975 1922 3277 1977 industriae.
3305 1926 3413 1978 Aut

1860 2005 2152 2060 venditores
2182 2015 2305 2060 sunt
2337 2010 2626 2077 prophetae,
2652 2011 2898 2079 apostoli,
2922 2013 3290 2084 evangelista),
3322 2030 3415 2084 per

1861 2111 1995 2165 quos
2019 2097 2142 2165 quis
2174 2098 2420 2153 eruditus
2452 2100 2705 2154 virtutem
2737 2114 2973 2158 exercet.

2439 2190 2589 2245 CAP.
2616 2190 2831 2246 XXVII.

1863 2279 1926 2336 V.
1961 2281 2046 2335 ll.
2083 2279 2149 2333 Et
2185 2283 2668 2351 interrogaviteum
2720 2301 2931 2351 presses,
2980 2288 3194 2343 dicens:
3256 2289 3331 2343 Tu
3364 2306 3415 2344 es

2408 2368 2499 2405 rex
2518 2350 2823 2408 Judrrorum
2840 2356 2867 2409 Ρ

1936 2439 2216 2509 Tanquam
2263 2441 2332 2495 de
2359 2442 2589 2498 crimine
2634 2445 2853 2513 publico
2900 2447 3208 2503 damnatum
3242 2450 3411 2503 inter-

1857 2543 2011 2604 rogat
2046 2548 2167 2588 eum
2209 2531 2439 2601 Pilatus,
2465 2534 2649 2591 dicens
2679 2554 2694 2590 :
2726 2536 2805 2591 Tu
2846 2554 2901 2592 es
2934 2556 3027 2593 rex
3062 2540 3370 2595 Judarorum
3394 2544 3420 2596 .9

1858 2621 2060 2689 Quaerit
2090 2624 2451 2687 subsannans,
2476 2625 2563 2677 vel
2591 2624 2843 2682 dubitans
2875 2628 2956 2682 sic
2983 2629 3297 2700 interrogat.
3321 2630 3413 2686 Je-

1857 2727 1951 2768 sus
1976 2727 2107 2768 vero
2136 2713 2423 2783 tranquille
2454 2714 2785 2770 subinnuens
2806 2717 3243 2784 aﬂirmationem,
3289 2731 3412 2775 tan-

1858 2818 2018 2872 quam
2041 2806 2283 2859 omnium
2311 2805 2586 2860 hominum
2621 2821 2736 2874 rex,
2767 2807 2878 2864 ait:
2917 2806 2993 2863 Tu
3023 2809 3178 2864 dicis.
3230 2809 3413 2881 Siqui-

1858 2895 1977 2950 dem
2006 2895 2246 2965 pontifex
2298 2896 2532 2966 juridico
2574 2912 2721 2953 more
2760 2900 3148 2970 interrogabat,
3179 2904 3364 2959 dicens
3394 2921 3408 2958 :

1864 2982 1957 3040 Dic
1980 2987 2148 3054 nobis,
2177 2990 2221 3042 si
2245 2997 2299 3041 tu
2317 3005 2369 3043 es
2390 3004 2483 3042 rex
2510 2989 2553 3021 “
2579 3005 2595 3054 ;
2630 2998 2685 3044 at
2707 2989 2911 3046 Pilatus
2956 3008 3052 3062 per
3108 2995 3409 3063 simplicem

1859 3078 2299 3134 enuntiationem.
2351 3079 2484 3135 Vide
2521 3093 2718 3149 porro,
2773 3082 2816 3138 si
2854 3099 2960 3137 non
2996 3084 3139 3138 aliud
3174 3097 3227 3137 tu
3272 3087 3413 3140 dixi-

186 3167 434 3239 ἀρχιερεῖ
477 3167 801 3238 λεγόμενον,
841 3169 931 3221 τὸν
975 3168 1265 3238 δισταγμὸν
1311 3167 1472 3222 αὐτοῦ
1499 3168 1755 3241 λεληθότα

1860 3172 1927 3224 sti
1960 3171 2025 3235 ",
2061 3170 2200 3238 quod
2225 3171 2469 3240 pontilici
2514 3186 2828 3260 responsum
2875 3185 2979 3242 est,
3017 3176 3408 3231 dubitationem!

182 3258 399 3328 ἐλέγχει
426 3276 439 3289 υ
486 3259 548 3311 τὸ
586 3258 671 3324 δὲ,
701 3259 784 3312 Σὺ
816 3258 1042 3329 λέγεις,
1086 3260 1162 3330 τῷ
1196 3259 1443 3329 Πιλάτῳ,
1478 3259 1575 3331 τὴν
1620 3260 1757 3313 ἀπό-

183 3369 352 3421 φασιν
377 3350 540 3404 αὐτοῦ
580 3354 757 3423 κυροῖ.
795 3346 903 3404 ’Ἤν
934 3351 1041 3422 γὰρ
1076 3350 1327 3421 βασιλεὺς
1366 3350 1460 3404 τοῦ
1507 3351 1752 3423 Ἰσραὴλ,

187 3441 315 3512 μήτε
356 3440 528 3495 εἰπὼν
555 3442 643 3495 ναὶ
662 3482 675 3506 ,
713 3442 797 3495 ἵνα
829 3441 901 3514 μὴ
930 3442 1003 3513 δῷ
1030 3442 1246 3512 εὔλογον
1271 3442 1523 3514 ἀφορμὴν
1555 3443 1632 3513 τῷ
1654 3445 1752 3496 Πι-

183 3530 318 3600 λάτῳ
367 3530 766 3596 καταδικάζειν.

253 3624 367 3696 (28)
420 3623 521 3677 Διά
549 3624 611 3677 τὸ
647 3624 1057 3695 ἀμετάτρεπτον
1093 3624 1271 3678 αὐτῶν
1303 3625 1420 3679 οὐδὲ
1446 3625 1627 3689 αὐτοῖς
1658 3627 1752 3679 ἀν-

190 3716 559 3785 τιφθέγγεται.
600 3715 795 3780 Καλῶς
827 3716 883 3769 δὲ
930 3716 1049 3769 οὐδὲ
1086 3715 1163 3786 τῷ
1204 3716 1419 3787 Πιλάτῳ
1458 3716 1749 3788 ἀπεκρίθη,

193 3806 266 3857 ὅτι
296 3805 629 3876 ἀμφιϐάλλει
662 3809 711 3858 εί
741 3807 845 3877 χρὴ
873 3806 1034 3861 αὑτὸν
1059 3808 1193 3879 πρὸς
1225 3807 1322 3871 τὰς
1349 3807 1563 3871 ἀδίκους
1590 3825 1755 3878 κατη-

193 3898 376 3967 γορίας
413 3897 822 3966 ἀπολογεῖσθαι,
852 3898 946 3952 καὶ
974 3899 1053 3952 ὅτι
1094 3899 1442 3969 διχογνωμῶν
1479 3902 1594 3952 ἐστι
1628 3901 1754 3970 περὶ

195 3990 386 4045 αὐτῶν.
429 3990 594 4059 Δῆλον
632 3990 740 4061 γὰρ
777 3986 875 4062 ἦν,
918 3991 1024 4057 ὅτι,
1053 3993 1100 4045 εἰ
1127 3992 1496 4062 ἀπελογήσατο
1525 3992 1618 4045 καὶ
1650 4008 1756 4046 πα-

199 4082 454 4154 ρέστησεν
488 4082 674 4135 ἑαυτὸν
696 4081 867 4136 οὐδενὶ
886 4082 994 4154 (29)
1027 4082 1206 4153 ἔνοχον
1241 4083 1604 4153 ἐγκλήματος,
1645 4084 1752 4135 άπ-

196 4173 375 4229 ἐλυσεν
419 4174 487 4229 ἂν
520 4177 548 4228 ὁ
583 4174 838 4246 δικαστὴς
870 4176 1047 4241 αὐτὸν,
1093 4175 1267 4229 λαϐὼν
1291 4175 1405 4229 όδὸν
1427 4174 1519 4228 τοῦ
1546 4174 1755 4246 χρηστὰ

198 4266 311 4336 περὶ
336 4265 506 4320 αὐτοῦ
540 4265 932 4337 ἀποφήνασθαι.
967 4266 1124 4320 Ὅθεν
1156 4268 1249 4320 καὶ
1290 4269 1317 4320 ὁ
1343 4266 1564 4337 ἡγεμὼν
1590 4266 1752 4319 ἐθαύ-

203 4357 359 4424 μαζεν
394 4356 577 4420 αὐτὸν,
612 4358 729 4420 πῶς
752 4398 765 4421 ,
801 4357 1092 4428 δυνάμενος
1118 4359 1292 4410 εἰπεῖν
1324 4356 1523 4420 πολλὰς
1556 4357 1751 4409 ἀπολο-

199 4443 345 4510 γίας,
398 4444 626 4498 ἐσιώπα.
675 4447 765 4499 Διὸ
798 4447 891 4499 καὶ
928 4448 1002 4509 ὡς
1044 4446 1210 4499 θέλων
1258 4446 1419 4501 αὑτὸν
1462 4444 1747 4508 ἀπολῦσαι,

1772 3218 1831 3281 C

1861 3257 1976 3327 ejus
2012 3258 2326 3315 obliviosam
2353 3257 2630 3330 coarguit:
2662 3260 2793 3318 illud
2817 3277 2964 3329 vero,
2992 3263 3070 3317 Tu
3096 3266 3410 3335 dicis,quod

1860 3348 2036 3403 Pilato
2053 3349 2350 3418 respondit,
2374 3348 2803 3404 enuntiationem
2826 3350 2942 3418 ejus
2959 3351 3262 3406 conﬁrmat.
3284 3352 3413 3404 Erat

1862 3452 2097 3505 namque
2118 3454 2211 3492 rex
2249 3437 2411 3492 Israel
2440 3456 2452 3491 :
2489 3447 2543 3491 et
2564 3453 2668 3491 non
2690 3438 2826 3492 dixit
2850 3455 2951 3504 me,
2984 3450 3042 3491 ut
3071 3453 3175 3493 non
3209 3441 3411 3507 praebe-

1864 3534 1951 3580 ret
1982 3527 2151 3583 Pilato
2177 3528 2480 3596 speciosam
2502 3539 2685 3578 ansam
2714 3524 2862 3577 illum
2891 3526 3208 3579 damnandi.

1935 3614 2225 3684 Propterea
2259 3616 2399 3683 quod
2432 3615 2695 3684 ejusmodi
2726 3624 2881 3670 erant
2907 3615 2996 3683 qui
3024 3616 3262 3669 converti
3297 3615 3406 3669 nol-

1862 3708 1995 3772 ient,
2026 3707 2158 3761 nihil
2186 3707 2317 3777 ipsis
2346 3707 2643 3775 respondit.
2666 3705 2896 3760 Pulchre
2941 3714 3121 3759 autem
3150 3721 3215 3762 ne
3242 3706 3412 3761 Pilato

1863 3799 2078 3870 quidem
2112 3797 2406 3867 respondit,
2453 3798 2577 3867 quia
2628 3798 2840 3853 dubitat
2874 3802 2918 3854 si
2953 3806 3198 3869 oporteat
3238 3800 3407 3868 ipsum

1862 3903 2050 3947 contra
2074 3880 2301 3959 injustas
2324 3891 2692 3946 accusationes
2722 3905 2780 3945 se
2801 3906 3054 3960 purgare,
3081 3900 3135 3947 et
3165 3892 3287 3961 quia
3314 3906 3403 3945 an-

1858 4002 1986 4057 ceps
2016 3996 2099 4042 est
2155 3986 2225 4042 de
2278 3985 2406 4041 illis.
2441 3983 2785 4040 Manifestum
2836 3986 2979 4042 enim
3017 3996 3155 4052 erat,
3186 3986 3310 4057 quia
3362 3989 3404 4042 si

1855 4087 2140 4149 purgasset
2177 4093 2257 4143 se,
2292 4092 2457 4147 seque
2510 4078 2760 4133 evicisset
2807 4076 2939 4131 nulli
2973 4076 3265 4131 obnoxium
3299 4079 3405 4132 cri-

1861 4170 2012 4235 mini,
2043 4169 2335 4223 dimisisset
2355 4168 2538 4237 utique
2568 4166 2713 4222 illum
2734 4166 2923 4235 judex,
2957 4168 3100 4221 viam
3132 4166 3397 4237 arripiens

1853 4258 2045 4313 bonam
2084 4259 2151 4313 de
2203 4259 2297 4314 illo
2348 4258 2493 4313 ferre
2558 4258 2906 4314 sententiam.
2952 4258 3314 4324 Quamobrem
3346 4272 3398 4313 et

1853 4365 2051 4420 praises
2079 4351 2454 4405 admirabatur
2476 4364 2622 4412 eum,
2656 4350 2926 4417 quomodo
2950 4363 3072 4404 cum
3098 4356 3280 4417 posset
3307 4363 3403 4416 pro

1854 4458 1913 4498 se
1936 4443 2129 4497 multas
2180 4440 2372 4495 ali'erre
2424 4440 2687 4503 rationes,
2726 4448 2952 4494 taceret.
2988 4439 3194 4494 Idcirco
3243 4437 3401 4494 etiam

202 4539 269 4600 είς
289 4538 448 4591 τοῦτο
471 4538 631 4591 αὐτὸν
646 4538 1006 4611 προετρέπετο
1024 4538 1153 4608 (50)·
1179 4539 1259 4589 ὅτι
1284 4535 1391 4607 γάρ
1413 4537 1589 4607 φθόνῳ
1613 4553 1751 4606 παρ-

1859 4532 2006 4601 quasi
2036 4530 2223 4584 volens
2253 4530 2399 4583 illum
2434 4528 2733 4590 absolvere,
2769 4528 2835 4580 ad
2868 4528 2971 4581 hoc
3017 4527 3165 4582 illum
3210 4544 3405 4598 provo-

203 4627 378 4701 εδόθη,
434 4631 530 4683 καὶ
569 4629 784 4700 Πιλάτῳ
820 4629 973 4700 δῆλον
1005 4625 1092 4700 ἦν.
1148 4630 1259 4698 Οὐχ
1299 4628 1482 4691 ἁπλῶς
1514 4627 1572 4680 δὲ
1619 4627 1748 4680 θαυ-

208 4718 385 4788 μάζει,
432 4720 569 4774 ἀλλά
607 4723 701 4775 καὶ
734 4720 883 4775 λίαν·
927 4720 1069 4790 τάχα
1112 4721 1208 4790 μὲν
1251 4720 1339 4773 διὰ
1383 4720 1444 4772 τὸ
1489 4720 1752 4790 ἄτρεπτον

205 4810 287 4862 καὶ
310 4811 584 4883 ἀτάραχον
615 4812 777 4866 αὑτοῦ
801 4818 938 4885 πρὸς
957 4813 1202 4875 θάνατον,
1231 4812 1324 4864 καὶ
1345 4814 1401 4864 ἐν
1432 4810 1638 4873 τούτοις
1658 4827 1754 4878 γα-

208 4901 352 4974 ληνὸν
375 4905 469 4959 τοῦ
497 4905 788 4975 προσώπου
812 4924 824 4937 ’
862 4904 894 4976 ἢ
921 4906 1014 4958 καὶ
1044 4903 1142 4976 τὴν
1180 4904 1318 4973 ὑπὲρ
1343 4902 1620 4974 ἄνθρωπον
1653 4902 1751 4954 αὺ-

206 4995 285 5050 τοῦ
316 4997 693 5069 μακροθυμίαν
723 4995 1051 5067 ἐθαύμαζεν.

266 5172 419 5238 Εἰκὸς
450 5174 573 5245 ἄρτι
599 5175 946 5227 ὑποσπόνδων
973 5173 1275 5242 γενομένων
1312 5170 1598 5239 Ῥωμαίοις
1632 5171 1759 5220 Ἰου-

210 5258 390 5329 ἃιιων,
439 5264 499 5318 τὸ
543 5265 934 5337 κεχαρισμένον
975 5264 1155 5327 αὐτοῖς
1200 5261 1365 5332 ᾤοντο
1397 5263 1456 5313 ἐν
1499 5263 1563 5330 τῇ
1598 5260 1756 5329 ἑορτῇ

213 5358 611 5427 συγχωρεῖσθαι.
655 5344 971 5409 ΚαὶνΣαοὺλ
1010 5355 1098 5417 δὲ,
1132 5353 1489 5423 συγχωρήσας
1530 5350 1607 5419 τῷ
1647 5349 1760 5419 λαιῖ)

211 5443 291 5497 τὸν
326 5446 598 5512 Ἰωνάθαν,
626 5448 772 5519 δηλοί
798 5448 924 5519 πρὶν
944 5447 1124 5509 αὐτοῖς
1146 5446 1239 5498 καὶ
1265 5442 1524 5496 τοιοῦτον.
1565 5442 1650 5504 Ὠς
1672 5458 1757 5492 νο-

274 5606 314 5639 ¹⁸
334 5606 520 5661 Matth.
542 5622 667 5671 xxv,
686 5608 742 5662 9.
817 5606 858 5637 ¹⁶
882 5604 1069 5659 Matth.
1097 5621 1241 5671 xxvr,
1271 5604 1357 5659 65.

277 5721 382 5789 (27)
415 5722 591 5777 Locus
613 5721 886 5778 deﬁciens.

276 5788 379 5857 (28)
417 5792 628 5846 Nullum
704 5793 989 5848 ascribitur
1062 5791 1299 5847 auctoris
1360 5805 1572 5846 nomen.
1627 5788 1750 5843 llrrc

221 5861 346 5916 rcier
373 5863 438 5917 ad
463 5878 603 5919 vers.
638 5861 724 5916 12.

1462 5605 1503 5634 ¹⁷
1551 5602 1678 5657 ibid.
1706 5602 1797 5655 δι.

1852 4624 2033 4678 cabat.
2079 4622 2216 4687 Quia
2251 4622 2394 4675 enim
2427 4619 2627 4673 invidia
2663 4618 2892 4672 traditus
2916 4618 3113 4686 fuerat,
3148 4622 3198 4673 id
3230 4621 3398 4675 Pilato

1854 4712 2200 4768 manifestum
2244 4719 2381 4765 erat.
2412 4709 2526 4764 Non
2562 4708 2878 4777 simpliciter
2904 4724 3034 4763 vero
3083 4711 3403 4774 mirabatur,

1854 4803 1945 4859 sed
1972 4811 2026 4857 et
2056 4805 2399 4856 vehementer.
2432 4798 2660 4853 Fortean
2694 4808 2920 4867 propter
2952 4801 3314 4854 constantiam
3351 4809 3405 4852 et

1856 4891 2448 4963 imperturbabilitatem
2488 4888 2603 4957 ejus
2631 4891 2891 4946 adversus
2917 4901 3168 4955 mortem,
3196 4905 3259 4944 ac
3281 4906 3406 4960 pro-

1855 4994 2040 5053 pterea
2066 4984 2135 5039 ob
2161 4980 2506 5038 serenitatem
2540 4980 2742 5036 vultus.
2773 4981 2867 5036 Vel
2894 4981 3056 5035 etiam
3082 4981 3404 5049 longanimi-

1858 5084 2021 5130 tatem
2054 5074 2171 5142 ejus
2197 5072 2475 5142 plusquam
2505 5071 2794 5127 humanam
2829 5070 3216 5126 admirabatur.

1926 5164 2139 5229 Merito,
2166 5178 2287 5215 cum
2314 5176 2504 5217 recens
2532 5162 2785 5217 Romanis
2805 5162 3006 5218 findere
3030 5163 3199 5233 juncti
3223 5176 3403 5221 essent

1856 5254 2046 5317 Judaei,
2079 5254 2220 5323 quod
2250 5262 2461 5322 gratum
2496 5252 2625 5322 ipsis
2670 5261 2851 5320 esset,
2887 5253 3147 5322 putabant
3177 5254 3229 5307 in
3263 5256 3401 5318 l'csto

1856 5344 2271 5401 concedendum.
2299 5342 2423 5396 Saul
2460 5344 2619 5397 etiam
2667 5345 2967 5399 concedens
2997 5345 3188 5416 pupulo
3240 5344 3402 5402 Jona-

1858 5440 2007 5502 than,
2042 5437 2149 5506 jam
2182 5435 2385 5505 pridem
2414 5435 2614 5504 aliquid
2648 5436 2951 5506 hujusmodi
2977 5436 3151 5491 innuit
3180 5437 3307 5491 illis.
3333 5435 3399 5490 Ut

1922 5716 2031 5787 (29)
2072 5716 2151 5770 An
2186 5715 2415 5787 οὐδενός.

1928 5783 2042 5858 (30)
2067 5787 2163 5840 Hic
2188 5798 2241 5841 et
2272 5785 2411 5860 inira
2441 5783 2626 5860 confer
2659 5788 2797 5843 edita
2836 5788 3047 5860 Latina,
3072 5798 3124 5843 et
3155 5785 3395 5858 quaedam

1856 5856 2017 5913 etiam
2051 5857 2318 5914 contraria
2351 5856 2434 5911 his
2456 5858 2711 5926 reperies.
