3942 6318
535 441 636 500 ειη
1409 434 1964 491 SUPPLEMENTUM
1999 433 2091 487 AD
2128 429 2448 488 ORIGENIS
2482 427 2894 485 EXEGETICA.
3640 433 3737 490 303

532 551 626 622 qui
653 549 816 622 igitur
845 549 1082 606 futurum
1111 551 1356 620 putabat,
1396 560 1456 604 ut
1485 552 1830 604 innocentem
1865 548 2044 618 potius
2069 588 2086 614 ,

2206 541 2361 606 ιίζων
2391 543 2448 596 δὲ
2467 583 2481 607 ,
2517 542 2596 596 ὃτι
2625 541 2717 596 τὸν
2753 541 3022 608 ἀναίτιον,
3051 543 3085 613 ἣ
3116 543 3211 596 τὸν
3240 543 3460 614 μυρίοις
3482 545 3742 619 ἐγκλημαα

533 657 696 713 quam
733 641 963 698 infinitis
997 642 1313 697 criminibus
1356 655 1506 695 reum
1544 639 1901 709 postularent,
1952 638 2090 694 dixit

2206 652 2273 688 rw
2313 635 2558 688 ὑπαίτιον
2603 636 2950 706 αἰτήσονται,
2983 631 3102 688 εἷπε
3137 636 3301 689 τοῦτο
3329 638 3358 688 6
3391 637 3646 702 Πιλᾶτος,
3677 641 3744 703 ὡς

533 733 637 788 hoc
659 732 896 800 Pilatus,
927 743 1180 803 tanquam
1213 731 1282 785 iis
1301 729 1677 800 quijustitiam
1711 730 2085 785 sectabantur.

535 823 755 880 Sciebat
787 825 928 879 enim
955 824 1081 893 quia
1110 821 1310 878 nullum
1343 822 1560 877 evidens
1589 832 1966 890 argumentum
1995 821 2090 876 ba-

533 914 698 968 hehat
717 925 901 972 contra
934 913 1100 968 illum.

609 1002 982 1058 Vetustissima
1043 1005 1226 1074 legens
1265 1003 1613 1072 exemplaria.
1651 1003 1856 1068 iuveni,
1916 1003 2088 1070 ipsum

535 1107 746 1161 quoque
770 1092 1069 1148 Barabham
1104 1102 1351 1148 vocatum
1389 1092 1556 1147 fuisse
1581 1089 1783 1146 Jesum.
1815 1092 1904 1145 Sic
1929 1092 2093 1160 igitur

538 1198 599 1238 se
630 1184 704 1239 ibi
731 1184 964 1238 habebat
998 1181 1152 1236 Pilati
1188 1182 1540 1251 interrogatio
1578 1203 1590 1235 :
1625 1181 1789 1246 Quem
1843 1181 2000 1234 uultis
2029 1181 2092 1234 de

533 1277 616 1330 his
648 1275 847 1328 duobus
867 1275 1127 1327 dimittant
1163 1275 1302 1327 vobis
1321 1274 1344 1325 ?
1360 1272 1536 1326 Iesum
1555 1272 1870 1334 Barabbam,
1897 1271 1972 1324 vel
1998 1271 2092 1325 Je-

535 1383 652 1421 sum
682 1367 770 1433 qui
794 1365 989 1418 dicitur
1011 1362 1250 1418 Christus
1275 1364 1354 1416 ‘8?
1386 1363 1457 1419 Ut
1478 1363 1618 1418 enim
1653 1362 1865 1416 videtur
1896 1403 1910 1428 ,
1957 1365 2093 1416 latro

535 1456 905 1527 patronymice
931 1455 1228 1510 vocabatur
1274 1454 1568 1520 Barahhas,
1597 1453 1740 1522 quod
1775 1455 2095 1523 interpretas

538 1553 624 1598 tur
675 1546 906 1600 doctoris
949 1546 1114 1613 ﬁlius.
1155 1545 1522 1612 Compositqu
1578 1545 1742 1614 igitur
1773 1559 1962 1598 nomen
1991 1544 2094 1598 Ba-

537 1638 801 1700 ramban,
855 1636 1060 1691 indicat
1114 1634 1286 1688 Filius
1328 1637 1558 1690 doctoris
1598 1636 1782 1689 nostri.
1814 1635 1881 1688 At
1912 1636 2094 1703 cujus-

538 1745 663 1782 nam
695 1729 830 1784 alius
844 1729 1101 1784 .doctoris
1129 1728 1292 1782 lilium
1315 1737 1530 1797 oportet
1557 1739 1810 1796 reputare
1829 1728 2092 1782 latronem

541 1820 830 1890 insignem,
868 1836 1029 1891 quam
1065 1822 1165 1875 viri
1199 1821 1547 1890 sanguiuum,
1582 1835 1741 1888 quam
1783 1818 1898 1888 ejus
1925 1823 2013 1889 qui
2031 1822 2095 1874 ab
2128 1898 2168 1913 ἢ
2200 1846 2310 1913 ζειν

538 1913 692 1968 initio
719 1921 796 1968 est
830 1912 1091 1966 homicida
1119 1913 1162 1943 ¹⁹
1197 1930 1212 1966 :
1240 1926 1400 1982 quem
1437 1925 1606 1980 usque
1638 1911 1690 1964 in
1736 1911 1874 1965 hanc
1904 1912 2045 1966 diem
2077 1951 2092 1976 ,
2127 1898 2170 1952 Β

539 2003 630 2072 qui
665 2003 732 2057 ab
764 2000 878 2073 ipso
911 2003 1124 2057 discunt
1156 2001 1336 2058 facere
1369 2001 1986 2072 homicidia,pr:eferunt
2015 2004 2096 2055 vi-

541 2095 806 2150 viﬁcatori
838 2095 1116 2151 hominum
1141 2093 1367 2149 Domino
1399 2104 1585 2149 nostro
1608 2093 1732 2150 Jesu
1760 2094 1978 2150 Christo
2005 2095 2026 2148 ‘3

613 2187 746 2240 Dum
785 2187 1120 2256 judicaretur
1149 2202 1177 2240 a
1200 2185 1396 2250 Pilato,
1429 2187 1647 2241 oracula
1699 2189 1954 2243 reddebat
1980 2189 2097 2258 ejus

541 2279 723 2341 uxori;
754 2287 810 2332 ut
841 2279 1055 2334 silentio
1080 2280 1298 2349 quidem
1333 2277 1399 2332 ad
1433 2277 1802 2334 fortitudinem
1831 2289 2094 2350 stuperet,

540 2380 595 2422 at
620 2369 871 2424 vaticiuio
887 2379 1258 2440 cognosceret,
1287 2372 1428 2439 quod
1454 2385 1558 2424 non
1593 2370 1645 2424 in
1679 2370 1969 2434 hominem,
2001 2371 2098 2426 sed

540 2459 707 2514 Deum
737 2462 1059 2516 sententiam
1097 2461 1225 2516 fert.
1258 2463 1548 2531 Propterea
1585 2478 1717 2518 vero
1744 2463 1858 2532 ipse
1889 2479 1992 2518 non
2019 2466 2098 2519 vi-

547 2551 648 2617 dit,
697 2553 869 2607 velut
909 2553 996 2606 illa
1035 2569 1138 2609 non
1171 2563 1380 2609 taceret
1408 2558 1700 2620 somnium,
1731 2556 1813 2611 vel
1859 2560 1984 2627 quia
2022 2558 2094 2612 illi

541 2660 648 2699 non
677 2645 1021 2710 credebatur,
1045 2647 1129 2701 vel
1169 2648 1421 2717 indignus
1475 2657 1613 2713 erat,
1663 2647 1744 2701 vel
1773 2659 1830 2702 ut
1875 2648 2100 2703 audiens

543 2749 663 2803 quae
708 2750 847 2788 uxor
876 2749 1037 2802 passa
1075 2735 1273 2804 fuerat,
1318 2747 1742 2807 eompateretur.
1803 2737 1918 2794 Non
1953 2738 2098 2794 enim

545 2829 704 2881 modo
725 2828 992 2882 somnium
1035 2829 1191 2895 vidit,
1215 2832 1308 2886 sed
1339 2838 1394 2885 et
1416 2831 1580 2884 multa
1610 2846 1768 2901 passa
1795 2842 1899 2899 est,
1949 2843 2003 2888 et
2043 2833 2097 2888 in

543 2931 701 2975 nocte
744 2919 800 2973 id
848 2921 916 2975 ad
947 2919 1200 2989 majorem
1247 2922 1495 2976 timorem
1546 2924 1790 2994 contigit.
1829 2923 2096 2980 Caeterum

543 3009 899 3066 Providentia:
919 3026 1052 3080 opus
1076 3011 1202 3065 illud
1225 3013 1489 3066 somnium
1517 3012 1633 3079 fuit,
1659 3012 1724 3066 de
1755 3027 1861 3082 quo
1880 3012 2096 3082 quidem

545 3117 652 3158 non
688 3103 887 3158 dicitur
937 3102 1064 3172 quid
1097 3111 1267 3167 esset,
1302 3101 1616 3157 manifestat
1665 3113 1842 3159 tamen
1874 3104 2097 3158 demon-

551 3209 780 3256 stratum
812 3198 1002 3263 fuisse,
1027 3215 1131 3253 non
1159 3207 1219 3254 ut
1250 3198 1499 3254 Christus
1533 3215 1638 3253 non
1676 3209 1971 3269 pateretur,
2004 3199 2098 3254 sed

546 3303 605 3346 ut
631 3292 824 3347 mulier
847 3292 994 3347 salva
1025 3291 1197 3346 fieret.
1223 3289 1385 3345 Beata
1409 3306 1534 3345 vero
1555 3291 1689 3356 haec,
1706 3307 1822 3360 qua:
1847 3307 1938 3361 per
1959 3306 2101 3345 som-

543 3381 634 3436 nia
673 3380 880 3446 habuit,
909 3391 967 3435 ut
996 3389 1294 3450 pateretur,
1329 3388 1388 3434 ut
1415 3395 1521 3434 non
1549 3380 1704 3450 longe
1728 3382 1975 3451 graviora
2009 3396 2101 3450 pa-

544 3481 770 3526 teretur.
807 3471 973 3539 Quasi
1011 3483 1188 3528 autem
1233 3474 1535 3544 symbolum
1583 3487 1645 3526 ea
1697 3479 1780 3526 est
1822 3470 2096 3536 Ecclesiae,

543 3578 664 3635 qua:
688 3563 955 3634 quondam
989 3564 1156 3620 Pilato
1178 3567 1414 3632 suberat,
1451 3566 1542 3621 sed
1582 3579 1704 3619 nom
1746 3564 1975 3634 amplius
2005 3564 2104 3618 ob-

545 3656 706 3711 noxia
737 3666 819 3711 est
845 3657 894 3711 ei
938 3667 1156 3728 propter
1188 3658 1346 3713 tidem
1377 3659 1431 3713 in
1477 3655 1861 3713 Christum.....
1911 3657 2105 3713 mulier

546 3748 690 3804 enim
727 3747 1021 3820 alienigena
1053 3758 1191 3805 erat.

553 3841 616 3898 ν.
651 3843 743 3902 45.
773 3847 814 3898 Α
847 3855 993 3899 sexta
1027 3857 1199 3899 autem
1249 3847 1379 3899 hora
1414 3847 1636 3900 tenebras
1682 3845 1896 3915 [uerunt

740 3931 941 3968 onmem
963 3925 1179 3980 terram,
1206 3931 1368 3984 usque
1389 3916 1456 3968 ad
1490 3917 1674 3970 horam
1705 3933 1915 3969 nouant.

619 4005 696 4060 De
727 4006 829 4060 hac
863 4005 1050 4076 eclipsi
1092 4015 1146 4060 et
1182 4008 1438 4075 pr0pheta
1482 4007 1776 4062 Zacharias
1814 4008 1994 4062 dixit:
2043 4007 2108 4061 In

551 4099 646 4153 illa
672 4099 775 4165 die,
803 4098 997 4168 inquit,
1035 4115 1138 4153 non
1183 4101 1279 4152 erit
1313 4099 1426 4154 lux.
1451 4098 1518 4152 Et
1548 4101 1714 4169 frigus
1758 4111 1805 4153 et
1856 4100 1972 4170 gelu
2010 4103 2108 4154 erit

551 4209 709 4246 unam
743 4192 904 4248 diem.
937 4190 1004 4244 Et
1043 4192 1154 4246 dies
1190 4191 1282 4245 illa
1315 4202 1436 4244 nota
1469 4191 1709 4244 Domino.
1737 4189 1805 4243 Et
1840 4208 1942 4244 non
1973 4194 2107 4257 dies,

1953 3862 2108 3910 super

551 4294 600 4338 et
630 4300 732 4338 non
750 4299 887 4348 nox;
910 4293 958 4336 et
987 4284 1056 4336 ad
1083 4299 1346 4350 vesperam
1371 4283 1465 4336 erit
1499 4281 1593 4337 tua:
1621 4283 1686 4336 ‘°.
1727 4282 1856 4336 Dum
1887 4285 2013 4338 dicit
2037 4296 2112 4338 te.-

554 4375 742 4436 nebrw,
793 4373 1028 4428 ostendit
1071 4372 1451 4427 obtenehratos
1502 4373 1670 4427 fuisse
1703 4373 1792 4442 qui
1848 4373 1900 4428 in
1935 4373 2108 4428 lucem

556 4481 748 4520 manus
779 4464 1092 4533 injecerant.
1123 4464 1440 4519 Sicutenim
1463 4463 1737 4536 Egyptiis
1773 4464 1989 4519 fuerunt
2029 4473 2108 4520 te-

553 4557 754 4624 nebrae,
779 4556 937 4610 atlux
973 4555 1094 4611 ﬁliis
1114 4555 1307 4624 Israel;
1339 4556 1411 4611 ita
1441 4567 1496 4613 et
1523 4573 1684 4622 nunc,
1717 4557 1972 4613 Ecclesiae
1994 4557 2111 4629 qui-

555 4649 675 4703 dem
707 4657 791 4702 est
816 4647 904 4701 lux
930 4665 944 4713 ;
973 4658 1029 4701 at
1063 4647 1261 4703 Judazis
1292 4657 1416 4702 sunt
1452 4648 1684 4702 tenebrae
1717 4649 2000 4715 triduanae,
2030 4649 2109 4701 lu-

553 4737 716 4794 minis
746 4752 936 4808 nempe
989 4739 1220 4806 paterni,
1254 4730 1558 4807 splendoris
1611 4738 1840 4805 Christi,
1882 4738 2108 4807 fulgoris

556 4830 794 4901 Spiritus
814 4829 1011 4884 sancti.
1044 4827 1108 4882 Et
1138 4828 1262 4897 quia
1312 4827 1398 4882 die
1426 4838 1573 4882 sexta
1599 4827 1780 4882 factus
1817 4837 1898 4882 est
1927 4831 2108 4892 homo,

556 4936 620 4976 ac
642 4919 952 4976 verosimile
979 4927 1060 4973 est
1090 4917 1237 4971 illum
1269 4919 1400 4972 hora
1430 4929 1582 4972 sexta
1611 4919 1777 4975 fuisse
1805 4919 2106 4988 deceptum,

557 5021 838 5082 prepterea
873 5011 1106 5066 fortasse
1136 5011 1226 5080 qui
1255 5025 1351 5080 pro
1394 5010 1567 5064 salute
1603 5011 1883 5065 hominum
1917 5026 2112 5081 passus

557 5111 660 5168 est,
691 5103 821 5158 hora
845 5112 996 5156 sexta
1019 5115 1309 5170 suspensus
1341 5098 1461 5154 fuit.
1492 5101 1602 5154 Hoc
1628 5111 1712 5156 est
1733 5103 1942 5172 signum
1967 5103 2110 5173 quod

561 5201 717 5247 antea
757 5195 1066 5263 petentibus
1097 5207 1156 5247 se
1182 5193 1436 5246 daturum
1465 5193 1786 5261 promiserat
1817 5194 2064 5262 inquiens
2095 5211 2106 5246 :

558 5282 836 5337 Generatio
866 5302 1025 5352 prava
1055 5295 1102 5338 et
1134 5283 1373 5336 adultera
1415 5284 1618 5352 signum
1653 5285 1867 5353 requirit
1893 5286 1957 5351 “,
2002 5299 2105 5344 etc.

558 5375 646 5438 Et,
674 5375 882 5444 quando
901 5375 1249 5430 exaltaueritis
1281 5371 1480 5427 Filium
1503 5375 1752 5437 hominis,
1781 5387 1903 5430 tunc
1925 5393 2110 5446 cogno-

2188 727 2414 791 δικαίοις
2446 724 2615 781 οὖσιν.
2661 728 2813 800 ᾟδει
2847 728 2987 798 γὰρ,
3037 729 3117 782 ὅτι
3151 729 3314 782 οὐδὲν
3361 730 3505 801 σαφῆ
3547 729 3750 802 ἔλεγχον

2190 814 2331 888 εἶχον
2358 821 2475 872 κατ’
2500 817 2703 889 αὑτοῦ.ι

2263 1019 2511 1082 Παλαιοῖς
2536 1019 2592 1072 δὲ
2631 1017 2768 1071 πάνυ
2792 1018 3138 1090 ἀντιγράφοις
3167 1016 3415 1088 ἐντυχὼν
3433 1061 3448 1083 ,
3483 1012 3638 1090 εὗρον
3673 1024 3760 1076 καὶ

2192 1110 2351 1164 αὑτὸν
2381 1110 2471 1162 τὸν
2505 1109 2788 1181 Βαραϐϐᾶν
2829 1109 3035 1181 Ἰησοῦν
3068 1110 3387 1180 λεγόμενον.
3432 1109 3617 1174 Οὕτως
3640 1114 3762 1180 γοῦν

2192 1201 2333 1276 εἶχεν
2366 1207 2400 1275 ὴ
2435 1203 2528 1256 τοῦ
2568 1202 2796 1257 Πιλάτου
2835 1202 3027 1267 πεῦσις
3061 1204 3192 1256 ἐκεῖ·
3244 1204 3391 1257 Τίνα
3423 1203 3624 1257 θέλετε
3649 1205 3762 1260 ἀπὸ

2191 1293 2310 1348 τῶν
2331 1294 2439 1348 δύο
2469 1295 2756 1348 ἀπολύσω
2781 1293 2960 1363 ὑμῖν;
3005 1294 3250 1362 Ἰησοῦν
3283 1293 3398 1348 τὸν
3439 1294 3758 1363 Βαραϐϐᾶν,

2195 1389 2233 1455 ἢ
2279 1388 2518 1456 Ἰησοῦν
2539 1388 2645 1441 τὸν
2675 1389 3004 1456 λεγόμενον
3030 1389 3328 1456 Χριστόν;
3363 1388 3455 1451 Ὠς
3475 1387 3584 1458 γὰρ
3611 1388 3762 1452 ἔοικε,

2195 1481 2550 1553 πατρωνυμία
2575 1476 2643 1551 ἦν
2668 1479 2761 1533 τοῦ
2790 1479 2986 1551 λῃστοῦ
3025 1482 3052 1533 6
3085 1480 3406 1552 Βαραϐϐᾶς,
3443 1481 3581 1552 ὅπερ
3606 1482 3764 1551 ἑρμη-

2195 1575 2403 1628 νεύεται
2441 1573 2812 1627 διδασκάλου
2840 1575 2969 1639 υἱός
3004 1573 3133 1642 (51).
3169 1573 3568 1643 Συντιθέμενον
3595 1569 3683 1626 οὖν
3711 1573 3768 1626 τὸ

2195 1665 2289 1719 τοῦ
2327 1665 2625 1736 Βαραμϐἄν
2661 1665 2831 1736 ὄνομα
2875 1664 3126 1736 σημαίνει
3164 1663 3305 1730 υἱὸς
3345 1665 3456 1718 τοῦ
3495 1664 3767 1718 διδασκά-

2195 1762 2308 1811 λου
2337 1755 2522 1825 ἡμῶν.
2551 1757 2656 1809 Καὶ
2679 1757 2821 1820 τίνος
2845 1757 2953 1828 ἄρα
2984 1757 3311 1810 διδασκάλου
3350 1756 3469 1810 υἱὸν
3495 1756 3599 1826 χρὴ
3624 1757 3766 1827 νομί-

2342 1848 2431 1900 τὸν
2475 1848 2740 1917 ἐπίσημον
2779 1847 2998 1918 λῃστὴν,
3043 1847 3076 1918 ἢ
3122 1845 3217 1899 τοῦ
3263 1846 3464 1917 ἀνδρὸς
3497 1847 3765 1916 αἱμάτων,

2197 1939 2304 1994 τοῦ
2330 1940 2399 2004 ἐξ
2430 1939 2624 2008 ἀρχῆς
2671 1939 3182 2007 ἀνθρωποκτόνου,
3225 1939 3288 1992 ὃν
3341 1938 3628 2008 καὶμέχρι
3678 1938 3769 2006 τῆς

2195 2033 2352 2104 δεῦρο
2408 2033 2606 2102 μᾶλλον
2651 2030 2926 2103 αἱροῦνται
2984 2034 3034 2084 οἱ
3094 2032 3366 2103 μαθόντες
3431 2032 3562 2101 παρ’
3616 2027 3765 2082 αὑτοῦ

2197 2122 2731 2194 ἀνθρωποκτονεῑν,ῆ
2770 2120 2860 2173 τὸν
2894 2121 3262 2186 ζωοποιοῦντα
3282 2121 3414 2183 τοὺς
3440 2118 3765 2190 ἀνθρώπους,

2195 2214 2285 2268 τὸν
2329 2213 2530 2286 Κύριον
2563 2213 2716 2284 ἡμῶν
2755 2213 2960 2283 Ἰησοῦν
2991 2212 3226 2284 Χριστόν
3253 2229 3268 2276 ;

2267 2306 2598 2376 Κρινόμενος
2629 2305 2733 2358 ὑπὸ
2766 2304 2860 2358 τοῦ
2899 2303 3151 2367 Πιλάτου,
3179 2301 3526 2373 ἐχρημάτιζε
3556 2304 3620 2372 τῇ
3653 2299 3766 2352 τού-

2196 2413 2288 2449 του
2328 2397 2576 2464 γυναικὶ,
2623 2398 2708 2450 ἵνα
2740 2400 2806 2468 τῇ
2848 2397 2944 2468 μὲν
2977 2397 3150 2464 σιωπῇ
3194 2394 3301 2464 τὴν
3343 2392 3593 2463 ἀνδρείαν
3614 2409 3763 2445 κατα-

2199 2486 2378 2556 πλαγῇ
2399 2527 2413 2550 ,
2437 2486 2514 2556 τῷ
2545 2486 2602 2538 δὲ
2641 2485 3004 2558 χρηματισμῷ
3051 2484 3162 2556 γνῷ
3181 2525 3195 2547 ,
3227 2486 3314 2538 ὃτι
3343 2485 3448 2536 οὐκ
3476 2483 3767 2555 ἄνθρωπον,

2199 2579 2334 2632 ἀλλά
2358 2579 2488 2632 Θεὸν
2514 2579 2708 2650 κρίνει.
2735 2580 2832 2634 Διά
2865 2577 2922 2632 δὲ
2955 2577 3111 2630 τοῦτο
3143 2576 3315 2640 αὐτὸς
3345 2577 3447 2629 οὐκ
3471 2571 3608 2628 εἶδεν
3632 2575 3662 2645 ἧ
3691 2575 3765 2628 ἵνα

2201 2669 2274 2739 μὴ
2309 2670 2556 2738 σιωπήσῃ
2578 2669 2654 2737 τῷ
2693 2668 2800 2739 (52)
2847 2667 3009 2738 ὄναρ,
3153 2665 3240 2718 ὅτι
3291 2666 3394 2719 οὐκ
3449 2664 3764 2730 ἐπιστεύετο,

2210 2759 2243 2829 ἢ
2283 2759 2362 2811 ὅτι
2414 2758 2632 2823 ἀνάξιος
2677 2761 2765 2830 ἦν,
2825 2757 2856 2828 ἢ
2917 2758 3000 2810 ἵνα
3055 2757 3300 2822 ἀκούσας
3347 2757 3383 2811 ἃ
3431 2756 3764 2827 ὑπέμεινενὴ

2197 2850 2366 2922 γυνὴ,
2426 2851 2772 2924 συμπαθήσῂ.
2838 2851 2911 2904 οὐ
2962 2850 3070 2922 γάρ
3120 2851 3285 2921 μόνον
3342 2846 3451 2904 εἶδε
3502 2851 3563 2903 τὸ
3616 2851 3764 2902 ἐνύπ-

2197 2959 2332 3006 νιον,
2391 2941 2523 2995 ἀλλά
2574 2943 2664 2996 καὶ
2720 2942 2889 2995 πολλά
2923 2942 3112 3007 ἔπαθε,
3160 2943 3258 2995 καὶ
3289 2945 3346 2995 ἐν
3377 2943 3532 2995 νυκτὶ
3564 2941 3690 3012 πρὸς
3711 2939 3765 2992 τὸ

2199 3034 2566 3106 φοϐερώτερον
2595 3035 2856 3104 γίνεσθαι,
2896 3035 3103 3098 ’Ἄλλως
3143 3051 3201 3087 τε
3232 3036 3291 3088 δὲ
3323 3035 3585 3106 Προνοίας
3621 3032 3766 3103 ἔργον

2197 3125 2256 3178 τὸ
2280 3124 2431 3195 ὄναρ,
2463 3127 2523 3178 οὐ
2552 3126 2840 3196 λεγόμενον
2877 3124 2975 3195 μὲν
3004 3124 3055 3176 τί
3081 3119 3168 3194 ἦν,
3196 3123 3448 3177 δεικνύον
3475 3122 3550 3184 δὲ,
3578 3122 3653 3175 ὅτι
3678 3120 3763 3190 οὐχ

2203 3218 2290 3272 ἵνα
2336 3218 2408 3288 μὴ
2457 3215 2602 3285 πάθη
2653 3217 2680 3268 6
2735 3213 2939 3284 Ἰησοῦς
2985 3213 3232 3284 ἐδείχθη,
3281 3212 3398 3266 ἀλλ’
3445 3212 3529 3265 ἶνα
3563 3209 3762 3278 σωθῇή

2207 3311 2362 3378 γυνή.
2379 3308 2637 3379 Μακαρία
2651 3307 2704 3360 δὲ
2733 3309 2766 3376 ἡ
2789 3307 3011 3360 τοιαῦτα
3037 3309 3148 3377 ('55)
3171 3309 3455 3378 ἀπέχουσα
3481 3307 3538 3358 ὲν
3557 3301 3764 3372 ὀνείροις

2209 3398 2269 3450 τὸ
2299 3395 2520 3457 παθεῖν,
2568 3395 2652 3447 ἵνα
2701 3396 2773 3464 μὴ
2815 3395 3122 3470 ὑπερπάθῃ.
3147 3397 3208 3449 Et
3249 3397 3366 3467 (54)
3410 3396 3466 3448 δὲ
3516 3391 3763 3463 σύμϐολόν

2210 3489 2355 3540 ἐστιν
2389 3485 2523 3557 αῦτη
2555 3484 2652 3556 τῆς
2681 3503 2807 3539 ποτε
2827 3487 2931 3539 ὑπό
2965 3487 3194 3542 Πιλάτου
3223 3486 3616 3558 κυριευομὲνης
3657 3483 3763 3534 Ἐκ-

2210 3579 2455 3650 κλησίας,
2493 3579 2586 3632 καὶ
2621 3580 2801 3632 οὐκέτι
2840 3579 3005 3652 οὔσης
3038 3580 3185 3650 αύτῷ
3220 3579 3534 3653 ὑποχειρίου
3561 3576 3642 3629 διὰ
3673 3574 3763 3644 τὴν

2210 3675 2288 3733 εἰς
2314 3671 2545 3742 Χριστὸν
2572 3671 2909 3725 πίστιν.......
2949 3671 3077 3742 γὰρ,
3100 3671 3399 3741 ἀλλόφυλος
3422 3669 3530 3740 γάρ
3561 3670 3592 3737 ἡ
3617 3664 3760 3734 γυνή.

2208 3849 2351 3920 Στίχ.
2383 3850 2652 3921 με’.)Απὸ
2699 3849 2766 3921 δὲ
2790 3850 2968 3921 ἕκτης
2989 3845 3642 3921 ὧρας-σκότοςέγὲνετο
3672 3838 3759 3895 ἐπὶ

2436 3919 2641 3974 πᾶσαν
2669 3920 2780 3987 τὴν
2815 3919 2934 3990 γῆν
2977 3920 3085 3985 ἓως
3119 3918 3276 3988 ὧρας
3306 3917 3542 3984 ἐνάτης.

2283 4011 2396 4082 (55)
2432 4013 2568 4082 Περὶ
2599 4013 2802 4082 ταύτης
2841 4012 2937 4083 τῆς
2963 4011 3256 4080 ἐκλείψεως
3296 4010 3391 4064 καὶ
3437 4011 3466 4061 6
3497 4003 3761 4077 προφήτης

2208 4103 2476 4176 Ζαχαρίας
2504 4103 2689 4156 εἰπών’
2730 4105 2830 4157 Ἐν
2852 4104 3053 4172 ἐκείνῃ
3082 4103 3154 4172 τῇ
3177 4103 3400 4171 ἡμέρᾳ,
3430 4101 3587 4171 φησὶν
3606 4136 3619 4159 ,
3659 4094 3759 4146 οὐκ

2209 4193 2377 4247 ἔσται
2403 4192 2546 4261 φῶς.
2571 4193 2681 4246 Καὶ
2705 4193 2904 4262 ψῦχος
2935 4193 3032 4246 καὶ
3056 4191 3246 4263 πάγος
3275 4195 3446 4246 ἔσται
3471 4188 3615 4258 μίαν
3633 4177 3762 4252 ὴμέ-

2201 4303 2339 4354 ραν.
2375 4285 2480 4338 Καὶ
2511 4287 2548 4353 ἡ
2577 4283 2765 4354 ἡμέρα
2795 4285 2996 4352 ἐκείνη
3029 4283 3267 4353 γνωστὴ
3303 4283 3385 4348 τῷ
3420 4279 3626 4346 Κυρίῳ.
3659 4271 3758 4326 Καὶ

2209 4381 2320 4446 οὐχ
2351 4378 2560 4445 ἡμέρα,
2595 4377 2692 4429 καὶ
2725 4380 2795 4429 οὐ
2832 4377 2946 4442 νύξ
2966 4395 2978 4408 ·
3015 4377 3110 4430 καὶ
3144 4377 3294 4443 πρὸς
3321 4374 3585 4442 ἑσπέραν
3604 4370 3759 4423 ἔσται

2213 4468 2349 4538 φῶς.
2384 4467 2567 4523 Εἰπὼν
2599 4469 2655 4520 δὲ
2686 4469 2754 4521 τὸ
2783 4470 3003 4534 σκότος
3037 4469 3096 4521 τὸ
3128 4467 3439 4520 ὲσκοτίσθαι
3475 4465 3597 4524 τοὺς
3641 4457 3758 4528 βάλ-

2211 4561 2396 4624 λοντας
2429 4563 2612 4630 χεῖρας
2641 4559 2718 4629 τῷ
2745 4561 2902 4629 φωτί.
2956 4561 3041 4624 Ὠς
3074 4559 3183 4628 γὰρ
3209 4559 3524 4628 Αἰγυπτίοις
3547 4553 3726 4611 σκότος
3745 4586 3758 4607 9

2211 4653 2304 4704 καὶ
2337 4654 2445 4715 τοῖς
2477 4653 2609 4715 υἱοῖς
2646 4653 2859 4723 Ἰσραὴλ
2887 4652 3001 4720 φῶς
3023 4667 3039 4684 ο
3085 4651 3254 4715 οὓτως
3293 4652 3386 4704 καὶ
3419 4648 3510 4703 νῦν
3555 4646 3616 4714 τῇ
3671 4640 3758 4710 μὲν

2225 4742 2514 4814 Ἐκκλησία
2540 4743 2673 4812 φῶς,
2703 4747 2814 4807 τοῖς
2838 4745 2894 4798 δὲ
2933 4745 3202 4808 Ἰουδαίοις
3233 4745 3421 4806 σκότος
3447 4738 3606 4810 τριῶν
3633 4735 3758 4803 ἡμε-

2215 4833 2343 4903 ρῶν,
2366 4832 2542 4901 φωτὸς
2563 4833 2851 4904 πατρικοῦ,
2866 4834 3292 4904 ἀπαυγάσματος
3306 4827 3556 4902 Χριστοῦ,
3576 4822 3758 4889 ἐκλάμ-

2210 4923 2354 4992 ψεως
2390 4923 2544 4992 ἁγίου
2578 4925 2910 4996 Πνεύματος.
2949 4926 3058 4978 Καὶ
3092 4925 3213 4979 ἐπεὶ
3246 4927 3302 4978 ὲν
3321 4927 3386 4994 τῇ
3430 4922 3558 4990 ἕκτῃ
3591 4911 3755 4984 ἡμέρᾳ

2212 5015 2500 5086 γεγένηται
2525 5017 2553 5068 6
2581 5006 2880 5085 ἄνθρωπος,
2915 5017 3059 5079 εἰκὸς
3083 5017 3138 5068 δὲ
3169 5015 3327 5068 αὑτὸν
3349 5017 3404 5066 ὲν
3424 5014 3486 5082 τῇ
3507 5009 3631 5078 ἕκτῃ
3645 5002 3753 5072 ὥρᾳ

2214 5105 2507 5174 ἐσφάλθαν
2538 5107 2676 5176 τάχα
2715 5105 2804 5160 διὰ
2839 5105 2996 5158 τοῦτο
3019 5108 3047 5160 6
3083 5107 3222 5178 ὑπὲρ
3252 5103 3516 5174 σωτηρίας
3558 5090 3752 5164 ἀνθρώ-

2220 5215 2333 5250 πων
2367 5199 2586 5269 πάσχων
2628 5198 2744 5269 ὥρᾳ
2789 5197 2921 5268 ἕκτῃ
2959 5183 3294 5268 ἐκρεμάσθη,
3337 5191 3501 5247 Τοῦτό
3539 5190 3648 5239 ἐστι
3697 5180 3752 5230 τὸ

2220 5293 2460 5361 σημεῖον,
2487 5292 2622 5361 ὅπερ
2648 5289 2952 5362 ἔμπροσθεν
2993 5289 3232 5341 αἰτοῦσιν
3271 5288 3525 5355 ὑπέσχετο
3554 5276 3747 5331 δώσειν,

2216 5382 2412 5448 λέγων·
2451 5381 2636 5435 Γενεὰ
2683 5381 2911 5449 πονηρὰ
2952 5383 3046 5435 καὶ
3077 5381 3354 5450 μοιχαλὶς
3379 5374 3616 5447 σημεῖον
3643 5367 3750 5418 ἐπι-

630 5513 678 5549 ¹⁸
729 5513 916 5568 Matth.
957 5529 1129 5581 xxvn,
1157 5515 1243 5570 17.
1324 5515 1366 5545 ¹⁹
1399 5511 1556 5568 Joan.
1584 5530 1700 5580 vtn,
1746 5515 1835 5570 Μ.
1911 5518 1956 5549 ³ο
1985 5518 2100 5572 Zacl

2215 5536 2287 5584 tv,
2317 5519 2368 5582 6,
2397 5519 2451 5572 7.
2526 5517 2569 5548 “
2598 5517 2788 5570 Matth.
2825 5533 2923 5581 xu,
2947 5517 3034 5572 '59.
3113 5516 3157 5546 ”
3187 5513 3341 5568 Joau.
3371 5525 3484 5575 vm,
3513 5504 3594 5558 28.

559 5630 911 5773 Ρθὲὅηὸἓίἓο
945 5635 1190 5704 quadam
1246 5637 1460 5693 videtur
1515 5637 1756 5693 hausisse
1812 5639 2113 5713 Tbeophyl.

629 5719 680 5770 ρ.
709 5719 811 5756 too
845 5719 894 5756 a.

632 5770 748 5827 (52)
779 5771 938 5827 Forte
956 5773 1018 5825 1:6

632 5770 748 5895 (ἐξ)
779 5771 938 5827 Forte
956 5773 1036 5857 τά.

625 5843 643 5914 (
682 5840 736 5916 '5)
761 5843 842 5899 An
872 5858 1112 5917 τοιαυτη.

2291 5641 2400 5706 (54)
2435 5639 2597 5696 Forte
2618 5640 2798 5693 οἱονεί.
3441 5702 3451 5706 _
3645 5691 3656 5706 ,

2293 5700 2404 5780 (55)
2434 5711 2782 5780 Suhjttugitur
2813 5724 2918 5765 non
2957 5707 3218 5778 asscriptc
3257 5702 3484 5764 auctoris
3525 5700 3743 5752 nomine.

2223 5779 2441 5836 Confer.
2473 5781 2617 5836 edita
2648 5779 2804 5852 Orig.
