3942 6318
228 376 340 431 509

1454 354 1740 436 senem
1784 381 1847 434 IN
1887 382 2321 442 nummum.

3396 393 3499 447 510

227 500 420 569 ζητεῖ,
454 504 555 557 καὶ
599 504 727 574 ἑξῆς
746 519 758 532 ·
788 507 898 570 καὶ,
929 505 1110 558 Ὅταν
1136 504 1420 574 ὑψώσητε
1440 507 1546 560 τὸν
1566 507 1699 561 rida-
1720 506 1812 561 τοί

1928 510 2100 574 acetis,
2132 512 2253 579 quia
2296 526 2388 580 ego
2424 527 2541 563 sum
2584 512 2648 561 ²¹.
2687 511 2821 565 Erat
2859 510 3056 580 quippe
3082 510 3237 579 longe
3265 512 3498 564 admira-

224 592 573 661 ἀνθρώπου
607 597 741 649 τότε
768 598 1100 666 γνώσεσθε,
1134 596 1222 651 ὅτι
1250 597 1363 668 ἐγώ
1399 602 1539 669 ειμι.
1572 600 1680 652 Καὶ
1724 600 1812 672 γὰς

1939 600 2098 654 bilius
2124 601 2167 655 si
2209 600 2322 655 hac
2359 600 2636 655 fierenteo
2665 603 2810 656 cruci
2862 601 3074 666 sullixo,
3118 617 3278 670 quam
3333 616 3494 670 super

221 684 422 756 πολλῷ
453 687 895 759 θαυμαστότερον
923 687 1014 740 ἐπὶ
1042 687 1136 742 τοῦ
1179 689 1411 761 σταυροῦ
1457 691 1832 762 προσηλουμέ-

1937 704 2080 747 terra
2110 692 2415 746 incedente.
2444 690 2560 745 Non
2594 692 2696 747 hac
2728 701 2933 747 tantum
2971 694 3179 747 ratione
3218 707 3345 747 vero
3379 702 3494 745 stu-

219 795 318 831 νου
346 779 544 835 ταῦτα
575 780 828 851 γενέσθαι
854 781 886 852 ἢ
917 784 1009 836 ἐπὶ
1038 783 1141 853 γῆς
1185 782 1505 852 βαδίζοντος.
1552 785 1627 837 Οὐ
1662 785 1812 859 ταύτῃ

1933 786 2164 853 pendum
2194 794 2330 846 erat,
2365 787 2456 838 sed
2482 785 2605 853 quia
2633 785 2794 839 etiam
2824 786 2887 839 de
2908 786 3047 840 caelo
3069 785 3322 856 fuitquod
3354 800 3491 856 quie-

216 868 277 921 δὲ
320 870 508 939 μόνον
531 874 591 926 τὸ
616 873 913 944 παράδοξον
938 869 1028 945 ἦν,
1059 873 1171 927 ἀλλ’
1198 874 1278 927 ὅτι
1308 875 1402 928 καὶ
1450 878 1515 929 ἐκ
1543 876 1637 930 τοῦ
1666 878 1831 949 οὖραι

215 961 316 1014 νοῦ
364 965 609 1034 γέγονεν
648 967 785 1038 ὅπερ
816 966 1042 1039 ἐζήτουν
1062 1008 1077 1033 ,
1116 968 1215 1021 καὶ
1245 967 1341 1020 ἐπὶ
1371 966 1577 1022 πᾶσαν
1601 968 1717 1038 τὴν
1743 973 1828 1024 οὶ-

213 1054 578 1125 κουμένην,
604 1059 740 1131 ὅπερ
765 1059 887 1111 οὐδὲ
917 1059 1183 1132 πρότερον
1211 1059 1429 1131 συνέϐη,
1454 1061 1566 1114 ἀλλ’
1582 1063 1639 1114 ὲν
1660 1062 1827 1130 Αἰγύ-

212 1159 346 1214 πτῳ
405 1149 619 1217 μόνον,
662 1151 751 1203 ὅτε
779 1151 874 1204 καὶ
928 1151 987 1204 τὸ
1032 1150 1225 1219 Πάσχα
1275 1152 1531 1206 ὲτελεῖτο’
1587 1156 1681 1207 καὶ
1720 1156 1827 1226 γὰρ

212 1236 421 1291 ἐκεῖνα
467 1241 635 1305 τύπος
671 1238 739 1313 ἦν
760 1241 984 1298 τούτων.
1013 1244 1129 1296 Ἵνα
1152 1244 1259 1315 γὰρ
1302 1244 1374 1313 μὴ
1407 1245 1629 1299 εἴπωσιν
1655 1246 1827 1300 ἔκλει-

210 1327 312 1396 ψιν
343 1325 593 1385 εἶναιτὸ
638 1334 1023 1404 γεγενημένον,
1056 1333 1142 1387 διὰ
1176 1333 1332 1387 τοῦτο
1375 1338 1441 1405 τῇ
1485 1336 1544 1389 ιδ’
1585 1338 1823 1406 γίνεται,

210 1419 309 1473 ὅτε
335 1421 600 1494 ἔκλειψιν
629 1424 900 1496 συμϐῆναι
925 1426 1223 1496 ἀμήχανον.
1264 1427 1352 1481 Ἐν
1381 1427 1518 1498 μέσῃ
1542 1428 1599 1481 δὲ
1623 1428 1821 1500 ἡμέρᾳ,

213 1512 313 1566 ἵνα
345 1517 569 1581 πάντες
595 1519 644 1570 οἱ
669 1518 768 1589 τὴν
795 1519 897 1588 γῆν
931 1517 1203 1595 οἰκοῦντες
1230 1518 1491 1589 μάθωσιν,
1522 1520 1601 1571 ὃτι
1628 1538 1825 1573 παντα-

212 1606 323 1675 χοῦ
367 1610 485 1679 τῆς
517 1610 841 1681 οἰκουμένης
888 1611 1068 1682 ἡμέρα
1112 1606 1200 1682 ἦν.
1244 1611 1352 1663 Καὶ
1389 1610 1603 1677 Φλέγων
1643 1612 1699 1663 δέ
1740 1629 1824 1675 τις

214 1699 367 1768 παρ’
435 1700 658 1772 Ἕλλησι
698 1701 984 1773 φιλόσοφος
1020 1702 1287 1773 μέμνηται
1327 1700 1516 1753 τούτου
1560 1701 1653 1754 τοῦ
1696 1704 1817 1755 σκόσ

210 1802 363 1852 τους
386 1829 405 1853 ,
449 1791 526 1855 ὡς
558 1792 874 1864 παραδόξως
912 1793 1277 1865 γεγενημένου
1305 1796 1363 1846 ὲν
1403 1795 1468 1863 τῇ
1507 1793 1566 1846 ιδ’
1592 1793 1691 1863 τῆς
1740 1812 1823 1846 σε-

1933 878 2145 942 rebant,
2178 885 2223 929 et
2254 892 2409 944 super
2431 879 2725 931 universam
2755 889 2974 942 (errant,
3005 879 3149 947 quod
3213 892 3489 945 nunquam

1932 978 2089 1021 antea
2126 968 2382 1039 contigit;
2416 969 2510 1023 sed
2559 969 2611 1023 in
2648 967 2888 1039 Egypto
2944 971 3225 1035 duntaxat,
3275 971 3493 1040 quando

1927 1069 1982 1113 et
2005 1061 2205 1128 pascha
2236 1062 2632 1115 celebrabatur.
2666 1062 2756 1116 Illa
2806 1062 2949 1116 enim
3003 1071 3156 1131 typus
3185 1072 3335 1117 erant
3394 1066 3493 1117 lto-

1929 1165 2071 1203 rum.
2109 1149 2267 1205 Utne
2290 1153 2432 1205 enim
2472 1153 2712 1207 dicerent
2760 1153 2983 1221 eclipsin
3030 1152 3192 1207 fuisse
3232 1155 3375 1221 quod
3400 1170 3490 1208 ac-

1926 1242 2150 1306 ciderat,
2180 1254 2468 1312 pr0pterea
2509 1245 2720 1298 decima
2768 1255 2957 1314 quarta
2991 1243 3241 1313 contigit,
3274 1246 3490 1312 quando

1926 1332 2054 1387 solis
2095 1333 2383 1403 deliquium
2430 1335 2745 1405 contingere
2798 1335 3134 1403 impossibile
3187 1348 3289 1391 est.
3314 1336 3485 1390 Media

1926 1423 2050 1475 item
2090 1424 2213 1489 die,
2255 1435 2523 1481 utomnes
2565 1428 2748 1481 orbem
2786 1427 3150 1481 inhabitantes
3175 1427 3443 1480 discerent
3470 1470 3486 1493 ,

1927 1515 2126 1584 ubique
2154 1524 2421 1569 terrarum
2449 1517 2589 1571 diem
2626 1516 2814 1572 fuisse.
2850 1516 3079 1583 Quidam
3119 1518 3281 1570 etiam
3328 1514 3487 1571 Phle-

1925 1620 2026 1672 gon
2056 1606 2269 1675 gentilis
2290 1606 2641 1679 philosophus
2667 1609 2859 1661 harum
2887 1607 3233 1661 tenebrarum
3260 1610 3488 1662 mentio-

1925 1713 2046 1752 nem
2082 1699 2229 1762 facit,
2273 1710 2524 1770 tanquam
2581 1717 2698 1770 quae
2760 1712 2953 1770 praeter
2982 1702 3142 1757 ﬁdem
3189 1703 3489 1756 acciderint

1924 1786 2049 1841 luna
2074 1790 2279 1843 decima
2299 1798 2510 1859 quarta,
2538 1792 2761 1861 quando
2790 1802 2986 1846 natura
3016 1808 3123 1845 non
3155 1791 3258 1845 fert
3283 1804 3340 1845 ut
3364 1808 3486 1847 con-

212 1876 453 1951 λήνηςο
493 1884 581 1936 ὅτε
618 1884 678 1936 οὐ
704 1884 948 1952 πέφυκεν
992 1884 1230 1953 ἔκλειψις
1259 1884 1520 1952 γίνεσθαι,
1561 1886 1649 1938 ὅτε
1690 1885 1812 1938 mli.

1928 1878 2095 1948 tingat
2114 1880 2243 1935 solis
2261 1880 2554 1951 deliquium
2582 1899 2598 1949 ;
2634 1885 2849 1951 quando
2878 1883 3031 1952 longe
3067 1885 3218 1937 abest
3246 1884 3375 1938 solis
3402 1885 3485 1939 di-

212 1971 447 2043 ἀπέχει
484 1974 543 2027 τὸ
575 1974 669 2028 τοῦ
715 1974 868 2045 ήλίου
911 1975 1183 2048 διάστημα
1203 2014 1217 2040 ,
1250 1977 1370 2029 ὅσον
1402 1978 1497 2031 ἀπ’
1533 1977 1707 2049 ἀρχῆς
1730 1978 1812 2031 “toi

1926 1971 2145 2037 stantia,
2178 1983 2435 2041 quantum
2466 1974 2533 2027 ab
2554 1974 2715 2029 initio
2739 1977 2805 2029 ad
2834 1977 3123 2030 terminum
3159 1976 3304 2030 coali.
3328 1974 3480 2030 Tunc

206 2066 484 2139 οὐρανοῦ
518 2070 623 2133 ἕως
662 2069 865 2134 τέλους.
910 2070 1043 2124 Τότε
1087 2071 1194 2142 γὰρ
1240 2070 1475 2140 γίνονται
1520 2070 1819 2140 ἐκλείψεις,

206 2157 375 2213 ὅταν
424 2161 794 2232 πλησιάσωσιν
832 2162 1079 2233 ἀλλήλοις
1123 2164 1171 2215 οἱ
1198 2162 1292 2215 δύο
1330 2155 1472 2215 οὗτοι
1517 2163 1817 2233 φωστῆρες.

210 2249 471 2305 Γίνεται
491 2252 597 2324 γὰρ
619 2253 855 2324 ἔκλειψις
883 2255 1031 2325 ήλίου
1075 2255 1366 2319 συνοδικῶς
1407 2255 1821 2327 ὑποδραμούσης

210 2343 417 2397 αὐτὸν
445 2346 696 2417 σελήνης,
732 2348 792 2399 ού
825 2347 1160 2419 πανσελήνῳ,
1184 2349 1272 2401 ὅτε
1298 2347 1585 2419 διάμετρός
1608 2350 1721 2401 ὲστι
1749 2350 1814 2420 τῇ

215 2432 473 2505 σελήνῃ.
501 2435 669 2489 Τοῦτο
694 2437 749 2490 δὲ
769 2439 1014 2506 γέγονεν,
1037 2439 1117 2501 ὡς’
1138 2438 1436 2503 πενθούσης
1460 2439 1562 2509 τῆς
1589 2440 1814 2504 κτίσεως

217 2524 331 2577 ἐπὶ
369 2526 447 2595 τῷ
478 2530 757 2596 γεγονότι,
798 2530 892 2583 καὶ
923 2529 1010 2583 διὰ
1050 2528 1209 2583 τοῦτο
1246 2530 1538 2600 δηλούσης,
1569 2530 1682 2594 ὅτι,
1718 2531 1816 2601 τῆς

219 2616 529 2687 παροινίας
560 2620 762 2691 ταύτης
803 2621 1135 2692 πραχθείσης
1171 2620 1230 2686 ἐξ
1272 2621 1569 2686 Ἰουδαίων,
1604 2622 1814 2675 ἐσκοτί-

223 2708 341 2777 σθη
389 2708 567 2763 αὐτῶν
606 2713 633 2765 6
678 2711 831 2776 νοῦς,
860 2714 954 2766 καὶ
996 2713 1203 2784 ἀπέστη
1238 2713 1330 2766 ἀπ’
1355 2712 1531 2765 αὐτῶν
1566 2714 1593 2766 6
1627 2714 1814 2784 νοητὸς

219 2798 411 2869 ἥλιος.
459 2801 584 2854 Εἴτε
624 2802 734 2874 γὰρ
778 2804 939 2857 αὐτὸν
980 2804 1225 2875 ἐνόμιζον
1255 2802 1411 2856 τοῦτο
1437 2805 1809 2874 πεποιηκέναι,

222 2890 346 2944 ἔδει
382 2892 670 2947 πιστεῦσαι
694 2895 787 2948 καὶ¹
811 2896 1137 2967 φοϐηθῆναιο
1173 2894 1282 2947 εἴτε
1319 2895 1417 2947 οὐκ
1452 2894 1642 2961 αὐτὸν,
1678 2896 1811 2949 ἀλλὰ

224 2985 323 3038 τὸν
355 2986 602 3058 Πατέρα,
638 2988 732 3041 καὶ
762 2990 827 3041 ὲκ
850 2988 1037 3042 τούτου
1071 2989 1179 3042 ἔδει
1205 2991 1592 3061 κατανυγῆναι.
1637 2990 1813 3061 Ὀργι-

224 3076 471 3148 ζομένου
492 3078 601 3150 γὰρ
621 3074 688 3150 ἦν
713 3081 773 3133 τὸ
797 3081 983 3145 σκότος
1010 3082 1205 3145 έκεῖνο,
1230 3081 1324 3133 καὶ
1350 3081 1546 3151 δεῖγμα
1564 3078 1657 3133 τοῦ
1683 3079 1810 3150 μέλ-

226 3169 422 3235 λοντος
452 3170 633 3225 λαϐεῖν
656 3174 782 3236 τοὺς
810 3172 1107 3243 θεομάχους
1128 3190 1187 3225 τε
1213 3174 1306 3226 καὶ
1343 3172 1676 3243 μιαιφόνους.
1714 3172 1810 3225 Διὰ

225 3261 395 3316 τοῦτο
421 3262 531 3335 γὰρ
555 3264 690 3334 μετὰ
716 3265 929 3318 πάντων
950 3265 1046 3336 τῆς
1077 3264 1185 3336 (56)
1211 3266 1495 3336 παροινίας
1534 3265 1690 3318 τοῦτο
1722 3266 1808 3333 γί-
1836 3301 1877 3357 C

227 3369 414 3417 νεται,
449 3354 538 3407 ὅτε
561 3355 719 3425 κόρος
740 3355 896 3409 ἔλαϐε
913 3356 1019 3410 τῶν
1057 3359 1419 3427 σκωμμάτων,
1460 3358 1553 3411 καὶ
1594 3357 1808 3413 πάντων

228 3444 569 3514 ἐφθέγξαντο
595 3446 694 3500 ὅσα
726 3447 1020 3521 ἠθέλησαν.

856 3541 1011 3593 ΚΕΦ.
1052 3542 1182 3595 ΚΗ’.

232 3623 386 3699 Στίχ.
444 3635 533 3700 ιη’.
587 3628 793 3698 Ἐδόθη
822 3649 924 3753 μοέ
953 3630 1152 3754 graium
1184 3632 1433 3697 ἐξουσία
1468 3636 1536 3688 ἐν
1577 3635 1807 3703 οὐρανῷ

826 3717 902 3754 κα
976 3717 1028 3753 ’π
1079 3718 1211 3754 me.

826 3717 923 3754 και
953 3717 1049 3754 sm
1079 3718 1211 3771 γης.

307 3790 402 3855 Τὸ,
449 3791 649 3860 Ἐδόθη
668 3811 769 3862 μοι
796 3791 964 3848 πᾶσα
1004 3794 1276 3860 ἐξουσία,
1300 3796 1394 3850 καὶ
1421 3795 1568 3867 ἑξῆς,
1602 3797 1681 3860 είς
1709 3798 1806 3869 τὴν

234 3883 650 3956 ὲνανθρώπησιν
692 3886 821 3939 νόει.
862 3886 924 3939 Ei
966 3886 1022 3939 δὲ
1057 3888 1151 3941 καὶ
1192 3889 1271 3951 είς
1308 3888 1406 3959 τὴν
1438 3888 1801 3959 θεότητα......

234 3976 464 4048 θεωρεῖν
482 3976 618 4047 (57),
648 3979 741 4031 καὶ
772 3976 913 4031 οὕτω
941 3978 1085 4052 λήψῃ
1106 3978 1167 4031 τὸ
1183 3978 1387 4048 Ἐδόθη
1405 3998 1505 4049 μοι
1530 3981 1800 4044 ἐξουσία,

236 4069 356 4121 ἀντὶ
406 4066 504 4121 τοῦ
546 4069 861 4138 Ἐχωρήθη.
898 4069 1105 4137 Ἐδόθη
1127 4064 1374 4143 ,ἠνέχθη
1409 4089 1518 4142 μοι,
1548 4071 1677 4142 περὶ
1709 4071 1802 4123 τοῦ

234 4160 581 4227 αὐτεξουσίου
616 4160 958 4231 ἐπιστεύθην.
999 4159 1196 4233 Χώραν
1240 4162 1395 4232 ἔσχεν
1438 4162 1611 4234 ήζωὴ
1655 4161 1803 4233 πρῶ-

234 4267 321 4305 τον
351 4253 451 4323 μὲν
486 4254 542 4305 ὲν
567 4254 677 4314 τοῖς
709 4252 841 4315 ἄνω,
866 4245 984 4303 εἶτα
1011 4250 1104 4305 νῦν
1137 4252 1231 4305 καὶ
1254 4254 1312 4305 ὲν
1364 4254 1475 4315 τοῖς
1518 4252 1685 4306 κάτω·
1709 4251 1801 4315 οὒς

236 4343 563 4415 θαρροῦντες
594 4344 889 4415 βαπτίσατε
923 4345 1003 4408 είς
1033 4342 1094 4397 τὸ
1120 4343 1290 4415 ὄνομα
1319 4343 1411 4397 τοῦ
1442 4343 1679 4414 Πατρὸς,
1708 4345 1801 4398 καὶ

235 4436 324 4489 τοῦ
359 4436 492 4490 Υίοῦ
513 4477 529 4501 ,
564 4436 658 4489 καὶ
691 4436 785 4489 τοῦ
835 4436 992 4504 ἁγίου
1025 4434 1361 4506 Πνεύματος.
1397 4429 1493 4500 Εἷς
1532 4436 1560 4487 6
1592 4434 1796 4499 σώζων.

238 4528 329 4599 μία
366 4529 405 4600 ἡ
450 4527 708 4599 σωτηρία.
748 4523 845 4590 Εἷς
887 4529 916 4580 6
957 4526 1064 4590 ζῶν
1096 4527 1317 4599 Πατὴρ,
1353 4528 1381 4579 6
1423 4526 1581 4591 Υίὸς,
1617 4527 1710 4580 καὶ
1738 4526 1799 4580 τὸ

235 4617 381 4686 ἆγιον
410 4616 654 4687 Πνεῦμα.
699 4612 794 4679 Εἷς
840 4618 984 4670 ἐστιν
1029 4616 1089 4669 οὐ
1131 4617 1419 4687 συναλοιφῇ
1460 4616 1566 4669 τῶν
1594 4616 1794 4689 τριῶν,
1828 4635 1870 4690 D

233 4707 342 4760 ἀλλ’
373 4708 533 4780 οὐσίᾳ
558 4710 657 4779 μιᾷ
674 4725 686 4738 ·
719 4711 866 4779 τρεῖς
890 4707 947 4761 δὲ
976 4708 1296 4772 ὑποστάσεις
1319 4708 1518 4761 τέλειαι
1554 4710 1610 4761 ὲν
1636 4710 1788 4775 πᾶσι,

232 4802 322 4856 καὶ
355 4800 700 4873 κατάλληλοι.
737 4800 895 4855 Κατὰ
945 4800 1104 4870 φύσιν
1155 4799 1440 4870 ἐγέννησεν
1483 4801 1512 4852 6
1562 4800 1785 4871 Πατήρ’

231 4894 413 4967 διόπερ
456 4894 737 4966 ὁμοούσιος
785 4892 1067 4964 ἐγεννήθη.
1124 4892 1198 4945 Οὐ
1251 4890 1409 4962 σῶμα
1461 4893 1489 4943 6
1533 4890 1683 4954 Θεός’
1703 4891 1790 4944 διὰ

230 4986 379 5040 τοῦτο
410 4987 509 5040 οὐκ
523 4984 847 5056 ἀσταρεῦσιν
874 4984 984 5056 ('58)
1012 4983 1045 5055 ἢ
1077 4983 1308 5054 κίνησιν,
1336 4982 1369 5053 ἦ
1398 4998 1449 5034 τι
1480 4981 1588 5035 τῶν
1612 4981 1787 5034 τοιού-

228 5092 350 5142 των,
374 5076 411 5131 ἃ.
438 5077 496 5130 ὲν
527 5077 641 5140 τοῖς
673 5073 886 5145 σώμασι
924 5072 1227 5143 θεωρεῖται,
1274 5071 1300 5123 6
1343 5069 1473 5132 Θεὸς
1505 5069 1532 5121 6
1564 5067 1787 5138 ἀσώμα-

1923 2064 2067 2117 enitn
2102 2063 2237 2117 fiunt
2266 2064 2519 2134 eclipses,
2548 2066 2767 2134 quando
2802 2069 2868 2120 ad
2902 2082 2958 2121 se
2986 2081 3174 2122 mutuo
3221 2069 3482 2123 accedant

1924 2156 2036 2209 haec
2061 2155 2166 2209 duo
2199 2156 2505 2210 luminaria.
2532 2156 2619 2210 Fit
2644 2159 2785 2211 enim
2822 2157 2948 2213 solis
2973 2160 3190 2226 eclipsis
3241 2160 3362 2213 luna
3415 2160 3482 2214 il-

1921 2246 2028 2299 lum
2059 2246 2317 2316 synodice
2347 2248 2634 2312 subeunte.
2671 2265 2776 2303 non
2810 2249 2862 2303 in
2905 2249 3221 2318 pleniluuio,
3265 2253 3481 2321 quando

1919 2337 1995 2391 Sol
2031 2353 2060 2391 e
2100 2340 2364 2394 diametro
2423 2341 2642 2410 respicit
2682 2342 2885 2397 lunam.
2922 2342 3033 2397 Hoc
3075 2357 3236 2411 porro
3271 2344 3479 2399 factum

1919 2441 2021 2494 est,
2048 2446 2145 2485 ceu
2180 2432 2562 2500 ingemiscente
2589 2444 2835 2489 creatura
2866 2436 2933 2489 ob
2959 2436 3010 2490 id
3034 2437 3178 2505 quod
3206 2447 3482 2505 evenerat,

1916 2536 1980 2575 ac
2016 2534 2297 2592 propterea
2331 2525 2673 2589 ostendente,
2712 2527 2851 2594 quod
2876 2536 3185 2594 perpetrato
3212 2526 3316 2582 hoc
3353 2544 3483 2583 con-

1919 2614 2205 2669 tumelioso
2226 2615 2469 2671 facinore
2507 2619 2573 2671 ab
2603 2616 2822 2683 Judaeis,
2845 2618 3200 2674 obtenebrata
3219 2630 3302 2675 cst
3329 2637 3481 2677 mens

1916 2706 2155 2771 illorum,
2188 2714 2243 2760 et
2270 2709 2493 2762 recessit
2516 2711 2583 2764 ab
2619 2710 2696 2764 eis
2730 2710 2806 2763 sol
2826 2711 3142 2779 spiritualis.
3178 2712 3303 2766 Sive
3331 2716 3475 2767 enim

1914 2799 2064 2853 illum
2113 2810 2450 2870 reputasseut
2500 2803 2603 2856 hoc
2639 2802 2852 2865 fecisse,
2881 2814 2935 2856 et
2993 2803 3321 2857 credendqu
3356 2815 3477 2860 erat

1913 2894 2018 2949 illis
2039 2902 2199 2962 atque
2213 2894 2554 2947 metuendum
2588 2914 2602 2949 :
2636 2895 2748 2950 sive
2772 2910 2875 2948 non
2906 2894 3076 2960 illum,
3098 2895 3190 2950 sed
3219 2895 3471 2963 Patrem;

1912 2994 1964 3036 et
1990 2985 2072 3039 vel
2098 3000 2163 3038 ex
2204 2984 2305 3038 hoc
2338 2984 2624 3053 compungi
2661 2985 2945 3041 debebant.
2993 2987 3282 3043 lrascentis
3312 2999 3477 3045 erant

1914 3078 2147 3131 tenebrae
2181 3076 2304 3144 illae,
2332 3086 2384 3130 et
2411 3078 2685 3143 specimen
2717 3082 2832 3147 ejus
2852 3079 2993 3147 quod
3018 3090 3473 3149 superventurum

1911 3177 2029 3222 erat
2058 3167 2212 3222 hisce
2242 3168 2592 3223 Deibostibus
2608 3178 2661 3222 et
2681 3170 2983 3225 liomicidis.
3007 3169 3300 3243 Propterea
3326 3175 3471 3229 enim

1913 3269 2031 3329 post
2057 3261 2297 3314 omnium
2323 3261 2550 3316 insultus
2580 3262 2717 3316 istud
2745 3263 2992 3332 contigit,
3018 3276 3302 3335 postquam
3327 3279 3475 3321 satu-

1913 3352 2013 3405 rati
2048 3361 2173 3406 sunt
2201 3353 2521 3421 opprobriis,
2559 3362 2614 3408 et
2653 3355 2909 3410 universa
2954 3355 3267 3412 ell‘utierunt
3316 3374 3472 3427 qua:-

1908 3460 2118 3514 cunque
2141 3445 2411 3501 volebant.

2476 3539 2625 3593 CAP.
2670 3539 2905 3596 XXVIII.

1913 3627 1971 3681 ν.
2008 3628 2096 3682 I8.
2150 3628 2290 3683 Data
2338 3639 2412 3683 est
2462 3632 2591 3683 milii
2645 3632 2812 3683 omnis
2857 3638 3088 3698 potestas
3144 3633 3207 3684 in.
3246 3632 3472 3699 caelo,“

2511 3717 2668 3769 super
2701 3712 2862 3753 terra.

1899 3780 1906 3785 ’
1976 3787 2091 3843 Hoc
2132 3792 2258 3844 data
2309 3801 2380 3844 est
2422 3792 2549 3844 mihi
2594 3794 2760 3846 omnis
2803 3801 3053 3861 potestas,
3084 3802 3214 3858 etc.,
3260 3795 3325 3849 de
3373 3794 3473 3849 bu-

1908 3880 2167 3933 manitate
2195 3880 2450 3951 intellige.
2477 3880 2629 3948 Quod
2661 3884 2705 3937 si
2740 3883 2901 3937 etiam
2933 3884 2997 3939 de
3023 3884 3306 3940 divinitate
3334 3888 3469 3943 velis

1904 3970 2276 4037 considerare,
2332 3973 2414 4025 vel
2468 3974 2547 4029 sic
2594 3975 2828 4043 accipies
2860 3975 2991 4030 illud
3015 3976 3193 4031 :Data
3230 3990 3302 4033 est
3338 3981 3468 4035 mihi

1902 4071 2153 4129 potestas,
2188 4076 2284 4130 pro
2302 4079 2543 4119 concessa
2570 4076 2664 4122 est.
2693 4066 2830 4121 Data
2853 4078 2929 4122 est
2952 4086 2972 4126 :
3002 4070 3175 4125 delata
3204 4086 3287 4127 est
3310 4073 3465 4137 IlIIIlI,

1903 4170 1967 4208 ex
2008 4155 2181 4211 libero
2212 4157 2438 4212 arbitrio
2467 4161 2672 4214 credita
2721 4174 2805 4216 εει
2838 4161 2990 4217 mihi.
3022 4162 3227 4219 Locum
3274 4165 3467 4219 habuit

1906 4248 2032 4311 vita,
2064 4249 2295 4317 primum
2338 4252 2555 4321 quidem
2601 4252 2653 4305 in
2694 4253 2964 4321 supernis,
2995 4254 3186 4308 deinde
3220 4271 3361 4309 nunc
3410 4265 3465 4309 et

1901 4337 1954 4391 in
1993 4338 2373 4397 inferioribus:
2402 4359 2538 4411 quos
2563 4344 2897 4399 conﬁdentes
2923 4345 3203 4414 baptizare
3256 4347 3310 4400 in
3372 4363 3463 4401 no-

1901 4427 2045 4481 mine
2074 4427 2274 4495 Patris,
2299 4439 2354 4485 et
2377 4431 2497 4486 Filii
2521 4443 2574 4487 et
2601 4433 2838 4502 Spiritus
2873 4436 3067 4489 sancti.
3097 4434 3242 4491 Unus
3262 4439 3463 4507 estqui

1899 4518 2091 4583 salvat,
2130 4535 2234 4573 una
2266 4531 2350 4576 est
2378 4523 2544 4577 salus.
2580 4522 2727 4579 Unus
2764 4525 2950 4579 vivens
2992 4524 3176 4591 Pater,
3212 4527 3379 4583 Filius
3407 4538 3463 4582 et

1901 4608 2136 4675 Spiritus
2161 4620 2398 4665 sanctus.
2431 4611 2578 4667 Unus
2607 4625 2689 4667 est
2722 4629 2825 4667 non
2876 4614 3109 4670 coitione
3143 4619 3322 4682 trium,
3365 4621 3460 4672 sed

1903 4702 2061 4755 unica
2106 4705 2341 4759 essentia
2374 4722 2389 4761 :
2422 4715 2533 4760 tres
2574 4722 2702 4762 vero
2744 4709 3065 4779 hypostases
3114 4712 3364 4780 perfectae
3402 4713 3456 4765 in

1899 4794 2148 4849 omnibus
2178 4806 2233 4849 et
2262 4797 2328 4850 ad
2357 4810 2417 4850 se
2446 4798 2675 4852 invicem
2710 4802 2911 4854 relatae.
2944 4801 3248 4856 Secundum
3303 4813 3460 4857 natu-

1899 4903 2013 4941 rain
2078 4889 2262 4956 genuit
2308 4887 2488 4954 Pater,
2537 4902 2926 4959 proptereaque
2981 4893 3456 4949 consubstantialis

1897 4975 2116 5044 genitus
2145 4985 2248 5030 est.
2277 4976 2392 5031 Non
2441 4987 2524 5033 est
2557 4994 2756 5048 corpus
2788 4982 2966 5036 Deus:
2999 4993 3286 5052 propterea
3327 5001 3455 5056 ergo

1896 5082 1999 5121 non
2033 5066 2419 5135 deﬂuxionem,
2452 5086 2556 5126 non
2593 5081 2795 5126 motum
2832 5072 2915 5127 vel
2961 5074 3233 5145 quidpiam
3264 5076 3455 5148 hujus-

228 5184 312 5231 τος
347 5168 653 5237 ἐγέννησεν.
703 5165 1091 5226 Ἐνυπόστατος
1132 5165 1165 5233 ἡ
1202 5162 1483 5232 γέννησις·
1514 5159 1783 5231 ἀπετέχθη

1913 5158 2057 5225 nodi,
2092 5173 2210 5227 qua:
2241 5159 2292 5213 in
2326 5164 2647 5230 corporibus
2675 5175 2991 5233 cernuntur,
3025 5165 3166 5222 Deus
3201 5168 3451 5240 incorpo-

230 5258 291 5312 ὲκ
318 5257 415 5329 τῆς
447 5258 633 5322 οὐσίας
660 5258 751 5310 τοῦ
784 5256 994 5328 Πατρὸς
1021 5256 1049 5309 6
1079 5255 1223 5318 Υἱός.

289 5484 396 5553 I36)
429 5485 591 5541 Forte
612 5487 731 5550 τάς.

290 5556 398 5628 (37)
434 5557 530 5613 .\Is.
565 5557 767 5629 χώρης.

1894 5265 2017 5305 reus
2046 5252 2248 5319 genuit.
2281 5252 2589 5310 Personalis
2642 5266 2727 5314 est
2778 5258 3056 5316 nativitas.
3092 5260 3167 5315 De
3214 5263 3450 5319 essentia

1891 5341 2069 5400 Patris
2100 5352 2259 5402 natus
2284 5354 2369 5402 est
2398 5346 2587 5403 Filius.

1956 5480 2066 5554 (58)
2102 5483 2262 5542 Forte
2287 5486 2393 5557 ἄρα
2416 5486 2621 5557 ρεῦσιν.
