  <div class='ocr_page' id='page_1' title='image "/cluster/home/n/w/nwhite01/storage/ocr_20150623/17/mdp.39015031604831/161.png"; bbox 0 0 3942 6318; ppageno 0'>
   <div class='ocr_carea' id='block_1_1' title="bbox 459 331 558 392">
    <p class='ocr_par' dir='ltr' id='par_1_1' title="bbox 459 331 558 392">
     <span class='ocr_line' id='line_1_1' title="bbox 459 331 558 392; baseline -0.04 0"><span class='ocrx_word' id='word_1_1' title='bbox 459 331 558 392; x_wconf 72' lang='lat' dir='ltr'><strong>5H</strong></span> 
     </span>
    </p>
   </div>
   <div class='ocr_carea' id='block_1_2' title="bbox 1220 286 2845 392">
    <p class='ocr_par' dir='ltr' id='par_1_2' title="bbox 1220 286 2845 392">
     <span class='ocr_line' id='line_1_2' title="bbox 1220 286 2845 392; baseline -0.001 -1"><span class='ocrx_word' id='word_1_2' title='bbox 1220 286 1225 291; x_wconf 21' lang='grc' dir='ltr'>ι</span> <span class='ocrx_word' id='word_1_3' title='bbox 1318 335 1892 392; x_wconf 77' lang='lat' dir='ltr'><strong>SUPPLEMENTUM</strong></span> <span class='ocrx_word' id='word_1_4' title='bbox 1927 335 2020 390; x_wconf 87' lang='lat' dir='ltr'><strong>AD</strong></span> <span class='ocrx_word' id='word_1_5' title='bbox 2054 328 2383 392; x_wconf 73' lang='lat' dir='ltr'><strong>ORIGENIS</strong></span> <span class='ocrx_word' id='word_1_6' title='bbox 2424 327 2845 391; x_wconf 78' lang='lat' dir='ltr'><strong>EXEGETICA.</strong></span> 
     </span>
    </p>
   </div>
   <div class='ocr_carea' id='block_1_3' title="bbox 502 464 3757 498">
    <p class='ocr_par' dir='ltr' id='par_1_3' title="bbox 502 464 3757 498">
     <span class='ocr_line' id='line_1_3' title="bbox 502 464 3757 498; baseline -0.001 -2"><span class='ocrx_word' id='word_1_7' title='bbox 502 464 3757 498; x_wconf 43' lang='grc' dir='ltr'><em>Μ</em></span> 
     </span>
    </p>
   </div>
   <div class='ocr_carea' id='block_1_4' title="bbox 1619 577 2557 786">
    <p class='ocr_par' dir='ltr' id='par_1_4' title="bbox 1619 577 2557 786">
     <span class='ocr_line' id='line_1_4' title="bbox 1619 577 2557 786; baseline 0.002 -4"><span class='ocrx_word' id='word_1_8' title='bbox 1619 577 2557 786; x_wconf 77' lang='grc' dir='ltr'><strong>ΩΡΙΓΕΝΟΥΣ</strong></span> 
     </span>
    </p>
   </div>
   <div class='ocr_carea' id='block_1_5' title="bbox 949 889 3224 986">
    <p class='ocr_par' dir='ltr' id='par_1_5' title="bbox 949 889 3224 986">
     <span class='ocr_line' id='line_1_5' title="bbox 949 889 3224 986; baseline -0.005 -2"><span class='ocrx_word' id='word_1_9' title='bbox 949 894 1123 984; x_wconf 89' lang='grc' dir='ltr'><strong>ΕΙΣ</strong></span> <span class='ocrx_word' id='word_1_10' title='bbox 1196 896 1344 982; x_wconf 89' lang='grc' dir='ltr'><strong>ΤΟ</strong></span> <span class='ocrx_word' id='word_1_11' title='bbox 1419 889 1716 982; x_wconf 89' lang='grc' dir='ltr'><strong>ΚΑΤΑ</strong></span> <span class='ocrx_word' id='word_1_12' title='bbox 1789 894 2250 982; x_wconf 87' lang='grc' dir='ltr'><strong>ΛΟΥΚΑΝ</strong></span> <span class='ocrx_word' id='word_1_13' title='bbox 2321 894 3023 981; x_wconf 86' lang='grc' dir='ltr'><strong>ΕΥΑΓΓΕΛΙΟΝ</strong></span> <span class='ocrx_word' id='word_1_14' title='bbox 3059 910 3224 986; x_wconf 83' lang='grc'>(39).</span> 
     </span>
    </p>
   </div>
   <div class='ocr_carea' id='block_1_6' title="bbox 1638 1232 2537 1357">
    <p class='ocr_par' dir='ltr' id='par_1_6' title="bbox 1638 1232 2537 1357">
     <span class='ocr_line' id='line_1_6' title="bbox 1638 1232 2537 1357; baseline -0.013 0"><span class='ocrx_word' id='word_1_15' title='bbox 1638 1232 1840 1357; x_wconf 89' lang='grc' dir='ltr'>ΕΧ</span> <span class='ocrx_word' id='word_1_16' title='bbox 1913 1232 2537 1349; x_wconf 83' lang='lat' dir='ltr'><strong>ORIGENE</strong></span> 
     </span>
    </p>
   </div>
   <div class='ocr_carea' id='block_1_7' title="bbox 987 1473 3228 1572">
    <p class='ocr_par' dir='ltr' id='par_1_7' title="bbox 987 1473 3228 1572">
     <span class='ocr_line' id='line_1_7' title="bbox 987 1473 3228 1572; baseline -0.003 -4"><span class='ocrx_word' id='word_1_17' title='bbox 987 1479 1115 1569; x_wconf 87' lang='lat' dir='ltr'><strong>IN</strong></span> <span class='ocrx_word' id='word_1_18' title='bbox 1191 1475 1981 1572; x_wconf 84' lang='lat' dir='ltr'><strong>EVANGELIUM</strong></span> <span class='ocrx_word' id='word_1_19' title='bbox 2055 1473 2701 1565; x_wconf 87' lang='lat' dir='ltr'><strong>SECUNDUM</strong></span> <span class='ocrx_word' id='word_1_20' title='bbox 2778 1473 3228 1568; x_wconf 84' lang='lat' dir='ltr'><strong>LUCAM.</strong></span> 
     </span>
    </p>
   </div>
   <div class='ocr_carea' id='block_1_8' title="bbox 1380 1665 2777 1742">
    <p class='ocr_par' dir='ltr' id='par_1_8' title="bbox 1380 1665 2777 1742">
     <span class='ocr_line' id='line_1_8' title="bbox 1380 1665 2777 1742; baseline 0.001 -20"><span class='ocrx_word' id='word_1_21' title='bbox 1380 1666 1735 1741; x_wconf 73' lang='lat' dir='ltr'><strong>(Bibliotheca</strong></span> <span class='ocrx_word' id='word_1_22' title='bbox 1764 1665 2140 1733; x_wconf 87' lang='lat' dir='ltr'><strong>Gallandiana,</strong></span> <span class='ocrx_word' id='word_1_23' title='bbox 2176 1682 2243 1724; x_wconf 77' lang='lat' dir='ltr'><strong>ex</strong></span> <span class='ocrx_word' id='word_1_24' title='bbox 2277 1668 2400 1726; x_wconf 90' lang='lat' dir='ltr'><strong>cod.</strong></span> <span class='ocrx_word' id='word_1_25' title='bbox 2437 1668 2630 1727; x_wconf 81' lang='lat' dir='ltr'><strong>Venet.</strong></span> <span class='ocrx_word' id='word_1_26' title='bbox 2659 1666 2777 1742; x_wconf 74' lang='lat'><strong>28.)</strong></span> 
     </span>
    </p>
   </div>
   <div class='ocr_carea' id='block_1_9' title="bbox 1123 1937 1364 1996">
    <p class='ocr_par' dir='ltr' id='par_1_9' title="bbox 1123 1937 1364 1996">
     <span class='ocr_line' id='line_1_9' title="bbox 1123 1937 1364 1996; baseline -0.017 0"><span class='ocrx_word' id='word_1_27' title='bbox 1123 1937 1276 1996; x_wconf 86' lang='lat' dir='ltr'><strong>CAP.</strong></span> <span class='ocrx_word' id='word_1_28' title='bbox 1320 1941 1364 1993; x_wconf 86' lang='grc' dir='ltr'><strong>ι.</strong></span> 
     </span>
    </p>
   </div>
   <div class='ocr_carea' id='block_1_10' title="bbox 470 2030 2039 2101">
    <p class='ocr_par' dir='ltr' id='par_1_10' title="bbox 470 2030 2039 2101">
     <span class='ocr_line' id='line_1_10' title="bbox 470 2030 2039 2101; baseline -0.005 -11"><span class='ocrx_word' id='word_1_29' title='bbox 470 2034 532 2090; x_wconf 79' lang='grc' dir='ltr'>Υ.</span> <span class='ocrx_word' id='word_1_30' title='bbox 573 2034 626 2089; x_wconf 76' lang='grc' dir='ltr'><strong>ί.</strong></span> <span class='ocrx_word' id='word_1_31' title='bbox 662 2032 929 2101; x_wconf 77' lang='lat' dir='ltr'><strong>Quoniam</strong></span> <span class='ocrx_word' id='word_1_32' title='bbox 957 2031 1382 2101; x_wconf 79' lang='lat' dir='ltr'><strong>multi&#39;aggressi</strong></span> <span class='ocrx_word' id='word_1_33' title='bbox 1410 2040 1532 2086; x_wconf 81' lang='lat' dir='ltr'><strong>sunt</strong></span> <span class='ocrx_word' id='word_1_34' title='bbox 1564 2030 1874 2085; x_wconf 82' lang='lat' dir='ltr'><strong>reordinare</strong></span> <span class='ocrx_word' id='word_1_35' title='bbox 1911 2045 2039 2083; x_wconf 84' lang='lat' dir='ltr'><strong>nar-</strong></span> 
     </span>
    </p>
   </div>
   <div class='ocr_carea' id='block_1_11' title="bbox 505 2101 2000 2175">
    <p class='ocr_par' dir='ltr' id='par_1_11' title="bbox 505 2101 2000 2175">
     <span class='ocr_line' id='line_1_11' title="bbox 505 2101 2000 2175; baseline -0.002 -17"><span class='ocrx_word' id='word_1_36' title='bbox 505 2106 768 2161; x_wconf 74' lang='lat' dir='ltr'><strong>rationem</strong></span> <span class='ocrx_word' id='word_1_37' title='bbox 791 2105 856 2160; x_wconf 86' lang='lat' dir='ltr'><strong>de</strong></span> <span class='ocrx_word' id='word_1_38' title='bbox 878 2103 1051 2169; x_wconf 79' lang='lat' dir='ltr'><strong>rebus,</strong></span> <span class='ocrx_word' id='word_1_39' title='bbox 1085 2101 1275 2175; x_wconf 81' lang='lat' dir='ltr'><strong>quibus</strong></span> <span class='ocrx_word' id='word_1_40' title='bbox 1312 2113 1454 2157; x_wconf 85' lang='lat' dir='ltr'><strong>certa</strong></span> <span class='ocrx_word' id='word_1_41' title='bbox 1482 2112 1557 2157; x_wconf 77' lang='lat' dir='ltr'><strong>est</strong></span> <span class='ocrx_word' id='word_1_42' title='bbox 1587 2101 1737 2155; x_wconf 84' lang='lat' dir='ltr'><strong>nobis</strong></span> <span class='ocrx_word' id='word_1_43' title='bbox 1759 2101 2000 2155; x_wconf 79' lang='lat' dir='ltr'><strong>scientia.</strong></span> 
     </span>
    </p>
   </div>
   <div class='ocr_carea' id='block_1_12' title="bbox 542 2256 2041 2332">
    <p class='ocr_par' dir='ltr' id='par_1_12' title="bbox 542 2256 2041 2332">
     <span class='ocr_line' id='line_1_12' title="bbox 542 2256 2041 2332; baseline -0.003 -18"><span class='ocrx_word' id='word_1_44' title='bbox 542 2259 815 2329; x_wconf 81' lang='lat' dir='ltr'><strong>Quoniam</strong></span> <span class='ocrx_word' id='word_1_45' title='bbox 871 2259 1062 2332; x_wconf 86' lang='lat' dir='ltr'><strong>ingens</strong></span> <span class='ocrx_word' id='word_1_46' title='bbox 1106 2266 1228 2315; x_wconf 91' lang='lat' dir='ltr'><strong>erat</strong></span> <span class='ocrx_word' id='word_1_47' title='bbox 1285 2266 1582 2323; x_wconf 89' lang='lat' dir='ltr'><strong>tentamen,</strong></span> <span class='ocrx_word' id='word_1_48' title='bbox 1618 2267 1678 2312; x_wconf 91' lang='lat' dir='ltr'><strong>ut</strong></span> <span class='ocrx_word' id='word_1_49' title='bbox 1723 2257 1817 2326; x_wconf 91' lang='lat' dir='ltr'><strong>qui</strong></span> <span class='ocrx_word' id='word_1_50' title='bbox 1874 2256 2041 2311; x_wconf 90' lang='lat' dir='ltr'><strong>homo</strong></span> 
     </span>
    </p>
   </div>
   <div class='ocr_carea' id='block_1_13' title="bbox 467 2347 2041 2418">
    <p class='ocr_par' dir='ltr' id='par_1_13' title="bbox 467 2347 2041 2418">
     <span class='ocr_line' id='line_1_13' title="bbox 467 2347 2041 2418; baseline -0.003 -12"><span class='ocrx_word' id='word_1_51' title='bbox 467 2361 614 2409; x_wconf 89' lang='lat' dir='ltr'><strong>esset</strong></span> <span class='ocrx_word' id='word_1_52' title='bbox 645 2350 741 2407; x_wconf 86' lang='lat' dir='ltr'><strong>Dei</strong></span> <span class='ocrx_word' id='word_1_53' title='bbox 792 2351 1097 2407; x_wconf 76' lang='lat' dir='ltr'><strong>doctrinam</strong></span> <span class='ocrx_word' id='word_1_54' title='bbox 1148 2363 1211 2403; x_wconf 86' lang='lat' dir='ltr'><strong>ac</strong></span> <span class='ocrx_word' id='word_1_55' title='bbox 1259 2348 1426 2403; x_wconf 88' lang='lat' dir='ltr'><strong>verba</strong></span> <span class='ocrx_word' id='word_1_56' title='bbox 1480 2347 1871 2411; x_wconf 88' lang='lat' dir='ltr'><strong>conscriberet,</strong></span> <span class='ocrx_word' id='word_1_57' title='bbox 1917 2347 2041 2418; x_wconf 84' lang='lat' dir='ltr'><strong>jure</strong></span> 
     </span>
    </p>
   </div>
   <div class='ocr_carea' id='block_1_14' title="bbox 466 2441 2042 2516">
    <p class='ocr_par' dir='ltr' id='par_1_14' title="bbox 466 2441 2042 2516">
     <span class='ocr_line' id='line_1_14' title="bbox 466 2441 2042 2516; baseline -0.003 -14"><span class='ocrx_word' id='word_1_58' title='bbox 466 2456 696 2502; x_wconf 79' lang='lat' dir='ltr'><strong>excusat</strong></span> <span class='ocrx_word' id='word_1_59' title='bbox 723 2446 776 2502; x_wconf 92' lang='lat' dir='ltr'><strong>in</strong></span> <span class='ocrx_word' id='word_1_60' title='bbox 822 2445 1109 2516; x_wconf 64' lang='lat' dir='ltr'><strong>prooemio.</strong></span> <span class='ocrx_word' id='word_1_61' title='bbox 1140 2443 1612 2512; x_wconf 82' lang='lat' dir='ltr'><strong>Quemadmodum</strong></span> <span class='ocrx_word' id='word_1_62' title='bbox 1645 2454 1823 2496; x_wconf 89' lang='lat' dir='ltr'><strong>autem</strong></span> <span class='ocrx_word' id='word_1_63' title='bbox 1857 2441 1911 2495; x_wconf 93' lang='lat' dir='ltr'><strong>in</strong></span> <span class='ocrx_word' id='word_1_64' title='bbox 1944 2455 2042 2497; x_wconf 83' lang='lat' dir='ltr'><strong>ve-</strong></span> 
     </span>
    </p>
   </div>
   <div class='ocr_carea' id='block_1_15' title="bbox 474 2535 2041 2610">
    <p class='ocr_par' dir='ltr' id='par_1_15' title="bbox 474 2535 2041 2610">
     <span class='ocr_line' id='line_1_15' title="bbox 474 2535 2041 2610; baseline -0.003 -17"><span class='ocrx_word' id='word_1_65' title='bbox 474 2537 577 2594; x_wconf 89' lang='lat' dir='ltr'><strong>teri</strong></span> <span class='ocrx_word' id='word_1_66' title='bbox 612 2537 810 2610; x_wconf 89' lang='lat' dir='ltr'><strong>populo</strong></span> <span class='ocrx_word' id='word_1_67' title='bbox 842 2536 995 2592; x_wconf 90' lang='lat' dir='ltr'><strong>multi</strong></span> <span class='ocrx_word' id='word_1_68' title='bbox 1043 2537 1383 2607; x_wconf 74' lang='lat' dir='ltr'><strong>prophetiam</strong></span> <span class='ocrx_word' id='word_1_69' title='bbox 1431 2535 1858 2605; x_wconf 81' lang='lat' dir='ltr'><strong>proﬁtebantur,</strong></span> <span class='ocrx_word' id='word_1_70' title='bbox 1888 2544 1945 2589; x_wconf 90' lang='lat' dir='ltr'><strong>at</strong></span> <span class='ocrx_word' id='word_1_71' title='bbox 1972 2550 2041 2590; x_wconf 77' lang='lat' dir='ltr'><strong>ex</strong></span> 
     </span>
    </p>
   </div>
   <div class='ocr_carea' id='block_1_16' title="bbox 472 2626 2040 2699">
    <p class='ocr_par' dir='ltr' id='par_1_16' title="bbox 472 2626 2040 2699">
     <span class='ocr_line' id='line_1_16' title="bbox 472 2626 2040 2699; baseline -0.003 -13"><span class='ocrx_word' id='word_1_72' title='bbox 472 2630 563 2686; x_wconf 88' lang='lat' dir='ltr'><strong>his</strong></span> <span class='ocrx_word' id='word_1_73' title='bbox 605 2630 827 2699; x_wconf 86' lang='lat' dir='ltr'><strong>quidam</strong></span> <span class='ocrx_word' id='word_1_74' title='bbox 866 2637 1024 2683; x_wconf 86' lang='lat' dir='ltr'><strong>erant</strong></span> <span class='ocrx_word' id='word_1_75' title='bbox 1067 2626 1191 2682; x_wconf 77' lang='lat' dir='ltr'><strong>falsi</strong></span> <span class='ocrx_word' id='word_1_76' title='bbox 1248 2627 1551 2698; x_wconf 60' lang='lat' dir='ltr'><strong>propheta,</strong></span> <span class='ocrx_word' id='word_1_77' title='bbox 1579 2626 1800 2696; x_wconf 87' lang='lat' dir='ltr'><strong>quidam</strong></span> <span class='ocrx_word' id='word_1_78' title='bbox 1850 2640 2040 2682; x_wconf 85' lang='lat' dir='ltr'><strong>revera</strong></span> 
     </span>
    </p>
   </div>
   <div class='ocr_carea' id='block_1_17' title="bbox 475 2719 2038 2793">
    <p class='ocr_par' dir='ltr' id='par_1_17' title="bbox 475 2719 2038 2793">
     <span class='ocr_line' id='line_1_17' title="bbox 475 2719 2038 2793; baseline -0.001 -18"><span class='ocrx_word' id='word_1_79' title='bbox 475 2723 787 2793; x_wconf 67' lang='lat' dir='ltr'><strong>prophetat;</strong></span> <span class='ocrx_word' id='word_1_80' title='bbox 817 2733 872 2777; x_wconf 89' lang='lat' dir='ltr'><strong>et</strong></span> <span class='ocrx_word' id='word_1_81' title='bbox 908 2731 1029 2777; x_wconf 90' lang='lat' dir='ltr'><strong>erat</strong></span> <span class='ocrx_word' id='word_1_82' title='bbox 1058 2722 1260 2776; x_wconf 89' lang='lat' dir='ltr'><strong>donum</strong></span> <span class='ocrx_word' id='word_1_83' title='bbox 1308 2720 1574 2776; x_wconf 87' lang='lat' dir='ltr'><strong>discretio</strong></span> <span class='ocrx_word' id='word_1_84' title='bbox 1628 2719 1943 2789; x_wconf 85' lang='lat' dir='ltr'><strong>spirituum,</strong></span> <span class='ocrx_word' id='word_1_85' title='bbox 1970 2734 2038 2775; x_wconf 79' lang='lat' dir='ltr'><strong>ex</strong></span> 
     </span>
    </p>
   </div>
   <div class='ocr_carea' id='block_1_18' title="bbox 470 2811 2038 2886">
    <p class='ocr_par' dir='ltr' id='par_1_18' title="bbox 470 2811 2038 2886">
     <span class='ocr_line' id='line_1_18' title="bbox 470 2811 2038 2886; baseline 0.001 -20"><span class='ocrx_word' id='word_1_86' title='bbox 470 2830 580 2886; x_wconf 86' lang='lat' dir='ltr'><strong>quo</strong></span> <span class='ocrx_word' id='word_1_87' title='bbox 611 2814 754 2871; x_wconf 92' lang='lat' dir='ltr'><strong>dono</strong></span> <span class='ocrx_word' id='word_1_88' title='bbox 778 2813 1191 2870; x_wconf 81' lang='lat' dir='ltr'><strong>discernebatur</strong></span> <span class='ocrx_word' id='word_1_89' title='bbox 1232 2828 1393 2869; x_wconf 86' lang='lat' dir='ltr'><strong>verus</strong></span> <span class='ocrx_word' id='word_1_90' title='bbox 1435 2812 1702 2884; x_wconf 86' lang='lat' dir='ltr'><strong>propheta</strong></span> <span class='ocrx_word' id='word_1_91' title='bbox 1750 2822 1802 2867; x_wconf 90' lang='lat' dir='ltr'><strong>et</strong></span> <span class='ocrx_word' id='word_1_92' title='bbox 1837 2811 2038 2879; x_wconf 82' lang='lat' dir='ltr'><strong>falsus;</strong></span> 
     </span>
    </p>
   </div>
   <div class='ocr_carea' id='block_1_19' title="bbox 464 2905 2040 2974">
    <p class='ocr_par' dir='ltr' id='par_1_19' title="bbox 464 2905 2040 2974">
     <span class='ocr_line' id='line_1_19' title="bbox 464 2905 2040 2974; baseline -0.001 -13"><span class='ocrx_word' id='word_1_93' title='bbox 464 2905 615 2961; x_wconf 70' lang='lat' dir='ltr'><strong>haud</strong></span> <span class='ocrx_word' id='word_1_94' title='bbox 639 2921 799 2962; x_wconf 88' lang='lat' dir='ltr'><strong>secus</strong></span> <span class='ocrx_word' id='word_1_95' title='bbox 822 2915 875 2962; x_wconf 89' lang='lat' dir='ltr'><strong>et</strong></span> <span class='ocrx_word' id='word_1_96' title='bbox 900 2921 1047 2962; x_wconf 88' lang='lat' dir='ltr'><strong>nunc</strong></span> <span class='ocrx_word' id='word_1_97' title='bbox 1077 2907 1131 2962; x_wconf 92' lang='lat' dir='ltr'><strong>in</strong></span> <span class='ocrx_word' id='word_1_98' title='bbox 1163 2920 1303 2961; x_wconf 92' lang='lat' dir='ltr'><strong>novo</strong></span> <span class='ocrx_word' id='word_1_99' title='bbox 1330 2905 1558 2972; x_wconf 74' lang='lat' dir='ltr'><strong>foedere,</strong></span> <span class='ocrx_word' id='word_1_100' title='bbox 1582 2905 1863 2974; x_wconf 84' lang='lat' dir='ltr'><strong>evangelia</strong></span> <span class='ocrx_word' id='word_1_101' title='bbox 1886 2906 2040 2961; x_wconf 88' lang='lat' dir='ltr'><strong>multi</strong></span> 
     </span>
    </p>
   </div>
   <div class='ocr_carea' id='block_1_20' title="bbox 472 2999 2043 3071">
    <p class='ocr_par' dir='ltr' id='par_1_20' title="bbox 472 2999 2043 3071">
     <span class='ocr_line' id='line_1_20' title="bbox 472 2999 2043 3071; baseline -0.001 -15"><span class='ocrx_word' id='word_1_102' title='bbox 472 2999 716 3057; x_wconf 79' lang='lat' dir='ltr'><strong>scribere</strong></span> <span class='ocrx_word' id='word_1_103' title='bbox 764 3004 1073 3056; x_wconf 85' lang='lat' dir='ltr'><strong>voluerunt.</strong></span> <span class='ocrx_word' id='word_1_104' title='bbox 1130 3001 1200 3055; x_wconf 85' lang='lat' dir='ltr'><strong>At</strong></span> <span class='ocrx_word' id='word_1_105' title='bbox 1252 3000 1463 3071; x_wconf 87' lang='lat' dir='ltr'><strong>probati</strong></span> <span class='ocrx_word' id='word_1_106' title='bbox 1529 3000 1876 3055; x_wconf 89' lang='lat' dir='ltr'><strong>nummularii</strong></span> <span class='ocrx_word' id='word_1_107' title='bbox 1939 3015 2043 3055; x_wconf 92' lang='lat' dir='ltr'><strong>non</strong></span> 
     </span>
    </p>
   </div>
   <div class='ocr_carea' id='block_1_21' title="bbox 474 3088 2042 3162">
    <p class='ocr_par' dir='ltr' id='par_1_21' title="bbox 474 3088 2042 3162">
     <span class='ocr_line' id='line_1_21' title="bbox 474 3088 2042 3162; baseline 0.002 -19"><span class='ocrx_word' id='word_1_108' title='bbox 474 3090 657 3145; x_wconf 86' lang='lat' dir='ltr'><strong>omnia</strong></span> <span class='ocrx_word' id='word_1_109' title='bbox 678 3088 1068 3162; x_wconf 87' lang='lat' dir='ltr'><strong>approbarunt,</strong></span> <span class='ocrx_word' id='word_1_110' title='bbox 1099 3090 1195 3147; x_wconf 89' lang='lat' dir='ltr'><strong>sed</strong></span> <span class='ocrx_word' id='word_1_111' title='bbox 1223 3092 1468 3161; x_wconf 70' lang='lat' dir='ltr'><strong>qumdam</strong></span> <span class='ocrx_word' id='word_1_112' title='bbox 1493 3105 1559 3146; x_wconf 80' lang='lat' dir='ltr'><strong>ex</strong></span> <span class='ocrx_word' id='word_1_113' title='bbox 1585 3091 1717 3162; x_wconf 88' lang='lat' dir='ltr'><strong>ipsis</strong></span> <span class='ocrx_word' id='word_1_114' title='bbox 1743 3090 2042 3162; x_wconf 85' lang='lat' dir='ltr'><strong>elegerunt.</strong></span> 
     </span>
    </p>
   </div>
   <div class='ocr_carea' id='block_1_22' title="bbox 470 3182 2047 3254">
    <p class='ocr_par' dir='ltr' id='par_1_22' title="bbox 470 3182 2047 3254">
     <span class='ocr_line' id='line_1_22' title="bbox 470 3182 2047 3254; baseline 0.002 -18"><span class='ocrx_word' id='word_1_115' title='bbox 470 3182 639 3239; x_wconf 84' lang='lat' dir='ltr'><strong>Forte</strong></span> <span class='ocrx_word' id='word_1_116' title='bbox 684 3183 848 3238; x_wconf 88' lang='lat' dir='ltr'><strong>etiam</strong></span> <span class='ocrx_word' id='word_1_117' title='bbox 908 3182 1035 3250; x_wconf 87' lang='lat' dir='ltr'><strong>hoc,</strong></span> <span class='ocrx_word' id='word_1_118' title='bbox 1088 3183 1322 3254; x_wconf 71' lang='lat' dir='ltr'><strong>aggressi</strong></span> <span class='ocrx_word' id='word_1_119' title='bbox 1372 3193 1516 3249; x_wconf 77' lang='lat' dir='ltr'><strong>sunt,</strong></span> <span class='ocrx_word' id='word_1_120' title='bbox 1565 3182 1823 3239; x_wconf 88' lang='lat' dir='ltr'><strong>latentem</strong></span> <span class='ocrx_word' id='word_1_121' title='bbox 1882 3184 2047 3239; x_wconf 80' lang='lat' dir='ltr'><strong>habet</strong></span> 
     </span>
    </p>
   </div>
   <div class='ocr_carea' id='block_1_23' title="bbox 2062 1940 2111 1999">
    <p class='ocr_par' dir='ltr' id='par_1_23' title="bbox 2062 1940 2111 1999">
     <span class='ocr_line' id='line_1_23' title="bbox 2062 1940 2111 1999; baseline 0 0"><span class='ocrx_word' id='word_1_122' title='bbox 2062 1940 2111 1999; x_wconf 75' lang='grc' dir='ltr'><strong>Α</strong></span> 
     </span>
    </p>
   </div>
   <div class='ocr_carea' id='block_1_24' title="bbox 2799 1932 3077 1990">
    <p class='ocr_par' dir='ltr' id='par_1_24' title="bbox 2799 1932 3077 1990">
     <span class='ocr_line' id='line_1_24' title="bbox 2799 1932 3077 1990; baseline 0.004 -3"><span class='ocrx_word' id='word_1_123' title='bbox 2799 1934 2959 1990; x_wconf 79' lang='grc' dir='ltr'><strong>ΚΕΦ.</strong></span> <span class='ocrx_word' id='word_1_124' title='bbox 2999 1932 3077 1988; x_wconf 80' lang='lat' dir='ltr'><strong>A&#39;.</strong></span> 
     </span>
    </p>
   </div>
   <div class='ocr_carea' id='block_1_25' title="bbox 2140 2023 3756 2101">
    <p class='ocr_par' dir='ltr' id='par_1_25' title="bbox 2140 2023 3756 2101">
     <span class='ocr_line' id='line_1_25' title="bbox 2140 2023 3756 2101; baseline -0.004 -16"><span class='ocrx_word' id='word_1_125' title='bbox 2140 2030 2291 2101; x_wconf 87' lang='grc' dir='ltr'>Στίχ.</span> <span class='ocrx_word' id='word_1_126' title='bbox 2328 2028 2431 2101; x_wconf 63' lang='grc' dir='ltr'><strong>α’.Δ</strong></span> <span class='ocrx_word' id='word_1_127' title='bbox 2451 2026 2686 2101; x_wconf 69' lang='grc' dir='ltr'>Ἐπειδὴ</span> <span class='ocrx_word' id='word_1_128' title='bbox 2734 2026 2952 2101; x_wconf 54' lang='grc' dir='ltr'>πολλοὶ</span> <span class='ocrx_word' id='word_1_129' title='bbox 2969 2023 3417 2101; x_wconf 50' lang='grc' dir='ltr'>ἐπεχείρησαν</span> <span class='ocrx_word' id='word_1_130' title='bbox 3451 2025 3756 2101; x_wconf 78' lang='grc' dir='ltr'>ανατᾴξα-</span> 
     </span>
    </p>
   </div>
   <div class='ocr_carea' id='block_1_26' title="bbox 2210 2094 3758 2167">
    <p class='ocr_par' dir='ltr' id='par_1_26' title="bbox 2210 2094 3758 2167">
     <span class='ocr_line' id='line_1_26' title="bbox 2210 2094 3758 2167; baseline -0.001 -14"><span class='ocrx_word' id='word_1_131' title='bbox 2210 2094 2352 2156; x_wconf 69' lang='grc' dir='ltr'>ἁΰαι</span> <span class='ocrx_word' id='word_1_132' title='bbox 2404 2094 2686 2167; x_wconf 63' lang='grc' dir='ltr'>διήγησιν</span> <span class='ocrx_word' id='word_1_133' title='bbox 2742 2097 2874 2166; x_wconf 77' lang='grc' dir='ltr'>περὶ</span> <span class='ocrx_word' id='word_1_134' title='bbox 2922 2094 3041 2150; x_wconf 79' lang='grc' dir='ltr'><strong>τῶν·</strong></span> <span class='ocrx_word' id='word_1_135' title='bbox 3094 2094 3758 2166; x_wconf 66' lang='grc' dir='ltr'>πεπληροφορημένων</span> 
     </span>
    </p>
   </div>
   <div class='ocr_carea' id='block_1_27' title="bbox 2212 2166 2771 2240">
    <p class='ocr_par' dir='ltr' id='par_1_27' title="bbox 2212 2166 2771 2240">
     <span class='ocr_line' id='line_1_27' title="bbox 2212 2166 2771 2240; baseline -0.005 -17"><span class='ocrx_word' id='word_1_136' title='bbox 2212 2170 2357 2240; x_wconf 76' lang='grc' dir='ltr'><strong>ἡμῖν</strong></span> <span class='ocrx_word' id='word_1_137' title='bbox 2391 2166 2771 2239; x_wconf 71' lang='grc' dir='ltr'>πραγμάτων.</span> 
     </span>
    </p>
   </div>
   <div class='ocr_carea' id='block_1_28' title="bbox 2225 2252 3755 2332">
    <p class='ocr_par' dir='ltr' id='par_1_28' title="bbox 2225 2252 3755 2332">
     <span class='ocr_line' id='line_1_28' title="bbox 2225 2252 3755 2332; baseline -0.004 -17"><span class='ocrx_word' id='word_1_138' title='bbox 2225 2260 2440 2332; x_wconf 79' lang='grc' dir='ltr'><strong>Ἐπειδὴ</strong></span> <span class='ocrx_word' id='word_1_139' title='bbox 2479 2260 2783 2332; x_wconf 81' lang='grc' dir='ltr'><strong>ὑπέρογκον</strong></span> <span class='ocrx_word' id='word_1_140' title='bbox 2812 2252 2880 2329; x_wconf 83' lang='grc' dir='ltr'><strong>ἦν</strong></span> <span class='ocrx_word' id='word_1_141' title='bbox 2913 2257 2975 2311; x_wconf 78' lang='grc' dir='ltr'>τὸ</span> <span class='ocrx_word' id='word_1_142' title='bbox 3015 2256 3416 2329; x_wconf 73' lang='grc' dir='ltr'>ἐπιχείρημα,</span> <span class='ocrx_word' id='word_1_143' title='bbox 3463 2254 3755 2328; x_wconf 77' lang='grc' dir='ltr'>ἄνθρωπον</span> 
     </span>
    </p>
   </div>
   <div class='ocr_carea' id='block_1_29' title="bbox 2140 2349 3748 2422">
    <p class='ocr_par' dir='ltr' id='par_1_29' title="bbox 2140 2349 3748 2422">
     <span class='ocr_line' id='line_1_29' title="bbox 2140 2349 3748 2422; baseline -0.004 -14"><span class='ocrx_word' id='word_1_144' title='bbox 2140 2355 2303 2420; x_wconf 76' lang='grc' dir='ltr'>ὄντα,</span> <span class='ocrx_word' id='word_1_145' title='bbox 2358 2351 2495 2406; x_wconf 84' lang='grc' dir='ltr'><strong>Θεοῦ</strong></span> <span class='ocrx_word' id='word_1_146' title='bbox 2539 2349 2890 2405; x_wconf 78' lang='grc' dir='ltr'><strong>διδασκαλίαν</strong></span> <span class='ocrx_word' id='word_1_147' title='bbox 2935 2349 3030 2403; x_wconf 72' lang='grc' dir='ltr'>καὶ</span> <span class='ocrx_word' id='word_1_148' title='bbox 3079 2351 3320 2422; x_wconf 78' lang='grc' dir='ltr'>ῥήματα</span> <span class='ocrx_word' id='word_1_149' title='bbox 3380 2349 3748 2422; x_wconf 74' lang='grc' dir='ltr'>συγγράφειν,</span> 
     </span>
    </p>
   </div>
   <div class='ocr_carea' id='block_1_30' title="bbox 2142 2444 3749 2521">
    <p class='ocr_par' dir='ltr' id='par_1_30' title="bbox 2142 2444 3749 2521">
     <span class='ocr_line' id='line_1_30' title="bbox 2142 2444 3749 2521; baseline -0.003 -18"><span class='ocrx_word' id='word_1_150' title='bbox 2142 2449 2364 2513; x_wconf 83' lang='grc' dir='ltr'><strong>εἰκότως</strong></span> <span class='ocrx_word' id='word_1_151' title='bbox 2413 2445 2759 2515; x_wconf 81' lang='grc' dir='ltr'><strong>ἀπολογεῖται</strong></span> <span class='ocrx_word' id='word_1_152' title='bbox 2805 2448 2863 2499; x_wconf 85' lang='grc' dir='ltr'><strong>ὲν</strong></span> <span class='ocrx_word' id='word_1_153' title='bbox 2890 2444 2968 2518; x_wconf 80' lang='grc' dir='ltr'>τῷ</span> <span class='ocrx_word' id='word_1_154' title='bbox 3009 2445 3315 2521; x_wconf 81' lang='grc' dir='ltr'>προοιμίῳ.</span> <span class='ocrx_word' id='word_1_155' title='bbox 3356 2445 3577 2516; x_wconf 82' lang='grc' dir='ltr'>Ὠσπερ</span> <span class='ocrx_word' id='word_1_156' title='bbox 3604 2445 3662 2498; x_wconf 77' lang='grc' dir='ltr'>δὲ</span> <span class='ocrx_word' id='word_1_157' title='bbox 3694 2446 3749 2498; x_wconf 83' lang='grc' dir='ltr'><strong>ὲν</strong></span> 
     </span>
    </p>
   </div>
   <div class='ocr_carea' id='block_1_31' title="bbox 2141 2534 3742 2611">
    <p class='ocr_par' dir='ltr' id='par_1_31' title="bbox 2141 2534 3742 2611">
     <span class='ocr_line' id='line_1_31' title="bbox 2141 2534 3742 2611; baseline -0.002 -18"><span class='ocrx_word' id='word_1_158' title='bbox 2141 2538 2218 2611; x_wconf 81' lang='grc' dir='ltr'>τῷ</span> <span class='ocrx_word' id='word_1_159' title='bbox 2262 2538 2430 2592; x_wconf 88' lang='grc' dir='ltr'>πάλαι</span> <span class='ocrx_word' id='word_1_160' title='bbox 2485 2536 2597 2609; x_wconf 85' lang='grc' dir='ltr'><strong>λαῷ</strong></span> <span class='ocrx_word' id='word_1_161' title='bbox 2658 2534 2841 2592; x_wconf 61' lang='grc' dir='ltr'>πολῖωὶ</span> <span class='ocrx_word' id='word_1_162' title='bbox 2894 2537 3243 2608; x_wconf 83' lang='grc' dir='ltr'><strong>προφητείαν</strong></span> <span class='ocrx_word' id='word_1_163' title='bbox 3301 2534 3742 2606; x_wconf 73' lang='grc' dir='ltr'><strong>ἐπηγγέλλοντο,</strong></span> 
     </span>
    </p>
   </div>
   <div class='ocr_carea' id='block_1_32' title="bbox 2142 2623 3783 2705">
    <p class='ocr_par' dir='ltr' id='par_1_32' title="bbox 2142 2623 3783 2705">
     <span class='ocr_line' id='line_1_32' title="bbox 2142 2623 3783 2705; baseline -0.004 -20"><span class='ocrx_word' id='word_1_164' title='bbox 2142 2630 2278 2685; x_wconf 82' lang='grc' dir='ltr'>ἀλλὰ</span> <span class='ocrx_word' id='word_1_165' title='bbox 2314 2629 2520 2684; x_wconf 87' lang='grc' dir='ltr'>τούτων</span> <span class='ocrx_word' id='word_1_166' title='bbox 2561 2629 2708 2694; x_wconf 79' lang='grc' dir='ltr'>τινὲς</span> <span class='ocrx_word' id='word_1_167' title='bbox 2754 2629 2853 2700; x_wconf 83' lang='grc' dir='ltr'>μὲν</span> <span class='ocrx_word' id='word_1_168' title='bbox 2884 2623 3026 2700; x_wconf 81' lang='grc' dir='ltr'>ἦσαν</span> <span class='ocrx_word' id='word_1_169' title='bbox 3068 2628 3573 2700; x_wconf 76' lang='grc' dir='ltr'><strong>ψευδοπροφῆται,</strong></span> <span class='ocrx_word' id='word_1_170' title='bbox 3609 2626 3745 2690; x_wconf 81' lang='grc' dir='ltr'>τινὲς</span> <span class='ocrx_word' id='word_1_171' title='bbox 3767 2688 3783 2705; x_wconf 31' lang='grc' dir='ltr'><strong>κ</strong></span> 
     </span>
    </p>
   </div>
   <div class='ocr_carea' id='block_1_33' title="bbox 2142 2716 3741 2796">
    <p class='ocr_par' dir='ltr' id='par_1_33' title="bbox 2142 2716 3741 2796">
     <span class='ocr_line' id='line_1_33' title="bbox 2142 2716 3741 2796; baseline -0.004 -17"><span class='ocrx_word' id='word_1_172' title='bbox 2142 2723 2200 2779; x_wconf 86' lang='grc' dir='ltr'>δὲ</span> <span class='ocrx_word' id='word_1_173' title='bbox 2247 2722 2463 2796; x_wconf 86' lang='grc' dir='ltr'>ἀληθῶς</span> <span class='ocrx_word' id='word_1_174' title='bbox 2508 2722 2814 2796; x_wconf 77' lang='grc' dir='ltr'>προφῆταιο</span> <span class='ocrx_word' id='word_1_175' title='bbox 2868 2723 2963 2775; x_wconf 76' lang='grc' dir='ltr'>καὶ</span> <span class='ocrx_word' id='word_1_176' title='bbox 3009 2716 3079 2794; x_wconf 78' lang='grc' dir='ltr'><strong>ἦν</strong></span> <span class='ocrx_word' id='word_1_177' title='bbox 3138 2722 3407 2794; x_wconf 84' lang='grc' dir='ltr'><strong>χάρισμα</strong></span> <span class='ocrx_word' id='word_1_178' title='bbox 3473 2720 3741 2791; x_wconf 79' lang='grc' dir='ltr'>διάκρισις</span> 
     </span>
    </p>
   </div>
   <div class='ocr_carea' id='block_1_34' title="bbox 2143 2806 3741 2886">
    <p class='ocr_par' dir='ltr' id='par_1_34' title="bbox 2143 2806 3741 2886">
     <span class='ocr_line' id='line_1_34' title="bbox 2143 2806 3741 2886; baseline -0.005 -16"><span class='ocrx_word' id='word_1_179' title='bbox 2143 2816 2507 2886; x_wconf 81' lang='grc' dir='ltr'><strong>πνευμάτων,</strong></span> <span class='ocrx_word' id='word_1_180' title='bbox 2550 2813 2642 2883; x_wconf 85' lang='grc' dir='ltr'><strong>ἀφ’</strong></span> <span class='ocrx_word' id='word_1_181' title='bbox 2677 2806 2738 2868; x_wconf 73' lang='grc' dir='ltr'><strong>οὗ</strong></span> <span class='ocrx_word' id='word_1_182' title='bbox 2780 2813 3113 2884; x_wconf 84' lang='grc' dir='ltr'>χαρίσματος</span> <span class='ocrx_word' id='word_1_183' title='bbox 3151 2813 3420 2884; x_wconf 75' lang='grc' dir='ltr'>ἐκρίνετο</span> <span class='ocrx_word' id='word_1_184' title='bbox 3464 2811 3494 2864; x_wconf 87' lang='grc' dir='ltr'>ὁ</span> <span class='ocrx_word' id='word_1_185' title='bbox 3543 2809 3741 2881; x_wconf 73' lang='grc' dir='ltr'>ἀληθὴς</span> 
     </span>
    </p>
   </div>
   <div class='ocr_carea' id='block_1_35' title="bbox 2144 2902 3738 2980">
    <p class='ocr_par' dir='ltr' id='par_1_35' title="bbox 2144 2902 3738 2980">
     <span class='ocr_line' id='line_1_35' title="bbox 2144 2902 3738 2980; baseline -0.004 -20"><span class='ocrx_word' id='word_1_186' title='bbox 2144 2907 2429 2980; x_wconf 82' lang='grc' dir='ltr'>προφήτης</span> <span class='ocrx_word' id='word_1_187' title='bbox 2460 2906 2553 2959; x_wconf 76' lang='grc' dir='ltr'>καὶ</span> <span class='ocrx_word' id='word_1_188' title='bbox 2585 2907 2612 2958; x_wconf 86' lang='grc' dir='ltr'>ὁ</span> <span class='ocrx_word' id='word_1_189' title='bbox 2639 2903 3083 2976; x_wconf 72' lang='grc' dir='ltr'>ψευδοπροφήτης</span> <span class='ocrx_word' id='word_1_190' title='bbox 3104 2920 3117 2934; x_wconf 69' lang='grc'><strong><em>⁸</em></strong></span> <span class='ocrx_word' id='word_1_191' title='bbox 3151 2903 3307 2958; x_wconf 69' lang='grc' dir='ltr'>οὕτω</span> <span class='ocrx_word' id='word_1_192' title='bbox 3335 2904 3435 2959; x_wconf 80' lang='grc' dir='ltr'><strong>καὶ</strong></span> <span class='ocrx_word' id='word_1_193' title='bbox 3470 2902 3567 2957; x_wconf 75' lang='grc' dir='ltr'>νῦν</span> <span class='ocrx_word' id='word_1_194' title='bbox 3593 2904 3651 2955; x_wconf 86' lang='grc' dir='ltr'>ἐν</span> <span class='ocrx_word' id='word_1_195' title='bbox 3673 2903 3738 2972; x_wconf 79' lang='grc' dir='ltr'>τῇ</span> 
     </span>
    </p>
   </div>
   <div class='ocr_carea' id='block_1_36' title="bbox 2146 2997 3739 3072">
    <p class='ocr_par' dir='ltr' id='par_1_36' title="bbox 2146 2997 3739 3072">
     <span class='ocr_line' id='line_1_36' title="bbox 2146 2997 3739 3072; baseline -0.003 -18"><span class='ocrx_word' id='word_1_196' title='bbox 2146 3003 2304 3072; x_wconf 77' lang='grc' dir='ltr'>καινῇ</span> <span class='ocrx_word' id='word_1_197' title='bbox 2352 3000 2603 3071; x_wconf 79' lang='grc' dir='ltr'>διαθήκῃ,</span> <span class='ocrx_word' id='word_1_198' title='bbox 2634 2999 2703 3053; x_wconf 82' lang='grc' dir='ltr'><strong>τὰ</strong></span> <span class='ocrx_word' id='word_1_199' title='bbox 2737 2998 3046 3068; x_wconf 77' lang='grc' dir='ltr'>Εὑαγγέλια</span> <span class='ocrx_word' id='word_1_200' title='bbox 3073 2997 3267 3053; x_wconf 73' lang='grc' dir='ltr'>πολλοὶ</span> <span class='ocrx_word' id='word_1_201' title='bbox 3299 2998 3582 3069; x_wconf 72' lang='grc' dir='ltr'><strong>ἠθέλησαν</strong></span> <span class='ocrx_word' id='word_1_202' title='bbox 3611 2998 3739 3068; x_wconf 85' lang='grc' dir='ltr'>γρά-</span> 
     </span>
    </p>
   </div>
   <div class='ocr_carea' id='block_1_37' title="bbox 2145 3088 3733 3164">
    <p class='ocr_par' dir='ltr' id='par_1_37' title="bbox 2145 3088 3733 3164">
     <span class='ocr_line' id='line_1_37' title="bbox 2145 3088 3733 3164; baseline -0.004 -17"><span class='ocrx_word' id='word_1_203' title='bbox 2145 3093 2262 3164; x_wconf 77' lang='grc' dir='ltr'>ψαι.</span> <span class='ocrx_word' id='word_1_204' title='bbox 2319 3092 2456 3146; x_wconf 84' lang='grc' dir='ltr'>Ἀλλ’</span> <span class='ocrx_word' id='word_1_205' title='bbox 2482 3093 2531 3146; x_wconf 78' lang='grc' dir='ltr'>οἱ</span> <span class='ocrx_word' id='word_1_206' title='bbox 2564 3091 2776 3162; x_wconf 80' lang='grc' dir='ltr'>δόκιμοι</span> <span class='ocrx_word' id='word_1_207' title='bbox 2814 3088 3136 3163; x_wconf 74' lang='grc' dir='ltr'>τραπεζῖται</span> <span class='ocrx_word' id='word_1_208' title='bbox 3169 3090 3237 3143; x_wconf 76' lang='grc' dir='ltr'>οὐ</span> <span class='ocrx_word' id='word_1_209' title='bbox 3276 3092 3466 3144; x_wconf 88' lang='grc' dir='ltr'>πάντα</span> <span class='ocrx_word' id='word_1_210' title='bbox 3498 3088 3733 3160; x_wconf 78' lang='grc' dir='ltr'>ἔκριναν,</span> 
     </span>
    </p>
   </div>
   <div class='ocr_carea' id='block_1_38' title="bbox 2147 3177 3734 3253">
    <p class='ocr_par' dir='ltr' id='par_1_38' title="bbox 2147 3177 3734 3253">
     <span class='ocr_line' id='line_1_38' title="bbox 2147 3177 3734 3253; baseline -0.005 -15"><span class='ocrx_word' id='word_1_211' title='bbox 2147 3184 2283 3238; x_wconf 84' lang='grc' dir='ltr'>ἀλλά</span> <span class='ocrx_word' id='word_1_212' title='bbox 2303 3201 2422 3238; x_wconf 87' lang='grc' dir='ltr'>τινα</span> <span class='ocrx_word' id='word_1_213' title='bbox 2465 3181 2525 3248; x_wconf 75' lang='grc' dir='ltr'><strong>ἐξ</strong></span> <span class='ocrx_word' id='word_1_214' title='bbox 2570 3182 2750 3237; x_wconf 83' lang='grc' dir='ltr'>αὐτῶν</span> <span class='ocrx_word' id='word_1_215' title='bbox 2799 3180 3128 3247; x_wconf 72' lang='grc' dir='ltr'>ἐξελέξαντο.</span> <span class='ocrx_word' id='word_1_216' title='bbox 3186 3180 3356 3253; x_wconf 84' lang='grc' dir='ltr'><strong>Τάχα</strong></span> <span class='ocrx_word' id='word_1_217' title='bbox 3402 3181 3462 3235; x_wconf 74' lang='grc' dir='ltr'>δὲ</span> <span class='ocrx_word' id='word_1_218' title='bbox 3517 3179 3611 3234; x_wconf 71' lang='grc' dir='ltr'><strong>καὶ</strong></span> <span class='ocrx_word' id='word_1_219' title='bbox 3655 3177 3734 3242; x_wconf 67' lang='grc' dir='ltr'>τὸ,</span> 
     </span>
    </p>
   </div>
   <div class='ocr_carea' id='block_1_39' title="bbox 474 3272 2064 3354">
    <p class='ocr_par' dir='ltr' id='par_1_39' title="bbox 474 3275 2047 3347">
     <span class='ocr_line' id='line_1_39' title="bbox 474 3275 2047 3347; baseline 0.003 -20"><span class='ocrx_word' id='word_1_220' title='bbox 474 3275 876 3331; x_wconf 87' lang='lat' dir='ltr'><strong>accusationem</strong></span> <span class='ocrx_word' id='word_1_221' title='bbox 907 3291 1120 3342; x_wconf 89' lang='lat' dir='ltr'><strong>eorum,</strong></span> <span class='ocrx_word' id='word_1_222' title='bbox 1153 3277 1243 3347; x_wconf 89' lang='lat' dir='ltr'><strong>qui</strong></span> <span class='ocrx_word' id='word_1_223' title='bbox 1270 3287 1474 3333; x_wconf 89' lang='lat' dir='ltr'><strong>temere</strong></span> <span class='ocrx_word' id='word_1_224' title='bbox 1495 3287 1551 3333; x_wconf 90' lang='lat' dir='ltr'><strong>et</strong></span> <span class='ocrx_word' id='word_1_225' title='bbox 1576 3278 1696 3333; x_wconf 84' lang='lat' dir='ltr'><strong>sine</strong></span> <span class='ocrx_word' id='word_1_226' title='bbox 1719 3278 2047 3334; x_wconf 84' lang='lat' dir='ltr'><strong>charismate</strong></span> 
     </span>
    </p>
   </div>
   <div class='ocr_carea' id='block_1_40' title="bbox 2150 3272 3732 3354">
    <p class='ocr_par' dir='ltr' id='par_1_40' title="bbox 2150 3272 3732 3346">
     <span class='ocr_line' id='line_1_40' title="bbox 2150 3272 3732 3346; baseline -0.003 -16"><span class='ocrx_word' id='word_1_227' title='bbox 2150 3277 2567 3346; x_wconf 76' lang='grc' dir='ltr'>ἐπεχείρησαν,</span> <span class='ocrx_word' id='word_1_228' title='bbox 2600 3273 2883 3346; x_wconf 79' lang='grc' dir='ltr'>λεληθυῖαν</span> <span class='ocrx_word' id='word_1_229' title='bbox 2921 3272 3035 3345; x_wconf 76' lang='grc' dir='ltr'>ἔχει</span> <span class='ocrx_word' id='word_1_230' title='bbox 3064 3275 3420 3346; x_wconf 80' lang='grc' dir='ltr'>κατηγορίαν</span> <span class='ocrx_word' id='word_1_231' title='bbox 3462 3273 3571 3327; x_wconf 86' lang='grc' dir='ltr'><strong>τῶν</strong></span> <span class='ocrx_word' id='word_1_232' title='bbox 3603 3287 3732 3343; x_wconf 79' lang='grc' dir='ltr'>προ-</span> 
     </span>
    </p>
   </div>
   <div class='ocr_carea' id='block_1_41' title="bbox 475 3368 2044 3443">
    <p class='ocr_par' dir='ltr' id='par_1_41' title="bbox 475 3368 2044 3443">
     <span class='ocr_line' id='line_1_41' title="bbox 475 3368 2044 3443; baseline 0.001 -20"><span class='ocrx_word' id='word_1_233' title='bbox 475 3375 824 3424; x_wconf 88' lang='lat' dir='ltr'><strong>accesserunt</strong></span> <span class='ocrx_word' id='word_1_234' title='bbox 851 3368 918 3423; x_wconf 91' lang='lat' dir='ltr'><strong>ad</strong></span> <span class='ocrx_word' id='word_1_235' title='bbox 945 3368 1230 3426; x_wconf 90' lang='lat' dir='ltr'><strong>scribenda</strong></span> <span class='ocrx_word' id='word_1_236' title='bbox 1255 3369 1568 3443; x_wconf 79' lang='lat' dir='ltr'><strong>Evangelia.</strong></span> <span class='ocrx_word' id='word_1_237' title='bbox 1591 3371 1876 3427; x_wconf 80' lang='lat' dir='ltr'><strong>Mattbaeus</strong></span> <span class='ocrx_word' id='word_1_238' title='bbox 1900 3372 2044 3426; x_wconf 89' lang='lat' dir='ltr'><strong>enim</strong></span> 
     </span>
    </p>
   </div>
   <div class='ocr_carea' id='block_1_42' title="bbox 476 3458 2046 3531">
    <p class='ocr_par' dir='ltr' id='par_1_42' title="bbox 476 3458 2046 3531">
     <span class='ocr_line' id='line_1_42' title="bbox 476 3458 2046 3531; baseline 0.004 -21"><span class='ocrx_word' id='word_1_239' title='bbox 476 3470 587 3510; x_wconf 88' lang='lat' dir='ltr'><strong>non</strong></span> <span class='ocrx_word' id='word_1_240' title='bbox 617 3463 700 3513; x_wconf 75' lang='lat' dir='ltr'><strong>est</strong></span> <span class='ocrx_word' id='word_1_241' title='bbox 719 3459 1133 3528; x_wconf 85' lang='lat' dir='ltr'><strong>aggressus,sed</strong></span> <span class='ocrx_word' id='word_1_242' title='bbox 1161 3460 1381 3531; x_wconf 87' lang='lat' dir='ltr'><strong>scripsit</strong></span> <span class='ocrx_word' id='word_1_243' title='bbox 1407 3470 1585 3516; x_wconf 89' lang='lat' dir='ltr'><strong>motus</strong></span> <span class='ocrx_word' id='word_1_244' title='bbox 1617 3476 1647 3515; x_wconf 89' lang='lat' dir='ltr'><strong>a</strong></span> <span class='ocrx_word' id='word_1_245' title='bbox 1680 3458 1885 3528; x_wconf 88' lang='lat' dir='ltr'><strong>Spiritu</strong></span> <span class='ocrx_word' id='word_1_246' title='bbox 1916 3477 2046 3516; x_wconf 84' lang='lat' dir='ltr'><strong>san-</strong></span> 
     </span>
    </p>
   </div>
   <div class='ocr_carea' id='block_1_43' title="bbox 473 3545 2050 3618">
    <p class='ocr_par' dir='ltr' id='par_1_43' title="bbox 473 3545 2050 3618">
     <span class='ocr_line' id='line_1_43' title="bbox 473 3545 2050 3618; baseline 0.006 -20"><span class='ocrx_word' id='word_1_247' title='bbox 473 3553 585 3599; x_wconf 87' lang='lat' dir='ltr'><strong>cto.</strong></span> <span class='ocrx_word' id='word_1_248' title='bbox 621 3545 886 3602; x_wconf 89' lang='lat' dir='ltr'><strong>Similiter</strong></span> <span class='ocrx_word' id='word_1_249' title='bbox 911 3556 970 3602; x_wconf 90' lang='lat' dir='ltr'><strong>et</strong></span> <span class='ocrx_word' id='word_1_250' title='bbox 997 3547 1231 3610; x_wconf 79' lang='lat' dir='ltr'><strong>Marcus.</strong></span> <span class='ocrx_word' id='word_1_251' title='bbox 1261 3559 1316 3605; x_wconf 94' lang='lat' dir='ltr'><strong>et</strong></span> <span class='ocrx_word' id='word_1_252' title='bbox 1340 3548 1581 3607; x_wconf 86' lang='lat' dir='ltr'><strong>Joannes</strong></span> <span class='ocrx_word' id='word_1_253' title='bbox 1610 3552 1753 3607; x_wconf 81' lang='lat' dir='ltr'><strong>haud</strong></span> <span class='ocrx_word' id='word_1_254' title='bbox 1783 3552 1963 3618; x_wconf 89' lang='lat' dir='ltr'><strong>aliter,</strong></span> <span class='ocrx_word' id='word_1_255' title='bbox 1992 3562 2050 3608; x_wconf 89' lang='lat' dir='ltr'><strong>et</strong></span> 
     </span>
    </p>
   </div>
   <div class='ocr_carea' id='block_1_44' title="bbox 473 3632 2044 3716">
    <p class='ocr_par' dir='ltr' id='par_1_44' title="bbox 473 3632 2044 3716">
     <span class='ocr_line' id='line_1_44' title="bbox 473 3632 2044 3716; baseline 0.006 -27"><span class='ocrx_word' id='word_1_256' title='bbox 473 3632 670 3692; x_wconf 85' lang='lat' dir='ltr'><strong>Lucas.</strong></span> <span class='ocrx_word' id='word_1_257' title='bbox 702 3638 776 3692; x_wconf 87' lang='lat' dir='ltr'><strong>At</strong></span> <span class='ocrx_word' id='word_1_258' title='bbox 813 3637 956 3709; x_wconf 89' lang='lat' dir='ltr'><strong>quod</strong></span> <span class='ocrx_word' id='word_1_259' title='bbox 997 3639 1317 3697; x_wconf 88' lang='lat' dir='ltr'><strong>inscribitur</strong></span> <span class='ocrx_word' id='word_1_260' title='bbox 1356 3641 1711 3716; x_wconf 82' lang='lat' dir='ltr'><strong>Evangelium</strong></span> <span class='ocrx_word' id='word_1_261' title='bbox 1747 3646 2044 3700; x_wconf 89' lang='lat' dir='ltr'><strong>secundum</strong></span> 
     </span>
    </p>
   </div>
   <div class='ocr_carea' id='block_1_45' title="bbox 473 3725 2047 3806">
    <p class='ocr_par' dir='ltr' id='par_1_45' title="bbox 473 3725 2047 3806">
     <span class='ocr_line' id='line_1_45' title="bbox 473 3725 2047 3806; baseline 0.004 -24"><span class='ocrx_word' id='word_1_262' title='bbox 473 3725 777 3798; x_wconf 68' lang='lat' dir='ltr'><strong>.Egyptios,</strong></span> <span class='ocrx_word' id='word_1_263' title='bbox 812 3739 869 3785; x_wconf 90' lang='lat' dir='ltr'><strong>et</strong></span> <span class='ocrx_word' id='word_1_264' title='bbox 918 3733 1062 3802; x_wconf 89' lang='lat' dir='ltr'><strong>quod</strong></span> <span class='ocrx_word' id='word_1_265' title='bbox 1118 3732 1248 3786; x_wconf 85' lang='lat' dir='ltr'><strong>item</strong></span> <span class='ocrx_word' id='word_1_266' title='bbox 1324 3733 1640 3792; x_wconf 89' lang='lat' dir='ltr'><strong>inscribitur</strong></span> <span class='ocrx_word' id='word_1_267' title='bbox 1695 3735 2047 3806; x_wconf 85' lang='lat' dir='ltr'><strong>Evangelium</strong></span> 
     </span>
    </p>
   </div>
   <div class='ocr_carea' id='block_1_46' title="bbox 477 3816 2046 3898">
    <p class='ocr_par' dir='ltr' id='par_1_46' title="bbox 477 3816 2046 3898">
     <span class='ocr_line' id='line_1_46' title="bbox 477 3816 2046 3898; baseline 0.006 -25"><span class='ocrx_word' id='word_1_268' title='bbox 477 3816 888 3887; x_wconf 79' lang='lat' dir='ltr'><strong>duodenarum,</strong></span> <span class='ocrx_word' id='word_1_269' title='bbox 939 3823 975 3877; x_wconf 91' lang='lat' dir='ltr'><strong>ii</strong></span> <span class='ocrx_word' id='word_1_270' title='bbox 1012 3825 1105 3894; x_wconf 89' lang='lat' dir='ltr'><strong>qui</strong></span> <span class='ocrx_word' id='word_1_271' title='bbox 1161 3837 1528 3882; x_wconf 80' lang='lat' dir='ltr'><strong>exaraverunt</strong></span> <span class='ocrx_word' id='word_1_272' title='bbox 1575 3827 1762 3896; x_wconf 88' lang='lat' dir='ltr'><strong>utique</strong></span> <span class='ocrx_word' id='word_1_273' title='bbox 1804 3827 2046 3898; x_wconf 87' lang='lat' dir='ltr'><strong>aggressi</strong></span> 
     </span>
    </p>
   </div>
   <div class='ocr_carea' id='block_1_47' title="bbox 474 3911 2046 3988">
    <p class='ocr_par' dir='ltr' id='par_1_47' title="bbox 474 3911 2046 3988">
     <span class='ocr_line' id='line_1_47' title="bbox 474 3911 2046 3988; baseline 0.003 -21"><span class='ocrx_word' id='word_1_274' title='bbox 474 3920 621 3967; x_wconf 81' lang='lat' dir='ltr'><strong>sunt.</strong></span> <span class='ocrx_word' id='word_1_275' title='bbox 654 3911 1049 3968; x_wconf 83' lang='lat' dir='ltr'><strong>Circutnl&#39;ertur</strong></span> <span class='ocrx_word' id='word_1_276' title='bbox 1079 3930 1298 3986; x_wconf 89' lang='lat' dir='ltr'><strong>quoque</strong></span> <span class='ocrx_word' id='word_1_277' title='bbox 1341 3916 1694 3988; x_wconf 88' lang='lat' dir='ltr'><strong>Evangelium</strong></span> <span class='ocrx_word' id='word_1_278' title='bbox 1749 3918 2046 3974; x_wconf 87' lang='lat' dir='ltr'><strong>secundum</strong></span> 
     </span>
    </p>
   </div>
   <div class='ocr_carea' id='block_1_48' title="bbox 479 4001 2048 4071">
    <p class='ocr_par' dir='ltr' id='par_1_48' title="bbox 479 4001 2048 4071">
     <span class='ocr_line' id='line_1_48' title="bbox 479 4001 2048 4071; baseline 0.004 -14"><span class='ocrx_word' id='word_1_279' title='bbox 479 4001 766 4057; x_wconf 83' lang='lat' dir='ltr'><strong>Thomam.</strong></span> <span class='ocrx_word' id='word_1_280' title='bbox 794 4002 912 4058; x_wconf 77' lang='lat' dir='ltr'><strong>Jam</strong></span> <span class='ocrx_word' id='word_1_281' title='bbox 947 4019 1108 4071; x_wconf 88' lang='lat' dir='ltr'><strong>porro</strong></span> <span class='ocrx_word' id='word_1_282' title='bbox 1135 4021 1300 4062; x_wconf 87' lang='lat' dir='ltr'><strong>ausus</strong></span> <span class='ocrx_word' id='word_1_283' title='bbox 1328 4016 1414 4061; x_wconf 89' lang='lat' dir='ltr'><strong>est</strong></span> <span class='ocrx_word' id='word_1_284' title='bbox 1438 4009 1603 4063; x_wconf 87' lang='lat' dir='ltr'><strong>etiam</strong></span> <span class='ocrx_word' id='word_1_285' title='bbox 1624 4008 1892 4065; x_wconf 88' lang='lat' dir='ltr'><strong>Basilides</strong></span> <span class='ocrx_word' id='word_1_286' title='bbox 1911 4009 2048 4064; x_wconf 86' lang='lat' dir='ltr'><strong>scri-</strong></span> 
     </span>
    </p>
   </div>
   <div class='ocr_carea' id='block_1_49' title="bbox 479 4093 2047 4169">
    <p class='ocr_par' dir='ltr' id='par_1_49' title="bbox 479 4093 2047 4169">
     <span class='ocr_line' id='line_1_49' title="bbox 479 4093 2047 4169; baseline 0.003 -20"><span class='ocrx_word' id='word_1_287' title='bbox 479 4096 606 4151; x_wconf 85' lang='lat' dir='ltr'><strong>bere</strong></span> <span class='ocrx_word' id='word_1_288' title='bbox 632 4093 978 4166; x_wconf 82' lang='lat' dir='ltr'><strong>Evangelium</strong></span> <span class='ocrx_word' id='word_1_289' title='bbox 1005 4098 1299 4160; x_wconf 83' lang='lat' dir='ltr'><strong>secundum</strong></span> <span class='ocrx_word' id='word_1_290' title='bbox 1326 4097 1794 4157; x_wconf 64' lang='lat' dir='ltr'><strong>BasilidemJiulti</strong></span> <span class='ocrx_word' id='word_1_291' title='bbox 1822 4110 2047 4169; x_wconf 83' lang='lat' dir='ltr'><strong>praeter-</strong></span> 
     </span>
    </p>
   </div>
   <div class='ocr_carea' id='block_1_50' title="bbox 476 4187 2048 4261">
    <p class='ocr_par' dir='ltr' id='par_1_50' title="bbox 476 4187 2048 4261">
     <span class='ocr_line' id='line_1_50' title="bbox 476 4187 2048 4261; baseline 0.001 -16"><span class='ocrx_word' id='word_1_292' title='bbox 476 4202 542 4245; x_wconf 86' lang='lat' dir='ltr'><strong>ea</strong></span> <span class='ocrx_word' id='word_1_293' title='bbox 578 4190 818 4261; x_wconf 79' lang='lat' dir='ltr'><strong>aggressi</strong></span> <span class='ocrx_word' id='word_1_294' title='bbox 877 4200 1005 4245; x_wconf 89' lang='lat' dir='ltr'><strong>sunt</strong></span> <span class='ocrx_word' id='word_1_295' title='bbox 1028 4187 1377 4261; x_wconf 82' lang='lat' dir='ltr'><strong>Evangelium</strong></span> <span class='ocrx_word' id='word_1_296' title='bbox 1406 4191 1701 4246; x_wconf 82' lang='lat' dir='ltr'><strong>secundum</strong></span> <span class='ocrx_word' id='word_1_297' title='bbox 1744 4191 2048 4257; x_wconf 83' lang='lat' dir='ltr'><strong>Matthiam,</strong></span> 
     </span>
    </p>
   </div>
   <div class='ocr_carea' id='block_1_51' title="bbox 478 4279 2049 4352">
    <p class='ocr_par' dir='ltr' id='par_1_51' title="bbox 478 4279 2049 4352">
     <span class='ocr_line' id='line_1_51' title="bbox 478 4279 2049 4352; baseline 0.001 -17"><span class='ocrx_word' id='word_1_298' title='bbox 478 4289 534 4335; x_wconf 90' lang='lat' dir='ltr'><strong>et</strong></span> <span class='ocrx_word' id='word_1_299' title='bbox 565 4279 668 4335; x_wconf 86' lang='lat' dir='ltr'><strong>alia</strong></span> <span class='ocrx_word' id='word_1_300' title='bbox 701 4279 875 4351; x_wconf 87' lang='lat' dir='ltr'><strong>plura.</strong></span> <span class='ocrx_word' id='word_1_301' title='bbox 928 4279 1034 4337; x_wconf 89' lang='lat' dir='ltr'><strong>Sed</strong></span> <span class='ocrx_word' id='word_1_302' title='bbox 1065 4283 1211 4337; x_wconf 92' lang='lat' dir='ltr'><strong>enim</strong></span> <span class='ocrx_word' id='word_1_303' title='bbox 1238 4290 1476 4352; x_wconf 86' lang='lat' dir='ltr'><strong>quatuor</strong></span> <span class='ocrx_word' id='word_1_304' title='bbox 1510 4289 1717 4337; x_wconf 90' lang='lat' dir='ltr'><strong>tantum</strong></span> <span class='ocrx_word' id='word_1_305' title='bbox 1766 4282 1921 4352; x_wconf 79' lang='lat' dir='ltr'><strong>eligit</strong></span> <span class='ocrx_word' id='word_1_306' title='bbox 1955 4281 2049 4336; x_wconf 83' lang='lat' dir='ltr'><strong>Dei</strong></span> 
     </span>
    </p>
   </div>
   <div class='ocr_carea' id='block_1_52' title="bbox 477 4371 2049 4445">
    <p class='ocr_par' dir='ltr' id='par_1_52' title="bbox 477 4371 2049 4445">
     <span class='ocr_line' id='line_1_52' title="bbox 477 4371 2049 4445; baseline 0.003 -19"><span class='ocrx_word' id='word_1_307' title='bbox 477 4371 744 4427; x_wconf 79' lang='lat' dir='ltr'><strong>Ecclesia.</strong></span> <span class='ocrx_word' id='word_1_308' title='bbox 790 4371 906 4428; x_wconf 87' lang='lat' dir='ltr'><strong>Non</strong></span> <span class='ocrx_word' id='word_1_309' title='bbox 951 4373 1484 4445; x_wconf 75' lang='lat' dir='ltr'><strong>sitnpliciterautem</strong></span> <span class='ocrx_word' id='word_1_310' title='bbox 1536 4375 1723 4432; x_wconf 88' lang='lat' dir='ltr'><strong>dicens</strong></span> <span class='ocrx_word' id='word_1_311' title='bbox 1775 4375 1844 4430; x_wconf 86' lang='lat' dir='ltr'><strong>de</strong></span> <span class='ocrx_word' id='word_1_312' title='bbox 1888 4375 2049 4430; x_wconf 85' lang='lat' dir='ltr'><strong>rebus</strong></span> 
     </span>
    </p>
   </div>
   <div class='ocr_carea' id='block_1_53' title="bbox 475 4462 2050 4534">
    <p class='ocr_par' dir='ltr' id='par_1_53' title="bbox 475 4462 2050 4534">
     <span class='ocr_line' id='line_1_53' title="bbox 475 4462 2050 4534; baseline 0.004 -19"><span class='ocrx_word' id='word_1_313' title='bbox 475 4462 720 4524; x_wconf 79' lang='lat' dir='ltr'><strong>creditis.</strong></span> <span class='ocrx_word' id='word_1_314' title='bbox 747 4462 841 4519; x_wconf 87' lang='lat' dir='ltr'><strong>sed</strong></span> <span class='ocrx_word' id='word_1_315' title='bbox 871 4466 939 4520; x_wconf 88' lang='lat' dir='ltr'><strong>de</strong></span> <span class='ocrx_word' id='word_1_316' title='bbox 966 4464 1130 4519; x_wconf 89' lang='lat' dir='ltr'><strong>rebus</strong></span> <span class='ocrx_word' id='word_1_317' title='bbox 1154 4462 1351 4534; x_wconf 86' lang='lat' dir='ltr'><strong>quibus</strong></span> <span class='ocrx_word' id='word_1_318' title='bbox 1374 4473 1526 4520; x_wconf 90' lang='lat' dir='ltr'><strong>certa</strong></span> <span class='ocrx_word' id='word_1_319' title='bbox 1570 4475 1653 4521; x_wconf 89' lang='lat' dir='ltr'><strong>est</strong></span> <span class='ocrx_word' id='word_1_320' title='bbox 1686 4465 1842 4522; x_wconf 91' lang='lat' dir='ltr'><strong>nobis</strong></span> <span class='ocrx_word' id='word_1_321' title='bbox 1866 4465 2050 4521; x_wconf 88' lang='lat' dir='ltr'><strong>scien-</strong></span> 
     </span>
    </p>
   </div>
   <div class='ocr_carea' id='block_1_54' title="bbox 476 4557 2045 4630">
    <p class='ocr_par' dir='ltr' id='par_1_54' title="bbox 476 4557 2045 4630">
     <span class='ocr_line' id='line_1_54' title="bbox 476 4557 2045 4630; baseline 0.002 -20"><span class='ocrx_word' id='word_1_322' title='bbox 476 4557 572 4620; x_wconf 87' lang='lat' dir='ltr'><strong>tia,</strong></span> <span class='ocrx_word' id='word_1_323' title='bbox 602 4557 976 4613; x_wconf 84' lang='lat' dir='ltr'><strong>testimonimn</strong></span> <span class='ocrx_word' id='word_1_324' title='bbox 1008 4559 1259 4628; x_wconf 81' lang='lat' dir='ltr'><strong>perhibet</strong></span> <span class='ocrx_word' id='word_1_325' title='bbox 1295 4559 1534 4615; x_wconf 88' lang='lat' dir='ltr'><strong>narratis</strong></span> <span class='ocrx_word' id='word_1_326' title='bbox 1585 4561 1769 4626; x_wconf 86' lang='lat' dir='ltr'><strong>rebus,</strong></span> <span class='ocrx_word' id='word_1_327' title='bbox 1812 4574 1920 4630; x_wconf 91' lang='lat' dir='ltr'><strong>quo</strong></span> <span class='ocrx_word' id='word_1_328' title='bbox 1959 4560 2045 4614; x_wconf 91' lang='lat' dir='ltr'><strong>in-</strong></span> 
     </span>
    </p>
   </div>
   <div class='ocr_carea' id='block_1_55' title="bbox 2149 3361 3735 3441">
    <p class='ocr_par' dir='ltr' id='par_1_55' title="bbox 2149 3361 3735 3441">
     <span class='ocr_line' id='line_1_55' title="bbox 2149 3361 3735 3441; baseline -0.006 -18"><span class='ocrx_word' id='word_1_329' title='bbox 2149 3361 2329 3433; x_wconf 84' lang='grc' dir='ltr'>πετῶς</span> <span class='ocrx_word' id='word_1_330' title='bbox 2381 3370 2475 3423; x_wconf 58' lang='grc' dir='ltr'><strong>καλ⁹</strong></span> <span class='ocrx_word' id='word_1_331' title='bbox 2529 3369 2698 3441; x_wconf 73' lang='grc' dir='ltr'>χωρὶς</span> <span class='ocrx_word' id='word_1_332' title='bbox 2755 3367 3093 3440; x_wconf 77' lang='grc' dir='ltr'>χαρίσματος</span> <span class='ocrx_word' id='word_1_333' title='bbox 3147 3366 3427 3421; x_wconf 76' lang='grc' dir='ltr'><strong>ἐλθόντων</strong></span> <span class='ocrx_word' id='word_1_334' title='bbox 3494 3365 3588 3420; x_wconf 77' lang='grc' dir='ltr'><strong>ἐπὶ</strong></span> <span class='ocrx_word' id='word_1_335' title='bbox 3641 3361 3735 3434; x_wconf 78' lang='grc' dir='ltr'>τὴν</span> 
     </span>
    </p>
   </div>
   <div class='ocr_carea' id='block_1_56' title="bbox 2146 3456 3732 3535">
    <p class='ocr_par' dir='ltr' id='par_1_56' title="bbox 2146 3456 3732 3535">
     <span class='ocr_line' id='line_1_56' title="bbox 2146 3456 3732 3535; baseline -0.006 -18"><span class='ocrx_word' id='word_1_336' title='bbox 2146 3464 2469 3535; x_wconf 76' lang='grc' dir='ltr'>ἀναγραφὴν</span> <span class='ocrx_word' id='word_1_337' title='bbox 2528 3463 2636 3516; x_wconf 81' lang='grc' dir='ltr'>τῶν</span> <span class='ocrx_word' id='word_1_338' title='bbox 2680 3460 3048 3530; x_wconf 84' lang='grc' dir='ltr'>Εὐαγγελίων.</span> <span class='ocrx_word' id='word_1_339' title='bbox 3112 3460 3405 3524; x_wconf 82' lang='grc' dir='ltr'>Ματθαῖος</span> <span class='ocrx_word' id='word_1_340' title='bbox 3465 3457 3575 3530; x_wconf 82' lang='grc' dir='ltr'><strong>γάρ</strong></span> <span class='ocrx_word' id='word_1_341' title='bbox 3636 3456 3732 3509; x_wconf 77' lang='grc' dir='ltr'>οὐκ</span> 
     </span>
    </p>
   </div>
   <div class='ocr_carea' id='block_1_57' title="bbox 2147 3545 3732 3627">
    <p class='ocr_par' dir='ltr' id='par_1_57' title="bbox 2147 3545 3732 3627">
     <span class='ocr_line' id='line_1_57' title="bbox 2147 3545 3732 3627; baseline -0.005 -20"><span class='ocrx_word' id='word_1_342' title='bbox 2147 3554 2523 3627; x_wconf 80' lang='grc' dir='ltr'>ἐπεχείρησεν,</span> <span class='ocrx_word' id='word_1_343' title='bbox 2553 3554 2666 3608; x_wconf 83' lang='grc' dir='ltr'>ἀλλ’</span> <span class='ocrx_word' id='word_1_344' title='bbox 2691 3552 2927 3625; x_wconf 72' lang='grc' dir='ltr'>ἔγραψεν</span> <span class='ocrx_word' id='word_1_345' title='bbox 2949 3549 3009 3617; x_wconf 76' lang='grc' dir='ltr'><strong>ἐξ</strong></span> <span class='ocrx_word' id='word_1_346' title='bbox 3034 3552 3188 3621; x_wconf 80' lang='grc' dir='ltr'>ἁγίου</span> <span class='ocrx_word' id='word_1_347' title='bbox 3213 3552 3546 3623; x_wconf 83' lang='grc' dir='ltr'>κινούμενος</span> <span class='ocrx_word' id='word_1_348' title='bbox 3565 3545 3732 3601; x_wconf 85' lang='grc' dir='ltr'>Πνεύ-</span> 
     </span>
    </p>
   </div>
   <div class='ocr_carea' id='block_1_58' title="bbox 2150 3640 3730 3720">
    <p class='ocr_par' dir='ltr' id='par_1_58' title="bbox 2150 3640 3730 3720">
     <span class='ocr_line' id='line_1_58' title="bbox 2150 3640 3730 3720; baseline -0.006 -18"><span class='ocrx_word' id='word_1_349' title='bbox 2150 3666 2344 3720; x_wconf 75' lang='grc' dir='ltr'>ματος’</span> <span class='ocrx_word' id='word_1_350' title='bbox 2377 3649 2577 3720; x_wconf 82' lang='grc' dir='ltr'>ὁμοίως</span> <span class='ocrx_word' id='word_1_351' title='bbox 2600 3648 2694 3702; x_wconf 77' lang='grc' dir='ltr'>καὶ</span> <span class='ocrx_word' id='word_1_352' title='bbox 2719 3648 2944 3719; x_wconf 85' lang='grc' dir='ltr'>Μάρκος</span> <span class='ocrx_word' id='word_1_353' title='bbox 2963 3690 2976 3716; x_wconf 88' lang='grc'><strong>,</strong></span> <span class='ocrx_word' id='word_1_354' title='bbox 3016 3646 3110 3700; x_wconf 78' lang='grc' dir='ltr'>καὶ</span> <span class='ocrx_word' id='word_1_355' title='bbox 3150 3645 3416 3715; x_wconf 83' lang='grc' dir='ltr'>Ἰωάννης</span> <span class='ocrx_word' id='word_1_356' title='bbox 3449 3640 3730 3714; x_wconf 85' lang='grc' dir='ltr'>παραπλη-</span> 
     </span>
    </p>
   </div>
   <div class='ocr_carea' id='block_1_59' title="bbox 2149 3726 3729 3808">
    <p class='ocr_par' dir='ltr' id='par_1_59' title="bbox 2149 3726 3729 3808">
     <span class='ocr_line' id='line_1_59' title="bbox 2149 3726 3729 3808; baseline -0.006 -17"><span class='ocrx_word' id='word_1_357' title='bbox 2149 3739 2300 3805; x_wconf 82' lang='grc' dir='ltr'>σίως,</span> <span class='ocrx_word' id='word_1_358' title='bbox 2330 3741 2425 3794; x_wconf 75' lang='grc' dir='ltr'>καὶ</span> <span class='ocrx_word' id='word_1_359' title='bbox 2469 3739 2702 3802; x_wconf 81' lang='grc' dir='ltr'>Λουκᾶς.</span> <span class='ocrx_word' id='word_1_360' title='bbox 2730 3738 2804 3791; x_wconf 81' lang='grc' dir='ltr'>Τὸ</span> <span class='ocrx_word' id='word_1_361' title='bbox 2851 3737 3031 3808; x_wconf 92' lang='grc' dir='ltr'>μέντοι</span> <span class='ocrx_word' id='word_1_362' title='bbox 3070 3734 3558 3807; x_wconf 75' lang='grc' dir='ltr'>ἐπιγεγραμμένον</span> <span class='ocrx_word' id='word_1_363' title='bbox 3594 3726 3729 3784; x_wconf 80' lang='grc' dir='ltr'>κατὰ</span> 
     </span>
    </p>
   </div>
   <div class='ocr_carea' id='block_1_60' title="bbox 2146 3815 3725 3900">
    <p class='ocr_par' dir='ltr' id='par_1_60' title="bbox 2146 3815 3725 3900">
     <span class='ocr_line' id='line_1_60' title="bbox 2146 3815 3725 3900; baseline -0.011 -14"><span class='ocrx_word' id='word_1_364' title='bbox 2146 3830 2475 3900; x_wconf 71' lang='grc' dir='ltr'>Αἰγυπτίους</span> <span class='ocrx_word' id='word_1_365' title='bbox 2504 3828 2858 3898; x_wconf 85' lang='grc' dir='ltr'>Εὐαγγέλιον,</span> <span class='ocrx_word' id='word_1_366' title='bbox 2897 3827 2993 3881; x_wconf 71' lang='grc' dir='ltr'>καὶ</span> <span class='ocrx_word' id='word_1_367' title='bbox 3022 3826 3084 3881; x_wconf 84' lang='grc' dir='ltr'>τὸ</span> <span class='ocrx_word' id='word_1_368' title='bbox 3111 3822 3601 3897; x_wconf 77' lang='grc' dir='ltr'>ἐπιγεγραμμένον</span> <span class='ocrx_word' id='word_1_369' title='bbox 3623 3815 3725 3871; x_wconf 83' lang='grc' dir='ltr'>τῶν</span> 
     </span>
    </p>
   </div>
   <div class='ocr_carea' id='block_1_61' title="bbox 2146 3914 3720 3992">
    <p class='ocr_par' dir='ltr' id='par_1_61' title="bbox 2146 3914 3720 3992">
     <span class='ocr_line' id='line_1_61' title="bbox 2146 3914 3720 3992; baseline -0.01 -14"><span class='ocrx_word' id='word_1_370' title='bbox 2146 3923 2353 3978; x_wconf 84' lang='grc' dir='ltr'>δώδεκα</span> <span class='ocrx_word' id='word_1_371' title='bbox 2394 3921 2757 3991; x_wconf 83' lang='grc' dir='ltr'>Εὐαγγέλιον,</span> <span class='ocrx_word' id='word_1_372' title='bbox 2798 3921 2848 3974; x_wconf 80' lang='grc' dir='ltr'>οἱ</span> <span class='ocrx_word' id='word_1_373' title='bbox 2883 3916 3301 3992; x_wconf 82' lang='grc' dir='ltr'>συγγράψαντες</span> <span class='ocrx_word' id='word_1_374' title='bbox 3344 3914 3720 3986; x_wconf 71' lang='grc' dir='ltr'>ἐπεχείρησαν.</span> 
     </span>
    </p>
   </div>
   <div class='ocr_carea' id='block_1_62' title="bbox 2146 4000 3721 4086">
    <p class='ocr_par' dir='ltr' id='par_1_62' title="bbox 2146 4000 3721 4086">
     <span class='ocr_line' id='line_1_62' title="bbox 2146 4000 3721 4086; baseline -0.009 -19"><span class='ocrx_word' id='word_1_375' title='bbox 2146 4014 2374 4086; x_wconf 79' lang='grc' dir='ltr'>Φέρεται</span> <span class='ocrx_word' id='word_1_376' title='bbox 2402 4012 2458 4065; x_wconf 82' lang='grc' dir='ltr'>δὲ</span> <span class='ocrx_word' id='word_1_377' title='bbox 2488 4012 2582 4065; x_wconf 74' lang='grc' dir='ltr'>καὶ</span> <span class='ocrx_word' id='word_1_378' title='bbox 2614 4012 2674 4065; x_wconf 87' lang='grc' dir='ltr'>τὸ</span> <span class='ocrx_word' id='word_1_379' title='bbox 2702 4011 2845 4066; x_wconf 84' lang='grc' dir='ltr'>κατὰ</span> <span class='ocrx_word' id='word_1_380' title='bbox 2877 4010 3079 4080; x_wconf 81' lang='grc' dir='ltr'>Θωμᾶν</span> <span class='ocrx_word' id='word_1_381' title='bbox 3110 4008 3464 4080; x_wconf 84' lang='grc' dir='ltr'>Εὐαγγὲλιον.</span> <span class='ocrx_word' id='word_1_382' title='bbox 3508 4004 3639 4073; x_wconf 85' lang='grc' dir='ltr'><strong>Ἤδη</strong></span> <span class='ocrx_word' id='word_1_383' title='bbox 3669 4000 3721 4053; x_wconf 88' lang='grc' dir='ltr'>δὲ</span> 
     </span>
    </p>
   </div>
   <div class='ocr_carea' id='block_1_63' title="bbox 2147 4094 3721 4178">
    <p class='ocr_par' dir='ltr' id='par_1_63' title="bbox 2147 4094 3721 4178">
     <span class='ocr_line' id='line_1_63' title="bbox 2147 4094 3721 4178; baseline -0.007 -20"><span class='ocrx_word' id='word_1_384' title='bbox 2147 4106 2413 4178; x_wconf 75' lang='grc' dir='ltr'>ἐτόλμησε</span> <span class='ocrx_word' id='word_1_385' title='bbox 2458 4107 2551 4159; x_wconf 76' lang='grc' dir='ltr'><strong>καὶ</strong></span> <span class='ocrx_word' id='word_1_386' title='bbox 2593 4103 2906 4175; x_wconf 82' lang='grc' dir='ltr'>Βασιλείδης</span> <span class='ocrx_word' id='word_1_387' title='bbox 2940 4103 3249 4175; x_wconf 77' lang='grc' dir='ltr'>συγγράψαι</span> <span class='ocrx_word' id='word_1_388' title='bbox 3299 4101 3447 4157; x_wconf 84' lang='grc' dir='ltr'>κατὰ</span> <span class='ocrx_word' id='word_1_389' title='bbox 3482 4094 3721 4152; x_wconf 83' lang='grc' dir='ltr'>Βασιλεί-</span> 
     </span>
    </p>
   </div>
   <div class='ocr_carea' id='block_1_64' title="bbox 2147 4184 3720 4269">
    <p class='ocr_par' dir='ltr' id='par_1_64' title="bbox 2147 4184 3720 4269">
     <span class='ocr_line' id='line_1_64' title="bbox 2147 4184 3720 4269; baseline -0.009 -17"><span class='ocrx_word' id='word_1_390' title='bbox 2147 4198 2243 4269; x_wconf 88' lang='grc' dir='ltr'><strong>δην</strong></span> <span class='ocrx_word' id='word_1_391' title='bbox 2267 4196 2618 4266; x_wconf 78' lang='grc' dir='ltr'>Εὑαγγέλιον.</span> <span class='ocrx_word' id='word_1_392' title='bbox 2652 4195 2842 4249; x_wconf 76' lang='grc' dir='ltr'>Πολλοὶ</span> <span class='ocrx_word' id='word_1_393' title='bbox 2869 4196 2967 4267; x_wconf 83' lang='grc' dir='ltr'>μὲν</span> <span class='ocrx_word' id='word_1_394' title='bbox 2992 4192 3083 4248; x_wconf 77' lang='grc' dir='ltr'><strong>οὖν</strong></span> <span class='ocrx_word' id='word_1_395' title='bbox 3116 4195 3484 4266; x_wconf 70' lang='grc' dir='ltr'>ἐπεχείρησαν</span> <span class='ocrx_word' id='word_1_396' title='bbox 3532 4189 3621 4244; x_wconf 81' lang='grc' dir='ltr'>καὶ</span> <span class='ocrx_word' id='word_1_397' title='bbox 3664 4184 3720 4237; x_wconf 84' lang='grc' dir='ltr'>τὸ</span> 
     </span>
    </p>
   </div>
   <div class='ocr_carea' id='block_1_65' title="bbox 2148 4280 3718 4352">
    <p class='ocr_par' dir='ltr' id='par_1_65' title="bbox 2148 4280 3718 4352">
     <span class='ocr_line' id='line_1_65' title="bbox 2148 4280 3718 4352; baseline -0.009 -11"><span class='ocrx_word' id='word_1_398' title='bbox 2148 4286 2288 4341; x_wconf 82' lang='grc' dir='ltr'>κατὰ</span> <span class='ocrx_word' id='word_1_399' title='bbox 2312 4286 2581 4352; x_wconf 85' lang='grc' dir='ltr'>Ματθίαν,</span> <span class='ocrx_word' id='word_1_400' title='bbox 2617 4286 2709 4340; x_wconf 80' lang='grc' dir='ltr'>καὶ</span> <span class='ocrx_word' id='word_1_401' title='bbox 2748 4285 2884 4341; x_wconf 77' lang='grc' dir='ltr'>ἄλλα</span> <span class='ocrx_word' id='word_1_402' title='bbox 2913 4284 3151 4339; x_wconf 85' lang='grc' dir='ltr'>πλείονα.</span> <span class='ocrx_word' id='word_1_403' title='bbox 3200 4283 3363 4337; x_wconf 76' lang='grc' dir='ltr'>Ἀλλά</span> <span class='ocrx_word' id='word_1_404' title='bbox 3401 4281 3471 4336; x_wconf 77' lang='grc' dir='ltr'><strong>τὰ</strong></span> <span class='ocrx_word' id='word_1_405' title='bbox 3491 4280 3718 4347; x_wconf 87' lang='grc' dir='ltr'>τέσσαρα</span> 
     </span>
    </p>
   </div>
   <div class='ocr_carea' id='block_1_66' title="bbox 2151 4367 3715 4451">
    <p class='ocr_par' dir='ltr' id='par_1_66' title="bbox 2151 4367 3715 4451">
     <span class='ocr_line' id='line_1_66' title="bbox 2151 4367 3715 4451; baseline -0.008 -18"><span class='ocrx_word' id='word_1_406' title='bbox 2151 4381 2289 4451; x_wconf 89' lang='grc' dir='ltr'>μόνα</span> <span class='ocrx_word' id='word_1_407' title='bbox 2321 4380 2602 4451; x_wconf 84' lang='grc' dir='ltr'>προκρίνει</span> <span class='ocrx_word' id='word_1_408' title='bbox 2626 4377 2770 4450; x_wconf 60' lang='grc' dir='ltr'><strong>⁴ἢτοῦ</strong></span> <span class='ocrx_word' id='word_1_409' title='bbox 2800 4375 2934 4431; x_wconf 78' lang='grc' dir='ltr'>Θεοῦ</span> <span class='ocrx_word' id='word_1_410' title='bbox 2974 4375 3286 4448; x_wconf 84' lang='grc' dir='ltr'>Ἐκκλησία.</span> <span class='ocrx_word' id='word_1_411' title='bbox 3310 4377 3424 4447; x_wconf 76' lang='grc' dir='ltr'><strong>Οὐχ</strong></span> <span class='ocrx_word' id='word_1_412' title='bbox 3458 4371 3637 4433; x_wconf 79' lang='grc' dir='ltr'>ἁπλῶς</span> <span class='ocrx_word' id='word_1_413' title='bbox 3664 4367 3715 4420; x_wconf 81' lang='grc' dir='ltr'>δὲ</span> 
     </span>
    </p>
   </div>
   <div class='ocr_carea' id='block_1_67' title="bbox 2149 4458 3717 4543">
    <p class='ocr_par' dir='ltr' id='par_1_67' title="bbox 2149 4458 3717 4543">
     <span class='ocr_line' id='line_1_67' title="bbox 2149 4458 3717 4543; baseline -0.006 -17"><span class='ocrx_word' id='word_1_414' title='bbox 2149 4462 2272 4527; x_wconf 75' lang='grc' dir='ltr'>εἷπε</span> <span class='ocrx_word' id='word_1_415' title='bbox 2328 4471 2775 4543; x_wconf 80' lang='grc' dir='ltr'>πεπιστευμένων</span> <span class='ocrx_word' id='word_1_416' title='bbox 2794 4512 2809 4537; x_wconf 90' lang='grc'><strong>,</strong></span> <span class='ocrx_word' id='word_1_417' title='bbox 2840 4469 2997 4527; x_wconf 82' lang='grc' dir='ltr'>,ἀλλὰ</span> <span class='ocrx_word' id='word_1_418' title='bbox 3029 4466 3629 4540; x_wconf 83' lang='grc' dir='ltr'>πεπληροφορημένων,</span> <span class='ocrx_word' id='word_1_419' title='bbox 3660 4458 3717 4511; x_wconf 78' lang='grc' dir='ltr'>τὸ</span> 
     </span>
    </p>
   </div>
   <div class='ocr_carea' id='block_1_68' title="bbox 2149 4553 3716 4637">
    <p class='ocr_par' dir='ltr' id='par_1_68' title="bbox 2149 4553 3716 4637">
     <span class='ocr_line' id='line_1_68' title="bbox 2149 4553 3716 4637; baseline -0.009 -17"><span class='ocrx_word' id='word_1_420' title='bbox 2149 4563 2499 4637; x_wconf 75' lang='grc' dir='ltr'>ἀπαράϐατον</span> <span class='ocrx_word' id='word_1_421' title='bbox 2524 4568 2636 4629; x_wconf 78' lang='grc' dir='ltr'>τοῖς</span> <span class='ocrx_word' id='word_1_422' title='bbox 2666 4563 2977 4635; x_wconf 86' lang='grc' dir='ltr'>λεγομένοις</span> <span class='ocrx_word' id='word_1_423' title='bbox 3013 4560 3327 4633; x_wconf 74' lang='grc' dir='ltr'>μαρτυρῶν.</span> <span class='ocrx_word' id='word_1_424' title='bbox 3363 4553 3716 4628; x_wconf 67' lang='grc' dir='ltr'>Πραπιιάτων</span> 
     </span>
    </p>
   </div>
   <div class='ocr_carea' id='block_1_69' title="bbox 474 4643 2064 4730">
    <p class='ocr_par' dir='ltr' id='par_1_69' title="bbox 474 4654 2045 4724">
     <span class='ocr_line' id='line_1_69' title="bbox 474 4654 2045 4724; baseline 0.003 -18"><span class='ocrx_word' id='word_1_425' title='bbox 474 4666 757 4707; x_wconf 77' lang='lat' dir='ltr'><strong>concussa:</strong></span> <span class='ocrx_word' id='word_1_426' title='bbox 779 4663 928 4708; x_wconf 90' lang='lat' dir='ltr'><strong>stent</strong></span> <span class='ocrx_word' id='word_1_427' title='bbox 957 4655 1263 4710; x_wconf 89' lang='lat' dir='ltr'><strong>certissima</strong></span> <span class='ocrx_word' id='word_1_428' title='bbox 1290 4657 1547 4712; x_wconf 84' lang='lat' dir='ltr'><strong>veritate.</strong></span> <span class='ocrx_word' id='word_1_429' title='bbox 1585 4655 1664 4711; x_wconf 86' lang='lat' dir='ltr'><strong>De</strong></span> <span class='ocrx_word' id='word_1_430' title='bbox 1700 4654 1853 4709; x_wconf 85' lang='lat' dir='ltr'><strong>rebus</strong></span> <span class='ocrx_word' id='word_1_431' title='bbox 1880 4669 2045 4724; x_wconf 91' lang='lat' dir='ltr'><strong>porro</strong></span> 
     </span>
    </p>
   </div>
   <div class='ocr_carea' id='block_1_70' title="bbox 2150 4643 3712 4730">
    <p class='ocr_par' dir='ltr' id='par_1_70' title="bbox 2150 4643 3712 4730">
     <span class='ocr_line' id='line_1_70' title="bbox 2150 4643 3712 4730; baseline -0.008 -17"><span class='ocrx_word' id='word_1_432' title='bbox 2150 4658 2202 4713; x_wconf 84' lang='grc' dir='ltr'>δὲ</span> <span class='ocrx_word' id='word_1_433' title='bbox 2226 4654 2397 4723; x_wconf 80' lang='grc' dir='ltr'>εἶπεν,</span> <span class='ocrx_word' id='word_1_434' title='bbox 2441 4655 2676 4730; x_wconf 84' lang='grc' dir='ltr'>ἀναιρῶν</span> <span class='ocrx_word' id='word_1_435' title='bbox 2720 4658 2817 4727; x_wconf 79' lang='grc' dir='ltr'>τὴν</span> <span class='ocrx_word' id='word_1_436' title='bbox 2851 4657 3057 4727; x_wconf 79' lang='grc' dir='ltr'>αἰρεσιν</span> <span class='ocrx_word' id='word_1_437' title='bbox 3088 4654 3197 4708; x_wconf 85' lang='grc' dir='ltr'><strong>τῶν</strong></span> <span class='ocrx_word' id='word_1_438' title='bbox 3237 4654 3381 4709; x_wconf 70' lang='grc' dir='ltr'>κατὰ</span> <span class='ocrx_word' id='word_1_439' title='bbox 3426 4643 3712 4722; x_wconf 79' lang='grc' dir='ltr'>φαντασίαν</span> 
     </span>
    </p>
   </div>
   <div class='ocr_carea' id='block_1_71' title="bbox 477 4744 2044 4816">
    <p class='ocr_par' dir='ltr' id='par_1_71' title="bbox 477 4744 2044 4816">
     <span class='ocr_line' id='line_1_71' title="bbox 477 4744 2044 4816; baseline 0.001 -18"><span class='ocrx_word' id='word_1_440' title='bbox 477 4744 632 4808; x_wconf 81' lang='lat' dir='ltr'><strong>dixit,</strong></span> <span class='ocrx_word' id='word_1_441' title='bbox 684 4760 796 4816; x_wconf 92' lang='lat' dir='ltr'><strong>quo</strong></span> <span class='ocrx_word' id='word_1_442' title='bbox 845 4744 1060 4816; x_wconf 81' lang='lat' dir='ltr'><strong>jugulat</strong></span> <span class='ocrx_word' id='word_1_443' title='bbox 1113 4745 1366 4802; x_wconf 59' lang='lat' dir='ltr'><strong>haeresim</strong></span> <span class='ocrx_word' id='word_1_444' title='bbox 1434 4746 1672 4813; x_wconf 88' lang='lat' dir='ltr'><strong>illorum,</strong></span> <span class='ocrx_word' id='word_1_445' title='bbox 1706 4747 1799 4816; x_wconf 86' lang='lat' dir='ltr'><strong>qui</strong></span> <span class='ocrx_word' id='word_1_446' title='bbox 1859 4748 2044 4802; x_wconf 79' lang='lat' dir='ltr'><strong>dicunt</strong></span> 
     </span>
    </p>
   </div>
   <div class='ocr_carea' id='block_1_72' title="bbox 472 4838 2048 4910">
    <p class='ocr_par' dir='ltr' id='par_1_72' title="bbox 472 4838 2048 4910">
     <span class='ocr_line' id='line_1_72' title="bbox 472 4838 2048 4910; baseline 0.001 -18"><span class='ocrx_word' id='word_1_447' title='bbox 472 4838 815 4907; x_wconf 83' lang='lat' dir='ltr'><strong>phantastice</strong></span> <span class='ocrx_word' id='word_1_448' title='bbox 844 4848 996 4909; x_wconf 86' lang='lat' dir='ltr'><strong>gesta</strong></span> <span class='ocrx_word' id='word_1_449' title='bbox 1021 4838 1223 4895; x_wconf 82' lang='lat' dir='ltr'><strong>Christi</strong></span> <span class='ocrx_word' id='word_1_450' title='bbox 1254 4839 1568 4910; x_wconf 82' lang='lat' dir='ltr'><strong>contigisse,</strong></span> <span class='ocrx_word' id='word_1_451' title='bbox 1599 4841 1707 4895; x_wconf 85' lang='lat' dir='ltr'><strong>imo</strong></span> <span class='ocrx_word' id='word_1_452' title='bbox 1762 4850 1816 4895; x_wconf 90' lang='lat' dir='ltr'><strong>et</strong></span> <span class='ocrx_word' id='word_1_453' title='bbox 1868 4840 2048 4894; x_wconf 83' lang='lat' dir='ltr'><strong>incar—</strong></span> 
     </span>
    </p>
   </div>
   <div class='ocr_carea' id='block_1_73' title="bbox 478 4916 2044 5002">
    <p class='ocr_par' dir='ltr' id='par_1_73' title="bbox 478 4916 2044 5002">
     <span class='ocr_line' id='line_1_73' title="bbox 478 4916 2044 5002; baseline 0.003 -23"><span class='ocrx_word' id='word_1_454' title='bbox 478 4928 753 4985; x_wconf 87' lang='lat' dir='ltr'><strong>nationem</strong></span> <span class='ocrx_word' id='word_1_455' title='bbox 801 4928 941 4997; x_wconf 84' lang='lat' dir='ltr'><strong>ejus.</strong></span> <span class='ocrx_word' id='word_1_456' title='bbox 1000 4929 1195 4985; x_wconf 88' lang='lat' dir='ltr'><strong>Dicens</strong></span> <span class='ocrx_word' id='word_1_457' title='bbox 1248 4946 1399 4997; x_wconf 82' lang='lat' dir='ltr'><strong>vero,</strong></span> <span class='ocrx_word' id='word_1_458' title='bbox 1444 4930 1509 4984; x_wconf 82' lang='lat' dir='ltr'><strong>de</strong></span> <span class='ocrx_word' id='word_1_459' title='bbox 1553 4916 1740 5002; x_wconf 70' lang='lat' dir='ltr'><strong>quibus</strong></span> <span class='ocrx_word' id='word_1_460' title='bbox 1779 4942 1922 4986; x_wconf 88' lang='lat' dir='ltr'><strong>certa</strong></span> <span class='ocrx_word' id='word_1_461' title='bbox 1969 4943 2044 4986; x_wconf 78' lang='lat' dir='ltr'><strong>est</strong></span> 
     </span>
    </p>
   </div>
   <div class='ocr_carea' id='block_1_74' title="bbox 478 5020 2047 5094">
    <p class='ocr_par' dir='ltr' id='par_1_74' title="bbox 478 5020 2047 5094">
     <span class='ocr_line' id='line_1_74' title="bbox 478 5020 2047 5094; baseline 0.006 -24"><span class='ocrx_word' id='word_1_462' title='bbox 478 5020 624 5075; x_wconf 79' lang='lat' dir='ltr'><strong>nobis</strong></span> <span class='ocrx_word' id='word_1_463' title='bbox 668 5022 911 5089; x_wconf 77' lang='lat' dir='ltr'><strong>scientia,</strong></span> <span class='ocrx_word' id='word_1_464' title='bbox 951 5037 1058 5092; x_wconf 89' lang='lat' dir='ltr'><strong>quo</strong></span> <span class='ocrx_word' id='word_1_465' title='bbox 1089 5023 1248 5078; x_wconf 89' lang='lat' dir='ltr'><strong>modo</strong></span> <span class='ocrx_word' id='word_1_466' title='bbox 1279 5023 1490 5078; x_wconf 88' lang='lat' dir='ltr'><strong>animus</strong></span> <span class='ocrx_word' id='word_1_467' title='bbox 1535 5023 1649 5091; x_wconf 84' lang='lat' dir='ltr'><strong>ejus</strong></span> <span class='ocrx_word' id='word_1_468' title='bbox 1696 5034 2047 5094; x_wconf 83' lang='lat' dir='ltr'><strong>comparatus</strong></span> 
     </span>
    </p>
   </div>
   <div class='ocr_carea' id='block_1_75' title="bbox 478 5117 2044 5187">
    <p class='ocr_par' dir='ltr' id='par_1_75' title="bbox 478 5117 2044 5187">
     <span class='ocr_line' id='line_1_75' title="bbox 478 5117 2044 5187; baseline 0.005 -19"><span class='ocrx_word' id='word_1_469' title='bbox 478 5123 643 5177; x_wconf 85' lang='lat' dir='ltr'><strong>esset,</strong></span> <span class='ocrx_word' id='word_1_470' title='bbox 667 5117 925 5177; x_wconf 74' lang='lat' dir='ltr'><strong>ostendit.</strong></span> <span class='ocrx_word' id='word_1_471' title='bbox 955 5117 1271 5173; x_wconf 85' lang='lat' dir='ltr'><strong>Certissitne</strong></span> <span class='ocrx_word' id='word_1_472' title='bbox 1317 5117 1461 5171; x_wconf 81' lang='lat' dir='ltr'><strong>enim</strong></span> <span class='ocrx_word' id='word_1_473' title='bbox 1510 5133 1828 5187; x_wconf 82' lang='lat' dir='ltr'><strong>persuasum</strong></span> <span class='ocrx_word' id='word_1_474' title='bbox 1879 5120 2044 5176; x_wconf 85' lang='lat' dir='ltr'><strong>habe-</strong></span> 
     </span>
    </p>
   </div>
   <div class='ocr_carea' id='block_1_76' title="bbox 477 5208 2043 5281">
    <p class='ocr_par' dir='ltr' id='par_1_76' title="bbox 477 5208 2043 5281">
     <span class='ocr_line' id='line_1_76' title="bbox 477 5208 2043 5281; baseline 0.002 -19"><span class='ocrx_word' id='word_1_475' title='bbox 477 5208 591 5273; x_wconf 89' lang='lat' dir='ltr'><strong>bat,</strong></span> <span class='ocrx_word' id='word_1_476' title='bbox 620 5208 860 5279; x_wconf 85' lang='lat' dir='ltr'><strong>nihilque</strong></span> <span class='ocrx_word' id='word_1_477' title='bbox 887 5209 1193 5273; x_wconf 85' lang='lat' dir='ltr'><strong>dubitabat,</strong></span> <span class='ocrx_word' id='word_1_478' title='bbox 1226 5216 1408 5262; x_wconf 89' lang='lat' dir='ltr'><strong>utrum</strong></span> <span class='ocrx_word' id='word_1_479' title='bbox 1441 5211 1513 5263; x_wconf 91' lang='lat' dir='ltr'><strong>ita</strong></span> <span class='ocrx_word' id='word_1_480' title='bbox 1545 5225 1605 5266; x_wconf 86' lang='lat' dir='ltr'><strong>se</strong></span> <span class='ocrx_word' id='word_1_481' title='bbox 1637 5227 1723 5266; x_wconf 92' lang='lat' dir='ltr'><strong>res</strong></span> <span class='ocrx_word' id='word_1_482' title='bbox 1754 5211 2043 5281; x_wconf 87' lang='lat' dir='ltr'><strong>haberent,</strong></span> 
     </span>
    </p>
   </div>
   <div class='ocr_carea' id='block_1_77' title="bbox 481 5300 2040 5371">
    <p class='ocr_par' dir='ltr' id='par_1_77' title="bbox 481 5300 2040 5371">
     <span class='ocr_line' id='line_1_77' title="bbox 481 5300 2040 5371; baseline 0.001 -16"><span class='ocrx_word' id='word_1_483' title='bbox 481 5316 673 5355; x_wconf 88' lang='lat' dir='ltr'><strong>necne.</strong></span> <span class='ocrx_word' id='word_1_484' title='bbox 707 5300 859 5367; x_wconf 85' lang='lat' dir='ltr'><strong>Quod</strong></span> <span class='ocrx_word' id='word_1_485' title='bbox 894 5311 1077 5357; x_wconf 91' lang='lat' dir='ltr'><strong>autem</strong></span> <span class='ocrx_word' id='word_1_486' title='bbox 1129 5302 1198 5356; x_wconf 88' lang='lat' dir='ltr'><strong>ab</strong></span> <span class='ocrx_word' id='word_1_487' title='bbox 1231 5301 1462 5357; x_wconf 85' lang='lat' dir='ltr'><strong>oculatis</strong></span> <span class='ocrx_word' id='word_1_488' title='bbox 1507 5302 1736 5358; x_wconf 86' lang='lat' dir='ltr'><strong>testibus</strong></span> <span class='ocrx_word' id='word_1_489' title='bbox 1764 5304 2040 5371; x_wconf 85' lang='lat' dir='ltr'><strong>didicerit,</strong></span> 
     </span>
    </p>
   </div>
   <div class='ocr_carea' id='block_1_78' title="bbox 482 5392 2047 5463">
    <p class='ocr_par' dir='ltr' id='par_1_78' title="bbox 482 5392 2047 5463">
     <span class='ocr_line' id='line_1_78' title="bbox 482 5392 2047 5463; baseline 0.003 -17"><span class='ocrx_word' id='word_1_490' title='bbox 482 5393 771 5448; x_wconf 74' lang='lat' dir='ltr'><strong>manifeste</strong></span> <span class='ocrx_word' id='word_1_491' title='bbox 799 5395 1087 5450; x_wconf 85' lang='lat' dir='ltr'><strong>conlitctur</strong></span> <span class='ocrx_word' id='word_1_492' title='bbox 1115 5392 1367 5463; x_wconf 80' lang='lat' dir='ltr'><strong>inquiens</strong></span> <span class='ocrx_word' id='word_1_493' title='bbox 1392 5408 1407 5447; x_wconf 92' lang='lat'><strong>:</strong></span> <span class='ocrx_word' id='word_1_494' title='bbox 1435 5392 1889 5458; x_wconf 84' lang='lat' dir='ltr'><strong>Quemadmodum</strong></span> <span class='ocrx_word' id='word_1_495' title='bbox 1936 5410 2047 5450; x_wconf 85' lang='lat' dir='ltr'><strong>tra-</strong></span> 
     </span>
    </p>
   </div>
   <div class='ocr_carea' id='block_1_79' title="bbox 476 5485 2046 5556">
    <p class='ocr_par' dir='ltr' id='par_1_79' title="bbox 476 5485 2046 5556">
     <span class='ocr_line' id='line_1_79' title="bbox 476 5485 2046 5556; baseline 0.002 -18"><span class='ocrx_word' id='word_1_496' title='bbox 476 5486 724 5540; x_wconf 79' lang='lat' dir='ltr'><strong>diderunt</strong></span> <span class='ocrx_word' id='word_1_497' title='bbox 759 5487 909 5540; x_wconf 76' lang='lat' dir='ltr'><strong>nobis</strong></span> <span class='ocrx_word' id='word_1_498' title='bbox 942 5488 1032 5556; x_wconf 82' lang='lat' dir='ltr'><strong>qui</strong></span> <span class='ocrx_word' id='word_1_499' title='bbox 1072 5487 1136 5541; x_wconf 83' lang='lat' dir='ltr'><strong>ab</strong></span> <span class='ocrx_word' id='word_1_500' title='bbox 1171 5488 1323 5541; x_wconf 81' lang='lat' dir='ltr'><strong>initio</strong></span> <span class='ocrx_word' id='word_1_501' title='bbox 1375 5485 1573 5541; x_wconf 80' lang='lat' dir='ltr'><strong>oculati</strong></span> <span class='ocrx_word' id='word_1_502' title='bbox 1602 5495 1777 5553; x_wconf 80' lang='lat' dir='ltr'><strong>testes,</strong></span> <span class='ocrx_word' id='word_1_503' title='bbox 1802 5497 1851 5541; x_wconf 85' lang='lat' dir='ltr'><strong>et</strong></span> <span class='ocrx_word' id='word_1_504' title='bbox 1886 5490 2046 5542; x_wconf 81' lang='lat' dir='ltr'><strong>mini-</strong></span> 
     </span>
    </p>
   </div>
   <div class='ocr_carea' id='block_1_80' title="bbox 476 5574 2052 5651">
    <p class='ocr_par' dir='ltr' id='par_1_80' title="bbox 476 5574 2052 5651">
     <span class='ocr_line' id='line_1_80' title="bbox 476 5574 2052 5651; baseline 0.008 -24"><span class='ocrx_word' id='word_1_505' title='bbox 476 5577 571 5629; x_wconf 79' lang='lat' dir='ltr'><strong>uri</strong></span> <span class='ocrx_word' id='word_1_506' title='bbox 598 5576 812 5642; x_wconf 77' lang='lat' dir='ltr'><strong>[uerunt</strong></span> <span class='ocrx_word' id='word_1_507' title='bbox 861 5574 1098 5631; x_wconf 79' lang='lat' dir='ltr'><strong>Verbi”.</strong></span> <span class='ocrx_word' id='word_1_508' title='bbox 1128 5577 1499 5635; x_wconf 77' lang='lat' dir='ltr'><strong>Conﬁrmatur</strong></span> <span class='ocrx_word' id='word_1_509' title='bbox 1552 5587 1756 5647; x_wconf 88' lang='lat' dir='ltr'><strong>autem,</strong></span> <span class='ocrx_word' id='word_1_510' title='bbox 1788 5578 1918 5651; x_wconf 85' lang='lat' dir='ltr'><strong>quia</strong></span> <span class='ocrx_word' id='word_1_511' title='bbox 1962 5595 2052 5640; x_wconf 90' lang='lat' dir='ltr'><strong>res</strong></span> 
     </span>
    </p>
   </div>
   <div class='ocr_carea' id='block_1_81' title="bbox 549 5689 915 5755">
    <p class='ocr_par' dir='ltr' id='par_1_81' title="bbox 549 5689 915 5755">
     <span class='ocr_line' id='line_1_81' title="bbox 549 5689 915 5755; baseline 0.008 -11"><span class='ocrx_word' id='word_1_512' title='bbox 549 5689 595 5721; x_wconf 79' lang='lat'>“</span> <span class='ocrx_word' id='word_1_513' title='bbox 621 5691 750 5744; x_wconf 86' lang='lat' dir='ltr'><strong>Luc.</strong></span> <span class='ocrx_word' id='word_1_514' title='bbox 791 5707 829 5755; x_wconf 93' lang='lat' dir='ltr'><strong>I,</strong></span> <span class='ocrx_word' id='word_1_515' title='bbox 861 5690 915 5748; x_wconf 75' lang='lat'><strong>2.</strong></span> 
     </span>
    </p>
   </div>
   <div class='ocr_carea' id='block_1_82' title="bbox 560 5784 1294 5856">
    <p class='ocr_par' dir='ltr' id='par_1_82' title="bbox 560 5784 1294 5856">
     <span class='ocr_line' id='line_1_82' title="bbox 560 5784 1294 5856; baseline 0.007 -16"><span class='ocrx_word' id='word_1_516' title='bbox 560 5784 675 5856; x_wconf 78' lang='lat'><strong>(59)</strong></span> <span class='ocrx_word' id='word_1_517' title='bbox 714 5784 788 5840; x_wconf 68' lang='lat' dir='ltr'><strong>lix</strong></span> <span class='ocrx_word' id='word_1_518' title='bbox 821 5788 942 5844; x_wconf 88' lang='lat' dir='ltr'><strong>cod.</strong></span> <span class='ocrx_word' id='word_1_519' title='bbox 976 5784 1176 5845; x_wconf 72' lang='lat' dir='ltr'><strong>Veneto</strong></span> <span class='ocrx_word' id='word_1_520' title='bbox 1204 5787 1294 5845; x_wconf 74' lang='lat'><strong>28.</strong></span> 
     </span>
    </p>
   </div>
   <div class='ocr_carea' id='block_1_83' title="bbox 2149 4733 3709 4819">
    <p class='ocr_par' dir='ltr' id='par_1_83' title="bbox 2149 4733 3709 4819">
     <span class='ocr_line' id='line_1_83' title="bbox 2149 4733 3709 4819; baseline -0.008 -16"><span class='ocrx_word' id='word_1_521' title='bbox 2149 4750 2416 4819; x_wconf 90' lang='grc' dir='ltr'>λεγόντων</span> <span class='ocrx_word' id='word_1_522' title='bbox 2460 4748 2529 4803; x_wconf 87' lang='grc' dir='ltr'>τὰ</span> <span class='ocrx_word' id='word_1_523' title='bbox 2560 4748 2650 4803; x_wconf 81' lang='grc' dir='ltr'>διὰ</span> <span class='ocrx_word' id='word_1_524' title='bbox 2692 4748 2786 4803; x_wconf 75' lang='grc' dir='ltr'>τοῦ</span> <span class='ocrx_word' id='word_1_525' title='bbox 2820 4749 3068 4819; x_wconf 77' lang='grc' dir='ltr'>Σωτῆρος</span> <span class='ocrx_word' id='word_1_526' title='bbox 3104 4744 3464 4818; x_wconf 76' lang='grc' dir='ltr'>γεγενῆσθαι,</span> <span class='ocrx_word' id='word_1_527' title='bbox 3504 4738 3593 4793; x_wconf 71' lang='grc' dir='ltr'>καὶ</span> <span class='ocrx_word' id='word_1_528' title='bbox 3618 4733 3709 4804; x_wconf 86' lang='grc' dir='ltr'>τὴν</span> 
     </span>
    </p>
   </div>
   <div class='ocr_carea' id='block_1_84' title="bbox 2149 4824 3707 4914">
    <p class='ocr_par' dir='ltr' id='par_1_84' title="bbox 2149 4824 3707 4914">
     <span class='ocr_line' id='line_1_84' title="bbox 2149 4824 3707 4914; baseline -0.01 -18"><span class='ocrx_word' id='word_1_529' title='bbox 2149 4842 2423 4914; x_wconf 87' lang='grc' dir='ltr'>σάρκωσιν</span> <span class='ocrx_word' id='word_1_530' title='bbox 2447 4841 2633 4895; x_wconf 81' lang='grc' dir='ltr'>αὐτοῦ.</span> <span class='ocrx_word' id='word_1_531' title='bbox 2668 4842 2806 4911; x_wconf 80' lang='grc' dir='ltr'>Περὶ</span> <span class='ocrx_word' id='word_1_532' title='bbox 2851 4839 2971 4894; x_wconf 73' lang='grc' dir='ltr'><strong>τῶν</strong></span> <span class='ocrx_word' id='word_1_533' title='bbox 3010 4832 3619 4907; x_wconf 63' lang='grc' dir='ltr'>πεπληροφορημένων</span> <span class='ocrx_word' id='word_1_534' title='bbox 3654 4824 3707 4878; x_wconf 80' lang='grc' dir='ltr'>δὲ</span> 
     </span>
    </p>
   </div>
   <div class='ocr_carea' id='block_1_85' title="bbox 2148 4920 3705 5006">
    <p class='ocr_par' dir='ltr' id='par_1_85' title="bbox 2148 4920 3705 5006">
     <span class='ocr_line' id='line_1_85' title="bbox 2148 4920 3705 5006; baseline -0.008 -17"><span class='ocrx_word' id='word_1_535' title='bbox 2148 4933 2349 4999; x_wconf 76' lang='grc' dir='ltr'>εἰπὼν,</span> <span class='ocrx_word' id='word_1_536' title='bbox 2377 4934 2476 5006; x_wconf 80' lang='grc' dir='ltr'><strong>τὴν</strong></span> <span class='ocrx_word' id='word_1_537' title='bbox 2505 4933 2741 4987; x_wconf 84' lang='grc' dir='ltr'>διάθεσιν</span> <span class='ocrx_word' id='word_1_538' title='bbox 2767 4931 2929 4987; x_wconf 83' lang='grc' dir='ltr'>αὐτοῦ</span> <span class='ocrx_word' id='word_1_539' title='bbox 2958 4932 3228 5003; x_wconf 66' lang='grc' dir='ltr'>ἐμφαίνει.</span> <span class='ocrx_word' id='word_1_540' title='bbox 3266 4920 3705 5006; x_wconf 56' lang='grc' dir='ltr'>Πεπληροφόρητο</span> 
     </span>
    </p>
   </div>
   <div class='ocr_carea' id='block_1_86' title="bbox 2149 5004 3698 5099">
    <p class='ocr_par' dir='ltr' id='par_1_86' title="bbox 2149 5004 3698 5099">
     <span class='ocr_line' id='line_1_86' title="bbox 2149 5004 3698 5099; baseline -0.017 -14"><span class='ocrx_word' id='word_1_541' title='bbox 2149 5027 2277 5099; x_wconf 85' lang='grc' dir='ltr'>γὰρ,</span> <span class='ocrx_word' id='word_1_542' title='bbox 2308 5028 2403 5081; x_wconf 71' lang='grc' dir='ltr'><strong>καὶ</strong></span> <span class='ocrx_word' id='word_1_543' title='bbox 2434 5004 2589 5080; x_wconf 82' lang='grc' dir='ltr'>οὐδὲν</span> <span class='ocrx_word' id='word_1_544' title='bbox 2622 5023 2866 5086; x_wconf 77' lang='grc' dir='ltr'>ὲδίσταζε</span> <span class='ocrx_word' id='word_1_545' title='bbox 2886 5064 2901 5089; x_wconf 95' lang='grc'><strong>,</strong></span> <span class='ocrx_word' id='word_1_546' title='bbox 2938 5024 3164 5095; x_wconf 85' lang='grc' dir='ltr'>πότερον</span> <span class='ocrx_word' id='word_1_547' title='bbox 3192 5020 3363 5085; x_wconf 78' lang='grc' dir='ltr'>οὕτως</span> <span class='ocrx_word' id='word_1_548' title='bbox 3400 5017 3529 5088; x_wconf 79' lang='grc' dir='ltr'>ἔχει,</span> <span class='ocrx_word' id='word_1_549' title='bbox 3560 5011 3591 5082; x_wconf 82' lang='grc' dir='ltr'><strong>ἦ</strong></span> <span class='ocrx_word' id='word_1_550' title='bbox 3622 5004 3698 5063; x_wconf 77' lang='grc' dir='ltr'>οὗ.</span> 
     </span>
    </p>
   </div>
   <div class='ocr_carea' id='block_1_87' title="bbox 2153 5101 3701 5189">
    <p class='ocr_par' dir='ltr' id='par_1_87' title="bbox 2153 5101 3701 5189">
     <span class='ocr_line' id='line_1_87' title="bbox 2153 5101 3701 5189; baseline -0.012 -18"><span class='ocrx_word' id='word_1_551' title='bbox 2153 5117 2291 5188; x_wconf 66' lang='grc' dir='ltr'>Ὅτι]</span> <span class='ocrx_word' id='word_1_552' title='bbox 2320 5117 2379 5171; x_wconf 84' lang='grc' dir='ltr'>δὲ</span> <span class='ocrx_word' id='word_1_553' title='bbox 2434 5115 2587 5189; x_wconf 87' lang='grc' dir='ltr'>παρὰ</span> <span class='ocrx_word' id='word_1_554' title='bbox 2623 5114 2732 5168; x_wconf 84' lang='grc' dir='ltr'><strong>τῶν</strong></span> <span class='ocrx_word' id='word_1_555' title='bbox 2779 5113 3011 5184; x_wconf 66' lang='grc' dir='ltr'>αὐτοψίᾳ</span> <span class='ocrx_word' id='word_1_556' title='bbox 3060 5112 3407 5183; x_wconf 78' lang='grc' dir='ltr'>θεασαμένων</span> <span class='ocrx_word' id='word_1_557' title='bbox 3450 5108 3540 5160; x_wconf 74' lang='grc' dir='ltr'>καὶ</span> <span class='ocrx_word' id='word_1_558' title='bbox 3582 5101 3701 5155; x_wconf 85' lang='grc' dir='ltr'>αὐτ-</span> 
     </span>
    </p>
   </div>
   <div class='ocr_carea' id='block_1_88' title="bbox 2147 5190 3696 5281">
    <p class='ocr_par' dir='ltr' id='par_1_88' title="bbox 2147 5190 3696 5281">
     <span class='ocr_line' id='line_1_88' title="bbox 2147 5190 3696 5281; baseline -0.005 -19"><span class='ocrx_word' id='word_1_559' title='bbox 2147 5209 2326 5280; x_wconf 87' lang='grc' dir='ltr'>ηκόων</span> <span class='ocrx_word' id='word_1_560' title='bbox 2362 5207 2662 5281; x_wconf 84' lang='grc' dir='ltr'>παρέλαϐε,</span> <span class='ocrx_word' id='word_1_561' title='bbox 2709 5205 2895 5276; x_wconf 80' lang='grc' dir='ltr'>σαφῶς</span> <span class='ocrx_word' id='word_1_562' title='bbox 2920 5205 3266 5277; x_wconf 78' lang='grc' dir='ltr'>ὡμολόγησεν</span> <span class='ocrx_word' id='word_1_563' title='bbox 3296 5199 3476 5255; x_wconf 81' lang='grc' dir='ltr'>εἰπών·</span> <span class='ocrx_word' id='word_1_564' title='bbox 3506 5190 3696 5255; x_wconf 80' lang='grc' dir='ltr'>Καθὼς</span> 
     </span>
    </p>
   </div>
   <div class='ocr_carea' id='block_1_89' title="bbox 2149 5285 3681 5372">
    <p class='ocr_par' dir='ltr' id='par_1_89' title="bbox 2149 5285 3681 5372">
     <span class='ocr_line' id='line_1_89' title="bbox 2149 5285 3681 5372; baseline -0.014 -16"><span class='ocrx_word' id='word_1_565' title='bbox 2149 5302 2493 5372; x_wconf 76' lang='grc' dir='ltr'>παρέδοσαν</span> <span class='ocrx_word' id='word_1_566' title='bbox 2538 5300 2680 5371; x_wconf 74' lang='grc' dir='ltr'><strong>ἡμῖν</strong></span> <span class='ocrx_word' id='word_1_567' title='bbox 2707 5303 2760 5355; x_wconf 80' lang='grc' dir='ltr'>οἱ</span> <span class='ocrx_word' id='word_1_568' title='bbox 2789 5300 2885 5354; x_wconf 77' lang='grc' dir='ltr'><strong>ἀπ’</strong></span> <span class='ocrx_word' id='word_1_569' title='bbox 2914 5297 3107 5369; x_wconf 79' lang='grc' dir='ltr'>ἀρχῆς</span> <span class='ocrx_word' id='word_1_570' title='bbox 3129 5297 3413 5350; x_wconf 78' lang='grc' dir='ltr'>αὐτόπται</span> <span class='ocrx_word' id='word_1_571' title='bbox 3450 5287 3543 5343; x_wconf 77' lang='grc' dir='ltr'>καὶ</span> <span class='ocrx_word' id='word_1_572' title='bbox 3592 5285 3681 5337; x_wconf 70' lang='grc' dir='ltr'><strong>ὑπ·</strong></span> 
     </span>
    </p>
   </div>
   <div class='ocr_carea' id='block_1_90' title="bbox 2146 5372 3691 5461">
    <p class='ocr_par' dir='ltr' id='par_1_90' title="bbox 2146 5372 3691 5461">
     <span class='ocr_line' id='line_1_90' title="bbox 2146 5372 3691 5461; baseline -0.014 -14"><span class='ocrx_word' id='word_1_573' title='bbox 2146 5392 2349 5461; x_wconf 79' lang='grc' dir='ltr'>ηρέται</span> <span class='ocrx_word' id='word_1_574' title='bbox 2378 5392 2681 5461; x_wconf 74' lang='grc' dir='ltr'>γενόμενοι</span> <span class='ocrx_word' id='word_1_575' title='bbox 2705 5379 2813 5443; x_wconf 62' lang='lat' dir='ltr'><strong>rei;</strong></span> <span class='ocrx_word' id='word_1_576' title='bbox 2839 5391 3050 5459; x_wconf 71' lang='grc' dir='ltr'>Λόγου.</span> <span class='ocrx_word' id='word_1_577' title='bbox 3086 5382 3484 5441; x_wconf 77' lang='grc' dir='ltr'>Διαὸεϐαιοῦται</span> <span class='ocrx_word' id='word_1_578' title='bbox 3512 5375 3583 5439; x_wconf 78' lang='grc' dir='ltr'>δὲ,</span> <span class='ocrx_word' id='word_1_579' title='bbox 3616 5372 3691 5461; x_wconf 60' lang='grc' dir='ltr'>ὅτι</span> 
     </span>
    </p>
   </div>
   <div class='ocr_carea' id='block_1_91' title="bbox 2152 5457 3690 5565">
    <p class='ocr_par' dir='ltr' id='par_1_91' title="bbox 2152 5457 3690 5565">
     <span class='ocr_line' id='line_1_91' title="bbox 2152 5457 3690 5565; baseline -0.011 -26"><span class='ocrx_word' id='word_1_580' title='bbox 2152 5457 2354 5539; x_wconf 61' lang='grc' dir='ltr'>άνωθεν</span> <span class='ocrx_word' id='word_1_581' title='bbox 2376 5457 2868 5556; x_wconf 79' lang='grc' dir='ltr'>παρηκολούθησεν,</span> <span class='ocrx_word' id='word_1_582' title='bbox 2894 5457 2954 5534; x_wconf 57' lang='grc' dir='ltr'>οὗ</span> <span class='ocrx_word' id='word_1_583' title='bbox 2973 5498 3080 5535; x_wconf 89' lang='grc' dir='ltr'>τισι</span> <span class='ocrx_word' id='word_1_584' title='bbox 3103 5478 3211 5534; x_wconf 82' lang='grc' dir='ltr'><strong>τῶν</strong></span> <span class='ocrx_word' id='word_1_585' title='bbox 3236 5474 3550 5565; x_wconf 66' lang='grc' dir='ltr'>εἰρημένων,</span> 
     </span>
    </p>
   </div>
   <div class='ocr_carea' id='block_1_92' title="bbox 2154 5560 3688 5648">
    <p class='ocr_par' dir='ltr' id='par_1_92' title="bbox 2154 5560 3688 5648">
     <span class='ocr_line' id='line_1_92' title="bbox 2154 5560 3688 5648; baseline -0.014 -14"><span class='ocrx_word' id='word_1_586' title='bbox 2154 5580 2307 5634; x_wconf 75' lang='grc' dir='ltr'>πᾶσι.</span> <span class='ocrx_word' id='word_1_587' title='bbox 2343 5577 2503 5641; x_wconf 73' lang='grc' dir='ltr'>Εἰκὸς</span> <span class='ocrx_word' id='word_1_588' title='bbox 2528 5576 2582 5630; x_wconf 81' lang='grc' dir='ltr'>δὲ</span> <span class='ocrx_word' id='word_1_589' title='bbox 2609 5574 3010 5648; x_wconf 75' lang='grc' dir='ltr'>ὑπολαμϐάνειν</span> <span class='ocrx_word' id='word_1_590' title='bbox 3032 5572 3201 5639; x_wconf 67' lang='grc' dir='ltr'>τινὰς,</span> <span class='ocrx_word' id='word_1_591' title='bbox 3235 5572 3315 5625; x_wconf 80' lang='grc' dir='ltr'>ὅτι</span> <span class='ocrx_word' id='word_1_592' title='bbox 3341 5560 3565 5633; x_wconf 81' lang='grc' dir='ltr'>Θεοφίλῳ</span> <span class='ocrx_word' id='word_1_593' title='bbox 3593 5560 3688 5608; x_wconf 69' lang='grc' dir='ltr'>τινὶ</span> 
     </span>
    </p>
   </div>
  </div>
