3942 6318
1403 379 1405 381 ί
1493 354 1782 412 SCHOLIA
1828 357 1890 412 ΙΝ
1931 358 2189 418 LUCAM.
3360 363 3466 417 5H-

159 468 400 541 ἔγραψε
443 473 504 528 τὸ
535 472 889 544 Εὕαγγέλιον,
914 476 975 540 ὃς
999 470 1078 540 εἷς
1102 471 1168 546 ἦν
1192 474 1300 528 τῶν
1323 477 1764 530 πεπιστευκότων

1862 540 1863 545 η
1899 482 1965 535 ab
2012 485 2242 539 exordio
2277 485 2578 540 continenti
2627 484 2771 539 serie
2811 483 3012 552 attigit,
3045 499 3148 536 non
3203 486 3462 551 quasdam

155 557 354 628 ὄῦτως
383 565 532 630 ζέων
547 566 623 639 τῷ
645 568 935 639 πνεύματι,
954 570 1046 622 καὶ
1064 568 1354 639 ἀπλήστως
1376 568 1514 639 ἔχων
1543 571 1668 641 περί
1691 570 1764 623 τὰε

1889 577 2049 630 modo
2083 592 2147 629 ex
2187 577 2254 630 iis
2279 591 2399 646 quae
2428 577 2586 631 dictat
2614 583 2756 639 sunt,
2795 573 2887 628 sed
2919 573 3225 630 universas.
3253 572 3462 629 Forsan

157 653 260 708 τοῦ
315 659 551 731 Κυρίου
601 659 828 732 πράξεις
873 679 934 715 τε
978 663 1074 716 καὶ
1119 660 1347 732 λόγους·
1397 662 1566 733 ὅνπερ
1613 663 1760 715 ὲποίε

1888 669 2052 736 aliqui
2101 668 2498 737 respondebunt
2535 667 2683 721 illum
2722 665 3018 734 'l'heopliilo
3050 665 3259 720 cuidam
3287 663 3463 720 Evan-

157 748 608 824 ἀσφαλέστερον
639 755 734 808 καὶ
765 754 833 807 τὰ
856 755 950 808 νῦν
978 756 1317 827 γραφόμενα.
1351 754 1545 819 Ἀλλος
1586 755 1645 808 δέ
1679 773 1764 826 φηε

1888 760 2084 829 gelium
2145 759 2433 829 scripsisse
2467 799 2483 825 ,
2531 760 2622 828 qui
2701 773 2839 813 unus
2895 767 3014 812 erat
3083 757 3455 822 credentium‘,

160 856 249 894 σιν
271 858 288 873 ·
333 843 481 898 Ὀτι
497 845 593 900 ἐὰν
627 847 825 912 πάντες
870 847 1102 902 τοιοῦτοι
1150 842 1330 919 ὦμεν,
1368 848 1443 912 ὡς
1467 848 1761 916 ἀγαπᾶσθαι

1888 852 2028 906 idem
2073 851 2265 921 spiritu
2300 850 2536 916 fervens,
2566 865 2632 906 ac
2665 851 2733 905 de
2775 851 2984 905 Domini
3027 851 3197 919 gestis
3228 847 3459 904 dictisve

157 934 273 987 ὑπὸ
305 935 426 990 τσῦ
452 938 710 993 θεοῦοκαὶ
741 939 1046 1009 φιλεῖσθαι,
1067 938 1323 1010 ,Θεόφιλοί
1359 940 1545 1010 ἐσμεν.
1582 939 1696 992 Οὐκ
1717 937 1764 992 ἂε

1887 943 2260 1010 insatiabilis;
2300 944 2503 1014 quippe
2551 960 2712 1014 quem
2769 947 2881 1000 hate
2915 944 3116 1013 scripta
3161 942 3454 996 firmiorem

155 1024 215 1079 δέ
250 1044 354 1092 τις
387 1029 484 1101 εῐη
512 1031 768 1100 Θεόφιλος
805 1031 1067 1103 ἀσθενήςο
1101 1032 1208 1095 πᾶς
1234 1031 1342 1102 γάρ
1363 1031 1617 1101 Θεόφιλος
1643 1033 1764 1103 κρά-

1884 1033 2206 1089 eﬂiciebant.
2248 1033 2391 1089 Dicit
2435 1049 2568 1088 vero
2609 1034 2852 1104 aliquis:
2882 1032 3038 1101 Quod
3093 1033 3141 1088 si
3202 1046 3392 1087 omnes
3418 1031 3454 1084 ii

153 1121 364 1185 τιστός
401 1124 555 1177 ἐστιν
584 1125 723 1196 ἔχων
751 1126 814 1179 τὸ
836 1125 1038 1197 κράτος
1058 1125 1153 1178 καὶ
1171 1124 1270 1195 τὴν
1295 1123 1526 1195 δύναμιν
1550 1124 1648 1196 τὴν
1673 1123 1764 1176 ἀπὲ

1884 1138 2092 1192 sumus,
2132 1125 2225 1194 qui
2280 1140 2312 1180 a
2366 1125 2475 1181 Deo
2517 1135 2769 1182 amentur
2815 1136 2871 1182 et
2925 1126 3240 1197 diligantur,
3277 1124 3456 1180 Theo-

154 1211 256 1266 τοῦ
293 1213 456 1268 Θεοῦ
495 1216 701 1270 καὶτοῦ
736 1217 908 1286 Λόγου
947 1216 1132 1282 αὑτοῦ,
1163 1217 1258 1271 καὶ
1284 1217 1454 1280 οὕτως
1479 1214 1764 1284 ἐπιγνώσε-

1881 1218 2013 1287 pbili
2060 1232 2270 1274 sumus.
2322 1217 2462 1273 Num
2511 1220 2633 1288 quis
2684 1218 3020 1289 TheOpbilus
3052 1218 3301 1273 inﬁrmus
3333 1230 3456 1273 esse

155 1319 252 1355 ται
311 1307 413 1369 εἰς
451 1304 550 1376 τὴν
597 1307 724 1376 περὶ
772 1299 847 1360 ὧν
896 1305 1179 1376 κατηχήθη
1231 1303 1406 1373 λόγων
1457 1302 1764 1371 ἀσφάλειαν.

1881 1308 2314 1379 potest?0mnis
2369 1310 2514 1365 enim
2567 1311 2905 1382 Theophilus
2963 1309 3296 1365 fortissimus
3347 1315 3454 1374 est,

166 1393 634 1465 Ἐπαγγέλλεται
670 1397 848 1451 τοίνυν
897 1398 998 1468 τῆς
1037 1396 1287 1465 γνώσεως
1323 1395 1384 1448 τὸ
1421 1395 1654 1466 βέϐαιον,
1689 1394 1764 1447 ἵνα

1881 1404 2089 1458 habens
2122 1405 2230 1458 vim
2285 1415 2340 1459 ct
2379 1405 2678 1475 potentiam
2731 1420 2763 1459 a
2816 1406 2948 1470 Deo,
2996 1402 3288 1474 Verboque
3336 1402 3455 1473 ejus

155 1486 319 1559 ειπερ
360 1489 578 1553 ἐκεῖνος
602 1491 739 1560 ἀκοῇ
777 1489 1075 1560 παρέλαϐε,
1122 1487 1291 1541 ταῦτα
1322 1489 1417 1541 καὶ
1453 1488 1764 1559 γράμμασιν

1878 1495 2286 1566 procedentem.

153 1578 538 1650 ἐντυγχάνων
561 1579 965 1651 ἀσφαλέστερον
994 1578 1093 1650 τήν
1126 1580 1309 1634 πίστιν
1343 1579 1594 1652 διατηρῇ.

231 1671 368 1742 (40)
445 1672 534 1724 Ἐν
589 1675 656 1743 τῇ
711 1671 909 1742 Ἐξόδῳ
956 1670 1290 1742 γέγραπται,
1369 1671 1486 1725 Ὅτι
1541 1675 1574 1725 ό
1625 1669 1764 1736 λαὸς

1950 1673 2006 1728 In
2039 1673 2226 1729 Exodo
2255 1674 2514 1746 scriptum
2549 1680 2658 1738 est,
2691 1671 2830 1739 Quia
2875 1673 3099 1743 populus
3122 1673 3252 1726 vidit
3277 1687 3452 1726 vocem

150 1761 410 1829 ἑώρακε
443 1763 560 1832 τὴν
591 1763 800 1834 φωνὴν
836 1762 942 1818 τοῦ
983 1764 1228 1832 Κυρίου,
1253 1763 1496 1832 καίτοιγε
1539 1763 1688 1833 φωνὴ
1710 1762 1764 1814 od

1877 1764 2095 1820 Domini
2115 1767 2183 1834 “,
2219 1767 2438 1821 tametsi
2468 1782 2572 1820 vox
2601 1782 2712 1822 non
2743 1765 3012 1833 videatur,
3049 1764 3146 1820 sed
3174 1766 3448 1819 audiatur.

155 1853 478 1923 βλέπεται,
521 1855 634 1910 ἀλλ’
658 1857 941 1911 ἀκούεταιο
975 1857 1061 1909 ἵνα.
1088 1855 1298 1928 δηλωθῇ
1333 1854 1668 1928 παραδόξως,
1698 1855 1757 1908 ὅτ

1881 1859 1998 1923 Quo
2043 1857 2295 1914 videlicet
2343 1860 2610 1928 stupende
2663 1860 3148 1922 demonstraretur,
3180 1861 3306 1927 quia
3355 1857 3449 1912 Dei

151 1948 185 2015 ἡ
229 1945 351 1999 τοῦ
411 1947 546 2001 θεοῦ
606 1948 758 2020 φωνὴ
792 1948 1044 2019 βλέπεται
1069 1943 1148 2013 οἷς
1184 1948 1458 2019 βλέπεται.
1505 1949 1596 2000 Ἐν
1627 1947 1764 2018 seu;

1875 1965 1980 2004 vox
2007 1933 2220 2005 videtur
2269 1951 2464 2020 quibus
2507 1951 2738 2007 videtur.
2790 1949 2848 2003 In
2900 1949 3193 2018 Evangelio
3243 1957 3446 2012 autem,

152 2039 512 2108 Εὐαγγελίῳ
559 2040 658 2110 οὐχ
704 2043 739 2111 ή
798 2040 948 2113 φωνὴ
1008 2041 1295 2111 βλέπεται,
1363 2040 1475 2094 ἀλλ’
1513 2041 1540 2092 6
1591 2039 1764 2110 κρείτ-

1876 2057 1983 2096 ηοη
2035 2057 2138 2096 vox
2187 2041 2422 2107 videtur,
2466 2051 2521 2094 at
2552 2041 2697 2110 quod
2755 2055 2888 2096 voce
2930 2041 3284 2110 praestantius
3339 2050 3447 2104 est,

150 2135 281 2182 των
312 2130 428 2201 τῆς
454 2131 637 2202 φωνῆς
660 2131 848 2200 Λόγος.
876 2131 973 2185 Διὰ
995 2131 1172 2194 τοῦτο,
1201 2130 1411 2198 Καθὼς
1431 2131 1764 2199 παρέδοσαν

1878 2132 2133 2186 Verbum.
2163 2130 2458 2201 Propterea
2485 2131 2561 2184 ait
2589 2131 3084 2197 :Quemadmodum
3111 2133 3448 2186 tradiderunt

150 2223 338 2293 ἡμῖν
375 2226 427 2278 ol
456 2225 555 2278 ἀπ’
579 2223 772 2295 ἀρχῆς
809 2226 1096 2278 αὐτόπται
1137 2224 1236 2279 καὶ
1276 2224 1566 2292 ὑπηρέται
1608 2227 1764 2295 γενό-

1873 2225 2046 2292 nobis,
2081 2224 2171 2293 qui
2202 2223 2266 2276 ab
2291 2224 2444 2278 initio
2475 2225 2676 2277 oculati
2704 2232 2859 2277 testes
2890 2235 2936 2277 et
2972 2223 3202 2277 ministri
3233 2225 3446 2293 [uerunt

145 2331 360 2384 μενοι
385 2316 488 2370 τοῦ
517 2317 730 2386 Λόγου.
773 2317 836 2369 Ei
873 2317 983 2386 γὰρ
1014 2316 1074 2370 τὸ
1100 2317 1402 2388 ἑωρακέναι
1434 2316 1525 2370 τὸν
1566 2317 1764 2390 Κύριον

1882 2313 2054 2370 Verbi.
2083 2315 2142 2369 Si
2175 2316 2319 2370 enim
2347 2315 2548 2370 vidisse
2578 2315 2864 2370 Dominum
2890 2317 3188 2370 secundum
3225 2331 3442 2386 corpus,

159 350 277 404 51⁸5

156 2408 326 2462 κατὰ
357 2408 514 2480 σῶμα
547 2409 822 2480 αὐτόπτην
849 2408 1040 2463 τούτου
1062 2409 1320 2478 γενέσθαι
1350 2405 1418 2480 ἦν
1436 2427 1449 2440 °
1487 2412 1580 2464 καὶ
1602 2411 1770 2465 Πιλά-

155 2516 260 2564 της
292 2501 580 2572 αὐτόπτης
601 2497 670 2572 ἦν
693 2500 786 2554 τοῦ
820 2501 993 2569 Λόγου
1018 2540 1032 2565 ,
1067 2501 1440 2566 καταδικάζων
1468 2503 1647 2568 αὐτὸν,
1674 2505 1770 2557 καὶ

174 2591 392 2656 Ἰούδας
436 2594 465 2644 6
508 2594 807 2665 προδότης,
842 2596 936 2647 καὶ
980 2593 1182 2657 πάντες
1213 2595 1262 2646 οἱ
1286 2594 1554 2664 λέγοντες·
1582 2599 1768 2651 Σταύ-

159 2700 397 2749 ρωσον,
432 2685 790 2752 σταύρωσον
822 2687 1028 2739 αὐτόν.
1067 2685 1140 2738 Τὸ
1172 2681 1264 2738 οὖν
1306 2685 1502 2740 είδέναι
1536 2687 1626 2739 τὸν
1663 2688 1766 2741 Λό-

167 2790 265 2841 γον
296 2775 421 2828 ἐκεῖ
444 2777 667 2841 ἐνοεῐτο,
692 2778 822 2830 ὅπου
860 2776 1042 2845 ἔλεγεν
1071 2779 1098 2831 ό
1126 2777 1316 2849 Σωτήρ
1339 2795 1352 2807 ·
1397 2779 1460 2831 '0
1493 2780 1765 2847 ἑωρακὼς

166 2866 296 2935 ἐμὲ,
330 2868 555 2936 ἑώρακε
581 2867 691 2922 τὸν
727 2869 988 2938 Πατέρα,
1030 2869 1138 2924 τὸν
1169 2871 1490 2941 πέμψαντά
1511 2890 1606 2942 με.
1653 2875 1764 2927 Καὶ

1869 2405 2118 2474 eratejus
2141 2405 2311 2460 fuisse
2329 2406 2600 2459 oculatum
2623 2415 2814 2462 testem
2839 2424 2852 2459 :
2882 2416 2937 2461 et
2966 2405 3174 2460 Pilatus
3201 2406 3448 2461 oculatus

1870 2500 2026 2554 testis
2050 2499 2245 2554 fuisset
2276 2497 2457 2562 Verbi,
2480 2500 2572 2568 qui
2604 2513 2728 2553 eum
2763 2499 3172 2565 condemnavit,
3197 2508 3252 2554 et
3276 2499 3448 2554 Judas

1867 2595 2131 2662 proditor,
2175 2604 2230 2648 et
2278 2594 2590 2663 quicunque
2637 2593 2914 2659 dicebant,
2957 2591 3237 2662 Cruciﬁge,
3270 2595 3446 2647 cruci-

1864 2688 1964 2756 ﬁge
1988 2701 2106 2739 eum
2129 2686 2197 2738 ".
2229 2684 2416 2755 Itaque
2447 2686 2646 2740 vidisse
2671 2685 2908 2740 Verbum
2939 2699 3005 2739 eo
3041 2685 3143 2740 loci
3171 2685 3444 2754 intellige-

1865 2779 2044 2842 batur,
2071 2777 2160 2832 ubi
2195 2778 2406 2832 dicebat
2433 2776 2684 2831 Salvator
2711 2795 2724 2829 :
2754 2775 2858 2842 Qui
2889 2778 3014 2830 vidit
3041 2793 3142 2843 me,
3168 2779 3295 2832 vidit
3329 2775 3443 2831 Pa-
3519 2813 3531 2824 .

1866 2881 1997 2925 trem
2024 2887 2197 2925 meum
2225 2871 2314 2941 qui
2344 2871 2485 2924 misit
2517 2887 2598 2924 me
2619 2871 2684 2924 ".
2716 2870 2791 2924 Ac
2827 2871 2992 2925 tacite
3021 2871 3440 2940 pulcherrimam

169 2958 484 3029 λεληθότως
511 2961 570 3014 δὲ
602 2962 766 3015 καλὸν
797 2962 1027 3034 μάθημα
1053 2963 1289 3017 διδάσκει
1313 2966 1458 3035 ἡμᾶς
1486 2966 1513 3016 ὁ
1550 2967 1763 3029 Λουκᾶς

171 3050 435 3117 ἐνταῦθα,
467 3053 551 3106 ὅτι
578 3053 740 3106 τινῶν
772 3053 867 3125 μὲν
894 3053 1265 3126 θεωρημάτων
1307 3056 1368 3109 τὸ
1397 3057 1600 3130 τέλοςή
1631 3057 1763 3110 θεω-

179 3145 265 3215 ρία
283 3145 406 3197 ἐστί
425 3162 438 3175 ·
464 3147 626 3199 τινῶν
645 3146 702 3200 δὲ
718 3145 1087 3218 θεωρημάτων
1103 3149 1162 3202 τὸ
1178 3149 1330 3213 τέλος
1350 3152 1382 3221 ή
1404 3149 1600 3222 πρᾶξίς
1623 3153 1759 3205 ἐστι.

1865 3152 2223 3219 quorumdam
2256 3165 2386 3205 vero
2413 3160 2810 3220 praeceptorum
2841 3147 2966 3203 linis
3009 3158 3090 3202 est
3121 3151 3288 3203 actio.
3339 3149 3441 3203 Per

175 3237 269 3291 Διὰ
289 3236 408 3310 γὰρ
434 3237 528 3290 τοῦ
550 3279 564 3302 ,
593 3239 880 3292 αὐτόπται
899 3279 914 3303 ,
947 3238 1097 3310 δηλοῖ
1119 3240 1179 3292 τὸ
1200 3241 1530 3314 θεωρητικὸν
1550 3283 1563 3306 ,
1589 3244 1676 3297 διὰ
1706 3245 1762 3298 δὲ

1869 3243 1996 3296 illud
2023 3241 2192 3307 enim,
2225 3243 2426 3297 oculati
2475 3252 2627 3295 testes
2677 3241 2850 3294 innuit
2890 3241 3342 3309 speculationem,
3383 3251 3439 3294 at

176 3329 263 3383 τοῦ
327 3330 654 3400 ὑπηρέται,
697 3331 759 3384 τὸ
806 3334 1210 3402 πραγματικόν.
1283 3334 1518 3388 Δύνασαι
1561 3335 1618 3389 δὲ
1670 3337 1764 3390 καὶ

1867 3346 1962 3400 per
1993 3330 2246 3395 ministri,
2293 3332 2562 3384 actionem
2618 3339 2674 3384 et
2727 3329 2943 3398 praxin.
2975 3328 3137 3385 Potes
3180 3343 3236 3385 et
3281 3331 3441 3385 aliter

176 3423 380 3494 ἑτέρως
415 3423 666 3477 ἐκλαϐεῖν
706 3424 801 3490 τὸ,
841 3426 1133 3495 ὑπηρέται
1165 3429 1472 3497 γενόμενοι
1515 3427 1620 3481 τοῦ
1650 3431 1762 3482 Λό-

1865 3423 2115 3492 accipere
2143 3423 2293 3488 illud,
2322 3424 2414 3493 qui
2454 3423 2684 3475 ministri
2711 3421 2923 3490 fuerunt
2963 3418 3114 3475 Verbi
3142 3438 3160 3476 :
3185 3423 3298 3476 sive
3349 3423 3441 3476 d0-

181 3531 318 3583 τουο
361 3516 482 3587 ἦτοι
516 3515 608 3569 τοῦ
653 3516 1034 3570 διδασκαλικοῦ
1080 3518 1270 3586 λόγου,
1317 3518 1375 3571 ὃν
1419 3519 1703 3588 παρεδίδου
1735 3523 1763 3574 6

1863 3515 2107 3570 ctrinalis
2147 3514 2319 3580 verbi,
2351 3515 2493 3584 quod
2525 3514 2770 3566 tradebat
2808 3513 3097 3566 Salvator:
3129 3513 3211 3566 vel
3241 3514 3439 3581 ipsius-

181 3607 369 3679 Σωτήρ
388 3625 400 3637 ·
431 3607 465 3678 ἢ
494 3608 588 3661 καὶ
620 3607 784 3662 αὑτοῦ
814 3609 906 3668 τοῦ
932 3609 1064 3668 Θεοῦ
1090 3612 1287 3681 Λόγου,
1311 3605 1355 3679 ᾧ
1377 3615 1472 3665 καὶ
1495 3611 1764 3684 ὲξυπηρέ-

1864 3616 1974 3660 met
2006 3606 2099 3661 Dei
2133 3605 2312 3673 Verbi,
2350 3606 2438 3660 cui
2463 3604 2628 3659 etiam
2664 3603 3116 3658 ministraverunt
3143 3611 3437 3674 praesentes

183 3714 352 3766 τησαν
380 3700 650 3774 παρόντες
677 3701 725 3753 οἱ
765 3700 1021 3772 μαθηταί.

1862 3699 2142 3767 discipuli.

245 3790 358 3862 Τὴν
386 3775 636 3846 διάθεσιν
665 3793 859 3846 ἑαυτοῦ
903 3795 931 3846 6
965 3795 1179 3857 Λουκᾶς
1225 3794 1500 3865 ἐμφαίνει.
1542 3795 1760 3866 Πεπλη-

1932 3792 2050 3858 Quo
2076 3790 2236 3845 modo
2261 3791 2333 3844 sit
2364 3787 2590 3844 aﬂ‘ectus
2626 3788 2799 3844 Lucas
2827 3786 3086 3842 ostendit.
3120 3786 3438 3843 Certissime

185 3883 450 3954 ροφόρητο
473 3883 602 3955 γὰρ,
634 3885 729 3937 καὶ
749 3887 806 3937 ἐν
838 3886 1010 3938 οὐδενὶ
1038 3885 1302 3951 ἐδίσταςε,
1328 3887 1555 3959 πότερον
1587 3886 1761 3952 οὕτως

1862 3885 2004 3940 enim
2037 3898 2330 3954 persuasus
2356 3891 2500 3946 erat,
2531 3891 2586 3936 et
2612 3881 2662 3936 in
2695 3881 2840 3935 nullo
2871 3878 3172 3947 dubitabat,
3200 3897 3328 3935 nunt
3355 3883 3438 3937 sic

183 3973 306 4044 ἔχει,
341 3975 484 4046 ἦοῦ.
522 3975 692 4030 Τοῦτο
731 3976 788 4029 δὲ
825 3977 1033 4046 γίνεται
1082 3979 1208 4050 περὶ
1243 3980 1370 4043 τοὺς
1413 3978 1644 4050 βεϐαίως
1673 3999 1761 4034 πι-

1862 3991 1917 4031 se
1943 3992 2029 4031 res
2063 3976 2310 4039 haberet,
2347 3989 2536 4030 necne.
2569 3974 2686 4028 Hoc
2741 3985 2921 4028 autem
2957 3976 3226 4044 contingit
3258 3974 3312 4028 in
3345 3975 3439 4040 iis,

188 4067 486 4130 στεύοντας.
528 4069 637 4120 Καὶ
681 4068 792 4139 γὰρ
816 4072 856 4123 ό.
880 4069 1202 4134 Ἀπόστολος
1236 4072 1363 4144 περὶ
1391 4071 1500 4126 τῶν
1526 4072 1758 4143 βεϐαίων

1862 4069 1947 4136 qui
1987 4068 2217 4122 ﬁrmiter
2268 4068 2515 4123 credunt.
2569 4067 2858 4138 Apostolus
2901 4068 3044 4121 enim
3109 4070 3175 4122 de
3224 4067 3290 4122 iis
3339 4069 3432 4138 qui

1859 4160 1999 4224 [irini
2031 4169 2177 4224 sunt,
2207 4159 2386 4228 dicit:
2417 4159 2486 4213 Ut
2511 4160 2629 4214 sitis
2663 4159 2890 4213 radicati
2916 4168 2966 4213 et
2996 4160 3209 4228 fundati
3234 4159 3339 4228 ﬁde
3362 4161 3431 4213 ’⁷.

1859 4251 2000 4305 Nihil
2035 4252 2179 4306 enim
2216 4255 2352 4308 adeo
2409 4263 2620 4308 certum
2672 4269 2737 4308 ae
2787 4267 3104 4322 persuasum
3150 4253 3349 4315 reddit,
3376 4261 3435 4307 ut

1857 4357 2012 4398 mens
2067 4353 2123 4398 et
2182 4347 2343 4399 ratio.
2407 4343 2568 4401 Visus
2627 4347 2774 4400 enim
2822 4355 3028 4398 certum
3067 4359 3174 4397 non
3210 4343 3428 4397 reddit:

1854 4439 2056 4509 quippe
2084 4440 2210 4508 quia
2266 4455 2376 4493 non
2419 4455 2482 4493 ex
2530 4439 2698 4510 signis
2733 4449 2788 4492 et
2826 4438 3090 4507 prodigiis
3125 4435 3433 4491 visibilibus

1858 4544 1946 4584 res
1983 4530 2314 4599 judicantur.
2370 4530 2476 4585 Sed
2535 4531 2744 4584 ratione
2793 4530 3096 4600 judicatur,
3148 4544 3273 4598 quas
3325 4530 3434 4584 sint

189 4621 538 4690 Πρατμάτων
570 4621 626 4674 δέ
660 4638 841 4692 φησιν,
866 4622 1163 4694 ἐπειδήπερ
1186 4625 1245 4676 οὐ
1272 4624 1412 4678 κατὰ
1433 4629 1750 4696 φαντασίαν,

1862 4640 2010 4688 vera,
2041 4639 2230 4695 quaeve
2268 4624 2424 4682 falsa.
2463 4625 2538 4678 De
2567 4625 2720 4678 rebus
2758 4633 2936 4678 autem
2961 4624 3093 4678 dicit
3125 4640 3139 4677 :
3175 4623 3299 4692 quia
3326 4637 3430 4676 non

189 4713 312 4765 κατὰ
359 4713 485 4775 τοὺς
528 4711 638 4764 τῶν
690 4712 982 4784 αἱρετικῶν
1033 4715 1259 4779 παῖδας,
1310 4717 1754 4794 ἐδραματούργη-

1862 4720 2225 4790 pbantastice,
2275 4720 2429 4789 juxta
2484 4718 2800 4781 haereticos,
2855 4728 3113 4787 operatus
3151 4727 3233 4770 est
3277 4714 3434 4769 Jesus

189 4821 267 4856 τεν
307 4804 514 4874 Ἰησοῦς
562 4803 660 4874 τὴν
710 4803 969 4875 ἐνσαρκον
1020 4807 1185 4860 αὐτοῦ
1238 4811 1564 4879 παρουσίαν’
1617 4815 1753 4869 ἀλλά

1862 4812 2148 4864 adventum
2204 4825 2360 4865 suum
2405 4810 2457 4863 in
2491 4823 2675 4864 carne.
2728 4808 2832 4863 Sed
2880 4825 3002 4863 cum
3037 4808 3242 4862 veritas
3285 4816 3428 4860 esset

187 4897 454 4968 τυγχάνων
508 4898 774 4969 ἀλήθεια,
839 4899 976 4970 πρὸς
1031 4899 1289 4970 ἀλήθειαν
1357 4904 1623 4977 ἐνήργησε
1683 4907 1751 4962 τὰ

1862 4906 1996 4976 ipse,
2029 4905 2084 4960 in
2114 4905 2340 4961 veritate
2364 4913 2618 4973 operatus
2640 4911 2723 4958 est
2745 4917 2864 4973 qua
2885 4903 3073 4972 gessit.

190 4992 495 5062 πράγματα.

188 5083 317 5154 Στίχ.
335 5083 699 5154 γ⁸.’Καθεξῆς
714 5098 811 5137 σοι
834 5083 1077 5153 γράψαι,
1103 5087 1380 5154 κράτιστε
1402 5091 1674 5160 Θεόφιλε.

1939 5094 2000 5148 V.
2021 5097 2074 5151 '5.
2110 5095 2410 5152 Ordinatim
2444 5094 2536 5148 tibi
2563 5093 2806 5155 scribere,
2836 5093 3026 5155 optime
3057 5085 3356 5154 TlteOpItile.

188 5171 316 5248 Στίχ.
359 5178 400 5231 δ’
408 5220 422 5234 .
456 5178 590 5234 Ἵνα
625 5175 880 5260 ἐπιπνῷς
904 5176 1149 5260 περὶ-ὧν
1182 5181 1527 5251 κατηχήθης
1555 5186 1751 5254 λόγων

1862 5190 1923 5245 ν.
1952 5189 2008 5244 4.
2031 5187 2098 5243 Ut
2127 5205 2382 5260 agnoscas
2411 5189 2476 5241 de
2505 5186 3014 5260 quibusinstrut‘lus
3049 5180 3204 5249 fuisti
3229 5195 3428 5233 sermo--

702 5246 816 5314 τὴν
849 5247 1208 5317 ἀσφάλειαν.
1477 5246 1515 5251 ’⁷
1637 5246 1648 5254 ’

2163 5246 2187 5260 ν
2386 5246 2557 5323 nibus,
2599 5258 2886 5310 veritatem.

351 5339 425 5419 ε’.Δ
447 5339 758 5419 ,Ἐτέεζετο-
776 5338 866 5419 ἐνΔ
890 5339 1301 5419 τρῖς-ἡμέραις
1640 5348 1747 5401 τοῦ

1862 5350 1922 5406 ν.
1950 5352 2004 5408 5.
2045 5350 2170 5404 Fuit
2193 5352 2248 5404 in
2283 5351 2464 5404 diebus
2499 5349 2724 5403 Herodis
2757 5350 2890 5416 regis
2920 5345 3148 5419 Judteaf,
3179 5341 3426 5396 sacerdos

239 5409 547 5493 ,ϐασιλέως
568 5408 678 5493 τῆς
719 5407 1216 5493 Ἰουδαίας-ᾐὶερεύς
1240 5407 1329 5493 τις
1365 5407 1620 5493 deductae
1639 5419 1749 5493 Za:

1928 5424 2143 5493 quidam
2192 5419 2758 5493 nontine_,Zacliarias,
2791 5407 2856 5470 ιῖε
2885 5419 2990 5493 vice
3021 5416 3151 5493 Abiu
3173 5422 3266 5493 :let
3289 5427 3425 5493 uxor

246 5481 452 5563 ζαρίεῑς
477 5479 547 5563 ἐξ
579 5479 903 5563 ἐφημερίας
939 5480 1120 5563 Ἀϐιάο
1162 5485 1259 5563 καὶ
1349 5479 1518 5563 χωλὴ
1553 5488 1740 5563 abegi}

1919 5479 2030 5563 eius
2060 5492 2123 5545 de
2143 5493 2352 5560 ﬁliabus
2381 5479 2586 5558 Aaron,
2607 5501 2652 5546 et
2685 5479 2869 5545 nomen
2898 5489 3011 5556 ejus
3045 5483 3334 5540 Elisabetlt.

242 5549 308 5602 ἐκ
331 5549 450 5603 τῶν
477 5550 810 5619 θυγατέρων
844 5549 1085 5618 Ἀαρὼν,
1113 5553 1209 5606 καὶ
1243 5549 1322 5608 τό
1340 5549 1525 5624 ὄνομα
1549 5556 1738 5626 αὐτῆς

255 5618 583 5674 Ἔλισάϐετ.

360 5637 583 5674 ισαοετ.

251 5728 296 5761 ’⁸
322 5730 490 5784 Exod.
522 5746 612 5794 xx,
653 5731 738 5786 18.
818 5731 864 5764 ²¹¹
891 5730 1043 5788 Joan.
1083 5749 1194 5803 XIX,
1231 5735 1283 5794 6.
1365 5737 1583 5796 "Joan.
1635 5757 1744 5810 tm,
1784 5744 1834 5800 9.

252 5816 355 5888 (40)
399 5819 637 5886 ’Δνεπιγ.

1865 2963 2170 3018 doctrinam
2202 2965 2395 3018 edocet
2422 2962 2510 3018 ltic
2542 2977 2643 3018 nos
2675 2961 2870 3028 Lucas,
2905 2964 3032 3032 quia
3084 2978 3278 3034 nempe
3309 2981 3444 3033 quo-

1866 3056 2112 3111 rumdam
2147 3066 2542 3126 prazceptorum
2569 3057 2692 3110 ﬁnis
2734 3064 2816 3110 est
2855 3056 3086 3124 ipsamet
3123 3056 3439 3125 speculatio,

187 4160 370 4228 φησίν·
412 4160 549 4214 Ἵνα
588 4157 694 4230 ἦτε
733 4160 1100 4231 ἐρριζωμένοι
1141 4163 1242 4216 καὶ
1273 4166 1757 4235 τεθεμελιωμένοι

185 4249 251 4319 τῇ
276 4253 499 4308 πίστει.
532 4253 694 4306 Οὐδὲν
724 4253 834 4324 γάρ
855 4252 997 4306 οὕτω
1032 4253 1392 4327 πληροφορεῖ,
1418 4258 1492 4321 ὼς
1516 4257 1640 4322 νοῦς
1663 4259 1757 4312 καὶ

186 4341 344 4409 λόγος.
384 4345 548 4414 Ὀψις
579 4345 688 4416 γὰρ
714 4346 774 4398 οὐ
802 4345 1164 4417 πληροφορεῐ’
1204 4348 1325 4400 ἐπεὶ
1372 4350 1471 4402 οὐκ
1511 4350 1617 4403 ἀπὸ
1657 4369 1754 4422 ση-

190 4436 342 4503 μείων
393 4439 490 4491 καὶ
535 4438 778 4507 τεράτων
809 4437 1021 4507 ὁρατῶν
1055 4439 1296 4507 κρίνεται
1323 4440 1391 4493 τὰ
1421 4443 1719 4513 πράγματα
1739 4461 1751 4474 ·

187 4527 308 4583 ἀλλά
334 4529 479 4600 λόγῳ
507 4530 772 4600 κρίνεται,
798 4533 927 4584 ποῖα
951 4531 1183 4602 τάληθῆ,
1207 4533 1300 4586 καὶ
1323 4536 1448 4586 ποῖα
1472 4533 1541 4588 τὰ
1560 4534 1751 4607 ψευδῆ.

1938 5747 1979 5778 ³⁷
2011 5746 2218 5803 Ccloss.
2254 5764 2311 5816 ιι,
2343 5747 2396 5804 7.
