3942 6318
526 363 634 413 513
1171 340 1178 349 ’
1402 353 1951 413 SUPPLEMENTUM
1990 352 2081 407 AD
2118 330 2445 408 omcsm‘s
2483 339 2886 402 EXEGETICA.

522 368 634 425 515

675 489 736 545 ν.
774 487 828 544 ϐ.
867 484 1032 541 Erant
1057 492 1231 537 autem
1263 479 1402 550 justi
1430 479 1582 533 ambo
1615 493 1794 531 coram
1819 476 1951 532 Deo.

598 648 705 706 Par
732 655 816 703 est
848 657 1171 716 supponere,
1207 639 1353 710 quod
1386 636 1694 708 TlteOpbilo
1720 636 1935 691 cuidam
1960 634 2099 690 scri-

529 741 699 812 pserit
728 736 1093 804 Evangelium,
1119 732 1212 802 qui
1258 748 1399 787 unus
1436 730 1600 785 fuerit
1642 743 1829 783 eorum
1853 727 1946 797 qui
1974 741 2098 781 cre-

530 832 807 895 diderunt,
834 827 928 897 qui
981 824 1142 879 valde
1195 822 1433 878 ferveret
1479 820 1690 889 spiritu,
1718 833 1819 873 nec
1861 832 2097 888 unquam

530 923 718 979 satiari
756 929 938 988 posset
968 916 1116 972 circa
1141 914 1280 968 facta
1309 923 1364 968 et
1396 913 1537 967 dicta
1571 910 1819 967 Domini:
1853 924 2012 978 quem
2044 915 2100 961 et

531 1026 779 1067 securum
824 1008 996 1078 magis
1052 1004 1424 1069 reddiderunt,
1456 1018 1579 1073 quae
1608 1016 1752 1055 nunc
1780 1000 2098 1056 describun-

531 1113 638 1157 tur.
670 1101 725 1155 Si
770 1115 960 1156 omnes
993 1098 1129 1154 tales
1169 1112 1434 1160 essemus,
1466 1095 1558 1167 qui
1590 1094 1922 1163 diligeremur
1946 1108 2096 1146 ama-

530 1209 805 1262 remurque
832 1209 865 1245 a
902 1190 1014 1245 Deo
1048 1189 1159 1261 (41)
1190 1187 1472 1257 Theophili
1506 1200 1767 1242 essemus.
1809 1184 1880 1238 At
1925 1184 2098 1239 nullus

529 1295 651 1336 esse
682 1289 863 1350 potest
896 1276 1252 1345 Theophilus,
1289 1273 1379 1343 qui
1423 1273 1672 1327 inlirmus
1717 1273 1809 1326 sit.
1840 1268 1910 1324 Ut
1953 1273 2096 1324 enim

530 1371 793 1438 scriptum
826 1377 910 1422 est
960 1368 1025 1421 de
1073 1364 1272 1434 populo
1298 1371 1529 1417 exeunte
1561 1360 1628 1415 ab
1662 1358 1940 1430 IEgypto:
1972 1359 2097 1413 Non

529 1469 644 1515 erat
681 1462 736 1514 in
764 1459 1001 1512 tribubus
1031 1471 1213 1511 eorum
1247 1453 1495 1522 inﬁrmus
1516 1452 1562 1484 ⁸⁸
1590 1468 1604 1503 :
1635 1453 1714 1506 sic
1762 1452 1944 1506 dicere
1989 1464 2095 1505 non

532 1549 1013 1612 dubitem,omnem
1033 1543 1390 1614 Theophilum
1418 1541 1668 1610 optimum
1692 1539 1806 1611 (42)
1824 1555 2093 1606 esse,cum

533 1640 730 1695 habeat
765 1637 1133 1693 fortitudinem
1159 1644 1214 1689 et
1239 1634 1493 1687 virtutem
1526 1633 1639 1698 Dei,
1670 1647 1734 1688 ac
1768 1633 1927 1688 Verbi
1954 1633 2093 1700 ejus.

532 1735 710 1800 Atque
744 1730 824 1784 sic
851 1738 1107 1799 agnoscet
1151 1729 1273 1797 quis
1315 1726 1382 1780 de
1436 1726 1633 1796 quibus
1666 1727 1825 1780 rebus
1859 1724 2096 1779 imbutus

3670 351 3765 406 316

2121 480 2167 536 Α
2195 473 2342 543 Στίχ.
2378 470 2456 536 ς’.
2488 463 2687 525 Ἦσαν
2710 469 2778 523 δέ
2803 468 3377 551 δίκαιοιηάμφότεροι
3406 466 3660 524 ἐνώπιον
3677 474 3771 528 τοῦ

2897 542 3062 593 Θεοῦ.

2265 633 2428 697 Εἰκὸς
2467 629 2900 702 ὑπολαμϐάνειν,
2942 632 3023 684 ὅτι
3054 628 3318 699 Θεοφίλῳ
3353 628 3468 682 τινὶ
3492 628 3691 701 ἔγραψε
3721 634 3779 687 τὸ

2195 723 2543 794 Εὐαγγέλιον,
2568 723 2628 787 ὃς
2649 716 2731 786 εἷς
2750 718 2817 794 ἦν
2846 721 2952 777 τῶν
2978 719 3463 785 πεπιστευκότων,
3494 719 3636 775 οὕτω
3654 722 3778 786 ζέων

2194 816 2273 888 τῷ
2304 816 2590 885 πνεύματι,
2623 813 2717 867 καὶ
2749 813 3039 884 ἀπλήστως
3066 813 3217 883 ἔχων
3251 810 3390 883 περὶ
3414 811 3517 875 τὰς
3549 812 3643 866 τοῦ
3677 814 3783 867 Κυ-

2198 908 2314 981 ρίου
2346 905 2573 979 πράξεις
2598 922 2658 957 τε
2679 905 2773 958 καὶ
2795 904 3014 973 λόγους·
3044 904 3225 974 ὅνπερ
3250 902 3433 955 ἐποίει
3462 902 3788 971 ἀσφαλέστε-

2199 1016 2291 1071 ρον
2313 999 2406 1052 καὶ
2431 996 2500 1049 τὰ
2524 996 2618 1049 νῦν
2643 995 2984 1066 γραφόμενα.
3007 994 3225 1056 Πάντες
3244 992 3345 1046 ἐὰν
3369 991 3605 1046 τοιοῦτοι
3624 987 3785 1065 ὦμεν,

2195 1091 2275 1156 ὡς
2304 1074 2643 1158 ἀγαπᾶσθαι
2673 1085 2789 1140 ὑπὸ
2821 1084 2926 1138 τοῦ
2953 1084 3098 1139 Θεοῦ
3129 1084 3239 1138 καὶ
3272 1082 3594 1153 φιλεῖσθαι
3613 1123 3628 1148 ,
3662 1084 3786 1138 Θεό-

2197 1182 2341 1252 φιλοί
2388 1182 2572 1251 ἐσμεν.
2617 1179 2726 1233 Καὶ
2759 1179 2861 1232 οὐκ
2894 1177 2958 1231 ἄν
2989 1195 3071 1242 τις
3103 1178 3199 1250 εἴη
3236 1175 3513 1244 Θεόφιλος
3544 1176 3784 1251 ἀσθενής.

2200 1272 2408 1342 Ὥσπερ
2435 1268 2543 1341 γὰρ
2573 1269 2881 1339 γέγραπται
2904 1267 2996 1321 ἐπὶ
3031 1267 3124 1321 τοῦ
3157 1266 3301 1321 λαοῦ
3334 1264 3697 1338 ἐξερχομένω
3729 1271 3788 1322 ὲκ

2199 1365 2308 1433 τῆς.
2324 1361 2622 1430 Αἰγύπτουο
2648 1363 2769 1416 Οὐκ
2792 1356 2953 1430 ἧνέν
2977 1361 3106 1427 ταῖς
3121 1358 3364 1429 φυλαῖς
3393 1358 3600 1413 αὐτῶν
3617 1360 3785 1417 ἀσθε-

2194 1456 2317 1509 νῶν
2334 1471 2347 1485 ⁶
2382 1453 2555 1518 οὕτως
2584 1454 2796 1524 εἴποιμι
2822 1454 2909 1520 ἂν,
2933 1455 3013 1507 ὅτι
3040 1455 3150 1517 πᾶς
3167 1450 3446 1521 Θεόφιλος
3477 1450 3787 1522 κράτιστός

2197 1549 2364 1614 ἔστιν,
2395 1547 2534 1618 ἔχων
2561 1546 2621 1599 τὸ
2653 1547 2852 1618 κράτος
2874 1546 2968 1599 καὶ
2999 1544 3096 1617 τὴν
3120 1543 3370 1615 δύναμιν
3390 1581 3408 1607 ,
3442 1543 3548 1614 τὴν
3573 1544 3677 1598 ἀπὸ
3697 1544 3784 1599 τοῦ

2196 1639 2330 1693 Θεοῦ
2377 1640 2471 1692 καὶ
2498 1636 2588 1692 τοῦ
2632 1637 2805 1707 Λόγου
2837 1637 3002 1691 αὐτοῦ
3025 1676 3039 1691 .
3069 1637 3183 1690 Καὶ
3219 1634 3406 1698 οὕτως
3436 1634 3785 1704 ἐπιγνώσεται

2194 1748 2277 1793 τις
2305 1731 2435 1802 περὶ
2458 1722 2531 1785 ὧν
2559 1728 2838 1801 κατηχήθη
2865 1728 3037 1798 λόγων
3065 1728 3167 1799 τὴν
3219 1725 3540 1796 ἀσφάλειαν
3558 1766 3574 1791 ,
3623 1728 3786 1793 συνεὶς

533 1823 638 1878 fuit
679 1823 983 1887 veritatem,
1046 1820 1354 1890 intelligens
1425 1833 1730 1874 sermonem
1790 1816 2090 1887 Evangelii.

2207 1822 2281 1874 τὸν
2313 1821 2466 1890 λόγον
2496 1819 2591 1874 τοῦ
2631 1820 2981 1890 Εὑαγγελίου.
3017 1819 3465 1890 Ἐπαγγὲλλεται
3497 1803 3672 1873 τοίνυν
3694 1822 3784 1892 τῆς

535 1915 774 1982 Spondet
818 1926 952 1983 ergo
1008 1910 1376 1966 ﬁrmissimam
1439 1910 1825 1979 cognitionem,
1876 1898 1937 1963 ti't
1973 1924 2094 1982 qua;

534 2005 625 2060 ille
655 2004 839 2058 auditu
873 2013 1182 2071 acceperat.
1229 2000 1353 2055 llaec
1400 2001 1562 2054 etiam
1616 2000 1813 2055 litteris
1871 2008 2092 2055 exarata

534 2096 718 2166 legens
738 2096 982 2151 securius
1007 2095 1257 2160 retineat,
1301 2091 1569 2162 (idemque
1602 2103 1906 2148 conservet.

604 2188 814 2243 Justum
849 2202 970 2241 esse
1020 2202 1201 2241 coram
1240 2185 1372 2253 Deo,
1404 2187 1525 2243 laus
1555 2197 1637 2242 est
1671 2185 2094 2241 absolutissima.

536 2279 627 2334 llle
651 2279 794 2333 enim
834 2278 985 2333 novit
1044 2278 1211 2332 corda
1271 2279 1550 2333 hominum
1604 2277 2092 2347 siugularissimus.

536 2371 682 2426 Fieri
716 2372 860 2427 enim
891 2380 1091 2441 potest,
1118 2371 1350 2451 utjuxta
1379 2371 1523 2440 quod
1553 2373 1893 2425 extrinsecus
1921 2377 2095 2439 paret,

530 2463 709 2533 justus
743 2464 865 2533 quis
919 2464 991 2518 sit
1033 2478 1217 2518 coram
1270 2463 1712 2517 hominibus:at
1767 2476 1896 2515 vero
1941 2461 2096 2531 juxta

534 2563 806 2609 secretum
850 2554 1030 2608 cordis
1071 2569 1411 2623 nequaquam
1446 2556 1516 2609 sit
1545 2555 1688 2617 talis,
1725 2555 1878 2623 quasi
1928 2553 1980 2606 in
2012 2552 2097 2605 lu-

535 2644 667 2700 stris
696 2644 1020 2713 quibusdam
1077 2643 1349 2697 latitantes
1396 2643 1602 2697 habens
1653 2655 1846 2709 pravas
1897 2639 2100 2708 cogita-

536 2736 733 2790 tiones.
770 2733 962 2788 Simile
1006 2743 1091 2789 est
1137 2733 1282 2801 quod
1308 2732 1548 2788 occurrit
1575 2732 1714 2803 apud
1741 2730 2054 2800 Apostolum
2080 2746 2095 2783 :

538 2825 776 2892 Quorum
804 2825 919 2880 laus
947 2842 1049 2879 non
1079 2841 1143 2878 ea:
1173 2824 1489 2893 hominibus,
1526 2826 1616 2879 sed
1643 2840 1709 2879 ea;
1741 2823 1853 2877 Deo
1876 2823 1946 2877 '9.
1981 2821 2093 2877 lio-

540 2918 715 2973 mines
747 2918 892 2972 enim
934 2932 1276 2986 nequaquam
1326 2926 1502 2986 utpar
1553 2925 1641 2971 est
1681 2915 1924 2980 laudant,
1957 2914 2100 2984 quod

539 3017 693 3078 paret
742 3008 901 3063 modo
955 3008 1322 3062 videnteszat
1371 3008 1512 3062 Deus
1555 3008 1706 3062 etde
1757 3004 2100 3076 vituperabili

536 3100 815 3170 judicium,
842 3108 896 3154 et
916 3099 982 3153 de
1001 3098 1417 3171 commendabili
1446 3098 1653 3152 Iaudem
1678 3097 1921 3168 apposite
1948 3096 2096 3152 facit.

542 3191 608 3247 V.
637 3190 692 3247 6.
736 3190 1039 3246 Incedentes
1093 3193 1148 3244 in
1199 3192 1436 3244 omnibus
1486 3193 1761 3259 prmeeptis
1804 3200 1855 3245 et
1882 3190 2096 3259 juribus

1033 3260 1275 3321 Domini,
1308 3260 1586 3328 inculpati.

540 3331 606 3387 ν.
639 3333 694 3388 7.
726 3332 791 3387 Et
825 3349 925 3387 non
953 3342 1063 3386 erat
1084 3333 1208 3399 ipsis
1240 3331 1385 3400 ﬁlius
1415 3346 1435 3384 :
1463 3341 1735 3399 propterea
1766 3330 1903 3395 quod
1923 3329 2102 3383 Eliso-

611 3403 724 3458 betlt
775 3413 884 3458 erat
907 3402 1187 3465 sterilis,et
1213 3401 1364 3454 ambo
1389 3403 1616 3471 provecti
1633 3401 1692 3455 in
1711 3401 1891 3454 diebus
1921 3414 2100 3453 eorum

609 3483 775 3527 erant.

541 3542 609 3600 ν.
635 3541 689 3599 8.
719 3544 924 3598 Accidit
965 3554 1138 3614 autem
1168 3541 1294 3614 dum
1324 3540 1619 3595 sacerdotio
1649 3538 2098 3614 fu_ngeret_uripse,

860 3616 918 3669 in
953 3613 1135 3667 ordine
1158 3612 1286 3666 vicis
1313 3628 1443 3678 sate,
1474 3627 1651 3666 coram
1679 3609 1810 3676 Deo,
1869 3613 1871 3616 ⁴

540 3741 608 3800 ν.
635 3743 692 3797 9.
728 3742 1028 3798 Secundum
1049 3760 1242 3798 morem
1273 3744 1554 3798 sacerdotii
1575 3760 1593 3798 :
1621 3743 1840 3814 sortitus
1872 3752 1951 3797 est
1978 3743 2100 3814 tity-

609 3814 1072 3884 miama_adolere,
1101 3815 1366 3884 ingressus
1409 3814 1461 3867 in
1493 3812 1737 3882 templum
1768 3812 1997 3884 Domini.

543 3882 610 3936 ν.
653 3882 740 3936 10.
788 3882 859 3935 Et
894 3892 1003 3937 tota
1047 3882 1327 3954 muliitudo
1371 3895 1482 3936 erat
1527 3884 1708 3954 populi
1740 3898 1898 3937 orans
1931 3882 2103 3953 foris,

1055 3950 1185 4005 ltora
1209 3950 1582 4021 thymiamatis.

613 4040 842 4096 Fortean
926 4042 1069 4097 dicet
1137 4043 1334 4112 aliquis
1371 4060 1385 4098 :
1417 4042 1618 4113 thuid
1670 4044 1976 4114 appositum
2024 4051 2109 4098 est

543 4132 665 4188 istis
700 4132 851 4197 illud,
877 4134 1134 4203 inculpati
1159 4134 1184 4188 ἒ)
1212 4134 1347 4189 satis
1378 4135 1522 4189 enim
1555 4143 1674 4189 erat
1716 4135 1824 4190 illis
1870 4134 2107 4190 incedere

541 4222 597 4278 i'n
626 4224 860 4279 omnibus
886 4224 981 4278 viis
1025 4223 1122 4278 Dei
1149 4234 1197 4279 et
1217 4221 1431 4293 juribus
1456 4238 1475 4276 :
1511 4224 1614 4279 nisi
1658 4224 1803 4281 forte
1850 4226 2107 4296 possibile

541 4316 614 4372 sit
640 4316 885 4371 incedere
920 4316 972 4370 in
995 4316 1245 4371 omnibus
1277 4316 1562 4383 mandatis,
1590 4334 1694 4373 non
1724 4308 1991 4387 inculpate
2022 4327 2104 4371 ta-

542 4422 688 4463 men.
723 4406 852 4462 Dico
902 4408 1065 4477 igitur
1115 4408 1181 4460 ad
1228 4407 1332 4462 hoc
1355 4447 1371 4473 ,
1402 4409 1529 4479 quia
1559 4409 1603 4464 si
1633 4424 1739 4463 non
1764 4420 1909 4464 esset
1936 4408 2099 4476 istud,

2195 1913 2447 1983 γνώσεως
2466 1915 2526 1967 τὸ
2551 1912 2786 1983 βέϐαιον,
2808 1913 2894 1967 ἵνα
2920 1913 3062 1987 ἅπερ
3076 1915 3297 1979 ἐκεῖνος
3324 1915 3472 1984 ἀκοῇ
3498 1912 3779 1985 παρέλαϐε,

2193 2006 2365 2060 ταῦτα
2394 2006 2488 2060 καὶ
2519 2006 2837 2079 γράμμασιν
2866 2006 3210 2077 ἐντυγχάνων
3232 2007 3647 2078 ἀσφαλέστερον
3666 2022 3783 2060 κατ-

2197 2098 2296 2171 έχῃ
2314 2137 2328 2161 ,
2361 2099 2455 2152 καὶ
2484 2098 2582 2170 τὴν
2613 2097 2793 2151 πίστιν
2819 2098 3068 2171 διατηρῇ.
3680 2117 3684 2121 ‘

2186 2209 2195 2217 -
2270 2190 2342 2242 Τὸ
2381 2185 2521 2244 εἶναι
2555 2190 2759 2244 δίκαιον
2789 2189 3016 2244 ἐνώπιον
3056 2189 3151 2245 τοῦ
3190 2188 3363 2255 Θεοῦ,
3409 2189 3634 2254 ἔπαινός
3666 2190 3774 2243 ἐστι

2197 2278 2421 2343 τέλειος.
2459 2280 2631 2343 Αὐτὸς
2667 2279 2777 2352 γὰρ
2809 2279 3095 2334 ἐπίσταται
3130 2281 3238 2345 τὰς
3283 2280 3526 2353 καρδίας
3555 2279 3662 2334 τῶν
3691 2281 3777 2334 ἀν-

2198 2367 2428 2442 θρώπων
2462 2368 2785 2441 μονώτατος.
2818 2370 3120 2442 Ἐνδέχεται
3147 2370 3265 2444 γὰρ
3293 2370 3443 2426 κατὰ
3471 2370 3573 2442 μὲν
3592 2371 3650 2424 τὸ
3666 2388 3776 2440 φαι-

2198 2460 2419 2531 νόμενον
2451 2461 2657 2516 δίκαιον
2689 2457 2828 2516 εἷναί
2867 2479 2988 2515 τινα
3022 2460 3260 2518 ἐνώπιον
3294 2461 3410 2516 τῶν
3451 2460 3771 2534 ἀνθρώπων,

2200 2549 2341 2604 κατὰ
2371 2550 2428 2603 δὲ
2458 2549 2519 2603 τὸ
2554 2549 2795 2621 κρυπτὸν
2835 2549 2934 2620 τῆς
2962 2549 3191 2621 καρδίας
3238 2550 3319 2622 μὴ
3354 2544 3497 2601 εἶναι
3525 2547 3768 2609 τοιοῦτον,

2200 2642 2612 2715 ὲμφωλεὺοντας
2626 2661 2795 2715 κεκτη
2804 2644 2962 2715 μένος
2974 2645 3125 2714 λογιο
3134 2645 3276 2715 μοὺς
3297 2640 3595 2714 πονηρούς.
3610 2638 3775 2693 Τοιοῦ-

2200 2752 2289 2789 τον
2314 2735 2407 2789 καὶ
2426 2734 2486 2788 τὸ
2512 2736 2662 2807 παρὰ
2685 2736 2764 2806 τῷ
2809 2735 3112 2806 ’Δποστόλῳ
3130 2752 3143 2764 ·
3174 2729 3297 2790 Ὧν
3322 2736 3358 2789 ὁ
3392 2732 3636 2797 ἔπαινος
3666 2731 3766 2784 οὐκ

2202 2826 2271 2892 ἐξ
2297 2826 2641 2896 ἀνθρώπων,
2675 2827 2813 2883 ἀλλ’
2842 2828 2912 2881 ἐκ
2948 2826 3112 2882 Θεοῦ.
3140 2828 3206 2879 οι
3234 2826 3352 2897 γὰρ
3379 2825 3652 2897 ἄνθρωποι
3678 2821 3769 2874 οὐκ

2201 2913 2367 2979 ἀξίως
2394 2914 2694 2979 ἐπαινοῦσι,
2739 2914 2799 2968 τὸ
2831 2915 3151 2987 φαινόμενον
3184 2915 3355 2986 μόνον
3398 2913 3702 2985 βλέποντες·
3731 2911 3757 2962 ό

2201 3005 2257 3059 δὲ
2284 3005 2415 3069 Θεὸς
2444 3005 2539 3059 καὶ
2574 3005 2668 3058 τοῦ
2699 3005 2899 3077 ψεκτοῦ
2931 3006 3030 3078 τὴν
3068 3005 3273 3079 κρίσιν,
3312 3004 3531 3061 καὶτοῦ
3566 3005 3766 3058 ἐπαινε-

2201 3096 2294 3149 τοῦ
2332 3097 2424 3151 τὸν
2453 3096 2671 3152 ἔπαινον
2693 3098 2860 3163 ἀξίως
2885 3100 3050 3153 ποιεῖ.

2199 3188 2346 3259 Στίχ.
2385 3190 2884 3259 ς’.λΠορευόμενοι
2924 3189 2996 3244 ἐν
3043 3188 3273 3256 πάσαις
3312 3187 3465 3259 ταῖς
3509 3182 3769 3249 ἐντολαῖς

2389 3257 2487 3329 καὶ
2507 3257 2854 3329 δικαιώμασι
2885 3259 2991 3313 τοῦ
3021 3261 3241 3329 Κυρίου
3281 3258 3593 3329 ἄμεμπτοι.

2198 3326 2347 3399 Στίχἒ
2374 3326 2437 3391 ζ’.
2469 3329 2577 3399 Καὶ
2603 3325 2717 3382 οὐκ
2755 3326 2831 3399 ἦν
2866 3328 3070 3394 αὐτοῖς
3093 3325 3353 3382 rem-or"
3389 3325 3593 3399 ἇιαθότι
3629 3325 3763 3399 Ἑλι-

2269 3393 2460 3468 σᾶϐετ
2480 3393 2557 3467 ἦν
2595 3393 2819 3466 στείρα,
2856 3399 2954 3455 καὶ
2991 3393 3321 3468 ἀμφότεροι
3352 3395 3768 3468 προϐεϐηκότες

2271 3466 2341 3519 ἐν
2371 3466 2773 3537 ταῖςῆμέραις
2797 3468 2994 3524 αὐτῶν
3015 3466 3197 3537 ἦσαν.

2201 3537 2348 3617 Στίχ,
2395 3531 2871 3617 η’ῄῗτέᾒετδδὲ
2901 3540 2973 3593 ἐν
3002 3531 3082 3617 τῷ
3123 3540 3458 3617 ἱερατεύειν
3496 3535 3673 3592 αὐτὸν
3703 3531 3766 3612 ἐζ

2270 3607 2345 3690 τῇ
2390 3607 2717 3690 τάξειτῆς
2768 3610 3089 3681 ἐφημερίας
3138 3610 3363 3676 αὐτοῦ,
3418 3609 3620 3665 ἔναντι
3670 3607 3766 3658 τοῦ

2204 3680 2450 3819 2:38.03".
2500 3749 2661 3804 Κατὰ
2685 3750 2751 3804 τὸ
2777 3751 2914 3817 ἔθος
2941 3748 3053 3819 τῆς
3072 3750 3387 3819 ,ἱερατείας
3406 3765 3420 3780 ο
3453 3748 3634 3819 ἔλαχε
3667 3738 3763 3796 τοῦ

2266 3816 2566 3887 θυμιᾶσαι,
2599 3816 2897 3875 εἰσελθὼν
2914 3816 3314 3887 εὶςτὸνξναὸν
3337 3816 3447 3874 τοῦ
3472 3816 3703 3886 Κυρίου.

2203 3886 2351 3959 Στιχ.
2384 3895 2435 3942 ι’.
2466 3889 2576 3960 Καὶ
2603 3888 2725 3949 πᾶν
2754 3889 2821 3960 τὸ
2853 3888 3085 3960 miriﬁce;
3121 3886 3200 3960 ἦν
3236 3890 3348 3945 τοῦ
3389 3887 3543 3960 λαοῦ
3589 3894 3757 3954 προσ-

2359 3959 2691 4028 ευχόμενον
2716 3958 2832 4024 ἔξω
2851 3958 2926 4028 τῇ
2948 3958 3067 4028 ὥρᾳ
3087 3958 3195 4013 τοῦ
3226 3959 3609 4031 θυμιάματος.

2280 4048 2441 4112 Ἴσως
2476 4050 2592 4121 ὲρεῖ
2633 4066 2737 4114 τιςο
2761 4050 2862 4104 Διὰ
2881 4051 2935 4104 τι
2960 4050 3242 4121 πρόκειται
3265 4052 3482 4116 τούτοις
3504 4047 3761 4117 τὺ,ἇμεμ·

2208 4149 2343 4192 πται
2357 4152 2375 4201 ;
2395 4138 2551 4210 ἤρκει
2578 4137 2686 4213 γὰρ
2712 4140 2894 4203 αὐτοῖς
2922 4141 3276 4209 πορεύεσθαι
3297 4143 3374 4208 ἐν
3404 4139 3624 4204 πάσαις
3642 4129 3760 4199 τὶιῖς

2212 4229 2374 4297 ὁδοῖς
2398 4229 2507 4284 τοῦ
2553 4232 2699 4286 Θεοῦ
2725 4231 2825 4285 καὶ
2860 4230 3249 4302 δικαιώμασιν
3271 4250 3285 4264 ·
3328 4235 3378 4287 ει
3411 4232 3485 4304 μὴ
3520 4230 3625 4302 ἄρα
3653 4225 3759 4279 ἐστὶ

2217 4321 2540 4394 πορεύεσθαι
2565 4325 2623 4377 ὲν
2654 4323 2854 4387 πάσαις
2888 4326 3008 4388 ταῖς
3039 4323 3308 4389 ἐντολαῖς,
3343 4325 3445 4379 οὐκ
3476 4321 3758 4394 ἀμέμπτως

2217 4413 2295 4469 δέ.
2319 4413 2465 4484 Φημὶ
2482 4413 2540 4467 δὲ
2569 4409 2661 4468 οὖν
2700 4414 2836 4487 πρὸς
2868 4416 3050 4480 αὐτὸν,
3073 4417 3176 4480 ὅτι,
3204 4418 3253 4470 ει
3281 4417 3357 4489 μὴ
3384 4413 3453 4488 ἦν
3476 4413 3644 4476 τοῦτο,
3667 4407 3756 4462 οὐκ

543 4497 731 4566 utique
761 4513 866 4554 non
894 4498 1089 4554 fuisset
1119 4500 1320 4555 dictum
1357 4517 1371 4554 :
1400 4500 1555 4555 Juste
1573 4500 1839 4571 justitiam
1868 4501 2099 4556 sectabe-

2207 4504 2273 4558 ἂν
2296 4504 2531 4575 ἐλέγετο·
2561 4507 2808 4574 Δικαιως
2838 4508 2905 4561 τὸ
2942 4507 3175 4562 δίκαιον
3194 4507 3448 4576 διώξεις.
3496 4503 3655 4560 Ἐπὰν
3673 4493 3755 4552 οὖν

543 4589 618 4644 ris
639 4589 707 4644 “.‘
742 4589 966 4659 Quando
996 4593 1160 4663 igitur
1184 4589 1501 4648 exercemus
1528 4595 1778 4657 virtutes,
1813 4593 1893 4649 sic
1924 4603 2104 4649 tamen

542 4692 602 4741 ut
646 4686 698 4741 in
738 4688 1067 4744 conscientia
1098 4688 1396 4744 habeamus
1425 4689 1686 4759 quasdam
1723 4688 1910 4743 sordes
1953 4702 2105 4744 vaste

541 4778 750 4846 gloriae,
782 4788 874 4834 aut
907 4780 1221 4853 hominibus
1250 4779 1519 4851 placendi,
1550 4787 1646 4834 aut
1682 4778 1905 4834 alterius
1932 4778 2103 4833 alicu-v

538 4867 627 4938 jus
658 4870 984 4940 huiusmodi,
1017 4888 1124 4927 non
1154 4887 1248 4928 eas
1279 4873 1551 4943 inculpate
1574 4884 1918 4927 exercemus.

448 4970 457 4977 ’
547 4960 609 5016 V.
645 4961 733 5017 11.
761 4964 1019 5034 Apparuit
1070 4975 1238 5018 autem
1277 4965 1325 5017 ei
1348 4963 1562 5034 angelus
1595 4963 1846 5034 Domini,
1882 4972 2030 5017 stans
2075 4976 2108 5014 a

892 5035 1090 5089 dextris
1126 5034 1310 5087 altaris
1340 5033 1721 5089 thumiamatis.

548 5096 611 5155 ν.
643 5100 729 5155 12.
774 5102 841 5157 Et
892 5106 1130 5158 turbatus
1178 5115 1252 5157 est
1291 5096 1579 5159 Zacharias
1621 5103 1800 5158 videns
1833 5110 1922 5156 :et
1952 5101 2110 5155 timor

514 5211 523 5220 .
1105 5174 1287 5227 cecidit
1315 5176 1369 5228 in
1392 5190 1529 5229 eum.

547 5235 610 5293 ν.
625 5240 736 5312 _15.
773 5242 919 5298 Dixit
952 5252 1126 5297 autem
1160 5243 1229 5296 ad
1276 5243 1426 5297 illum
1468 5242 1684 5312 angelus
1714 5258 1734 5297 :
1773 5241 1857 5297 Ne
1883 5241 2070 5312 timeat
2089 5280 2105 5303 ν

615 5307 903 5379 Zacharia,
942 5323 1214 5382 propterea
1250 5316 1388 5383 quod
1425 5307 1678 5383 exaudita
1709 5321 1787 5366 est
1813 5310 2105 5383 postulatio

615 5391 708 5434 tua
740 5381 956 5450 suppleto
976 5427 989 5443 ,
1020 5394 1068 5437 et
1116 5381 1378 5437 uxor'tua
1420 5381 1694 5437 Elisabeth
1719 5386 1886 5447 pariet
1937 5381 2106 5450 ﬁlium

617 5451 735 5517 tibi,
760 5462 809 5505 et
843 5454 1049 5508 vocabis
1075 5469 1261 5508 nomen
1288 5453 1404 5523 ejus
1428 5453 1705 5511 Joannem.

617 5609 664 5646 ⁸⁸
682 5609 825 5667 Psal.
851 5627 962 5679 etv,
986 5614 1077 5669 '57.
1178 5614 1225 5649 ”
1252 5613 1410 5671 Rom.
1443 5630 1496 5682 ιι,
1528 5612 1618 5670 29.

608 5732 723 5807 (il)
759 5735 985 5807 Etymon
1016 5736 1320 5807 Theophili.

617 5806 730 5882 (ιῖ)
754 5805 1032 5879 Cratistos,
1063 5805 1214 5879 quasi
1245 5809 1579 5877 fortissimum
1614 5808 1781 5866 dicas.

2204 4597 2445 4668 ποιῶμεν
2474 4597 2574 4662 τὰς
2608 4598 3004 4663 ὲντολὰς,ὥστε
3031 4601 3127 4654 καὶ
3148 4601 3205 4653 ὲν
3234 4600 3311 4672 τῷ
3333 4598 3584 4655 συνειδότι
3601 4593 3756 4667 ῥύπυν

2206 4687 2533 4755 κενοδοξίας,
2553 4688 2586 4760 ἢ
2611 4689 3149 4763 ὰνθρωπαρεσκείας,
3176 4691 3209 4763 ἦ
3233 4691 3419 4765 ἐτέρου
3440 4688 3578 4751 τινὸς
3596 4679 3756 4739 τοιού-

2205 4796 2297 4833 του
2323 4777 2509 4849 ἔχειν,.
2527 4777 2639 4851 (45)
2676 4779 2944 4853 ποιοῦμεν
2975 4780 3075 4845 τὰς
3105 4780 3326 4846 ἐντολὰς
3349 4774 3661 4852 ἀμέμπτως»

2750 4975 2819 5030 δὲ
2862 4975 3022 5042 αὐτῷ
3042 4974 3297 5048 ἇκησελοςί
3321 4974 3538 5048 Κυρίου
3571 4964 3747 5028 ἑστὼς

2260 5040 2335 5130 ἐξ
2360 5040 2717 5130 δεέιῶῐίῖοὲῖ
2746 5040 3181 5130 θυετιίξσέρρῖάυ
3206 5040 3313 5130 ῖδῦ
3337 5040 3703 5130 ἐύμιάμξῖοετ

2208 5113 2358 5185 Στιχ.
2399 5100 2486 5168 ιεῖ.
2522 5114 2633 5170 Καὶ
2667 5100 2961 5187 ἐταράχθη
2995 5100 3297 5187 zzz..ng
3332 5100 3616 5170 war-kat
3648 5100 3746 5176 ἐνόν

2601 5186 2703 5252 6ος
2724 5186 3021 5241 ἐπέπεσεν
3053 5186 3147 5241 ἐπ’
3172 5188 3378 5242 αὐτόν.

2209 5251 2481 5329 Στίχζιγέ.
2508 5252 2656 5329 Eine
2677 5246 2952 5329 Decepi);
2968 5257 3154 5329 αὐτὸν
3177 5260 3211 5311 ό
3228 5257 3476 5329 analog-
3492 5267 3508 5285 '
3531 5246 3625 5329 ἡ
3652 5257 3747 5329 φρ-

2283 5321 2712 5396 ϐοῦ,Ζαχαρια,
2742 5321 3288 5396 διότιεσηκούσθῇ
3375 5321 3575 5396 δέησζς
3606 5327 3740 5372 σθυο

2417 5397 2458 5464 ἠ
2680 5410 2796 5480 σου
2813 5391 3151 5480 .Ἐλισάᾷετ
3163 5391 3444 5480 γεννήσει
3462 5391 3602 5480 quid?
3621 5396 3739 5444 σοιν

2284 5464 2382 5518 καὶ
2416 5464 2696 5532 καλέσεις
2715 5466 2781 5521 τὸ
2803 5466 2989 5538 ὄνομα
3008 5464 3193 5524 αὑτοῦ
3224 5465 3508 5533 Ἰωάννην-

2206 4973 2354 5059 Στβχ.
2370 4980 2472 5059 ἔαξε
2501 4975 2714 5059 ,Ὤςρθτι

1719 5614 1763 5647 ³⁰
1797 5613 1950 5671 Deut.
1978 5625 2090 5679 1m,
2115 5609 2203 5672 20.

2269 5742 2383 5816 (45)
2413 5746 2571 5802 Deest
2591 5746 2674 5801 οὐ.
