3942 6318
493 465 496 468 .
565 385 670 442 sia

1447 380 2009 438 SUPPLEMENTUM
2048 379 2137 434 AD
2176 379 2503 438 ORIGENIS
2541 381 2947 439 EXEGETICA.
2991 357 2993 360 ⁴

3699 393 3792 450 ’520

567 507 776 572 tempus
809 515 1163 570 praecurrere,
1193 499 1284 553 sed
1314 499 1647 567 exspectavit
1676 499 1846 553 donec
1873 499 2116 552 ministe-

2228 499 2468 572 δραμεῖν,
2498 501 2610 555 ἀλλ’
2633 503 2816 574 ἔμεινε
2859 503 3146 576 πληρῶσαι
3177 503 3282 576 τὴν
3320 502 3692 578 λειτουργίανο
3722 513 3795 566 δι-

564 593 701 644 rium
731 592 1038 648 absolveret
1077 611 1090 645 :
1121 593 1320 644 docens
1341 629 1355 653 ,
1387 591 1527 656 quod
1558 598 1806 658 oporteat
1835 591 2014 644 omnia
2045 604 2129 642 se-

562 685 739 740 cundo
770 685 886 740 loco
917 683 1136 749 habere,
1175 697 1286 749 prae
1317 682 1407 736 Dei
1439 683 1668 736 honore.
1700 681 2127 736 Prudentissimo

561 787 740 831 autem
769 775 997 832 consilio
1024 775 1316 830 occultavit
1343 789 1462 828 sese
1492 774 1787 838 Elisabeth,
1809 789 1981 844 usque
2002 776 2124 828 dum

563 868 860 935 graviditas
889 867 1004 935 ejus
1047 868 1262 936 patuit,
1300 881 1401 921 nec
1439 866 1532 920 ulli
1565 868 1788 922 suberat
1833 883 1919 922 res
1963 869 2126 937 tergi-

560 957 857 1010 versa-tioni
893 974 904 1009 :
941 965 999 1010 ut
1032 971 1098 1010 ex
1132 958 1320 1009 auditu
1370 957 1617 1012 nolentes
1671 957 1984 1024 persuaderi
2032 960 2123 1027 qui

560 1047 676 1102 haec
710 1049 998 1102 audiebant
1029 1089 1044 1112 ,
1079 1050 1253 1103 eidem
1284 1050 1456 1119 culpae
1481 1089 1496 1114 ,
1522 1063 1626 1118 qua
1655 1048 1966 1116 Zacharias,
2001 1051 2127 1104 sub-

553 1139 726 1207 jectos
752 1155 871 1193 sese
907 1141 1334 1210 suspicarentur.

630 1227 1118 1298 (49)Hyperbaton,
1141 1244 1233 1284 seu
1256 1231 1520 1284 sermonis
1549 1231 1832 1286 translatio
1857 1231 1928 1284 ita
1949 1245 2007 1285 se
2029 1231 2128 1284 ha-

560 1323 650 1375 bet
687 1339 700 1374 :
736 1320 932 1374 Missus
959 1331 1033 1374 est
1068 1321 1283 1390 angelus
1306 1322 1373 1375 ad
1403 1323 1649 1392 virginem
1671 1327 1736 1376 de
1763 1324 1913 1376 domo
1934 1323 2122 1390 David,

558 1422 606 1464 et
635 1428 819 1466 nomen
842 1413 1058 1480 virginis
1078 1411 1332 1477 Mariam,
1357 1415 1721 1483 desponsatam
1750 1417 1881 1481 uiro,
1913 1417 1997 1468 cui
2029 1432 2093 1468 no
2112 1447 2125 1456 ο

557 1521 675 1557 men
695 1503 914 1572 Ioseph.
947 1502 1061 1558 Non
1091 1513 1178 1558 est
1208 1513 1388 1559 autem
1414 1505 1612 1560 missus
1642 1506 1707 1560 ad
1731 1505 1926 1575 Ioseph
1965 1520 2128 1577 ange-

558 1598 662 1662 lus,
693 1598 890 1667 quippe
919 1598 1051 1652 nihil
1087 1607 1205 1652 erat
1235 1613 1520 1653 commune
1567 1597 1803 1667 Josepho
1833 1613 1953 1652 cum
1987 1599 2128 1651 nati-

558 1689 727 1744 vitnle
763 1689 1166 1758 Dominizquia
1216 1688 1424 1745 scilicet
1458 1705 1580 1744 cum
1632 1691 1885 1759 cmpisset
1935 1703 2126 1759 pecca-

2225 593 2463 657 δάσκων,
2508 596 2589 648 ὅτι
2628 597 2708 650 δεῖ
2747 597 2922 650 πάντα
2965 597 3202 670 δεύτερα
3257 599 3534 652 ποιεῖσθαι
3583 603 3677 672 τῆς
3726 608 3797 670 είς

2225 684 2354 738 Θεὸν
2381 686 2572 757 τιμῆς.
2609 689 3080 760 Οἰκονομικώτατα
3107 691 3170 744 δέ
3206 690 3584 762 περιέκρυϐεν
3618 694 3801 768 ἑαυτὴν

2225 779 2258 848 ἡ
2301 777 2598 846 Ἐλισάὸετ,
2633 781 2737 846 ἕως
2766 778 2825 836 οὗ
2853 782 3094 856 ἐγνώσθη
3143 785 3180 854 ἡ
3229 782 3457 854 γαστὴρ
3498 785 3684 854 αὐτῆς,
3718 788 3802 840 καὶ

2225 871 2588 942 ἀναμφίϐολον
2617 871 2684 946 ἦν
2721 877 2783 929 τὸ
2823 879 3086 948 πρᾶγμα·
3131 879 3226 932 ἵνα
3252 877 3399 946 (49Ἴ
3432 877 3492 945 ἐξ
3528 879 3693 948 ἀκοῆς
3737 881 3803 951 μὴ

2227 963 2536 1036 βουλόμενοι
2565 968 2849 1040 πεισθῆναι
2886 972 2934 1023 οἱ
2981 971 3283 1033 ἀκούοντες
3305 968 3508 1031 ταῦτα,
3569 971 3646 1041 τῷ
3671 973 3806 1045 αὐτῷ

2225 1058 2527 1131 ἐγκλήματι
2550 1062 2980 1130 ὑποπτεύσωσιν,
3021 1059 3066 1133 ᾧ
3096 1065 3199 1118 καὶ
3227 1063 3538 1134 Ζαχαρίας.

2228 1255 2230 1258 '
2295 1240 2368 1294 T6
2395 1241 2704 1319 ,ὑπερϐατὸν
2728 1241 2899 1306 οὕτως
2923 1241 3035 1313 ἔχει
3057 1259 3071 1273 ο
3117 1218 3480 1310 Ἀπὲστάλη
3509 1244 3543 1296 ό
3567 1243 3804 1313 ἅγγελος

2225 1333 2374 1400 πρὸς
2394 1335 2692 1401 παρθένον
2715 1333 2784 1398 ἐξ
2810 1335 2979 1389 οἴκου
3000 1335 3202 1400 Δαυῒδ,
3244 1335 3350 1388 καὶ
3386 1336 3458 1388 τὸ
3492 1335 3678 1405 ὄνομα
3708 1337 3806 1404 τῆς

2225 1422 2520 1490 παρθένου
2578 1425 2809 1494 Μαριὰμ
2831 1437 2855 1491 ,‘
2896 1425 3455 1494 μεμνηστευμένην
3510 1426 3679 1495 ἀνδρὶ
3706 1469 3720 1492 ,
3761 1421 3805 1495 ᾧ

2227 1513 2412 1583 ὄνομα
2467 1515 2697 1585 Ἰωσήφ.
2748 1518 2862 1570 Οὐκ
2908 1518 3190 1590 ἀπεστάλη
3248 1518 3328 1571 δὲ.
3363 1518 3509 1589 πρὸς
3552 1519 3740 1591 Ἰωσὴφ
3778 1523 3806 1575 6

2225 1605 2451 1674 ἄγγελος
2469 1624 2483 1637 ο
2519 1607 2702 1678 ἐπειδὴ
2729 1609 2879 1662 οὐδὲν
2905 1604 2972 1680 ἦν
3003 1609 3179 1662 κοινὸν
3208 1608 3293 1678 τῷ
3329 1608 3536 1680 Ἰωσὴφ
3563 1610 3694 1682 πρὸς
3715 1611 3804 1684 τὴν

2223 1698 2317 1752 τοῦ
2347 1699 2550 1771 Κυρίου
2580 1701 2853 1772 γέννησιν.
2900 1703 2990 1766 Ὠς
3019 1701 3082 1772 δὴ
3110 1699 3447 1773 ἀρξαμένης
3490 1703 3591 1772 τῆς
3633 1705 3800 1774 ἀμαρ-

560 1790 673 1836 tum
703 1795 732 1834 a
762 1782 988 1836 muliere
1011 1821 1024 1845 ,
1058 1783 1137 1836 sic
1168 1789 1222 1836 ct
1249 1782 1385 1836 bona
1415 1784 1699 1853 oportebat
1725 1790 1784 1835 ut
1827 1796 1858 1834 a
1902 1781 2126 1836 muliere

2228 1792 2345 1855 τίας
2373 1791 2479 1844 ἀπὸ
2501 1793 2776 1861 γυναικδς,
2803 1792 2944 1847 οὕτω
2971 1793 3064 1847 καὶ
3088 1794 3158 1848 τὰ
3191 1793 3388 1862 ἀγαθὰ
3430 1794 3542 1848 ἀπὸ
3562 1797 3801 1864 γυναικὸς

557 1875 957 1928 exordirentur.

559 1964 622 2019 ν.
651 1966 738 2020 54.
783 1965 926 2018 Dixit
969 1975 1142 2018 autem
1190 1964 1367 2019 Maria
1403 1965 1490 2018 .ad
1529 1965 1771 2035 angelum
1807 1981 1826 2019 :
1865 1964 2123 2033 quomodo

763 2039 859 2106 erit
883 2038 1021 2091 hoc?
1050 2037 1294 2106 quoniam
1326 2036 1490 2088 virum
1522 2053 1624 2089 non
1653 2051 1924 2106 cognosco.

558 2106 620 2162 γ.
655 2107 743 2161 55.
781 2105 848 2158 Et
875 2107 1136 2173 respondit
1169 2105 1404 2174 angelus,
1423 2115 1528 2160 etc.

625 2196 786 2262 Illud,
814 2198 1054 2250 invenisti
1087 2199 1338 2266 gratiam,
1381 2211 1665 2250 commune
1695 2208 1831 2252 erat.
1866 2196 2125 2254 Invenere

556 2304 790 2358 namque
836 2297 961 2343 ante
1001 2289 1144 2342 illam
1176 2297 1230 2341 et
1263 2288 1382 2342 alia:
1423 2291 1674 2357 gratiam.
1701 2288 1854 2354 Quod
1884 2304 2014 2344 vero
2045 2290 2126 2343 di-

555 2383 654 2444 xit,
687 2382 966 2450 concipias,
993 2397 1097 2435 non
1125 2381 1358 2448 amplius
1403 2395 1692 2435 commune
1721 2391 1838 2435 erat
1861 2420 1877 2445 ,
1912 2384 2006 2437 sed
2036 2398 2124 2438 res

555 2473 812 2528 inusitata
839 2512 854 2538 ,
896 2474 1112 2543 propria
1148 2489 1210 2526 ac
1259 2472 1548 2541 singularis
1598 2475 1651 2527 in
1705 2475 2122 2544 promissionem

553 2568 798 2637 virginis.
818 2565 843 2619 1
853 2566 1068 2620 nvenisti
1085 2565 1218 2619 enim
1235 2566 1470 2634 gratiam
1483 2565 1622 2633 apud
1653 2565 1838 2620 Deum.
1871 2567 2123 2654 Propter-

552 2673 640 2722 ea,
675 2673 738 2711 ne
779 2659 982 2711 timeas.
1031 2655 1409 2726 Cujuscunque
1452 2657 1596 2711 enim
1653 2658 1861 2714 timoris
1921 2658 2124 2714 ablatio

553 2757 658 2814 est,
696 2747 994 2802 Salvatoris
1031 2746 1317 2804 adventus.

735 2837 796 2893 V.
826 2838 914 2892 36.
939 2839 1002 2892 Et
1029 2855 1144 2892 ecce
1163 2837 1435 2896 Elisabeth
1469 2849 1686 2910 cognata
1704 2852 1817 2906 tua,
1841 2849 1946 2896 etc.

624 2996 842 3051 Audivit
868 2995 1204 3063 Praecursor,
1233 3007 1410 3054 motus
1443 2999 1763 3068 operatione
1796 2999 1968 3054 sancti
1998 2997 2120 3068 Spi-

556 3089 716 3150 ritus,
752 3088 931 3142 Mariae
965 3089 1370 3155 salutationem,
1402 3107 1562 3156 quam
1597 3091 1956 3160 interpellavit
1983 3090 2119 3146 Ver-

2155 1854 2197 1908 Β
2228 1854 2334 1937 εδει
2367 1854 2632 1956 ἄρξασθαι
2665 1854 2796 1957 (se).

2225 1977 2372 2051 Xrix‘.
2401 1977 2495 2029 λδ’.
2521 1975 2670 2051 Εϊπε
2686 1979 2754 2031 δὲ
2777 1979 3011 2051 Μαριὰμ
3043 1979 3194 2048 πρὸς
3227 1980 3344 2035 τὸν
3371 1979 3654 2051 ἄγγελον·
3680 1979 3799 2049 Πῶς

2327 2047 2500 2122 ἔσται
2529 2049 2739 2122 τοῦτο)
2769 2050 2897 2103 ἐπεὶ
2931 2047 3040 2122 τὸν
3068 2047 3269 2122 ἄνδρα
3297 2053 3373 2106 οὐ
3409 2047 3702 2122 γινώσκω.

2224 2117 2372 2187 Στίχ.
2399 2117 2491 2170 λε’.
2533 2119 2643 2173 Καὶ
2685 2121 3027 2188 ἀποκριθεὶς
3054 2125 3085 2175 ὀ
3113 2117 3534 2191 ἄγγελος-[καὶ
3565 2124 3634 2176 τὰ
3662 2121 3792 2192 ἑξῆς.

2293 2209 2386 2273 Τὸ,
2413 2207 2588 2279 εὗρες
2614 2211 2808 2281 χάριν,
2841 2213 3016 2268 κοινὸν
3040 2209 3128 2285 ἦν.
3163 2209 3348 2285 Εὗρον
3377 2214 3490 2285 γὰρ
3513 2213 3619 2284 πρὸ
3641 2214 3792 2282 αὐτῆς

2224 2303 2316 2355 καὶ
2367 2302 2523 2356 ἄλλαι
2566 2305 2749 2375 χάριν.
2795 2305 2868 2358 Τὸ
2911 2305 2953 2359 δ’
2989 2307 3186 2372 εἰπεῖν,
3247 2304 3581 2373 συλλήψῃ,
3629 2302 3792 2356 οὐκέτι

2223 2393 2400 2446 κοινὸν
2423 2389 2514 2465 ἦν,
2545 2393 2658 2447 ἀλλ’
2691 2395 2887 2459 ἰδιάζον
2909 2396 2990 2458 είς
3014 2395 3358 2464 ἐπαγγελίαν
3381 2393 3636 2466 παρθένῳ
3658 2392 3790 2457 ξένον

2223 2487 2472 2556 πρᾶγμα-
2512 2483 2702 2555 Εὖρες
2730 2487 2839 2556 γὰρ
2871 2486 3045 2557 χάριν
3075 2487 3238 2556 παρὰ
3275 2485 3360 2552 τῷ
3391 2485 3535 2552 Θεῷ.
3567 2485 3673 2548 Διὸ,
3713 2482 3788 2554 μὴ

2222 2576 2426 2643 φοϐοῦ.
2466 2575 2674 2639 Παντὸς
2695 2576 2803 2648 γὰρ
2831 2576 2995 2645 φόϐου
3028 2575 3326 2648 ἀφαίρεσις
3363 2578 3398 2647 ἡ
3434 2574 3527 2629 τοῦ
3554 2573 3785 2644 Σωτῆρος

2221 2664 2500 2737 ἐπιδημία.

2222 2845 2369 2913 Στίχ.
2395 2843 2502 2908 λς’.
2533 2844 2643 2898 Καὶ
2671 2843 2799 2898 ὶδοὺ
2838 2843 3226 2981 ὴιἙτῖιέἒιξϐετ
3250 2845 3292 2913 ἡ
3317 2841 3626 2914 συγγενής
3657 2854 3781 2905 σου,

2819 2932 2910 2967 και
2936 2932 3004 2967 τα
3096 2932 3186 2981 ης.

2819 2932 2910 2967 και
2936 2932 3004 2967 τα
3036 2932 3186 2969 εζης.

2819 2932 2910 2967 και
2936 2932 3004 2967 τα
3036 2932 3186 2986 εςης.

2295 3003 2405 3076 (51)
2437 3005 3097 3078 Ἦκουσενὸῐῖρόδρομος,
3131 3007 3198 3076 τῇ
3231 3006 3490 3077 ἐνεργείᾳ
3515 3002 3606 3056 τοῦ
3639 3001 3780 3070 ἁγίου

2221 3097 2537 3168 ΙΙνεύματος
2581 3097 2914 3169 κινούμενος,
2967 3097 3058 3150 τὸν
3106 3098 3407 3169 ἀσπασμὸν
3454 3097 3682 3166 Μαρίας,
3727 3093 3780 3148 ὃν

552 3179 678 3234 bum
712 3180 803 3235 Dei
839 3180 1110 3244 Christus,
1159 3190 1212 3236 et
1241 3182 1545 3237 exsultabat
1576 3183 1630 3236 in
1658 3184 1852 3252 gaudio
1878 3183 1930 3237 in
1966 3194 2119 3241 utero

2228 3187 2489 3240 ὑπέλαϐεν
2529 3189 2558 3240 6
2589 3188 2761 3256 Λόγος
2791 3187 2883 3241 τοῦ
2916 3187 3050 3241 Θεοῦ
3083 3191 3111 3242 6
3149 3189 3413 3260 Χριστὸς.
3455 3189 3548 3241 καὶ
3575 3186 3780 3256 ἐσκίρτα

553 3273 781 3336 matris,
835 3275 900 3328 ad
963 3276 1354 3329 ostendendam
1411 3275 1641 3344 gratiam
1689 3275 2122 3348 innuendainque

551 3365 915 3434 prophetiam.
948 3363 1114 3429 Quasi
1161 3369 1305 3420 enim
1337 3381 1402 3420 ex
1436 3382 1500 3420 eo
1547 3367 1806 3436 temporis
1845 3355 2121 3424 momento

553 3458 717 3523 coepit
740 3471 861 3511 eum
895 3458 1216 3526 prophetam
1253 3456 1434 3512 facere
1458 3457 1616 3512 Jesus
1643 3497 1657 3522 ,
1691 3457 2017 3514 intrinsecus
2046 3459 2120 3514 illi

553 3547 816 3601 exhibens
849 3546 1090 3616 mysterii
1119 3545 1565 3602 declarationem.
1592 3542 1855 3614 Quoniam
1886 3563 2015 3602 vero
2037 3551 2125 3602 da-

556 3648 667 3691 tum
699 3654 803 3692 non
832 3648 915 3693 est
945 3637 1241 3695 infantibus
1275 3641 1327 3695 in
1361 3650 1515 3696 utero
1551 3640 1933 3696 exsistentibus
1956 3643 2121 3711 loqui,

555 3739 773 3795 propter
807 3731 1280 3799 immaturitatem;
1309 3733 1584 3788 festinanti
1641 3731 1894 3802 Baptistae
1916 3749 2126 3788 annun-

555 3822 691 3876 tiare
710 3821 1119 3892 Redemptorem
1135 3826 1492 3880 commodavit
1509 3834 1681 3880 mater
1699 3826 1945 3895 corporis
1964 3842 2124 3896 orga-

555 3927 706 3965 num.
740 3912 854 3966 Non
902 3915 1046 3967 enim
1095 3915 1298 3985 Spiritu
1335 3927 1520 3972 sancto
1569 3929 1724 3973 antea
1758 3919 1992 3987 repletus
2016 3929 2119 3983 est,

557 4020 716 4073 quam
733 4005 943 4059 adesset
959 4021 1075 4074 qua:
1092 4017 1245 4060 utero
1264 4010 1502 4076 gestabat
1517 4009 1976 4066 Christum.Prius
1995 4028 2124 4066 vero

561 4093 736 4149 infans
754 4095 982 4164 repletus
999 4108 1079 4150 est
1096 4097 1374 4166 Spiritu,et
1393 4100 1712 4167 exsultabat;
1733 4117 1796 4157 ac
1809 4117 1969 4172 porro
1987 4104 2127 4156 dein-

557 4201 685 4253 ceps
725 4189 882 4242 matri
918 4190 1351 4257 communicavit,
1384 4192 1826 4263 exclamabatque
1872 4197 2125 4250 vaticinia

558 4278 1087 4350 £lisabeth,propter
1109 4283 1384 4349 infantem,
1419 4299 1578 4354 quem
1611 4287 1663 4340 in
1699 4294 1850 4342 utero
1887 4289 2122 4357 gerebat.

633 4368 905 4439 Ejusdem.
951 4369 1187 4440 Populus
1242 4374 1455 4442 quidem
1489 4391 1591 4430 non
1638 4376 1856 4446 agnovit
1879 4375 2123 4432 Salvato-

2223 3283 2280 3334 ἐν
2305 3279 2623 3349 ἀγαλλιάσει
2652 3281 2707 3334 ἐν
2737 3283 2802 3352 τῇ
2832 3280 3009 3352 κοιλίᾳ
3037 3281 3136 3351 τῆς
3187 3281 3425 3352 μητρὸς,
3460 3283 3540 3344 εἰς
3564 3279 3780 3349 ἐμφασιν

2221 3370 2395 3438 χαρᾶς
2440 3367 2535 3421 καὶ
2579 3369 2914 3439 προφητείας
2952 3368 3200 3440 δήλωσιν.
3255 3371 3443 3424 Οἱονεὶ
3475 3369 3581 3440 γὰρ
3613 3367 3779 3420 ἔκτοτε

2224 3453 2608 3526 αὐτὸνῆρξατο
2643 3458 2929 3528 προφήτην
2947 3461 3120 3510 ποιεῖν
3149 3461 3176 3512 6
3213 3459 3450 3530 Ἰησοῦς,
3488 3453 3778 3524 ἐνδοναύτῷ

2223 3546 2519 3619 παρασχὼν
2559 3547 2652 3601 τοῦ
2712 3549 3008 3621 μυστηρίου
3050 3550 3148 3622 τὴν
3184 3551 3443 3623 δήλωσιν.
3488 3548 3693 3618 Ἐπειδὴ
3725 3545 3775 3599 δὲ

2224 3639 2324 3691 οὐκ
2349 3638 2515 3692 ἔδωκε
2540 3639 2718 3693 λαλεῖν
2739 3644 2850 3704 τοῖς
2877 3639 3138 3713 ἐμϐρύοις
3169 3642 3258 3695 διὰ
3278 3643 3345 3696 τὸ
3377 3643 3575 3714 ἄωρον,
3623 3634 3772 3691 σπεύ-

2223 3730 2362 3784 δοντι
2379 3732 2454 3803 τῷ
2483 3734 2753 3804 Βαπτιστῇ
2786 3733 3015 3805 κηρύξαι
3038 3735 3128 3788 τὸν
3153 3735 3471 3807 Λοτρωτὴν,
3502 3734 3716 3804 ἔχρησεν
3742 3729 3773 3798 ἡ

2229 3825 2409 3894 μήτηρ
2449 3823 2540 3876 τοῦ
2591 3823 2841 3894 σώματος
2890 3827 3147 3898 ὄργανον·
3196 3828 3257 3880 οὑ
3314 3829 3426 3899 γὰρ
3483 3823 3772 3894 Πνεύματος

2225 3914 2378 3981 ἁγίου
2407 3915 2668 3986 πρότερον
2697 3917 3021 3988 ἐνεπλήσθη,
3055 3919 3186 3989 πρὶν
3211 3921 3498 3990 ἐπιστῆναι
3528 3916 3622 3986 τὴν
3659 3927 3771 3966 κυο-

2225 4004 2537 4073 φορήσασαν
2567 4006 2819 4077 Χριστόν.
2854 4007 3075 4078 Πρῶτον
3109 4007 3164 4060 δὲ
3188 4009 3248 4061 τὸ
3270 4009 3472 4080 βρέφος
3495 4001 3772 4076 ἐπληροῦτο

2226 4093 2558 4164 Πνεύματος,
2601 4097 2694 4150 καὶ
2743 4098 2997 4169 ἐσκίρτα·
3039 4099 3132 4151 καὶ
3168 4096 3264 4152 εἶθ’
3292 4100 3468 4162 οὕτως
3499 4100 3562 4168 τῇ
3619 4091 3767 4166 μητρὶ

2229 4187 2517 4257 μετεδίδου,
2553 4188 2646 4241 καὶ
2679 4188 2875 4241 ἀνεϐόα
2904 4191 3215 4266 προφητικά
3237 4193 3271 4262 ἡ
3303 4189 3582 4245 Ἐλισὰϐετ
3614 4185 3695 4240 διὰ
3715 4183 3769 4236 τὸ

2226 4281 2488 4351 κυοφορού
2498 4299 2654 4351 μενον
2685 4283 2742 4334 ἐν
2763 4283 2901 4352 αὐτῇ
2927 4283 3143 4354 βρέφος.

2301 4371 2408 4425 Τοῦ
2434 4372 2640 4429 αὐτοῦ.
2675 4374 2733 4426 '0
2757 4374 2855 4444 μέν
2881 4373 3005 4437 λαὸς
3035 4374 3134 4427 οὐκ
3162 4369 3269 4429 οἶδε
3300 4376 3393 4430 τὸν
3423 4373 3645 4445 Σωτῆρα
3663 4384 3767 4423 ποι·

557 4475 669 4514 rem
722 4461 1008 4516 facientem
1049 4466 1200 4533 signa
1240 4475 1401 4534 atque
1451 4469 1693 4539 prodigia
1727 4488 1739 4523 :
1776 4481 1833 4524 at
1883 4469 2120 4524 Joannes

2228 4462 2387 4517 οὖντα
2427 4466 2627 4534 σημεῖα
2660 4466 2753 4516 καὶ
2786 4464 3017 4536 τέρατα·
3049 4467 3077 4518 6
3107 4465 3163 4518 δέ
3209 4466 3459 4536 Ἰωάννης
3487 4465 3563 4517 έτι
3602 4464 3656 4514 ἐν
3703 4460 3762 4528 τῇ

557 4553 734 4607 adhuc
765 4554 815 4607 in
876 4566 1031 4608 utero
1081 4557 1289 4626 positus
1324 4534 1850 4629 exsultatiquando
1901 4565 2118 4620 advenit

2228 4555 2395 4627 κοιλίᾳ
2410 4554 2484 4608 ὢν
2509 4557 2723 4628 σκιρτᾷ,
2745 4534 2904 4626 ἡνίκα
2931 4551 3094 4627 ἦλθεν
3128 4559 3160 4628 ἡ
3188 4559 3373 4629 μήτηρ
3407 4534 3594 4629 ίῐησοῦ.
3626 4549 3760 4608 Ἰδοὺ

557 4653 731 4699 mater
756 4644 902 4700 .Iesu.
935 4645 1068 4702 Ecce
1095 4649 1254 4713 enim,
1284 4650 1477 4719 inquit,
1510 4662 1563 4705 ut
1607 4651 1706 4720 fuit
1751 4655 1999 4709 salutatio
2025 4666 2116 4710 (ua

2217 4646 2346 4717 γὰρ,
2381 4648 2563 4718 φησὶν,
2600 4648 2679 4714 ὡς
2720 4647 2954 4718 ἐγένετο
2988 4650 3020 4701 ὀ
3059 4649 3382 4719 ἀσπασμός
3419 4668 3530 4705 σου
3574 4649 3654 4712 είς
3695 4641 3758 4695 τὰ

556 4739 612 4791 in
647 4738 867 4792 auribus
899 4741 1050 4807 meis,
1077 4740 1356 4796 exsultavit
1388 4742 1564 4812 infans
1591 4745 1645 4798 in
1673 4746 1865 4813 gaudio
1886 4746 1942 4800 in
1971 4756 2116 4802 utero

2228 4734 2335 4794 ὗτά
2352 4757 2490 4808 μου,
2525 4740 2846 4808 ἐσκίρτησε
2877 4739 2940 4793 τὸ
2972 4740 3200 4810 βρέφος
3235 4743 3306 4796 ἐν
3338 4738 3676 4815 ἀγαλλιάσει
3699 4734 3760 4787 ἐν

556 4845 669 4882 meo
695 4827 760 4880 ³³.

626 4917 936 4989 Oportebat,
978 4931 1037 4975 ut
1059 4921 1214 4976 beata
1247 4924 1364 4979 haec
1396 4924 1616 4980 Mariam
1643 4965 1660 4989 ,
1699 4936 1818 4995 post
1848 4926 2118 4984 Gabrielis

560 5011 871 5078 adventum,
928 5013 1266 5069 ascendendo
1312 5017 1629 5072 ascenderet
1679 5017 1731 5070 in
1785 5027 2114 5075 montanam.

559 5101 693 5154 Cum
727 5102 1077 5158 festinatione
1130 5114 1313 5160 autem
1357 5106 1829 5175 proficiscebatur,
1862 5109 2020 5164 ducta
2052 5113 2119 5164 ab

562 5205 650 5254 eo,
688 5195 776 5260 qui
812 5194 866 5248 iu
911 5196 1027 5264 ipsa
1077 5205 1196 5251 erat
1239 5196 1465 5265 Spiritu,
1496 5197 1586 5266 qui
1617 5209 2004 5267 supervenerat
2047 5201 2118 5266 ei,

563 5293 722 5352 atque
745 5302 772 5339 a
810 5289 1006 5344 virtute
1032 5289 1299 5345 Altissimi
1326 5291 1681 5344 obumbrante
1718 5292 1790 5348 ei.

634 5375 1087 5443 Quemadmodum
1131 5389 1368 5451 coeperat
1389 5389 1668 5450 peccatum
1702 5397 1733 5435 a
1764 5381 1989 5438 muliere
2013 5423 2030 5449 ,
2063 5396 2118 5441 et

640 5487 687 5520 ³³
714 5487 848 5545 Luc.
879 5506 919 5558 ι,
937 5491 1026 5547 44.

626 5578 947 5654 (μυ-[ηιμ
977 5588 1232 5654 syntaxis,
1263 5587 1600 5652 constructio,
1627 5587 1912 5643 ordinatio.

799 5649 1281 5740 Forteaddeudum
1303 5657 1402 5740 μή,
1433 5667 1487 5710 et
1511 5649 1669 5740 paulo
1696 5670 1813 5728 post
1836 5660 2115 5730 legendum

567 5720 910 5777 ὐποπέσωσιν
937 5724 1052 5779 loco
1081 5720 1526 5781 ὑποπτεῦσωσινξ
1543 5720 1699 5783 Εωτ.

644 5792 756 5865 (50)
791 5793 921 5852 Vide
947 5795 1085 5851 infra
1117 5798 1182 5852 ad
1206 5812 1341 5853 vers.
1379 5798 1445 5853 36
1474 5800 1528 5855 in
1558 5798 1680 5853 line.

2217 4832 2291 4901 τῇ
2314 4833 2509 4899 κοιλίᾳ
2529 4851 2668 4902 μου.

2289 4925 2402 4997 (ὅὲ)
2425 4924 2572 4978 Ἔδει
2606 4925 2703 4996 τὴν
2720 4925 2992 4996 μακαρίαν
3021 4923 3223 4996 ταύτην
3245 4926 3491 4998 Μαριὰμ,
3520 4919 3648 4994 μετὰ
3671 4915 3758 4986 τὴν

2222 5017 2314 5071 τοῦ
2353 5017 2590 5089 Γαϐριὴλ
2627 5019 2939 5089 ἐπιδημίαν,
2970 5019 3362 5074 ἁναϐαίνουσαν
3385 5017 3634 5087 ἀναϐῆναι
3671 5011 3754 5064 ἐπὶ

2223 5110 2320 5181 τὴν
2358 5111 2590 5181 ὀρεινήν.
2635 5108 2788 5162 Μετά
2835 5109 3068 5180 σπουδῆς
3113 5110 3170 5163 δέ
3207 5112 3492 5184 ἐπορεύετο
3531 5102 3752 5175 ἀγομένη

2227 5201 2330 5253 ὑπὸ
2359 5199 2452 5253 τοῦ
2481 5203 2538 5253 ἐν
2572 5201 2705 5270 αὐτῇ
2737 5199 3066 5271 Πνεύματος,
3097 5201 3125 5254 ὃ
3151 5187 3465 5274 ἐπεληλύθει
3489 5199 3634 5268 αὐτῇ,
3669 5192 3750 5246 καὶ

2225 5293 2325 5364 τῆς
2370 5292 2652 5363 δυνάμεως
2681 5290 2775 5344 τοῦ
2809 5291 3088 5361 Ὑψίστου,
3123 5294 3222 5364 τῆς
3267 5294 3581 5361 ἐπισκιάσης
3605 5284 3746 5352 αὐτῇ·

2298 5385 2408 5456 (55)
2442 5384 2649 5454 ’Ὠσπερ
2677 5381 2876 5454 ῆρξατο
2898 5386 2931 5454 ὴ
2960 5384 3200 5456 ἁμαρτία
3231 5385 3340 5439 ἀπὸ
3374 5381 3633 5454 γυναικὸς,
3662 5371 3746 5428 καὶ

2301 5594 2414 5663 (51)
2456 5593 2692 5659 Ἀνεπιγ.
2727 5591 2926 5646 Confer
2956 5601 3190 5648 veterem
3220 5589 3283 5645 Ι).
3339 5589 3550 5648 Hieron.
3593 5581 3744 5637 inter-

2225 5664 2533 5738 pre_t_._Or_ig.
2576 5663 2717 5716 hum.
2752 5677 2844 5717 vn.

2291 5735 2403 5800 (59.)
2444 5733 2612 5803 Ὠριγ.

2295 5791 2407 5875 (55)
2459 5791 2698 5871 ’Ᾰνε’πιγ.
2729 5801 2859 5861 Vide
2881 5817 3041 5874 supra
3066 5802 3355 5868 adcalcem
3387 5812 3522 5859 vers.
3544 5791 3624 5847 9-7·
