3942 6318
95 370 168 425 Sil

1337 358 1626 417 SCHOLIA
1669 358 1736 421 ΙΝ
1777 356 2035 413 LUCAM.

3226 358 3333 413 5:22

94 485 203 559 μετὰ
233 482 393 539 τοῦτο
444 485 682 555 ἔφθασεν
726 484 820 538 ἐπὶ
872 482 962 535 τὸν
1004 481 1173 554 ἄνδρα
1201 497 1212 510 ·
1248 480 1392 534 οὕτω
1441 482 1536 534 καὶ
1580 480 1649 533 τά

1772 489 1939 534 mstea
1983 476 2248 533 derivavit
2278 475 2332 530 in
2378 477 2554 530 virum
2589 495 2602 530 :
2636 475 2717 530 sic
2755 486 2811 531 et
2844 475 2986 531 bona
3024 489 3053 529 a
3083 472 3332 529 mulieri-

92 578 243 648 ἀγαθὰ
275 578 387 631 ἀπὸ
418 578 533 633 τῶν
562 578 834 647 γυναικῶν
861 575 1082 646 ἤρξατο,
1118 575 1185 627 ἵν’
1215 574 1644 645 ἀπεντραπῶσιν

1772 587 1852 627 ius
1882 572 2153 642 incepere,
2184 579 2243 623 ut
2270 570 2611 638 despicerent
2643 569 2899 625 mulieres
2932 568 3328 633 inﬁrmitatem,

1749 673 1804 718 et
1831 677 1952 733 qua:
1987 661 2267 716 muliebria
2295 669 2423 717 sunt
2447 663 2798 729 deponentes,
2838 660 3223 715 temularentur
3252 660 3332 714 vi-

1752 764 1836 809 tas
1870 756 2058 807 horum
2087 755 2391 808 beatorum.

90 672 128 725 ai
154 671 403 738 γυναῖκες
435 670 536 740 τὴν
568 668 844 722 ἀσθένειαν
863 706 878 729 ,
913 666 1007 719 καὶ
1046 665 1115 718 τὰ
1141 665 1426 733 γυναικεῖα
1453 662 1651 715 ἀποθέ-

89 778 238 832 μεναι,
274 760 571 830 ζηλώσωσι
597 761 723 823 τοὺς
762 758 910 829 βίους
935 757 1044 811 τῶν
1091 756 1378 828 μακαρίων
1417 753 1646 807 τούτων.

87 854 206 926 Στίχ.
228 859 338 925 μγ’.
382 854 504 908 Καὶ
537 853 722 926 πόθεν
735 869 838 921 μοι
877 851 1053 926 τοῦτο
1072 847 1289 926 δῆλον,
1308 848 1411 901 ἵνα
1435 846 1585 915 ἔλθῃ
1610 848 1648 917 ἠ

558 919 777 992 μήτηῤ,
805 922 900 975 καὶ
932 922 1003 974 τὰ
1037 919 1182 990 ἑξῆς.

140 1014 238 1069 Τοῦ
259 1014 476 1069 αὑτοῦ.
509 1014 780 1085 Σύμφωνα
806 1012 886 1083 τῷ
916 1012 1018 1082 υίῷ
1045 1009 1340 1080 φθέγγεται
1365 1008 1398 1078 ἡ
1436 1007 1649 1062 Ἐλισά-

84 1109 186 1171 ϐετ,
225 1106 461 1171 ἀναξίαν
509 1108 707 1178 ἑαυτὴν
753 1106 852 1176 τῆς
908 1102 1214 1174 παρουσίας
1252 1100 1351 1169 τῆς
1388 1099 1649 1152 Θεοτόκου

84 1199 305 1267 λέγουσα,
333 1198 535 1269 ὥσπερ
562 1198 657 1251 καὶ
697 1196 954 1267 Ἰωάννης
981 1194 1079 1264 τῆς
1113 1191 1251 1262 πρὸς
1289 1189 1382 1243 τὸν
1415 1189 1650 1261 Χριστὸν

84 1290 486 1362 παραστάσεως.
522 1289 585 1342 Τί
613 1290 722 1362 γάρ
758 1306 873 1359 μοι,
910 1286 1064 1356 φησὶ,
1097 1281 1412 1354 τηλικοῦτον
1440 1282 1651 1353 πέπρα-

83 1398 182 1433 κται
214 1380 450 1448 ἀγαθὸν,
483 1381 571 1433 ἵνα
600 1381 632 1450 ἡ
666 1380 847 1449 μήτηρ
872 1376 966 1430 τοῦ
996 1374 1203 1445 Κυρίου
1236 1390 1336 1443 μου
1359 1372 1487 1446 ἔλθῃ
1516 1372 1651 1443 πρός

85 1487 163 1541 με;
192 1471 431 1542 Μητέρα
466 1470 621 1525 καλεῖ
645 1470 743 1540 τὴν
775 1468 855 1521 ἔτι
892 1465 1183 1536 παρθένον,
1216 1463 1491 1532 φθάνουσα
1523 1478 1654 1531 προ-

82 1562 268 1633 φητικῷ
314 1563 473 1634 λόγῳ
521 1562 622 1634 τὴν
680 1561 925 1614 ἔκϐασιν.
979 1557 1110 1611 Θεία
1139 1556 1235 1627 μὲν
1264 1551 1355 1608 οὖν
1377 1554 1657 1623 οἰκονομία

1825 846 1893 902 ν.
1923 846 2014 901 45.
2051 845 2116 900 Et
2148 847 2285 900 unde
2325 847 2423 899 hoc
2458 845 2588 898 mihi
2618 844 2978 914 manifestum,
3006 853 3061 899 ut
3089 844 3262 899 veniat

2378 926 2565 980 mater,
2595 926 2704 971 etc.

1828 1010 2101 1081 Ejusdem.
2150 1008 2516 1064 Consonantia
2565 1024 2688 1064 cum
2726 1009 2837 1063 ﬁlio
2890 1009 3129 1076 loquitur
3161 1005 3336 1062 Elisa—

1754 1103 1903 1169 beth,
1932 1103 2204 1172 indignam
2254 1116 2313 1156 se
2356 1101 2589 1154 adventu
2626 1101 2863 1170 deiparae
2895 1102 3114 1164 dicens;
3143 1115 3331 1169 quem—

1755 1196 2040 1251 admodum
2074 1204 2131 1248 et
2163 1193 2400 1248 Joannes
2435 1193 2710 1262 indignum
2740 1208 2799 1247 se
2820 1194 3037 1247 dicebat
3066 1193 3158 1262 qui
3186 1190 3339 1245 Chri-

1754 1299 1838 1342 sto
1863 1290 2159 1343 assisteret.
2194 1285 2478 1353 Quodnam
2510 1287 2655 1340 enim
2688 1287 2841 1349 mihi,
2875 1286 2969 1353 ait,
3003 1296 3109 1339 tam
3135 1285 3339 1355 grande

1756 1380 1954 1434 factum
1986 1391 2070 1434 est
2106 1380 2326 1441 bonum,
2357 1388 2413 1432 ut
2451 1369 2624 1432 mater
2669 1377 2883 1432 Domini
2921 1378 3024 1431 mei
3059 1377 3242 1431 veniat
3270 1376 3336 1429 ad

1757 1472 1889 1526 me?
1939 1471 2168 1526 Matrem
2198 1482 2397 1536 vocat,
2432 1488 2553 1541 qua)
2584 1473 2765 1526 adhuc
2802 1470 2959 1537 virgo
2994 1478 3154 1535 erat,
3204 1478 3335 1521 ante

1757 1578 2023 1633 occupans
2062 1566 2381 1633 prophetico
2410 1580 2662 1620 sermone
2697 1572 2976 1617 eventum.
3011 1561 3200 1614 Divina
3230 1560 3334 1628 igi-

80 1656 156 1727 τὴν
189 1657 512 1727 μαρτυρίαν
553 1656 727 1725 ἤγαγε
775 1652 913 1724 πρὸς
960 1650 1058 1720 τὴν
1103 1638 1410 1711 Ἐλισάὸετ,
1442 1646 1529 1698 ἵνα
1563 1645 1659 1697 καὶ

1772 1670 1848 1709 Llll‘
1878 1655 2208 1723 dispensatio
2259 1656 2627 1710 teStimonium
2665 1654 2794 1708 fecit
2844 1652 2985 1723 apud
3030 1650 3334 1710 Elisabeth.

79 1752 102 1820 ἡ
133 1750 420 1821 μαρτυρία
462 1750 713 1803 Ἰωάννου
752 1748 816 1799 ὲκ
855 1745 1070 1815 μήτρας
1099 1745 1180 1805 είς
1209 1741 1301 1795 τὸν
1337 1739 1542 1810 Κύριον
1570 1737 1660 1790 διὰ

1772 1741 2009 1797 utetiam
2062 1744 2426 1797 testiinonium
2469 1743 2693 1799 Joannis
2724 1759 2791 1797 ex
2828 1756 2984 1797 utero
3015 1744 3080 1796 de
3112 1742 3338 1796 Domino

78 1843 152 1913 τῆς
197 1842 341 1907 ἰδίας
382 1843 591 1913 μητρὸς
633 1837 913 1893 Ἐλισὰϐετ
959 1833 1376 1907 πληροφορηθῇ,
1427 1832 1520 1885 καὶ
1571 1831 1658 1883 ἵνα

1772 1846 1855 1886 )er
1908 1832 2180 1901 prepriam
2243 1844 2469 1887 matrem
2543 1833 2908 1887 Elisabetham
2968 1833 3335 1888 certissimum

76 1933 190 1987 κατὰ
222 1935 333 2006 τὴν
364 1934 464 1987 τοῦ
497 1932 731 2002 ἀγγέλου
751 1928 931 2000 φωνὴν
956 1928 1195 1998 ὀψομένη
1216 1925 1315 1996 τὴν
1354 1923 1655 1983 Ἐλισάϐετ,

74 2028 143 2079 καί
173 2025 238 2079 τὸ
274 2027 341 2079 ὲν
379 2026 520 2095 αὐτῇ
552 2021 856 2095 παράδοξον
890 2020 1099 2089 κύημα,
1125 2016 1213 2070 διὰ
1253 2015 1446 2069 τούτου
1480 2014 1575 2066 καὶ
1599 2012 1660 2064 τὸ

72 2118 238 2187 μεῖξον
260 2118 566 2188 πιστεύσῃ,
582 2114 828 2167 τουτέστι
856 2112 945 2166 τὸν
966 2110 1024 2176 ἐξ
1046 2109 1213 2178 αὐτῆς
1238 2124 1379 2177 φημι
1400 2106 1501 2175 τῆς
1522 2121 1662 2176 παρ-

72 2210 204 2262 Θένου
240 2209 503 2280 ἄσπορον
544 2206 781 2259 τοκετόν.
811 2204 920 2256 Καὶ
954 2200 1234 2270 συντρέχει
1267 2198 1406 2270 πρὸς
1436 2196 1534 2267 τὴν
1572 2195 1662 2247 πί-

72 2320 166 2355 πιν
195 2300 429 2371 ταύτην
459 2298 552 2352 καί
585 2300 613 2351 ὁ
646 2296 797 2364 λόγος
824 2297 851 2348 ό
871 2295 969 2363 τῆς
1015 2290 1315 2352 Ἐλισάὸετ,
1361 2287 1622 2357 λεγούσης
1642 2304 1653 2315 ν

73 2394 155 2450 Καὶ
188 2392 479 2463 μακαρία
502 2392 539 2459 ἠ
586 2389 990 2449 πιστεύσασα,
1023 2383 1112 2436 ὅτι
1151 2382 1322 2437 ἔσται
1352 2380 1659 2443 τελείωσις

75 2488 174 2552 τοῖς
197 2482 659 2553 λελαλημένοις
677 2479 833 2547 αὐτῇ
864 2475 1024 2545 παρὰ
1043 2475 1286 2543 Κυρίου.
1329 2470 1659 2541 Βεϐαιοτέρα

78 2580 165 2648 γὰρ
190 2577 336 2647 πρὸς
364 2574 464 2645 τὴν
490 2573 675 2626 πίστιν
708 2574 770 2625 ὲκ
798 2569 1002 2624 τούτων
1024 2566 1232 2635 ἐγίνετο
1254 2566 1362 2619 τῶν
1398 2564 1658 2636 ῥημάτων

82 2672 108 2739 ἡ
134 2666 433 2739 παρθένος,
466 2662 905 2735 μακαριζομένη,
944 2662 1027 2713 ὅτι
1053 2659 1393 2721 ἐπίστευσεν,
1425 2656 1656 2725 ἀγγέλου

86 2777 131 2813 τε
148 2757 642 2831 προσημαίνοντος,
672 2754 766 2808 καὶ
796 2753 895 2823 τῆς
915 2750 1228 2819 συγγενίδος
1262 2747 1659 2819 παραπλησίως

90 2848 545 2922 προφητευούσης.

147 2944 251 2998 Τοῦ
289 2940 507 2995 αὐτοῦ.
540 2938 767 3008 Ἴδωμεν
816 2935 1000 2989 λοιπὸν
1060 2932 1395 3006 παρθενικὴν
1446 2947 1659 3003 προφη-

93 3036 236 3090 τείαν.

120 3129 250 3199 Στίχ.
289 3132 415 3198 μς.
450 3123 787 3193 Μεγαλύνει
816 3121 853 3188 ἠ
886 3119 1059 3189 ψυχή
1085 3135 1204 3188 μου
1245 3116 1352 3170 τὸν
1379 3115 1619 3183 Κυρίον.

1760 1924 2011 1979 evaderet
2042 1964 2057 1986 ,
2088 1932 2142 1978 et
2165 1925 2391 1993 utjuxta
2420 1925 2593 1995 angeli
2649 1938 2833 1978 vocem
2882 1926 3189 1980 contuitura
3223 1927 3338 1997 (55)

1760 2018 2134 2072 Elisabetham
2162 2057 2177 2081 ,
2222 2027 2277 2071 et
2324 2020 2643 2086 stupendum
2671 2017 2787 2087 ejus
2812 2019 3209 2087 graviditatem,
3241 2034 3339 2088 per

1764 2111 1868 2164 hoc
1899 2118 1954 2164 et
1979 2112 2123 2178 quod
2156 2109 2331 2178 majus
2364 2117 2482 2162 erat
2513 2108 2761 2162 crederet
2791 2148 2805 2171 ,
2845 2124 2911 2161 ex
2942 2120 3113 2163 semet
3145 2123 3337 2179 nempe

1761 2198 1971 2270 virgine
2007 2200 2419 2266 conceptionem
2469 2198 2588 2252 sine
2618 2197 2844 2254 semine.
2885 2197 3177 2252 Cnnrurrit
3207 2214 3343 2267 quo-

1760 2308 1867 2361 que
1899 2293 1965 2346 ad
1998 2291 2137 2344 hanc
2171 2291 2327 2345 iidem
2360 2290 2666 2344 faciendam
2701 2304 2883 2345 sermo
2912 2289 3187 2343 Elisalieth
3210 2329 3225 2352 ,
3252 2289 3340 2343 di-

1760 2380 1970 2434 centis:
2016 2379 2079 2431 Et
2106 2384 2277 2443 beata,
2306 2395 2423 2448 qua:
2463 2378 2763 2444 credidisti,
2799 2379 3049 2448 quoniam
3076 2379 3173 2431 erit
3220 2394 3345 2447 per-

1761 2470 1915 2541 fectio
1948 2470 2102 2523 dictis
2137 2470 2229 2523 tibi
2264 2486 2296 2522 a
2340 2466 2569 2521 Domino
2600 2468 2668 2522 “.
2708 2467 3064 2523 Constantior
3098 2467 3242 2521 enim
3276 2467 3343 2521 ad

1759 2560 2082 2617 credendum
2109 2577 2175 2616 ex
2210 2562 2294 2615 his
2320 2561 2500 2615 verbis
2531 2560 2674 2615 facta
2703 2569 2785 2613 est
2813 2560 2988 2629 virgo,
3027 2562 3153 2612 dum
3182 2560 3343 2613 beata

1760 2654 2087 2722 praedicatur
2121 2663 2307 2722 utpote
2332 2669 2453 2722 quae
2481 2653 2797 2716 crediderit,
2835 2661 2944 2704 tum
2981 2651 3175 2720 angelo
3204 2665 3345 2719 pra-

1760 2748 2119 2819 signiticante,
2152 2756 2264 2801 tum
2294 2747 2462 2803 etiam
2513 2754 2740 2816 cognata
2786 2744 2933 2799 haud
2969 2743 3129 2798 aliter
3155 2743 3344 2798 vatici-

1761 2851 1944 2895 nante.

1830 2930 2104 3000 Ejusdem.
2136 2929 2565 3001 Videamusjam
2609 2927 2931 2997 virginalem
2963 2929 3334 2999 praphetiatn.

1930 3111 1997 3166 ν.
2026 3110 2119 3167 46.
2157 3109 2467 3180 Magniﬁca!
2508 3110 2689 3163 anima
2724 3126 2840 3163 mea
2872 3109 3172 3163 Dominum.

146 3194 259 3281 Ηώς
348 3216 505 3286 ψυχή
538 3230 637 3285 μου
663 3209 951 3282 μεγαλύνει
991 3208 1082 3261 τὸν
1103 3208 1353 3278 ’Κύριον,
1400 3221 1660 3275 κατανοη-

1833 3207 2115 3273 Quomodo
2147 3203 2323 3256 anima
2357 3217 2476 3256 mea
2521 3202 2833 3270 magniﬁcat
2863 3201 3172 3264 Dominum,
3207 3216 3341 3255 con-

98 3311 210 3364 τέον.
245 3309 373 3362 Ἐάν
405 3307 576 3374 ἀξίως
605 3299 1011 3372 πολιτευώμεθα
1041 3301 1163 3353 κατ’
1193 3298 1378 3350 εἰκόνα
1413 3295 1508 3351 τοῦ
1546 3295 1665 3348 κτί-

1765 3298 2111 3352 sideraadqu
2142 3303 2244 3349 est.
2278 3293 2333 3347 Si
2364 3301 2423 3346 ut
2454 3307 2552 3361 par
2585 3302 2666 3346 est
2690 3293 2853 3346 vitam
2879 3292 3224 3345 traducamus
3257 3307 3343 3347 se-

102 3423 258 3468 σαντος
277 3404 460 3475 ἡμᾶς,
497 3399 592 3453 καὶ
625 3395 984 3468 ὁμοιωθῶμεν
1012 3392 1090 3464 τῷ
1131 3390 1491 3462 πρωτοτύπῳ,
1526 3386 1660 3441 κατὰ

1772 3386 2337 3455 cundum‘imaginem
2395 3383 2512 3451 ejus
2569 3382 2659 3450 qui
2714 3384 2925 3436 creavit
2986 3398 3123 3445 nos,
3180 3390 3344 3447 atque

101 3498 146 3551 τὶ
160 3497 400 3560 δυνατὸν,
436 3495 507 3547 δι’
543 3490 767 3558 ἀγαθῶν
793 3488 990 3559 ἔργων,
1025 3485 1400 3557 μεγαλύνομεν
1426 3481 1517 3534 τὸν
1548 3479 1665 3532 Κύ-

105 3608 193 3662 ριον
219 3591 434 3658 λόγοις,
462 3586 665 3657 ἔργοις,
694 3583 953 3653 νοήμασι.
982 3576 1277 3647 Σμικρύνει
1311 3574 1368 3626 δέ
1398 3590 1479 3636 τις
1507 3571 1666 3624 αὐτὸν

105 3683 365 3751 ἀναλόγως.
420 3678 563 3733 κατὰ
582 3677 682 3747 τὴν
712 3675 915 3729 κακίαν
936 3671 1035 3743 τὴν
1062 3668 1474 3738 ἐνυπάρχουσαν
1499 3663 1664 3734 αὐτῷ.

106 3773 191 3844 Τῆς
217 3770 303 3827 οὖν
324 3771 613 3843 Μαρίαςή
639 3766 786 3838 ψυχὴ
818 3763 1117 3836 ὲμεγάλυνε
1150 3760 1241 3813 τὸν
1264 3757 1491 3828 Κύριον,
1523 3754 1583 3808 τὸ
1611 3755 1668 3807 δὲ

107 3866 286 3937 πνεῦμα
317 3865 503 3934 αὐτῆς
535 3861 903 3934 ἠγαλλιάσατο
940 3857 1034 3910 ὲπὶ
1056 3854 1132 3926 τῷ
1166 3852 1286 3923 Θεῷ
1316 3851 1397 3921 τῷ
1432 3849 1664 3919 Σωτῆρι.

108 3958 290 4029 Πρῶτον
312 3957 658 4030 ἐμεγάλυνεν
686 3956 721 4026 ἡ
748 3952 895 4024 ψυχὴ
932 3949 1124 4020 αὐτῆς,
1156 3943 1272 4000 εἶτα
1304 3943 1669 4016 ἠγαλλιάσατο

110 4049 156 4101 τὸ
176 4051 383 4123 πνεῦμα
415 4049 608 4120 αὐτῆς.

164 4230 375 4301 Rapa-:1;
389 4225 661 4299 ρήσασθαι
678 4225 759 4278 δεῖ
782 4225 838 4276 ἐν
867 4223 963 4293 ὅλῃ
979 4223 1044 4293 τῇ
1066 4220 1279 4290 Παλαιᾷ
1302 4218 1393 4272 καὶ
1412 4219 1477 4287 τῇ
1492 4217 1664 4285 Καινῇ

115 4322 289 4395 Γραφῇ,
322 4325 385 4377 εἴ
411 4322 512 4375 πού
536 4324 683 4374 ἐστιν
713 4320 894 4389 εὑρεῖν
928 4315 1019 4368 ἐπὶ
1041 4310 1379 4385 ἁμαρτωλῶν
1405 4311 1668 4376 γενέσεως

118 4415 363 4487 εἰρημένον
406 4417 495 4468 τό·
547 4411 855 4477 Ἐπλήσθη
877 4412 909 4461 ό
936 4412 1156 4477 χρόνος
1182 4402 1288 4457 τοῦ
1308 4399 1520 4453 τεκεῖν.
1556 4398 1670 4450 Οὐκ

120 4506 167 4559 ἂν
192 4510 284 4578 γάρ
314 4527 407 4572 τις
440 4507 611 4578 εὖροι,
642 4506 717 4568 ὡς
755 4499 938 4574 οἶμαι’
990 4498 1105 4553 ἀλλ’
1130 4498 1262 4550 ὃπου
1315 4491 1663 4562 ὠνόμασται,

122 4600 181 4652 ira.
203 4601 402 4666 δίκαιός
438 4603 586 4653 ἐστιν
621 4601 648 4652 ὁ
678 4597 1040 4667 γεννώμενος.
1077 4591 1189 4644 Καὶ
1221 4586 1378 4641 τοῦτο
1398 4585 1454 4637 δὲ
1476 4583 1569 4636 καὶ
1600 4580 1669 4634 τὰ

124 4690 253 4749 λοιπά
272 4698 405 4765 (54).

187 4787 241 4840 Ἡ
279 4786 584 4849 Ἑλισάϐετ,
622 4781 889 4853 προφῆτις
918 4773 1072 4843 οὖσα,
1106 4775 1201 4829 καὶ
1239 4773 1336 4843 τὴν
1371 4768 1668 4839 γενομένην

130 4876 187 4945 τῷ
220 4881 364 4953 ἀνδρὶ
408 4876 753 4946 ἀποκάλυψιν
800 4876 875 4947 μὴ
916 4873 1216 4932 ἀκούσασα,
1266 4865 1341 4936 τῷ
1392 4864 1670 4934 Πνεύματι

134 4971 240 5044 ἁγίῳ
261 4975 352 5045 τὴν
394 4972 548 5046 παρὰ
576 4969 670 5024 τοῦ
709 4968 941 5037 ἀγγέλου
976 4964 1233 5037 ῥηθεῖσαν
1274 4957 1666 5029 προσηγορίαν,

135 5066 203 5118 καὶ
235 5069 480 5139 Ἰωάννην
508 5065 717 5135 ἔφασκε
739 5062 799 5114 τὸ
834 5059 1043 5112 παιδίον
1077 5050 1459 5124 ὀνομάσεσθαι.
1501 5050 1586 5111 Ὠς
1614 5046 1671 5099 δὲ

135 5160 204 5211 καὶ
229 5162 367 5233 παρὰ
402 5160 496 5213 τοῦ
544 5157 749 5228 πατρὸς
782 5154 965 5223 ἠξίουν
1013 5149 1224 5222 μαθεῖν,
1282 5145 1379 5198 καὶ
1436 5142 1668 5195 διένευον

137 5251 269 5323 αὐτῷ,
409 5252 483 5325 μὴ
518 5250 767 5304 ἀκούοντι
806 5246 840 5316 ἢ
876 5243 1107 5313 λαλῆσαι
1137 5237 1421 5308 δυναμένῳ
1446 5252 1459 5265 ·
1489 5230 1670 5286 λαϐὼν

138 5340 300 5398 δὲλτιον
344 5323 547 5415 ἔγραψε
604 5338 909 5411 συμφώνως
956 5338 1023 5406 τῇ
1066 5330 1261 5386 ἑαυτοῦ
1309 5326 1528 5396 γυναικὶ
1577 5323 1669 5377 τοῦ

141 5439 289 5503 MV»;
321 5439 415 5510 τὴν
440 5433 831 5510 προσηγορίαν,
868 5431 941 5493 ὡς
974 5428 1182 5489 πάντας
1227 5424 1319 5476 ἐπὶ
1350 5420 1555 5473 τούτων
1579 5417 1657 5468 ἐκ·

142 5507 448 5594 πλήττεσθαι.
468 5507 638 5581 --Εἶτά
674 5537 869 5592 φησιν·
916 5516 1203 5585 Ἄνεῴχθη
1252 5511 1319 5564 δὲ
1366 5510 1428 5563 τὸ
1477 5507 1670 5574 στόμα

144 5614 308 5672 αὐτοῦ.
328 5617 480 5672 Μετὰ
498 5616 559 5669 τὸ
578 5614 785 5687 γράψαι
811 5609 1053 5682 δηλονότι
1080 5609 1136 5659 ἐν
1153 5604 1343 5672 δέλτῳ,
1371 5603 1450 5653 ὅτι
1485 5597 1523 5650 Ἰ
1533 5595 1672 5649 codr-

175 5750 343 5809 “Luc.
384 5772 423 5818 ι,
460 5753 549 5808 45.
627 5752 672 5781 ³⁸
709 5750 834 5801 ibid.
869 5746 957 5801 57.
1037 5742 1080 5773 ³⁸
1114 5740 1242 5796 ἱὺίιι.
1270 5738 1360 5791 (ii.

209 5867 302 5934 (δι)
340 5871 490 5928 lium.
523 5887 595 5933 Ix,
623 5868 767 5921 circa
806 5866 989 5919 iiucxn.

1700 4547 1742 4601 D

1765 3478 2059 3549 exemplari
2106 3486 2296 3531 nostro
2326 3474 2714 3539 assimilemur,
2763 3481 3031 3542 quantum
3075 3472 3193 3527 ﬁeri
3248 3488 3346 3541 po-

1768 3579 1894 3634 test,
1931 3584 2027 3639 per
2058 3569 2196 3625 bona
2223 3581 2410 3637 opera,
2449 3575 2579 3619 tunc
2606 3563 3020 3635 magniﬁcamus
3061 3562 3344 3617 Dominum

1768 3662 1971 3726 verbis,
2018 3661 2296 3730 Operibus,
2335 3657 2784 3727 cogitationibus.
2842 3655 3113 3709 Extenuat
3162 3664 3341 3707 autem

1768 3753 1916 3808 illum
1943 3751 2084 3819 quis,
2125 3764 2246 3804 cum
2278 3745 2654 3817 proportione,
2688 3744 2841 3811 juxta
2871 3743 3193 3812 pravitatem
3223 3758 3344 3812 quae

1767 3848 1868 3902 sibi
1903 3845 2061 3898 inest.
2099 3841 2283 3896 Maria:
2324 3841 2487 3910 igitur
2536 3840 2715 3891 anima
2753 3837 3043 3891 Dominum
3095 3833 3343 3906 magniﬁ-

1768 3938 1967 4000 cabat,
2002 3943 2057 3989 et
2101 3932 2325 4002 spiritus
2354 3932 2473 3997 ejus
2517 3927 2829 3982 exsultabat
2867 3927 2916 3979 in
2945 3927 3061 3980 Deo
3097 3926 3342 3979 salutari.

1768 4028 1926 4081 Prius
1958 4022 2346 4096 magniﬁcabat
2377 4022 2557 4075 anima
2604 4020 2781 4086 illius,
2823 4020 3017 4074 deinde
3047 4019 3341 4072 exsultavit

1768 4120 1990 4188 spiritus
2021 4118 2158 4186 ejus.

1836 4198 2385 4264 Animadvertendum
2431 4215 2516 4261 est
2570 4206 2622 4259 in
2680 4212 2791 4258 tota
2845 4203 3025 4259 Veteri
3085 4201 3345 4269 Novaqne

1769 4302 2090 4372 Scriptura,
2141 4301 2309 4356 sicubi
2364 4298 2608 4353 invenire
2641 4297 2805 4352 liceat
2843 4296 2898 4349 in
2950 4294 3346 4364 peccatricibus

1770 4394 2213 4466 generationibus
2244 4393 2451 4447 dictum
2478 4391 2643 4445 fuisse
2673 4408 2687 4443 :
2721 4388 3003 4457 Impletum
3038 4395 3111 4440 est
3146 4395 3346 4451 tempus

1768 4487 2010 4559 pariendi
2036 4486 2104 4542 ³⁸.
2156 4485 2270 4539 Non
2303 4485 2448 4539 enim
2481 4485 2605 4552 quis
2636 4480 2880 4535 invenire
2913 4478 3144 4547 poterit,
3169 4488 3229 4531 ut
3254 4494 3345 4529 ar-

1772 4581 1947 4635 bitror
1980 4594 1996 4632 :
2030 4578 2130 4631 nisi
2164 4578 2253 4631 ubi
2292 4576 2632 4640 nominatur,
2661 4574 2868 4642 justum
2894 4585 3017 4625 esse
3050 4570 3139 4640 qui
3169 4569 3345 4623 nasci-

1774 4679 1881 4725 tur.
1917 4669 1982 4723 Et
2006 4668 2111 4722 hoc
2144 4682 2292 4733 vero,
2320 4674 2425 4721 etc.

1845 4758 2116 4814 Elisabeth
2151 4772 2272 4811 cum
2307 4752 2582 4823 prophetis
2609 4759 2773 4815 esset,
2806 4763 2904 4805 nec
2931 4748 3228 4804 audivisset
3257 4760 3344 4800 τοι

1774 4852 2094 4907 velationem
2145 4850 2265 4901 viro
2316 4861 2416 4899 suo
2445 4844 2682 4907 factam,
2744 4857 2908 4911 quam
2963 4841 3199 4909 Spiritus
3227 4852 3348 4891 san-

1776 4955 1897 4999 ctus
1948 4955 2045 5011 per
2115 4938 2364 5007 angelum
2427 4935 2893 4991 nomenclaturam
2954 4933 3238 4995 ediderat,
3293 4940 3349 4985 et

1776 5038 2037 5090 Joannem
2070 5034 2369 5087 vocandum
2400 5042 2521 5084 esse
2552 5042 2803 5098 puerum,
2840 5024 2998 5079 dixit.
3032 5023 3129 5078 Ubi
3164 5033 3343 5076 autem

1775 5130 1938 5183 etiam
1990 5141 2020 5179 a
2070 5125 2229 5178 Patre
2279 5122 2421 5177 scire
2462 5119 2758 5182 volebant,
2791 5118 2951 5186 eique
3010 5112 3341 5174 innuebant,

1776 5221 1974 5288 quippe
2005 5232 2107 5271 non
2158 5212 2440 5277 audienti,
2480 5220 2572 5264 aut
2608 5210 2752 5278 loqui
2804 5207 3029 5272 valenti,
3074 5204 3347 5274 accipiens

1779 5313 2029 5367 tabellam
2057 5308 2299 5377 scripsit,
2328 5306 2482 5361 uxori
2516 5319 2628 5359 suae
2653 5301 3025 5364 concordans,
3053 5299 3201 5371 pueri
3250 5312 3347 5366 ap-

1779 5405 2121 5477 pellationem
2155 5418 2168 5453 :
2200 5413 2369 5466 usque
2405 5398 2539 5451 adeo
2579 5404 2637 5449 ut
2682 5408 2872 5449 omnes
2899 5392 3207 5465 iprOpterca
3239 5398 3345 5443 stu-

1774 5512 1906 5566 pore
1937 5493 2374 5565 percellcrentur.
2424 5489 2625 5543 Deinde
2676 5487 2753 5540 ait
2802 5500 2817 5539 :
2863 5485 3111 5553 Apertum
3142 5492 3215 5536 est
3251 5496 3348 5533 an-

1778 5602 1878 5643 tem
1927 5604 1982 5641 os
2028 5586 2138 5653 ejus
2168 5584 2234 5636 ³⁵.
2284 5582 2583 5652 Postquam
2637 5579 2845 5635 scilicet
2874 5577 2927 5633 in
2964 5574 3159 5632 tabella
3206 5573 3348 5627 scri-

1851 5844 1959 5917 (ὃὸ)
1988 5839 2182 5911 Supple
2215 5835 2408 5890 Maria.
