3942 6318
477 356 586 413 523
1359 350 1922 410 SUPPLEMENTUM
1953 349 2047 407 AD
2085 345 2409 439 OﬂlGENIS
2437 342 2849 401 EXEGETICA.
3625 343 3736 400 524

477 480 661 543 pserat
687 511 702 534 .
733 470 862 542 quia
917 486 1108 527 nomen
1156 469 1271 541 ejus
1301 480 1412 523 erat
1451 468 1728 539 Joannes,
1757 466 1932 522 soluta
1966 474 2050 521 est

2181 481 2264 531 -ης
2279 462 2450 517 ἔσται
2479 460 2542 514 τὸ
2567 461 2756 531 ὄνομα
2781 457 2986 522 αὐτοῦ,
3017 456 3182 529 ἐλύθη
3207 459 3241 529 ή
3263 457 3521 531 δεδεμένη
3552 461 3732 533 φωνή.

478 578 627 629 vox,
678 579 801 635 quae
850 563 1015 634 ligata
1049 562 1248 619 fuerat.
1306 560 1374 615 Et
1420 559 1763 630 recuperavit
1813 558 2051 629 linguam

2181 554 2265 607 {at
2297 552 2534 606 ἀπέλαϐε
2564 553 2664 624 τὴν
2694 550 2886 605 ἑαυτοῦ
2927 550 3200 620 γλῶσσαν,
3238 549 3419 612 οὐκέτι
3452 550 3598 605 καθά
3626 552 3736 606 πά-

480 672 658 722 suam,
682 673 787 712 non
806 656 1036 726 amplius
1067 665 1126 709 ut
1146 666 1306 708 antea
1326 654 1619 710 revinctam
1649 653 2052 717 incredulitate,

2181 663 2239 698 at
2264 645 2552 717 δεδεμένην
2583 646 2648 715 τῇ
2678 643 2928 715 ἀπιστίᾳ,
2959 643 3074 697 ἀλλ’
3098 641 3431 711 εύλογοῦσαν
3449 642 3541 697 τὸν
3566 641 3735 709 Θεὸν,

481 748 576 802 sed
609 748 1021 804 benedicentem
1051 747 1241 813 Deum,
1266 755 1320 801 et
1343 746 1736 801 vaticinantem
1767 760 1886 817 qua:
1916 744 2053 801 scri-

2181 737 2248 791 :ai.
2277 735 2722 808 προφητεύουσαν
2747 735 2816 789 τὰ
2845 734 3328 809 ἀναγεγραμμένα.

481 849 572 912 pta
604 851 751 896 sunt.

553 933 895 1005 Snperlluum
927 942 1009 987 est
1035 933 1240 999 dicere,
1271 942 1379 989 etc.

556 1025 629 1083 Ut
662 1035 788 1096 puto
817 1063 833 1088 ,
867 1024 1030 1077 etiam
1065 1033 1251 1094 patres
1283 1022 1452 1077 nostri
1484 1021 1759 1077 Abraham
1806 1029 1860 1075 et
1904 1017 2056 1076 Isaac

481 1128 537 1174 et
560 1116 750 1183 Jacob,
791 1127 1047 1187 totusque
1095 1115 1297 1171 chorus
1324 1125 1635 1169 sanctorum
1681 1113 1800 1181 eius
1829 1114 2058 1183 prophe-

482 1221 657 1265 tarum
687 1225 751 1262 ac
777 1210 1074 1283 iustorum,
1114 1207 1263 1261 fruiti
1290 1219 1418 1261 sunt
1457 1208 1686 1260 adventu
1735 1207 1957 1261 Christi.
1996 1208 2053 1260 Si

2181 1189 2450 1262 προφητῶν
2491 1189 2585 1243 καὶ
2625 1189 2881 1256 δικαίων,
2927 1188 3247 1259 ἀπήλαυσαν
3294 1190 3389 1261 τῆς
3430 1191 3744 1271 παρουσίας

480 1303 622 1357 enim
654 1297 962 1371 puciﬁcavit'
1001 1317 1094 1370 per
1136 1301 1446 1368 sanguinem
1481 1299 1650 1353 crucis
1693 1299 1808 1369 ejus
1852 1307 1900 1353 et
1939 1315 2056 1368 qum

2181 1280 2249 1334 τοῦ
2273 1280 2529 1354 Χριστοῦ.
2565 1282 2629 1334 El
2655 1280 2764 1353 γὰρ
2789 1282 3210 1349 εὶρηνοποίησε
3224 1280 3321 1335 διὰ
3344 1283 3449 1336 τοῦ
3481 1283 3745 1352 αἵματος

479 1397 537 1448 in
569 1406 711 1452 terra
740 1370 787 1447 et
811 1410 928 1463 qun:
964 1395 1018 1446 in
1044 1391 1171 1447 caelo
1209 1392 1251 1423 ³⁷
1293 1389 1447 1459 juxta
1476 1391 1657 1444 divum
1694 1390 2010 1459 Apostolum
2039 1408 2053 1444 :

2181 1374 2262 1429 Ὀὗ
2289 1374 2553 1443 σταυροῦ
2588 1374 2772 1427 αὐτοῦ
2801 1372 2876 1427 τά
2913 1390 2977 1427 τε
3014 1373 3084 1426 ἐν
3122 1370 3197 1441 τῇ
3220 1372 3298 1443 τῇ
3327 1374 3423 1428 καὶ
3463 1375 3536 1429 τὰ
3557 1376 3631 1429 ἐν
3658 1375 3747 1443 τῷ

481 1487 609 1554 quid
647 1485 923 1555 pigrilaris
953 1485 1243 1539 admittere
1269 1523 1285 1547 ,
1318 1484 1459 1551 quod
1500 1491 1553 1538 et
1586 1482 1653 1536 ad
1701 1492 1883 1550 patres
1913 1481 2054 1536 facta

2181 1466 2410 1535 ›ὺρανῷ,
2429 1466 2570 1521 κατά
2606 1467 2696 1520 τὸν
2729 1465 2870 1519 θεῖον
2902 1466 3247 1531 ’Λπόστολον,
3275 1467 3328 1519 τί
3358 1468 3538 1532 ὀκνεῖς
3554 1486 3749 1540 παρα-

483 1572 649 1626 fuerit
694 1572 976 1636 visitatio,
1028 1574 1190 1641 idque
1238 1571 1550 1641 prtestiterit
1592 1571 1707 1640 ejus
1755 1572 1820 1624 ad
1852 1569 2058 1625 inferas

2181 1556 2431 1623 ῖέξασθαι,
2478 1558 2561 1612 ὅτι
2605 1557 2868 1628 καὶπρὸς
2917 1557 3043 1619 τοὺς
3076 1557 3383 1631 πατέραςκή
3422 1559 3740 1632 ὲπισκοπὴ,

484 1666 777 1729 adventus,
816 1673 1041 1734 prepter
1071 1665 1565 1733 iuinvestigabilem
1597 1664 1716 1733 ejus
1761 1665 2060 1720 misericor-

2181 1650 2253 1704 ιαὶ
2279 1650 2487 1722 τοῦτοή
2522 1651 2604 1713 είς
2634 1649 2727 1702 τὸν
2759 1649 2894 1721 ᾅδην
2925 1648 3090 1702 αὑτοῦ
3125 1649 3308 1718 ἄφιξις
3352 1652 3752 1722 ἐπραγματεύ-

482 1756 671 1811 diam?
698 1756 756 1810 Id
783 1771 944 1825 porro
975 1756 1227 1827 quamvis
1262 1772 1405 1811 nunc
1424 1757 1708 1824 acciderit,
1736 1756 1845 1825 iam
1876 1766 2055 1811 tamen

2181 1759 2293 1795 τατο
2312 1742 2400 1795 διά
2428 1741 2489 1794 τὸ
2522 1741 2927 1813 ἀνεξιχνίαστον
2961 1741 3124 1795 αὑτοῦ
3148 1742 3334 1809 ἐλεοςς
3367 1743 3538 1797 Τοῦτο
3574 1744 3659 1808 δὲ,
3690 1745 3747 1796 εἰ

481 1850 613 1905 olim
652 1851 704 1905 in
757 1861 1102 1906 antecessum
1148 1851 1542 1920 proclamatum
1594 1850 1768 1906 fuerat
1805 1865 1819 1905 :
1852 1866 1917 1905 ac
1943 1849 2055 1905 fieri

2181 1833 2255 1887 ιαὶ
2288 1832 2382 1887 νῦν
2411 1833 2655 1903 γέγονεν,
2725 1832 2842 1887 ἀλλ’
2872 1832 3103 1887 ἔκπαλαι
3134 1833 3565 1906 προανεφωνήθη
3584 1852 3597 1865 ·
3637 1837 3746 1890 καὶ

484 1957 595 1995 non
628 1949 859 2009 paterat,
889 1950 946 1993 ut
972 1939 1221 1995 effectum
1252 1956 1356 1994 non
1404 1940 1731 1994 sortirentur
1761 1940 1908 1994 hisce
1939 1954 2056 1995 ser-

2181 1925 2421 1980 ὶδύνατον
2451 1920 2517 1997 ἦν
2561 1925 2635 1996 μὴ
2675 1922 2904 1995 ὲκϐἦναι
2947 1923 3144 1988 αὐτοὺς
3174 1924 3365 1994 λόγους
3414 1928 3495 1990 εἰς
3538 1925 3739 2000 ἔργον.

485 2047 695 2088 mones.
721 2030 1077 2099 Jurejurando
1108 2032 1252 2086 enim
1280 2031 1624 2086 confirmavit
1654 2032 2059 2098 promissioues,

2181 2018 2352 2088 Ὀρκῳ
2384 2017 2491 2089 γὰρ
2538 2016 2831 2070 ἐϐεϐαίωσε
2873 2016 2973 2080 τὰς
3008 2016 3339 2087 ἐπαγγελίας
3370 2016 3460 2071 διὰ
3503 2017 3565 2071 τὸ
3592 2020 3751 2072 ἀπα-

485 2134 710 2196 propter
740 2124 1196 2187 immobilitatem,
1221 2126 1347 2194 quia
1378 2126 1601 2180 omnino
1628 2125 1796 2182 fiet“.
1831 2126 1897 2180 Et
1918 2139 2060 2179 nunc

2181 2109 2418 2174 >άϐατον,
2448 2110 2528 2164 ὅτι
2548 2110 2763 2174 πάντως
2793 2108 2963 2163 ἔσται.
2984 2109 3092 2162 Καὶ
3115 2108 3208 2163 νῦν
3226 2111 3277 2162 oi
3308 2110 3490 2164 πιστοὶ
3518 2110 3750 2180 ἀφόϐως

2226 916 2492 988 Περισσόν
2523 917 2640 969 ἐστι
2671 915 2730 969 τὸ
2756 914 2955 985 λέγειν,
2995 914 3091 969 καὶ
3114 914 3183 968 τὰ
3215 912 3394 969 λοιπά.

2237 1007 2326 1072 Ὠς
2379 1004 2530 1079 οἶμαι
2587 1007 2682 1061 καὶ
2736 1008 2784 1060 οἱ
2837 1007 3068 1078 πατέρες
3100 1005 3257 1076 ήμῶν
3319 1007 3588 1082 Ἀϐραὰμ,
3641 1006 3744 1062 καὶ

2168 1097 2352 1162 Ἰσαὰκ
2370 1099 2466 1151 καὶ
2492 1096 2706 1160 Ἰακὼϐ,
2724 1096 2820 1150 καὶ
2846 1096 2965 1160 ὅλος
2992 1097 3020 1149 6
3041 1095 3199 1167 χορὸς
3224 1095 3333 1150 τῶν
3360 1098 3532 1167 ἁγίων
3563 1098 3739 1153 αὑτοῦ

490 2217 675 2272 lideles
702 2217 820 2272 sine
861 2217 1056 2272 timore
1106 2217 1174 2272 de
1209 2232 1372 2271 manu
1411 2218 1777 2286 spiritualium
1813 2220 2062 2275 inimico-

487 2324 606 2364 rum
633 2308 933 2363 liberantur
954 2308 1020 2364 ".

559 2398 714 2469 Sal-pe
745 2402 1047 2454 liberantur
1077 2400 1320 2469 quidam,
1350 2411 1459 2456 etc.

557 2492 675 2547 Non
726 2494 793 2546 ad
841 2491 1150 2546 Iudaeorum
1183 2509 1512 2564 synagogam
1562 2494 1614 2548 in
1660 2493 1957 2549 Jerusalem
1991 2496 2058 2549 ad

483 2586 819 2646 sacerdotes,
854 2594 909 2640 et
940 2587 1152 2641 scribas
1179 2600 1235 2640 et
1270 2585 1578 2641 Pharisaeos
1610 2588 1760 2642 venit
1789 2587 2009 2657 angelus
2041 2606 2054 2641 :

484 2677 581 2732 sed
608 2685 843 2746 pastores
871 2678 1064 2746 reperit
1088 2678 1143 2730 in
1176 2694 1304 2748 agro
1336 2678 1599 2747 degentes,
1628 2687 1676 2731 et
1709 2680 2059 2733 custodientes

486 2769 758 2824 custodias
786 2770 952 2822 noctis
993 2785 1151 2838 super
1180 2786 1383 2840 gregem
1427 2786 1581 2823 suum
1605 2772 1651 2803 ⁸ο
1685 2789 1698 2825 :
1738 2771 1887 2825 hisce
1915 2771 2057 2825 enim

485 2861 822 2931 evangelizat
891 2861 1194 2917 Salvatoris
1264 2863 1626 2917 nativitatem.
1695 2860 1760 2916 Hi
1827 2877 2059 2932 namque

486 2953 766 3025 simplices
814 2964 1012 3021 erant,
1046 2964 1289 3010 veterem
1331 2956 1547 3010 vivendi
1598 2957 1859 3011 rationem
1908 2971 2059 3026 quae-

487 3055 674 3102 rentes
737 3047 1194 3117 patriarcharum.
1254 3048 1510 3104 Pastores
1581 3050 1846 3118 siquidem
1905 3057 2060 3103 erant

486 3151 545 3194 et
594 3140 648 3194 lii
678 3179 695 3204 ,
745 3139 837 3209 qui
891 3140 1056 3194 etiam
1092 3150 1377 3197 currentes
1425 3142 1549 3197 aliis
1600 3157 1815 3212 quoque
1847 3156 2057 3196 annun-

2163 2205 2229 2257 ἐκ
2258 2203 2440 2275 χειρὸς
2470 2202 2578 2257 τῶν
2600 2201 2805 2274 νοητῶν
2836 2202 3045 2274 ἐχθρῶν
3077 2202 3319 2273 ῥύονται.

2234 2381 2346 2453 (57)
2387 2381 2656 2447 Πολλάκις
2679 2382 2898 2454 ῥύονται
2924 2398 3090 2447 τινες,
3124 2381 3220 2436 καὶ
3241 2380 3309 2436 τά
3340 2381 3522 2437 λοιπά.

2232 2475 2347 2545 (58)
2381 2475 2494 2529 οὐκ
2513 2476 2593 2539 εἰς
2614 2474 2710 2547 τὴν
2726 2475 2832 2529 τῶν
2848 2475 3114 2529 Ἰουδαίων
3141 2476 3462 2548 συναγωγὴν
3484 2475 3750 2551 είςἾερο-

2164 2568 2371 2639 σόλυμα
2399 2568 2544 2640 πρὸς
2570 2570 2695 2632 τοὺς
2723 2569 2887 2640 ἱερεῖς
2928 2568 3025 2621 καὶ
3053 2573 3404 2640 γραμματεῖς
3446 2575 3539 2625 καὶ
3572 2574 3751 2645 Φαρι-

2164 2659 2342 2725 σαίους
2372 2660 2672 2732 ἀπέρχεται
2697 2662 2725 2713 6
2753 2659 3149 2729 ἄγγελποάλλά
3174 2662 3458 2732 ποιμένας
3471 2664 3750 2732 εὑρίσκει

2160 2753 2633 2823 ἁγραυλοῦντας,
2686 2752 2786 2807 καὶ
2825 2751 3260 2822 φυλάσσοντας
3302 2756 3579 2823 φυλακὰς
3624 2754 3748 2826 τῆς

2159 2845 2380 2912 νυκτός
2393 2844 2492 2899 ἐπὶ
2512 2845 2626 2913 τὴν
2652 2845 2915 2913 ποίμνην
2938 2844 3156 2901 αὐτῶνο
3188 2845 3397 2911 τούτοις
3427 2847 3535 2920 γάρ
3570 2849 3748 2919 εὐαγ-

2162 2938 2434 3006 γελίζεται
2465 2920 2558 3011 τοῦ
2589 2936 2839 3007 Σωτῆρος
2865 2936 2964 3007 τὴν
2995 2937 3271 3008 γέννησιν.
3307 2931 3467 2992 Οὗτοι
3501 2940 3597 3011 μὲν
3624 2942 3749 3016 γάρ

2160 3028 2422 3082 ἄπλαστοι
2444 3021 2602 3098 ἦσαν,
2630 3025 2729 3098 τὴν
2757 3025 2990 3081 παλαιὰν
3014 3026 3290 3082 πολιτείαν
3321 3027 3607 3100 ζηλοῦντες
3627 3030 3749 3085 τῶν

2162 3117 2533 3190 πατριαρχῶν.
2578 3118 2843 3189 Ποιμένες
2888 3117 2996 3190 γὰρ
3020 3112 3161 3189 ἦσαν
3199 3118 3295 3172 καὶ
3322 3112 3488 3186 οὗτοι,
3535 3119 3586 3174 οῖ
3643 3123 3752 3176 καὶ

489 3205 782 3289 tiaverunt.
840 3229 922 3285 Illi
957 3247 1192 3301 namque
1246 3233 1444 3303 quippe
1510 3205 2058 3288 invidia-tabescen-

2181 3211 2453 3284 ἱραμόντες
2485 3213 2597 3275 τοῖς
2623 3210 2831 3282 ἑτέροις
2854 3210 2947 3264 καὶ
2973 3211 3334 3283 ἀπήγγελλον.
3384 3213 3607 3266 Ἐκεῖνοι
3630 3212 3752 3286 γὰρ

490 3331 573 3379 tes
607 3362 623 3387 .
680 3321 1009 3378 occultaturi
1071 3321 1302 3378 fuissent
1342 3322 1538 3377 mundi
1595 3322 1788 3378 salutis
1843 3332 2060 3393 myste-

486 3415 652 3469 rium.

558 3504 719 3561 Solus
751 3504 951 3561 etenim
993 3503 1096 3561 iste
1135 3504 1350 3574 aperuit
1377 3503 1591 3558 vulvam
1622 3518 1689 3558 ex
1716 3500 1937 3573 Virgine
1968 3516 2064 3556 na-

488 3608 594 3653 tus.
625 3597 768 3653 Nihil
805 3599 950 3654 enim
977 3606 1102 3653 ante
1135 3597 1415 3653 Christum
1448 3580 1667 3650 vulvam
1701 3594 1848 3649 illius
1882 3594 2065 3661 tetige-

489 3698 592 3745 rat.
627 3687 821 3745 Omnia
848 3703 983 3744 vero
1012 3686 1379 3758 primogenita
1405 3726 1421 3750 ,
1452 3686 1668 3741 tametsi
1700 3684 2062 3756 primogenita

486 3779 618 3846 siut,
649 3793 755 3833 non
792 3787 972 3833 tamen
1003 3776 1253 3848 aperiunt
1285 3776 1460 3847 prima
1492 3774 1740 3836 vulvam,
1769 3773 1864 3828 sed
1898 3771 2064 3827 mari-

489 3875 594 3921 tus.

562 3956 639 4012 Ne
667 3956 806 4013 forte
854 3956 1165 4026 reliquisset
1195 3971 1311 4012 eos.
1363 3956 1621 4012 Dolentes
1655 3954 1817 4024 igitur
1853 3967 2063 4018 quaere-

486 4049 622 4105 bant
655 4048 853 4104 Filium
888 4048 980 4101 Dei
1015 4065 1029 4101 :
1063 4056 1117 4102 et
1141 4057 1448 4118 quaerentes
1481 4046 1655 4116 ipsum
1704 4060 1809 4098 non
1844 4047 2063 4099 invene-

491 4150 618 4196 runt
644 4140 785 4196 inter
817 4147 1080 4211 cognatos
1110 4156 1124 4192 :
1151 4146 1271 4192 erat
1299 4136 1445 4192 enim
1474 4150 1639 4227 supra
1685 4135 2062 4206 cognationem

485 4248 699 4291 eorum.

1173 4317 1326 4375 CAP.
1375 4315 1440 4372 ll.

2161 3304 2548 3375 διεφθαρμένοι
2593 3302 2743 3367 ὅντες
2770 3302 2849 3375 τῷ
2883 3304 3092 3378 φθόνῳ,
3125 3303 3349 3375 ἔμελλον
3378 3305 3639 3378 κρύπτειν
3678 3307 3750 3361 τὸ

2161 3395 2262 3468 τῆς
2291 3396 2386 3449 τοῦ
2408 3396 2615 3467 κόσμου
2650 3397 2926 3469 σωτηρίας
2961 3397 3278 3469 μυστήριον.

2234 3488 2346 3559 (59)
2367 3489 2543 3553 Μόνος
2575 3489 2684 3561 γὰρ
2713 3481 2866 3554 οὗτος
2885 3487 3116 3562 διήνοιξε
3142 3492 3353 3562 μήτραν
3379 3492 3445 3545 ὲκ
3472 3490 3747 3564 παρθένου

2162 3580 2390 3652 τεχθείς.
2423 3581 2586 3635 Οὐδὲν
2624 3581 2733 3652 γὰρ
2766 3581 2866 3652 τῆς
2913 3581 3127 3652 μήτρας
3159 3581 3375 3654 ἐκείνης
3405 3583 3583 3655 ἥψατο
3632 3584 3749 3657 πρὸ

2163 3671 2419 3742 Χριστοῦ.
2449 3671 2634 3725 Πάντα
2648 3672 2705 3725 δὲ
2725 3673 2794 3724 τὰ
2824 3672 3176 3744 πρωτότοκα,
3209 3674 3259 3726 εί
3293 3674 3388 3728 καὶ
3421 3675 3750 3745 πρωτότοκὰ

2162 3765 2329 3831 ἐστιν,
2352 3765 2466 3819 ἀλλ’
2490 3765 2551 3818 ού
2587 3764 2945 3834 διανοίγουσιν
2975 3765 3113 3819 αὐτὰ
3140 3766 3333 3838 πρῶτα
3360 3766 3457 3839 τὴν
3489 3769 3709 3840 μήτραν
3725 3808 3745 3835 ,

2163 3857 2276 3912 ἀλλ’
2303 3859 2332 3911 ὁ
2362 3857 2425 3911 σύ
2434 3856 2609 3929 μϐιος.
3221 3870 3229 3878 ’

2235 3947 2348 4019 (60)
2376 3950 2589 4020 Μήπως
2610 3948 3000 4005 καταλέλοιπεν
3021 3948 3240 4014 αύτούς.
3259 3949 3613 4021 Ὀδυνώμενοι
3642 3945 3745 4007 οὖν

2163 4037 2386 4111 ἐζήτουν
2417 4041 2506 4093 τὸν
2536 4040 2663 4095 Υἰὺν
2695 4041 2789 4095 τοῦ
2823 4040 2958 4095 Θεοῦ
2976 4082 2990 4107 ,
3016 4043 3109 4096 καὶ
3132 4040 3416 4113 ζημιοῦντες
3439 4043 3619 4107 αὐτὸν,
3641 4043 3748 4115 οὐχ

2163 4126 2320 4203 εὗρον
2362 4133 2420 4185 ὲν
2446 4133 2900 4204 τοῖς-συγγενέσιν
2919 4151 2933 4164 ο
2975 4134 3114 4206 ὑπὲρ
3142 4133 3251 4204 γὰρ
3276 4132 3373 4205 τὴν
3420 4134 3745 4203 συγγένειαν

2163 4221 2340 4276 αὐτῶν
2369 4217 2457 4293 ἦν.

2818 4316 2977 4370 ΚΕΦ.
3008 4314 3083 4369 B'.

487 4415 555 4476 V.
588 4416 677 4473 49.
714 4412 839 4470 Non
867 4411 1146 4477 noveratis,
1166 4410 1301 4485 quia
1337 4412 1394 4464 in
1422 4409 1512 4475 iis,
1538 4423 1672 4485 Aqua:
1702 4405 1885 4461 Patris
1911 4416 2060 4475 sunt,

2181 4412 2280 4485 :61)
2311 4411 2458 4480 Στίχ.
2493 4405 2967 4485 μθ¹.οὺ9ελῇδειξε,
2989 4406 3085 4485 ’ὅτι
3113 4406 3183 4460 ἐν
3217 4405 3341 4472 τοῖς
3375 4406 3480 4460 τοῦ
3511 4408 3750 4476 Πατρός

977 4476 1247 4553 oportebat
1280 4496 1392 4535 esse
1428 4478 1558 4533 me?

2181 4478 2183 4484 “
2260 4476 2271 4485 ’
2407 4476 2440 4480 ’⁷
2495 4476 2541 4531 ἠ
2697 4476 3000 4532 ἔδειεῖναί
3029 4492 3140 4546 με;

561 4580 634 4637 Ut
666 4580 733 4635 ad
755 4579 983 4635 verbum
1008 4570 1564 4634 arinemur'adversus
1586 4571 1781 4642 impias
1801 4571 2058 4636 haereses,

2246 4579 2334 4642 Ὠς
2360 4576 2495 4648 πρὸς
2534 4574 2694 4647 ῥητὸν
2725 4570 3074 4642 όπλισώμεθα
3117 4568 3259 4622 κατά
3298 4567 3408 4623 τῶν
3449 4568 3621 4622 ἀθέων
3653 4572 3749 4640 αἱ-

490 4675 732 4730 dicentes
790 4671 904 4744 (56)
940 4671 1154 4728 Patrem
1190 4669 1317 4726 Jesu
1342 4668 1552 4725 Christi
1580 4680 1683 4719 non
1716 4677 1838 4720 esse
1860 4663 2058 4717 mundi

2181 4670 2389 4732 θέσεων,
2429 4665 2726 4735 λεγουσῶν,
2756 4666 2839 4719 ὅτι
2865 4664 2963 4734 οὐχ
2989 4665 3018 4716 6
3044 4660 3375 4733 δημιουργὸς
3405 4660 3594 4732 Πατὴρ
3634 4661 3750 4733 Ἰη-

484 4768 863 4833 conditorem;
898 4780 1072 4835 neque
1097 4765 1262 4821 Deum
1284 4763 1438 4835 legis,
1475 4774 1650 4829 neque
1676 4758 1841 4812 Deum
1869 4755 2056 4825 templi

2181 4759 2258 4813 τοῦ
2300 4756 2558 4830 Χριστοῦ,
2587 4755 2708 4810 οὐδὲ
2735 4758 2763 4810 6
2787 4753 2919 4816 Θεὸς
2944 4751 3038 4805 τοῦ
3070 4751 3257 4822 νόμου,
3297 4751 3416 4804 οὐδὲ
3441 4753 3470 4804 6
3487 4748 3619 4813 Θεὸς
3645 4748 3750 4804 τοῦ

485 4857 703 4915 Patrem
758 4872 883 4913 esse
919 4856 1140 4911 Christi.
1189 4854 1340 4911 Hane
1387 4854 1533 4909 enim
1568 4851 1684 4921 eius
1729 4865 1913 4905 vocem
1961 4864 2053 4904 au-

2181 4848 2312 4914 ναοῦ,
2339 4843 2493 4912 οὗτός
2515 4850 2662 4901 ἐστιν
2690 4849 2718 4900 6
2744 4843 2929 4916 Πατὴρ
2952 4841 3047 4896 τοῦ
3073 4840 3327 4913 Χριστοῦ.
3360 4840 3473 4911 Τῆς
3495 4839 3602 4913 γὰρ
3632 4856 3753 4908 epeo-

485 4955 695 5009 dieutes
723 4949 1091 5006 Valentiniani
1116 4949 1473 5013 erubescant;
1511 4945 1588 4999 ait
1609 4943 1809 5013 quippe
1838 4960 1853 4996 :
1888 4939 1958 4995 1n
1991 4941 2057 4995 iis

2181 4943 2259 5016 ιῆς
2296 4940 2460 4996 αὑτοῦ
2493 4940 2780 5003 ἀκούοντες
2821 4940 2869 4991 οἱ
2904 4937 3011 4992 ἀπὸ
3042 4936 3415 4999 Οὐαλεντίνου,
3457 4931 3751 4987 αἰδείσθω-

481 5062 600 5114 qua
632 5044 811 5099 Patris
836 5042 936 5098 mei
965 5049 1089 5097 sunt
1119 5049 1320 5110 oportet
1358 5054 1440 5092 me
1475 5052 1585 5092 esse
1626 5051 1646 5090 :
1697 5034 1743 5089 si
1776 5033 1933 5089 modo
1958 5033 2057 5087 ad-

2181 5053 2281 5101 ταν,
2317 5036 2594 5105 λέγοντος·
2636 5034 2733 5086 Ἐν
2766 5030 2890 5098 τοῖς
2928 5029 3035 5083 τοῦ
3055 5029 3284 5097 Πατρός
3310 5044 3429 5096 μου
3467 5025 3564 5079 δεῖ
3585 5020 3750 5114 εἶναι

486 5113 728 5191 mittunt.
758 5134 971 5204 Ergone
1019 5146 1190 5202 usque
1231 5131 1369 5185 adeo
1414 5136 1573 5183 erant
1609 5126 1815 5191 stolidi,
1860 5135 2058 5180 utnon

2181 5145 2253 5189 ιε,
2291 5129 2340 5180 εἰ
2384 5126 2695 5202 προσίενται
2727 5124 2788 5178 τὸ
2825 5123 3007 5195 ῥητόν.
3044 5117 3189 5192 Ἀρα
3236 5119 3342 5192 γάρ
3388 5117 3560 5182 οὕτως
3598 5113 3748 5188 ἦσαν

485 5226 852 5298 intelligerent
892 5227 1037 5296 quod
1064 5226 1202 5281 dixit
1232 5244 1247 5281 :
1280 5223 1429 5279 [niis
1460 5239 1577 5289 qua:
1604 5221 1805 5286 Patris,
1841 5236 1960 5292 pro,
1991 5218 2049 5274 ln

2181 5224 2429 5286 ῐσύνετοι,
2458 5222 2534 5285 ὡς
2566 5221 2642 5292 μὴ
2664 5220 2921 5283 συνιέναι,
2957 5218 2986 5273 ὃ
3006 5235 3059 5271 τι
3092 5217 3275 5285 ἔλεγεν
3297 5231 3311 5245 ο
3354 5214 3451 5268 Ἐν
3474 5212 3598 5278 τοῖς
3633 5211 3750 5265 τοῦ

485 5319 723 5390 templo?
751 5321 857 5375 Aut
887 5336 1013 5375 num
1035 5317 1348 5390 mysterium
1371 5316 1661 5386 quodpiam
1701 5315 1980 5380 iunuitur;
2011 5314 2056 5368 si

2181 5316 2415 5386 Πατρός,
2439 5317 2561 5370 ἀντὶ
2592 5314 2685 5368 τοῦ
2702 5332 2715 5345 ·
2757 5315 2844 5368 Ἑν
2863 5312 2941 5386 τῷ
2962 5311 3076 5383 ναῷ
3091 5354 3106 5379 ,
3130 5312 3199 5365 Ἣ
3223 5307 3431 5381 μήποτέ
3457 5324 3510 5363 τι
3533 5306 3748 5379 μυστή-

554 5432 600 5468 ³⁷
631 5432 842 5490 Coloss.
873 5450 913 5501 ι,
939 5434 1030 5489 20.
1127 5433 1172 5465 ⁸⁸
1205 5431 1370 5487 Hebr.
1409 5447 1485 5498 vi,
1516 5429 1605 5496 16,
1635 5430 1724 5491 17.
1801 5429 1847 5460 ³⁹
1880 5428 2014 5483 Luc.
2047 5442 2060 5481 ι

2181 5426 2210 5479 ι.
2288 5424 2334 5457 ⁸ο
2360 5425 2494 5481 Luc.
2528 5440 2590 5493 ιι,
2625 5427 2680 5483 8.

2242 5545 2354 5613 (59)
2400 5546 2643 5613 Ἀνεπιγ.
3046 5611 3052 5613 Α
3110 5609 3127 5613 _
3400 5585 3416 5613 ._

2241 5606 2356 5688 (60)
2388 5606 2614 5688 Confer;
2626 5613 2800 5688 7110(1).
2828 5627 2925 5670 nx
2957 5620 3013 5668 et
3042 5609 3184 5667 infra
3224 5606 3280 5667 in
3321 5609 3443 5666 cod.
3498 5607 3624 5677 594,
3667 5606 3742 5662 ad

2178 5703 2297 5755 cap.
2329 5686 2366 5752 ι,
2404 5702 2543 5740 vers.
2570 5686 2660 5741 65.

2228 5762 2336 5831 (til)
2384 5760 2552 5829 Ὠριγ.

557 5549 671 5623 (56)
709 5550 847 5606 Hinc
876 5548 1087 5623 videtur
1132 5549 1381 5623 hausisse
1429 5547 1656 5623 Pliotius
1687 5546 1841 5623 plura
1870 5545 2061 5614 hujus-

485 5618 972 5691 modi‘a-rgumenta
997 5621 1262 5675 adversus
1310 5619 1695 5691 Paulliciauos,
1720 5618 1837 5672 sive
1895 5629 2064 5691 neve}

483 5682 830 5783 languages.
852 5704 1012 5759 quem
1036 5691 1159 5753 vide
1179 5692 1231 5747 iu
1246 5700 1390 5749 tomo
1403 5690 1682 5761 superiore
1707 5696 1909 5744 nostra:
1926 5686 2064 5742 Bibl.

555 5762 670 5836 (57)
713 5762 887 5834 Ὠριγο

548 5833 660 5907 (58)
704 5832 944 5900 ’Δνεπιγ.
