3942 6318
129 390 213 446 se;

1374 394 1667 452 SCHOLIA
1704 394 1768 450 IN
1810 392 2069 451 LUCAM.

3251 408 3355 464 526

126 525 218 581 ριον
245 505 582 562 αἰνίττεται·
616 508 684 562 Et
718 526 801 573 τ-ις
838 508 987 580 ὑμῶν
1016 509 1108 563 τοῦ
1131 510 1343 582 Πατρός
1369 513 1536 575 ἐστιν,
1574 511 1680 581 ἔχει

1788 512 1909 580 quis
1941 519 2180 567 vestrum
2209 508 2386 567 Patris
2414 521 2520 578 est,
2544 514 2708 570 habet
2735 514 3007 574 Christum
3042 518 3095 575 in
3132 521 3353 593 seipse?

121 599 195 653 τὸν
216 598 456 669 Χριστὸν
487 601 545 653 ὲν
574 601 781 672 ἐαυτῷ;
813 601 1024 655 Μᾶλλον
1048 601 1156 672 γὰρ
1176 601 1269 654 τοῦ
1306 602 1513 672 [Ιατρὸς
1542 602 1680 673 ὁρῶν

1788 603 1973 658 Potius
2000 604 2145 657 enim
2196 602 2371 657 Patris
2416 615 2569 671 putat
2600 609 2852 679 templum
2888 626 3008 666 esse
3053 615 3349 671 animatum

120 688 335 760 ἔμψυχόν
377 691 532 757 ναὸν,
568 690 659 745 τὸν
698 692 859 745 καλόν
890 709 950 745 τε
983 692 1078 745 καὶ
1109 693 1333 761 ἀγαθὸν,
1368 692 1520 764 ἢτὸν
1557 692 1680 747 ναὸν

1788 694 2057 750 hominem
2090 696 2313 765 probum
2347 711 2412 750 ac
2453 696 2674 765 bonum,
2705 715 2864 768 quam
2901 705 3154 773 templum
3192 708 3345 764 illud.

119 786 315 836 ἐκεῖνον’
352 783 550 854 ἐξῆλθε
576 784 683 855 γὰρ
705 785 811 838 ἀπὸ
840 784 932 839 τοῦ
957 784 1084 838 ναοῦ
1110 786 1315 838 ἐκείνου
1349 784 1536 838 εἰπών·
1571 785 1680 855 (62)

1788 785 1927 840 Exiit
1954 788 2096 841 enim
2128 790 2193 843 de
2225 788 2313 841 illo
2349 791 2547 858 templo
2576 792 2762 847 dicens
2790 812 2802 846 :
2844 791 3178 863 Relinquitur
3206 802 3347 854 vobis

126 876 351 943 ’Agsls‘tar
379 878 530 944 ὑμῖν
563 882 594 931 ὀ
633 874 797 943 οἶκος
819 878 1006 947 ὑμῶν,
1061 879 1155 931 καὶ
1198 878 1435 948 ἀπῆλθεν
1468 878 1561 930 ἐπὶ
1592 878 1680 932 τὸν

1788 885 1971 934 domus
2006 892 2178 934 vestra
2203 884 2270 947 “,
2299 892 2353 936 et
2379 882 2514 936 abiit
2543 884 2609 936 ad
2645 884 2895 953 templum
2929 885 3127 954 Patris,
3155 889 3345 946 Ec«:le-

115 970 218 1021 ναὸν
240 968 333 1021 τοῦ
367 971 607 1042 Πατρός,
632 972 731 1033 τὰς
760 970 1083 1041 Ἐκκλησίας
1115 970 1211 1034 τὰς
1247 970 1536 1041 πανταχοῦ.

114 1059 380 1129 Στίχ.’να’.
425 1061 539 1114 Καὶ
570 1058 647 1132 ἦν
681 1062 1184 1183 ὐποῖασὲνόμενος
1229 1061 1445 1127 αὐτοῖς,
1485 1062 1577 1114 καὶ
1608 1061 1679 1114 τὰ

825 1148 919 1183 οιπ
962 1171 974 1183 .

825 1148 974 1183 οιπα.

171 1221 430 1294 (οδγεπι
467 1222 568 1293 μὲν
592 1221 670 1292 τῷ
707 1221 858 1293 παρὰ
900 1221 1170 1285 Ἰουδαίοις
1203 1222 1382 1292 μόνοις
1414 1239 1679 1294 κηρυσσο-

113 1314 237 1383 μένῳ
280 1314 616 1385 προφητικῷ
647 1314 1018 1384 ἀναγράφεται
1052 1312 1323 1383 βασιλείας
1350 1314 1505 1384 μόνον
1545 1315 1674 1368 Ἰου-

110 1404 244 1455 δαίων
264 1420 278 1433 ’
309 1406 573 1472 "Opath
607 1403 737 1475 γὰρ,
771 1406 957 1475 φησὶν,
986 1403 1067 1471 ἢν
1090 1400 1247 1457 εἶδεν
1283 1404 1537 1469 Ἡσαΐας
1577 1423 1676 1458 κα-

109 1496 164 1547 τὰ
191 1493 296 1562 τῆς
340 1496 669 1561 Ἰουδαίας,
713 1495 811 1548 καὶ
854 1495 1004 1549 κατὰ
1045 1492 1154 1562 τῆς
1191 1495 1574 1563 Ἰερουσαλὴμ
1611 1496 1680 1547 ἐν

102 1586 373 1654 ,ϐασιλείᾳ
392 1588 613 1654 Ὀζίου,
650 1588 748 1641 καὶ
779 1586 1021 1641 Ἰωάθίιν
1051 1588 1147 1639 καὶ
1192 1584 1369 1655 Ὰχὰζζ
1403 1586 1511 1657 καὶί
1538 1585 1679 1646 Ἑζε-

103 1678 254 1745 χίου·
294 1678 398 1730 καὶ
446 1678 636 1731 οὐδένα
684 1676 839 1730 ἄλλον
871 1673 985 1728 οἶδα
1015 1674 1235 1745 βασιλέα
1262 1676 1682 1746 ἀναγεγραμμέ-

102 1788 173 1822 νον
198 1772 256 1823 ὲν
288 1770 374 1841 τῷ
407 1771 587 1843 χρόνῳ
610 1770 709 1840 τῆς
736 1769 1069 1841 προφητείας
1096 1768 1129 1835 ἢ
1149 1768 1239 1820 τὸν
1264 1767 1364 1836 τῆς
1390 1768 1674 1831 Ἰουδαίαςο

1781 972 1894 1027 sias
1920 987 2116 1042 nempe
2142 988 2258 1041 qua:
2296 975 2493 1042 ubique
2522 984 2785 1029 terrarum
2820 987 2966 1035 sunt.

2064 1066 2127 1119 ν.
2159 1068 2247 1121 51.
2276 1067 2341 1120 Et
2372 1078 2481 1121 erat
2510 1070 2771 1138 subjectus
2801 1071 2927 1135 illis,
2962 1082 3066 1129 etc.

1850 1225 2075 1294 Quando
2128 1229 2269 1295 apud
2302 1225 2515 1284 Judzeos
2549 1229 2690 1284 solos
2736 1232 3109 1309 propheticum
3162 1234 3349 1289 vatici-

1780 1319 1924 1372 nium
1993 1320 2295 1389 evnlgatur,
2349 1322 2673 1377 describitur
2719 1326 2981 1378 duntaxat
3038 1325 3344 1381 Judaeorum

1778 1424 2024 1478 regnum.
2067 1409 2224 1475 Puta,
2262 1408 2427 1472 Visio,
2476 1413 2671 1481 inquit,
2702 1430 2858 1482 quant
2887 1416 3014 1467 vidit
3048 1414 3225 1469 Isaias
3247 1418 3346 1469 ad-

1778 1518 1951 1554 versus
1976 1501 2219 1555 Judaeum
2243 1510 2288 1555 et
2309 1503 2555 1557 adversus
2584 1505 2875 1559 Jerusalem
2896 1507 2953 1559 in
2982 1523 3137 1575 regno
3175 1506 3342 1571 Oziae.

1778 1605 1823 1644 et
1852 1590 2167 1656 Joathan,et
2190 1595 2383 1659 Achaz,
2414 1604 2461 1648 et
2484 1594 2718 1650 Ezechia:
2736 1597 2779 1629 δ’
2798 1615 2811 1651 :
2833 1613 2932 1652 nec
2962 1599 3124 1652 alium
3150 1608 3342 1668 quem-

1781 1684 1924 1754 piam
1978 1686 2099 1739 novi
2151 1688 2443 1756 ascriptum
2496 1703 2673 1757 regem
2723 1700 2963 1759 tempore
3021 1694 3341 1761 prophetia},

1784 1785 2145 1845 praeterquam
2190 1776 2409 1833 Iudaeae.
2450 1779 2506 1833 In
2535 1782 2857 1849 quibusdam
2886 1798 3014 1836 vero
3046 1785 3337 1851 vaticiniis,

100 1861 174 1913 ἐπί
210 1879 385 1915 τινων
432 1864 487 1915 δὲ
520 1860 862 1933 προφητειῶν
909 1861 1004 1913 καὶ
1036 1859 1125 1912 τὸν
1162 1858 1382 1929 βασιλέα
1424 1859 1518 1911 τοῦ
1572 1860 1673 1912 Ἰσ-

1788 1869 1944 1921 etiam
1984 1884 2160 1941 regem
2192 1870 2368 1924 Israel.
2403 1873 2471 1926 At
2501 1874 2712 1938 quando
2752 1872 2987 1928 Joannes
3022 1876 3341 1943 praedicatu-

98 1955 244 2025 ραηλ.
288 1957 434 2009 ’Ότε
475 1956 532 2008 δὲ
568 1954 758 2025 ἔμελλε
794 1952 854 2005 τὸ
895 1953 1189 2023 μυστήριον
1221 1951 1315 2004 τοῦ
1349 1952 1679 2021 Εύαγγελίου

106 2047 363 2119 Ἰωάννης
423 2045 744 2118 κηρύσσειν,
797 2044 1206 2115 ἀναγέγραπται
1250 2044 1371 2114 οὐχὶ
1429 2044 1682 2107 Ἰουδαίας

92 2139 245 2210 μόνος
293 2139 559 2209 βασιλεὺς
598 2136 859 2209 Ἡρώδης,
920 2136 1039 2188 οὐδὲ
1078 2136 1360 2206 Ῥωμαίων
1403 2135 1560 2206 μόνος
1592 2136 1683 2188 Τι-

91 2231 299 2304 ϐέριος.

760 2321 914 2373 ΚΕΦ.
956 2320 1009 2371 Γ¹

152 2413 276 2485 (64)
316 2414 386 2466 Εἰ
412 2412 509 2483 μὲν
541 2413 587 2465 oi
616 2409 723 2465 ἀπὸ
746 2409 851 2462 τῶν
881 2408 1048 2463 ἐθνῶν
1084 2407 1231 2479 μόνοι
1258 2408 1476 2480 ἔμελλον
1518 2410 1680 2474 σώζε-

96 2508 233 2569 σθαι,
274 2505 467 2575 πάντη
500 2504 556 2557 δὲ
596 2504 1008 2558 ἀποκέκλεισται
1054 2506 1086 2574 ὴ
1118 2502 1357 2573 σωτηρία
1402 2501 1512 2554 τῶν
1549 2502 1679 2555 υἱῶν

107 2597 347 2670 Ἰσραὴλ,
376 2581 535 2668 ἤρκει
556 2596 637 2662 τὸ,
676 2598 770 2649 Ἐν
804 2595 921 2648 ἐτει
951 2602 1015 2647 ιε’
1040 2594 1148 2663 τῆς
1177 2594 1495 2662 ἡγεμονίας
1533 2596 1679 2647 Τιϐε-

98 2692 219 2759 ρίου
239 2690 551 2757 Καίσαρος
571 2705 585 2718 ο
612 2688 870 2759 ἐπειδὴδὲ
889 2687 969 2740 δεῖ
1012 2686 1107 2739 καὶ
1133 2688 1258 2749 τοὺς
1275 2686 1381 2738 ἀπὸ
1402 2686 1500 2756 τῆς
1524 2686 1678 2738 Γαλι-

106 2783 269 2847 λαίας,
304 2783 408 2836 καὶ
440 2784 565 2845 τοὺς
606 2781 713 2835 ἀπὸ
755 2782 852 2852 τῆς
897 2780 1194 2851 Ἰτουραίας
1228 2780 1320 2833 καὶ
1352 2779 1678 2850 Τραχωνίτι-

106 2876 201 2937 δος,
223 2877 320 2928 καὶ
355 2874 625 2945 Ἀὃιλινῆς
658 2874 950 2937 πιστεύειν,
984 2873 1070 2926 διὰ
1102 2871 1257 2926 τοῦτο
1278 2873 1677 2942 άναγράφονται

112 2968 189 3019 καὶ
213 2960 378 3020 αὗται
411 2967 469 3018 αἱ
511 2965 794 3036 βασιλεῖαι.
849 2964 1122 3036 Ἐμνήσθη
1153 2964 1209 3017 δὲ
1229 2965 1321 3017 καὶ
1353 2963 1459 3016 τῶν
1495 2965 1678 3034 ἀρχιε-

115 3060 235 3130 ρέων
266 3060 444 3112 Ἀννα
474 3058 568 3110 καὶ
600 3056 844 3125 Καῖάφα,
891 3056 975 3109 ἵνα
997 3055 1163 3129 δείξῃ,
1191 3056 1271 3107 ὃτι
1302 3054 1409 3107 ἀπὸ
1430 3053 1522 3106 τοῦ
1554 3071 1677 3106 και-

119 3150 215 3221 ροῦ,
251 3149 377 3203 καθ’
419 3148 477 3202 ὃν
499 3144 660 3220 ἦλθεν
682 3150 710 3201 ὁ
750 3148 998 3217 Ἰωάννης
1032 3146 1339 3217 κηρύσσων,
1370 3140 1508 3215 ἦσαν
1535 3138 1678 3197 οὗτοι

1786 1974 1877 2015 rus
1907 1970 2025 2015 erat
2071 1965 2387 2033 mysterium
2420 1964 2716 2033 Evangelii,
2746 1968 3068 2021 describitur
3101 1984 3205 2022 non
3242 1968 3339 2024 Ju-

1783 2051 1911 2106 darre
1954 2052 2103 2108 solus
2157 2070 2253 2109 rex
2299 2054 2561 2122 Ilerodes,
2598 2072 2768 2125 neque
2801 2056 3161 2113 Romanorum
3196 2059 3337 2116 solus

1784 2143 2056 2199 Tiberius.

2412 2325 2564 2380 CAP.
2624 2325 2709 2379 III.

1854 2416 1909 2471 Si
1938 2418 2169 2487 gentiles
2204 2417 2302 2471 soli
2333 2418 2574 2472 salvandi
2607 2430 2782 2483 erant,
2813 2429 2867 2473 et
2890 2435 3112 2489 prorsus
3139 2423 3341 2479 exclusi

1781 2508 2008 2563 fuissent
2051 2524 2079 2561 a
2112 2507 2282 2563 salute
2321 2507 2413 2561 ﬁlii
2453 2508 2642 2573 Israel,
2689 2507 2821 2563 satis
2856 2511 3043 2567 fuisset
3080 2513 3245 2568 illud:
3276 2514 3342 2568 In

1778 2615 1915 2652 anno
1946 2613 2013 2651 xv
2042 2598 2246 2665 imperii
2281 2596 2474 2649 Tiberii
2517 2595 2745 2652 Cwsaris
2783 2600 2850 2651 ⁸³.
2874 2601 2943 2653 At
2980 2604 3105 2670 quia
3132 2613 3345 2671 Oportet

1780 2702 1836 2745 ut
1866 2692 2092 2745 credant
2120 2701 2174 2745 et
2194 2691 2230 2744 ii
2261 2691 2354 2760 qui
2382 2698 2505 2743 sunt
2534 2706 2599 2745 ex
2628 2689 2837 2755 Ituraea,
2870 2702 2925 2747 et
2955 2693 3342 2749 Tracbonitide

1778 2791 1832 2835 et
1881 2781 2138 2846 Abilina;
2188 2789 2473 2851 propterea
2503 2790 2558 2836 et
2603 2782 2717 2835 haec
2768 2797 2931 2851 regna
2972 2785 3338 2838 ascribuntnr.

1781 2871 1944 2926 Facta
1972 2881 2055 2926 est
2096 2882 2275 2925 autem
2319 2873 2521 2925 mentio
2550 2872 2710 2925 etiam
2745 2873 3057 2940 pontiﬁcum
3088 2875 3255 2929 Annae
3286 2884 3340 2928 et

1779 2964 2014 3033 Caiphae,
2055 2979 2161 3034 quo
2186 2963 2515 3027 ostenderet,
2554 2964 2679 3031 quia
2714 2980 2741 3015 a
2786 2973 3025 3033 tempore
3058 2980 3165 3033 quo
3192 2966 3340 3019 venit

1777 3054 2012 3131 Joannes
2060 3055 2393 3123 praedicans,
2426 3054 2479 3107 in
2528 3070 2591 3108 eo
2628 3064 2864 3123 tempore
2901 3067 3185 3125 cmpcrunt
3217 3072 3339 3112 esse

1782 3143 1885 3197 isti.
1908 3143 2214 3212 pontiﬁces,
2241 3144 2330 3212 qui
2366 3143 2420 3196 in
2452 3143 2771 3214 pontificatu
2813 3156 3132 3202 manserunt
3170 3163 3339 3218 usque

115 3242 371 3313 ἀρχιερεῖς
414 3242 473 3293 ἐν
516 3240 706 3311 ἐκείνῳ
731 3239 807 3310 τῷ
834 3238 1010 3309 καιρῷ
1049 3238 1363 3309 ἀρξάμενοι,
1400 3237 1676 3308 μείναντες

1788 3234 1856 3305 ad
1873 3235 2173 3305 passionem
2208 3235 2441 3291 Domini.

117 3333 163 3386 δὲ
193 3334 293 3396 ’ἕως
324 3332 432 3386 τοῦ
470 3332 674 3396 πάθους
703 3331 794 3384 τοῦ
827 3331 1031 3400 Κυρίου
1076 3333 1134 3382 ἐν
1166 3332 1232 3400 τῇ
1279 3328 1675 3400 ἀρχιερωσύνη.

178 3424 278 3478 Τοῦ
310 3424 527 3478 αὐτοῦ.
569 3424 833 3477 Οὐδέποτε
867 3423 1057 3491 γέγονε
1086 3422 1236 3493 ρῆμα
1275 3421 1409 3473 Θεοῦ
1441 3421 1531 3473 ἐπί
1561 3437 1679 3473 τινα

120 3517 207 3570 τῶν
237 3516 540 3589 προφητῶν
569 3517 625 3569 ὲν
647 3518 712 3586 τῇ
743 3516 953 3586 ἐρήμῳ.
998 3514 1212 3585 Ἐπειδὴ
1241 3514 1298 3567 δὲ
1336 3514 1524 3584 ἔμελλε
1556 3514 1682 3567 πολ-

121 3609 175 3662 λὰ
198 3611 353 3663 τέκνα
374 3609 483 3680 τῆς
509 3610 712 3680 ἐρήμου
743 3608 939 3678 μᾶλλον
966 3601 1102 3660 εἶναι
1131 3607 1164 3676 ἢ
1196 3606 1295 3676 τῆς
1337 3606 1565 3675 ἐχούσης
1591 3603 1682 3655 τὸν

124 3696 280 3768 ἄνδρα,
308 3698 409 3751 διὰ
443 3696 601 3750 τοῦτο
628 3697 841 3765 ἐγένετο
881 3696 1030 3765 ῥῆμα
1051 3694 1185 3747 Θεοῦ
1225 3696 1316 3748 ἐπὶ
1347 3696 1595 3765 Ἰωάννην
1625 3697 1682 3747 ὲν

125 3791 175 3858 τῇ
202 3790 415 3860 épmup.
454 3790 516 3841 Ei
550 3788 659 3858 γὰρ
694 3787 769 3859 μὴ
802 3787 959 3841 τοῦτο
983 3784 1072 3858 ἦν,
1116 3788 1180 3839 ὲκ
1208 3785 1470 3857 περισσοῦ
1511 3786 1683 3839 ἐποίει

126 3878 398 3948 κηρύσσων
426 3878 484 3929 ὲν
512 3879 578 3947 τῇ
613 3877 823 3948 ἐρήμῳ.
868 3874 976 3929 Καὶ
1013 3870 1202 3944 ἦλθεν
1228 3875 1313 3938 εὶς
1341 3871 1544 3926 πᾶσαν
1572 3870 1685 3939 τὴν

1853 3413 2122 3483 Ejusdem.
2154 3414 2401 3470 Nondum
2450 3416 2627 3472 fuerat
2659 3418 2881 3472 verbum
2923 3419 3015 3474 Dei
3048 3421 3114 3473 ad
3146 3436 3340 3491 quem-

1782 3507 1921 3574 piam
1960 3508 2348 3575 propbetarum
2393 3508 2445 3561 in
2493 3511 2731 3562 deserto.
2768 3511 2837 3563 At
2877 3511 2965 3564 ubi
3014 3514 3187 3578 plures
3221 3526 3342 3564 esse

1781 3597 2044 3652 debebant
2059 3599 2155 3667 ﬁlii
2171 3600 2405 3663 deserta,
2427 3617 2582 3667 quam
2597 3601 2708 3670 ejus
2723 3618 2838 3669 quw
2853 3604 3069 3655 habebat
3096 3604 3259 3656 virum
3273 3603 3343 3668 “,

1782 3703 2063 3759 propterea
2109 3709 2122 3744 :
2169 3689 2396 3744 Factum
2440 3701 2514 3744 est
2561 3691 2771 3744 verbum
2826 3691 2919 3746 Dei
2962 3694 3029 3745 ad
3084 3692 3344 3749 Joannem

1780 3784 1834 3835 in
1863 3781 2067 3835 deserto
2095 3780 2161 3835 ⁸⁸.
2196 3780 2309 3835 Nisi
2343 3781 2487 3834 enim
2515 3781 2617 3834 hoc
2646 3766 2860 3846 fuisset,
2897 3782 3167 3837 incassum
3203 3786 3343 3854 egis~

1783 3883 1864 3929 set
1891 3874 2191 3942 praedicans
2218 3872 2269 3925 in
2294 3872 2528 3927 deserto.
2552 3870 2617 3924 Et
2644 3873 2777 3925 venit
2807 3856 2867 3926 in!
2890 3889 3091 3927 auinam
3119 3876 3346 3928 circum-

128 3970 441 4038 περίχωρον
468 3967 573 4021 τοῦ
590 3966 900 4035 Ἰορδάνου·
930 3966 1043 4036 (65)
1080 3963 1183 4016 ποῦ
1216 3963 1322 4034 γὰρ
1347 3963 1451 4016 ἔδει
1474 3963 1563 4015 τὸν
1587 3963 1680 4016 Βα-

1788 3967 2039 4029 iacentem
2073 3966 2334 4033 regionem
2390 3963 2643 4019 Jordanis
2671 3965 2734 4017 “.
2777 3966 2895 4033 Quo
2937 3969 3079 4021 enim
3119 3969 3345 4023 debebat

129 4060 323 4131 πτιστὴν
360 4058 749 4131 προέρχεσθαι,
783 4057 814 4127 ἢ
848 4058 926 4120 είς
957 4055 1053 4127 τὴν
1080 4055 1380 4126 περίχωρον
1412 4052 1506 4106 τοῦ
1554 4054 1685 4125 Ἰορ-

130 4148 279 4217 δάνου,
310 4153 430 4214 ἵνα,
469 4150 564 4203 ἐάν
596 4167 677 4213 τις
711 4149 964 4220 βούληται
1009 4150 1307 4218 μετανοεῖν,
1356 4145 1558 4208 εὐθέως
1597 4145 1685 4197 εύ-

132 4245 312 4316 πορήσῃ
344 4242 449 4295 τοῦ
471 4241 714 4312 ποταμοῦ
742 4258 758 4305 ;
794 4239 1145 4293 Καταὸαίνων
1166 4238 1272 4310 γάρ
1291 4239 1434 4291 ἐστιν
1455 4237 1529 4301 ὡς
1550 4237 1680 4307 άλη-

134 4328 220 4395 θῶς
239 4336 264 4385 ό
294 4330 547 4402 ποταμὸς
574 4331 666 4383 τοῦ
696 4329 853 4391 Θεοῦ,
886 4328 945 4381 τὸ
982 4327 1124 4398 ὓδωρ
1155 4328 1214 4379 τὸ
1236 4325 1507 4397 ἀληθινὸν,
1540 4325 1601 4378 τὸ
1628 4324 1685 4377 ῦ-

133 4422 220 4495 δωρ
244 4425 299 4477 τό
320 4425 613 4495 σωτήριον.
644 4422 753 4476 Καὶ
776 4422 1093 4489 κηρύσσει,
1130 4420 1313 4489 φησιν,
1347 4420 1433 4483 εὶς
1470 4417 1685 4485 ἄφεσιν

136 4516 407 4585 ἁμαρτιῶν
434 4515 767 4583 βάπτισμα.
798 4514 891 4577 Εἰς
915 4512 1107 4581 ἄφεσιν
1131 4512 1186 4564 δὲ
1214 4508 1515 4581 ἁμαρτιῶν,
1544 4508 1645 4560 τίνι
1668 4525 1682 4572 ;

137 4606 253 4678 ῆτῷ
299 4607 499 4679 μηκέτι
530 4604 917 4677 ἁμαρτάνοντι.
966 4599 1098 4656 Εἶτα
1131 4601 1219 4655 τὸν
1262 4602 1486 4654 Ἡσαΐαν
1535 4616 1676 4670 παρ-

142 4695 287 4769 ίστησι
314 4699 477 4753 τοῦτο
507 4699 637 4751 αὐτὸ
671 4696 911 4768 βοῶντα;
946 4696 1010 4748 Τί
1052 4695 1193 4765 γάρ;
1224 4710 1355 4764 φησι
1380 4692 1550 4760 Φωνὴ
1572 4693 1682 4757 βου

140 4784 297 4855 (Error;
314 4793 388 4845 ἐν
409 4788 485 4857 τῇ
504 4787 717 4858 ἐρήμῳ.
743 4787 911 4841 Τοῦτο
942 4786 999 4839 δέ
1032 4802 1193 4856 φησιν
1213 4803 1225 4815 ·
1254 4785 1330 4848 ὡς
1358 4784 1424 4838 ἂν
1466 4784 1682 4836 Ἡσαΐου

143 4879 277 4933 αὑτοῦ
316 4881 610 4944 ἀκούοντος
669 4880 777 4934 τῶν
824 4878 998 4948 λόγων
1051 4879 1318 4932 Ἰωάννου.
1376 4876 1684 4938 Ἐπίλεκτος

146 4968 229 5041 γὰρ
257 4968 317 5043 ἦν
352 4976 433 5036 εἰς
459 4972 760 5043 ἀποστολὴν
806 4971 1075 5041 Ἰωάννης,
1120 4971 1214 5023 καὶ
1245 4969 1446 5031 τέλειος
1480 4986 1688 5039 προφη-

146 5062 245 5117 τῶν.
288 5066 501 5138 Ἐπειδὴ
533 5066 590 5119 δὲ
613 5068 640 5119 ό
674 5064 924 5135 Ἰωάννης
953 5063 1255 5135 πρόδρομος
1281 5057 1348 5131 ἦν
1375 5060 1467 5113 τοῦ
1492 5061 1684 5128 Λόγου,

147 5156 335 5221 εἰκότως
354 5160 507 5229 φωνὴ
533 5158 865 5229 ὠνόμασται,
898 5156 959 5207 οὑ
981 5154 1153 5222 λόγος.
1176 5152 1551 5223 Προλαμϐάνει
1580 5150 1687 5221 γὰρ

148 5243 177 5314 ἡ
214 5251 350 5319 φωνὴ
398 5250 490 5303 τὸν
524 5248 701 5317 λόγον.
754 5246 827 5300 Τὸ
858 5246 947 5299 δέ’
996 5239 1378 5314 Ἐτοιμάσὶῑτε
1408 5243 1522 5311 τὴν
1547 5242 1690 5295 ὀδόν

205 5408 240 5441 δ’
278 5412 461 5467 Matth.
504 5427 660 5478 xxnt,
691 5412 777 5467 58.
894 5412 938 5443 δ’
970 5410 1068 5467 Isa.
1106 5425 1143 5474 ι,
1188 5410 1238 5466 I.

152 5476 313 5543 "ibid.
382 5476 664 5540 “ibid.4.
737 5481 935 5537 "ibid.

210 5626 308 5700 (62)
330 5629 463 5685 Vide
485 5630 632 5685 hom.
665 5644 758 5682 xx.

210 5693 304 5822 (‘63)
345 5702 512 5824 ’ἱὶριῃ
542 5700 676 5755 Vide
700 5699 840 5754 infra
878 5700 931 5755 in
961 5699 1082 5756 cod.
1108 5695 1233 5761 294,
1282 5693 1349 5749 ad
1406 5705 1525 5763 cap.
1592 5706 1677 5757 ιιι,

243 5787 335 5825 crs.
396 5812 409 5825 .

1348 5409 1392 5441 “
1432 5408 1565 5463 Luc.
1599 5424 1681 5475 ιιι,
1722 5409 1773 5462 1.

1782 4056 1995 4124 prodire
2019 4054 2462 4123 Baptista,quam
2488 4056 2538 4109 in
2566 4056 3037 4123 circumjacentem
3068 4059 3341 4129 regionem

1781 4144 2054 4211 Iordanis,
2087 4155 2143 4198 ut
2169 4145 2214 4199 si
2250 4161 2408 4214 quem
2437 4146 2596 4201 vellet
2632 4149 3120 4217 paenitere,statim
3152 4148 3345 4205 ﬂuvius

1783 4239 1833 4291 in
1859 4251 2104 4308 promptu
2140 4238 2318 4292 esset?
2350 4238 2641 4294 Descendit
2673 4239 2815 4292 enim
2845 4254 2971 4293 vere
3002 4238 3197 4294 [lumen
3228 4243 3340 4307 Dei,

1782 4345 1917 4396 aqua
1950 4345 2135 4396 verax,
2164 4344 2303 4399 aqua
2336 4329 2612 4385 salutaris.
2654 4330 2717 4383 Et
2743 4333 3019 4400 prwdicat,
3057 4332 3155 4396 ait,
3184 4334 3236 4385 in
3264 4350 3345 4386 re-

1784 4420 2077 4474 missionem
2118 4432 2448 4490 peccatorum
2496 4421 2753 4488 baptisma
2784 4423 2853 4477 ⁸⁷.
2880 4421 2935 4475 In
2968 4424 3341 4477 remissionem

1786 4522 2148 4580 peccatorum,
2178 4513 2264 4567 eui
2285 4513 2306 4565 ?
2328 4513 2429 4566 nisi
2462 4527 2564 4565 non
2600 4513 2827 4582 amplius
2849 4516 3114 4582 peccanti.
3142 4514 3344 4568 Deinde

1783 4602 1971 4655 Isaiam
2005 4601 2224 4655 adducit
2258 4603 2359 4655 hoc
2410 4602 2583 4670 ipsum
2629 4602 2970 4658 clamantem.
3004 4604 3141 4670 Quid
3175 4606 3340 4668 enim,

1786 4692 1996 4761 inquit?
2034 4690 2149 4745 Vox
2178 4694 2455 4747 clamantis
2488 4695 2544 4747 iu
2590 4696 2792 4748 deserto
2818 4693 2885 4748 ⁸⁸.
2912 4694 3023 4749 IIoc
3054 4711 3216 4765 porro
3247 4698 3341 4758 ait,

1787 4784 2010 4853 perinde
2056 4795 2218 4851 atque
2264 4784 2431 4839 Isaias
2482 4786 2762 4854 ipsiusmet
2805 4784 3030 4841 Joannis
3072 4802 3347 4841 sermones

1787 4880 2102 4934 audivisset.
2128 4879 2344 4933 Electus
2371 4881 2513 4933 enim
2545 4891 2661 4935 erat
2694 4880 2747 4934 in
2779 4881 3136 4952 apostolatum
3179 4880 3348 4934 Joan—

1786 4984 1907 5033 nes,
1937 4979 1989 5023 et
2030 4968 2461 5024 absolutissimus
2487 4972 2892 5040 prophetarum.
2929 4972 2991 5025 Et
3035 4971 3156 5040 quia
3187 4969 3348 5025 Joan-

1789 5074 1883 5115 nes
1934 5074 2239 5130 przecursor
2267 5070 2385 5114 erat
2430 5059 2613 5125 Verbi,
2659 5063 2851 5117 merito
2896 5077 2997 5116 vox
3049 5061 3347 5130 appellatus

1788 5161 1893 5216 est,
1934 5167 2043 5206 non
2074 5154 2319 5209 verbum.
2366 5152 2546 5207 Primo
2577 5154 2718 5207 enim
2765 5162 3016 5209 censetur
3057 5169 3158 5207 vox
3184 5170 3343 5223 quam

1793 5244 2042 5299 verbum.
2076 5242 2207 5297 Illud
2247 5258 2445 5314 porro:
2478 5242 2673 5299 Parata
2704 5246 2841 5300 viam
2878 5244 3087 5298 Domini
3116 5244 3181 5310 ",
3217 5245 3343 5314 quid

1915 5408 1961 5440 “
2006 5407 2110 5462 Isa.
2153 5424 2260 5475 LIV,
2312 5410 2364 5462 1.

2475 5410 2519 5442 ⁸⁵
2560 5410 2686 5466 Luc.
2746 5426 2827 5477 ιιι,
2885 5410 2937 5466 2.
3038 5410 3086 5442 “
3116 5409 3239 5465 ibid.
3290 5408 3344 5465 ὅ.

2006 5623 2303 5751 γ’ἶιῖἓῖἠιτε
2326 5694 2393 5752 ad
2419 5710 2537 5767 cap.
2568 5712 2649 5765 ιιι,
2679 5713 2817 5756 vers.
2853 5700 2907 5766 5,
2933 5700 2985 5754 in
3015 5702 3134 5757 cod.
3164 5698 3288 5755 594.
