3942 6318
523 389 627 445 ὂὶτ

1378 369 1942 432 SliPPLEMENTUM
1975 369 2064 424 AD
2096 363 2421 424 ORIGENIS
2459 357 2869 418 EXEGETICA.

3695 356 3792 408 3‘28

520 520 628 575 est,
657 508 759 564 nisi
790 521 909 577 pro,
947 502 1227 573 Disponite
1256 516 1352 554 vos
1392 500 1457 553 ad
1498 495 1845 565 suscipienda
1877 507 1941 548 ea
1974 506 2093 559 qua:
2122 544 2124 549 .

2219 487 2436 556 (vplov,
2465 485 2516 538 τί
2550 485 2720 539 ἐστιν.
2749 483 2797 534 εἰ
2827 481 2899 552 μὴ
2925 480 3044 534 ἀντὶ
3061 477 3189 540 τοῦ,
3223 471 3639 546 Εὐτρεπίσθητε
3670 473 3797 546 πρὸς

519 603 638 672 lege
666 596 1181 656 sancire'voluerit?
1220 592 1406 646 Rectas
1441 591 1599 661 facite
1625 588 1837 644 semitas
1871 577 1986 657 ejus
2010 587 2092 641 '°:

523 708 646 765 pro,
676 690 919 746 Desinite
949 701 1111 759 agere
1143 699 1420 756 perversa.

597 869 772 928 Vallis
795 871 842 903 ⁸¹
876 878 958 925 est
1003 865 1271 936 profunda
1317 871 1374 919 et
1418 877 1574 923 cava,
1612 859 1792 917 omnis
1842 858 2096 924 inﬁdelis,

523 965 614 1035 qui
640 966 866 1020 credens
891 962 942 1014 in
967 960 1265 1022 Christum,
1284 956 1526 1024 repletur
1552 953 1816 1008 fructibus
1840 952 2094 1022 Spiritus,

525 1057 576 1111 id
617 1067 700 1112 est
731 1053 1044 1108 virtutibus.
1081 1048 1236 1104 Mons
1283 1057 1331 1102 et
1362 1046 1511 1102 collis
1539 1044 1872 1108 humiliatus,
1897 1053 1978 1099 est
2000 1042 2096 1097 Juv

2203 573 2516 646 παραδοχὴν
2567 566 2641 628 ὧν
2697 573 2762 626 ἂν
2821 569 3056 641 βούλοιτο
3124 564 3502 638 νομοθετεῖν;
3561 566 3800 629 Εὐθείας

2201 666 2418 721 ποιεῖτε
2457 665 2561 732 τὰς
2610 665 2846 733 τρίϐους
2887 663 3093 727 αὑτοῦ,
3144 659 3280 714 ἀντὶ
3312 655 3411 710 τοῦ
3437 695 3453 720 ,
3522 653 3801 709 Παύσασθε

2200 761 2374 812 ποιεῖν
2407 757 2476 810 τὰ
2501 755 2926 828 διεστραμμένα.

2275 849 2390 921 (66)
2426 846 2662 916 Φάραγε
2701 848 2824 915 ἐστὶ
2871 847 3055 917 βαθεῖα
3087 845 3192 900 καὶ
3229 842 3395 912 κοίλη
3433 841 3544 902 πᾶς
3568 840 3806 903 ἄπιστος,

2199 941 2277 1006 ὃς,
2309 939 2603 1003 πιστεύσας
2631 941 2709 1003 εἰς
2739 941 2994 1010 Χριστὸν,
3032 936 3353 1010 πληροῦται
3381 933 3496 987 τῶν
3521 931 3616 985 τοῦ
3651 933 3810 984 Πνεύ-

2204 1055 2370 1109 ματος
2403 1036 2653 1108 καρπῶν,
2690 1035 2936 1089 τουτέστι
2969 1034 3074 1088 τῶν
3126 1029 3380 1104 ἀρετῶν.
3418 1029 3602 1095 Ὄρος
3627 1027 3683 1080 δὲ
3717 1027 3809 1080 καὶ

524 1151 760 1204 duorum
801 1146 1032 1214 superbe
1077 1142 1294 1211 sapiens
1325 1138 1649 1209 populus....
1688 1135 1784 1188 Vel
1813 1143 2015 1188 montes
2049 1142 2098 1188 et

2219 1129 2425 1195 30vr6c
2466 1129 2846 1193 ταπεινωθείς
2881 1128 3027 1178 ἐστιν
3060 1127 3088 1178 6
3130 1123 3248 1176 τῶν
3299 1121 3586 1175 Ἰουδαίων
3621 1119 3810 1189 ὑψηλὸ-

523 1240 702 1305 colles,
737 1249 861 1292 sunt
892 1233 1186 1291 contraria:
1221 1233 1476 1296 virtutes,
1502 1245 1624 1299 qua:
1651 1243 1750 1297 per
1778 1227 1978 1281 Christi
2005 1241 2098 1281 cu-

524 1346 639 1385 ram
672 1329 968 1384 bumiliata‘.
1008 1335 1134 1379 sunt
1166 1344 1180 1380 :
1219 1334 1274 1378 et
1310 1321 1494 1384 valles,
1540 1327 1666 1373 sunt
1709 1317 1972 1381 homines,
2007 1316 2098 1386 qui

525 1423 718 1494 repleti
746 1429 872 1476 sunt
899 1418 1156 1488 operibus
1187 1415 1366 1470 bonis.

593 1601 802 1669 ASpera
820 1607 941 1651 erat
963 1595 1070 1648 vita
1098 1601 1306 1660 nostra,
1325 1603 1380 1649 et
1403 1591 1588 1661 iniqua
1610 1589 1769 1644 ratio.
1787 1586 2098 1641 Adveniens

534 1709 665 1750 vero
706 1690 969 1746 Dominus
1009 1698 1196 1742 noster
1235 1687 1385 1740 lmvia
1422 1685 1548 1739 fecit
1585 1683 1860 1736 universa.
1891 1682 1954 1734 Et
1984 1682 2098 1736 haec

534 1784 754 1855 quidem
792 1783 846 1836 in
878 1781 1113 1836 ethnicis
1159 1778 1346 1834 fuere:
1379 1789 1432 1831 at
1469 1777 1520 1830 in
1553 1773 1748 1845 populo
1793 1773 2090 1842 repudiato,

2201 1238 2351 1293 φρων
2372 1220 2502 1284 λαός
2699 1218 2810 1290 (67)
2843 1219 2914 1272 Ἢ
2947 1217 3052 1285 ὅρη
3085 1216 3188 1270 καὶ
3222 1213 3460 1278 ,βουνοί
3501 1213 3560 1267 αἱ
3588 1211 3810 1264 ἀντικεί-

2205 1329 2360 1383 μεναι
2390 1312 2666 1382 δυνάμεις,
2701 1311 2756 1364 αἳ
2789 1309 2874 1362 διά
2913 1309 3012 1380 τῆς
3043 1305 3293 1380 Χριστοῦ
3325 1303 3652 1376 ἐπιμελείας
3682 1307 3800 1356 ετα-

2203 1402 2576 1473 πεινώθησαν·
2607 1401 2907 1472 φάραγγες
2948 1400 3004 1453 δὲ
3037 1401 3085 1452 οἱ
3125 1397 3450 1469 ἄνθρωποι,
3507 1394 3559 1446 οἳ
3607 1393 3809 1465 πεπλή-

2204 1512 2405 1565 ρωνται
2437 1494 2616 1565 ἔργοις
2645 1492 2889 1562 ἀγαθοῖς.

2271 1585 2382 1656 (68)
2402 1587 2619 1656 Τραχὺς
2644 1579 2712 1654 ἦν
2729 1583 2926 1654 ἡμῶνὸ
2952 1581 3082 1652 βίος,
3117 1580 3217 1634 καὶ
3244 1575 3554 1647 ἀνώμαλος
3583 1579 3612 1629 6
3639 1577 3803 1645 λόγος.

2213 1675 2410 1730 Ἐλθὼν
2442 1676 2497 1727 δὲ
2531 1677 2558 1728 6
2592 1674 2796 1744 Κύριος
2824 1671 2978 1743 ἡμῶν
3005 1672 3122 1724 λεῖα
3149 1669 3347 1722 πάντα
3379 1667 3676 1737 πεποίηκε.
3705 1669 3807 1721 Καὶ

2199 1769 2292 1820 ἐπὶ
2317 1768 2416 1838 μὲν
2449 1765 2556 1820 τῶν
2588 1765 2754 1818 ἐθνῶν
2780 1764 2948 1818 ταῦτα
2981 1763 3285 1832 γεγένηται
3305 1777 3320 1790 ·
3355 1760 3455 1812 ἐπὶ
3479 1759 3538 1812 δὲ
3564 1759 3659 1812 τοῦ
3687 1759 3807 1813 λαοῦ

526 1837 693 1928 Juba;
731 1888 878 1925 mons
907 1881 953 1923 et
987 1870 1134 1924 collis
1167 1837 1569 1922 humiliabitur:
1606 1837 1759 1925 llous
1807 1837 1949 1925 enim
1997 1871 2099 1924 fuit

2219 1837 2610 1930 ιαθαιρεθέντος
2636 1857 2696 1909 τὸ
2713 1855 2836 1910 πᾶν
2847 1857 2984 1924 ὄρος
2999 1855 3092 1908 καὶ
3103 1851 3350 1918 βουνὸς
3367 1852 3804 1920 ταπεινωθήσε-

527 1966 818 2035 aliquando
859 1971 916 2018 et
964 1963 1120 2017 collis
1151 1984 1164 2018 :
1195 1962 1288 2017 sed
1333 1961 1600 2033 proﬂigati
1647 1971 1774 2017 sunt
1815 1972 1870 2017 et
1917 1965 2096 2018 humi-

527 2058 668 2112 liati.
1991 2121 1995 2124 ᾗ

602 2149 792 2203 Merito
843 2147 1107 2216 genimina
1159 2145 1455 2210 viperarum
1497 2147 1566 2211 δ’,
1615 2159 1803 2200 omnes
1833 2133 2101 2200 inﬁdeles

527 2253 706 2298 vocat.
759 2241 859 2309 Qui
904 2240 1048 2294 enim
1089 2236 1514 2292 consuetudines
1553 2253 1680 2293 suas
1726 2253 1832 2293 non
1878 2239 2097 2300 deserit,

528 2352 636 2391 non
664 2336 804 2389 bene
840 2333 1040 2400 accipit
1073 2331 1360 2398 baptisma,
1409 2330 1506 2385 sed
1539 2331 1719 2385 adhuc
1746 2331 1993 2400 genimen
2021 2332 2102 2386 vi-

527 2444 671 2500 pera:
692 2436 794 2490 est.
827 2427 880 2482 iu
911 2427 1092 2495 seipso
1121 2439 1388 2479 venenum
1420 2423 1712 2492 pravitatis
1745 2423 2004 2487 habens“

599 2514 874 2585 Ejusdem.
903 2514 1128 2583 Lapides
1161 2512 1210 2546 ⁸⁸
1247 2513 1489 2567 nominat
1537 2511 1790 2581 gentiles,
1835 2513 1926 2579 qui
1972 2511 2103 2581 lapi-

530 2611 687 2664 deum
746 2612 946 2665 habent
997 2624 1112 2674 cor,
1153 2618 1316 2676 atque
1359 2623 1424 2662 ex
1468 2607 1634 2660 nimia
1690 2606 2105 2661 insensibilitate

531 2712 798 2756 creaturae
825 2701 1067 2756 serviunt
1086 2715 1196 2769 prae
1224 2699 1502 2762 Creatore,
1523 2697 1830 2768 lapidesque
1854 2697 2104 2754 adorant.

537 2791 873 2844 Vaticinatur
914 2805 1044 2858 ergo
1089 2789 1380 2844 delendum
1413 2790 1666 2857 populum
1706 2789 1876 2850 illum,
1911 2799 1965 2842 et
2010 2803 2105 2842 vo-

533 2881 734 2935 candas
755 2889 964 2950 gentes.
1007 2881 1115 2934 Illis
1149 2880 1294 2933 enim
1340 2879 1408 2934 de
1435 2879 1704 2933 Abraham
1746 2879 2105 2948 gloriantibus

535 2972 710 3026 dixit:
751 2969 834 3025 Ne
867 2971 1161 3038 inccperitis
1197 2971 1369 3024 dicere
1413 2971 1467 3024 in
1503 2970 1648 3023 vobis
1681 2969 1810 3038 ipsis
1837 2985 1856 3024 :
1888 2967 2104 3024 Patrem

533 3063 784 3118 habentus
814 3064 1126 3127 Abraham;
1155 3078 1303 3131 posse
1332 3077 1448 3116 vero
1485 3060 1653 3116 Deum
1682 3061 1878 3132 eﬁicere
1924 3073 2104 3131 gentes

533 3154 674 3222 ﬁlios
703 3155 990 3209 Abraham"
1011 3155 1081 3210 “.

608 3245 686 3300 Ex
717 3246 914 3316 quibus
952 3245 1261 3314 lapidibus?
1295 3243 1410 3299 Non
1443 3244 1653 3314 lapides
1689 3245 1953 3300 innuebat
1988 3245 2105 3300 ina-

536 3339 718 3394 nimos
739 3377 754 3402 ,
791 3339 881 3393 sed
909 3339 1156 3394 homines
1187 3337 1556 3404 insensibiles,
1577 3339 1669 3408 qui
1707 3338 1910 3408 lapides
1930 3349 2106 3403 erant,

538 3439 820 3501 propterea
860 3431 1004 3499 quod
1038 3431 1242 3500 lapides
1272 3431 1589 3484 adorabant.
1628 3431 1705 3485 Ac
1736 3431 1802 3485 de
1830 3431 1937 3486 illis
1965 3431 2110 3486 obti-

539 3525 698 3579 nebat
730 3524 876 3593 quod
917 3523 1180 3593 scriptum
1223 3531 1345 3577 est:
1380 3519 1593 3575 Similes
1623 3538 1806 3576 eorum
1827 3523 1979 3590 ’ﬁant
2020 3525 2110 3592 qni

539 3615 744 3686 faciunt
771 3633 854 3683 ea,
889 3624 937 3670 et
977 3631 1157 3668 omnes
1178 3615 1497 3683 conﬁdentes
1523 3615 1577 3668 in
1613 3614 1719 3668 illis
1739 3614 1806 3669 ⁵⁸.
1844 3614 2109 3670 Praeterea

539 3711 606 3764 de
642 3709 917 3779 lapidibus
948 3699 1209 3777 scriptum
1240 3719 1326 3762 est
1367 3708 1418 3762 in
1461 3708 1672 3763 cantico
1705 3708 1873 3764 Exodi
1903 3727 1918 3763 :
1953 3708 2110 3778 Lapi-

540 3800 754 3854 descant
785 3809 980 3868 gentes,
1009 3800 1172 3854 donec
1204 3810 1533 3867 pertranseat
1563 3807 1784 3870 populus
1810 3801 1928 3867 iste,
1957 3818 2110 3869 quem

541 3891 868 3958 aequisivisti
895 3891 964 3943 “.
997 3891 1160 3956 Quasi
1193 3892 1339 3946 clare
1366 3893 1621 3961 postulet.
1654 3893 1793 3962 quod
1825 3902 2108 3962 postquam

544 3982 772 4050 populus
802 3983 1099 4045 transierit,
1132 3998 1239 4037 non
1275 3985 1510 4055 amplius
1538 3985 1898 4054 Iapidescant.

548 4069 610 4126 ν.
640 4071 727 4127 10.
759 4071 830 4126 Et
857 4074 1250 4142 interrogabant
1291 4090 1410 4127 eum
1438 4076 1624 4140 turbar,
1665 4077 1892 4132 dicentes
1918 4095 1936 4132 :
1971 4076 2111 4143 Quid

1103 4159 1225 4213 ergo
1260 4143 1511 4211 faciemus
1533 4145 1556 4197 2

549 4231 611 4288 V.
643 4233 731 4288 ll.
770 4231 1107 4303 Respondeas
1132 4241 1306 4286 autem
1330 4235 1458 4287 dicit
1485 4233 1592 4286 illis
1618 4247 1636 4286 :
1670 4235 1772 4299 Qui
1795 4234 1949 4288 habet
1980 4234 2111 4290 duas

567 4331 570 4336 -
910 4305 1135 4366 tunicas,
1161 4306 1354 4357 tradita
1385 4321 1487 4357 non
1513 4304 1743 4357 habenti.

616 4395 772 4462 Quod
805 4393 993 4450 dicunt
1025 4395 1129 4450 tale
1161 4403 1244 4450 est
1273 4411 1290 4449 :
1329 4393 1580 4450 Traditos
1605 4394 1765 4449 nobis
1793 4410 1822 4449 a
1849 4394 2030 4466 Moyse
2061 4405 2116 4452 et

2199 1967 2312 2004 ται.
2347 1952 2509 2020 Ὄρος
2544 1951 2652 2020 γὰρ
2682 1944 2750 2018 ἦν
2781 1965 2909 2000 ποτε
2946 1947 3040 2000 καὶ
3067 1945 3261 2016 βουνός
3283 1961 3295 1972 ·
3335 1943 3730 2016 καθῃρέθησαν
3755 1943 3806 1996 δὲ

2203 2045 2297 2098 καὶ
2329 2043 2770 2096 τεταπείνωνται.

2271 2133 2363 2203 (69
2367 2131 2638 2204 )Εἰκότως
2665 2128 3003 2200 γεννήματα
3021 2128 3288 2204 ἐχιδνῶν
3312 2127 3536 2188 πάντας
3550 2127 3675 2188 τοὺς
3695 2125 3805 2180 ἀπί-

2203 2242 2359 2288 στους
2401 2223 2573 2278 καλεῖ.
2621 2223 2678 2275 'U
2711 2221 2818 2293 γὰρ
2867 2222 2940 2293 μὴ
2975 2221 3425 2292 καταλιμπάνων
3453 2217 3525 2271 τὰ
3568 2219 3625 2270 ἐν
3666 2217 3799 2288 αὐτῷ

2201 2317 2318 2386 έθη,
2348 2317 2408 2368 οὐ
2430 2315 2692 2385 λαμϐάνει
2720 2312 2900 2375 καλῶς
2929 2312 2987 2366 τὸ
3015 2312 3329 2383 βάπτισμα’
3365 2309 3486 2364 ἀλλ’
3518 2309 3599 2362 ἔτι
3621 2309 3800 2380 γέννη-

2205 2424 2282 2478 μα
2303 2407 2537 2478 ὲχίδνης,
2567 2407 2625 2459 ὲν
2649 2402 2824 2474 ἑαυτῷ
2847 2403 2938 2456 τὸν
2971 2403 3045 2456 ἱὸν
3070 2405 3167 2474 τῆς
3196 2401 3484 2473 πονηρίας
3505 2399 3666 2471 ἔχων.

2279 2498 2386 2552 Τοῦ
2407 2496 2613 2551 αὑτοῦ.
2638 2495 2830 2556 Λίθους
2850 2492 3102 2564 ὀνομάζει
3119 2494 3252 2556 τοὺς
3284 2491 3566 2554 ὲθνικοὺς,
3594 2489 3714 2550 τοὺς
3734 2486 3798 2539 λι-

2205 2589 2359 2660 θίνην
2379 2588 2600 2659 ἔχοντας
2628 2586 2872 2658 καρδίαν,
2898 2586 2992 2639 καὶ
3019 2586 3083 2638 ἐκ
3115 2583 3326 2664 πολλῆς
3353 2579 3714 2651 ἀναισθησίας
3736 2581 3792 2649 τῇ

2203 2680 2372 2733 κτίσει
2385 2678 2634 2750 παράτὸν
2651 2677 2911 2731 κτίσαντα
2931 2674 3306 2738 δουλεύοντας,
3327 2675 3428 2727 καὶ
3448 2672 3629 2735 λίθους
3644 2686 3797 2742 προσ·

2203 2771 2515 2833 κυνοῦντας.
2546 2767 2883 2839 Προφητεύει
2906 2768 3085 2820 τοίνυν
3113 2767 3214 2838 τὴν
3245 2764 3583 2836 καθαίρεσιν
3600 2763 3793 2815 ἐκείνου

2203 2865 2296 2918 τοῦ
2316 2863 2445 2918 λαοῦ
2471 2864 2563 2918 καὶ
2581 2863 2680 2934 τὴν
2706 2861 2896 2932 κλῆσιν
2921 2860 3027 2914 τῶν
3049 2859 3241 2913 ἐθνῶν.
3289 2859 3559 2920 Ἑκείνοις
3587 2856 3690 2926 γὰρ
3709 2854 3796 2908 αὺ-

2203 2957 2360 3030 χοῦσι
2375 2957 2464 3011 τὸν
2479 2955 2729 3028 Ἀϐραάμ
2745 2970 2876 3026 φησι
2896 2969 2910 2984 ’
2945 2956 3003 3007 Μ
3007 2952 3041 3020 ὴ
3061 2951 3337 3020 ἄρξησθε
3355 2951 3566 3021 ,λέγειν
3586 2947 3654 3001 ἐν
3671 2947 3794 3000 ἐαυ-

2203 3051 2330 3116 τοῒς
2348 3068 2362 3083 ο
2403 3050 2632 3118 Πατέρα
2655 3048 2873 3116 ἔχομεν
2897 3045 3003 3099 τὸν
3036 3045 3296 3114 Ἀϐραάμ
3315 3061 3330 3075 ο
3365 3043 3444 3097 τὰ
3470 3041 3538 3095 δέ
3567 3056 3632 3110 γε
3661 3040 3794 3104 ἔθνη

2205 3144 2498 3198 δύνασθαι
2521 3143 2627 3194 τὸν
2653 3139 2801 3194 Θεὸν
2832 3135 3077 3205 ποιῆσαι
3108 3135 3303 3190 τέκνα
3329 3133 3444 3188 τοῦ
3472 3130 3733 3201 Ἀϐραάμ.

2279 3236 2392 3308 (70)
2450 3234 2625 3288 Ποίων
2657 3231 2848 3296 λίθων;
2893 3231 2967 3284 Ού
3002 3229 3181 3291 λίθους
3227 3227 3520 3280 ἐδείκνυεν
3549 3224 3794 3295 ἀψύχους,

2209 3327 2323 3382 ἀλλ’
2350 3322 2672 3395 ἀνθρώπους
2697 3322 3054 3392 ἀναισθήτους
3085 3319 3244 3382 ὄντας
3267 3318 3488 3383 λίθους,
3513 3314 3796 3386 ἐπειδήπερ

2207 3417 2376 3481 λίθοις
2419 3413 2807 3486 προσεκύνουν.
2853 3414 2964 3466 Καὶ
3007 3412 3222 3480 ἐγένετο
3262 3410 3364 3464 ἐπ’
3402 3407 3589 3462 αὐτῶν
3614 3406 3673 3459 τὸ
3708 3421 3792 3472 γε-

2208 3505 2524 3579 γραμμένον
2549 3519 2563 3534 ⁸
2599 3503 2830 3571 Ὅμοιοι
2849 3497 3047 3555 αὐτῶν
3090 3497 3369 3570 γένοιντο
3403 3499 3458 3552 οἱ
3495 3490 3794 3553 ποιοῦντες

2209 3595 2380 3658 αὐτὰ,
2415 3592 2516 3647 καὶ
2554 3591 2775 3657 πάντες
2807 3593 2860 3644 οἱ
2900 3589 3249 3656 πεποιθότες
3294 3588 3393 3641 ἐπ’
3421 3583 3645 3649 αὐτοῖς.
3681 3580 3792 3646 Ἐτι

2209 3682 2264 3737 δὲ
2290 3683 2383 3734 καὶ
2414 3681 2542 3752 περὶ
2571 3678 2678 3734 τῶν
2713 3677 2875 3734 λίθων
2913 3676 3220 3748 γέγραπται
3252 3678 3316 3730 ἐν
3368 3679 3442 3747 τῇ
3491 3674 3600 3744 ᾡδῇ
3644 3673 3704 3741 τῇ
3738 3671 3790 3720 ἐν

2208 3779 2274 3847 τῇ
2310 3772 2501 3844 Ἐξόδῳ
2521 3790 2534 3803 ⁸
2565 3770 3120 3840 Ἀπολιθωθήτωσαν
3142 3769 3212 3824 τὰ
3232 3770 3408 3838 ἔθνη,
3430 3770 3542 3834 ἕως
3561 3761 3630 3821 οὗ
3656 3779 3792 3829 παρ-

2209 3868 2358 3934 έλθῃ
2407 3869 2440 3920 ὀ
2471 3865 2621 3930 ,λαὸς
2647 3859 2846 3928 οὗτος,
2877 3861 2947 3915 ὃν
2971 3860 3235 3930 ἐκτήσω·
3271 3861 3351 3926 ὡς
3377 3860 3562 3930 δῆλον,
3594 3859 3672 3910 ὅτι
3709 3869 3792 3923 με·

2211 3959 2280 4012 τὰ
2304 3958 2367 4011 τὸ
2395 3955 2683 4029 παρελθεῖν
2703 3954 2795 4007 τὸν
2822 3953 2948 4006 λαὸν
2982 3951 3177 4023 μηκέτι
3205 3950 3702 4020 ἀπολιθωθείησαν.

2210 4050 2359 4118 Στίχ.
2391 4056 2441 4101 ι’.
2485 4047 2594 4103 Καὶ
2623 4043 2938 4115 ἐπηρώτων
2957 4043 3143 4098 αὑτὸν
3171 4045 3224 4096 οι
3258 4043 3457 4112 ὄχλοι,
3480 4040 3782 4108 λέγοντες·

2739 4137 2800 4193 Τί
2825 4131 2938 4192 οὗν
2960 4135 3291 4207 ποιήσομεν
3317 4152 3337 4200 ;

2213 4234 2359 4306 Στίχ.
2396 4233 2484 4306 ια’.
2535 4232 2898 4306 Ἀπρκριθεὶς
2929 4228 3203 4306 eadem
3244 4227 3480 4306 αύτρῖςο
3540 4225 3592 4277 Ὀ
3641 4221 3788 4290 ἔχων

2394 4305 2502 4358 δύο
2524 4298 2778 4372 χιτῶνας
2804 4299 3101 4371 μεταδότω
3127 4298 3206 4365 τῷ
3230 4298 3316 4368 μὴ
3348 4299 3574 4368 ἔχοντι.

2283 4397 2395 4468 (Ἠ)
2428 4400 2491 4450 Ὃ
2510 4396 2745 4465 λέγουσι,
2771 4394 3005 4449 τοιοῦτόν
3034 4393 3270 4457 ἐστι’,Τά
3290 4390 3548 4462 δεδομένα
3573 4387 3699 4457 ἡμῖν
3727 4383 3786 4433 ἐκ

546 4487 796 4555 patribus
836 4500 1017 4541 mores
1051 4487 1196 4540 circa
1225 4485 1518 4547 sacriﬁcia,
1547 4485 1804 4539 autcirca
1837 4485 2110 4556 aspersio-

2219 4488 2492 4551 Μωῦσέως
2521 4488 2615 4540 καὶ
2643 4486 2750 4539 τῶν
2791 4486 3042 4557 πατέρων
3069 4485 3165 4555 ἔθη
3194 4484 3321 4555 περὶ
3347 4482 3566 4543 θυσιῶν,
3596 4479 3630 4533 ἀ
3665 4471 3784 4543 περὶ

549 4594 646 4634 nes
701 4579 1134 4640 observabimus,
1177 4578 1261 4632 vel
1301 4577 1436 4632 alias
1499 4578 1654 4631 nobis
1702 4578 1827 4632 vita:
1877 4579 2116 4632 rationes

549 4672 770 4741 agendae
819 4670 1067 4727 inducis?
1095 4660 1152 4726 Si
1198 4671 1344 4726 enim
1379 4669 1601 4723 Judaica
1635 4669 1768 4724 nihil
1803 4669 1960 4725 nobis
1993 4683 2119 4737 pro-

549 4769 696 4822 sunt,
754 4761 843 4816 dic
897 4761 1072 4828 nobis,
1112 4762 1242 4830 quid
1292 4761 1476 4817 facere
1517 4760 1764 4830 oportet?
1804 4759 1922 4814 Non
1971 4761 2115 4814 enim

549 4853 868 4924 agnovimus
894 4852 1053 4907 aliam
1085 4854 1206 4908 vitae
1233 4855 1520 4910 rationem.
1539 4854 1677 4921 Quid
1701 4868 1830 4924 ergo
1856 4854 2122 4923 Baptista?

549 4947 682 4999 Cum
708 4962 815 5002 non
839 4949 1079 5012 auderet,
1099 4950 1296 5018 quippe
1320 4963 1532 5010 servus,
1551 4963 1831 5003 removere
1845 4949 2114 5012 umbram,

549 5039 865 5108 cultumque
899 5041 1242 5095 introducere
1285 5041 1336 5094 in
1377 5039 1580 5109 Spiritu
1621 5049 1676 5094 et
1708 5040 1940 5095 veritate
1970 5059 1984 5096 :
2018 5041 2116 5096 ad-

551 5125 697 5178 ducit
713 5142 807 5180 eos
825 5129 890 5181 ad
909 5129 1296 5197 plenitudinem
1322 5127 1480 5193 legis,
1506 5128 1558 5183 id
1578 5137 1663 5183 est
1687 5130 1753 5184 ad
1771 5130 2114 5195 charitatem,

552 5217 705 5284 cujus
733 5217 941 5274 fructus
967 5229 1072 5284 est,
1109 5232 1168 5275 ut
1197 5221 1267 5275 sit
1301 5221 1426 5289 quis
1466 5220 1742 5275 sociabilis
1769 5231 1821 5276 et
1854 5221 2114 5288 liberalis,

551 5322 616 5360 ac
642 5321 933 5376 pauperum
977 5318 1207 5364 amator.
1240 5309 1627 5364 Gloriabantur
1664 5310 1808 5363 enim
1840 5309 2011 5365 Judaei
2053 5313 2119 5367 de

552 5400 784 5452 fratrum
811 5399 1118 5467 dilectione,
1150 5410 1204 5457 et
1251 5401 1317 5455 de
1356 5400 1612 5458 sectando
1649 5401 1884 5457 maxime
1917 5418 2116 5472 paupe-

622 5561 670 5594 '°
700 5565 931 5628 Luc.m,
954 5565 1008 5617 ll.
1081 5567 1124 5598 ⁸¹
1156 5565 1286 5620 ibid.
1321 5565 1374 5619 5.
1451 5565 1642 5619 "ibid.
1687 5563 1740 5617 7.

626 5694 738 5764 (66)
786 5695 1024 5764 Ἀνεπιγ.
1060 5698 1126 5751 Ει
1154 5700 1342 5753 confer
1369 5699 1516 5752 hom.
1548 5713 1682 5751 χχιι.

627 5766 739 5838 (Ψ)
779 5764 909 5838 Vide
937 5768 1073 5821 intra
1097 5771 1162 5825 ad
1192 5783 1308 5838 cap.
1337 5787 1370 5833 ι,
1400 5783 1537 5823 vers.
1575 5769 1642 5821 65
1670 5782 1734 5822 ex
1767 5768 1888 5824 cod.
1917 5768 2041 5824 59L

627 5836 742 5905 (68)
782 5835 954 5904 Ὠριγ.

2223 4581 2612 4651 ραντιστηρίων
2629 4579 2945 4649 ποιήσομεν,
2967 4578 3000 4649 ἢ
3028 4577 3214 4648 ἐτέρας
3235 4579 3368 4646 ἡμῖν
3392 4571 3658 4632 πολιτείας
3681 4567 3782 4618 εἰσι

2223 4675 2376 4742 άγεις
2419 4672 2568 4734 ὁδόν;
2604 4673 2666 4724 Εἰ
2715 4672 2824 4743 γὰρ
2855 4670 3004 4725 οὐδὲν
3039 4672 3185 4742 ἡμᾶς
3231 4669 3300 4722 τά
3345 4663 3608 4722 Ἰουδαϊκὰ
3645 4660 3778 4725 ὡφε-

2221 4764 2322 4829 λεῖ,
2361 4764 2480 4816 είπὲ
2509 4765 2659 4833 ἡμῖν,
2701 4761 2752 4814 τί
2786 4761 2890 4833 χρὴ
2929 4764 3128 4826 ποιεῖν;
3157 4761 3232 4814 Οὐ
3272 4759 3380 4831 γὰρ
3406 4758 3558 4828 ἴσμεν
3596 4749 3776 4820 ἐτέρας

2224 4853 2496 4916 πολιτείας
2525 4852 2660 4906 ὁδόν.
2696 4851 2761 4904 Τί
2796 4847 2886 4903 οὖν
2913 4853 2941 4904 6
2978 4851 3318 4921 Βαπτιστής;
3356 4849 3445 4919 Μὴ
3477 4841 3680 4914 τολμῶν
3705 4838 3774 4898 ὡς

2224 4947 2438 5016 οἰκέτης
2476 4945 2803 5015 ἀποκινῆσαι
2843 4944 2938 5015 τὴν
2984 4942 3158 5005 σκιὰν,
3194 4944 3286 4997 καὶ
3315 4942 3408 5013 τὴν
3439 4943 3496 4994 ὲν
3522 4933 3774 5004 πνεύματι

2229 5043 2323 5094 καὶ
2355 5039 2580 5110 ἀληθείᾳ
2607 5038 2859 5109 λατρείαν
2881 5039 3209 5106 εἰσαγαγεῖν,
3234 5038 3354 5106 ἄγει
3384 5033 3578 5096 αὐτοὺς
3607 5029 3692 5084 ἐπὶ
3717 5023 3771 5075 τὸ

2230 5133 2499 5203 πλήρωμα
2518 5131 2610 5184 τοῦ
2635 5130 2820 5200 νόμου,
2840 5129 3081 5182 τουτέστι
3108 5131 3204 5200 τὴν
3226 5131 3460 5200 ἀγάπην,
3512 5120 3577 5197 ἧς
3603 5125 3630 5175 6
3657 5134 3771 5186 καρσ

2230 5226 2328 5289 πὸς
2357 5225 2420 5278 τὸ
2451 5221 2760 5278 κοινωνικὸν
2795 5216 2932 5274 εἶναι
2971 5222 3066 5274 καὶ
3101 5221 3466 5292 εὐμετάδοτον,
3510 5215 3600 5269 καὶ
3629 5207 3767 5280 φιλόο

2230 5332 2463 5386 πτωχον.
2493 5310 2600 5366 Ἦν
2631 5313 2738 5382 γὰρ
2771 5313 2881 5374 τοῖς
2913 5312 3180 5375 Ἰουδαίοις
3206 5313 3294 5363 ἐπὶ
3320 5309 3552 5376 ἀδελφῶν
3574 5298 3769 5386 ἀγαπής-

2227 5423 2307 5459 σει
2331 5383 2618 5475 καύχησις,
2651 5401 2744 5455 καὶ
2771 5401 2832 5454 τὸ
2863 5401 2962 5472 τῆς
2991 5400 3351 5471 φιλοπτωχίας
3380 5397 3643 5468 ἐξαίρετον
3665 5406 3676 5421 ο
3709 5383 3765 5437 τὸ

1838 5566 2103 5622 "ibid.8.
2179 5569 2225 5600 “
2254 5568 2384 5622 ibid.
2461 5567 2505 5597 ⁸⁵
2533 5565 2672 5622 Psal.
2710 5581 2929 5631 cxxxw,
2959 5565 3046 5619 18.
3122 5565 3165 5597 ⁸⁸
3197 5564 3344 5620 Exod
3400 5577 3487 5627 xv,
3520 5556 3600 5611 16-

2303 5699 2416 5767 (69)
2457 5700 2638 5751 ’Avan.
2676 5698 2808 5754 Vide
2833 5700 2977 5754 hom.
3012 5715 3144 5754 χχιι.

2302 5769 2410 5838 (70)
2451 5769 2619 5838 Ὠριγ.

2301 5839 2411 5908 (7t;
2442 5838 2571 5892 Siue
2601 5840 2834 5896 auctoris
2856 5839 3089 5895 nomine.
