3942 6318
161 337 260 392 529
1422 332 1712 389 SCHOLIA
1750 334 1816 388 lN
1854 332 2086 389 LUCAM
2098 375 2111 389 .
3296 327 3399 381 550

163 458 253 525 μὲν
278 454 575 529 ὁλόκληρον
606 456 698 510 τοῦ
722 454 1052 524 Εύαγγελίου
1076 456 1175 508 οὐκ
1221 455 1436 525 ἔχουσα,
1468 456 1641 537 ἀρχὴν
1676 456 1720 510 δὲ

1843 470 1958 509 rum
2001 468 2203 509 amore.
2230 454 2359 521 Quae
2383 453 2601 522 quidem
2627 453 2863 508 charitas
2884 466 2988 507 non
3022 452 3255 507 habebat
3278 464 3400 515 pro-

158 550 250 620 τῆς
281 549 495 619 Καινῆς
516 548 788 620 Διαθήκης
818 547 1131 615 εἰσάγουσα.

1843 546 1985 602 fecto
2012 546 2280 615 integram
2310 545 2581 614 Evangelii
2612 544 2997 614 perfertionem
3031 562 3044 597 :
3072 542 3285 599 initium
3316 552 3400 595 ta-

1843 651 1965 692 men
2001 636 2384 692 introducebat
2410 636 2541 691 Novi
2573 635 2922 693 Testamenti.

221 729 363 801 Τρία
390 730 685 802 πράγματα
712 728 938 798 εἰσάγει,
974 730 1071 782 καὶ
1102 728 1169 783 τὰ
1195 728 1374 784 λοιπά.

974 730 1071 782 καὶ
1102 728 1169 783 τὰ
1195 728 1374 784 λοιπά.
1914 727 2041 783 Tria
2071 728 2382 792 introducit,
2422 739 2528 783 etc.

164 878 3406 913 mm

1169 1047 1711 1140 EJUSDEM
1788 1051 1913 1139 ΙΝ
1988 1051 2420 1143 LUCAM.

1308 1242 1407 1315 [Ex
1442 1244 1564 1298 cod.
1603 1241 1788 1297 Venet.
1815 1244 1918 1301 594
1945 1244 2177 1319 (72-75).
2202 1246 2223 1318 ]

808 1542 966 1596 ΚΕΦ.
1012 1542 1085 1594 A'.
1777 1550 1818 1603 B

1777 1550 1818 1603 Β
2511 1541 2663 1599 CAP.
2700 1540 2744 1597 l.

215 1637 375 1709 Στίχ.
412 1636 513 1691 κδ’.
1917 1635 1981 1689 v.
2007 1634 2098 1687 ae.
2435 1702 2445 1713 ι

222 1732 346 1802 (74)
385 1731 561 1785 Βλέπε
593 1728 685 1783 τὸν
715 1727 883 1782 τύπον
910 1729 965 1780 ὲν
989 1725 1066 1796 τῷ
1092 1726 1354 1798 Ζαχαρίᾳ.
1395 1724 1746 1789 Ἐκϐαλόντες

1920 1728 2053 1782 Vide
2090 1727 2314 1797 ﬁguram
2345 1727 2397 1782 in
2425 1725 2705 1782 Zacharia.
2742 1727 3086 1785 Proferentes
3116 1728 3259 1790 enim
3291 1741 3411 1786 ser-

150 1820 261 1893 γὰρ
282 1822 384 1876 τὸν
411 1821 566 1889 λόγον
593 1819 679 1888 ἐφ’
704 1818 931 1874 ἑαυτῶν.
954 1817 1047 1871 καὶ
1078 1816 1154 1887 μὴ
1181 1816 1469 1888 δυνάμενοι
1491 1818 1618 1886 περ)⁸
1652 1834 1707 1887 μτ

1855 1836 2061 1875 moncm
2095 1831 2287 1874 contra
2314 1822 2539 1889 seipsos,
2583 1837 2684 1877 nec
2724 1824 2967 1879 valentes
2990 1824 3256 1878 rationem
3290 1824 3412 1877 recl-

148 1912 306 1978 δενὸς
350 1914 509 1981 λόγον
539 1908 835 1966 ἀποδοῦναι
868 1907 1087 1980 νομικοῦ
1122 1908 1157 1978 ἢ
1198 1906 1538 1980 προφητικώ
1566 1907 1705 1976 λόγοι

1851 1913 1978 1967 dere
2005 1913 2073 1967 de
2122 1912 2234 1966 ullo
2272 1927 2523 1969 sermone
2548 1931 2613 1969 cx
2648 1915 2762 1985 lege
2811 1925 2906 1970 aut
2947 1916 3245 1986 prOphetis,
3276 1917 3408 1970 muti

152 2004 346 2073 κωφοὶ
382 2005 476 2057 καὶ
518 2004 703 2071 ἄλογοι
741 2002 979 2072 μένουσι.

871 2017 979 2054 υσι.
1852 2013 1906 2057 ct
1927 2003 2161 2059 infantes
2191 2012 2428 2058 manent.

180 2095 354 2166 Στίχ.
410 2095 509 2171 ear":
572 2093 685 2171 Καὶ
741 2092 1000 2171 αζτήοπας
1045 2089 1383 2171 πινακίδιον
1415 2091 1713 2171 emergi-er,

1854 2095 1917 2151 V.
1947 2095 2037 2152 63.
2086 2097 2154 2150 Ιῖι
2196 2096 2469 2165 postulans
2497 2098 2741 2171 ("bellant
2787 2101 3037 2165 scripsit:
3064 2100 3297 2155 Joannes
3338 2113 3411 2155 est

467 2161 743 2229 Ἰωάννης
771 2162 942 2216 ἐστὶν
966 2162 1227 2230 τοῦνομα
1258 2161 1465 2215 αὐτοῦ.

1264 2161 1465 2215 αὐτοῦ.
2197 2161 2207 2165 ⁷
2458 2184 2642 2222 nomen
2686 2169 2821 2237 ejus.

235 2253 474 2325 Ἐπειδὴ
518 2251 627 2324 γὰρ
678 2251 1036 2323 ἑρμηνεύεται
1086 2252 1361 2323 Ζαχαρίας
1411 2251 1508 2322 μὲν
1545 2249 1750 2320 μνήμη

1924 2255 2060 2325 Quia
2120 2259 2510 2328 interpretatur
2552 2258 2853 2315 Zacharias
2893 2262 3144 2313 memoria
3190 2262 3310 2327 Dei,
3357 2272 3415 2314 et

148 2344 325 2399 θεοῦ
355 2385 371 2410 ,
410 2345 659 2415 Ἰωάννης
686 2345 742 2399 δὲ
771 2348 803 2398 ὀ
829 2344 1099 2411 δεικνύς*
1139 2344 1409 2415 μέμνηται
1447 2344 1505 2397 δέ
1544 2361 1629 2408 τις
1659 2361 1705 2396 τι

1855 2352 2106 2417 Joannes,
2133 2352 2223 2415 qui
2247 2353 2515 2415 ostendit;
2547 2365 2611 2405 ac
2638 2352 2962 2406 recordatur
2998 2353 3121 2421 quis
3152 2352 3412 2415 ahSentis,

147 2436 440 2503 ἀπόντος,
478 2437 713 2491 δείκνυσι
748 2436 805 2490 δὲ
839 2436 909 2490 τὰ
938 2436 1178 2508 παρόντα
1205 2452 1218 2467 °
1262 2436 1351 2489 διὰ
1381 2434 1539 2490 τοῦτο
1572 2437 1622 2489 oi.
1658 2451 1704 2488 τι

1862 2441 2091 2496 ostendit
2145 2456 2272 2496 vero
2326 2441 2657 2509 praesentia:
2698 2440 2906 2498 idcirco
2962 2453 3211 2511 parentes
3263 2444 3419 2514 hujus

153 2526 368 2589 παιδὸς
412 2526 602 2579 τούτου
647 2527 966 2598 γεννήτορες
999 2526 1097 2578 οὐκ
1129 2524 1353 2595 ἀνέσχον
1381 2524 1542 2578 αὐτὸν
1570 2524 1710 2577 καλεῖ

1861 2534 2014 2602 puelli
2048 2549 2154 2587 non
2195 2532 2432 2588 tulerunt
2464 2532 2739 2602 appellare
2773 2549 2895 2597 eum
2944 2533 3288 2602 Zachariam,
3324 2538 3418 2588 sed

158 2619 447 2689 Ζαχαρίαν
474 2658 487 2681 ,
522 2618 658 2671 ἀλλὰ
700 2618 899 2689 μᾶλλον
938 2618 1189 2687 Ἰωάννην
1221 2616 1507 2686 ὀνομάζειν
1544 2615 1715 2687 ἧθελοη

1859 2627 2029 2696 potius
2074 2626 2335 2682 Joannem
2375 2626 2654 2680 nominare
2708 2626 3014 2681 voluerunt.
3076 2628 3284 2697 Quippe
3328 2628 3416 2696 qni

159 2713 310 2765 Διότι
353 2711 576 2783 ἔμελλεν
618 2712 897 2782 μονονουχὶ
933 2711 1289 2782 μνημονεύειν
1315 2710 1449 2763 Θεοῦ
1483 2710 1559 2773 ὼς
1584 2708 1716 2763 ἀπόν

1859 2731 1959 2771 non
1989 2726 2193 2771 tantum
2225 2726 2747 2771 commemoraturus
2770 2726 2888 2770 erat
2918 2715 3083 2770 Deum
3117 2716 3416 2780 absentem,

162 2823 253 2871 τος
274 2846 289 2869 ,
340 2806 455 2859 ἀλλ’
483 2805 646 2859 αὑτὸν
674 2808 878 2859 ἐκεῖνον
911 2804 988 2875 τῷ
1023 2803 1269 2874 δακτύλῳ
1310 2801 1572 2857 δεικνύειν
1617 2820 1719 2874 παρ

1863 2808 1949 2862 sed
2000 2808 2148 2861 illum
2197 2808 2373 2878 ipsum
2411 2807 2575 2879 digito
2624 2816 2946 2862 ostensurus
2991 2816 3333 2876 praesentem,
3365 2818 3420 2862 et

162 2896 294 2950 ὄντα
327 2897 426 2949 καὶ
452 2895 629 2965 λέγειν
655 2912 669 2927 ·
704 2894 826 2951 Ἴδε
856 2897 890 2948 ό
932 2893 1134 2964 Ἁμνὸς
1164 2894 1271 2948 τοῦ
1302 2894 1470 2948 Θεοῦ.

1171 2894 1271 2948 τοῦ
1302 2894 1470 2948 Θεοῦ.
1778 2889 1821 2948 C
1854 2899 2094 2955 dicturus
2124 2918 2135 2952 :
2172 2898 2305 2953 Ecce
2333 2900 2513 2970 Agnus
2536 2898 2632 2953 Dei
2662 2900 2728 2954 ⁸⁷.

237 2986 398 3059 ’ῌδει
438 2985 537 3057 μὲν
580 2987 612 3056 ἡ
659 2985 897 3054 παναγία
927 2984 1231 3057 Παρθένος,
1268 2986 1341 3057 μὴ
1372 2986 1559 3039 τέκνον
1591 2985 1753 3039 αὑτὸν

1928 2989 2147 3045 Sciebat
2173 2990 2390 3059 quidem
2417 2990 2759 3045 sanctissima
2782 2987 2949 3058 Virgo
2973 3004 3078 3044 non
3107 2990 3276 3044 illium
3298 3004 3418 3044 esse

165 3076 303 3134 εἶναι
332 3078 434 3132 τοῦ
475 3074 691 3149 Ἰωσὴφ,
722 3077 835 3131 ἀλλ’
866 3078 946 3141 εἰς
980 3078 1245 3148 πρόσωπα
1270 3076 1473 3130 τούτων
1504 3078 1596 3132 τὸν
1625 3080 1722 3132 ὲαυ

1861 3098 1977 3138 eum
2008 3082 2252 3153 Josephi,
2298 3084 2391 3139 sed
2423 3084 2474 3137 in
2504 3084 2696 3139 faciem
2735 3098 2921 3139 eorum
2968 3083 3229 3153 approbat
3255 3098 3418 3151 spon-

166 3170 263 3239 τῆς
292 3169 544 3239 ἐγκρίνει
587 3168 873 3240 μνηστῆρα
912 3168 1003 3222 διὰ
1041 3169 1139 3240 τὴν
1179 3168 1289 3222 τῶν
1334 3169 1605 3223 Ἰουδαίων
1650 3171 1723 3223 ὑπ

1859 3189 2002 3240 sum,
2044 3186 2266 3245 propter
2299 3175 2659 3244 suspicionem
2698 3174 3013 3229 Iudaeorum
3051 3174 3416 3244 reputantium

170 3263 327 3333 οψίαν
352 3302 370 3327 ,
431 3261 692 3333 οἰομένων
748 3260 910 3313 αὐτὸν
968 3262 1030 3313 ὲκ
1074 3260 1329 3331 πορνείας
1380 3260 1727 3332 γεγεννῆσθαι

1864 3280 1978 3320 eum
2011 3280 2078 3319 ex
2118 3267 2478 3321 fornicatione
2510 3279 2691 3320 natum
2728 3266 2914 3321 fuisse.
2949 3266 3263 3335 Simplicius
3292 3280 3421 3321 vero

181 3354 583 3424 ’Δπλούστερον
619 3353 716 3427 μὲν
749 3348 841 3405 οῦν
873 3351 1081 3421 λέγοιτο
1115 3352 1213 3415 ἂν,
1260 3353 1341 3405 ὅτι
1372 3353 1629 3423 ἐτίμησεν
1663 3353 1731 3405 αὐ

1864 3358 1965 3412 dici
1995 3366 2198 3428 posset,
2218 3360 2360 3428 quod
2388 3359 2759 3414 honestaverit
2784 3374 2905 3411 eum
2934 3356 3171 3425 Spiritus
3197 3368 3421 3412 sanctus

172 3447 258 3501 τὸν
286 3449 351 3501 τὸ
403 3445 628 3517 Πνεῦμα
676 3445 735 3498 τὸ
770 3445 924 3514 ἆγιον
952 3448 1017 3516 τῇ
1056 3444 1149 3497 τοῦ
1182 3445 1387 3516 πατρὸς
1422 3446 1729 3517 προσηγορί‹

1862 3448 2030 3516 patris
2068 3436 2446 3517 appellatione,
2472 3456 2602 3511 etc.,
2635 3460 2704 3499 ne
2731 3444 2871 3499 forte
2906 3444 3028 3497 illos
3069 3443 3419 3497 deseruisset.

174 3542 260 3594 καὶ
308 3540 385 3593 τὰ
444 3537 675 3592 λοιπά...
735 3536 847 3608 (75)
875 3577 891 3601 ,
955 3539 1149 3608 μήπως
1209 3538 1406 3599 αὐτοὺς
1454 3536 1731 3589 καταλέλοι

1859 3541 1932 3594 At
1962 3540 2218 3594 Dominus
2251 3556 2371 3594 cum
2397 3539 2586 3593 liceret
2615 3541 2910 3593 humanum
2935 3534 3165 3589 reddere
3196 3548 3390 3602 respon

176 3650 287 3685 πεν.
335 3634 407 3685 ’0
452 3630 509 3683 δὲ
540 3628 778 3701 Κύριος,
821 3628 981 3697 ἀφεὶς
1026 3627 1371 3701 ἀνθρωπίνην
1417 3626 1598 3681 δοῦναι
1636 3628 1733 3681 ἀπε

1870 3644 2005 3694 sum,
2044 3630 2283 3683 divinum
2334 3630 2515 3699 potius
2563 3627 2826 3693 reddidit,
2874 3625 3083 3696 liquido
3140 3625 3427 3679 ostendens

178 3742 350 3797 κρισιν
377 3764 395 3787 ,
446 3722 596 3776 θείαν
646 3721 860 3786 δίδωσι,
905 3719 1332 3792 παρεμφαίνων,
1384 3718 1631 3783 ὅτιθεὸς
1676 3718 1735 3771 είς

1140 3719 1332 3782 αίνων,
1384 3720 1465 3772 ὅτι
1499 3718 1631 3783 Θεὸς
1676 3718 1762 3788 εἴη
1864 3721 2007 3791 quod
2040 3720 2181 3774 Dens
2209 3733 2326 3773 erat
2364 3721 2697 3773 incarnatus.

184 3833 437 3888 σεσαρκω
445 3814 621 3885 μένος.

248 3896 311 3960 Ἢ
350 3906 537 3959 τοίνυν
567 3906 709 3957 οὕτω
736 3904 978 3975 νοήσεις·
1019 3903 1101 3955 ὅτι
1136 3902 1241 3970 ὄρη
1293 3903 1389 3973 μὲν
1421 3903 1519 3955 καὶ
1545 3902 1760 3966 βουνοί

1933 3899 2032 3954 Vel
2078 3900 2242 3970 igitur
2283 3899 2363 3954 sic
2407 3898 2718 3969 intelliges:
2756 3896 2959 3953 Montes
3000 3906 3048 3953 et
3080 3896 3259 3959 colles,
3304 3910 3426 3949 esse

184 4000 230 4050 ai
253 3997 633 4068 ἀντικείμεναι
664 3996 925 4067 δυνάμεις
951 3995 1039 4048 διὰ
1073 3994 1173 4063 τῆς
1200 3994 1434 4065 Χριστοῦ
1465 3992 1741 4063 ἐπιδημίαι

1865 3993 2205 4047 adversarias
2239 3992 2485 4056 virtutes,
2534 4007 2655 4062 qua:
2707 4006 2804 4060 per
2844 3988 3043 4045 Christi
3084 3991 3422 4060 praesentiam

186 4090 623 4161 ἐταπεινώθησαν
646 4106 660 4120 ⁸
713 4091 771 4142 αἱ
812 4087 870 4140 δὲ
918 4086 1219 4156 φάραγγες
1260 4087 1307 4138 οἱ
1348 4085 1622 4153 ἄνθρωποι
1668 4101 1743 4137 πε-

1866 4084 2162 4139 humiliata:
2206 4095 2347 4140 sunt.
2393 4083 2585 4148 Valles,
2624 4100 2743 4140 esse
2777 4085 3043 4147 homines,
3092 4084 3183 4153 qui
3235 4083 3423 4151 repleti

190 4181 495 4254 πλήρωνται
541 4183 625 4234 ἐπ’
656 4180 839 4251 ἔργοις
871 4178 1113 4247 ἀγαθοῖς.
1170 4177 1463 4249 Γεγένηται
1495 4177 1550 4230 δὲ
1584 4177 1747 4231 πάντα

1871 4190 1992 4235 sunt
2022 4180 2277 4250 operibus
2328 4180 2507 4234 bonis.
2557 4180 2860 4235 Evaserant
2906 4192 3068 4247 porro
3096 4192 3428 4245 quaecunque

192 4252 372 4326 σκολιὰ
407 4275 488 4335 εἰς
513 4270 749 4324 εὐθεῖαν.
780 4271 1045 4333 Ἕκαστος
1079 4268 1183 4340 γὰρ
1216 4268 1371 4340 ἡμῶν
1416 4268 1622 4331 σκολιὸς
1651 4264 1749 4339 ἦν.

1871 4280 2019 4326 erant
2039 4273 2255 4342 obliqua
2289 4273 2339 4325 in
2377 4283 2606 4328 rectum.
2642 4271 2826 4338 Quivis
2850 4270 2993 4324 enim
3021 4278 3267 4325 nostrum
3291 4267 3428 4320 obli-

152 4424 161 4431 ‘
202 4364 279 4416 Ἑν
324 4365 430 4436 μὲν
473 4365 648 4417 τοίνυν
688 4366 754 4433 τῇ
786 4360 1022 4434 Χριστοῦ
1076 4360 1338 4432 ἐπιδημίᾳ
1383 4364 1448 4431 τῇ
1495 4360 1709 4430 γενομέκ

1867 4380 2000 4435 quus
2045 4376 2182 4419 erat.
2232 4365 2285 4418 In
2334 4365 2563 4420 adventu
2609 4364 2793 4433 itaque
2829 4363 3028 4418 Christi
3078 4361 3129 4414 in
3167 4361 3424 4423 animant,

193 4458 262 4520 είς
305 4459 411 4528 τὴν
460 4457 637 4527 ψυχὴν
680 4456 884 4524 γίνεται
916 4453 986 4507 τὰ
1024 4453 1211 4505 σκολιὰ
1250 4454 1331 4516 εἰς
1375 4452 1606 4505 εὐθεῖαν.
1650 4453 1750 4506 Kal

1867 4457 1997 4512 [lunt
2047 4459 2266 4527 obliqua
2302 4458 2352 4510 in
2388 4468 2618 4511 rectum.
2661 4456 2892 4519 Rursus,
2936 4469 3125 4523 aspera
3165 4462 3283 4506 erat
3320 4452 3424 4504 vita

196 4549 343 4604 πάλιν
373 4550 582 4621 τραχὺς
603 4543 671 4619 ἦν
697 4546 855 4618 ἡμῶν
877 4549 905 4599 6
941 4545 1073 4616 βίος,
1106 4546 1200 4598 καὶ
1223 4547 1252 4598 6
1273 4544 1429 4612 λόγος
1454 4542 1753 4615 ἀνώμαλος·

1868 4561 2071 4615 nostra,
2096 4560 2151 4603 et
2181 4549 2321 4602 ratio
2340 4549 2523 4618 iniqua
2548 4567 2560 4601 :
2588 4559 2642 4601 at
2673 4548 2966 4603 adveniens
2996 4546 3255 4599 Dominus
3272 4545 3425 4611 plana

199 4642 353 4697 ἰλθὼν
385 4643 441 4695 δὲ
477 4644 505 4695 6
536 4641 758 4711 Κύριος,
791 4640 906 4692 λεῖα
939 4641 1115 4693 πάντα
1148 4637 1433 4707 πεποίηκε.

733 4658 758 4706 ς,
791 4640 906 4692 λεῖα
939 4641 1115 4693 πάντα
1148 4637 1433 4707 πεποίηκε.
1865 4641 1992 4696 fecit
2021 4641 2290 4694 universa.

850 4733 1006 4787 ΚΕΦ.
1036 4732 1110 4784 Γ’.

2506 4729 2657 4784 CAP.
2700 4727 2785 4782 ιιι.

203 4828 333 4900 Στίχ.
373 4835 443 4883 α’.
502 4829 605 4882 Ἐν
630 4826 975 4900 ἔτει-πέντε
1004 4825 1100 4879 καὶ
1138 4824 1369 4900 δεκάτῳ
1416 4823 1525 4892 τῆς
1556 4826 1760 4893 ἠγεμο-

1902 4819 1966 4873 V.
2002 4820 2053 4876 l.
2104 4819 2172 4873 In
2222 4836 2362 4874 anno
2399 4820 2584 4900 quinto
2630 4831 2677 4870 et
2713 4817 2915 4900 decimo
2958 4816 3162 4883 imperii
3208 4812 3400 4866 Tiberii

585 4898 719 4964 νίας
753 4896 1013 4965 Τιϐερίου
1036 4887 1352 4963 Καίσαροςξ
1473 4887 1515 4892 ⁷⁷
1583 4887 1617 4893 ⁷⁷
1660 4887 1675 4892 ⁷

1214 4887 1352 4963 ιροςξ
1473 4887 1515 4892 ⁷⁷
1583 4887 1617 4893 ⁷⁷
1660 4887 1675 4892 ⁷
2411 4887 2418 4889 ⁷
2524 4887 2771 4942 Cwsaris.

272 4993 389 5046 Ἐπὶ
423 4992 522 5062 μὲν
549 4987 642 5045 οῦν
675 4990 752 5062 τῷ
782 4990 931 5061 παρὰ
967 4988 1236 5051 Ἰουδαίοις
1269 4987 1447 5058 μόνοις
1490 5003 1760 5057 κηρυσσο-

1942 4980 1997 5035 In
2046 4979 2364 5050 prophetico
2399 4993 2667 5044 sermone,
2716 4977 2804 5047 qui
2849 4977 2989 5044 apud
3033 4974 3249 5031 Judaaos
3287 4973 3430 5027 solos

208 5085 338 5157 μένῳ
360 5085 503 5155 λόγῳ
534 5082 855 5155 προφητικῷ
884 5082 1129 5152 βασιλεία
1162 5081 1319 5151 μόνον
1356 5079 1607 5142 Ἰουδαίας
1640 5080 1763 5131 ἀνα-

1870 5073 2258 5142 crulgabatur,
2312 5086 2538 5141 regnum
2586 5072 2850 5123 duntaxat
2882 5067 3083 5122 ludam
3116 5066 3424 5121 ascribitur.

206 5175 475 5245 γράφεται.
511 5176 751 5242 Ὅρασις
777 5174 905 5245 γὰρ,
935 5173 1118 5242 φησὶν,
1147 5169 1228 5237 ἣν
1257 5166 1416 5223 εἶδεν
1447 5172 1478 5222 ό
1520 5169 1762 5233 Ἡσαΐας

1879 5166 2051 5233 Visio,
2102 5176 2227 5234 puta
2272 5165 2466 5229 inquit,
2513 5180 2668 5233 quant
2716 5163 2843 5216 vidit
2919 5161 3094 5215 Isaias
3147 5160 3200 5211 in
3249 5158 3428 5211 diebus

208 5266 265 5317 ὲν
288 5268 525 5337 ἡμέραις
558 5266 744 5327 Ὀζῖου
770 5266 868 5319 καὶ
915 5263 1148 5319 Ἰωάθαν
1176 5264 1273 5316 καὶ
1311 5262 1507 5330 Ἆχὰζ,
1541 5261 1598 5315 οἳ
1630 5262 1761 5315 ἐϐα-

1870 5258 2033 5324 Οιιὶιτ,
2062 5266 2114 5313 et
2145 5258 2379 5312 Joatltan
2406 5268 2457 5312 et
2487 5258 2686 5322 Achaz,
2718 5258 2809 5323 qui
2837 5262 3178 5324 regnaverunt
3224 5253 3279 5305 in
3324 5250 3427 5302 Ju-

209 5359 490 5414 σίλευσαν
531 5359 642 5428 τῆς
689 5357 894 5412 Ἰούδα.
953 5357 1075 5408 Ἐπὶ
1118 5356 1173 5409 δὲ
1218 5353 1297 5426 τῷ
1339 5354 1619 5425 μυστηρίῳ
1666 5350 1759 5405 τοῦ

1869 5354 1936 5405 da
1962 5353 2031 5405 ⁸⁸.
2058 5352 2127 5405 Δι
2165 5350 2219 5406 in
2271 5350 2531 5421 mysterio
2562 5348 2862 5418 Evangelii,
2903 5346 3045 5415 quod
3097 5360 3192 5416 per
3240 5344 3426 5398 orbem

280 5477 320 5509 ⁸⁷
348 5477 501 5532 Joan.
547 5493 588 5543 ι,
634 5476 726 5545 29,
767 5476 857 5530 ‘56.
934 5476 980 5507 ⁸⁸
1019 5474 1147 5529 lsai.
1192 5490 1232 5538 ι,
1286 5475 1338 5527 l.

274 5615 461 5689 (72-75)
496 5614 1191 5689 ΙηεειῇὺίιηιοεΕύαγγέλιον
1220 5614 1361 5689 πατὰ
1394 5613 1764 5689 ᾼουκᾶνιήρ-

1886 5676 1899 5689 _
1938 5604 2054 5689 (74)
2087 5602 2404 5689 Ρτωςθίιυιιι
2433 5620 2551 5689 qua:
2587 5618 2748 5673 supra
2774 5601 3022 5672 leguntur
3079 5612 3143 5651 cx
3167 5591 3288 5649 cod.
3339 5586 3430 5641 28'

222 5675 530 5757 μηνευμένον
555 5689 618 5739 ὲκ
645 5686 913 5756 διαφόρων
943 5675 1311 5757 ἑρμηνευτῶν,
1346 5684 1435 5738 τοῦ
1464 5675 1765 5753 τετραὸαγ-

1548 5675 1765 5753 ςραδάῆν-
1869 5675 2304 5757 desitli‘tqt'te-huc
2332 5675 2509 5730 modo.
2546 5746 2558 5757 _
2602 5744 2670 5757 Μ
2730 5747 2741 5755 ι
2815 5744 2840 5757 η

217 5744 353 5821 γέλου
376 5744 484 5830 ⁷τὴν
509 5744 816 5828 ἑρμηνείαν⁷
836 5744 1084 5823 εἰσὰγών⁷
1097 5754 1260 5809 ἔνδον.
1299 5744 1309 5749 ⁷
1562 5744 1574 5753 ⁷
1716 5744 1726 5749 ⁷

1716 5744 1726 5749 ⁷
1938 5744 2050 5813 ﬂii)
2084 5744 2218 5800 Vide
2256 5761 2418 5815 supra
2459 5746 2578 5801 cod.
2602 5744 2693 5809 28,
2730 5747 2783 5801 in
2812 5744 2914 5799 line
2946 5744 3141 5809 capitis
3173 5772 3213 5788 ..

471 5849 746 5909 ΡΑτιιοι..
793 5847 912 5908 Gn.
960 5847 1013 5905 Χ
1030 5845 1157 5906 γη

3156 5830 3224 5889 11
