3942 6318
535 341 634 396 δδι
1421 320 1976 384 SUPPLEMENTUM
2015 319 2106 373 AD
2134 314 2463 373 omoENts
2492 307 2904 370 EXEGETIGA.
3639 320 3734 375 τοι

536 458 847 511 universum
891 449 1287 523 praedicandum
1346 454 1498 507 erat,
1551 442 1834 511 imperium
1885 436 2086 492 Tiberii

2206 432 2522 503 Ξύαγγελίου
2553 430 2799 500 μέλλοντι
2821 433 2878 486 ὲν
2901 431 3006 503 ὅλῳ
3029 433 3217 504 κόσμῳ
3243 431 3600 504 κηρύσσεσθαι
3628 437 3739 507 ἡγε-

536 549 766 605 Czesaris
800 545 1109 606 ascribitur,
1138 541 1224 609 qui
1256 538 1417 592 totius
1447 535 1628 589 mundi
1663 533 1944 587 videbatur
1970 543 2089 583 esse

2206 526 2351 580 ιονία
2395 523 2645 596 Τιβερίου
2692 524 2964 594 Καίσαρος
3013 523 3426 596 ἀναγράφεται,
3481 524 3536 588 ὃς
3583 526 3741 582 ἐδόκει

534 659 654 699 rex.
684 644 761 696 Ac
793 640 837 694 si
872 638 1088 708 quidem
1125 631 1351 703 gentiles
1384 629 1539 683 modo
1565 626 1807 682 salvandi
1839 624 2088 683 fuissent,

2206 619 2312 671 ὅλου
2343 617 2436 671 τοῦ
2476 618 2681 686 κόσμου
2721 611 2859 669 εἶναι
2909 615 3181 686 βασιλεύς.
3221 616 3336 669 Καὶ
3369 617 3418 667 εί
3455 615 3549 685 μὲν
3577 619 3622 669 οἱ
3647 620 3744 673 ἀπὸ

533 736 783 791 omnibus
815 746 942 785 vero
976 728 1100 782 ﬁliis
1125 723 1285 779 Israel
1310 723 1454 776 salus
1484 720 1670 774 clausa
1700 717 1924 782 fuisset;
1960 715 2091 769 satis

2206 710 2356 764 ιθνῶν
2386 711 2536 783 μόνοι
2565 708 2796 781 ἧμελλον
2831 707 3112 776 σῶζεσθαι,
3146 707 3318 762 παντὶ
3347 707 3404 760 δὲ
3446 709 3746 765 ἀπεκέκλει-

534 833 1118 883 eratcommemorasse
1148 816 1304 870 modo
1319 813 1614 866 Tiberium.
1643 809 1711 862 At
1734 807 1856 877 quia
1881 813 2091 875 oportet

2206 805 2350 874 ςτοή
2401 801 2640 872 σωτηρία
2678 801 2784 853 τῶν
2834 800 2964 852 υἱῶν
3017 799 3234 871 Ἰσραὴλ
3261 841 3276 865 ,
3320 801 3480 870 ἤρκει
3525 800 3582 852 τὸ
3628 819 3749 873 μνη-

537 930 596 973 υι
630 918 851 989 credant
897 922 952 968 et
1014 909 1217 965 Galilaai
1244 948 1258 971 ,
1304 918 1357 959 et
1407 903 1582 957 lturzei
1625 910 1679 955 et
1717 893 2088 960 Traclnonitm;

535 1020 817 1079 propterea
846 1005 1193 1060 ascribuutur
1221 999 1334 1052 haec
1360 1011 1544 1065 regna,
1574 1003 1665 1046 aut
1691 991 1868 1060 potius
1894 997 2094 1041 tetrar-

536 1099 689 1152 chiae.
725 1095 1008 1163 Nunquam
1065 1104 1191 1145 vero
1221 1087 1392 1140 fuerat
1423 1085 1640 1138 verbum
1674 1081 1765 1134 Dei
1801 1079 1866 1132 ad
1903 1088 2102 1146 quem-'

535 1188 680 1258 piam
709 1185 1094 1256 proiibetarum
1125 1181 1176 1234 in
1207 1181 1448 1242 deserto,
1489 1174 1592 1229 nisi
1647 1187 1788 1227 nunc
1831 1171 2094 1223 duntaxat

534 1291 754 1351 propter
798 1277 1086 1348 quamdam
1135 1271 1419 1341 mysticam
1473 1265 1903 1336 intelligentiam.
1955 1259 2093 1326 Quia

537 1386 725 1441 nempe
745 1369 916 1439 plures
939 1367 1104 1437 futuri
1131 1373 1278 1418 erant
1301 1361 1398 1430 ﬁlii
1427 1357 1724 1422 desertw,id
1749 1365 1828 1410 est
1847 1352 2096 1408 Ecclesia:

535 1462 810 1535 gentium,
863 1473 1018 1529 quam
1073 1457 1186 1524 ejus
1220 1469 1336 1523 quae
1375 1450 1595 1504 habebat
1635 1449 1800 1502 virum
1828 1446 1895 1514 ⁸³,
1924 1445 2090 1512 legem

435 1599 442 1606 .
535 1534 656 1610 uolo
727 1553 904 1607 dicere
972 1547 1272 1618 Synagogaa
1324 1541 1654 1598 Iudaeorum.
1704 1537 1855 1604 Quod
1926 1534 2092 1588 dicit:

537 1643 762 1697 Factum
819 1650 891 1694 est
931 1640 1138 1693 verbum
1186 1635 1281 1688 Dei
1323 1633 1390 1687 ad
1431 1629 1690 1685 Joannem
1741 1628 1808 1693 ⁶⁰,
1858 1625 2098 1694 intelligo

535 1745 883 1806 praeceptum.

537 1914 603 1970 ν.
644 1915 698 1970 5.
741 1913 810 1966 Et
844 1910 980 1966 venit
1009 1909 1064 1960 in
1099 1921 1310 2029 omjten;
1335 1903 1790 1985 circumjacentem
1830 1898 2091 1968 regionem

1218 1993 1274 2029 or
1314 1990 1452 2028 ams.

1218 1990 1452 2029 οτααηιε.

615 2077 712 2131 Ubi
746 2073 1024 2144 oportebat
1053 2067 1354 2137 Baptistam
1405 2059 1922 2123 circumambulare,
1977 2055 2086 2111 nisi

540 2171 593 2224 in
630 2165 1006 2236 circumposita
1031 2162 1282 2218 Iordanis
1299 2159 1536 2228 regione,
1570 2153 1695 2209 utsi
1729 2167 1886 2223 quem
1917 2149 2092 2219 poeni-

541 2269 655 2314 tere
697 2257 875 2320 vellet,
904 2256 1083 2310 statim
1115 2251 1308 2306 ﬂuvius
1336 2252 1389 2303 in
1426 2254 1672 2318 promptu
1714 2241 2095 2299 essetilntcr.

535 2357 781 2419 .pretatur
842 2361 1005 2417 porro
1054 2343 1307 2400 Jordanis
1337 2351 1374 2408 ,’
1426 2339 1727 2393 decurrens.
1794 2335 2096 2388 Decurrens

532 2444 681 2496 enim
709 2451 795 2497 est
827 2456 953 2497 vere
978 2440 1179 2495 ﬂuuien
1216 2436 1329 2495 Dei.
1379 2447 1520 2504 aqua
1564 2445 1752 2494 verax,
1785 2441 1923 2497 aqua
1950 2427 2096 2481 salu-

534 2533 693 2588 taris.

613 2624 680 2680 Ὗ.
720 2625 771 2678 7.

611 2715 830 2779 Dicunt,
862 2713 1100 2783 viperam
1126 2712 1249 2766 dum
1275 2710 1516 2780 concipit
1540 2706 1847 2762 interﬁcere
1868 2713 2096 2763 marem,

537 2820 610 2861 ex
642 2818 748 2873 quo
766 2803 1014 2873 .concipit
1047 2820 1062 2856 :
1097 2801 1252 2872 cujus
1297 2815 1480 2856 semen
1523 2799 1914 2853 incrementum
1956 2789 2100 2845 acci-

543 2893 720 2962 piens,
775 2891 1172 2960 concipieutem
1215 2889 1434 2953 occidit,
1483 2896 1647 2956 atque
1693 2885 1771 2940 sic
1820 2883 1873 2937 in
1923 2880 2098 2936 lucem

542 2985 742 3054 prodit,
761 2983 1054 3038 dilacerate
1071 2980 1256 3035 matris
1277 2991 1453 3044 utero,
1469 2978 1620 3047 quasi
1649 2989 1859 3046 poenam
1878 2983 2100 3026 sumens

543 3075 811 3130 interfecti
841 3072 1097 3144 parentis.
1126 3071 1284 3126 Tales
1326 3081 1379 3125 et
1418 3068 1606 3125 Judaei.
1641 3063 1962 3137 Spirituales
1999 3076 2097 3130 pa-

2193 892 2382 962 σθῆναι
2421 892 2576 962 μόνον
2605 891 2875 962 Τιϐερίου.
2923 891 3137 962 Ἐπειδὴ
3170 891 3229 942 δὲ
3268 890 3350 942 δεῖ
3384 892 3478 944 καὶ
3507 892 3625 956 τοὺς
3651 895 3751 947 ἀπὸ

2189 985 2290 1055 τῆς
2337 982 2622 1046 Γαλιλαίας
2665 984 2757 1037 καὶ
2801 982 3095 1054 Ἰτουραίας
3128 982 3224 1035 καὶ
3252 982 3643 1054 Τραχωνίτιδος
3674 1003 3754 1038 πι-

2194 1074 2421 1138 στεύειν,
2449 1073 2536 1127 διὰ
2571 1073 2728 1127 τοῦτο
2753 1073 3155 1147 ἀναγράφονται
3185 1069 3349 1128 αὗται
3383 1075 3440 1126 αἱ
3487 1074 3753 1144 βασιλεῖαι,

2191 1168 2309 1240 ἦτοι
2344 1165 2680 1238 τετραρχίαι.
2717 1167 2980 1220 Οὐδέποτε
3021 1166 3076 1220 δὲ
3103 1167 3298 1236 γέγονε
3336 1165 3490 1238 ῥῆμα
3515 1166 3643 1220 Θεοῦ
3674 1168 3756 1221 ὲπί

2191 1278 2313 1314 τινα
2343 1260 2450 1313 τῶν
2492 1259 2782 1330 προφητῶν
2823 1262 2879 1312 ὲν
2918 1262 2984 1330 τῇ
3033 1259 3226 1330 ἐρήμῳ
3247 1299 3261 1322 ,
3297 1262 3347 1311 εί
3383 1259 3458 1330 μὴ
3490 1258 3582 1312 νῦν
3613 1260 3757 1331 μόνον

2193 1353 2279 1406 διά
2327 1368 2447 1404 τινα
2500 1350 2761 1422 μυστικὴν
2812 1349 3061 1422 θεωρίαν.
3125 1350 3351 1421 Ἐπειδὴ
3399 1349 3510 1420 γὰρ
3558 1351 3758 1421 ἔμελλε

2194 1443 2392 1497 πολλὰ
2427 1441 2500 1495 τὰ
2529 1440 2708 1495 τέκνα
2747 1440 2858 1509 τῆς
2884 1440 3105 1510 ἐρήμου
3127 1439 3377 1511 μᾶλλον
3405 1437 3587 1508 εἶναι,
3621 1461 3758 1496 τουτ-

2195 1536 2310 1588 έστι
2339 1534 2438 1604 τῆς
2475 1535 2534 1598 ἐξ
2571 1533 2738 1588 ἐθνῶν
2779 1533 3134 1605 Ἐκκλησίας,
3179 1533 3340 1601 ἢπερ
3375 1531 3486 1601 τῆς
3513 1535 3760 1604 ἐχούσης

2194 1627 2302 1681 τόν
2350 1626 2570 1694 ἄνδρα,
2623 1626 2712 1681 τὸν
2757 1627 2918 1697 νόμον
2961 1626 3062 1696 τῆς
3120 1626 3399 1680 Ἰουδαίων
3456 1624 3762 1693 συναγωγῆς

2199 1735 2358 1788 φημι.
2393 1716 2465 1770 Τὸ
2493 1716 2548 1770 δὲ
2581 1719 2780 1784 εἰπεῖν,
2817 1717 2898 1770 ὅτι
2944 1716 3210 1785 Ἐγένετο
3239 1715 3416 1786 ῥῆμα
3449 1713 3596 1770 Θεοῦ
3626 1714 3762 1782 πρὸς

2123 1799 2166 1853 Β
2206 1808 2510 1878 Ἰωάννην,
2541 1809 2789 1862 τουτέστι
2821 1809 3164 1880 πρόσταγμα.

2240 1901 2385 1972 Στίχ.
2413 1908 2482 1969 γ’.
2526 1901 2655 1956 Καὶ
2681 1896 2866 1972 ἦλθεν
2895 1903 2982 1966 είς
3006 1971 3019 1972 7
3043 1899 3253 1972 πᾶσαν
3290 1899 3412 1968 τὴν
3449 1898 3762 1968 περίχωρον

2722 1972 2829 2026 τοῦ
2887 1971 3204 2038 Ἰορδάνου.

2269 2066 2379 2140 (76)
2408 2065 2516 2118 Ποῦ
2539 2064 2642 2118 ἔδει
2668 2064 2756 2117 τὸν
2772 2062 3077 2134 Βαπτιστὴν
3105 2061 3501 2134 περιέρχεσθαι
3524 2060 3556 2130 ἥ
3580 2062 3654 2123 εἰς
3672 2077 3759 2132 την

2199 2160 2501 2232 περίχωρον
2541 2157 2634 2210 τοῦ
2676 2156 2966 2228 Ἰορδάνου,
3002 2155 3121 2221 ἵνα,
3157 2155 3258 2210 ἐάν
3296 2171 3384 2216 τις
3418 2151 3653 2223 βούλοιτο
3682 2169 3761 2222 με·

2199 2255 2426 2316 τανοεῑν,
2454 2250 2653 2316 εὐθέως
2672 2249 2954 2321 εὐπορήσῃ
2978 2247 3070 2300 τοῦ
3093 2246 3348 2318 ποταμοῦ
3373 2263 3388 2312 ;
3418 2244 3759 2318 ἑρμηνεύεται

2199 2343 2255 2396 δὲ
2301 2341 2567 2412 Ἰορδάνης
2610 2338 2997 2392 καταϐαίνων.
3055 2335 3425 2390 Καταϐαίνων
3474 2336 3582 2406 γάρ
3626 2336 3760 2387 ἐστιν

2201 2431 2412 2502 ἀληθῶς
2433 2433 2462 2484 ὁ
2491 2429 2732 2500 ποταμὸς
2755 2426 2848 2481 τοῦ
2875 2427 3029 2492 Θεοῦ,
3049 2428 3110 2481 τὸ
3138 2425 3290 2500 ὕδωρ
3323 2427 3388 2481 τὸ
3416 2426 3686 2498 ἀληθινὸν,
3705 2425 3758 2476 τὸ

2202 2521 2347 2593 ὕδωρ
2372 2520 2432 2574 τὸ
2467 2521 2751 2591 σωτήριον.

2274 2612 2420 2683 Στίχ.
2452 2611 2516 2676 ζ’.

2273 2702 2383 2771 (77)
2411 2701 2545 2754 Φασὶ
2564 2699 2620 2752 δὲ
2648 2701 2744 2771 τὴν
2770 2699 2977 2770 ἔχιδναν
3009 2701 3068 2752 ὲν
3090 2699 3168 2770 τῷ
3193 2699 3592 2772 συλλαμϐάνειν
3622 2700 3759 2752 ἀναι-

2206 2799 2316 2866 ρεῖν
2345 2793 2432 2847 τὸν
2457 2791 2519 2857 ἐξ
2549 2785 2609 2846 οὗ
2638 2791 2998 2862 συλλαμϐάνει
3026 2791 3233 2864 ἄρρενα
3251 2807 3265 2824 ·
3296 2787 3358 2846 οὗ
3393 2793 3428 2863 ή
3461 2790 3633 2861 σπορὰ
3668 2790 3754 2842 αὐ-

2205 2884 2454 2951 ξάνουσα,
2483 2884 2581 2955 τὴν
2603 2882 2966 2937 συλλαϐοῦσαν
2991 2884 3203 2953 ἀναιρεῖ
3229 2883 3329 2937 καὶ
3352 2882 3526 2946 οὕτως
3562 2884 3637 2945 είς
3655 2880 3757 2949 φῶς

2203 2977 2499 3048 ἐξέρχεται,
2531 2973 2864 3045 διαῤῥήξασα
2887 2974 2985 3045 τῆς
3020 2973 3223 3045 μητρὸς
3248 2974 3350 3045 τὴν
3374 2973 3627 3043 γαστέρα,
3651 2989 3758 3023 ποι-

2203 3069 2299 3142 νὴν
2324 3069 2510 3136 ὥσπερ
2546 3064 2639 3119 τοῦ
2679 3064 3065 3136 διαφθαρέντος
3108 3065 3321 3135 πατρός
3362 3103 3376 3118 .
3403 3106 3416 3118 .
3435 3107 3449 3121 .
3470 3101 3484 3116 .
3501 3104 3514 3116 .
3538 3103 3580 3117 ..
3600 3102 3614 3116 .
3647 3063 3757 3114 Τοι-

545 3179 654 3223 tres
683 3179 808 3220 suos
837 3179 901 3220 ac
945 3165 1192 3219 doctores
1219 3161 1465 3214 manibus
1508 3158 1841 3215 occiderunt.
1885 3153 2096 3209 Dictum

2206 3163 2344 3217 οῦτοι
2373 3161 2466 3214 καὶ
2489 3161 2537 3212 οί
2575 3158 2840 3222 Ἰουδαῖοι,
2867 3159 2991 3220 τοὺς
3023 3159 3432 3228 πνευματικοὺς
3463 3155 3636 3209 αὐτῶν
3667 3171 3758 3207 πα-

543 3269 628 3315 est
656 3259 722 3313 de
747 3257 830 3313 his
857 3257 910 3311 in
936 3253 1189 3309 Matthato
1216 3253 1399 3307 latius.

1188 3449 1342 3505 CAP.
1369 3446 1462 3503 IV.

547 3547 688 3605 v.9.
723 3545 794 3600 Et
833 3545 985 3599 duxit
1027 3557 1144 3596 eum
1187 3543 1245 3595 in
1288 3537 1606 3602 Ierusalem,
1662 3544 1712 3590 et
1757 3533 1939 3589 statuit
1986 3548 2104 3587 eum

959 3629 1116 3681 super
1143 3614 1485 3680 pinnaculum
1509 3609 1705 3676 templi.

614 3705 849 3763 Attende
885 3716 1049 3774 porro
1091 3698 1358 3769 quomodo
1401 3695 1669 3750 malitiose
1705 3703 1985 3761 astuteque
2011 3705 2106 3760 per

544 3797 852 3854 testimonia
881 3794 1285 3863 Scripturarum
1333 3788 1460 3842 velit
1505 3786 1850 3857 pessumdare
1882 3783 2104 3854 gloriam

544 3891 782 3954 Domini,
815 3896 1070 3953 tanquam
1094 3883 1185 3951 qui
1217 3881 1482 3949 indigeret
1503 3878 1747 3948 angelica
1769 3890 1892 3946 ope,
1923 3881 2107 3943 utpote

543 3980 874 4041 offensurus,
907 3977 951 4030 si
982 3975 1030 4027 ei
1059 3972 1234 4040 angeli
1267 3971 1534 4024 auxilium
1582 3985 1687 4024 non
1731 3968 1956 4023 ferrent.
1985 3963 2101 4018 Non

545 4071 687 4125 enim
713 4070 781 4122 de
807 4067 1028 4122 Christo
1067 4064 1272 4116 dictum
1321 4059 1420 4112 fuit
1467 4057 1835 4112 testimonium
1886 4052 2101 4124 psalmi.

546 4160 698 4215 Haud
743 4170 978 4226 namque
1023 4169 1160 4223 opus
1198 4152 1364 4206 habet
1402 4148 1631 4217 angelis,
1666 4147 1756 4216 qui
1787 4145 2104 4214 angelorum

547 4252 804 4307 Dominus
840 4257 942 4303 est.
989 4246 1102 4316 Ego
1142 4258 1270 4299 vero
1310 4250 1524 4303 contra,
1561 4240 1682 4292 dico
1718 4237 1835 4300 tibi,
1868 4235 2102 4298 diabole,

545 4346 688 4414 quod
746 4343 850 4398 nisi
885 4340 1039 4396 Jesus
1074 4336 1282 4405 angelis
1325 4331 1637 4402 opituletur,
1673 4326 1964 4383 offendent.
1995 4325 2106 4378 Tu-

2201 3252 2364 3323 τέρας
2389 3249 2482 3303 καὶ
2502 3247 2848 3309 διδασκάλους
2874 3245 3280 3317 διαφθείροντες
3308 3246 3516 3317 χερσίν.
3548 3245 3757 3316 Εἴρηται

2203 3345 2332 3416 περὶ
2355 3342 2558 3397 τούτων
2591 3343 2648 3395 ὲν
2676 3339 2753 3412 τῷ
2779 3338 3042 3410 Ματθαίῳ
3069 3338 3430 3418 πλατύτερον.
3477 3365 3479 3369 ι

2854 3433 3012 3484 ΚΕΦ.
3051 3432 3124 3484 Δ’.

2204 3527 2348 3598 Στίχ.
2397 3525 2461 3581 θ’.
2519 3524 2628 3580 Καὶ
2653 3524 2872 3598 ἤγαγεν
2899 3523 3083 3598 αὐτὸν
3118 3524 3205 3598 είς
3238 3519 3640 3598 Ἰερουσαλὴμ,
3655 3517 3755 3598 grai

2262 3588 2523 3666 ἔστησεν
2552 3588 2736 3649 αὑτὸν
2770 3588 2867 3647 ἐπὶ
2911 3593 2975 3646 τὸ
3010 3588 3331 3662 πτερύγιον
3380 3591 3487 3646 τοῦ
3531 3588 3700 3658 ίεροῦ.

2277 3689 2418 3760 Ὅρα
2460 3686 2518 3740 δὲ
2564 3685 2682 3749 πῶς
2727 3683 3048 3757 κακούργως
3087 3683 3176 3738 διὰ
3217 3687 3320 3755 τῆς
3374 3685 3617 3756 χρήσεως
3659 3678 3755 3732 τῶν

2205 3779 2435 3851 Γραφῶν
2484 3778 2626 3831 θέλει
2648 3777 2892 3830 καθελεῖν
2916 3777 3015 3848 τὴν
3043 3775 3200 3842 δόξαν
3228 3776 3458 3848 Κυρίου,
3489 3774 3561 3836 ὡς
3585 3769 3757 3841 δεομέ-

2205 3889 2296 3926 νου
2321 3872 2614 3942 ἁγγελικῆς
2646 3870 2894 3941 βοηθείας
2915 3908 2931 3934 ,
2959 3869 3035 3932 ὡς
3064 3867 3348 3939 μέλλοντος
3390 3865 3752 3937 προσκόπτειν,

2205 3965 2254 4016 εἰ
2290 3963 2363 4034 μὴ
2394 3962 2611 4032 ἄγγελοι
2639 3961 2786 4032 αὐτῷ
2812 3960 3072 4032 βοηθεῖεν,
3113 3960 3187 4013 Οὐ
3219 3961 3328 4032 γὰρ
3359 3959 3487 4030 περὶ
3514 3955 3605 4008 τοῦ
3629 3955 3753 4023 Χρι-

2208 4056 2332 4109 στοῦ
2367 4055 2579 4127 εἴρηται
2621 4056 2654 4125 ἡ
2701 4056 2893 4125 χρῆσις
2934 4051 3028 4106 τοῦ
3075 4051 3312 4123 ψαλμοῦ.
3358 4053 3433 4105 Οὐ
3466 4048 3571 4119 γὰρ
3598 4047 3752 4100 δεῖται

2205 4147 2447 4217 ἀγγέλων
2479 4150 2506 4201 ὁ
2534 4147 2640 4200 τῶν
2673 4147 2915 4216 ἀγγέλων
2937 4145 3219 4215 δεσπότης.
3263 4142 3406 4213 Ἐγὼ
3442 4142 3498 4195 δὲ
3540 4139 3599 4192 τὸ
3632 4135 3752 4190 ἀνά-

2209 4240 2366 4294 παλίν
2393 4257 2533 4311 φημι
2566 4240 2700 4310 πρὸς
2728 4240 2789 4292 σὲ
2809 4279 2823 4303 ,
2858 4233 2903 4292 ὦ
2932 4237 3141 4292 διάϐολε
3159 4276 3174 4302 ,
3210 4239 3258 4288 εί
3289 4237 3365 4307 μὴ
3406 4231 3608 4305 Ἰησοῦς
3636 4227 3769 4298 βοη-ί·

2209 4331 2359 4403 θήσει
2385 4334 2498 4394 τοῖς
2523 4330 2792 4400 ἀγγέλοις,
2825 4329 3245 4401 προσκόπτουσι.
3278 4327 3388 4379 Καὶ
3415 4325 3480 4378 σὺ
3511 4321 3593 4375 διὰ
3613 4316 3755 4371 τοῦτο
3779 4385 3802 4407 θ

545 4454 650 4506 que
681 4447 962 4506 propterea
991 4430 1231 4485 cecidisti
1277 4430 1345 4484 de
1383 4427 1544 4489 υωιθ,
1595 4423 1719 4493 quia
1763 4430 1816 4475 te
1855 4421 1949 4475 tibi
1989 4431 2099 4472 esse

2209 4422 2502 4484 πέπτωκας
2557 4420 2616 4485 ὲξ
2662 4419 2889 4490 οὐρανοῦ
2918 4459 2933 4481 ,
2985 4415 3170 4488 ἐπειδὴ
3217 4417 3465 4488 αὐτάρκη
3517 4410 3754 4480 ἐνόμισας

545 4529 892 4582 sullicieutem
958 4526 1250 4578 arbitratus
1294 4537 1391 4584 es,
1464 4533 1565 4572 nec
1611 4517 1854 4585 indigere
1905 4512 2099 4566 auxilio

2211 4513 2398 4566 ἑαυτὸν
2424 4509 2578 4578 εἶναι,
2607 4511 2698 4565 καὶ
2820 4509 3023 4564 δεῖσθαι
3047 4512 3143 4580 τῆς
3166 4506 3260 4560 τοῦ
3295 4504 3470 4578 Ἰησοῦ
3499 4499 3750 4574 βοηθείαςι

545 4621 694 4676 Jesu.
753 4621 868 4683 Quo
929 4631 1056 4669 vero
1128 4628 1410 4683 agnoscas,
1475 4609 1895 4677 haudquaquam
1955 4604 2103 4658 dicta

542 4717 716 4771 fuisse
754 4718 820 4767 de
856 4711 982 4767 Jcsu
1019 4723 1080 4762 ea
1123 4723 1240 4777 quae
1283 4706 1481 4774 scripta
1510 4713 1671 4764 sunt;
1702 4700 1797 4755 sed
1847 4699 1896 4752 in
1934 4697 2104 4752 homi-

545 4826 666 4865 nem
700 4809 902 4879 justum
926 4806 1040 4858 haec.
1062 4801 1278 4865 referri,
1309 4799 1430 4852 audi
1458 4815 1472 4850 :
1507 4795 1779 4863 Scriptum
1806 4802 1888 4846 est
1917 4789 2100 4854 enim;

545 4903 647 4967 Qui
669 4878 867 4954 habitat
902 4898 954 4950 in
983 4887 1272 4956 adiutorio
1301 4888 1584 4950 Altissimi,
1636 4887 1689 4938 in
1731 4883 1957 4953 tegmine
2005 4878 2102 4932 Dei

543 4993 660 5047 caeli
685 4990 1010 5045 domicilium
1044 4984 1243 5036 habebit
1273 4980 1338 5032 “.
1376 4979 1486 5033 Iloc
1520 4979 1636 5030 viro
1680 4977 1826 5042 justo
1857 4969 2105 5038 congruit

545 5086 740 5154 potius,
770 5099 931 5150 qliam
964 5079 1100 5132 Filio
1130 5075 1246 5127 Dei.
1282 5072 1345 5126 Et
1387 5085 1608 5125 rursus:
1636 5065 1840 5121 Cadent
1872 5077 1936 5116 ea:
1979 5060 2107 5113 la’va

547 5149 640 5230 iua
670 5149 891 5241 milleni,
915 5181 963 5227 et
989 5174 1159 5224 decem
1194 5164 1417 5229 milleni,
1450 5173 1555 5219 etc.
1577 5161 1643 5224 ⁵⁸,
1669 5173 1786 5227 qua:
1807 5169 2018 5225 quoque
2043 5149 2107 5204 ad

547 5272 720 5323 virum
741 5268 943 5338 justum
983 5264 1317 5319 referuntur.

557 5384 620 5436 ν.
651 5382 741 5436 40.
776 5382 906 5435 Cum
948 5381 1219 5434 occidisset
1253 5392 1369 5430 vero
1402 5373 1500 5438 sol,
1527 5386 1699 5423 omnes
1727 5373 1973 5438 quotquot
2007 5366 2104 5438 hat

616 5431 807 5508 ιιὲιὶιὲηῐ
823 5431 1140 5521 egrediare;
1167 5448 1361 5502 morbis
1389 5431 1570 5507 variis,
1599 5431 1855 5492 ducebant
1880 5434 1998 5487 illos
2035 5431 2101 5482 ud

2213 4607 2329 4657 Ἵνα
2360 4604 2417 4657 δὲ
2446 4603 2587 4675 γνῷς
2619 4602 2693 4674 μὴ
2728 4602 2856 4673 περὶ
2893 4600 2986 4654 τοῦ
3025 4598 3196 4673 Ἰησοῦ
3240 4597 3485 4668 λελέχθαι
3529 4592 3593 4646 τὰ
3639 4592 3753 4643 ἀνα-

2209 4695 2599 4768 γεγραμμένα,
2646 4693 2757 4748 ἀλλ’
2791 4695 2870 4756 είς
2910 4693 3110 4746 δίκαιον
3151 4689 3318 4762 ἄνδρα
3362 4687 3529 4741 ταῦτα
3569 4679 3754 4749 ἀναφέ-

2214 4781 2417 4855 ρεσθαι,
2472 4782 2667 4836 ἄκουεο
2725 4781 3034 4852 Γέγραπται
3077 4779 3222 4851 γάρ·
3273 4779 3333 4831 '0
3371 4771 3654 4831 κατοικῶν
3691 4769 3755 4820 ἐν

2203 4876 2453 4944 βοηθείᾳ
2493 4875 2598 4931 τοῦ
2635 4874 2921 4942 Ὑψίστου
2941 4912 2956 4937 ,
2997 4872 3068 4925 ἐν
3095 4870 3304 4925 σκέπει
3332 4869 3437 4923 τοῦ
3471 4863 3613 4921 Θεοῦ
3655 4857 3751 4913 τοῦ

2205 4966 2462 5034 οὐρανοῦ
2505 4963 2959 5030 αὑλισθήσεται.
3007 4962 3178 5016 Τοῦτο
3214 4962 3400 5032 δικαίῳ
3449 4956 3639 5030 μᾶλλον
3663 4953 3752 5020 ἀρ-

2195 5058 2364 5128 Δμόζει
2407 5057 2439 5126 ἢ
2473 5055 2550 5126 τῷ
2578 5054 2691 5125 Υἱῷ
2727 5054 2820 5108 τοῦ
2848 5053 2984 5106 Θεοῦ
3007 5070 3020 5085 ο
3057 5056 3149 5108 καὶ
3176 5051 3330 5117 αὖθις
3350 5071 3362 5083 ·
3398 5047 3660 5106 Πεσεῖται
3685 5040 3747 5092 ἐκ

2210 5147 2316 5202 τοῦ
2347 5148 2589 5213 κλίτους
2612 5161 2728 5201 σου
2756 5145 2972 5215 χιλιὰς,
2997 5147 3094 5200 καὶ
3121 5147 3354 5216 μυριὰς,
3393 5142 3486 5198 καὶ
3507 5137 3581 5192 τὰ
3615 5132 3747 5201 ἑξῆς,

2209 5240 2245 5294 ἃ
2273 5241 2366 5294 καὶ
2396 5239 2535 5293 αὐτὰ
2561 5239 2654 5292 ἐπὶ
2677 5239 2768 5292 τὸν
2793 5239 2999 5292 δίκαιον
3027 5239 3303 5308 ἀνάγεται.

2210 5355 2356 5423 Στίχ.
2401 5359 2471 5424 μ’.
2519 5352 2817 5424 Δύναντος
2869 5350 2936 5403 δὲ
2979 5349 3086 5424 τοῦ
3127 5345 3598 5424 ἡλίου,πὰντε;ς

2280 5410 2444 5493 ε’ῗχον
2486 5410 2891 5488 ἀσθενοῦντας
2927 5410 3498 5488 νόσοιξποικίλαις,
3539 5410 3745 5478 ἤγαγον

610 5632 655 5664 ⁸⁹
695 5629 811 5687 Gal.
845 5646 918 5697 tv,
946 5628 1036 5683 27.
1113 5628 1158 5660 ⁸⁸
1188 5627 1320 5681 Luc.
1359 5639 1441 5689 ιιι,
1472 5621 1528 5676 9..
1604 5618 1644 5649 “
1681 5616 1822 5671 l'sal.
1850 5629 1935 5678 xc,
1967 5601 2031 5666 ⁴1.

2206 5611 2310 5668 bid.
2339 5609 2394 5663 7.

616 5752 727 5824 (ῖϐ)
759 5751 890 5805 Vide
925 5764 1084 5819 supra
1114 5748 1180 5801 ad
1221 5761 1338 5816 cap.
1379 5743 1441 5806 II,
1474 5740 1564 5805 5|,
1602 5753 1664 5792 ex
1701 5735 1822 5792 cod.
1849 5733 1941 5789 23.

2106 5733 2216 5805 (Τῖ)
2249 5730 2494 5801 Origenis
2512 5741 2565 5785 et
2586 5727 2831 5799 Gregorii
2849 5723 3131 5794 Theologi.
