3942 6318
206 358 299 414 533
1444 358 1735 417 SCHOLIA
1774 360 1839 415 IN
1880 360 2137 417 LUCAM.

265 480 493 559 (ιιῦτοὺς⁸
523 480 675 559 πρὸς
713 482 932 559 af)?er
954 480 1027 559 ΔὈ
1062 480 1131 559 ce
1167 480 1258 533 ἑνὶ
1304 479 1539 559 excidet?
1567 480 1752 535 αὐτῶν

1939 484 2172 559 eum._At
2202 484 2311 551 ipse
2340 485 2620 553 unicuique
2662 500 2839 538 eorum
2889 500 3075 538 manus
3128 481 3421 551 imponens,
3529 552 3536 559 _

262 549 362 613 τὰς
397 549 601 618 χεῖρας
632 551 875 614 ἐπιθεὶρ,
908 550 1309 618 ἐθεράπευσεν
1341 551 1582 615 αὐτούς.

262 640 392 710 Περὶ
423 640 634 710 δυσμὰς
658 641 713 693 δὲ
737 640 949 703 τούτους
977 641 1251 712 προσῆγον
1270 680 1285 704 ,
1320 641 1438 710 ἦτοι
1468 641 1585 710 μεθ’
1620 641 1758 711 ἡμέ-

201 747 310 801 ραν,
362 731 775 801 αἰσχυνόμενοι,
822 732 854 801 ἢ
900 732 1025 795 τοὺς
1049 733 1371 803 Φαρισαίους
1414 732 1757 802 φοϐούμενοι,

199 822 281 873 καὶ
305 822 411 891 (78)
445 824 574 894 περὶ
596 823 755 894 ἕτερα
789 824 1190 895 ἀσχολούμενοι,
1228 824 1423 894 ῆτάχα
1449 823 1759 893 νομίζοντες

198 913 380 977 ἐξεῖναι
418 914 744 985 θεραπεύειν
795 917 1072 987 Σαϐϐάτῳ.
1126 919 1537 989 Ἐπεσημήνατο
1579 918 1687 990 γὰρ
1731 920 1759 970 ὁ

196 1008 608 1080 εὐαγγελιστὴς,
650 1010 730 1062 ὅτι
786 1004 854 1079 ἦν
908 1009 1173 1063 διδάσκων
1244 1009 1438 1073 αὐτοὺς
1497 1010 1567 1062 ἐν
1612 1012 1758 1063 Σαϐ-

197 1098 358 1162 ϐάτῳ.
404 1099 509 1151 Διὰ
540 1098 700 1152 τοῦτο
729 1100 855 1171 περὶ
881 1099 1029 1152 δύσιν
1056 1099 1358 1170 ήλίουτοὺς
1393 1099 1576 1163 κακῶς
1605 1099 1755 1170 ἔχον-

192 1205 279 1250 τας
311 1190 648 1260 προσέφερον
683 1191 733 1242 oi
763 1191 1126 1260 προσήκοντες
1145 1207 1159 1218 ο
1183 1191 1211 1242 ὁ
1238 1190 1294 1242 δὲ
1334 1190 1525 1254 αὐτοὺς
1565 1190 1756 1262 ἐθερά-

193 1296 368 1335 πευσε.
396 1336 399 1337 ,

852 1375 1008 1430 ΚΕΦ.
1059 1374 1132 1430 Z'.

252 1461 402 1532 Στίχ.
442 1460 549 1516 κδ’.

254 1553 365 1624 (79)
409 1556 723 1628 Ἰστορικῶς
750 1556 807 1609 δέ
830 1569 843 1584 ·
874 1557 1026 1610 Μετὰ
1049 1557 1145 1629 τὴν
1173 1558 1473 1628 ἀποστολὴν
1496 1558 1588 1611 τοῦ
1614 1558 1755 1630 ὀρνι-

185 1642 314 1708 θίου,
348 1646 565 1716 πρῶτον
593 1648 661 1701 τὰ
694 1649 881 1719 ἱμάτια
906 1650 1165 1703 πλύνεται
1193 1651 1221 1702 ὁ
1244 1648 1611 1721 καθαρισθεὶς,
1637 1647 1754 1705 εἶτα

182 1738 360 1790 πᾶσαν
394 1740 554 1811 τρίχα
590 1741 839 1813 ξυρᾶται,
865 1744 957 1796 καὶ
992 1745 1082 1797 ἐπὶ
1103 1744 1308 1808 τούτοις
1342 1744 1555 1798 λούεται
1582 1745 1751 1811 ὕδατι,

3319 363 3422 416 554

1937 553 2155 605 curabat
2195 569 2299 605 eos.

1932 645 2085 699 Circa
2135 660 2389 698 occasum
2430 660 2557 699 vero
2602 647 2696 700 hos
2739 646 3094 710 adducebant,
3144 644 3258 698 sive
3304 654 3425 710 post

1868 736 2035 800 diem,
2078 737 2317 798 reveriti,
2339 746 2428 790 aut
2470 735 2774 790 Pharisaeos
2809 744 3131 800 metuentes,
3158 742 3251 789 aut
3280 735 3422 787 circa

1862 826 1966 879 alia
2006 828 2250 897 occupati
2299 828 2533 896 negotia,
2586 838 2684 881 aut
2733 828 2894 882 facile
2944 827 3043 880 rati
3094 842 3197 880 non
3259 827 3423 879 licere

1862 915 2099 971 Sabbato
2120 932 2330 971 curare.
2366 919 2708 972 lntlicavcrat
2744 918 2888 972 enim
2919 918 3270 985 evangelista,
3299 932 3423 970 eum

1860 1008 2107 1063 docuisse
2138 1008 2256 1063 illos
2278 1010 2331 1063 in
2350 1009 2580 1063 Sabbnto
2598 1011 2660 1064 ⁸³.
2692 1010 2981 1078 Propterea
3005 1008 3147 1062 circa
3174 1023 3423 1061 occasum

1858 1100 1991 1153 solis
2020 1115 2113 1155 eos
2137 1103 2227 1170 qui
2262 1103 2400 1156 male
2430 1104 2726 1168 habebant,
2755 1103 3100 1157 adducebant
3126 1100 3332 1167 attines,
3368 1107 3424 1153 et

1858 1189 1978 1244 illos
2010 1191 2124 1259 ipse
2151 1191 2383 1245 curavit.

2478 1372 2632 1427 CAP.
2688 1370 2796 1427 VII.

1930 1462 1995 1515 ν.
2032 1461 2123 1515 22.

1930 1551 2198 1609 llistorice
2220 1570 2393 1611 vero:
2428 1556 2721 1626 Postquam
2755 1555 2965 1612 avicula
2990 1555 3187 1610 emissa
3222 1552 3419 1617 fuerat,

1856 1644 2087 1712 primum
2120 1648 2443 1703 vestimenta
2489 1649 2636 1705 lavat
2679 1650 2768 1718 qui
2823 1648 3193 1719 puriﬁcaturr:
3226 1646 3420 1699 deinde

1859 1750 2050 1789 omnes
2076 1736 2213 1804 pilos
2241 1738 2378 1791 radit
2408 1758 2420 1791 :
2461 1742 2698 1808 posthth
2727 1740 2965 1795 abluitur
3004 1755 3165 1809 aqua,
3196 1737 3413 1792 tandem

180 1827 298 1897 μεθ’
339 1829 371 1882 ὃ
418 1833 737 1904 ἐπιφέρεται
778 1835 840 1887 τὸ
864 1874 878 1898 ,
928 1837 1197 1905 Καθαρὸς
1238 1838 1428 1891 ἔσται.
1467 1837 1564 1910 Εἴη
1609 1838 1651 1891 δ’
1689 1838 1752 1892 ἂν

1863 1825 2202 1897 subjungitur
2246 1829 2373 1883 illud
2411 1847 2426 1883 :
2453 1830 2686 1885 Mundus
2710 1833 2805 1885 erit
2840 1831 2909 1888 “.
2942 1829 3059 1885 Jam
3092 1831 3413 1886 vestimenta

174 1916 242 1971 τὰ
286 1920 487 1990 ἱμάτια
533 1918 774 1977 πολιτεία
820 1925 894 1996 μὴ
944 1926 1160 1990 πάντως
1212 1928 1396 1992 κακῶς
1448 1929 1752 2001 ὑφασμένη,

172 2012 298 2065 ἐπεὶ
354 2014 464 2068 κᾶν
507 2017 739 2069 ἀπέθετο
774 2018 963 2073 ταῦτα.
999 2020 1170 2089 Τρίχα
1197 2019 1254 2072 δὲ
1286 2019 1354 2072 τὰ
1394 2019 1756 2091 ὲξανθήσαντα

167 2103 347 2175 νεκρὰ
376 2108 448 2175 τῇ
478 2104 620 2176 ψυχῇ
672 2106 807 2177 (80),
859 2102 946 2171 αἶς
970 2108 1205 2162 ἐναντίαι
1244 2109 1450 2162 αἰτοῦσι
1484 2110 1753 2181 Σαμουὴλ,

160 2194 262 2247 καὶ
295 2196 417 2248 τῶν
449 2197 759 2268 Ναζιραίων
794 2200 885 2253 καὶ¹
925 2200 1103 2252 αὐτῶν
1140 2200 1393 2271 μαθητῶν
1439 2200 1753 2272 ἠριθμημέ-

161 2305 281 2340 ναι.
332 2288 464 2341 Τῶν
495 2290 601 2361 γὰρ
636 2290 947 2363 Ναζιραίων
991 2293 1207 2363 σίδηρος
1248 2294 1339 2347 ἐπὶ
1380 2294 1478 2365 τὴν
1516 2296 1754 2367 κεφαλὴν

157 2380 268 2432 οὐκ
326 2380 605 2435 ἀνέϐαινε.
681 2383 842 2437 Πάνθ’
886 2384 984 2441 ὅσα
1039 2383 1104 2437 ἂν
1156 2384 1380 2437 ποιῶσιν
1432 2386 1753 2456 εὐοδούμενα

164 2472 550 2542 πραττόντων,
583 2473 658 2536 ὠς
691 2474 821 2544 μηδὲ
856 2473 1029 2542 φύλλα
1056 2474 1235 2527 αὐτῶν
1266 2477 1753 2547 καρποφορούντων

168 2562 462 2633 ἀπορρεῖν.
504 2560 639 2630 Ἤδη
688 2561 744 2613 δὲ
784 2561 892 2614 ἀπὸ
927 2560 1018 2614 τοῦ
1063 2561 1310 2632 σώματος
1346 2560 1497 2615 ὕδατι
1530 2562 1621 2616 τὸν
1654 2580 1753 2632 μο-

171 2652 379 2722 λυσμὸν
420 2652 751 2715 ἀποτίθεται,
779 2651 872 2705 τοῦ
923 2652 1298 2723 βαπτίσματος
1339 2654 1396 2704 ὲν
1448 2653 1620 2722 τούτῳ
1667 2653 1753 2724 δη-

175 2739 458 2809 λουμένου.
502 2739 655 2793 Μετὰ
687 2740 743 2793 δὲ
772 2740 928 2793 τοῦτο
956 2742 1055 2811 τῆς
1090 2742 1188 2812 μὲν
1231 2741 1580 2813 παρεμϐολῆς
1607 2739 1752 2806 ἄξιος

177 2831 405 2899 γίνεται,
438 2834 518 2895 είς
544 2832 601 2884 δὲ
638 2832 728 2885 τὸν
761 2832 889 2884 ἴδιον
919 2827 1065 2884 οἷκον
1105 2833 1204 2885 οὑκ
1235 2832 1457 2885 εἴσεισιν
1486 2833 1590 2896 ἕως
1614 2837 1646 2905 ή
1658 2851 1753 2904 με-

182 2924 283 2994 ρῶν
311 2923 457 2976 ἑπτὰ
482 2963 497 2987 ,
535 2924 628 2977 καὶ
674 2924 768 2977 τοῦ
816 2925 976 2978 πάλιν
1011 2925 1331 2997 ξυρανθῆναι
1358 2925 1457 2996 τὴν
1490 2926 1747 2998 κεφαλήν.

176 3015 266 3068 Διὰ
306 3015 375 3069 τὰ
417 3016 529 3069 τῶν
553 3016 837 3086 δογμάτων
869 3017 1304 3088 κεραιωδέστερα
1353 3016 1488 3088 (81),
1529 3018 1625 3071 καὶ
1652 3020 1751 3090 τὴν

1857 1922 2166 1989 signiﬁcare
2221 1932 2445 1992 possunt
2499 1924 2626 1979 vitae
2685 1935 2924 1981 tenorem
3000 1925 3139 1979 haud
3195 1940 3418 1993 prorsus

1812 2012 1817 2019 ’
1856 2012 1997 2067 male
2038 2021 2375 2079 contextum,
2420 2015 2545 2082 quia
2571 2029 2762 2083 nempe
2793 2016 2883 2070 illa
2924 2015 3244 2084 deponebat.
3315 2014 3411 2069 Pili

1857 2104 2083 2160 innuere
2150 2117 2376 2176 possunt
2443 2106 2717 2161 mortifera
2793 2107 3039 2176 quaedam
3112 2107 3163 2159 in
3232 2107 3413 2160 anima

1857 2197 2285 2259 succrescentia,
2325 2196 2522 2263 quibus
2567 2196 2858 2249 contrariae
2874 2194 3144 2263 postulant
3172 2195 3414 2261 Samuel,

1856 2296 1910 2340 et
1941 2286 2328 2350 Naziraeorum,
2369 2288 2715 2357 ipsorumque
2763 2287 3148 2355 discipulorum
3176 2302 3407 2342 enume-

1856 2388 2004 2431 rataa.
2025 2378 2250 2431 Ferrum
2275 2392 2508 2447 namque
2530 2387 2689 2447 caput
2712 2376 3074 2433 Naziraeorum
3092 2393 3195 2433 non
3222 2393 3414 2433 ascen-

1854 2469 2032 2523 debat.
2088 2469 2431 2540 Quaecunque
2500 2474 2643 2525 enim
2704 2469 2909 2525 faciant
2948 2487 3201 2541 prospera
3260 2482 3419 2527 erunt

1854 2558 2201 2635 facientibus,
2237 2558 2373 2613 adeo
2403 2566 2461 2613 ut
2488 2574 2554 2613 ne
2578 2557 2814 2615 deﬂuant
2846 2560 2979 2629 ipsis
3023 2560 3152 2613 folia
3194 2560 3410 2629 quidem

1854 2651 2293 2718 producentibus.
2330 2648 2447 2704 Jam
2489 2666 2618 2706 vero
2651 2666 2682 2705 a
2720 2665 2947 2720 corpore
2982 2665 3121 2720 aqua
3170 2651 3416 2721 coinqui-

1855 2752 2165 2796 namentum
2220 2742 2486 2811 deponit:
2530 2742 2854 2813 baptismate
2899 2743 2955 2797 in
3002 2745 3103 2798 hoc
3152 2743 3412 2797 indicato.

1853 2832 2045 2889 Postea
2090 2849 2219 2888 vero
2260 2832 2456 2888 castris
2495 2835 2685 2904 dignus
2724 2833 2998 2888 habetur:
3038 2842 3093 2887 at
3138 2834 3409 2904 propriam

1852 2925 2067 2980 domum
2095 2942 2202 2981 non
2229 2928 2529 2998 ingreditur
2562 2935 2689 2980 ante
2724 2926 2838 2981 dies
2887 2935 3114 2996 septem,
3158 2937 3213 2979 et
3256 2935 3409 2979 ante-

1851 3029 2009 3083 quam
2034 3032 2222 3071 rursus
2242 3017 2526 3072 tondeatur
2540 3015 2737 3084 capite.
2758 3014 2864 3069 Per
2886 3016 3192 3085 dogmatum
3210 3030 3409 3085 oppor-

176 3104 369 3173 γνῶσιν
411 3105 736 3170 ἀποθέσθαι,
778 3105 848 3160 τὰ
875 3107 978 3160 τοῦ.
1000 3106 1193 3178 ἀνδρὸς
1228 3108 1599 3179 ἁμαρτήματα
1619 3126 1633 3139 ·
1663 3109 1750 3163 διὰ

1863 3107 2138 3161 tunitatem
2173 3118 2227 3162 et
2254 3108 2641 3177 depositionem
2672 3106 2931 3169 scientia},
2964 3106 3199 3161 hominis
3229 3122 3412 3176 pecca-

176 3195 225 3247 δὲ
249 3195 357 3248 τῶν
384 3196 632 3267 ὀφρύων,
668 3198 884 3250 ἅπασαν
911 3197 1106 3269 οἴησιν.

234 3371 341 3450 (82)
374 3372 491 3425 Διὰ
522 3373 573 3426 τί
602 3373 657 3427 δὲ
689 3372 783 3427 τοῦ
804 3373 1002 3446 λεπροῦ
1032 3375 1339 3429 ἀκάλυπτον
1366 3370 1504 3429 εἶναι
1531 3374 1630 3446 τὴν
1657 3391 1751 3428 κε-

175 3463 363 3535 φαλήν;
395 3465 529 3517 Ἵνα
555 3464 827 3536 γνώριμος
862 3460 917 3539 ᾗ,
945 3466 1039 3519 καὶ
1068 3467 1141 3536 μὴ
1177 3466 1625 3535 μεταλαγχάνωσι
1651 3465 1752 3534 τῆς

177 3557 515 3629 ἀκαθαρσίας
562 3560 611 3611 οἱ
652 3556 945 3621 πλάζοντες
992 3556 1126 3629 (85).
1162 3558 1234 3610 Τὸ
1271 3557 1328 3610 δὲ
1377 3558 1550 3627 στόμα
1580 3573 1748 3610 κεκα-

179 3647 361 3718 λύφθαι
382 3650 562 3720 δηλοῖ,
588 3652 667 3703 ὅτι
691 3649 795 3721 χρὴ
823 3650 1015 3703 ἑαυτὸν
1045 3648 1429 3713 καταδικάζειν
1456 3651 1523 3719 τῇ
1548 3650 1746 3719 σιωπῇ,

187 3741 362 3811 μέχρις
391 3740 463 3794 ἂν
504 3741 851 3812 ὑποστρέψας
890 3740 1218 3812 καθαρισθῇ.

242 3919 392 3973 Κατὰ
435 3919 497 3971 δέ
527 3937 677 3982 τινας
704 3919 883 3981 πάλιν,
916 3916 1004 3971 τὸν
1039 3917 1127 3970 ὁλὸ
1155 3915 1270 3986 (84)
1312 3914 1509 3993 λεπρὸν
1552 3914 1749 3984 ὀνομά-

187 4025 289 4076 σας,
323 4011 643 4083 καθαρίζει·
680 4012 911 4073 δεικνὺς,
948 4010 1021 4073 ὡς
1060 4011 1087 4061 ὁ
1122 4009 1253 4071 Θεὸς
1284 4008 1342 4060 τὸ
1383 4007 1625 4060 ποικίλον
1656 4023 1745 4076 μι-

1779 3174 1821 3230 C
1864 3206 1914 3249 ta
1937 3214 1951 3249 :
1977 3213 2073 3267 per
2102 3174 2384 3268 supercilia
2410 3212 2561 3259 vero.
2588 3211 2802 3253 omnem
2822 3196 2904 3251 sui
2928 3197 3404 3261 existimationem,

1851 3286 2066 3340 innuere
2086 3290 2269 3355 possit.

1922 3376 2121 3444 thuid
2149 3393 2277 3431 vero
2309 3377 2499 3445 leprosi
2543 3383 2705 3444 caput
2737 3383 2980 3444 apertum
3037 3389 3158 3433 esse
3187 3386 3406 3444 oporte-

1851 3469 1984 3524 bat?
2013 3469 2084 3524 Ut
2113 3470 2492 3533 innotesceret,
2529 3476 2586 3522 et
2614 3466 2805 3535 reliqui
2836 3465 3126 3535 participes
3159 3481 3262 3519 non
3312 3468 3407 3519 tie-

1853 3570 1973 3616 rent
2000 3562 2354 3632 impuritatis,
2388 3560 2479 3628 qui
2526 3559 2594 3614 ad
2631 3573 2753 3612 eum
2794 3568 3000 3612 temere
3029 3558 3407 3611 accessissent.

1850 3653 2001 3721 Quod
2030 3662 2205 3706 autem
2237 3668 2298 3707 os
2325 3651 2682 3706 obvelandum
2714 3649 2920 3715 fuerit,
2960 3649 3230 3714 declarat,
3265 3652 3407 3717 quod

1849 3754 2101 3815 oporteat
2159 3746 2395 3814 seipsum
2447 3744 2708 3797 damnare
2758 3742 2997 3806 silentio,
3058 3741 3411 3811 quoadusque

1849 3849 2151 3889 conversus
2191 3832 2508 3902 puriﬁcetur
2537 3832 2677 3901 quis.

1914 3925 2075 3980 Juxta
2104 3926 2237 3981 alios
2268 3940 2475 3989 rursus,
2519 3939 2679 3993 quem
2725 3932 2897 3979 totum
2929 3923 3196 3993 leprosum
3233 3925 3408 3979 nomi-

1846 4026 2097 4082 naverat,
2126 4017 2381 4083 mundat;
2412 4017 2725 4082 ostendens,
2757 4015 2897 4085 quod
2926 4016 3137 4069 varium
3182 4016 3252 4070 sit
3299 4016 3409 4070 Deo

188 4106 273 4156 σιῖ.
304 4104 651 4175 Σαφέστερον
689 4104 746 4157 δὲ
783 4102 985 4174 προῖὼν
1016 4100 1171 4154 τοῦτο
1204 4098 1351 4170 δηλοῖ
1380 4100 1436 4151 ὲν
1475 4099 1552 4169 τῷ
1574 4116 1586 4128 ·
1638 4097 1747 4151 Τὸν

1863 4111 1968 4166 >άίο
1995 4123 2133 4166 esse.
2191 4108 2535 4163 Manifestius
2561 4118 2739 4162 autem
2768 4107 3049 4177 aliquanto
3095 4107 3230 4160 infra
3264 4108 3403 4161 istud

185 4193 496 4262 ἀμπελῶνά
555 4212 670 4249 σου
725 4198 796 4250 οὐ
843 4192 1236 4260 κατασπερεῷ
1296 4189 1567 4260 διάφορα.
1632 4191 1739 4243 Καὶ

1863 4204 2102 4267 leclarat,
2133 4202 2410 4272 inquiens:
2448 4199 2661 4255 Vineam
2685 4211 2833 4254 tuam
2862 4216 2961 4253 non
2988 4200 3267 4254 semiuabis
3299 4202 3406 4253 alia

185 4282 391 4350 ἱμάτιον
424 4286 499 4338 ἐκ
525 4284 633 4339 δύο
661 4285 1032 4355 ὑφασμένον.
1065 4286 1173 4339 Καὶ
1205 4283 1276 4337 τὰ
1305 4282 1491 4351 κτήνη
1526 4298 1642 4336 σου
1670 4285 1741 4335 οὺ

1863 4304 1995 4364 Itque
2024 4293 2133 4347 alia
2177 4295 2362 4360 specie.
2406 4289 2474 4344 Et
2521 4300 2708 4345 vestem
2748 4307 2813 4344 ea:
2843 4290 3045 4343 duobus
3079 4300 3292 4345 textam.
3336 4290 3404 4344 Et

188 4378 624 4445 κατοχετεύσεις
650 4376 981 4447 ἐτεροζὺγῳ.
1012 4374 1293 4446 Πανταχοῦ
1323 4375 1601 4446 προτιμῶν
1634 4374 1729 4446 τὴν

1863 4385 2082 4438 iumenta
2108 4395 2199 4437 tua
2223 4400 2323 4438 non
2353 4383 2511 4452 facies
2539 4382 2679 4435 coire
2725 4398 2841 4435 cum
2868 4385 3082 4439 alterius
3116 4384 3303 4449 speciei
3338 4382 3404 4436 ⁸⁸.

187 4467 465 4540 ἁπλότητα,
503 4471 625 4541 ἣτις
652 4472 709 4523 ἐν
741 4468 819 4540 τῷ
845 4468 1119 4539 ὁλολέπρῳ
1154 4467 1452 4538 θεωρεῖται.

188 4729 316 4803 Στίχ.
358 4744 457 4800 ις’.
496 4735 707 4800 Οὐδεὶς
751 4736 982 4804 λύχνον
1019 4733 1511 4804 ἅψαςίκαλύπτει
1548 4730 1735 4804 αὐτὸν

248 4801 467 4869 σκεύει,
504 4805 543 4873 ἣ
586 4801 867 4859 ὑποκάτω
906 4805 1118 4869 κλίνης
1150 4803 1405 4869 τίθησιν,
1447 4801 1587 4873 ἀλλ’
1634 4801 1733 4873 ἐπί

246 4869 538 4954 λυχνίας(
564 4876 665 4929 ἵνα
715 4878 768 4928 οὶ
816 4874 1297 4942 εἰσπορευόμενοι
1342 4870 1616 4936 βλέπωσι
1669 4869 1735 4923 τὸ

191 5033 319 5105 Στίχ.
358 5037 444 5100 ιζ’.
476 5038 559 5090 Οὐ

249 5100 556 5174 Ίλὲνήσεται
576 5123 588 5133 ·
619 5100 771 5158 ὀὐδὲ
804 5100 1171 5171 ἀπόκρυφον,
1215 5103 1245 5157 ὃ
1274 5104 1346 5156 οὐ
1390 5100 1731 5171 γνωσθήσε-

251 5193 355 5240 ται,
382 5178 483 5231 καὶ
518 5180 605 5242 εὶς
632 5174 892 5244 φανερὸν
922 5175 1089 5243 ἔλθῃ.

193 5264 321 5337 Στίχ.
353 5276 438 5339 ιη’.
481 5267 741 5322 Βλέπετε
774 5262 887 5321 οὖν
925 5265 1048 5332 πῶς
1092 5265 1356 5319 ἀκούετε.
1397 5266 1494 5329 Ὃς
1522 5262 1629 5331 γὰρ
1661 5261 1736 5315 ἂν

252 5428 293 5459 ⁸³
320 5427 445 5484 Luc.
468 5445 538 5494 Iv,
572 5428 657 5495 16,
688 5427 776 5484 3|.
854 5381 1100 5480 “‘Levit.
1130 5440 1233 5480 xu.
1314 5425 1357 5456 °‘
1390 5423 1562 5479 Levit.
1596 5436 1709 5487 xu,
1750 5418 1835 5474 19.

248 5542 352 5610 (78)
382 5543 609 5600 Omnino
638 5547 851 5602 videtur
871 5547 1057 5602 deesse
1088 5546 1171 5600 οὐ.

248 5614 349 5684 (ἷ9)
379 5615 432 5669 lu
468 5621 586 5669 cod.
618 5631 740 5684 pag.
769 5617 857 5671 M.

250 5683 351 5752 (80)
388 5686 557 5739 Locus
586 5683 821 5741 vitiatus.

259 5754 361 5827 (81)
389 5754 497 5811 Vox
526 5756 734 5810 vitiata.

1854 4474 2063 4542 Ubique
2125 4474 2418 4549 praeferens
2470 4472 2872 4542 simplicitatem
2909 4515 2925 4537 ,
3010 4490 3128 4543 qua:
3178 4476 3229 4528 iu
3264 4484 3407 4541 ,tom

1845 4569 2053 4638 leproso
2092 4568 2388 4637 censpicitu
2398 4583 2442 4621 r.

2565 4662 2581 4690 )

2565 4662 2581 4690 )

1849 4727 1909 4781 ν.
1956 4729 2042 4786 16,
2078 4726 2271 4781 Nullus
2307 4730 2396 4792 qui
2423 4657 2976 4789 [Ecéluaixllzi‘ceudiu
3002 4729 3232 4793 occultat
3256 4729 3400 4781 illam

1916 4814 2051 4863 vase,
2097 4799 2168 4851 vel
2206 4798 2348 4865 infra
2380 4798 2566 4849 lectum
2598 4798 2776 4864 ponit,
2827 4800 2916 4850 sed
2965 4800 3120 4851 suuer
3156 4798 3405 4851 candela-

1916 4871 2028 4933 bro,
2054 4879 2108 4921 ut
2131 4868 2478 4936 ingredientes
2502 4868 2706 4920 uideant
2733 4865 2951 4921 lumen.‘

610 5035 720 5104 γάρ
760 5037 891 5088 ἐστι
933 5034 1236 5104 κρυπτὸν,
1275 5033 1306 5085 ὃ
1351 5033 1422 5084 οὺ
1472 5028 1734 5104 φανερὸν

1863 5025 1907 5079 ι.
1956 5026 2037 5079 17.
2099 5025 2219 5078 Non
2250 5034 2323 5077 est
2350 5025 2485 5077 enim
2517 5022 2778 5104 occultum
2804 5063 2819 5085 ,
2848 5021 2986 5091 quod
3030 5038 3129 5074 non
3169 5024 3406 5090 manife—

1912 5106 2049 5149 stum
2084 5096 2169 5161 ﬁet
2206 5110 2411 5162 :neque
2451 5096 2699 5159 celatum,
2730 5098 2866 5163 quod
2909 5110 3009 5144 non
3040 5104 3401 5160 cognoscatur,

1913 5177 1961 5220 et
1994 5168 2045 5217 in
2074 5166 2409 5233 manifestum
2439 5166 2629 5217 veniat.

1847 5257 1913 5313 ν.
1965 5258 2050 5313 18.
2100 5258 2366 5311 Attendite
2398 5257 2562 5327 igitur
2601 5254 3115 5326 quomodojaudttis.
3164 5254 3402 5320 Quicun-

1925 5536 2013 5600 82)
2042 5533 2366 5589 Theodoret.
2392 5541 2446 5585 et
2474 5530 2693 5599 Origcn.

1925 5538 2013 5600 82)
2042 5538 2366 5589 Theodoret.
2392 5541 2446 5585 et
2474 5538 2693 5599 Urigcn.

1901 5538 2202 5678 l83)Forle
2231 5601 2715 5675 προσπελάζοντες,
2782 5609 2874 5654 aut
2918 5599 3259 5665 πελάζοντες,
3317 5604 3399 5653 vel

1839 5674 2247 5749 πλήσιάςοντες.

1908 5739 2018 5819 (84)
2051 5747 2209 5802 Forte
2238 5742 2548 5813 ὁλόλεπρον,
2571 5749 2627 5795 ut
2660 5739 2823 5795 infra.
