3942 6318
515 328 621 386 ὅῖῦ

1403 325 1960 384 SUPPLEMENTUM
1993 322 2087 382 AD
2123 323 2446 384 ORIGENIS
2482 321 2903 383 EXEGETlCA.
3627 337 3717 391 556

577 461 678 517 que
725 444 864 499 enim
915 444 1103 517 habet,
1149 445 1359 498 dabitur
1398 446 1499 498 ei:
1532 455 1578 517 et
1624 445 1922 512 quicunque
1976 462 2076 500 non

2247 445 2382 517 ξχῃ,
2399 441 2729 517 δοθήσεται
2752 441 2911 517 αύτῷ
2929 459 2944 472 ⁸
2987 442 3086 517 καὶ
3107 439 3401 517 jecur-put.
3424 441 3548 513 ἔχῃ,
3579 449 3667 502 καὶ
3695 449 3721 504 ὃ

578 515 752 581 habet,
771 527 818 568 et
849 515 989 584 quod
1015 517 1221 569 videtur
1247 517 1452 577 habere,
1480 515 1696 568 tolletur
1717 519 1780 568 ab
1802 518 1936 584 ipso.

579 607 680 675 Qui
715 619 895 662 tamen
923 608 1038 662 vult
1071 610 1346 661 lucernam
1371 609 1632 677 adaptare
1671 608 2083 677 perfectissimis

509 701 900 771 discipulorum
946 701 1095 766 Jesu,
1147 690 1405 770 percellet
1459 716 1558 754 nos
1603 715 1673 755 ex
1725 700 1792 756 iis
1845 703 2083 770 quae~de

507 792 718 849 Joanne
743 795 885 848 dicta
916 800 1046 848 sunt
1084 809 1099 847 :
1131 792 1255 860 quia
1285 791 1376 845 ille
1403 801 1519 846 erat
1551 795 1766 846 lucerna
1800 794 1992 846 ardens
2031 801 2082 847 et

509 886 816 940 illuminans
860 885 925 938 “.
957 884 1064 940 Sed
1099 893 1152 938 et
1179 883 1398 937 lucerna
1425 884 1684 951 corporis,
1711 894 1785 937 est
1809 883 1990 937 oculus
2013 883 2081 946 ⁸⁷,

513 977 715 1032 relatus
745 978 810 1030 ad
846 985 1080 1031 mentem
1127 974 1414 1042 cujusque.
1469 974 1615 1041 Quin
1665 985 1720 1029 et
1758 975 1884 1029 illud
1917 993 1930 1029 :
1965 973 2083 1029 Sint

510 1078 694 1123 νεεινιε
726 1069 953 1122 lucerna:
1002 1068 1244 1122 ardentes
1269 1067 1313 1098 ⁸⁸
1377 1067 1443 1121 ad
1495 1082 1685 1121 onmes
1747 1068 1952 1122 dictum
2000 1075 2084 1122 est

512 1156 807 1226 discipulos
867 1157 1019 1213 Jesu.
1066 1155 1183 1210 Non
1218 1157 1376 1211 debtt
1436 1156 1598 1226 igitur
1659 1157 1748 1226 qui
1807 1158 2082 1212 lucernam

509 1251 785 1315 accendit,
819 1251 872 1304 in
909 1251 1090 1306 anima
1144 1249 1397 1303 rationali
1456 1249 1729 1303 occultare
1780 1249 1946 1314 illam,
1989 1251 2083 1306 sed

511 1345 956 1414 superimponere
978 1341 1340 1396 candelabro:
1363 1341 1521 1411 cujus
1545 1342 1843 1414 symbolum
1876 1342 2083 1415 Moyses

510 1436 753 1508 reposuit
788 1436 842 1490 in
893 1434 1243 1490 tabernaculo
1290 1435 1604 1489 testimonii.
1651 1434 1826 1490 Modio
1863 1437 2081 1504 quidem

510 1527 783 1582 frumenta
851 1533 1164 1580 mensurata
1225 1525 1498 1593 accipiant
1554 1539 1583 1578 a
1631 1539 1790 1579 servo
1838 1525 1998 1580 fidele
2030 1535 2086 1580 et

511 1619 799 1689 prudente,
863 1617 1236 1671 conservizat
1284 1617 1504 1669 videant
1557 1615 1796 1684 fulgores
1848 1616 2083 1672 lucernae

513 1705 782 1774 impositae
809 1705 1156 1768 candelabro,
1182 1704 1232 1757 id
1266 1716 1348 1758 est
1385 1705 1638 1760 Ecclesiae
1681 1707 1943 1760 omnium.
1974 1709 2080 1762 Sed

2255 514 2422 568 δοκεῖ
2439 516 2624 583 ἔχειν,
2669 513 2991 582 ἀρθήσεται
3013 515 3116 567 ἀπ’
3145 515 3350 569 αὐτοῦ.

2256 606 2325 658 Ὀ
2352 621 2416 674 γε
2448 606 2554 677 μὴν
2593 604 2914 676 βουλόμενος
2943 605 3032 658 τὸν
3063 605 3256 676 λύχνον
3288 607 3600 679 ἐφαρμόζειν
3630 614 3727 674 τοῖς

2185 695 2519 760 πλειοτάτοις
2569 697 2677 749 τῶν
2741 697 2996 767 μαθητῶν
3053 697 3148 751 τοῦ
3228 699 3400 768 Ἰησοῦ
3451 700 3730 772 δυσωπήσει

2186 787 2334 857 ἡμᾶς
2370 786 2478 839 ἀπὸ
2499 787 2608 841 τῶν
2637 787 2766 858 περὶ
2810 788 3054 842 Ἰωάννου
3083 789 3407 860 εἰρημένων·
3444 792 3568 843 Ὀτι
3595 791 3730 846 ἐκεῖ-

2182 894 2290 943 νος
2327 874 2407 948 ἦν
2431 882 2463 932 ὁ
2492 879 2744 947 λύχνος,
2770 882 2804 933 ό
2828 881 3140 950 καιόμενος
3163 881 3264 934 καὶ
3289 882 3533 949 φαίνων.
3581 884 3736 940 Ἀλλὰ

2199 971 2234 1024 ό
2264 973 2495 1041 λύχνος
2535 974 2642 1027 τοῦ
2682 975 2958 1043 σώματός
2982 974 3154 1028 ἐστιν
3185 977 3218 1028 ό
3265 974 3585 1044 ὀφθαλμός,
3617 979 3734 1031 ἀνα-

2184 1065 2485 1136 φερόμενος
2515 1066 2608 1119 ὲπὶ
2647 1067 2740 1120 τὸν
2781 1069 2840 1120 ἐν
2885 1067 3101 1139 ἑκάστῳ
3145 1069 3288 1122 νοῦν.
3345 1068 3503 1122 Ἀλλὰ
3533 1072 3620 1123 καί
3653 1073 3735 1125 τό·

2188 1158 2508 1210 Ἔστωσαν
2536 1157 2701 1227 ὑμῶν
2731 1163 2784 1213 οἱ
2814 1160 3031 1228 λύχνοι
3076 1163 3405 1228 καιόμενοι,
3445 1160 3575 1232 πρὸς
3614 1163 3736 1215 πάν-

2181 1264 2279 1311 τας
2321 1249 2533 1320 εἵρηται
2561 1249 2688 1312 τοὺς
2718 1249 2966 1322 μαθητὰς
2995 1250 3088 1304 τοῦ
3133 1251 3333 1322 Ἰησοῦ.
3369 1253 3442 1304 Ob
3473 1252 3551 1304 δεῖ
3581 1254 3739 1307 τοίνυν

2182 1335 2274 1388 τὸν
2309 1335 2520 1406 suam
2561 1335 2753 1408 λύχνον
2782 1339 2839 1392 ἐν
2873 1339 3020 1411 ψυχῇ
3055 1338 3248 1411 λογικῇ
3285 1340 3546 1411 κρύπτειν
3575 1344 3737 1408 αὑτὸν,

2187 1426 2299 1480 ἀλλ’
2327 1429 2622 1483 ἐπιτιθέναι
2650 1429 2841 1503 λυχνίᾳ
2865 1449 2878 1462 '
2907 1428 2974 1504 ἦς
2997 1431 3266 1502 σύμϐολον
3296 1434 3501 1505 Μωσῆς
3531 1435 3741 1492 ἀπέθετο

2185 1519 2242 1571 ἐν
2272 1522 2337 1591 τῇ
2372 1523 2542 1591 σκηνῇ
2601 1523 2920 1594 μαρτυρίου.
2953 1523 3141 1595 Μοδίῳ
3177 1525 3277 1595 μὲν
3306 1524 3415 1603 γαρ
3446 1531 3741 1600 σιτομετρή-

2185 1608 2400 1664 σΘωσαν
2429 1612 2533 1664 ὑπὸ
2560 1611 2654 1664 τοῦ
2687 1613 2877 1666 πιστοῦ
2905 1615 2998 1667 καὶ
3015 1615 3279 1686 φρονίμου
3313 1616 3522 1668 οἰκέτου
3555 1619 3600 1670 οἱ
3632 1617 3741 1672 σύν-

2183 1702 2392 1756 δουλοιο
2429 1702 2776 1774 βλεπέτωσαν
2818 1705 2874 1759 δὲ
2906 1705 3006 1770 τὰς
3054 1706 3231 1776 αὐγὰς
3269 1705 3367 1760 τοῦ
3400 1707 3591 1778 λύχνου
3632 1711 3740 1763 ἐπι-

512 1813 677 1867 neque
695 1797 789 1851 sub
810 1797 939 1852 lecto
967 1809 1164 1866 ponunt
1195 1797 1484 1862 lucernam,
1503 1799 1593 1852 ubi
1619 1799 1740 1866 quis
1775 1799 2083 1868 requiescit,

2187 1793 2436 1864 κειμένου
2480 1798 2547 1867 τῇ
2597 1794 2818 1868 λυχνίᾳ,
2862 1798 3029 1869 ἤγουν
3067 1801 3134 1869 τῇ
3184 1797 3483 1870 Ἐκκλησία
3525 1799 3739 1857 πάντων.

512 1904 612 1944 nec
634 1889 824 1944 subtus
852 1887 959 1943 alio
991 1889 1246 1959 quopiam
1280 1904 1428 1944 vase.
1459 1889 1560 1956 Qui
1588 1891 1730 1944 enim
1767 1891 1907 1945 istud
1932 1890 2081 1958 facit,

513 1995 620 2036 non
661 1980 892 2036 consulit
919 1981 1348 2047 ingredientibus
1377 1983 1597 2037 domum
1627 2001 1640 2036 :
1668 1983 1862 2051 quibus
1887 1983 2084 2038 debent

513 2089 714 2144 ponere
743 2073 1019 2128 lucernam
1055 2075 1369 2144 quicunque
1410 2076 1588 2130 veraci
1649 2075 1850 2130 lumine
1884 2085 1939 2130 et
1975 2075 2082 2130 ful-

514 2175 673 2236 gente
689 2165 920 2234 ratione,
952 2177 1006 2222 et
1035 2167 1202 2222 radiis
1228 2167 1506 2236 sapientiae
1537 2168 1589 2221 in
1621 2168 1813 2236 seipsis
1849 2178 2080 2222 mentem

512 2273 667 2314 suam
701 2259 1021 2325 accendunt,
1053 2273 1118 2314 ea
1150 2268 1342 2313 natura
1377 2269 1767 2327 comparatam,
1796 2274 1899 2328 qua
1935 2259 2080 2313 illam

511 2348 757 2402 condidit
792 2349 976 2418 opifex
1003 2363 1185 2404 rerum
1214 2391 1228 2414 ,
1265 2349 1501 2402 lucernae
1532 2350 1750 2416 inquam
1788 2349 2082 2417 indigentis

514 2438 718 2495 habere
752 2439 804 2492 in
847 2438 1025 2492 anima
1061 2446 1298 2493 mentem
1353 2439 1421 2492 de
1476 2439 1541 2492 iis
1585 2451 1704 2506 quae
1752 2438 2081 2494 consulendo

513 2538 640 2584 sunt
687 2527 1210 2598 perspicacissimam
1242 2566 1259 2592 ,
1326 2539 1382 2582 et
1430 2529 1746 2597 participem
1801 2529 1919 2597 ejus
1990 2533 2080 2600 qui

509 2621 702 2677 dixit:
738 2617 850 2690 Ego
906 2620 1080 2675 lumen
1109 2621 1164 2674 in
1195 2621 1450 2674 mundum
1500 2621 1618 2674 veni
1669 2622 1735 2675 ⁸ο.
1778 2620 1878 2688 Qui
1936 2623 2081 2677 enim

508 2711 817 2767 accendunt
844 2711 1124 2766 lucernam
1158 2721 1212 2765 et
1235 2720 1446 2780 ponunt
1470 2725 1633 2781 supra
1661 2713 2078 2776 candelabrum,

512 2812 574 2857 ut
605 2801 810 2873 fulgeat
842 2803 1096 2858 omnibus
1140 2803 1232 2872 qui
1284 2812 1413 2857 sunt
1443 2803 1498 2857 in
1531 2804 1694 2858 domo
1719 2844 1733 2866 ,
1767 2804 2084 2859 excitabunt

511 2904 570 2949 et
595 2909 689 2949 eos
711 2894 803 2964 qui
833 2895 885 2949 in
915 2894 1075 2948 domo
1106 2896 1284 2949 vident
1335 2896 1568 2949 lucerna:
1601 2895 1940 2965 splendorem
1966 2935 1981 2961 ,
2025 2907 2082 2951 ut

510 2998 569 3042 et
609 2987 707 3057 ipsi
733 3002 888 3042 suum
915 2986 1302 3042 candelabrum
1334 2989 1654 3043 accendant.

516 3164 586 3220 Ἴ.
625 3166 715 3223 38.
759 3167 973 3221 Dimisit
1004 3175 1177 3220 autem
1227 3167 1380 3221 illum
1408 3168 1585 3236 Iesus,
1628 3171 1851 3226 dicens:

519 3236 712 3310 νηδυ.
758 3237 890 3310 Redi
905 3241 984 3310 _in
1026 3239 1238 3310 domum
1281 3249 1450 3310 tuam,
1483 3249 1532 3292 et
1567 3259 1725 3295 narra
1757 3259 2080 3310 quacunque

581 3308 703 3376 fecit
747 3309 840 3361 tibi
889 3306 1052 3361 Deus.
1101 3305 1165 3360 Et
1223 3308 1390 3372 abiit,
1466 3326 1557 3375 per
1606 3305 1776 3365 totam?
1819 3305 2081 3369 civitatem

586 3377 863 3448 divulgans
893 3394 1214 3448 quwcunque
1237 3377 1357 3446 fecit
1388 3379 1468 3432 illi
1497 3381 1673 3434 Jesus.

583 3536 747 3592 Mittit
773 3551 896 3593 eum
931 3536 1170 3591 domum.
1202 3536 1315 3592 Non
1352 3539 1498 3593 enim
1533 3549 1734 3594 tantam
1769 3556 2080 3596 mensuram

513 3630 750 3685 habebat
777 3631 860 3684 vir
893 3628 1000 3692 ille,
1030 3639 1088 3685 ut
1129 3629 1350 3686 indutus
1377 3631 1653 3687 conferret
1694 3649 1755 3688 se
1789 3635 1856 3688 ad
1892 3637 2086 3690 seden-

514 3724 639 3777 dum
673 3723 738 3776 ad
780 3723 943 3792 pedes
974 3720 1124 3776 Jesn.
1184 3723 1250 3777 Et
1297 3726 1422 3778 dum
1459 3740 1582 3780 cum
1618 3727 1708 3781 illo
1761 3740 1923 3794 esset,
1977 3745 2084 3786 non

514 3815 852 3885 capientibus
899 3815 987 3883 qui
1041 3831 1108 3868 ex
1160 3814 1580 3884 circumjacente
1634 3821 1856 3889 regione
1903 3833 2082 3888 erant,

513 3908 800 3961 adventum
834 3904 982 3966 Jesu.
1016 3905 1182 3959 nihilo
1216 3915 1392 3960 tamen
1440 3908 1622 3963 minus
1663 3911 1896 3979 providit
1921 3912 2082 3966 saluti

513 4013 701 4052 eorum
730 3997 820 4065 qui
854 3996 925 4050 ibi
977 3996 1119 4050 istud
1168 4005 1438 4064 poterant,
1484 3999 1767 4056 dimittens
1821 4017 1941 4055 eum
1993 4006 2081 4069 qui

513 4090 649 4145 satis
675 4090 742 4143 ad
779 4089 942 4158 pedes
975 4089 1273 4149 assederat,
1317 4097 1376 4143 ut
1411 4094 1635 4145 doceret
1665 4107 1784 4160 quae
1808 4093 1911 4147 sibi
1944 4093 2087 4148 fece-

514 4193 600 4237 rat
642 4183 800 4238 Deus.
849 4181 1077 4236 Fuerint
1117 4196 1247 4236 vero
1270 4181 1488 4251 quidam
1543 4183 1700 4236 isﬁus
1730 4184 2006 4238 auditores
2032 4196 2085 4238 et

512 4274 787 4345 discipuli,
823 4275 978 4343 plura
1017 4272 1236 4342 quidem
1285 4287 1390 4326 non
1439 4273 1823 4344 distinguentis
1856 4290 1922 4328 ex
1955 4291 2086 4342 pan-

511 4369 626 4431 cis,
674 4374 730 4421 et
759 4381 877 4434 quae
910 4363 1101 4419 didicit
1134 4363 1498 4434 praedicantis.
1557 4366 1626 4419 At
1673 4363 1878 4419 referre
1910 4366 2085 4434 possis

2201 1885 2337 1938 Ἀλλ’
2373 1886 2516 1941 οὐδὲ
2546 1886 2665 1942 ὑπὸ
2693 1887 2809 1957 τὴν
2840 1889 3061 1958 κλίνην
3097 1890 3330 1945 τιθέασι
3364 1889 3472 1944 τὸν
3508 1893 3738 1960 λύχνον,

2187 1973 2316 2028 ἔνθα
2340 1992 2426 2039 τις
2451 1977 2812 2044 ἀναπαύεται,
2845 1978 2965 2033 οὐδὲ
2993 1978 3154 2033 ἄλλου
3190 1980 3342 2044 τινὸς
3372 1979 3594 2045 σκεύους
3624 1983 3741 2035 ὑπο-

2188 2067 2354 2120 κάτω.
2386 2067 2556 2123 Τοῦτο
2581 2069 2690 2142 γὰρ
2713 2073 2742 2124 ὁ
2771 2070 2940 2126 ποιῶν
2978 2073 3039 2124 οὐ
3080 2077 3391 2144 προνοεῖται
3433 2077 3543 2138 τοῖς
3581 2075 3743 2129 εἰσπο-

2192 2155 2498 2226 ρευομένοις
2521 2159 2600 2221 εἰς
2626 2158 2725 2228 τὴν
2752 2158 2930 2212 οἰκίαν
2950 2177 2963 2189 ο
2996 2155 3077 2223 οἷς
3106 2161 3187 2213 δεῖ
3219 2161 3429 2215 τιθέναι
3457 2163 3546 2216 τὸν
3574 2162 3741 2235 λύχνον

2185 2248 2234 2299 οἰ
2267 2245 2346 2317 τῷ
2376 2246 2610 2318 ἀληθινῷ
2636 2251 2774 2317 φωτὶ
2810 2251 2904 2304 καὶ
2933 2251 3078 2322 λόγῳ
3107 2253 3185 2323 τῷ
3222 2253 3482 2326 λαμπρῷ,
3519 2255 3608 2309 καί
3637 2260 3742 2320 ταῖς

2187 2337 2369 2391 ἀκτῖσι
2406 2338 2507 2411 τῆς
2549 2340 2740 2410 σοφίας
2783 2342 3113 2407 ἀνάπτοντες
3154 2344 3248 2399 τὸν
3285 2347 3344 2398 ὲν
3390 2346 3568 2411 αὐτοῖς
3609 2347 3737 2412 νοῦν,

2188 2429 2348 2498 φύσιν
2377 2429 2568 2501 ἔχοντα
2618 2431 2742 2485 καθ’
2785 2435 2850 2504 ἣν
2893 2435 3304 2490 κατεσκεύασεν
3350 2437 3512 2491 αὐτὸν
3541 2440 3568 2490 ὁ
3599 2437 3741 2509 δημι-

2186 2523 2400 2593 ουργὸς,
2431 2522 2622 2593 λύχνου
2661 2524 2911 2594 δεομένου
2953 2527 3052 2598 τῆς
3104 2529 3216 2581 ἀπὸ
3279 2529 3388 2582 τῶν
3435 2531 3740 2602 προνοουμέ-

2186 2631 2289 2667 νων
2319 2613 2460 2685 ἔχειν
2485 2616 2543 2669 ὲν
2579 2618 2644 2687 τῇ
2681 2616 2824 2688 ψυχῇ
2861 2617 2951 2670 τὸν
2989 2618 3114 2672 νοῦν
3153 2619 3618 2692 διορατικὼτατον,
3659 2624 3738 2676 καὶ

2191 2705 2483 2778 μετέχοντα
2515 2707 2608 2761 τοῦ
2639 2710 2883 2773 εἰπόντος
2901 2726 2914 2738 ·
2959 2710 3106 2780 Ἐγὼ
3129 2711 3261 2780 φῶς
3288 2714 3377 2779 εὶς
3407 2711 3510 2766 τὸν
3532 2713 3739 2781 κόσμον

2184 2797 2474 2867 ἐλήλυθα.
2506 2802 2568 2854 Ol
2599 2800 2706 2873 γὰρ
2735 2803 2978 2867 καίοντες
3008 2803 3099 2856 τὸν
3136 2803 3354 2874 λύχνον,
3393 2804 3485 2857 καί
3524 2803 3738 2870 τιθέντες

2187 2890 2277 2942 ἐπὶ
2307 2889 2406 2961 τὴν
2423 2891 2641 2964 λυχνίαν
2671 2893 2758 2946 ἵνα
2773 2893 2962 2967 λάμπῃ
2984 2896 3115 2948 πᾶσι
3129 2898 3246 2958 τοῖς
3276 2897 3336 2950 ἐν
3355 2900 3420 2968 τῇ
3445 2896 3599 2968 οἰκίᾳ,
3623 2913 3739 2966 προ-

2187 2981 2472 3052 τρέψονται
2498 2984 2622 3048 τοὺς
2651 2986 2708 3039 ἐν
2731 2988 2798 3057 τῇ
2821 2986 2966 3058 οἰκία
2991 2986 3293 3057 βλέποντας
3318 2988 3415 3060 τὴν
3449 2988 3538 3040 τοῦ
3567 2987 3739 3057 λύχνου

2186 3073 2542 3146 λαμπρότητα
2589 3075 2683 3129 καὶ
2725 3077 2920 3140 αὐτοὺς
2949 3077 3124 3130 καίειν
3153 3078 3251 3149 τὴν
3293 3077 3497 3131 ἑαυτῶν
3523 3077 3741 3148 λυχνίαν.

2110 3171 2150 3227 C
2186 3163 2298 3240 (_85_)
2325 3167 2474 3240 Στίχ.
2501 3167 2601 3240 λη’.
2634 3169 2921 3240 ᾍπέλυσε
2935 3169 3004 3222 δὲ
3024 3169 3257 3240 αὐτόνό
3299 3170 3530 3238 Ἰησοῦς
3551 3170 3739 3240 λέγων·

2186 3235 2334 3306 Στίχ.
2366 3235 2476 3312 λυθνέ
2503 3235 2871 3312 ’Υπόστρεξε
2896 3242 2982 3305 εἰς
3013 3242 3118 3292 τὸν
3156 3237 3335 3294 οἶκόν
3368 3235 3516 3312 σου,
3541 3235 3634 3294 καί
3668 3239 3742 3312 διτ

2255 3307 2408 3380 τιγοῦ
2443 3307 2560 3380 ὅσα
2582 3307 2832 3380 ἐποίησέ
2858 3325 2954 3363 σοι
2986 3312 3019 3364 ό
3051 3312 3212 3376 Θεός.
3237 3312 3355 3364 Καὶ
3368 3311 3613 3380 ἀπῆλθε,
3629 3309 3740 3380 καίῗ

2253 3376 2550 3500 (eilargiar
2575 3378 2754 3432 πόλιν
2781 3381 3107 3448 κηρύσσων
3140 3379 3257 3434 ὅσα
3289 3376 3574 3450 ἐποίησεν
3597 3378 3740 3445 αὐτῷ

2371 3463 2408 3515 η
2458 3465 2584 3514 ους.

2253 3535 2471 3606 Πέμπει
2512 3535 2674 3590 αὑτὸν
2717 3538 2796 3602 εἰς
2825 3538 2918 3591 τὸν
2945 3535 3111 3592 οἷκον.
3144 3539 3218 3592 Οὐ
3247 3540 3366 3613 γὰρ
3405 3539 3617 3594 τοσοῦτο
3657 3537 3740 3609 μὲ-

2184 3644 2312 3699 τρον
2340 3624 2482 3697 εἶχεν
2521 3628 2550 3680 ὁ
2591 3628 2751 3702 ἀνὴρ,
2785 3630 2872 3683 ἵνα
2901 3630 3040 3703 πρὸς
3065 3631 3125 3685 τὺ
3163 3632 3435 3704 καθῆσθαι
3463 3631 3607 3704 παρὰ
3630 3631 3741 3693 τοὺς

2187 3719 2350 3781 πόδας
2393 3721 2566 3792 Ἰησοῦ
2605 3721 2955 3792 ἰματισμένος
2977 3724 3224 3795 χωρήσῃ.
3256 3725 3371 3778 Καὶ
3400 3724 3476 3795 τῷ
3499 3719 3627 3777 εἶναι
3654 3721 3738 3774 σὺν

2187 3810 2352 3882 αὐτῷ,
2384 3812 2492 3866 τῶν
2521 3813 2628 3867 ἀπὸ
2656 3814 2755 3884 τῆς
2779 3813 3084 3886 περιχώρου
3117 3815 3215 3887 τὴν
3255 3816 3430 3886 Ἰησοῦ
3463 3814 3737 3888 παρουσίαν

2185 3905 2246 3956 οὑ
2274 3903 2612 3976 χωρούντων,
2648 3905 2800 3958 οὐδὲν
2825 3901 2985 3976 ἦττον
3015 3907 3383 3978 προενοήσατο
3410 3907 3507 3976 τῆς
3533 3905 3636 3958 τῶν
3665 3903 3737 3955 δυο

2185 3996 2431 4065 ναμένων
2476 3996 2592 4050 ἐκεῖ
2638 3997 2930 4068 σωτηρίας,
2978 3997 3069 4050 τὸν
3114 3997 3408 4069 αὐτάρκως
3452 3993 3736 4069 παρακαθί-

2188 4103 2355 4140 σαντα
2395 4091 2507 4152 τοῖς
2561 4090 2716 4142 ποσὶν
2766 4087 2927 4142 αὑτοῦ
2975 4089 3269 4154 ἀπολύσας,
3329 4091 3414 4144 ἵνα
3461 4090 3670 4159 διδάσκῃ
3698 4084 3730 4139 ἃ

2186 4179 2436 4250 ἐποίησεν
2473 4179 2622 4250 αὐτῷ
2645 4181 2673 4232 ὁ
2707 4179 2856 4244 Θεός.
2895 4176 3018 4234 Εἶεν
3045 4180 3087 4234 δ’
3116 4180 3182 4234 ἄν
3209 4198 3359 4245 τινες
3388 4179 3480 4235 τοῦ
3515 4179 3737 4234 τοιούτου

2187 4272 2487 4343 ἀκροασταί
2529 4273 2624 4326 καὶ
2667 4273 2926 4344 μαθηταὶ,
2975 4272 3189 4328 πλείονα
3235 4273 3337 4344 μὲν
3384 4275 3444 4327 οὺ
3480 4274 3740 4344 χωρήσαν-

2185 4379 2275 4425 τος
2299 4362 2408 4433 (86)
2423 4363 2482 4427 ἐξ
2509 4363 2702 4432 ὀλίγων
2725 4357 2800 4418 ὧν
2831 4365 3017 4437 εἴληφε
3042 4383 3111 4436 κη
3122 4364 3429 4437 ρύσσοντος.
3447 4363 3740 4434 Ἀναφέροις

512 4473 818 4514 sermonem
856 4459 1020 4510 etiam
1073 4456 1138 4509 ad
1187 4455 1420 4509 hominis
1453 4465 1740 4521 naturam,
1797 4457 2083 4509 exterioris

2187 4453 2229 4506 δ’
2257 4453 2322 4508 ἂν
2354 4455 2443 4507 τὸν
2471 4454 2627 4523 λόγον
2653 4456 2747 4508 καί
2773 4457 2863 4509 ἐπὶ
2892 4457 2989 4527 τὴν
3015 4456 3106 4510 τοῦ
3139 4456 3427 4528 ἀνθρώπου
3454 4456 3626 4527 φύσιν,
3651 4451 3736 4505 τοῦ

512 4546 728 4600 Israelis
758 4562 771 4596 :
801 4560 894 4614 per
915 4561 1072 4614 quem
1123 4547 1335 4611 navigat
1364 4543 1522 4599 Jesus
1568 4545 1622 4598 in
1654 4545 1927 4616 regionem
1974 4548 2082 4603 Ga-

2187 4544 2289 4611 ἔξω
2327 4545 2561 4616 Ἰσραὴλ,
2595 4546 2659 4599 δι’
2694 4547 2754 4600 ὃν
2789 4523 3055 4600 καταπλεῖ
3102 4523 3308 4618 Ἰησοῦς
3338 4523 3548 4617 ἐπὶ,τὴν
3571 4544 3736 4615 χώραν

513 4641 857 4702 darenorum,
915 4646 970 4692 et
1004 4639 1068 4691 ad
1094 4653 1255 4707 quem
1302 4637 1414 4692 exit
1451 4637 1609 4694 Jesus
1655 4639 1705 4693 in
1758 4649 1954 4694 terram
2010 4642 2078 4695 ⁷ο.

511 4730 828 4786 Indumenta
861 4739 1060 4798 autem,
1110 4730 1306 4799 inquit,
1368 4748 1470 4786 non
1521 4731 1835 4787 uestiebatur
1867 4734 1956 4789 ille
1987 4735 2081 4788 ho-

513 4839 602 4878 mo
625 4824 692 4877 ".
723 4823 841 4878 Non
879 4823 1021 4878 enim
1055 4824 1304 4878 induerat
1330 4824 1474 4892 quod
1519 4834 1727 4892 tegeret
1762 4824 1880 4891 ejus
1910 4830 2078 4895 turpi-

514 4917 775 4972 tudinem.
809 4915 874 4970 Et
925 4919 979 4970 in
1019 4918 1172 4970 domo
1199 4934 1302 4971 non
1340 4918 1584 4970 manebat
1645 4918 1710 4971 τ’.
1772 4917 1889 4971 Non
1933 4918 2074 4972 enim

511 5010 816 5072 erat,velut
851 5009 1041 5070 Jacob.
1075 5010 1235 5064 homo
1275 5010 1507 5080 simplex
1550 5009 1796 5064 incolens
1835 5011 2074 5063 domum.

513 5097 804 5168 Propterea
837 5110 891 5155 et
923 5102 1073 5154 hunc
1127 5102 1300 5170 ipsum
1339 5103 1583 5165 dimisit,
1620 5102 1911 5170 inquiens:
1950 5101 2078 5154 Redi

512 5193 569 5246 in
585 5194 796 5246 domum
819 5204 984 5248 tuom.
1025 5196 1072 5248 Is
1099 5209 1258 5264 porro
1293 5195 1420 5248 etin
1457 5195 1706 5259 sepulcris
1739 5195 1980 5247 manebat
2010 5195 2076 5248 7':

511 5297 619 5336 non
647 5298 767 5338 cum
799 5284 957 5349 vivis,
999 5287 1092 5339 sed
1124 5301 1242 5338 cum
1277 5285 1524 5339 mortuis.
1569 5283 1698 5338 Erat
1730 5296 1902 5340 autem
1927 5326 1943 5348 ,
1993 5287 2078 5339 in~

512 5373 650 5442 quit,
697 5391 823 5444 grex
869 5393 1148 5443 porcorum
1208 5376 1340 5430 bono
1385 5393 1618 5438 numero,
1651 5378 1973 5443 pascentium
2022 5379 2077 5430 in

513 5475 684 5520 monte
739 5465 806 5520 ⁷⁸.
864 5466 1017 5521 Haud
1066 5469 1180 5524 scio
1233 5484 1300 5522 an
1353 5468 1564 5522 soleant
1603 5469 1754 5537 porci
1804 5469 1949 5539 pasci
2020 5469 2072 5523 in

583 5627 628 5658 “
673 5627 828 5681 Joan.
867 5642 918 5692 v,
949 5627 1040 5680 55.
1116 5628 1159 5658 ⁸⁷
1193 5625 1383 5680 Matth.
1428 5642 1501 5685 vi,
1544 5625 1634 5681 ἓξ.
1713 5626 1756 5657 ⁶⁸
1786 5624 1918 5682 Luc.
1967 5643 2062 5694 κει,
2104 5632 2193 5688 53.

511 5696 599 5750 9.7.
677 5699 721 5729 ⁷²
755 5697 880 5751 ibid.
957 5699 1004 5728 ⁷³
1031 5698 1161 5753 ibid.
1223 5696 1270 5729 "
1302 5697 1436 5751 ibid.
1462 5695 1549 5751 52.

577 5791 689 5860 (8Ξῆ
717 5789 825 5845 Hoc
855 5791 1208 5861 fragmentum
1237 5801 1317 5844 est
1344 5805 1405 5843 ex
1443 5789 1558 5845 cod.
1591 5788 1684 5853 27,
1716 5805 1768 5857 ι).
1808 5789 1928 5842 195.

2181 4637 2290 4691 τῶν
2335 4638 2681 4710 Γαδαρηνῶν,
2718 4641 2810 4694 καὶ
2855 4640 2992 4712 πρὸς
3017 4639 3076 4697 ὃν
3110 4638 3306 4705 ἔξεισιν
3349 4641 3378 4691 ὁ
3419 4637 3614 4708 Ἰησοῦς
3654 4633 3738 4686 ἐπὶ

2179 4730 2278 4800 τὴν
2312 4731 2434 4801 γῆν.
2474 4730 2730 4800 Ἶμάτιον
2762 4730 2859 4794 δὲ,
2893 4733 3077 4803 φησὶν,
3123 4733 3232 4784 οὐκ
3281 4730 3683 4785 ἐνεδιδύσκετο
3712 4726 3737 4776 ὁ

2179 4822 2482 4894 ἄνθρωπος.
2536 4825 2649 4878 Οὐκ
2695 4825 2980 4878 ἐνεδύσατο
3024 4823 3132 4895 γὰρ
3170 4823 3231 4887 τὸ
3278 4823 3544 4878 καλύπτον
3585 4815 3734 4872 αὑτοῦ

2178 4917 2276 4989 τὴν
2304 4919 2706 4989 ἀσχημοσύνην.
2741 4919 2850 4973 Καὶ
2871 4919 2940 4972 ὲν
2965 4920 3124 4985 οἰκίᾳ
3153 4921 3264 4972 οὐκ
3294 4918 3518 4987 ἔμενεν.
3545 4913 3616 4967 Οὐ
3637 4909 3735 4980 γὰρ

2179 5007 2267 5082 ἦν,
2315 5011 2391 5074 ὡς
2441 5011 2654 5075 Ἰακὼϐ,
2701 5011 2985 5085 ἄνθρωπος
3037 5009 3309 5073 ἄπλαστος
3346 5008 3506 5062 οἰκῶν
3547 5003 3730 5058 οέκίαν.

2181 5104 2273 5156 Διὸ
2299 5104 2391 5157 καὶ
2419 5104 2580 5158 αὑτὸν
2610 5104 2796 5156 τοῦτον
2831 5104 3065 5156 ἀπέλυσε
3085 5143 3099 5166 ,
3131 5101 3332 5171 λέγων·
3385 5099 3732 5163 Ὑπόστρεφε

2179 5197 2266 5260 εἰς
2302 5195 2410 5249 τὸν
2435 5191 2604 5248 οἶκόν
2630 5213 2767 5252 σου.
2797 5195 2908 5249 Καὶ
2934 5196 3004 5248 ὲν
3032 5194 3153 5261 τοῖς
3183 5193 3485 5262 μνήμασιν
3513 5190 3729 5258 ἔμενενι

2179 5289 2240 5342 οὐ
2283 5289 2418 5360 μετὰ
2453 5289 2688 5354 ζώντων,
2737 5287 2873 5359 μετὰ
2921 5287 3128 5359 νεκρῶν
3165 5285 3241 5339 δέ.
3282 5281 3390 5340 Ἦν
3431 5282 3515 5344 δὲ,
3560 5276 3726 5347 φησὶν,

2181 5380 2368 5450 ἀγέλη
2410 5383 2628 5451 χοίρων
2675 5379 2895 5435 ἱκανῶν
2935 5377 3329 5448 ,βοσκομένων
3371 5377 3438 5428 ὲν
3489 5371 3565 5437 τῷ
3599 5368 3726 5436 ὄρει.

2181 5475 2407 5546 Μήποτε
2435 5474 2491 5527 δὲ
2517 5476 2687 5544 χοῖροι
2729 5474 2789 5527 ού
2827 5473 3106 5546 βόσκονται
3135 5474 3192 5525 ὲν
3219 5469 3294 5542 τῷ
3319 5470 3451 5541 ὄρει.
3494 5462 3610 5524 Πῶς
3644 5452 3729 5511 οὖν

2305 5632 2349 5663 ⁸³
2399 5629 2555 5686 Joan.
2583 5646 2680 5696 χιι,
2719 5630 2806 5685 46.
2920 5632 2966 5662 το
2999 5629 3130 5685 Luc.
3187 5645 3313 5692 vnn,
3358 5622 3447 5681 57.
3518 5619 3562 5652 ⁷³
3601 5613 3722 5671 ibid-

2251 5787 2361 5858 (86)
2393 5785 2553 5843 Forte
2579 5787 2955 5857 χωρήσαντας.
