3942 6318
205 442 303 497 357

1478 433 1777 491 SCHOLIA
1816 433 1881 489 IN
1921 433 2174 491 LUCAM.

3352 432 3453 487 35?

205 560 339 632 μετά
370 560 469 614 τοῦ
501 558 751 633 κρημνοῦ
781 558 1032 630 ὥρμησεν
1059 560 1092 629 ἡ
1119 557 1321 627 ἀγέλη;
1353 556 1582 627 Μήποτε
1610 553 1705 611 οῦν
1734 559 1782 609 οί

1891 564 2086 611 ιιιοηιε.
2135 554 2415 622 Quomodo
2471 569 2602 623 ergo
2661 538 3057 624 prmeipitanter
3112 553 3322 607 delatus
3370 559 3445 607 (ιιι

202 653 517 724 φιλήδονοι,
548 656 643 708 καὶ
678 651 910 723 γαστρὸς
943 651 1035 704 καὶ
1060 651 1173 704 τῶν
1203 649 1309 704 ὑπὸ
1334 648 1577 719 γαστέρα
1619 649 1783 717 φίλοι,

198 748 331 801 ὅπου
360 746 435 801 τὰ
471 748 711 819 μνημεῖα
748 745 842 798 καί¹
872 742 1098 815 πλησίον
1130 742 1224 796 τοῦ
1252 740 1516 809 λεγεῶνος
1543 740 1651 795 τῶν
1681 741 1789 795 δαι-

202 838 379 909 μόνων
407 838 720 909 βόσκονται·
750 834 1048 905 ἀγαθότητι
1072 833 1127 885 δὲ
1165 831 1372 902 Ἰησοῦς
1402 831 1500 903 τὴν
1532 832 1640 884 τῶν
1674 832 1788 885 δαι-

203 930 379 1000 μόνων
406 930 668 995 ἀφανίζει
698 930 793 981 σύν
816 930 928 990 τοῖς
956 924 1161 997 χοίροις
1190 926 1246 978 ὲν
1274 924 1351 997 τῷ
1380 924 1532 977 ὕδατι
1562 923 1784 994 ἀγέλην,

200 1022 291 1073 καὶ
322 1022 438 1076 τῶν
484 1019 779 1093 φιληδόνων
818 1020 914 1072 καὶ
963 1016 1354 1087 φιλοσωμάτων
1387 1018 1571 1070 κακῶν
1617 1018 1787 1087 ἐμπο-

197 1112 328 1175 δὶζει
364 1115 434 1184 τῇ
472 1113 717 1183 ἀναπνοῇ
752 1110 843 1163 διὰ
884 1108 1150 1179 δαιμόνων
1190 1108 1364 1179 τάχα,
1397 1109 1489 1161 καὶ
1521 1110 1787 1179 σωφρονεῖ

198 1202 224 1253 6
282 1201 565 1267 τοιοῦτος;
619 1201 685 1253 Εἴ
727 1201 812 1261 τίς
844 1216 903 1251 τε
955 1200 1242 1269 σωφρονεῖ,
1291 1197 1439 1269 παρά
1475 1196 1553 1268 τῷ
1608 1196 1780 1267 Ἰησοῦ

197 1293 345 1344 ἐστιν
366 1309 381 1323 ’
422 1292 543 1345 ἀλλ’
578 1291 606 1344 6
643 1290 942 1362 ἀρχόμενος
975 1291 1270 1361 σωφρονεῖν
1297 1287 1445 1359 παρὰ
1468 1289 1593 1352 τοὺς
1618 1288 1782 1347 πόδας

197 1383 366 1435 αὐτοῦ
414 1385 589 1437 ἐστιν.

194 1560 348 1631 Στῖχ.
382 1568 500 1633 μη’,
538 1557 686 1633 Eleae
719 1558 787 1633 δε
816 1559 965 1627 πρὸς
997 1556 1117 1633 τὴν.
1139 1554 1394 1633 γυναῖκα
1414 1555 1540 1633 ’,Ἦ
1582 1555 1784 1621 πίστις

396 1625 517 1685 σου
547 1629 780 1685 σέσωκέ
816 1625 909 1683 σε.
936 1629 1200 1696 Πορεύου
1223 1630 1311 1691 εὶς
1329 1625 1597 1693 εἰρήνην.

273 1722 346 1774 Ἦ
382 1723 485 1793 μὲν
510 1718 603 1775 οῦν
632 1720 919 1790 πλειοτέρα
948 1718 1116 1789 ψυχὴ,
1141 1717 1321 1780 καλῶς
1346 1716 1687 1787 λατρεύσασα
1707 1716 1786 1785 τῷ

190 1813 362 1885 Λόγῳ
393 1814 491 1867 τοῦ
524 1813 682 1878 Θεοῦ,
715 1810 1026 1883 παρρησίαν
1050 1810 1163 1880 ἔχει
1189 1811 1274 1863 ἐπ’
1300 1807 1467 1879 αὐτὴν
1494 1808 1593 1878 τὴν
1621 1824 1787 1876 κεφα-

1890 647 2059 717 grex?
2118 648 2198 701 Au
2250 645 2389 701 forte
2435 647 2598 717 igitur
2637 645 2883 699 homines
2939 643 3264 713 voluptuosi,
3323 656 3423 694 ven

1892 739 2093 809 trisque
2122 746 2180 792 et
2209 751 2395 792 eorum
2421 751 2542 804 quae
2565 734 2705 789 infra
2724 743 2965 789 ventrem
2988 742 3137 797 sunt,
3158 739 3449 793 amatores,

1889 829 1978 884 ubi
2018 837 2144 883 sunt
2167 837 2539 891 monumenta,
2566 834 2629 879 et
2647 839 2817 895 prope
2843 824 3141 877 daemonum
3182 821 3449 890 legionem

1888 920 2035 989 pasci
2058 919 2270 974 dicendi
2306 917 2452 982 sint;
2489 915 2739 969 bonitate
2763 929 2892 969 vero
2918 928 3012 967 sua
3038 912 3191 967 Iesus
3230 927 3447 982 gregem

1886 1009 2192 1065 daemonum
2227 1023 2351 1063 cum
2388 1007 2567 1075 porcis
2614 1006 2794 1075 perdit
2831 1004 2883 1057 in
2918 1018 3109 1070 aquam
3139 1017 3154 1055 :
3190 1017 3253 1055 ac
3298 1002 3449 1053 voln-

1886 1109 2203 1170 ptuosorum
2233 1109 2285 1153 et
2317 1113 2515 1165 corpus
2550 1096 2845 1149 amantium
2895 1094 3178 1158 malorum,
3215 1093 3450 1161 respira-

1888 1194 2019 1247 tioui
2050 1193 2490 1262 impedimentum
2520 1189 2670 1258 ponit
2710 1203 2806 1258 per
2829 1188 3099 1241 daemones
3132 1185 3357 1250 scilicet,
3390 1200 3451 1239 ac

1882 1285 1972 1353 qui
2017 1283 2325 1353 huiusmodi
2373 1290 2455 1335 est
2489 1281 2553 1332 ad
2588 1280 2782 1334 bonam
2829 1277 3038 1347 frugem
3080 1274 3265 1330 redit?
3299 1275 3361 1329 Et
3405 1275 3451 1329 si

1882 1378 2005 1446 quis
2031 1380 2099 1430 ad
2140 1376 2333 1429 bonam
2367 1375 2505 1426 redit
2533 1372 2769 1442 frugem,
2795 1386 2960 1440 penes
2985 1367 3165 1423 Jesum
3201 1378 3283 1422 est
3314 1386 3328 1421 :
3360 1367 3451 1437 qui

1886 1476 2065 1518 tamen
2094 1465 2284 1534 incipit
2313 1464 2658 1532 resipiscere,
2686 1464 2753 1516 ad
2785 1462 2945 1531 pedes
2969 1461 3085 1527 ejus
3110 1459 3278 1529 jacet.

1887 1556 1951 1612 ν.
1991 1556 2082 1610 48.
2123 1556 2208 1610 Ait
2248 1565 2422 1608 autem
2451 1557 2520 1608 ad
2552 1555 2819 1608 mulierem
2854 1569 2871 1606 :
2903 1551 3067 1605 Fides
3111 1562 3200 1604 tua
3234 1548 3452 1606 salvari:

2370 1639 2439 1678 te.
2494 1623 2637 1677 Vade
2667 1626 2718 1676 in
2752 1640 2953 1692 pacem.

1957 1716 2147 1771 Anima
2178 1734 2297 1784 quae
2339 1720 2630 1786 perfectior
2655 1728 2759 1779 est,
2800 1718 2936 1772 bene
2977 1716 3231 1771 famulata
3276 1715 3451 1769 Verbo

1886 1810 2003 1874 Dei,
2051 1809 2297 1863 fiduciam
2360 1810 2523 1863 habet
2570 1809 2817 1862 veniendi
2875 1809 2942 1861 ad
3002 1819 3162 1877 caput
3222 1808 3449 1876 ipsum:

186 1906 291 1978 λην
339 1907 524 1961 ὲλθεῖν
542 1924 554 1938 ·
598 1903 834 1974 κεφαλὴ
863 1902 930 1955 δὲ
954 1900 1213 1970 Χριστοῦ
1238 1903 1271 1954 ό
1314 1902 1458 1965 Θεός
1476 1916 1490 1929 ⁸
1518 1899 1659 1951 ὥστε
1686 1914 1785 1952 κα-

1891 1905 2059 1969 Uaput
2091 1915 2206 1953 vero
2231 1899 2451 1965 Christi,
2496 1899 2632 1952 Deus
2671 1899 2717 1929 "
2745 1914 2759 1960 ;
2792 1899 2923 1953 adeo
2953 1908 3011 1950 ut
3042 1898 3287 1952 infundat
3319 1897 3448 1952 illud

184 1999 400 2069 ταχέαι
434 1999 602 2070 μύρον
642 1995 830 2064 αὐτῆς,
865 1993 959 2046 καὶ
997 1991 1221 2044 εὐωδίαν
1261 1993 1327 2061 τῇ
1372 1990 1497 2061 δόξῃ
1529 1988 1620 2041 τοῦ
1652 1988 1787 2042 Θεοῦ

181 2091 567 2160 πεποιῆσθαι.
598 2086 885 2152 Δοξάζεται
912 2085 969 2139 δὲ
997 2086 1026 2136 6
1050 2084 1181 2146 Θεὸς
1205 2082 1293 2135 διὰ
1318 2082 1416 2153 τῆς
1439 2081 1667 2145 εὐωδίας
1692 2080 1787 2134 τοῦ

183 2181 316 2253 βίου
354 2180 474 2234 τῶν
518 2179 762 2234 δικαίων.
815 2177 879 2229 Ἦ
904 2175 961 2229 δὲ
998 2173 1324 2245 ἀτελεστέρα
1354 2172 1491 2242 γυνὴ
1527 2170 1787 2242 καὶψυχὴ

185 2272 364 2344 παρὰ
394 2273 523 2335 τούς
554 2272 720 2334 πόδας
760 2270 853 2323 κα)⁸
884 2267 953 2321 τὰ
987 2266 1342 2336 ταπεινότερα
1374 2264 1687 2336 στρέφεται,
1721 2258 1788 2333 ἦς

184 2362 381 2431 ἐγγύς
410 2365 576 2433 ἐσμεν
602 2362 779 2432 ἡμεῖς.
811 2356 942 2411 Οὐδὲ
971 2354 1081 2426 γὰρ
1110 2356 1510 2426 μετενοήσαμεν
1540 2350 1650 2405 ἀπὸ
1679 2348 1786 2402 τῶν

185 2456 624 2527 ἁμαρτημάτων
664 2450 839 2524 ἡμῶν.
876 2448 987 2502 Ποῦ
1027 2445 1186 2519 ἡμῶν
1236 2444 1303 2499 τά
1345 2444 1596 2512 δάκρυα;
1627 2442 1727 2496 ποῦ
1758 2444 1786 2495 ὁ

187 2548 520 2618 κλαυθμός;
553 2545 641 2598 ἴνα
681 2544 786 2598 κᾶν
821 2541 971 2612 παρά
1008 2542 1135 2604 τοὺς
1168 2538 1333 2601 πόδας
1390 2535 1564 2608 Ἰησοῦ
1611 2535 1785 2588 ἐλθεῖν

191 2639 545 2709 δυνηθῶμεν.
588 2636 702 2689 Ἐπ’
734 2634 903 2705 αὐτὴν
927 2632 1038 2705 γὰρ
1073 2630 1226 2684 οὐπω
1264 2626 1542 2699 δυνάμεθα
1583 2626 1784 2697 φθάσαι

192 2731 297 2803 τὴν
355 2729 621 2800 κεφαλήν.
684 2724 991 2795 ’Λγαπητὺν
1038 2724 1094 2776 δὲ
1133 2721 1270 2793 μετὰ
1304 2721 1371 2774 τὰ
1413 2721 1783 2791 ἁμαρτήματα

198 2824 397 2895 φέρειν
431 2822 718 2893 μετανοίας
749 2818 996 2880 εὐωδίαν,
1024 2816 1112 2869 ἴνα
1135 2832 1218 2877 τις
1240 2811 1489 2884 δυνηθείη
1520 2810 1784 2881 δευτέρως

198 2912 343 2970 εἶναι
375 2915 411 2987 ὴ
440 2915 564 2976 τοὺς
592 2911 757 2974 πόδας
785 2909 1098 2979 ἀλείφουσα,
1120 2905 1253 2960 ἀλλὰ
1284 2905 1358 2977 μὴ
1388 2904 1485 2976 τὴν
1518 2903 1779 2974 κεφαλήν⁸

198 3005 483 3059 τουτέστιν
511 3005 544 3075 ἠ
589 3003 662 3075 μὴ
692 3000 970 3071 ἁπτομένη
1006 2999 1113 3052 τῶν
1140 2997 1481 3068 τελεωτέρων
1516 2998 1607 3050 καὶ
1648 2996 1784 3067 ὑψη-

198 3098 466 3170 λοτέρων,
492 3095 629 3148 ἀλλά
651 3094 760 3148 τῶν
784 3093 967 3165 ἄκρων
990 3093 1083 3147 καὶ
1104 3089 1446 3144 τελευταίων.

200 3232 347 3302 Στίχ.
378 3229 486 3286 νϐ’.
516 3231 804 3302 Ἐξετλαιον
835 3227 903 3302 δὲ
933 3226 1175 3302 πάντες,
1205 3224 1306 3278 καί
1322 3223 1651 3302 ἐκόπτογζο
1677 3224 1782 3276 αὐ-

268 3266 417 3368 ἑξῆχ
472 3274 546 3354 ⁸Ὃ
582 3299 649 3353 δὲ
681 3295 810 3352 εἷπε
832 3316 844 3328 ·
873 3296 969 3365 Μὴ
1011 3266 1249 3351 κλαίετε
1270 3313 1282 3325 ’
1308 3297 1431 3349 Οὐκ
1458 3292 1778 3356 ἀπέθανεν,
1809 3266 1853 3324 C

267 3373 444 3428 ἀλλὰ
469 3369 769 3424 καθεύδει.

201 3467 487 3590 Στῗῧαζξ.
512 3462 623 3517 Καὶ
651 3460 983 3529 κατεγέλων
1019 3457 1229 3521 αὐτοῦ,
1265 3456 1489 3522 ειδότες
1529 3454 1617 3508 ὅτι
1672 3454 1783 3508 ἀπ-

343 3551 482 3591 ανε.

259 3666 391 3736 ’(87)
433 3665 580 3736 Πλὴν
611 3662 747 3718 ἀλλὰ
780 3662 1003 3733 τοιαύτη
1034 3662 1131 3732 μὲν
1156 3663 1189 3733 ἡ
1220 3660 1314 3713 τοῦ
1339 3658 1614 3731 θαύματος
1647 3659 1787 3710 ἱστο-

209 3758 308 3827 ρία.
335 3757 470 3827 Χρὴ
498 3757 557 3809 δὲ
586 3755 714 3820 ἴσως
738 3756 831 3811 καὶ
856 3753 1165 3825 ἰσχνότερον
1191 3742 1360 3823 αὐτὴν
1387 3750 1660 3824 θεωρῆσαι
1690 3748 1784 3801 καὶ

208 3846 561 3919 ὑψηλὼερον.
592 3847 654 3899 Οἱ
691 3846 789 3915 μὲν
821 3840 913 3896 οὖν
950 3840 1307 3912 άπλούστεροι
1338 3840 1431 3894 καὶ
1470 3838 1785 3910 ἀκεραιότε-

213 3953 286 4006 ροι
314 3928 753 4008 θαυμαζέτωσαν
774 3936 842 3990 τὰ
867 3935 1129 4005 μεγαλεῖα
1151 3932 1245 3987 τοῦ
1273 3931 1406 3985 Θεοῦ
1433 3930 1574 3984 κατά
1592 3929 1779 3983 ταῦτα·

209 4029 483 4097 οἰκοδομεῖ
511 4026 620 4098 γὰρ
665 4026 758 4078 καὶ
797 4023 1121 4095 σωματικῶς
1149 4022 1434 4092 νοούμενα·
1462 4022 1510 4073 οἱ
1543 4020 1598 4073 δὲ
1628 4019 1786 4073 δυνά-

216 4136 360 4189 μενοι
393 4117 689 4171 διαϐαίνειν
725 4110 819 4170 ἐπὶ
845 4117 908 4171 τὸ
957 4116 1192 4187 βλέπειν,
1239 4116 1320 4167 ὅτι
1358 4113 1652 4168 καὶταῦτα
1692 4129 1787 4166 τυ-

217 4209 399 4276 πικῶς
426 4210 784 4263 συνέϐαινεν
823 4208 1104 4272 ἐκείνοις,
1142 4204 1369 4275 ἐγράφη
1398 4203 1466 4257 δὲ
1497 4203 1570 4256 δι’
1605 4199 1782 4271 ἡμᾶς,

216 4302 497 4373 εὐξάμενοι
530 4300 609 4371 τῷ
644 4300 784 4371 Θεῷ,
810 4301 1119 4370 αἱτήσωμεν
1152 4296 1308 4365 λόγον
1335 4295 1426 4348 τὸν
1464 4293 1784 4364 σαφηνίζον-

216 4410 275 4446 τα
295 4396 395 4447 καὶ
428 4393 625 4447 ταῦτα.

278 4486 406 4549 Πῶς
440 4486 469 4538 ὁ
514 4485 721 4556 Ἰησοῦς
745 4485 879 4555 πρὸς
907 4483 1004 4554 τὴν
1031 4480 1480 4553 ἀρχισυναγώγου
1511 4477 1783 4549 θυγατέρα

220 4575 638 4646 προηγουμένως
680 4576 916 4638 ἄπεισιν,
947 4574 1007 4626 οὐ
1055 4572 1186 4642 πρὸς
1214 4570 1310 4641 τὴν
1343 4565 1742 4641 αἱμοῤῥοοῦσαν
1764 4584 1777 4597 ο

221 4666 303 4717 καὶ
333 4668 392 4719 ὲν
429 4668 495 4736 τῇ
529 4664 632 4735 ὀδῷ
672 4663 819 4735 αὐτῷ
868 4660 1164 4716 ἀπαντῶσα
1211 4658 1397 4733 πρώτη
1447 4658 1586 4728 αὐτὴ
1618 4657 1780 4728 θερα-

222 4755 473 4819 creuerat;
508 4750 638 4825 ἦλθε
685 4752 792 4824 γὰρ
830 4755 858 4806 6
900 4752 1023 4814 Υἱὸς
1065 4749 1158 4803 τοῦ
1189 4748 1323 4801 Θεοῦ
1360 4746 1785 4818 προηγουμένως

224 4846 293 4909 είς
322 4847 425 4916 τὴν
470 4844 732 4899 Ἰουδαίων
779 4842 1128 4913 συναγωγὴν,
1168 4841 1259 4894 καὶ
1295 4833 1452 4912 εὗρεν
1493 4836 1660 4909 αὐτὴν
1694 4854 1782 4890 νο-

226 4939 415 4992 σοῦσαν
441 4939 536 4991 καὶ
564 4935 961 4990 ἀποθανοῦσαν.
996 4934 1077 4986 Τὰ
1103 4934 1211 5005 γὰρ
1242 4930 1662 5007 παραπτώματα
1688 4929 1783 4983 τοῦ

236 5012 444 5101 ’Ῐσραὴλ
477 5028 774 5098 πεποίηκεν
811 5026 978 5098 αὐτὴν
1024 5026 1333 5080 ἀποθανεῖν.
1387 5026 1449 5077 Ἡ
1491 5025 1549 5077 δὲ
1591 5025 1785 5094 αίμορ-

228 5121 431 5190 ῤοῦσα,
460 5124 494 5193 ἡ
529 5122 586 5175 ὲν
617 5123 683 5191 τῇ
712 5118 836 5189 ὁδῷ,
862 5122 895 5189 ἠ
920 5118 1262 5190 ἀκαθαρσίας
1295 5116 1718 5189 πεπληρωμένη,
1751 5117 1789 5187 ἡ

230 5212 415 5281 ῥέουσα
438 5215 537 5267 οὐκ
563 5214 620 5265 ὲν
651 5212 827 5284 καιρῷ
860 5211 1112 5283 ἀφέδρου,
1153 5210 1268 5263 ἀλλ’
1302 5210 1388 5263 ἀεὶ
1418 5208 1784 5280 αἱμορροοῦσα

227 5307 310 5358 καὶ
349 5305 601 5368 νοσοῦσα,
645 5304 784 5375 αὐτὴ
828 5303 934 5375 πρὸ
971 5304 1184 5375 ἐκείνης
1233 5300 1510 5355 πιστεύσει
1546 5300 1623 5371 τῷ
1666 5300 1780 5371 Υίῷ

227 5397 308 5450 τοῦ
334 5397 490 5454 Θεοῦ.
524 5398 635 5451 Καὶ
676 5398 792 5449 ἐκεῖ
833 5396 928 5467 μὲν
973 5387 1127 5459 οὗτος
1174 5394 1494 5465 ἀπέρχεται,
1543 5392 1680 5463 αὐτὴ
1725 5392 1782 5446 δὲ

227 5488 308 5541 τοῦ
356 5490 657 5562 κρασπέδου
706 5488 798 5541 τοῦ
851 5487 1065 5558 ἱματίου
1117 5486 1356 5556 ἅψασθαι
1408 5484 1570 5539 θέλει.
1629 5484 1686 5536 'U
1726 5483 1782 5537 δὲ

231 5579 427 5644 Λουκᾶς
466 5580 493 5633 ὃ
529 5579 604 5651 μὴ
642 5574 761 5632 εἷπε
803 5577 1080 5641 Ματθαῖος
1117 5576 1473 5649 προσέθηκεν,
1512 5576 1595 5629 ὅτι
1625 5574 1783 5628 δωδε-

231 5673 414 5744 καετὴς
443 5668 513 5744 ἦν
546 5674 580 5743 ἡ
606 5672 701 5726 τοῦ
734 5671 1179 5743 ἀρχισυναγώγου
1216 5669 1479 5743 θυγάτηρ,
1509 5668 1605 5725 καὶ
1634 5670 1671 5741 ἠ
1697 5669 1780 5723 αἰ-

290 5768 332 5798 ⁷⁸
362 5768 377 5821 l
407 5768 534 5833 Cor,
571 5781 649 5831 XI,
678 5766 731 5820 3.
806 5766 851 5797 ’°
880 5763 900 5818 Ι
926 5765 1053 5818 Cor.
1098 5779 1153 5830 Χ,
1192 5763 1275 5817 ll.

286 5859 388 5930 (87)
440 5862 607 5930 Ὦριγ.
653 5860 744 5913 καὶ
770 5858 1054 5931 Κυρὲλλου.

1891 2000 2187 2057 unguento,
2230 2001 2285 2045 et
2333 1991 2683 2060 fragrantiam
2716 1989 2912 2045 efﬁciat
2950 1991 3201 2059 opinione
3241 1990 3356 2044 Dei.
3393 1989 3448 2042 In

1888 2082 2195 2149 opinionem
2231 2097 2362 2137 vero
2391 2082 2539 2135 venit
2579 2080 2719 2135 Deus
2742 2119 2758 2144 ,
2803 2095 2900 2150 per
2943 2079 3294 2150 fragrantia")
3327 2081 3451 2139 vitae

1883 2174 2173 2246 justorum.
2214 2173 2286 2228 At
2343 2174 2535 2231 mulier
2575 2187 2694 2241 quae
2735 2171 3101 2239 imperfectior
3151 2181 3280 2238 est,
3336 2175 3455 2244 sive

1887 2270 2093 2333 anima,
2125 2271 2271 2324 circa
2302 2270 2467 2341 pedes
2490 2278 2547 2323 et
2575 2268 2861 2325 humiliora
2890 2278 3159 2333 versatur,
3189 2270 3255 2321 ad
3288 2283 3448 2336 quam

1888 2363 2112 2431 prapius
2155 2363 2415 2417 absumus
2452 2375 2571 2416 nos.
2614 2359 2861 2415 Nondum
2894 2362 3036 2415 enim
3072 2359 3321 2429 pmuituit
3356 2374 3454 2413 nos

1886 2462 2231 2523 peccatorum
2259 2463 2592 2528 nostrorum.
2644 2452 2741 2509 Ubi
2770 2462 2897 2509 sunt
2933 2453 3183 2524 lacryma:
3221 2452 3457 2505 nostrze?

1887 2545 1975 2599 ubi
2026 2545 2298 2616 ejulatus‘l
2336 2554 2393 2596 ut
2432 2543 2622 2599 saltem
2679 2543 2747 2597 ad
2796 2544 2961 2613 pedes
3019 2543 3145 2597 Jesu
3197 2541 3454 2597 accedere

1883 2637 2180 2690 valeamus.
2214 2636 2453 2691 Necdum
2495 2637 2637 2691 enim
2672 2638 2737 2690 ad
2769 2643 2929 2702 caput
2962 2635 3136 2702 ipsum
3169 2635 3453 2694 pervenire

1883 2728 2124 2798 quimus.
2158 2727 2313 2785 Satis
2339 2742 2503 2795 porro
2536 2729 2608 2781 sit
2631 2726 2787 2780 nobis
2810 2734 2928 2794 post
2955 2734 3201 2792 peccata,
3235 2732 3293 2777 ut
3334 2739 3451 2791 pm-

1885 2820 2124 2875 nitentia:
2173 2818 2526 2889 fragrantiam
2580 2818 2872 2873 alferamus
2904 2831 2919 2869 :
2949 2831 3055 2885 quo
3105 2817 3228 2886 quis
3279 2816 3455 2886 possit

1883 2914 2119 2967 secundo
2150 2911 2266 2965 loco
2294 2927 2415 2966 esse
2444 2912 2511 2965 ab
2547 2926 2607 2966 ea
2637 2924 2756 2980 quae
2790 2912 2951 2981 pedes
2984 2909 3155 2978 ungit,
3183 2924 3287 2962 non
3320 2921 3459 2960 vero

1882 3013 2075 3073 caput;
2111 3004 2163 3058 id
2186 3013 2268 3057 est
2297 3017 2414 3071 qua
2439 3020 2544 3058 non
2574 3005 2792 3071 attingit
2829 3002 3152 3072 perfectiora
3193 3009 3246 3054 et
3281 2998 3446 3053 subli-

1884 3098 2075 3162 miora,
2107 3095 2202 3152 sed
2230 3096 2336 3148 ima
2365 3105 2419 3148 et
2452 3105 2718 3151 extrema.

1886 3227 1949 3282 V.
1992 3227 2085 3283 52.
2127 3226 2349 3281 Flebant
2379 3237 2554 3282 autent
2584 3244 2780 3291 omnes,
2830 3238 2879 3280 et
2924 3227 3238 3296 plangebant
3276 3225 3451 3282 illam.

1958 3296 2247 3419 Ιρᾶεαυενο.
2278 3300 2409 3352 dixit
2443 3314 2460 3350 :
2492 3296 2574 3351 Ne
2615 3298 2907 3368 ﬂeverilis:
2941 3296 3061 3352 Νοη
3107 3308 3181 3349 est
3217 3311 3447 3359 mortua,

1957 3384 2010 3420 se
2116 3378 2290 3420 ormtl.

1889 3458 1949 3514 V.
2000 3459 2090 3579 51’)E
2142 3456 2209 3511 Et
2263 3459 2572 3513 deridebant
2622 3476 2780 3524 eum,
2846 3459 3075 3513 videntes
3141 3459 3278 3510 anod
3336 3466 3451 3510 erat

1955 3545 2068 3579 mor
2095 3544 2180 3579 ua.

1955 3544 2180 3581 mortua.

1956 3663 2101 3717 Talis
2132 3663 2316 3733 utique
2338 3673 2422 3718 est
2452 3663 2696 3718 miraculi
2725 3663 2976 3718 historia.
2995 3664 3067 3717 At
3089 3668 3302 3733 Oportet
3339 3660 3453 3716 for-

1888 3766 2033 3810 tasse
2062 3756 2208 3809 illam
2243 3763 2298 3810 et
2331 3755 2582 3809 subtilius
2623 3755 2976 3823 contemplari
3031 3767 3088 3811 et
3142 3753 3447 3809 sublimius.

1832 3902 1839 3909 ,
1883 3849 2236 3902 Admireutur
2281 3847 2640 3918 simpliciores
2703 3858 2760 3903 et
2811 3848 3118 3905 hebetiores
3184 3847 3452 3917 magnalia

1888 3942 1977 3997 Dei
2027 3956 2123 4010 per
2162 3943 2298 3997 haec.
2357 3942 2651 3999 Ediﬁcant
2700 3942 2842 3997 enim
2890 3944 3051 3997 etiam
3095 3942 3455 4011 corporaliter

1884 4034 2179 4088 intellecta.
2202 4035 2273 4087 At
2298 4035 2386 4103 qui
2423 4048 2709 4104 possumus
2736 4047 2800 4088 eo
2830 4034 3162 4104 contingere,
3187 4043 3244 4087 ut
3270 4033 3454 4086 videa-

1889 4142 2030 4189 mus,
2062 4127 2190 4196 quia
2219 4138 2273 4182 et
2302 4127 2416 4182 haec
2453 4142 2546 4196 per
2582 4127 2809 4196 ﬁguram
2841 4127 3141 4179 acciderunt
3176 4124 3283 4178 illis
3305 4164 3322 4190 ,
3360 4125 3450 4177 sed

1886 4228 2096 4287 propter
2154 4236 2247 4273 nos
2305 4222 2501 4289 scripta
2564 4231 2683 4274 sunt
2716 4221 2808 4272 7°:
2846 4220 3200 4286 deprecantes
3275 4217 3449 4273 Deum

1886 4309 2217 4378 postulemus
2245 4325 2549 4367 sermonem
2589 4312 2779 4367 isthmc
2805 4311 3195 4366 declarantem.

1953 4491 2236 4556 Quomodo
2266 4489 2423 4544 Jesus
2464 4490 2530 4542 ad
2578 4490 2992 4560 archisyuagogi
3031 4490 3198 4544 filiam
3242 4478 3451 4560 princié

1890 4581 2085 4649 paliter
2114 4581 2268 4645 abiit,
2310 4596 2417 4634 non
2445 4580 2573 4633 item
2614 4580 2681 4635 ad
2721 4595 2842 4634 eam
2878 4595 2995 4649 qua!
3024 4581 3286 4650 sanguine
3316 4580 3450 4635 flue-

1887 4675 2219 4743 batzatque
2271 4689 2336 4728 ex
2402 4674 2597 4728 itinere
2653 4687 2946 4729 occurrens
3001 4673 3048 4727 ei
3107 4674 3224 4728 haec
3278 4673 3450 4743 prima

1887 4772 2114 4817 curatur
2132 4764 2160 4816 ⁸2-
2183 4763 2317 4829 Quia
2348 4764 2496 4817 venit
2530 4761 2698 4816 Filius
2737 4762 2828 4817 Dei
2862 4763 3125 4832 primario
3142 4763 3210 4817 ad
3235 4760 3451 4816 Iudaeo-

1887 4868 2007 4908 rum
2057 4868 2408 4923 synagogam,
2441 4863 2494 4907 et
2530 4854 2874 4908 iuveniteam
2922 4862 3270 4922 aegrotantem
3295 4892 3310 4916 ,
3344 4851 3451 4906 imo

1886 4944 2216 5002 defunctam.
2265 4947 2478 5001 Scelera
2519 4961 2755 5016 namque
2804 4945 3019 5001 lsraelis
3051 4944 3346 4999 effecerant
3392 4954 3452 4999 ut

1887 5046 2190 5089 moreretur
2223 5035 2456 5090 illa.‘At
2491 5034 2882 5105 sanguiniﬂua,
2928 5049 3049 5104 qum
3090 5033 3255 5087 invia
3290 5042 3408 5089 erat
3432 5073 3449 5099 ,

1886 5142 2005 5196 qua:
2041 5128 2198 5196 plena
2231 5137 2349 5183 erat
2398 5128 2730 5199 impuritate,
2766 5142 2886 5197 quae
2935 5126 3175 5182 stillabat
3229 5141 3333 5181 non
3394 5127 3446 5181 in

1889 5226 2125 5285 tempore
2165 5219 2433 5289 puerperii
2482 5227 2577 5273 aut
2610 5219 2892 5282 menstrui,
2937 5218 3031 5271 sed
3075 5231 3285 5285 seraper
3315 5231 3447 5269 san-

1889 5308 2048 5376 guine
2078 5306 2276 5363 ﬂuebat
2302 5321 2355 5364 et
2376 5310 2675 5380 aegrotabat
2705 5327 2721 5362 :
2751 5310 2866 5366 haec
2907 5316 3030 5364 ante
3076 5307 3219 5361 illaut
3262 5308 3449 5361 credet

1887 5398 2024 5453 Filio
2043 5400 2155 5454 Dei.
2187 5400 2252 5454 Et
2282 5401 2354 5455 ibi
2391 5403 2605 5471 quidem
2633 5402 2748 5472 ipse
2779 5402 2995 5466 incedit,
3031 5400 3141 5469 ipsa
3173 5414 3301 5453 vero
3330 5384 3467 5450 lim?

1889 5492 2394 5548 briamvestimeuti
2448 5495 2719 5565 attingere
2753 5495 2919 5564 cupit.
2970 5492 3040 5547 At
3074 5492 3249 5547 Lucas
3302 5490 3445 5559 Quod

1888 5583 2170 5639 Matthatus
2209 5602 2316 5640 non
2358 5586 2513 5652 dixit,
2558 5586 2793 5657 adjecit,
2852 5587 3132 5642 duodecim
3180 5597 3447 5638 annorum

1886 5674 2058 5734 fuisse
2080 5677 2487 5749 archisyuagogi
2522 5679 2711 5747 tiliam,
2761 5690 2814 5736 et
2858 5678 3270 5751 sanguinilluam
3309 5676 3445 5731 duo-
