3942 6318
528 401 631 455 Ξ59
1377 398 1930 457 SUPPLEMENTUM
1966 401 2057 455 AD
2091 398 2413 456 ORIGENIS
2443 395 2857 457 EXEGETICA.

3615 405 3706 460 ’540

523 517 695 571 decim
722 527 1070 572 enumerasse
1108 515 1456 571 inﬁrmitatis
1497 530 1691 572 annos.
1745 517 1912 588 Igitur
1963 518 2058 572 hau

2183 515 2488 588 μορῤοοῦσα
2530 513 2735 568 δώδεκα
2772 515 2864 584 ἔτη
2916 507 3061 586 εἶχεν
3106 513 3491 586 αἰμορῤοοῦσα³
3537 519 3711 574 ούκοῦν

523 606 690 674 coepit
719 608 984 675 sanguine
1027 605 1194 659 ﬂuere
1222 619 1329 674 quo
1357 604 1443 658 illa
1481 619 1625 661 anne
1653 606 1706 660 in
1734 605 1908 661 lucem
1936 608 2078 662 edita

520 705 622 750 est.
656 697 784 750 Sine
813 696 1098 751 allectione
1128 697 1272 750 enim
1304 705 1389 751 est
1415 697 1500 750 illa
1529 699 1765 766 quandiu
1805 713 2077 770 synagoga

523 784 653 837 vivit
687 800 702 840 :
746 793 800 838 et
829 801 966 840 unus
993 785 1242 854 idemque
1273 795 1358 841 est
1382 791 1644 841 terminus
1676 789 1938 858 temporis
1965 828 1980 855 ,
2023 799 2078 843 et

523 874 646 929 ﬁnis
681 875 842 941 illius,
881 883 938 930 et
990 875 1128 929 init’ii
1171 877 1364 932 salutis
1391 878 1567 932 istius.
1619 878 1927 935 Duodennis
1987 880 2075 935 illa

522 968 766 1028 moritur,
816 975 872 1020 et
921 967 1036 1020 haec
1085 976 1208 1036 post
1261 968 1542 1022 duodecim
1585 982 1694 1023 suae
1749 969 2077 1024 inﬁrmitatis

518 1072 688 1110 annos
709 1058 935 1113 credens
980 1068 1227 1122 sanatur,
1291 1074 1411 1127 quae
1462 1074 1491 1112 a
1550 1059 1694 1114 nullo
1748 1061 2074 1116 medicorum

518 1149 695 1202 sanari
726 1157 993 1217 potuerat.
1036 1149 1185 1203 Multi
1212 1151 1356 1204 enim
1392 1160 1518 1205 sunt
1553 1151 1788 1217 medici,
1823 1151 1913 1220 qui
1947 1167 2076 1222 gen-

516 1237 658 1291 tibus
704 1238 928 1294 Salutem
974 1254 1034 1295 se
1085 1239 1345 1295 allaturos
1385 1241 1730 1310 pollicentur.
1793 1241 1850 1296 Si
1875 1242 2074 1296 videris

513 1328 864 1398 philosophos
920 1330 1207 1384 veritatem
1263 1333 1630 1400 proﬁtentes:
1674 1334 1862 1387 medici
1912 1344 2069 1398 sunt,

510 1419 600 1482 qui
651 1434 846 1474 sanare
901 1421 1166 1475 nituntur.
1227 1422 1297 1475 At
1346 1423 1606 1493 impensis
1655 1425 1904 1479 omnibus
1951 1441 2072 1494 quae

510 1510 743 1565 habebat
769 1513 821 1564 in
849 1511 1000 1573 illos,
1054 1513 1473 1582 haudquaquam
1509 1515 1682 1584 potuit
1716 1518 1783 1571 ab
1819 1517 1929 1571 ullo
1960 1533 2071 1571 me-

507 1603 750 1656 dicorum
783 1605 990 1658 sanari.
1034 1605 1236 1672 Tetigit
1264 1621 1331 1661 ex
1363 1607 1470 1660 lide
1515 1606 1781 1660 ﬁmbriam
1817 1606 1967 1672 Iesu,
1996 1616 2072 1663 'et

509 1693 805 1748 convaluit.
834 1695 889 1750 Si
913 1695 1320 1752 consideremus
1354 1696 1512 1751 ﬁdem
1535 1706 1777 1752 nostram
1807 1699 1858 1752 in
1885 1697 2067 1753 Iesum

506 1783 805 1850 Christum,
833 1794 887 1841 et
933 1788 1232 1856 cogitemus
1286 1798 1515 1857 quantus
1545 1797 1628 1843 est
1659 1787 1828 1844 Filius
1860 1789 1984 1856 Dei,
2015 1802 2068 1846 et

505 1889 795 1944 quemnam
842 1878 1012 1946 ipsum
1049 1887 1370 1948 tangamus:
1411 1880 1716 1937 videbimus
1741 1923 1756 1946 ,
1808 1883 1951 1952 quod
1999 1881 2064 1937 ad
2100 1871 2142 1924 Β

506 1971 963 2040 comparationem
1001 1973 1331 2028 ﬁmbriarum
1363 1989 1484 2044 qua:
1523 1975 1576 2028 in
1613 1977 1729 2046 ipso
1760 1987 1906 2046 sunt,
1946 1977 2069 2031 ﬁm-

505 2064 680 2118 briam
708 2079 866 2118 unam
891 2066 1180 2132 tetigimus.
1214 2064 1339 2121 Haec
1370 2066 1583 2122 ﬁmbria
1615 2069 1861 2123 medetur
1891 2070 2064 2134 nobis,

503 2165 557 2208 et
594 2155 724 2210 facit
758 2167 816 2211 ut
843 2157 910 2211 ab
941 2156 1060 2212 Iesu
1088 2159 1371 2213 audiamus
1405 2178 1417 2213 :
1451 2157 1623 2225 Filia,
1663 2159 1793 2228 ﬁdes
1829 2170 1920 2215 tua
1961 2162 2070 2215 sal-

502 2251 638 2304 uauit
667 2261 714 2303 te
735 2251 804 2313 ⁷⁷,
831 2261 885 2306 et
909 2267 1185 2307 curemur.
1213 2251 1280 2306 Et
1309 2253 1724 2324 archisynagogi
1749 2254 1859 2308 ﬁlia
1885 2269 2069 2309 resur-

503 2352 609 2407 get.
639 2343 864 2410 Quando
895 2349 1036 2400 enim
1060 2347 1343 2400 multitudo
1367 2347 1596 2415 gentium
1623 2347 1860 2417 ingressa
1881 2347 2060 2417 fuerit,

500 2447 624 2488 tunc
653 2439 822 2490 omnis
855 2437 1028 2493 Israel
1067 2439 1354 2493 salvabilur
1381 2441 1427 2472 ’⁸

1139 2616 1292 2672 CAP.
1332 2617 1426 2671 IX.

504 2707 566 2758 V.
607 2706 713 2780 27.
736 2708 871 2780 ADico
907 2717 1081 2761 autem
1103 2709 1244 2780 vobis
1271 2725 1388 2763 vere
1419 2723 1438 2760 :
1471 2709 1608 2763 Sunt
1637 2710 1856 2780 quidam
1881 2727 2062 2765 eorum

565 2778 659 2843 qui
694 2778 778 2829 hic
823 2779 1218 2850 steterunt,qui
1255 2795 1579 2850 nequaquam
1611 2778 1892 2850 gustabunt
1919 2797 2063 2836 mor-

567 2857 691 2910 tem,
726 2863 994 2916 quousque
1032 2849 1238 2902 videant
1273 2849 1489 2917 regnum
1519 2849 1633 2903 Dei.

567 2937 693 2992 Haec
717 2938 783 2992 ad
804 2936 1021 2992 Petrum
1050 2947 1104 2993 et
1137 2937 1396 2994 Iacobum
1431 2949 1487 2993 et
1525 2937 1789 2996 Joannem
1821 2940 2060 2996 nonnulli

500 3027 760 3092 referunt,
806 3029 901 3098 qui
948 3043 1054 3082 una
1086 3044 1207 3083 cum
1254 3029 1471 3084 Christo
1503 3031 1555 3084 in
1593 3031 1867 3086 excelsum
1907 3047 2061 3088 mon-

502 3126 608 3170 tem
635 3117 1038 3171 ascenderunt:
1080 3118 1171 3186 qui
1197 3127 1252 3171 et
1282 3127 1509 3174 mortem
1551 3135 1659 3174 non
1683 3130 2057 3191 gustaverunt,

2180 609 2298 678 ἅμα
2331 610 2396 678 τῇ
2426 607 2635 676 γενέσει
2664 608 2848 678 ἐκείνῃ
2881 607 3018 677 αῦτη
3046 607 3344 678 αἰμορῤοί.
3387 607 3470 660 Ἐν
3503 609 3711 683 ἀπαθείᾳ

2179 698 2288 770 γάρ
2318 700 2464 751 ἐστιν
2497 697 2677 766 ἐκείνη
2710 698 2832 750 ὅσον
2861 697 3050 766 χρόνον
3091 697 3156 767 ζῇ
3200 698 3234 767 ή
3287 699 3562 768 συναγωγή
3585 716 3596 728 ·
3629 702 3714 754 καὶ

2178 790 2206 840 ό
2233 788 2393 851 αὐτὸς
2425 789 2548 859 ὄρος
2581 787 2674 840 τοῦ
2717 787 2907 858 χρόνου
2945 785 3040 838 τοῦ
3073 785 3256 850 τέλους
3287 786 3493 857 ἐκείνης
3517 788 3714 859 καὶτῆς

2177 881 2348 951 ἀρχῆς
2374 881 2470 951 τῆς
2498 879 2766 950 σωτηρίας
2785 878 2988 948 ταύτης
3008 878 3141 931 ὲστί.
3166 878 3378 931 Δώδεκα
3399 879 3527 931 ἐτῶν
3551 880 3715 952 ἐκείνη

2177 969 2528 1040 ἀποθνήσκει,
2561 971 2653 1022 καὶ
2682 968 2887 1023 δώδεκα
2925 969 3059 1022 ὲτῶν
3093 969 3231 1039 αὕτη
3271 969 3365 1021 τοῦ
3409 969 3600 1033 πάθους
3634 989 3716 1023 πι-

2179 1063 2448 1118 στεύσασα
2478 1063 2856 1134 θεραπεύεται,
2889 1063 3009 1132 ἥτις
3029 1062 3127 1114 οὐκ
3157 1062 3374 1132 ἴσχυσεν
3407 1062 3494 1114 ὑπ’
3527 1062 3718 1128 οὐδενὸς

2174 1153 2282 1206 τῶν
2321 1153 2518 1225 ἰατρῶν
2558 1153 2976 1225 θεραπευθῆναι.
3023 1151 3211 1205 Πολλοὶ
3265 1153 3374 1223 γὰρ
3421 1153 3585 1223 ἰατροί
3604 1155 3717 1218 τοὺς

2174 1244 2281 1297 ἀπὸ
2329 1244 2495 1298 ἐθνῶν
2539 1244 2835 1314 ὑπέσχοντο
2878 1242 3232 1315 θεραπεῦσαι.
3291 1242 3416 1295 Ἐὰν
3458 1241 3716 1314 ἴδῃςτοὺς

2175 1336 2590 1405 φιλοσοφοῦντας
2616 1335 3111 1407 ἐπαγγελλομένους
3137 1335 3412 1406 ἀλήθειαν,
3441 1335 3603 1406 ἰατροί
3623 1337 3717 1388 εἰσι

2174 1426 2498 1498 θεραπεῦσαι
2515 1427 2860 1499 πειρώμενοι.
2879 1427 3016 1479 Ἀλλ’
3041 1427 3151 1497 (89)
3165 1427 3364 1489 αὐτοὺς
3385 1426 3718 1497 δαπανήσασα

2171 1519 2240 1572 τὰ
2269 1520 2396 1589 παρ’
2430 1521 2628 1591 ἑαυτῆς
2657 1521 2852 1583 πάντα,
2884 1519 2982 1572 οὐκ
3009 1517 3225 1587 ἴσχυσεν
3258 1520 3351 1570 ὑπ’
3379 1517 3586 1580 οὐδενὸς
3621 1517 3718 1570 τῶν

2175 1611 2370 1681 ἰατρῶν
2407 1610 2828 1682 θεραπευθῆναι.
2855 1609 3068 1680 "Hel/aco
3094 1610 3150 1662 δὲ
3170 1609 3264 1662 τοῦ
3309 1607 3606 1680 κρασπέδου
3633 1607 3717 1661 τοῦ

2183 1702 2354 1773 Ἰησοῦ
2383 1702 2470 1756 διὰ
2498 1702 2748 1764 πίστεως,
2780 1703 2873 1754 καὶ
2904 1700 3046 1772 ἰάθη.
3107 1699 3233 1753 Ἐὰν
3276 1699 3473 1768 ἴδωμεν
3511 1699 3604 1770 τὴν
3635 1698 3718 1751 πί-

2172 1809 2287 1845 στιν
2319 1792 2471 1864 ἡμῶν
2503 1793 2600 1863 τὴν
2643 1795 2722 1856 εἰς
2769 1792 2975 1864 Ἰησοῦν
3011 1791 3281 1863 Χριστὸν,
3322 1790 3417 1842 καὶ
3456 1790 3716 1859 νοήσωμεν

2170 1884 2394 1954 πηλίκος
2425 1885 2571 1937 ἐστὶν
2603 1886 2632 1937 ὁ
2670 1883 2796 1946 Υίὸς
2827 1883 2920 1936 τοῦ
2967 1882 3124 1946 Θεοῦ,
3159 1881 3254 1936 καὶ
3295 1881 3439 1944 τίνος
3479 1879 3717 1950 ἡψάμεθα

2170 1977 2354 2041 αὐτοῦ,
2393 1976 2652 2048 ὀψόμεθα,
2703 1978 2782 2030 ὅτι
2828 1976 2966 2047 πρὸς
3014 1975 3303 2046 σύγκρισιν
3349 1972 3456 2026 τῶν
3488 1976 3542 2025 ὲν
3585 1970 3716 2042 αὐτῷ

2170 2065 2486 2140 κρασπέδων
2513 2066 2816 2136 κρασπέδου
2849 2066 3127 2138 ἡψάμεθα.
3151 2065 3325 2118 Τοῦτο
3345 2065 3405 2117 τὸ
3433 2063 3716 2135 κράσπεδον

2170 2155 2464 2228 θεραπεύει
2503 2158 2669 2228 ήμᾶς,
2715 2156 2810 2210 καὶ
2840 2161 2982 2210 ποιεί
3009 2157 3228 2210 ἀκούειν
3263 2155 3372 2209 ἀπὸ
3399 2153 3490 2207 τοῦ
3526 2153 3715 2223 Ἰησοῦ·

2171 2249 2447 2318 Θύτατερ,
2492 2250 2530 2317 ἡ
2563 2249 2765 2314 πίστις
2797 2264 2911 2302 σου
2943 2247 3176 2302 σέσωκέ
3205 2263 3308 2308 σε,
3345 2247 3437 2298 καὶ
3472 2245 3720 2315 θεραπευ-

2169 2337 2366 2408 θῶμεν.
2397 2338 2559 2410 Καὶή
2592 2339 2834 2410 θυγάτηρ
2857 2339 3216 2409 ἀναστήσεται
3245 2337 3338 2390 τοῦ
3367 2331 3717 2407 ἀρχισυναγώ-

2167 2445 2283 2498 γου.
2330 2429 2655 2499 Ὅταντὰρ
2696 2429 2763 2483 τὸ
2794 2428 3024 2498 πλῆθος
3056 2427 3176 2483 τῶν
3223 2427 3423 2483 ἐθνῶν
3463 2425 3710 2491 εἰσέλθῃ,

2166 2519 2297 2571 τότε
2330 2515 2448 2584 πᾶς
2483 2517 2716 2586 Ἰσραὴλ
2745 2519 3097 2587 σωθήσεται.

2813 2610 2970 2662 ΚΕΦ.
3012 2609 3086 2662 Θ’.

2171 2699 2325 2822 Στίχ.
2363 2697 2464 2764 κζ’.
2501 2699 2663 2769 Λέγω
2688 2697 2755 2752 δὲ
2784 2699 2928 2820 ὐῖιῖνζ
2947 2701 3186 2788 άληθῶς
3205 2717 3218 2730 ·
3265 2699 3403 2752 Εἰσί
3432 2692 3714 2782 τινες-’τῶν

2231 2789 2278 2823 ω
2317 2787 2346 2823 ε
2383 2771 2741 2823 ἑστηκότων.
2781 2787 2811 2822 0
2868 2786 2938 2822 ου
2973 2769 3051 2823 m‘i
3088 2784 3424 2823 τευσωνται
3451 2771 3709 2823 θάνατον.

2231 2764 2346 2823 ὦδε
2383 2764 2741 2836 ἑστηκότων,
2781 2764 2837 2822 οῗ
2868 2771 2938 2822 οὐ
2967 2764 3061 2838 μὴ
3088 2764 3424 2838 γεῦονωνται
3444 2764 3709 2838 θανάτου,

2231 2840 2342 2906 ἕως
2367 2838 2444 2893 ἂν
2469 2839 2637 2892 ἴδωσι
2677 2839 2790 2907 τὴν
2812 2837 3138 2904 βασιλείαν
3169 2839 3284 2893 τοῦ
3319 2837 3486 2892 Θεοῦ.

2230 2931 2416 2986 Ταῦτα
2447 2932 2539 2984 ἐπὶ
2565 2931 2768 3003 Πέτρον
2799 2931 2891 2984 καὶ
2933 2930 3185 2986 Ἰάκωϐον
3221 2932 3324 2985 καὶ
3374 2929 3616 2999 Ἰωάννην
3638 2942 3710 2978 τι-

2161 3024 2249 3087 νὲς
2286 3023 2644 3096 ἀναφέρουσι,
2690 3022 3083 3086 συναναϐάντες
3131 3025 3209 3086 εἰς
3260 3023 3325 3077 τὸ
3368 3005 3562 3092 ύῷηλὸν
3599 3018 3711 3088 ὅρος

2159 3117 2397 3189 Χριστῷ,
2423 3116 2471 3169 οἳ
2503 3116 2596 3169 καὶ
2617 3115 2846 3169 θανάτου
2874 3117 2972 3170 οὐκ
2999 3116 3318 3183 ἐγεύσαντο,
3349 3115 3452 3186 πρὸ
3477 3111 3566 3180 τοῦ
3597 3111 3710 3164 ἰδεῖν

498 3215 787 3276 antequam
838 3208 1094 3264 viderunt
1130 3207 1327 3264 Filium
1381 3209 1618 3266 hominis
1674 3212 1959 3268 advenisse
2004 3213 2056 3268 in

2163 3210 2250 3264 τὸν
2288 3210 2416 3264 Υἱὸν
2451 3208 2546 3262 τοῦ
2585 3207 2870 3278 ἀνθρώπου
2899 3208 3116 3261 ἐλθόντα
3148 3208 3204 3262 ἐν
3243 3211 3316 3280 τῇ
3360 3204 3597 3278 βασιλείᾳ
3624 3201 3711 3254 αύ-

496 3313 663 3364 regno
695 3314 814 3364 suo,
849 3299 961 3354 sive
989 3299 1042 3354 in
1070 3301 1241 3370 gloria
1277 3301 1769 3368 transﬁgurationis
1795 3303 1931 3372 ejus.

562 3389 715 3458 Quod
738 3392 782 3445 si
811 3391 937 3460 quid
966 3392 1232 3448 curiosius
1265 3393 1446 3449 dicere
1472 3393 1616 3460 licet,
1643 3406 1698 3450 et
1730 3396 1795 3448 de
1829 3410 1892 3450 eo
1916 3396 2057 3466 quod

492 3485 563 3538 sit
589 3492 733 3539 stare
761 3500 882 3540 cum
909 3481 1176 3547 Christo,
1207 3494 1263 3541 et
1298 3485 1363 3542 de
1397 3502 1462 3542 eo
1506 3488 1647 3556 quod
1701 3489 1773 3543 sit
1822 3499 2052 3544 mortem

491 3584 709 3638 gustare
741 3595 754 3629 :
781 3575 995 3631 fuerunt
1029 3578 1248 3648 quidam
1297 3579 1388 3649 qui
1438 3587 1707 3634 steterunt
1754 3579 1844 3634 ubi
1873 3578 2053 3645 Iesus,

491 3667 675 3720 anima
717 3666 882 3722 innixi
910 3683 1071 3738 super
1094 3669 1225 3735 illo;
1273 3678 1501 3740 eratque
1535 3684 1721 3725 eorum
1753 3669 1918 3726 statio
1948 3687 2054 3725 non

493 3760 778 3814 admodum
825 3760 1087 3816 abludens
1148 3776 1179 3815 a
1242 3759 1442 3832 Moysis
1513 3761 1769 3818 statione.
1842 3762 2052 3817 Etenim

493 3850 666 3919 inquit
689 3850 902 3922 Moyses
929 3870 941 3904 :
967 3852 1189 3921 Egoque
1212 3855 1336 3908 steti
1362 3854 1415 3908 in
1453 3862 1634 3908 monte
1669 3855 1784 3910 dies
1817 3857 2054 3923 quadra-

488 3942 633 4008 ginta
657 3949 712 3994 et
735 3951 920 3996 noctes
949 3942 1327 4012 quadraginta,
1351 3945 1543 4014 dignus
1564 3946 1816 4002 audiendi
1840 3946 2051 4001 factus:

439 4084 447 4092 .
493 4039 571 4095 Tu
601 4054 731 4094 vero
758 4041 829 4095 ibi
869 4049 952 4094 sta
986 4054 1200 4094 mecum
1235 4039 1302 4092 7°.
1335 4037 1501 4092 Pauci
1545 4052 1708 4106 porro
1737 4046 1866 4092 sunt
1893 4038 2051 4092 amici

493 4128 605 4194 Dei,
635 4129 722 4196 qui
757 4130 1044 4184 stationem
1097 4128 1298 4183 habent
1333 4127 1389 4180 in
1427 4127 1568 4181 bono
1595 4165 1611 4191 ,
1642 4126 1779 4181 sicut
1810 4125 2050 4194 Baptista

492 4221 603 4285 ipse
629 4220 694 4273 de
722 4234 783 4274 se
811 4220 939 4275 dicit
962 4234 978 4272 ι
1005 4219 1072 4273 At
1105 4219 1306 4272 amicus
1325 4217 1506 4286 sponsi
1534 4224 1679 4268 stans
1706 4215 1898 4284 gaudio
1921 4232 2053 4284 gau-

488 4316 573 4362 det
611 4308 678 4362 ⁸⁰.
727 4309 792 4362 Ει
832 4309 866 4362 ii
907 4308 1071 4377 igitur
1113 4307 1207 4377 qui
1260 4313 1528 4362 steterunt
1586 4304 1725 4373 apud
1792 4301 2050 4367 Verbum,

491 4399 688 4454 habent
715 4400 1013 4454 stationum
1049 4399 1414 4453 diversitates.
1452 4397 1630 4464 Quare
1676 4396 1821 4451 haud
1862 4410 2051 4475 omnes

487 4492 576 4560 qui
609 4506 776 4562 penes
803 4490 1140 4546 Salvatorem
1168 4500 1389 4556 stetere,
1425 4492 1519 4546 sed
1546 4490 1765 4560 quidam
1791 4503 1858 4542 ex
1892 4487 2043 4556 ipsis,

2159 3301 2274 3366 τοῦ,
2305 3302 2422 3372 ἦτοι
2447 3303 2503 3354 ἐν
2527 3304 2593 3373 τῇ
2622 3301 2748 3373 δόξῃ
2780 3301 2877 3371 τῆς
2907 3299 3384 3372 μεταμορφώσεως
3421 3295 3600 3352 αὐτοῦ.

2226 3395 2288 3447 Εἰ
2313 3394 2370 3446 δὲ
2396 3395 2498 3466 χρή
2526 3412 2578 3446 τι
2604 3395 2694 3446 καὶ
2723 3393 3138 3464 περιεργότερον
3175 3396 3354 3446 εἰπεῖν
3389 3389 3514 3461 περί
3541 3403 3598 3440 τε
3623 3381 3707 3436 τοῦ

2157 3485 2372 3538 ἑστάναι
2401 3484 2538 3555 μετὰ
2575 3483 2767 3554 Ἰησοῦ,
2792 3484 2885 3536 καὶ
2909 3484 3037 3554 περί⁸
3065 3482 3160 3535 τοῦ
3189 3483 3448 3553 γεύεσθαι
3473 3479 3706 3532 θανάτου⁹

2155 3575 2294 3649 ἦσάν
2327 3596 2470 3643 τινες
2514 3577 2745 3641 ἑστῶτες
2776 3579 2907 3631 ὅπου
2953 3576 3192 3648 Ἰησοῦς,
3235 3572 3610 3650 ἐρηρεισμένοι
3645 3567 3705 3636 τῇ

2153 3672 2297 3743 ψυχῇ
2329 3671 2458 3742 παρ’
2483 3666 2789 3740 αύτῷητΗν
2830 3669 3013 3732 αὐτοῖς
3052 3670 3085 3739 ή
3128 3668 3318 3732 στάσις
3358 3663 3614 3735 συγγενὴς
3644 3661 3706 3730 τῇ

2153 3763 2246 3817 τοῦ
2287 3765 2476 3835 Μωσῆ.
2513 3761 2681 3832 Κάγὼ
2716 3763 2843 3833 γάρ,
2879 3763 3042 3834 φησὶν
3073 3763 3101 3814 ὁ
3144 3761 3409 3830 Μωῡσῆς,
3449 3756 3606 3824 ἔστην
3653 3751 3706 3801 ὲν

2108 3885 2115 3893 -
2153 3855 2230 3927 τῷ
2257 3855 2372 3928 όρει
2401 3856 2610 3927 ἡμέρας
2645 3853 3048 3925 τεσσαράκοντα
3077 3854 3170 3906 καὶ
3212 3855 3416 3914 νύκτας
3453 3841 3705 3912 τεσσαρά-

2153 3964 2336 4009 κοντα,
2368 3945 2617 4011 ἀξιωθεὶς
2639 3945 2893 3999 ἀκοῦσαι·
2923 3945 3015 3998 καὶ
3049 3947 3111 3998 σὺ
3135 3946 3191 3998 δὲ
3223 3943 3388 3998 αὑτοῦ
3422 3938 3570 4009 στῆθι
3600 3931 3707 4005 μετ’

2152 4035 2302 4106 ἐμοῦ.
2351 4035 2547 4103 Ὀλίγοι
2572 4035 2628 4087 δὲ
2659 4035 2752 4088 καὶ
2793 4035 2934 4104 φίλοι
2956 4035 3111 4099 Θεοῦ,
3154 4037 3267 4089 ὅσοι
3305 4035 3404 4104 τὴν
3447 4028 3625 4083 στάσιν
3652 4022 3707 4073 ὲν

2151 4127 2229 4198 τῷ
2258 4127 2408 4198 καλῷ
2440 4127 2674 4198 ἔχουσιν,
2708 4129 2785 4190 ὼς
2810 4131 2837 4181 ὀ
2867 4127 3174 4198 Βαπτιστὴς
3204 4127 3366 4190 αὐτὸς
3401 4120 3526 4192 περί
3555 4109 3706 4169 αὑτοῦ

2151 4218 2296 4285 λέγει
2317 4235 2331 4246 ’
2367 4217 2428 4271 ’θ
2455 4217 2524 4270 δὲ
2552 4218 2729 4285 φίλος
2757 4216 2862 4270 τοῦ
2901 4216 3162 4285 ’Μιμερίου
3194 4215 3385 4280 ἑστὼς
3413 4205 3562 4282 χαρᾷ
3589 4200 3706 4272 χαίσ

2141 4329 2256 4380 ρει.
2302 4312 2410 4365 Καὶ
2442 4312 2491 4364 οἱ
2535 4310 2823 4380 ἑστηκότες
2869 4309 2998 4378 γοῦν
3048 4308 3198 4378 παρὰ
3227 4307 3308 4377 τῷ
3346 4305 3511 4390 Λόγῳγ
3538 4297 3703 4390 sxw-Gs

2149 4401 2289 4456 κατά
2325 4401 2423 4471 τὴν
2463 4400 2648 4453 στάσιν
2679 4398 2959 4469 διαφοράς.
2999 4397 3090 4449 Διὸ
3129 4397 3189 4448 οὑ
3233 4396 3434 4455 πάντες
3469 4389 3517 4442 οἱ
3547 4387 3705 4437 ἑστῶ-

2147 4511 2238 4556 τες
2278 4493 2425 4564 παρὰ
2451 4491 2527 4562 τῷ
2559 4491 2790 4561 Σωτῆρι,
2821 4488 2956 4542 ἀλλά
2986 4505 3128 4551 τινες
3163 4487 3362 4549 αὐτῶν,
3392 4483 3466 4545 ὼς
3513 4473 3704 4564 βέλτιον

485 4590 740 4649 tanquam
765 4580 855 4648 qui
882 4580 1072 4635 melius
1105 4581 1374 4647 steterint,
1404 4591 1633 4635 mortem
1664 4595 1770 4634 non
1803 4587 2040 4649 gustant,

2163 4552 2459 4652 ὲσέηκόὶες,
2499 4552 2560 4632 '00
2608 4552 2858 4649 γεύονται
2898 4579 3149 4640 θανάτου,
3187 4575 3292 4640 ἓως
3335 4573 3399 4628 ἂν
3442 4570 3586 4623 ἴδωσι
3620 4559 3706 4652 τόν

484 4673 656 4727 donec
694 4673 920 4726 videant.
960 4672 1196 4728 Verbum
1228 4688 1351 4727 cum
1401 4673 1712 4728 hominibus
1751 4687 2047 4727 conversa-

483 4776 618 4832 tum,
682 4776 738 4820 et
794 4776 1080 4836 propterea
1150 4764 1346 4820 Filium
1401 4766 1636 4821 hominis
1694 4767 2042 4835 appellatum,

483 4860 788 4914 venientem
815 4861 867 4915 in
901 4875 1069 4930 regno
1102 4874 1220 4913 suo.
1252 4857 1368 4913 Non
1392 4861 1538 4913 enim
1566 4858 1767 4928 jugiler
1800 4859 1851 4912 in
1878 4873 2044 4927 regno

479 4961 575 5002 suo
630 4951 822 5014 venit,
891 4958 1150 5020 quantum
1223 4949 1289 5004 ad
1368 4965 1462 5004 eos
1531 4949 1622 5025 qui
1691 4949 2044 5004 introducun-

481 5047 565 5090 tur
621 5039 731 5108 (88)
789 5041 1022 5106 attinet,
1076 5041 1166 5109 qui
1229 5039 1387 5094 facile
1451 5041 1732 5103 dicerent,
1800 5058 1900 5094 non
1947 5042 2044 5094 Ita-

478 5128 598 5182 bere
617 5147 734 5182 eum
758 5133 1000 5200 speciem,
1035 5147 1194 5201 neque
1227 5131 1674 5198 pulchritudinem
1702 5132 1768 5185 ⁸¹.
1799 5133 1868 5185 At
1897 5133 2038 5186 enim

477 5223 614 5292 apud
645 5237 738 5276 eos
779 5225 870 5291 qui
908 5225 1017 5291 jam
1053 5222 1276 5292 perfecti
1328 5233 1486 5288 sunt,
1521 5222 1813 5277 secundum
1845 5223 2034 5287 David,

477 5321 700 5379 apparet
731 5314 990 5380 speciosus
1030 5314 1202 5382 forma
1243 5329 1352 5382 pra:
1384 5313 1510 5380 ﬁliis
1541 5314 1812 5366 hominum
1841 5314 1908 5368 θ’.
1938 5311 2039 5366 Ha-

478 5401 569 5454 bet
611 5401 771 5470 igitur
814 5405 1016 5470 regiam
1075 5405 1362 5459 admodum
1407 5403 1723 5471 dignitatem
1777 5401 2037 5468 Verbum,

475 5492 602 5546 dum
666 5494 876 5549 videtur
937 5497 1263 5564 quibusdam
1311 5491 1577 5550 ‘stantium
1643 5495 1780 5563 apud
1829 5492 2035 5559 Jesum,

2154 4650 2457 4744 ἀνθρώποις
2483 4673 2896 4744 ἐπιδημήσαντα
2933 4670 3122 4738 Λόγον,
3161 4669 3252 4722 καὶ
3284 4666 3372 4721 διὰ
3408 4660 3558 4716 τοῦτο
3586 4650 3705 4744 Υῗῖδν

2153 4764 2435 4836 ἀνθρώπου
2467 4743 2886 4836 χρηματίζοντα,
2926 4764 3213 4836 ἐρχόμενον
3251 4761 3308 4814 ὲν
3333 4761 3396 4829 τῇ
3421 4747 3581 4807 αὑτοῦ

2153 4857 2342 4928 σιλείᾳ.
2370 4857 2445 4909 Οὐ
2479 4857 2583 4928 γάρ
2609 4857 2694 4909 ἀεὶ
2717 4857 2774 4908 ὲν
2796 4858 2860 4926 τῇ
2887 4854 3052 4908 αὑτοῦ
3087 4853 3328 4925 βασιλείᾳ
3362 4845 3704 4928 ἔρχεταιῖᾂως

2143 4949 2236 5002 ἐπὶ
2259 4924 2370 5012 τοῖς
2397 4924 2787 5018 εἰσαγομένοις,
2893 4947 2987 5000 καὶ
3019 4924 3104 5015 μὴ
3140 4946 3304 5013 ἔχειν
3332 4937 3516 4997 αὐτὸν
3551 4924 3702 5018 εἶδος

2145 5042 2183 5108 ἢ
2231 5041 2456 5107 κάλλος
2505 5014 2714 5106 λέξαιεν
2758 5039 2842 5093 ἄν.
2888 5014 3030 5101 Τοῖςῗ
3057 5037 3114 5090 δὲ
3154 5037 3394 5098 τελείοις,
3441 5014 3699 5121 xum.er

2145 5130 2325 5194 Δαυῒδ,
2363 5130 2574 5199 ὡραῖος
2605 5131 2873 5199 φαίνεται
2907 5128 3117 5183 κάλλει
3163 5127 3320 5195 παρὰ
3357 5120 3494 5183 τοὺς
3539 5111 3699 5167 υἱοὺς

2145 5223 2262 5275 τῶν
2301 5223 2642 5290 ἀνθρώπων.
2689 5224 2872 5274 Ἔστιν
2909 5216 3003 5274 οὖν
3039 5219 3451 5290 βασιλικώτατον
3491 5201 3695 5295 ﬁlo-lii?

2144 5313 2221 5384 τῷ
2254 5315 2431 5385 Λόγῳ,
2464 5310 2789 5384 βλεπόμενόὺ
2828 5331 2937 5366 τισι
2975 5313 3082 5366 τῶν
3111 5311 3412 5381 ἑστηκότων
3441 5294 3588 5367 παρὰ
3623 5301 3694 5385 cf?

2158 5405 2352 5477 Ἰησοῦ,
2385 5405 2691 5460 ἀκολουθεῖν
2730 5404 2876 5475 αὐτῷ
2907 5403 3228 5475 δυνηθεῖσιν,
3265 5393 3591 5477 ἁναόαίνοντξ
3618 5378 3688 5474 εξθ

2146 5497 2205 5550 τὸ
2222 5474 2427 5569 ⁷ὑψηλὸν
2443 5497 2544 5568 τῆς
2566 5497 2921 5570 φανερώσεως
2946 5474 3109 5551 αὐτοῦ
3139 5495 3261 5558 ὅοος
3281 5510 3293 5524 ⁸
3321 5483 3380 5545 οὗ
3413 5499 3497 5546 τις
3525 5474 3690 5540 ἀξίων

544 5680 588 5709 ⁷⁷
618 5677 805 5733 Matth.
840 5691 918 5737 ιι,
951 5675 1042 5730 22.
1115 5675 1159 5706 ⁷⁸
1188 5674 1343 5729 Rom.
1376 5688 1450 5738 ιιι,
1477 5671 1566 5737 25,
1597 5671 1687 5725 26.
1765 5672 1810 5702 ⁷⁹
1832 5671 1986 5726 Deut.
2027 5688 2058 5728 ll

2175 5678 2221 5710 ⁸⁰
2262 5661 2530 5750 Joan.m,
2555 5679 2640 5736 29.
2689 5678 2908 5756 _“_Isa.
2936 5693 3054 5748 LIII,
3085 5677 3140 5734 2.
3232 5667 3444 5732 “Psal.
3470 5667 3610 5716 sur.
3636 5644 3690 5700 3-

540 5797 654 5862 (88)
687 5795 994 5864 Respicitur
1033 5795 1097 5848 ad
1161 5795 1426 5866 lsagogas,
1483 5793 2227 5865 primasque"institutiones.

545 5868 655 5936 (89)
686 5867 846 5922 Forte
880 5867 1031 5922 deest
1062 5867 1162 5928 εἰς.
