3942 6318
188 444 276 498 δη
1459 442 1747 500 δςιιοιιΑ

1856 446 1860 497 Ξ
1897 446 2153 503 LUCAM.
3320 450 3421 505 3&9

183 572 269 609 ται
292 553 507 626 Πέτρος
547 554 642 621 ὣν,
681 556 773 608 καὶ
802 550 1140 610 τὸάσειστον
1175 555 1315 627 ἔχων
1363 557 1420 609 ὲν
1452 559 1517 627 τῇ
1550 556 1747 611 πίστει⁴

1863 563 1952 628 qui
2013 577 2133 616 eum
2184 562 2333 630 sequi
2375 561 2559 615 valent
2610 563 2989 618 ascendentem
3041 562 3093 616 in
3145 560 3420 617 excelsum

181 648 210 719 ἢ
236 649 340 701 υἱοὶ
375 648 575 719 ἱροτῶν
603 648 735 719 (90),
761 648 818 701 οἳ
838 649 935 702 καὶ
954 648 1212 703 θανάτου
1239 651 1312 703 οὐ
1336 650 1630 719 γεύονται,
1647 650 1747 717 ἕως

1864 664 2100 709 montem
2160 652 2613 715 manifestationis
2667 668 2777 708 sua:
2824 673 2845 729 ⁵ε
2898 669 3004 724 quo
3054 654 3179 724 quis
3227 653 3422 723 dignus

179 741 252 794 ἂν
286 739 462 794 ῑδωσι
504 741 613 794 τὸν
654 740 789 794 ride-
833 741 939 797 τοῦ
981 740 1296 810 ἀνθρώπου
1323 742 1651 811 ἐρχόμενον
1690 743 1747 796 ἐν

1862 743 2090 798 habetur
2129 743 2175 798 si
2226 743 2422 799 Petrus
2470 744 2655 811 fuerit,
2686 744 2988 814 habeatque
3046 746 3418 800 inconcussam

178 830 247 900 τῇ
260 832 564 900 ,ϐασιλείᾳ
588 832 793 887 αὐτοῦ.

242 1120 363 1189 Ζωὴ
400 1119 463 1173 δὲ
494 1121 524 1173 6
562 1117 813 1192 Χριστός.
867 1118 925 1169 '0
958 1115 1015 1169 δὲ
1052 1116 1256 1187 ταύτης
1288 1114 1479 1186 ἐχθρὸς
1510 1113 1752 1179 θάνατος,

177 1212 263 1264 καὶ
285 1214 313 1264 6
336 1210 407 1264 δι’
446 1210 744 1282 ἁμαρτίας,
780 1208 813 1280 ἢ
848 1207 1051 1278 ἑτέρως
1080 1204 1384 1276 νοούμενος.
1420 1198 1521 1258 Ὧν
1552 1207 1613 1258 τὸ
1640 1206 1755 1258 ἐτέ-

176 1320 263 1372 ρον
287 1303 355 1356 δι’
389 1296 471 1357 ὧν
494 1305 723 1366 ἕκαστος
756 1300 911 1373 ἡμῶν
944 1301 1169 1372 πράττει
1206 1298 1505 1367 ἐκλέγεται.
1546 1301 1754 1371 Ὠσπερ

172 1389 258 1445 οὖν
307 1397 337 1448 6
386 1394 629 1465 Χριστὸς
669 1393 832 1464 ἄρτος
872 1390 988 1443 ἐστὶ
1026 1388 1153 1453 ζῶν,
1182 1387 1355 1451 οὕτως
1387 1391 1415 1442 6
1439 1389 1629 1460 ἐχθρὸς
1663 1391 1754 1441 αὐ-

171 1486 259 1538 τοῦ
314 1486 555 1550 θάνατος
605 1486 768 1556 ἄρτος
814 1486 928 1537 ὲστί
973 1482 1182 1553 νεκρός.
1236 1482 1393 1534 Πᾶσα
1444 1481 1501 1532 δὲ
1562 1480 1753 1551 λογικὴ

170 1578 312 1650 ψυχὴ
348 1579 570 1651 θατέρῳ
600 1578 802 1630 τούτων
840 1577 1129 1648 τρέφεται·
1164 1575 1198 1645 ἡ
1224 1575 1319 1646 μὲν
1342 1573 1610 1645 γευομένη
1640 1574 1755 1626 τού-

170 1690 271 1723 των
321 1672 523 1743 μόνον,
556 1674 590 1741 ὴ
637 1670 693 1723 δὲ
742 1670 835 1722 καὶ
883 1670 975 1721 ἐπὶ
1026 1667 1277 1719 πλεῖστον
1324 1664 1594 1718 ἐσθίουσα.
1644 1668 1754 1719 Καὶ

169 1759 309 1829 τάχα
342 1762 397 1812 οἱ
429 1760 527 1830 μὲν
561 1757 801 1821 σπανίως
832 1758 924 1816 καὶ
959 1755 1131 1827 μικρά
1165 1755 1567 1826 ἁμαρτάνοντες
1597 1754 1754 1824 μόνον

167 1851 431 1917 γεύονται
474 1850 735 1903 θανάτου·
785 1850 831 1901 οἱ
882 1848 939 1900 δὲ
988 1848 1189 1918 ἀρετὴν
1237 1846 1584 1916 ἀνειληφότες
1631 1846 1750 1899 οὐδὲ

1862 835 2019 890 ﬁdem
2056 855 2069 891 :
2099 836 2182 890 vel
2226 835 2316 889 lilii
2361 836 2653 890 tonitruum
2677 875 2693 899 ,
2729 839 2819 906 qui
2858 838 3013 890 etiam
3050 847 3267 891 mortem
3315 853 3419 891 non

1857 930 2163 997 gustabunt,
2192 931 2353 983 donec
2388 929 2594 983 videant
2637 926 2842 982 Filium
2872 929 3101 984 hominis
3133 935 3420 990 uenientem

1856 1023 1911 1075 in
1948 1038 2103 1091 regno
2121 1038 2235 1076 suo.

1928 1115 2050 1168 Vita
2080 1130 2243 1183 porro
2275 1123 2359 1168 est
2390 1113 2657 1177 Christus.
2692 1112 2864 1181 Hujus
2896 1114 3092 1180 hostis,
3123 1132 3269 1173 mors
3305 1118 3422 1174 sive

1856 1221 1975 1277 quze
2008 1221 2103 1275 per
2137 1216 2444 1276 peccatum,
2470 1206 2583 1260 sive
2622 1204 2778 1259 aliter
2808 1205 3146 1274 intelligitur.
3184 1207 3260 1261 Ex
3296 1210 3417 1278 qui-

1854 1300 1955 1353 bus
1984 1298 2323 1360 alterutrum,
2364 1312 2460 1366 per
2490 1312 2551 1352 ea
2582 1312 2699 1366 qute
2731 1296 2959 1366 quisque
2992 1308 3235 1353 nostrum
3267 1299 3417 1367 facit,

1854 1391 2092 1457 eligitur.
2122 1390 2275 1445 Sicut
2307 1392 2470 1461 igitur
2498 1389 2749 1444 Christus
2774 1399 2857 1443 eSt
2887 1390 3040 1455 panis
3072 1390 3216 1445 rivus
3246 1392 3315 1456 ⁸³,
3342 1393 3422 1449 sie

1856 1483 2027 1538 hostis
2054 1486 2167 1553 ejus
2201 1500 2379 1551 mors,
2422 1483 2575 1554 panis
2600 1492 2683 1537 est
2717 1492 2988 1540 mortuus.
3056 1482 3247 1539 Omnis
3291 1501 3421 1540 vero

1856 1575 2141 1630 rationalis
2194 1577 2377 1629 anima
2442 1575 2707 1629 alterutro
2763 1574 2955 1628 horum
3007 1579 3242 1630 nutritur
3274 1595 3287 1630 :
3322 1577 3417 1630 sed

1855 1667 2095 1736 qntedam
2148 1668 2362 1735 quidem
2416 1666 2516 1720 hos
2576 1668 2839 1720 duntaxat
2890 1675 3092 1733 gustat,
3171 1666 3418 1736 quaadam

1854 1772 1987 1811 vero
2018 1757 2220 1827 largius
2273 1757 2529 1812 comedit.
2559 1755 2926 1812 Plunsibiliter
2952 1757 3114 1825 igitur
3162 1758 3415 1820 dixerim,

1854 1848 1997 1917 quod
2044 1848 2136 1917 qui
2180 1862 2304 1901 raro
2344 1860 2396 1900 et
2442 1862 2607 1916 parva
2664 1857 2926 1916 peccant,
2979 1856 3197 1917 gustant
3243 1847 3417 1903 solum

162 1943 435 2010 γεύονται
464 1942 650 2003 αὑτοῦ,
678 1940 790 1994 ἀλλ’
814 1942 900 1993 ἀεὶ
927 1939 1088 2009 ἄρτον
1111 1937 1398 2010 τρέφονται
1424 1936 1620 1999 ζῶντα.
1653 1938 1747 1990 Πέ-

1860 1949 2086 1993 mortem
2122 1958 2135 1993 :
2162 1948 2217 1992 at
2246 1940 2336 2008 qui
2368 1940 2625 1992 virtutem
2656 1948 2934 2004 exercent,
2958 1954 3024 1993 ne
3057 1949 3275 2009 gustant
3297 1941 3420 2009 qui-

157 2051 278 2104 τρῳ
313 2031 440 2097 οὖν,
462 2030 533 2089 οὗ
558 2033 743 2086 πύλαι
763 2030 849 2099 μὴ
868 2032 1248 2099 κατίσχυσαν
1268 2028 1437 2094 ᾅδου,
1464 2028 1747 2081 ἀκόλουθον

1856 2030 1975 2082 dem
2017 2040 2271 2094 mortem,
2306 2031 2414 2087 sed
2455 2045 2669 2102 semper
2720 2046 2859 2101 pane
2910 2032 3031 2085 vivo
3083 2032 3414 2087 nutriuntur.

150 2121 224 2196 ἧν
254 2124 469 2176 τούτου
500 2122 572 2193 μὴ
599 2120 873 2190 γεύεσθαι.
920 2120 1055 2172 Τότε
1083 2120 1191 2191 γάρ
1219 2136 1304 2182 τις
1337 2118 1556 2187 γεύεται
1595 2118 1747 2172 θανά‹

1856 2121 2208 2191 Consequens
2234 2122 2399 2191 igitur
2426 2133 2564 2189 erat,
2613 2135 2668 2177 ut
2709 2123 2920 2188 Petrus,
2970 2126 3215 2178 adversus
3265 2140 3417 2208 quem

152 2236 285 2282 του,
319 2219 419 2271 ὅτε
453 2216 615 2269 πύλαι
643 2215 767 2287 ᾇδου
796 2212 1215 2284 κατισχύσουσιν
1242 2211 1430 2266 αὐτοῦ.
1475 2211 1632 2265 Ἀλλὰ
1658 2214 1747 2264 καὶ

1856 2222 2019 2278 porto:
2039 2214 2201 2283 inferi
2233 2230 2338 2269 non
2367 2216 2757 2283 prtevaluerunt
2787 2216 2853 2278 ⁸⁷⁵,
2872 2232 2988 2269 eam
3022 2231 3128 2270 non
3157 2225 3415 2284 gustaret.

102 2353 106 2357 .
152 2311 280 2372 τοῖς
306 2308 422 2377 τῆς
453 2306 677 2379 βροντῆς
711 2305 863 2368 υἱοῖς,
893 2303 1226 2375 γεννηθεῖσιν
1264 2303 1371 2356 ἀπὸ
1405 2302 1631 2373 βροντῆς
1661 2304 1747 2356 ἀν-

1856 2301 2005 2357 Tnnc
2054 2303 2199 2357 enim
2250 2307 2371 2372 quis
2426 2318 2653 2359 mortem
2706 2315 2930 2376 gustat,
2982 2307 3198 2375 quando
3250 2318 3420 2375 porta:

154 2395 455 2468 θρωπίνου
480 2396 775 2465 χρήματος,
800 2392 1058 2446 ἀδύνατον
1080 2387 1148 2462 ἦν
1176 2391 1406 2444 θανάτου
1429 2391 1746 2460 γεύσασθαι,

157 2486 255 2541 τοῦ
299 2486 517 2558 σφόδρα
551 2484 739 2557 πόρρω
764 2485 863 2556 τῆς
892 2484 1097 2556 μητρὸς
1137 2484 1316 2537 αὐτῶν
1342 2483 1588 2555 βροντῆς.

236 2750 314 2803 T6
346 2748 427 2815 δὲ,
464 2748 596 2815 ἕως,
640 2748 877 2802 ἐνταῦθα
906 2748 1055 2820 δηλοῖ
1076 2748 1167 2803 τὸν
1198 2748 1589 2817 κατεπείγοντα
1620 2749 1749 2822 περὶ

171 2840 261 2893 τοῦ
292 2840 632 2912 δηλουμένου
664 2840 883 2911 χρόνον,
911 2841 970 2894 οὐ
1003 2841 1463 2913 περιοριζόμενον,
1489 2840 1628 2895 ὥστε
1657 2859 1747 2911 γε·

173 2931 355 2987 νέσθαι
418 2932 556 3003 μετά
600 2933 662 2986 τὸ
709 2933 813 2997 ἓως
863 2933 923 2986 τὸ
970 2935 1029 2986 ὲν
1083 2932 1231 3004 αὐτῷ
1275 2933 1352 3004 τῷ
1400 2932 1742 3005 δηλουμένῳ·

171 3024 242 3087 ὡς
279 3024 342 3076 τό
362 3040 376 3054 ο
419 3025 527 3077 Καὶ
550 3024 677 3079 ἰδοὺ
702 3025 817 3096 ἐγὼ
847 3026 974 3095 μεθ’
1000 3026 1165 3095 ὑμῶν
1194 3028 1307 3097 εὶμι
1329 3025 1439 3092 ἕως
1459 3026 1571 3095 ’τῆς
1597 3043 1746 3080 συν-

172 3114 413 3179 τελείας
456 3114 560 3168 τοῦ
603 3113 835 3180 αἰῶνος.
884 3116 996 3168 Οὐκ
1042 3115 1335 3184 ἐγεύσαντο
1377 3115 1506 3184 γοῦν
1554 3114 1661 3167 οὐδ’
1698 3117 1745 3168 οἱ

171 3205 465 3259 ἀπόστολοι
521 3205 615 3259 τοῦ
650 3206 1032 3279 προῃρημένου
1066 3207 1202 3277 (9οἿ
1261 3206 1453 3278 νοητοῦ
1515 3205 1743 3261 θανάτου

174 3298 299 3367 μετά
335 3299 416 3350 τὸ
453 3297 577 3351 ἰδεῖν
612 3296 706 3368 τὴν
740 3297 847 3351 τῶν
876 3299 1206 3370 τηλικούτων
1231 3299 1448 3368 ἀγαθῶν
1493 3299 1743 3371 θεωρίαν.

244 3390 414 3442 Ἐπεὶ
457 3389 514 3441 δὲ
570 3390 627 3441 έν
677 3390 789 3452 τοῖς
833 3390 1081 3461 Ψαλμοῖς
1133 3390 1377 3463 εἴρηταιο
1425 3391 1522 3457 Τίς
1578 3391 1749 3445 ἐστιν

170 3478 486 3549 ἄνθιίκιιδπος
532 3478 599 3546 ὃς
646 3477 829 3546 ζήσει,
878 3482 976 3534 καὶ
1028 3484 1139 3535 οὐκ
1201 3481 1409 3552 ὄψεται
1455 3481 1749 3546 advocor;

176 3572 276 3638 καὶ,
338 3571 600 3637 Ἐλθέτω
625 3571 700 3640 δὴ
730 3572 983 3639 θάνατος
1015 3574 1107 3626 ἐπ’
1133 3574 1380 3641 αὐτούς·
1426 3573 1519 3626 καὶ
1556 3574 1613 3628 ἕν
1644 3592 1750 3626 τινι

181 3664 273 3716 τῶν
300 3662 610 3736 προφητῶν
629 3681 643 3696 ·
684 3664 977 3718 Κατέπιεν
1007 3667 1039 3717 ὁ
1082 3664 1336 3731 θάνατος
1367 3666 1658 3733 ἰσχύσαςο
1693 3665 1750 3718 ἐν

183 3754 232 3806 δὲ
266 3758 327 3826 τῇ
388 3755 761 3825 Ἀποκαλύψει
783 3774 795 3786 ·
844 3756 905 3808 '0
947 3756 1197 3821 θάνατος
1232 3757 1329 3809 καὶ
1361 3758 1393 3809 ό
1425 3755 1575 3823 ᾅδης
1612 3757 1752 3809 ἀκο-

183 3847 375 3901 λουθεῖ
408 3863 539 3901 τισι
561 3866 572 3877 ·
629 3849 837 3920 μήποτε
881 3848 1097 3901 ἔλαττον
1145 3849 1312 3902 κακόν
1348 3850 1463 3901 ἐστι
1516 3848 1575 3902 τὸ
1624 3850 1750 3903 ἰδεῖν

188 3936 418 4003 θάνατον,
468 3938 658 3992 τούτου
685 3941 741 3993 δὲ
777 3940 959 4011 μεῖζον
988 3941 1048 3994 τὸ
1072 3940 1368 4009 γεύσασθαι
1401 3939 1589 4005 αὐτοῦ,
1628 3942 1750 3995 τού-

187 4044 264 4081 του
278 4028 339 4083 δὲ
376 4031 470 4083 ἔτι
502 4034 681 4103 χεῖρον
708 4031 767 4084 τὸ
797 4032 1109 4087 ἀκολουθεῖν
1146 4050 1249 4085 τινι
1276 4032 1531 4099 θάνατον;
1566 4034 1660 4085 καὶ
1687 4033 1746 4085 οὐ

192 4120 329 4188 μόνον
377 4123 733 4190 ἀκολουθεῖν,
786 4124 922 4177 ἀλλά
966 4125 1059 4178 καὶ
1089 4124 1189 4195 ἤδη
1230 4124 1400 4177 ἐλθεῖν
1434 4125 1520 4177 ἐπ’
1564 4125 1746 4189 αὑτὸν,

190 4215 268 4267 καὶ
301 4216 632 4270 καταλαϐεῖν
679 4218 903 4282 ἐκεῖνον,
934 4210 978 4285 ᾧ
1019 4218 1282 4289 πρότερον
1320 4216 1636 4288 ἡκολούθει;
1676 4218 1749 4272 Τὸ

190 4303 236 4357 δὲ
272 4308 651 4379 καταποθῆναι
681 4308 786 4362 ὑπὸ
820 4310 913 4363 τοῦ
947 4298 1178 4363 θανάτου
1217 4309 1434 4362 πάντων
1472 4310 1618 4362 δοκεῖ
1659 4326 1747 4380 μοι

192 4393 477 4472 βαρύτερον
504 4396 778 4454 εἶναιτῶν
807 4402 1131 4473 εἰρημένων.
1169 4401 1278 4454 Καὶ
1309 4402 1602 4473 ἐπιστήσας
1637 4403 1748 4464 τοῖς

192 4487 484 4563 λεγομένοις
524 4495 617 4547 καὶ
641 4496 705 4564 τῇ
736 4494 966 4565 διαφορᾷ
999 4494 1106 4546 τῶν
1137 4493 1617 4564 ἁμαρτανομένων,
1650 4494 1748 4547 οὐκ

192 4579 443 4653 ὀκνήσεις,
463 4581 636 4656 οἶμαι,
660 4585 1063 4656 παραδέξασθαι
1082 4584 1306 4638 τοιαῦτὰ
1327 4602 1444 4637 τινα
1467 4585 1747 4654 νενοῆσθαι

193 4672 257 4741 τῷ
289 4677 642 4749 ὲνεργήσαντι
666 4678 839 4732 ταῦτα
872 4679 1147 4750 γραφῆναι
1179 4681 1235 4732 ὲν
1267 4683 1379 4743 τοῖς
1419 4679 1618 4748 λογίοις
1649 4678 1742 4731 τοῦ

195 4760 308 4816 Θεοῦ
344 4767 646 4838 Πνεύματι.

252 4858 307 4909 Τί
332 4859 387 4913 δὲ
420 4858 669 4930 δηλοῦται
700 4861 756 4913 έν
785 4859 862 4929 τῷ
892 4859 1019 4913 ἰδεῖν
1050 4861 1139 4914 τὸν
1174 4861 1299 4913 Υἱὸν
1325 4858 1419 4912 τοῦ
1454 4860 1739 4931 ἀνθρώπου

196 4947 463 5021 ἐρχόμενον
492 4954 549 5004 ἐν
575 4955 639 5022 τῇ
682 4953 923 5024 βασιλείᾳ
951 4952 1135 5018 αὑτοῦ,
1167 4954 1260 5007 καὶ
1304 4957 1360 5007 ἐν
1392 4957 1457 5025 τῇ
1495 4954 1620 5026 δόξῃ
1648 4954 1743 5005 αὐ-

196 5040 302 5106 τοῦ;
332 5045 423 5097 καὶ
446 5044 498 5097 τί
526 5045 776 5115 σημαίνει
806 5045 886 5106 τὸ,
926 5045 1326 5112 Ἑληλυθυῖαν
1359 5047 1429 5098 ἐν
1470 5043 1738 5114 δυνάμει,

200 5132 327 5209 παρᾲ
340 5133 566 5204 Μάρκου
585 5133 747 5206 ῥηθέν
768 5150 783 5199 ;
817 5134 897 5188 Τὰ
924 5136 1031 5187 εἴτε
1054 5133 1447 5205 ὲκλαμπὸμενα
1466 5136 1583 5197 ταῖς
1600 5150 1738 5202 καρ·

1772 3264 1816 3324 C

1853 2392 2009 2447 inferi
2044 2396 2306 2449 adversus
2334 2411 2457 2451 eum
2491 2396 2883 2465 praevalebunt.
2923 2399 3060 2465 Quin
3093 2399 3254 2453 etiam
3283 2400 3420 2455 ﬁlios

1853 2484 2077 2539 tonitrui
2104 2523 2119 2549 ,
2152 2487 2367 2556 genitos
2407 2504 2435 2540 ιι
2488 2490 2691 2543 tonitru
2721 2490 2991 2544 incarnati
3022 2492 3287 2557 vaticinii,
3319 2495 3423 2546 im-

1850 2576 2115 2644 possibile
2140 2590 2258 2633 erat
2282 2590 2503 2648 gustare
2525 2594 2776 2645 mortem,
2804 2598 2923 2651 qua:
2948 2584 3235 2653 admodum
3264 2584 3421 2655 longe

1848 2666 2012 2721 distat
2048 2681 2078 2720 a
2112 2678 2287 2724 matre
2315 2684 2501 2724 eorum
2545 2672 2772 2726 tonitru.

1916 2759 2191 2833 Particula
2248 2763 2435 2828 donec,
2502 2764 2605 2819 hoc
2647 2764 2764 2819 loco
2826 2764 3065 2818 declarat
3128 2764 3418 2827 imminens

1851 2852 1927 2907 rei
1970 2852 2356 2910 demonstrata:
2415 2865 2629 2928 tempus
2658 2896 2675 2923 ,
2720 2874 2826 2913 non
2871 2858 3150 2913 dellnitum
3202 2870 3262 2913 ut
3308 2862 3416 2928 sit,

1847 2953 2134 3014 postquam
2173 2945 2225 3000 id
2261 2948 2540 3013 evenerit,
2571 2949 2713 3018 quod
2760 2948 3195 3018 demonstratur;
3258 2961 3318 3006 ut
3359 2953 3413 3008 in

1849 3036 1938 3091 illo
1973 3053 1987 3089 :
2022 3037 2158 3090 Ecce
2192 3054 2284 3107 ego
2330 3040 2593 3093 vobiscum
2633 3056 2771 3105 sum,
2820 3041 2986 3095 donec
3024 3053 3417 3097 consummatur

1849 3127 2104 3181 saeculum
2134 3128 2200 3179 ⁸⁵.
2235 3128 2350 3183 Non
2392 3140 2752 3199 gustaverunt
2774 3131 2937 3203 igitur
2966 3132 3195 3201 apostoli
3222 3134 3416 3202 praedi-

1847 3230 1987 3276 ctam
2011 3221 2340 3291 spiritualem
2360 3232 2609 3287 mortem,
2624 3231 2905 3294 postquam
2926 3223 3272 3294 contemplati
3287 3235 3416 3280 sunt

1850 3312 2111 3367 visionem
2143 3322 2416 3367 tantorum
2448 3314 2731 3367 bonorum.
3112 3345 3131 3377 ,

1918 3398 2053 3467 Quia
2079 3416 2212 3458 vero
2252 3403 2304 3456 in
2339 3400 2571 3457 Psalmis
2597 3402 2798 3458 dictum
2845 3412 2926 3458 est
2951 3422 2965 3457 :
2990 3403 3118 3469 Quis
3152 3414 3225 3459 est
3263 3407 3414 3459 homo

1847 3493 1937 3563 qui
1984 3494 2139 3557 uiuet,
2192 3502 2241 3547 et
2297 3509 2399 3546 non
2438 3492 2631 3546 uidebit
2675 3504 2896 3546 mortem
2947 3493 3029 3548 3°?
3057 3495 3126 3549 Et
3164 3514 3176 3549 :
3233 3494 3413 3551 Veniat

1849 3586 2031 3655 utique
2067 3601 2209 3638 mors
2248 3584 2316 3638 ad
2365 3601 2454 3637 eos
2476 3585 2544 3637 ⁸⁷.
2577 3584 2638 3636 Et
2698 3584 2750 3637 in
2807 3586 3043 3652 quodam
3106 3588 3412 3655 propheta:

1850 3675 2131 3745 Deglutivit
2163 3690 2303 3728 mors
2341 3674 2632 3743 pra'valens
2657 3675 2723 3729 ⁸⁸.
2761 3675 2939 3744 Atque
2973 3676 3022 3729 in
3051 3677 3370 3749 Apocalypsi
3396 3718 3414 3746 ,

1850 3783 1993 3821 mors
2030 3778 2086 3833 et
2130 3766 2367 3835 infernus
2423 3766 2661 3833 sequitur
2707 3767 2957 3836 quosdam
2989 3768 3074 3824 ⁸⁹;
3107 3771 3292 3825 nescio
3346 3786 3413 3825 an

1841 3874 1956 3912 -non
1984 3858 2162 3912 minus
2194 3856 2391 3911 malum
2442 3857 2513 3911 sit
2559 3857 2742 3913 videre
2783 3868 3048 3926 mortem,
3096 3861 3198 3916 hoc
3241 3862 3419 3932 majus

1848 3963 1967 4003 eam
2020 3956 2275 4016 gustare;
2310 3956 2364 4001 et
2408 3948 2509 4001 hoc
2539 3961 2726 4002 rursus
2768 3948 2941 4019 pejus,
2986 3951 3029 4005 si
3071 3968 3228 4020 quem
3268 3968 3412 4007 mors

1848 4042 1962 4107 ipsa
1994 4052 2254 4110 sequatur
2281 4056 2295 4092 :
2329 4049 2382 4094 et
2410 4055 2515 4093 non
2538 4050 2795 4110 sequatur
2824 4043 3003 4111 modo,
3034 4060 3218 4099 verum
3247 4047 3409 4101 etiam

1849 4134 1913 4187 ad
1944 4133 2118 4203 ipsum
2145 4133 2345 4196 veniat,
2375 4143 2428 4186 et
2450 4134 2878 4202 comprehendat
2901 4151 3045 4203 eum,
3079 4115 3243 4205 quem,
3262 4139 3412 4206 prius

1848 4226 2195 4294 sequebatur.
2246 4220 2525 4300 Deglutiri
2553 4239 2681 4279 vero
2713 4240 2742 4279 a
2778 4236 2984 4293 morte,
3023 4228 3239 4281 videtur
3279 4229 3407 4283 mihi

1846 4315 2224 4383 gravissimum
2253 4316 2521 4380 omnium,
2553 4330 2673 4385 quae
2696 4316 2836 4370 dicta
2860 4326 3006 4370 sunt.
3060 4316 3228 4372 Porro
3252 4318 3411 4374 dictis

1848 4404 2130 4470 insistens,
2156 4414 2211 4459 et
2234 4404 2556 4461 diﬂ'erentire
2594 4416 2959 4475 peccatorum,
3000 4408 3141 4463 haud
3186 4424 3408 4465 recusa-

1846 4498 2045 4564 bis,,ut
2080 4497 2339 4560 arbitror,
2367 4497 2677 4563 admittere,
2707 4500 2831 4552 talia
2860 4500 3104 4568 quaedam
3139 4501 3191 4556 in
3226 4504 3409 4558 animo

1782 4617 1823 4670 ι)
1854 4589 2118 4645 habuisse.
2142 4588 2442 4658 Spiritum,
2498 4591 2591 4658 qui
2633 4589 2763 4645 fecit
2785 4601 2862 4661 ‘ut
2893 4591 3017 4645 talia
3046 4594 3412 4650 scriberentur

1854 4681 1905 4735 in
1940 4681 2176 4735 oraculis
2206 4680 2423 4737 divinis.

1920 4856 2057 4923 Quid
2107 4867 2283 4913 autem
2315 4857 2583 4928 signiﬁcat
2615 4858 2797 4913 videre
2837 4859 3030 4914 Filium
3054 4860 3288 4915 hominis
3322 4878 3415 4916 ve-

1849 4951 2083 5005 nientem
2141 4952 2194 5004 in
2252 4966 2419 5019 regno
2456 4966 2577 5021 suo,
2603 4960 2657 5007 et
2708 4951 2760 5005 in
2806 4952 2972 5021 gloria
3005 4967 3102 5005 sua
3142 4953 3164 5006 ?
3198 4963 3254 5007 et
3286 4956 3417 5023 quid

1848 5042 1952 5097 sibi
1976 5042 2086 5099 vult
2130 5043 2278 5105 illud,
2313 5045 2526 5099 Venisse
2556 5046 2610 5098 in
2638 5045 2829 5099 uirtute
2858 5045 2903 5076 ὀ
2940 5062 2954 5099 :
2986 5048 3128 5115 quod
3168 5062 3195 5100 a
3233 5046 3419 5105 Marco

1851 5136 2051 5189 dictum
2083 5146 2166 5191 est
2201 5138 2225 5189 ?
2263 5136 2474 5191 Clarius
2537 5153 2867 5208 exponemus
2919 5154 3251 5210 quaecunque
3300 5142 3412 5196 sive

199 5220 316 5286 δίαις
330 5226 504 5296 ἡμῶν,
525 5225 633 5279 εἴτε
647 5226 901 5298 ζητοῦσιν
918 5228 1300 5298 εὑρισκόμενα,
1320 5226 1429 5279 εἴτε
1454 5226 1741 5279 ὑποσιόντα

1856 5227 2102 5298 aﬁ‘ulgent
2132 5229 2383 5285 cordibus
2426 5231 2660 5298 nostris,
2691 5232 2806 5286 sive
2837 5232 3203 5301 quaerentibus
3257 5236 3411 5290 nobis

202 5313 293 5384 (91)
344 5319 477 5398 τοὺς.
541 5318 832 5388 λογισμοὺς
910 5317 1106 5389 ἡμῶν,
1191 5318 1518 5390 σαφέστερον
1584 5317 1744 5388 ἐκθη-

1850 5330 2061 5387 reperta
2098 5330 2245 5386 sunt,
2273 5322 2388 5376 sive
2412 5323 3019 5393 subeuntcogitationes
3052 5335 3284 5379 nostras.
3307 5325 3414 5379 ita.-

204 5403 398 5471 σόμεθα.
437 5410 495 5462 '0
521 5408 739 5480 θεωρῶν
762 5410 857 5463 καὶ
886 5412 1317 5482 καταλαμϐάνων
1338 5412 1434 5483 τὴν
1463 5410 1557 5464 τοῦ
1588 5410 1743 5479 λόγου

1856 5425 1955 5479 que
1982 5411 2228 5481 quisquis
2274 5416 2671 5485 contemplatur
2704 5428 2758 5471 et
2806 5418 3112 5486 assequitur
3147 5418 3414 5473 excellen-

204 5491 444 5570 ὑπεροχὴν
477 5499 693 5564 λύοντος
739 5503 833 5555 καλ⁸
863 5502 1227 5573 διελέγχοντος
1268 5503 1444 5567 πάσας
1499 5501 1596 5566 τὰς
1644 5502 1747 5554 ὑπὸ

1856 5504 1980 5558 tiam
2016 5506 2165 5560 verbi
2207 5508 2462 5563 solventis
2511 5526 2574 5565 ac
2631 5510 2917 5565 refutantis
2961 5511 3203 5581 speciosa
3249 5528 3407 5582 argu.

208 5650 486 5750 “::__J°f'_‘:_
527 5676 601 5750 νίζ’
664 5660 1103 5750 ξέοι-θδλιὶιῑιῑιλ
1136 5663 1362 5750 “laniﬁ-
1437 5663 1483 5696 ⁸⁵
1511 5664 1699 5750 Matth.
1744 5682 1929 5735 χχι-ιιι,
1966 5666 2056 5721 20.
2133 5666 2177 5699 ⁸⁸
2224 5667 2365 5723 Psal.
2405 5685 2667 5735 Lxxxvm,
2705 5670 2792 5723 49.
2866 5669 2909 5701 ⁸⁷
2954 5668 3091 5724 Psal.
3146 5684 3255 5736 Ltv,
3326 5670 3413 5732 l6.

264 5722 354 5779 lsa.
384 5745 509 5796 xxv,
548 5722 603 5785 8.
678 5731 723 5763 ⁸³
761 5734 928 5802 Apoc.
971 5750 1043 5799 vt,
1072 5735 1123 5789 8.
1218 5735 1262 5766 ⁹⁰
1294 5735 1457 5790 Marc.
1484 5750 1563 5809 rx,
1594 5738 1643 5790 l.

262 5816 364 5902 (99).
394 5821 552 5902 forte
586 5825 844 5897 βροντῶν,
883 5832 1192 5895 tonitruum,
1249 5846 1313 5887 ex
1346 5831 1508 5892 Marc.
1546 5850 1630 5902 In,
1666 5822 1727 5889 Π

213 5834 552 5949 ριιΐῇῃιὲρὲιε
586 5834 844 5897 βροντῶν,
883 5834 1192 5895 tonitruum,
1249 5846 1313 5887 ex
1346 5834 1508 5892 Marc.
1546 5850 1630 5902 In,
1666 5835 1727 5889 Π

1909 5834 2040 5949 ﬁt?
2071 5835 2707 5949 ﬂagrasse-ﬁer
2769 5837 3186 5911 προειρημένου·

1917 5906 2027 5977 till)
2070 5906 2204 5977 Lege
2233 5908 2564 5961 ὑπεισιόντα.
