3942 6318
134 376 235 431 ’549

1460 387 1754 444 scuoua
1790 387 1858 443 IN
1895 387 2155 446 LUCAM.
2226 364 2235 375 ’

3321 388 3428 445 350

126 496 243 547 ὅλου
301 494 415 550 τοῦ
476 500 703 573 κόσμου
750 503 1083 573 πεισόμενον,
1135 504 1222 558 ῖνα
1265 504 1381 573 ἄρῃ
1430 506 1594 559 αὐτοῦ
1639 504 1732 569 “(in

1858 506 1949 573 do,
1982 515 2042 559 ut
2072 505 2188 575 ejus
2242 503 2444 557 tolleret
2469 513 2735 571 peccatum
2758 504 2823 557 ’⁷.
2859 505 3016 559 Dices
3043 513 3221 560 autem
3255 506 3421 561 etiam

124 586 476 654 ἁμαρτίαν·
521 595 674 671 ἐρεῖς
704 595 759 648 δὲ
804 595 896 647 καὶ
929 595 1032 647 ὑπὸ
1059 595 1153 648 τοῦ
1192 595 1436 650 διαϐόλου
1461 598 1732 671 παραδεδό

1859 613 1889 651 a
1938 597 2153 651 diabolo
2195 596 2450 649 traditum
2490 595 2657 649 fuisse
2700 595 2888 659 illum,
2918 612 2945 648 a
2976 612 3082 666 quo
3137 599 3424 653 traduntur

124 678 242 729 σθαι
274 679 501 747 αὐτὸν,
540 664 635 754 ύςρἶ
662 681 721 739 οὗ
744 686 1119 756 παραδίδονται
1145 689 1259 751 τοῖς
1280 664 1732 759 αἰχμαλωτεύσασ

1858 690 2257 761 captivantibus
2293 690 2456 744 etiam
2483 686 2615 762 juga
2642 698 2697 744 ct
2742 690 2877 743 asini
2903 664 3023 754 Joh,
3052 700 3235 759 postea
3268 695 3423 761 equi-

118 768 181 820 τὰ
202 769 399 842 ζεύγη
441 778 558 830 καὶ
593 779 641 830 οἱ
673 777 779 831 ὄνοι
801 778 893 831 τοῦ
941 778 1083 843 Ἰὼϐ,
1113 775 1230 832 εἶτα
1266 784 1379 844 τοῖς
1410 780 1666 835 ἱππεῦσιν
1697 799 1731 835 α

1858 786 2000 839 tibus
2051 782 2265 847 cameli,
2300 781 2408 853 igni
2455 797 2615 846 oves,
2662 788 2824 835 vento
2862 782 3062 837 deserti
3102 785 3260 851 hujus
3300 784 3424 838 lilia:

118 861 399 931 κάμηλοι,
443 867 544 938 τῷ
588 870 720 939 πυρὶ
745 870 815 922 τὰ
844 870 1116 942 πρόϐατα,
1150 871 1228 943 τῷ
1262 871 1320 939 ἐξ
1356 874 1560 945 ἐρήμου
1590 872 1732 926 πνεύ

1854 886 1909 930 et
1934 876 2047 930 lilii.
2072 876 2200 931 Esto
2242 876 2439 945 igitur;
2479 874 2713 942 primum
2739 891 2767 926 a
2791 873 2953 927 Patre
2978 875 3203 930 traditus
3233 886 3314 930 est
3334 874 3426 932 Fi-

118 970 247 1022 ματι
313 958 383 1009 αἱ
428 962 643 1014 τούτου
696 962 993 1035 θυγατέρες
1040 964 1135 1018 καὶ
1181 966 1230 1017 οἱ
1286 965 1409 1018 υίοί.
1450 966 1629 1019 Ἔστω
1660 962 1752 1021 οὖν

114 1046 346 1117 πρῶτον
388 1050 523 1105 ὑπὸ
572 1054 665 1107 τοῦ
720 1054 935 1126 Πατρὸς
985 1056 1420 1127 παραδεδομένος
1458 1060 1487 1110 6
1514 1059 1639 1122 Υἱὸς
1672 1061 1751 1124 είς

112 1143 313 1210 χεῖρας
356 1144 479 1197 ἀνθ
493 1144 718 1218 ρώπων·
749 1143 867 1201 εἶτα
905 1149 1011 1201 ὑπὸ
1041 1148 1135 1202 τοῦ
1186 1149 1375 1215 Ἰούδα,
1406 1152 1484 1215 εἰς
1514 1152 1577 1205 ὃν
1613 1154 1751 1224 μετὰ

112 1232 169 1283 τὸ
194 1234 448 1304 ψωμίον
487 1239 744 1309 εἰσῆλθεν
759 1242 787 1292 ὁ
808 1242 1051 1304 Σατανᾶς
1067 1241 1335 1313 ἀρχικώτε
1344 1260 1432 1313 ρον
1454 1244 1546 1297 τοῦ
1580 1246 1749 1299 Ἰούδα

112 1327 493 1395 παραδιδοὺς
550 1332 730 1387 αὐτόν.
804 1333 940 1386 Ἀλλ’
984 1335 1012 1386 6
1071 1334 1168 1405 μὲν
1214 1335 1402 1407 Πατὴρ
1458 1337 1562 1391 τοῦ
1597 1337 1747 1392 ίδίου

120 1417 261 1472 Υίοῦ
287 1422 429 1475 οὐκ
464 1424 763 1493 ἐφείσατο
794 1425 1170 1498 φιλανθρωπίᾳ
1196 1430 1262 1498 τῇ
1306 1428 1441 1498 πρὸς
1472 1429 1617 1499 ἡμᾶς
1654 1431 1747 1484 καὶ

108 1512 517 1585 χρηστότητι·
578 1520 607 1570 6
656 1517 711 1570 δὲ
779 1518 975 1583 Ἰούδας
1036 1520 1305 1591 μοχθηρίᾳ
1359 1521 1741 1592 προαιρέσεως.

110 1604 515 1674 Θανατωθεὶς
530 1611 608 1679 δὲ,
638 1610 748 1665 τὸν
769 1611 833 1665 τὸ
859 1612 1076 1680 κράτος
1096 1612 1314 1682 ἔχοντα
1336 1614 1442 1667 τοῦ
1466 1613 1743 1678 θανάτου,

105 1695 224 1765 ήτοι
288 1700 418 1771 τῆς
476 1703 773 1774 ἁμαρτίας,
802 1704 1079 1758 διάϐολον
1121 1706 1478 1776 κατήργησε.
1508 1708 1746 1771 Θάνατος

107 1788 213 1859 γὰρ
244 1792 285 1861 ἡ
316 1792 604 1867 ἁμαρτία
630 1797 853 1867 κυρίως,
883 1797 1024 1850 κατὰ
1055 1799 1133 1850 τόο
1171 1797 1345 1867 Ψυχὴ
1373 1797 1744 1867 ἁμαρτάνου-

1856 964 1959 1019 lius
2006 965 2058 1020 in
2091 978 2282 1018 manus
2326 964 2633 1027 hominum,
2660 962 2853 1018 deinde
2890 965 2959 1017 ab
2991 963 3148 1031 Juda,
3181 968 3233 1019 in
3260 980 3418 1033 quem

1852 1066 1973 1127 post
2026 1056 2324 1111 buccellam
2364 1055 2641 1125 ingressus
2693 1066 2775 1111 est
2823 1055 3095 1121 Satanas,
3133 1057 3226 1125 qui
3270 1058 3423 1129 longe

1852 1158 1976 1203 ante
2007 1146 2198 1202 Judam
2225 1149 2520 1203 tradiderat
2548 1164 2692 1203 eum.
2733 1149 2803 1202 At
2838 1148 2997 1203 Pater
3026 1151 3237 1217 praprio
3282 1150 3422 1204 Filio

1849 1257 1943 1295 suo
1975 1257 2076 1295 non
2110 1244 2355 1310 pepercit,
2389 1241 2721 1296 humanitate
2761 1257 2823 1295 ac
2858 1242 3191 1309 benignitate
3245 1258 3340 1297 Sua
3372 1244 3425 1298 in

1850 1346 1947 1385 nos
1978 1348 1990 1382 :
2024 1328 2191 1386 Judas
2240 1346 2368 1388 vero
2391 1376 2404 1399 ,
2444 1334 2647 1387 malitia
2689 1332 3003 1387 voluntatis.
3028 1332 3211 1394 .Morti
3265 1349 3427 1402 porro

1847 1423 2024 1486 datus,
2043 1439 2159 1476 eum
2180 1424 2270 1493 qui
2294 1425 2569 1493 imperium
2592 1425 2809 1478 habebat
2837 1426 3040 1490 mortis,
3060 1425 3173 1480 sive
3195 1425 3424 1495 peccati,
3505 1456 3517 1479 ι

1847 1512 2112 1565 diabolum
2171 1516 2618 1570 exauctoravit".
2667 1514 2953 1570 Peccatum
3011 1516 3157 1571 enim
3209 1515 3426 1584 proprie

1848 1620 1995 1658 mors
2020 1614 2126 1669 est,
2153 1605 2304 1673 juxta
2348 1606 2475 1661 illud
2526 1625 2539 1661 :
2581 1606 2770 1660 Anima
2805 1624 3043 1675 peccans,
3076 1609 3190 1676 ipsa
3229 1607 3423 1660 morie-

1848 1706 1936 1750 tur
1965 1700 2030 1753 ".
2061 1700 2138 1753 Ac
2160 1703 2416 1769 principes
2451 1702 2663 1771 quidem
2694 1706 2970 1757 astiterunt
2995 1705 3246 1758 adversus
3266 1702 3425 1777 Chri-

1846 1798 1983 1842 stum
2013 1791 2029 1820 ¹
2066 1806 2079 1841 :
2105 1806 2203 1845 nos
2228 1806 2355 1845 vero
2385 1794 2506 1846 inde
2549 1794 2714 1860 adjuti
2744 1796 2886 1863 quod
2925 1796 3039 1865 ipse
3063 1796 3276 1849 occisus
3307 1794 3423 1849 fue-

100 1896 203 1944 σα,
243 1862 451 1954 αὐτὴ
486 1862 893 1943 αποθακεῆαι.
922 1890 1031 1941 Καὶ
1060 1892 1111 1942 οἱ
1159 1862 1567 1959 μὲν-ἀρχόντες
1595 1903 1732 1958 παρ-

1846 1882 1938 1944 rit,
1965 1881 2193 1937 dicimus
2226 1883 2353 1938 illud
2384 1862 2774 1952 :dirumpamus
2806 1862 3011 1940 vincula
3047 1903 3225 1941 eorum
3261 1889 3301 1940 ³.
3329 1887 3421 1941 Et-

97 1971 432 2043 ἔστησαν
482 1981 630 2034 κατὰ
664 1979 770 2033 τοῦ
795 1980 1072 2048 Χριστοῦ,
1104 1982 1266 2051 ἡμεῖς
1292 1980 1348 2033 δὲ
1375 1980 1746 2052 ὠφεληθέντες

92 2066 168 2135 τῷ
208 2069 483 2124 ἐκεῖνον
500 2072 859 2138 άπεκτάσθαι,
887 2073 1063 2144 φαμὲν
1079 2073 1157 2125 τό·
1178 2074 1587 2144 Διαρρήξωμεν
1608 2074 1748 2141 τοὺς

93 2156 419 2229 δεσμοὺς
444 2163 665 2217 αὐτῶν.
696 2166 1033 2234 Σύμμορφοι
1067 2165 1174 2236 γὰρ
1206 2166 1516 2235 γεγονότες
1548 2165 1627 2230 τῷ
1644 2170 1746 2221 θα-

90 2250 283 2315 νάτῳ
321 2255 465 2308 τοῦ
502 2258 780 2325 Χριστοῦ,
809 2257 989 2310 οὐκέτι
1024 2258 1188 2328 ἐσμὲν
1234 2258 1337 2311 ὑπὸ
1361 2261 1487 2323 τοὺς
1515 2262 1747 2333 δεσμοὺς

95 2344 212 2399 τῶν
250 2346 574 2402 ὲνοιντίωψ
608 2350 722 2404 ἀλλ’
760 2350 913 2403 αὐτοὶ
947 2350 1146 2420 μᾶλλον
1184 2350 1541 2419 ἐκγελῶνται
1585 2357 1746 2425 παρὰ

100 2436 213 2491 τοῦ
256 2439 727 2508 κατοικοῦντος
767 2442 835 2494 ἐν
876 2440 1153 2510 οὐρανοῖς
1203 2443 1455 2511 Πατρός,
1489 2445 1589 2498 καὶ
1622 2447 1743 2501 ὑπὸ

109 2527 221 2583 τοῦ
252 2531 517 2597 Κυρίου
533 2530 1006 2599 μυκτηρίζονται.
1063 2531 1324 2597 Ἀναστὰς
1364 2531 1471 2605 γὰρ
1500 2536 1743 2608 συμμόρ-

1849 1974 1994 2028 enim
2027 1974 2321 2042 conformes
2373 1977 2501 2045 facti
2540 1980 2699 2031 morti
2746 1978 2943 2031 Christi
2964 1980 2984 2010 ³
3006 2019 3021 2045 ,
3054 1995 3158 2033 non
3193 1979 3419 2047 amplius

1852 2080 2040 2120 sumus
2074 2067 2176 2121 sub
2211 2068 2436 2122 vinculis
2482 2070 2931 2131 adversariorum,
2973 2072 3066 2125 sed
3112 2071 3211 2139 ipsi
3244 2070 3425 2140 potius

1846 2157 2143 2210 irridentur
2175 2160 2237 2211 ab
2284 2176 2342 2213 eo
2370 2161 2462 2228 qui
2494 2161 2694 2231 habitat
2719 2164 2775 2214 in
2802 2163 2944 2215 caelis
2966 2161 3148 2228 Patre,
3166 2175 3214 2215 et
3241 2180 3273 2217 a
3310 2162 3415 2217 Do—

1846 2250 2462 2309 mino‘subsannantur‘.
2486 2254 2794 2320 Resurgens
2813 2256 2953 2309 enim
2978 2254 3280 2310 conl‘ormes
3324 2270 3424 2310 nos
3481 2293 3491 2307 .

1847 2337 1973 2393 fecit
2002 2341 2166 2395 etiam
2199 2345 2615 2400 resurrectionis
2643 2361 2753 2401 sum
2777 2386 2793 2410 ,
2832 2362 2937 2399 non
2971 2345 3205 2414 amplius
3234 2346 3423 2400 seden—

1847 2436 1928 2482 tes
1970 2430 2023 2484 in
2058 2431 2297 2488 tenebris
2328 2444 2385 2488 et
2432 2433 2620 2488 umbra
2670 2436 2862 2490 mortis
2887 2476 2903 2501 ,
2947 2444 3233 2504 propterea
3278 2438 3423 2504 quod

1846 2528 2023 2574 ortum
2064 2522 2136 2577 sit
2164 2539 2329 2595 super
2355 2541 2452 2601 nos
2480 2525 2659 2581 lumen
2692 2524 2806 2580 Dei.

114 2639 257 2689 φους
298 2624 477 2694 ἡμᾶς
508 2625 773 2696 πεποίηκε
807 2626 1017 2697 καὶτῆς
1047 2626 1210 2680 αὑτοῦ
1244 2628 1609 2695 ἀναστάσεως,
1680 2632 1863 2687 οὐκέτι
1911 2637 2310 2717 καθεζομένους
2361 2643 2418 2698 ὲν
2466 2643 2643 2696 σκότει
2703 2645 2797 2697 καὶ
2846 2644 2973 2714 σκιᾷ
3040 2642 3293 2709 θανάτου,
3332 2643 3424 2699 διὰ

120 2714 182 2767 τὸ
209 2716 523 2771 ἀνατεῖλαι
548 2719 635 2787 ἐφ’
664 2720 811 2790 ἡμᾶς
850 2718 963 2788 φῶς
996 2718 1091 2772 τοῦ
1126 2719 1279 2773 Θεοῦ.

123 2806 275 2886 Eri}:
290 2808 457 2886 -1133;
494 2808 762 2886 Ἐγένετο
790 2810 859 2886 δὲ
899 2811 1314 2886 πορευομένων
1345 2812 1551 2886 αὐτῷν
1572 2814 1642 2869 ἐν
1670 2816 1744 2886 τῇ

193 2875 351 2951 ῥδῷ,
386 2875 529 2951 εἷπέ
558 2875 663 2951 τις
722 2880 873 2948 πρὸς
925 2875 1132 2936 αὖτόνῖ
1185 2882 1596 2951 Ἀκολουθήσω
1645 2875 1745 2940 σοι

196 2948 370 3001 ὅπου
391 2949 512 3001 ἐὰν
536 2949 787 3019 ἀπέρχῃ,
806 2952 1000 3020 Κύριε.

130 3038 276 3108 Στίχ.
312 3046 444 3112 νηκῄ
472 3037 765 3112 καὶεῖπεν
789 3041 948 3107 αὐτῷ
973 3044 1006 3095 ό
1046 3042 1301 3110 Ἰησοῦςο
1327 3046 1397 3097 Al
1435 3044 1738 3112 ἀλώπεκες

1853 2818 1918 2873 V.
1953 2819 2042 2873 57.
2084 2821 2287 2875 Accidit
2314 2833 2508 2889 autem,
2543 2823 2935 2877 ambulantibus
2963 2824 3035 2877 eis
3068 2824 3124 2877 in
3163 2825 3243 2877 via
3273 2864 3288 2890 ,
3329 2825 3419 2878 di-

1920 2893 1999 3013 git
2037 2892 2250 2973 quidam
2282 2899 2352 2946 ad
2378 2894 2526 2947 illum
2558 2910 2575 2947 :
2607 2893 2812 2963 Sequar
2840 2904 2909 2959 te,
2944 2910 3252 2963 quocunque
3280 2895 3415 2959 abis,

1971 2978 2162 3016 omine.
2453 2983 2459 2989 '

1848 3049 1913 3107 V.
1948 3052 2037 3124 58.
2071 3051 2141 3106 Et
2175 3053 2310 3106 dixit
2352 3056 2399 3108 ei
2434 3054 2627 3109 Jesus:
2672 3055 2865 3124 Vulpes
2907 3056 3075 3109 lustra
3112 3056 3337 3120 habent,
3364 3066 3414 3110 et

201 3110 501 3200 ξωλεοὺς
528 3110 761 3178 ἔχουσι.
809 3112 905 3198 καὶ
950 3112 1424 3200 τὰοπετειζᾲιτοῦ
1465 3110 1732 3200 ρὺραῖοῦ

1915 3122 2146 3200 volucres
2173 3124 2286 3200 caeli
2319 3124 2516 3200 habent
2549 3110 2849 3200 habitacula
2884 3143 2902 3180 :
2926 3124 3097 3181 Filius
3132 3137 3305 3182 autem
3323 3110 3419 3181 Ἰιο-

197 3165 439 3254 ἔχουσι
474 3165 1060 3254 κατασκηξιώσειςίόν
1388 3165 1496 3239 τοῦ

200 3264 325 3303 που
352 3253 482 3305 οὐκ
517 3251 639 3321 ἔχει
666 3252 784 3306 ποῦ
804 3252 920 3320 τὴν
952 3253 1228 3322 κεφαλὴν
1259 3256 1459 3324 κλίνῃ.

200 3343 265 3395 Εἰ
304 3346 416 3414 μὲν
450 3341 542 3397 οὖν
573 3343 788 3415 ἕτοιμος
811 3341 861 3397 εἷ
885 3346 1045 3410 αὐτὸς
1070 3347 1270 3417 ὁμοίως
1306 3348 1426 3418 ἐμοὶ
1460 3349 1559 3401 οὐκ
1589 3347 1733 3420 ἕχον-

137 3448 185 3485 τι
219 3434 326 3486 ποῦ
355 3435 473 3505 τὴν
509 3434 748 3506 κεφαλήν
786 3435 983 3499 κλῖναι,
1029 3438 1232 3508 αἱρήσῃ
1261 3438 1349 3491 διὰ
1373 3438 1473 3508 τὴν
1499 3441 1639 3513 ἐμὴν
1656 3441 1735 3492 δι-

140 3522 449 3577 δασκαλίαν
498 3525 558 3578 τὸ
587 3525 1216 3581 ἀκατάστατον⁴ὲνταῦθα
1274 3528 1445 3581 ἐλπίδι
1481 3531 1578 3600 τῆς
1629 3533 1737 3586 τῶν

141 3614 386 3686 οὐρανῶν
432 3615 727 3685 βασιλείας,
754 3618 839 3671 ἐπ’
862 3618 1035 3672 οὐδενὶ
1053 3619 1151 3690 τὴν
1178 3619 1480 3674 ἀνάπαυσιν
1504 3622 1738 3678 ἐνταῦθα

149 3704 215 3775 μὴ
238 3707 595 3776 προσδοκῶν,
621 3707 733 3761 ἀλλ’
757 3708 815 3763 ὲν
839 3707 918 3778 τῷ
943 3708 1202 3779 μέλλοντι.
1240 3711 1301 3761 Οἱ
1330 3709 1439 3781 γὰρ
1470 3712 1594 3780 ἐμοὶ
1634 3730 1737 3781 μα-

147 3794 316 3865 θηταὶ,
375 3799 732 3871 δικαιοσύνην
775 3799 1089 3865 ἀσκοῦντες,
1119 3801 1177 3853 ὲν
1206 3800 1283 3871 τῷ
1322 3801 1512 3872 κόσμῳ
1562 3802 1736 3874 τούτῳ

150 3886 317 3958 θλίψιν
350 3890 568 3954 ἕξουσιο
616 3893 841 3964 πονηροὶ
868 3892 925 3944 δὲ
969 3895 1063 3946 καὶ
1098 3893 1313 3965 γόητες,
1350 3893 1590 3961 ἀλώπεξι
1640 3897 1734 3949 καὶ

150 3990 419 4049 πετεινοῖς
438 3986 668 4058 ούρανοῦ
715 3985 1207 4057 παραϐαλλόμενοι,
1240 3988 1298 4040 ὲν
1324 3986 1400 4057 τῷ
1430 3986 1529 4058 βίῳ
1562 3989 1733 4060 τούτῳ

155 4077 489 4148 προκόψουσι
524 4078 829 4142 πλανῶντες
854 4080 947 4133 καὶ
967 4078 1325 4149 πλανώμενοι.

224 4168 595 4241 Ὑψηλότερον
647 4170 721 4223 δέ·
781 4171 907 4223 Ὅτε
950 4170 1224 4242 ἐτεθνήκει
1270 4170 1347 4242 τῷ
1396 4172 1658 4243 νεανίσκῳ
1702 4173 1730 4224 6

157 4262 323 4332 πατὴρ
386 4265 483 4316 καὶ
509 4259 577 4334 ἦν
606 4263 816 4334 νεκρὸς,
868 4264 988 4316 τότε
1024 4263 1131 4316 ἀπὸ
1162 4262 1255 4315 τοῦ
1294 4262 1467 4333 Ἰησοῦ
1500 4264 1725 4334 ἐκλήθη.

156 4350 450 4423 Νομιστέον
465 4355 542 4418 δὲ,
568 4358 668 4419 ὅτι,
693 4355 841 4409 ὥσπε
849 4373 880 4424 ρ
897 4357 925 4408 6
945 4356 1148 4425 κόσμος
1170 4355 1365 4426 Παύλῳ
1388 4355 1728 4427 ἐσταύρωται

1914 3193 2073 3246 minis
2102 3210 2206 3248 non
2241 3195 2389 3248 habet
2414 3196 2504 3249 ubi
2531 3207 2682 3266 caput
2708 3197 2942 3251 reclinet.

1912 3349 1969 3405 Si
2000 3351 2163 3419 igitur
2189 3362 2410 3422 paratus
2440 3368 2499 3408 es
2548 3362 2626 3419 tu,
2675 3354 2897 3424 perinde
2940 3364 3103 3425 atque
3131 3371 3232 3428 ego
3253 3398 3270 3426 ,
3305 3372 3411 3414 non

1838 3442 2042 3499 habens
2066 3445 2155 3499 ubi
2180 3457 2340 3515 caput
2371 3445 2602 3500 reclines
2632 3461 2646 3511 ;
2680 3446 2846 3516 eliges
2873 3462 2967 3516 per
2995 3461 3169 3501 meam
3206 3449 3410 3504 doctri-

1838 3548 1963 3587 nam
2000 3533 2401 3590 instabilitatem
2427 3536 2534 3600 hic,
2563 3551 2659 3604 spe
2690 3538 2839 3605 regni
2890 3537 3173 3603 caelorum,
3196 3538 3246 3591 iu
3269 3538 3412 3594 nulla

1838 3641 1896 3681 re
1923 3626 2158 3695 quietem
2199 3627 2289 3680 hic
2336 3636 2691 3695 exspectans,
2737 3629 2831 3681 sed
2887 3627 2939 3680 in
2975 3626 3410 3689 futurosaeculo.

1838 3718 2094 3787 Discipuli
2131 3732 2368 3785 namque
2398 3718 2500 3773 mei
2534 3717 2799 3786 justitiam
2841 3728 3184 3784 exercentes,
3220 3721 3274 3774 in
3306 3722 3410 3777 hoc

1836 3809 2037 3862 mundo
2068 3806 2411 3863 alBictiouem
2432 3809 2724 3864 habebunt.
2754 3810 3012 3865 llomiues
3041 3826 3167 3866 vero
3206 3813 3331 3868 mali
3355 3824 3410 3869 et

1835 3902 2210 3967 fasciuatores,
2232 3902 2480 3969 vulpibus
2509 3912 2564 3958 et
2592 3905 2900 3959 volucribus
2936 3904 3058 3959 coeli
3088 3908 3405 3977 comparati,

1834 3994 1886 4049 in
1913 3993 2016 4051 hac
2048 3995 2155 4050 vita
2186 3996 2487 4066 proﬁcient,
2515 3996 2844 4065 decipientes
2886 4006 2941 4051 et
2973 3997 3205 4067 decepti.

1904 4173 2196 4230 Sublimius
2226 4175 2635 4243 veronuando
2671 4186 2918 4233 mortuus
2954 4186 3037 4233 est
3073 4179 3401 4235 adolescenti

1831 4278 1988 4338 pater
2026 4279 2250 4338 eratque
2300 4269 2566 4333 cadaver,
2609 4278 2734 4323 tunc
2781 4285 2808 4320 a
2850 4268 2976 4324 Jesu
3025 4280 3245 4324 vocatus
3296 4280 3397 4325 est.

1830 4358 2255 4414 Existimandum
2288 4367 2372 4413 est
2393 4373 2552 4424 vero,
2581 4361 2720 4429 quod
2750 4359 3203 4428 quemadmodum
3245 4375 3399 4413 mun-

161 4446 239 4498 καὶ
284 4448 487 4519 νεκρὸς
517 4443 605 4519 ἦν,
654 4448 775 4500 ἐπεὶ
820 4447 1069 4519 τεθνήκει
1116 4446 1263 4518 αὐτῷ
1291 4448 1360 4501 τὰ
1390 4448 1485 4501 τοῦ
1518 4449 1723 4520 κόσμου

1843 4452 1929 4505 lus
1961 4450 2126 4506 Paulo
2169 4449 2462 4505 cruciﬁxus
2503 4460 2587 4506 est
2609 4490 2625 4516 ,
2654 4460 2708 4505 et
2743 4462 2988 4506 mortuus
3035 4442 3194 4519 erat;
3230 4451 3399 4522 siqui-

160 4538 475 4610 πράγματα,
508 4541 704 4610 μηκέτι
733 4539 871 4593 αὐτὰ
903 4538 1281 4603 σκοποῦντιιῖκ
1308 4540 1610 4611 βλεπόμενα
1632 4543 1725 4595 καὶ

163 4630 481 4703 πρόσκαιρα·
506 4631 677 4695 οὕτως
711 4632 922 4701 ἑκάστῳ
950 4631 1142 4702 δικαίῳ
1165 4631 1391 4703 τέθνηκε
1411 4635 1438 4685 6
1461 4632 1722 4697 διάϐολος,

162 4720 289 4786 ὅστις
313 4724 467 4795 αὐτῷ
502 4723 594 4795 ἔζη
621 4724 1001 4795 ἁμαρτάνοντι.
1040 4722 1165 4789 Πᾶς
1194 4722 1301 4793 γὰρ
1321 4727 1353 4777 ό
1377 4723 1562 4777 ποιῶν
1611 4724 1726 4792 τὴν

165 4813 441 4883 ἁμαρτίαν
464 4817 533 4870 ἐκ
573 4816 678 4870 τοῦ
721 4816 1002 4871 διαϐόλου
1057 4818 1418 4885 γεγέννηταισ
1459 4816 1619 4869 παντὶ
1667 4817 1724 4869 δὲ

166 4903 513 4978 ἁμαρτάνοντι
569 4909 661 4961 καὶ
716 4907 1006 4961 σκοποῦντι
1062 4908 1130 4962 τὰ
1160 4907 1287 4978 τῇδε
1319 4907 1383 4978 ζῇ
1428 4909 1455 4958 ὁ
1489 4909 1721 4978 πονηρὸς

168 5000 350 5071 πατήρ.
388 5001 560 5053 Παντὶ
598 5001 673 5064 δὲ,
709 4994 753 5068 ᾧ
792 5002 1021 5071 τέθνηκε
1053 5003 1082 5053 6
1135 5000 1389 5071 πονηρὸς,
1428 4999 1622 5068 λέγοιτ’
1656 4998 1722 5052 ἂν

168 5085 256 5140 ὑπὸ
275 5092 367 5144 τοῦ
388 5092 623 5163 Χριστοῦ
652 5093 732 5158 τὸ,
765 5093 1105 5147 Ἀκολούθει
1121 5109 1242 5160 μοι.
1274 5092 1381 5144 Καὶ
1400 5090 1537 5160 τάχα
1554 5091 1722 5144 τοιοῦ-

169 5180 242 5234 τόν
279 5186 414 5238 ἐστι·
428 5185 704 5255 μυστικῶς
742 5185 1027 5256 νοούμενον
1068 5185 1129 5237 τὸ
1172 5185 1281 5238 δεῖν
1325 5184 1596 5255 μισεῖσθαι
1631 5184 1719 5253 ὑφ’

170 5271 301 5342 ἡμῶν
350 5279 439 5330 τὸν
488 5280 719 5348 πατέρα,
752 5281 818 5332 ἐἰ
855 5278 1138 5348 μέλλοιμεν
1188 5277 1325 5342 ἄξιοι
1364 5277 1581 5329 ἔσεσθαι
1626 5274 1718 5328 τοῦ

182 5364 351 5437 Ἰησοῦ.
371 5373 442 5424 Τὸ
462 5372 539 5436 δὲ,
566 5371 711 5439 Τοὺς
737 5370 990 5439 νεκροὺς
1020 5370 1204 5438 θάψαι
1219 5369 1362 5433 τοὺς
1378 5367 1607 5422 ἑαυτῶν
1628 5384 1721 5420 νε-

174 5464 345 5530 κροὺς,
370 5465 747 5535 ἁλληγορεῖται
770 5466 949 5535 μόνον.
976 5464 1370 5534 Θάπτουσιγὰρ
1395 5480 1511 5525 πως
1534 5460 1716 5530 νεκροὶ

176 5551 274 5616 τοὺς
311 5557 515 5610 ἑαυτῶν
548 5557 771 5627 νεκροὺς
804 5558 859 5608 ἐν
880 5557 1107 5619 ἑαυτοῖς,
1145 5556 1303 5625 τάφοι
1337 5555 1430 5607 καὶ
1480 5555 1716 5623 μνημεῖα

234 5758 269 5790 ’⁷
288 5760 439 5816 Joan.
473 5778 512 5821 ι,
543 5760 630 5817 29.
709 5762 755 5793 ⁹⁸
788 5761 948 5816 Hebr.
988 5778 1047 5824 ιι,
1084 5762 1171 5817 ll.
1248 5762 1291 5793 "
1329 5762 1522 5815 Ezech.
1591 5777 1744 5823 xvm,
1773 5762 1824 5821 4.
1872 5761 1961 5814 20.

234 5828 349 5887 ’rov.
377 5832 534 5888 1.26.
612 5832 675 5886 ⁸1
715 5831 868 5888 Joan.
904 5849 983 5888 Ill.
1019 5833 1070 5887 8.
1151 5832 1171 5862 ‘
1201 5831 1333 5888 Luc.
1387 5848 1468 5888 Ix.
1501 5834 1587 5888 59.
1665 5833 1682 5863 ⁷
1726 5832 1853 5888 ibid.
1897 5832 1964 5886 60

1668 5851 1676 5863 ⁸
1726 5850 1853 5887 ιυιιι.
1897 5850 1983 5886 υυ.

182 5826 349 5887 ‘Prov.
377 5832 534 5897 1,26.
612 5832 675 5886 ⁸1
715 5831 868 5889 Joan.
904 5849 983 5900 Ill,
1019 5833 1070 5887 8.
1151 5832 1171 5862 ‘
1201 5831 1333 5888 Luc.
1387 5848 1468 5901 Ix,
1501 5834 1587 5888 59.

1828 4543 1949 4597 dem
1983 4552 2210 4597 mortuae
2242 4552 2397 4597 erant
2421 4544 2468 4596 ei
2494 4543 2780 4596 mundanae
2813 4558 2917 4607 res,
2947 4546 3142 4613 quippe
3172 4545 3262 4615 qui
3293 4561 3395 4600 non

1828 4630 2060 4700 amplius
2088 4632 2209 4688 illas
2261 4633 2610 4701 respiciebat,
2656 4641 2845 4701 utpote
2877 4643 3193 4703 apparentes
3239 4637 3398 4690 modo

1827 4734 1881 4777 et
1908 4724 2245 4777 transitorias
2283 4739 2296 4773 :
2328 4724 2407 4776 sic
2446 4722 2643 4791 cuique
2681 4721 2831 4789 justo
2867 4734 3110 4779 mortuus
3148 4734 3227 4779 est
3279 4726 3396 4778 dia-

1824 4815 2017 4881 bolus,
2075 4814 2167 4884 qui
2223 4814 2270 4868 ei
2311 4815 2525 4867 vivebat
2574 4814 2843 4882 peccami.
2901 4813 3085 4868 Omnis
3119 4816 3255 4867 enim
3304 4815 3396 4883 qui

1825 4909 1950 4977 facit
1999 4914 2299 4975 peccatum,
2344 4920 2408 4958 ea:
2452 4904 2661 4958 diabolo
2691 4917 2842 4959 natus
2871 4916 2947 4960 est
2974 4907 2996 4938 ⁵
3032 4924 3045 4961 ;
3083 4908 3228 4959 omni
3266 4919 3394 4959 vero

1824 5000 2087 5070 peccanti,
2115 5008 2171 5053 et
2199 4998 2507 5068 respicienti
2548 5000 2660 5053 haec
2712 4999 2965 5053 citeriora
3002 5008 3055 5053 et
3087 5001 3350 5053 mundana
3373 5035 3390 5063 ,

1825 5089 1959 5142 vivit
1983 5090 2155 5143 malus
2185 5098 2358 5157 pater.
2392 5086 2465 5142 Αι
2490 5088 2791 5157 cuicunque
2816 5097 3060 5143 mortuus
3087 5088 3247 5143 fuerit
3277 5103 3392 5142 ma-

1822 5179 1907 5233 lus
1951 5189 2136 5248 pater,
2169 5178 2382 5233 dicetur
2425 5193 2454 5232 a
2491 5178 2709 5234 Christo
2734 5218 2749 5243 ,
2782 5178 3006 5248 Sequere
3053 5196 3134 5233 me
3155 5179 3196 5236 °.
3227 5179 3389 5235 Forte

1823 5272 1985 5326 etiam
2037 5272 2263 5342 mystice
2314 5272 2641 5327 intellectum
2691 5274 3020 5327 tantumdem
3066 5273 3205 5328 valet
3231 5274 3381 5340 illud,

1821 5373 2071 5433 oportere
2097 5364 2222 5417 odio
2251 5364 2433 5419 haberi
2476 5380 2502 5417 a
2530 5365 2685 5419 nobis
2722 5377 2949 5434 patrem,
2976 5366 3020 5421 si
3054 5366 3386 5423 voluerimus

1822 5457 1969 5527 digni
2029 5454 2247 5511 Christo
2299 5472 2437 5511 esse.
2481 5457 2613 5511 lllud
2656 5474 2854 5528 porro,
2886 5459 3121 5515 Mortuus
3169 5460 3385 5527 sepelire

1822 5561 2051 5604 mortuos
2082 5552 2263 5617 suas",
2284 5552 2570 5621 allegorice
2598 5560 2803 5606 tantum
2834 5554 3026 5623 exponi
3061 5562 3253 5624 potest.
3285 5552 3385 5608 Se-

2056 5759 2250 5818 'Psal.
2278 5776 2337 5828 ιι,
2365 5759 2420 5817 ε.
2527 5759 2788 5818 'ibid.
2864 5732 3070 5817 ιιιοίη.
3119 5758 3377 5827 vm,29.
