3942 6318
122 312 209 365 Επῦ
1394 313 1473 370 SC
1482 312 1684 370 HOLIA
1724 313 1790 373 IN
1830 314 2064 371 LUCAM
2075 360 2087 374 .

3273 327 3378 382 554

116 431 250 516 Στίχ.
290 433 428 516 μαῖ’ἰ
466 440 665 516 Mapta
709 438 778 516 et
821 438 949 516 τὴνΔ
977 435 1703 516 ᾴταθὴνλιερίβαφξελέέ

1818 434 1871 490 ν.
1902 437 1994 516 ιε.
2034 436 2415 516 Maria‘autem
2458 439 2643 493 bonam
2680 449 2878 507 partem
2910 440 3095 511 elegit,
3124 459 3241 513 qua:
3274 462 3379 499 non

171 503 342 569 ξατὸ,
384 506 536 575 ἥτις
563 503 675 564 οὐκ
704 503 1164 579 ἀφαιρεθήσεται
1192 503 1297 564 ἀπ’
1319 503 1536 577 αὐτῆς.

56 582 61 589 ’
174 592 267 655 Είς
296 595 406 664 μὲν
433 595 538 652 οὖν
560 600 641 663 τὸ,
679 600 981 666 Ένόςέστι
1009 599 1199 669 χρεία,
1223 600 1286 652 τὸ
1320 597 1699 670 Ἀγαπήσεις,

114 685 377 755 χρήσιμον
417 688 565 760 (98),
612 691 717 745 τὸν
758 692 1024 757 πλησίον
1052 706 1169 745 σου
1212 692 1293 757 ὡς
1322 691 1575 746 ἑαυτόνο
1624 694 1704 756 εἰς

110 774 157 826 δὲ
202 774 284 838 τὺ,
351 777 621 849 Ὀλίγων
664 781 795 835 ἐστὶ
849 781 1039 850 χρεία,
1091 782 1431 853 παραθήσεις
1481 783 1577 836 τό·
1619 786 1701 838 Οὐ

109 865 375 934 κλέψεις,
409 873 491 925 οὐ
543 872 1157 942 ψευδομαρτυρήσεις,
1212 876 1306 928 καὶ
1371 874 1424 927 εἴ
1470 893 1523 928 τι
1574 876 1703 931 ἄλλο

106 958 300 1027 ὁμοίως
357 961 609 1035 εἴρηται.
656 963 890 1037 Ἐκλάδῃ
938 964 996 1018 δὲ
1041 964 1271 1035 Μάρθαν
1325 965 1424 1035 μὲν
1477 966 1558 1028 εἰς
1602 964 1702 1037 τὴν

105 1049 320 1121 πρᾶξιν,
354 1053 593 1125 Μαρίαν
635 1056 690 1108 δὲ
725 1057 804 1119 εἰς
836 1056 935 1126 τὴν
964 1056 1214 1128 θεωρίαν.
1265 1058 1335 1109 Ἢ
1362 1058 1459 1126 τὴν
1496 1057 1593 1127 μὲν
1620 1058 1700 1121 είς

104 1144 189 1213 τὴν
229 1144 540 1211 Ἰουδαίαν,
579 1149 678 1220 τὴν
711 1149 765 1201 δὲ
796 1152 876 1213 είς
913 1150 1009 1220 τὴν
1054 1149 1114 1214 ἐξ
1141 1149 1309 1202 ἐθνῶν
1355 1149 1696 1221 Ἐκκλησίαν.

107 1234 168 1286 Ἦ
195 1235 447 1307 Μάρθαν
481 1238 582 1309 μὲν
615 1241 696 1303 εἰς
722 1242 849 1303 τοὺς
874 1242 938 1293 ὲκ
984 1240 1282 1312 περιτομῆς
1311 1240 1699 1303 πιστεύσαντας

106 1326 187 1378 καὶ
222 1326 620 1394 φυλάττοντας
660 1331 968 1395 Ἰουδαϊκῶς
1016 1332 1084 1384 τὰ
1128 1332 1220 1385 τοῦ
1266 1333 1450 1403 νόμου,
1483 1334 1701 1406 Μαρίαν

103 1416 149 1468 δὲ
174 1418 305 1481 τοὺς
331 1418 557 1474 τούτων
588 1422 1059 1493 ἀπηλλαγμένους,
1109 1425 1203 1479 καὶ
1233 1425 1410 1496 μόνοις
1439 1428 1551 1489 τοῖς
1596 1428 1701 1497 ’1η-

104 1505 188 1558 eo?)
222 1510 364 1562 ποσὶ
401 1511 974 1583 προσκαθεζομένους.
1026 1516 1308 1586 Διαφόρως
1341 1516 1449 1588 γὰρ
1480 1515 1701 1570 ἐπιϐάλ-

102 1596 217 1663 λων,
243 1600 526 1673 εὑρήσεις
553 1604 782 1675 Μάρθαν
808 1606 905 1676 μὲν
939 1608 1424 1679 σωματικωτέραν,
1453 1610 1546 1662 καὶ
1573 1609 1700 1679 περὶ

101 1690 265 1744 πολλὰ
314 1694 676 1768 είλουμένην,
718 1698 937 1769 Μαρίαν
971 1698 1027 1750 δὲ
1069 1701 1136 1769 τῇ
1171 1699 1374 1771 θεωρίᾳ
1420 1700 1576 1771 μόνῃ,
1608 1700 1701 1753 καὶ

101 1786 203 1848 τοῖς
238 1789 665 1860 πνευματικοῖς
692 1791 1156 1863 προσανέχουσαν.

764 2052 921 2106 ΚΕΦ.
966 2054 1062 2108 IA’.

92 2136 243 2208 Στίχ.
281 2137 366 2276 ξ’.
424 2141 615 2209 Πάτερ
646 2142 831 2211 ἡμῶν,
876 2146 908 2197 ὀ
938 2144 1008 2195 ἐν
1051 2144 1174 2210 τοῖς
1211 2144 1505 2212 οὐρανοῖςο
1537 2146 1703 2215 ἁγια-

156 2214 282 2264 σθτ
311 2228 408 2263 τω
435 2212 499 2265 τὸ
530 2211 717 2276 ὄνομά
746 2231 861 2267 σου
880 2229 893 2243 °
925 2213 1146 2268 ἐλθέτω
1176 2217 1214 2276 ἡ
1245 2216 1535 2276 βασιλεία
1563 2232 1698 2270 σου.

156 2211 408 2276 σθήτω
435 2212 499 2265 τὸ
530 2211 717 2281 ὄνομά
746 2231 861 2267 σου
880 2229 893 2243 °
925 2213 1146 2268 ἐλθέτω
1176 2217 1214 2283 ἡ
1245 2211 1535 2279 ,βασιλεία
1563 2211 1698 2270 σου.

155 2292 365 2370 Οἶμαι
400 2302 474 2364 δὲ,
509 2302 589 2355 ὅτι
635 2302 808 2366 οὐδεὶς
835 2302 980 2370 λέγοι
1016 2301 1094 2373 τῷ
1120 2302 1238 2373 Θεῷ
1280 2302 1340 2356 τὸ
1367 2304 1577 2372 Πάτερ,
1627 2305 1700 2377 μὴ

98 2391 556 2464 πεπληρωμένος
569 2393 662 2447 τοῦ
678 2394 778 2464 τῆς
802 2393 1069 2458 υἱοθεσίας
1096 2394 1429 2465 πνεύματος·
1456 2398 1547 2448 καὶ
1572 2395 1701 2460 Υἱὸς

100 2481 364 2548 δοξάζων
403 2485 621 2556 Πατέρα
658 2484 805 2554 λέγοι
846 2485 911 2539 ἂν
958 2484 1179 2553 Πάτερ·
1220 2482 1460 2554 φυλάξας
1500 2486 1557 2539 δὲ
1601 2485 1701 2557 τὴν

106 2574 363 2645 ἐντολὴν,
412 2575 510 2646 τὴν
567 2574 862 2645 λέγουσανο
928 2574 1217 2645 Ἀγαπᾶτε
1263 2576 1406 2642 τοὺς
1446 2576 1698 2646 ἐχθροὺς

108 2666 299 2737 ὑμῶν,
338 2670 755 2740 προσεύχεσθε
784 2669 935 2736 ὑπὲρ
980 2668 1100 2723 τῶν
1147 2668 1480 2723 διωκόντων
1520 2667 1696 2738 ὑμᾶς,

114 2760 268 2826 ὅπως
302 2760 567 2829 γένησθε
597 2759 715 2814 υἱοὶ
742 2760 849 2814 τοῦ
877 2758 1109 2827 Πατρὸς
1134 2758 1319 2829 ὑμῶν,
1350 2760 1455 2815 τοῦ
1482 2760 1552 2815 ἐν
1575 2762 1699 2828 τοῖς

114 2850 425 2918 οὐρανοῖς.

191 2942 461 2997 Ἐλθέτω
500 2943 538 3010 ἡ
567 2943 857 3007 ,βασιλεία
890 2959 1024 3000 σου.
1066 2944 1182 2998 Ἵνα
1226 2944 1546 3017 καταργηθῇ
1602 2944 1698 3016 μὲν

120 3033 263 3112 πᾶσα
292 3033 450 3105 ἀρχὴ
479 3034 573 3087 καὶ
596 3034 813 3101 ἐξουσία
840 3035 933 3109 καὶ
962 3034 1210 3107 δύναμις,
1243 3035 1398 3089 ἔτιδὲ
1430 3037 1524 3089 καὶ
1550 3036 1698 3089 πᾶσα

1874 508 2149 576 auferetur
2174 510 2237 561 ab
2268 525 2350 562 ea.

1873 597 1952 650 Ad
1980 597 2377 666 explanandum
2412 598 2539 653 illud
2568 617 2583 654 :
2620 597 2734 654 Uno
2761 618 2887 670 opus
2922 612 3022 668 est,
3049 603 3183 658 utile
3216 604 3377 659 fuerit

1804 689 1944 757 quod
2020 688 2215 743 dicitur
2261 704 2277 743 :
2328 689 2528 759 Diliges
2587 694 2879 761 proximum
2935 706 3083 748 tuum
3135 697 3268 749 sicut
3328 708 3378 750 te

1803 781 1992 847 ipsum.
2044 780 2178 837 Cum
2217 782 2306 838 illo
2354 794 2559 849 autem,
2616 783 2809 839 Paucis
2858 798 2933 840 est
2987 805 3135 851 opus,
3187 788 3377 843 confer

1805 873 1983 929 illud:
2034 872 2156 928 Non
2206 875 2491 943 furaberis,
2547 893 2649 929 nou
2707 878 2847 931 dices
2899 880 3091 946 falsum
3142 881 3375 933 testimo-

1804 965 1945 1019 nium
1977 967 2043 1030 υ,
2072 976 2128 1020 et
2162 968 2207 1020 si
2244 968 2373 1036 quid
2406 968 2551 1022 aliud
2602 969 2855 1023 similiter
2886 970 3085 1023 dictum
3135 981 3238 1026 est.
3274 972 3377 1024 Ac-

1801 1054 1965 1123 cipies
2010 1071 2225 1125 quoque
2258 1055 2524 1110 Martham
2574 1056 2641 1111 ad
2684 1057 3014 1111 innuendam
3066 1060 3330 1113 actionem
3359 1100 3374 1123 ,

1801 1145 2021 1201 Mariam
2062 1162 2190 1201 vero
2223 1148 2289 1201 ad
2328 1147 2657 1201 innuendam
2710 1148 3249 1216 contemplationem.
3280 1148 3376 1201 Vel
3408 1142 3409 1145 “

1800 1237 1944 1291 illam
1971 1238 2186 1307 quidem
2217 1240 2269 1293 in
2301 1240 2600 1310 symbolum
2632 1238 2851 1304 Judazat,
2883 1241 3025 1295 hanc
3059 1241 3109 1293 in
3150 1239 3377 1307 ﬁgurant

1801 1327 2053 1384 Ecclesiae
2082 1331 2343 1399 gentium.
2380 1330 2506 1385 Sive
2533 1330 2742 1393 Martha
2773 1332 3100 1402 signiﬁcabit
3131 1348 3249 1395 eos,
3285 1332 3374 1398 qui
3412 1332 3415 1337 ’

1799 1432 1866 1470 ex
1916 1421 2330 1474 circumcisione
2392 1421 2773 1485 crediderunt,
2822 1431 2876 1473 et
2928 1420 3096 1487 legem
3152 1419 3376 1475 Judaice

1796 1510 2121 1577 observant;
2154 1510 2319 1565 Maria
2352 1512 2537 1566 innuet
2567 1528 2659 1567 eos
2684 1514 2773 1582 qui
2804 1532 2834 1566 ιι
2866 1511 3126 1581 legalibus
3164 1513 3373 1565 liberati

1802 1614 1946 1665 sunt,
1977 1613 2031 1655 et
2068 1606 2134 1658 ad
2174 1606 2320 1659 solus
2349 1604 2476 1659 Jesu
2518 1607 2679 1676 pedes
2710 1606 2970 1661 assident.
3006 1605 3377 1659 Diversimnde

1802 1696 1944 1747 enim
1982 1709 2093 1748 rem
2151 1697 2507 1764 perpendens,
2557 1697 2797 1751 invenies
2834 1697 3103 1751 Martham
3153 1697 3375 1765 quidem

1731 1782 1776 1840 Β
1805 1785 1965 1838 rebus
2010 1786 2286 1853 corporeis
2339 1787 2562 1840 nimium
2615 1789 2895 1856 aliquanto
2942 1790 3269 1855 obnoxiam,
3320 1799 3375 1842 et

1808 1877 1953 1930 circa
1989 1879 2155 1931 multa
2191 1889 2491 1933 versantem
2519 1919 2534 1943 ,
2568 1880 2787 1934 Mariam
2818 1897 2948 1935 vero
2995 1881 3093 1936 soli
3133 1891 3376 1937 contem-

1810 1967 2055 2035 plationi,
2083 1977 2136 2023 et
2166 1969 2329 2024 rebus
2360 1970 2731 2038 spiritualibus
2761 1980 3065 2029 vacantem.

2446 2060 2598 2116 CAP.
2639 2060 2731 2116 XI.

1808 2146 1875 2201 V.
1905 2148 1960 2202 2.
1988 2148 2147 2204 Pater
2183 2158 2378 2214 noster,
2406 2152 2579 2231 quiin
2608 2154 2782 2217 caelis;
2808 2156 3167 2215 sanctiﬁcetur
3195 2175 3377 2213 nomen

2176 2232 2323 2273 tuum
2352 2235 2370 2274 ἔ
2398 2233 2568 2275 veniat
2609 2239 2821 2291 regnum
2853 2234 3019 2278 tuum.

1878 2309 2036 2376 Puto,
2068 2312 2191 2381 quia
2225 2328 2384 2367 nemo
2409 2314 2610 2367 diceret
2654 2315 2760 2368 Deo
2788 2313 2972 2381 Pater,
3000 2318 3099 2371 nisi
3146 2320 3379 2389 repletus

1807 2403 1998 2470 spiritu
2054 2404 2359 2472 adoptionis
2401 2422 2415 2458 :
2466 2419 2531 2459 ac
2578 2403 2746 2460 Filius
2775 2406 3085 2476 gloriﬁcans
3131 2407 3380 2474 Patrem,

1806 2495 1947 2549 dicet
1976 2494 2185 2562 utique,
2222 2493 2402 2561 Pater,
2433 2505 2487 2549 at
2517 2499 2830 2553 custodiens
2869 2500 3201 2566 mandatum,
3236 2505 3380 2569 quod

1804 2586 1928 2641 ait:
1975 2585 2191 2656 Diligite
2244 2588 2486 2642 inimicos
2559 2600 2776 2654 vestros,
2834 2602 2979 2644 orate
3048 2609 3143 2659 pro
3210 2608 3383 2661 perse-

1803 2678 2077 2747 quentibus
2108 2694 2215 2743 vos,
2249 2687 2305 2732 ut
2337 2678 2457 2732 sitis
2486 2678 2589 2744 ﬁlii
2622 2677 2798 2734 Patris
2829 2683 3005 2746 vestri,
3037 2683 3127 2751 qui
3156 2684 3209 2735 in
3241 2682 3382 2737 caelis

1804 2779 1877 2823 est
1905 2768 1949 2801 ¹³

1885 2946 2075 3003 Veniat
2112 2962 2329 3016 regnum
2359 2955 2532 3003 tuum.
2573 2945 2644 3002 Ut
2686 2957 2976 3001 evacuetnr
3006 2948 3184 3003 omnis
3227 2959 3380 3017 pote-

1807 3049 1919 3096 stas
1962 3050 2016 3094 et
2049 3039 2247 3103 virtus,
2302 3039 2540 3107 itemque
2592 3054 2749 3093 omne
2800 3055 3021 3111 regnum
3064 3041 3283 3105 mundi,
3326 3051 3381 3096 et

125 3121 368 3194 βασιλεία
400 3122 496 3178 τοῦ
519 3124 743 3196 κόσμου,
776 3126 870 3179 καὶ
905 3128 937 3197 ἠ
972 3126 1326 3196 βασιλεύουσα
1350 3129 1407 3181 ὲν
1431 3131 1542 3191 τοῖς
1568 3127 1696 3198 θνη-

1818 3130 1939 3202 lnod
1971 3144 2157 3201 regnat
2207 3130 2258 3185 in
2293 3131 2607 3185 mortalibus
2652 3133 2970 3199 corporibus
3010 3134 3214 3187 nostris
3243 3149 3372 3202 pec-

124 3220 221 3280 τοίς
245 3216 417 3288 ἡμῶν
450 3216 693 3287 σώμασιν
722 3217 996 3289 ἁμαρτία*
1033 3218 1250 3273 πάντων
1282 3218 1338 3271 δὲ
1367 3216 1572 3271 τούτων
1602 3216 1698 3288 βα-

131 3309 341 3384 σιλεύσῃ
356 3312 403 3372 ,ὁ
433 3310 583 3375 Θεός.

130 3403 263 3473 Στίχ.
304 3404 383 3474 γ’.
436 3404 547 3457 Τὸν
583 3404 765 3472 ἄρτον
802 3404 972 3473 ἡμῶν
1016 3404 1121 3459 τὸν
1161 3404 1475 3458 ἐπιούσιον
1511 3402 1704 3456 δίδου.

202 3492 551 3564 Ἀναγκαίως
589 3492 646 3545 δὲ
691 3493 785 3546 καὶ
815 3491 875 3545 τὸ
919 3493 1047 3546 καθ’
1092 3493 1323 3560 ἡμέραν
1363 3490 1702 3560 πρόσκειται.

134 3583 297 3637 (Movet
324 3582 444 3654 γὰρ
468 3581 832 3656 ἐπισκευαστή
856 3582 1002 3633 ἐστιν
1028 3579 1181 3651 ἡμῶν
1264 3577 1378 3650 ζωὴ
1400 3579 1432 3649 ἡ
1456 3576 1704 3649 ἀληθινὴ,

136 3677 211 3731 ἵνα
238 3678 391 3732 κατὰ
418 3678 549 3731 Θεὸν
582 3678 723 3750 ζήσῃ
747 3678 776 3730 ὁ
803 3675 911 3729 ἔσω
934 3674 1245 3746 ἅνθρωπος.

139 3769 269 3841 Στίχ.
309 3778 379 3839 ε’,
411 3776 485 3836 ς’,
519 3769 583 3835 ζ’.

199 3862 267 3915 Τὸ
303 3862 413 3935 μὲν
439 3859 552 3929 οὖν,
595 3862 689 3928 Τίς
715 3862 784 3926 ἐξ
811 3859 996 3931 ὑμῶν,
1027 3856 1162 3931 πρὸς
1191 3856 1317 3920 τοὺς
1347 3853 1591 3927 μαθητὰς
1619 3851 1707 3905 λέ-

145 3970 313 4022 γεταγ
360 3955 424 4009 τὸ
462 3955 541 4019 δὲ,
578 3954 699 4019 ἔξει
739 3955 944 4023 φίλον,
972 3952 1060 4005 ἴνα
1090 3950 1217 4021 εἴπῃ
1252 3948 1342 4002 τὸν
1383 3946 1514 4001 Θεὸν
1557 3945 1707 4015 φίλον

147 4051 469 4121 τυγχάνοντα
491 4051 603 4111 τοῖς
642 4047 836 4116 ἁγίοις,
864 4046 940 4109 ὡς
962 4046 1167 4113 Μωῦσῇ
1196 4041 1290 4096 καὶ
1313 4039 1391 4110 τῷ
1434 4038 1704 4108 Ἀϐραάμ.

149 4142 280 4214 Τάχα
305 4144 369 4197 δὲ
399 4143 493 4196 καὶ
522 4139 869 4211 μεσονύκτιον
892 4138 919 4189 ὁ
950 4133 1376 4204 συνεσταλμένος
1404 4125 1559 4194 οὗτός
1590 4131 1707 4183 ἐστι

150 4235 320 4305 καιρὸς
350 4233 446 4287 τοῦ
480 4233 616 4303 βίου,
648 4232 734 4285 ὅτε
756 4228 1079 4301 ὀλοθρευτὴς
1100 4226 1405 4297 εἰσέρχεται
1426 4226 1504 4287 είς
1525 4225 1706 4276 πᾶσαν

152 4325 309 4380 οἰκίαν
330 4326 433 4398 τῆς
464 4327 522 4378 ὲν
546 4324 735 4395 κόσμῳ
770 4321 1068 4391 Αἰγύπτου,
1097 4318 1225 4373 ἔνθα
1262 4318 1336 4389 μὴ
1364 4317 1646 4389 κέχρισται
1671 4316 1704 4385 ἡ

156 4416 265 4485 φλιὰ
297 4418 378 4489 τῷ
402 4416 498 4471 τοῦ
526 4414 762 4488 Χριστοῦ
791 4415 1001 4485 αἵματι.
1032 4413 1183 4465 Αίτεῖ
1211 4409 1267 4463 δὲ
1296 4412 1324 4463 ὁ
1352 4408 1593 4480 μαθητὴς
1617 4406 1707 4459 τὸν

1805 3235 1984 3279 catum
2009 3238 2025 3287 ;
2054 3236 2215 3291 super
2245 3222 2329 3276 his
2361 3232 2542 3277 autem
2569 3223 2821 3278 omnibus
2854 3236 3041 3295 regnet
3074 3228 3234 3281 Deus.

1876 3398 1946 3456 ν.
1972 3400 2025 3457 5.
2062 3401 2257 3455 Ραηεηι
2293 3412 2527 3455 nostrum
2555 3401 2885 3472 sufﬁcientem
2914 3403 3003 3456 da.

1888 3492 2212 3549 Necessario
2288 3492 2598 3563 adiungitur
2651 3495 2907 3562 quotidie.
2972 3493 3382 3559 Quodammodo

1806 3584 1950 3638 enim
1986 3585 2337 3639 instaurativa
2370 3594 2453 3639 est
2492 3592 2735 3637 nostrum
2773 3599 2896 3638 vera
2942 3584 3071 3647 vita,
3100 3592 3159 3637 ut
3185 3599 3384 3637 secun-

1750 3729 1754 3735 ,
1807 3676 1932 3728 dum
1963 3676 2130 3730 Deum
2163 3676 2308 3729 vivat
2341 3676 2567 3730 interior
2599 3675 2781 3741 homo.

1878 3765 1944 3820 V.
1977 3765 2035 3829 5,
2060 3765 2114 3829 6,
2143 3764 2196 3821 7.

1877 3855 2008 3911 lllnd
2034 3856 2223 3926 igitur,
2255 3853 2387 3921 Quis
2413 3871 2477 3909 ex
2514 3855 2678 3918 vobis,
2710 3855 2774 3909 ad
2819 3854 3115 3926 discipulos
3151 3856 3381 3923 dicitur;

1807 3960 1863 4004 at
1895 3950 2060 4015 illud,
2110 3949 2316 4003 habebit
2365 3949 2624 4013 amicum,
2667 3948 2741 4000 ait
2792 3963 2902 4014 quo
2946 3958 3153 4002 asserat
3216 3946 3379 4002 Deum

1808 4044 2040 4098 amicum
2086 4057 2204 4098 esse
2242 4048 2580 4103 sanctorum,
2629 4048 2686 4093 ut
2726 4039 2926 4111 Moysis
2974 4050 3028 4094 et
3077 4040 3375 4095 Abraham.

1812 4130 2202 4187 Verosimiliter
2265 4129 2685 4195 medinoctimn,
2735 4140 2818 4185 est
2884 4131 3047 4185 breve
3103 4132 3203 4184 hoc
3256 4131 3383 4184 vine

1812 4237 2017 4296 tempus
2066 4224 2283 4294 quando
2346 4223 2744 4277 exterminator
2801 4222 3105 4289 ingreditur
3170 4238 3382 4276 omnem

1812 4319 2026 4371 domum
2078 4314 2363 4369 mundanae
2425 4312 2678 4386 Egypti,
2726 4314 2816 4368 ubi
2852 4329 2957 4369 non
3009 4314 3108 4368 fuit
3156 4325 3378 4368 unctum

1812 4408 1972 4463 limen
2042 4406 2306 4478 sanguine
2374 4404 2601 4460 Christi.
2664 4404 2908 4460 Postulat
2980 4405 3272 4475 discipulus
3318 4407 3386 4458 ab

157 4508 289 4576 φίλον
326 4511 477 4582 τρεῖς
501 4509 717 4579 ἄρτους,
744 4506 1064 4578 βουλόμενος
1085 4502 1280 4574 θρέψαι
1303 4503 1369 4573 τῇ
1404 4501 1529 4572 περὶ
1551 4499 1703 4572 Τριά-

1818 4500 1992 4553 amico
2028 4509 2136 4553 tres
2175 4512 2360 4566 panes,
2410 4496 2597 4552 volens
2638 4498 2848 4552 nutrire
2889 4496 3132 4550 doctrina
3177 4497 3242 4550 de
3288 4494 3383 4549 Dei

158 4601 229 4665 ὼς
254 4603 504 4674 θεολογὶᾳ
528 4602 618 4655 τὸν
640 4601 927 4673 γενόμενον
955 4599 1090 4670 πρὸς
1113 4597 1273 4650 αὑτὸν
1297 4595 1404 4649 ἀπὸ
1440 4596 1538 4665 τῆς
1562 4591 1705 4658 ὁδοῦ,

162 4695 286 4748 καθά
328 4712 526 4765 φησιν·
589 4693 798 4760 Ἐκτὸς
840 4691 985 4761 ἐμοῦ
1036 4692 1107 4744 οὐ
1151 4688 1416 4743 δύνασθε
1459 4684 1708 4753 ποιῆσαι

162 4774 338 4841 οὐδέν.
382 4784 543 4838 Ἀλλὰ
572 4784 688 4849 πῶς
732 4783 1083 4854 ἀποκρίνεται
1124 4779 1325 4833 ἔσωθεν
1362 4781 1390 4832 'b
1435 4777 1586 4847 φίλος
1622 4776 1711 4829 λέ·-

1819 4591 2057 4646 trinitate
2086 4594 2388 4646 venientem
2423 4591 2488 4645 ad
2521 4604 2580 4645 se
2610 4589 2679 4643 de
2711 4589 2924 4651 itinere,
2962 4598 3019 4642 nt
3056 4590 3128 4642 ait
3158 4605 3171 4641 :
3214 4589 3385 4643 Extra

1768 4747 1773 4750 ,
1815 4699 1895 4736 me
1929 4700 2033 4738 non
2086 4686 2300 4752 potestis
2348 4684 2518 4750 facere
2578 4682 2861 4751 quidquam
2889 4682 2950 4734 “.
2996 4683 3064 4735 At
3117 4684 3387 4750 quomodo

1822 4777 2107 4846 respondet
2137 4778 2205 4832 de
2236 4778 2381 4831 intus
2413 4777 2638 4840 amicus,
2669 4775 2855 4829 dicens
2893 4793 2905 4829 :
2944 4774 3023 4828 Ne
3064 4776 3192 4827 mihi
3232 4790 3388 4841 nego-

164 4889 283 4940 γων·
315 4875 411 4943 Μή
442 4893 545 4945 μοι
573 4876 762 4930 κόπον
804 4873 1057 4943 πάρεχε;
1088 4872 1349 4942 Ζητήσεις
1388 4868 1464 4929 δὲ,
1503 4867 1703 4938 μήποτε

1819 4867 1951 4922 tium
1990 4865 2257 4935 facessas?
2288 4864 2508 4933 Quazres
2546 4878 2693 4926 vero,
2726 4877 2793 4918 an
2830 4864 2965 4918 forte
3005 4864 3097 4932 qui
3142 4861 3388 4915 laborant

166 4968 214 5018 oi.
232 4969 524 5032 κοπιῶντες
556 4970 649 5021 καὶ
683 4967 1098 5041 πεφορτισμένοι
1126 4965 1252 5027 τοὺς
1281 4959 1486 5016 ἑαυτῶν
1513 4958 1703 5021 κόπους

1822 4969 1876 5014 et
1920 4957 2127 5011 onerati
2170 4966 2316 5021 sunt,
2362 4956 2475 5010 suis
2513 4954 2790 5011 laboribus
2825 4972 2930 5009 non
2980 4953 3252 5008 facessunt
3286 4969 3385 5006 ne-

168 5063 425 5134 παρέχωσι
452 5061 530 5134 τῷ
558 5061 786 5133 Σωτῆρι.
818 5061 908 5113 Διὸ
942 5060 1046 5126 τὰς
1068 5056 1384 5120 ἀσθενείας
1416 5049 1583 5120 ἡμῶν
1613 5047 1715 5119 φέ-

1820 5050 2022 5119 gotium
2088 5048 2378 5103 Salvatori.
2432 5045 2726 5117 Propterea
2798 5045 3126 5113 inﬁrmitates
3184 5053 3385 5097 nostras

164 5170 258 5217 pst,
276 5154 370 5210 καὶ
391 5154 525 5221 περὶ
540 5152 707 5223 ἡμῶν
729 5152 1030 5206 ὀδυνᾶται.
1057 5152 1128 5205 ’Ἡ
1149 5150 1337 5219 ὥσπερ
1351 5143 1488 5215 τῷδε
1508 5140 1581 5212 μὴ
1604 5139 1703 5211 (99]

1818 5148 2022 5209 portat,
2065 5148 2112 5193 et
2159 5155 2250 5207 pro
2286 5138 2429 5192 nobis
2482 5138 2619 5191 dolet
2660 5137 2724 5191 ι’.
2761 5136 2855 5191 Vel
2908 5136 3050 5191 sicut
3103 5135 3228 5189 huic
3281 5151 3384 5188 non

172 5243 307 5299 ὑπνοῖ
328 5247 356 5297 b
380 5245 532 5309 Θεὸς,
570 5244 714 5314 ἄλλῳ
740 5244 795 5297 δὲ
833 5244 1195 5315 ἁμαρτάνοντι
1224 5234 1537 5310 ὀργίζεσθαι
1562 5230 1715 5299 λέγε-

171 5348 268 5387 ται·
293 5335 435 5388 οὕτω
464 5335 557 5388 καὶ
590 5335 753 5387 κόπον
772 5333 914 5405 ἔχειν
940 5334 1047 5387 ὰπὸ
1070 5331 1164 5386 τοῦ
1188 5331 1515 5403 παρέχοντος
1546 5325 1712 5397 αὐτῷ.

229 5425 293 5478 Σὺ
320 5425 377 5477 δὲ
410 5424 533 5498 ὅρα,
573 5427 621 5478 εί
660 5425 837 5492 ἄρτος
876 5422 975 5494 μὲν
1010 5425 1045 5495 ἡ
1092 5420 1366 5491 ἀναγκαία
1405 5419 1507 5489 τῆς
1539 5417 1716 5488 ψυχῆς

234 5590 271 5621 ¹¹
306 5589 424 5645 Jac.
469 5605 542 5653 ιι,
575 5588 641 5654 8;
678 5587 834 5641 Rom.
882 5600 1013 5650 xm,
1064 5585 1119 5639 9.
1198 5582 1241 5613 ¹⁸
1276 5579 1467 5635 Matth.
1513 5595 1566 5645 v,
1599 5575 1689 5631 44.

1848 5576 2001 5632 Joan.
2049 5592 2137 5641 xv,
2195 5574 2244 5631 5.

1822 5232 2022 5284 dormit
2061 5229 2219 5297 Deus,
2269 5230 2422 5285 alteri
2458 5245 2591 5285 vero
2639 5231 2885 5300 peccanti
2942 5229 3100 5284 irasci
3146 5229 3384 5285 dicitur:

1823 5322 1895 5377 ita
1924 5323 2089 5378 etiam
2116 5322 2418 5378 molestiam
2450 5323 2650 5379 habere
2671 5323 2738 5378 ab
2770 5320 3029 5377 afferente
3052 5320 3175 5376 sibi.

1890 5414 1970 5471 Tu
2004 5432 2163 5488 porro
2190 5417 2492 5482 considera,
2520 5430 2695 5469 annon
2724 5415 2898 5483 panis,
2929 5413 2998 5470 sit
3025 5411 3387 5471 necessarium

2348 5576 2393 5614 ιδ
2432 5574 2533 5632 lsa.
2586 5590 2680 5629 Ltll
2706 5614 2720 5640 ,
2760 5573 2813 5629 ι.

232 5700 333 5771 (98)
366 5700 629 5771 νὶιιειιιιδΔ
670 5697 1010 5753 scribendum
1069 5695 1332 5767 χρήσιμον
1378 5693 1437 5745 τὸ
1466 5730 1482 5757 ,
1543 5670 1911 5761 Ἆγαπήσεις.

236 5768 338 5842 (99)
373 5771 536 5825 Forte
565 5768 683 5839 μέν.
