3942 6318
134 290 235 349 δῖἳ

1442 294 1733 350 SCHOLIA
1771 295 1839 350 IN
1877 294 2137 353 LUCAM.

3306 308 3410 365 358

128 410 215 464 καὶ
265 409 427 484 ὐπὲρ
492 415 779 489 ἄνθρωπον
822 414 1182 478 αίσθάνονται,
1235 415 1439 487 ὁρῶσαι
1476 414 1544 468 τά
1592 415 1700 468 θεῖα

1838 417 2110 472 hominem
2174 417 2350 486 posita
2412 418 2688 485 sentiunt,
2739 421 2988 478 videntes
3046 424 3260 493 divina,
3312 441 3409 479 au-

122 499 432 556 ἀκούουσαι
492 508 679 578 φωνῆς
730 506 885 571 Θεοῦ,
940 504 1229 575 γευόμεναι
1289 504 1489 570 ζῶντος
1540 507 1728 577 ἄρτου,

120 593 577 665 ὁσφραινὸμεναι
609 598 843 671 Χριστοῦ
872 600 1053 671 μύρων
1077 598 1328 663 εὐωδίας,
1356 597 1538 652 ελαίου
1570 598 1732 667 ἀγαλ-

118 686 375 751 λιάσεως,
412 690 730 763 ἁπτόμεναι
761 692 916 760 λόγου
948 692 1174 756 ζῶντος·
1198 692 1420 755 αἵτινες,
1455 690 1728 757 ἐξευτελι-

115 774 343 844 ζὸμεναι
381 777 511 832 ὐπὸ
550 781 656 833 τῶν
683 780 749 833 τά
778 779 1084 850 πνεύματος
1131 780 1342 851 μωρίαν
1380 781 1473 833 καὶ
1508 779 1615 833 εὐω
1649 778 1726 851 (5)

112 864 448 934 κρινόντων,
523 867 621 922 οὐκ
672 870 808 922 εἰσιν
858 869 1278 940 ὲπιλελησμέναι
1349 869 1577 923 ἐνώπιον
1632 870 1725 923 τοῦ

108 951 259 1006 Θεοῦ.
295 954 379 1005 Τὸ
433 957 631 1026 μέντοι
665 958 922 1028 ἐμφαῖνον
966 959 1147 1029 ῥητὸν,
1185 959 1317 1030 μηδὲ
1356 960 1418 1012 τὸ
1448 960 1724 1031 ἐλάχιστον

108 1044 404 1117 στρουθίον
472 1049 902 1121 ἐπιλελησμένον
955 1049 1093 1104 εἶναι
1142 1051 1370 1105 ἐνώπιον
1419 1053 1513 1106 τοῦ
1564 1053 1719 1117 Θεοῦ,

106 1134 494 1201 συνεξέτασον
525 1144 636 1204 τοῖς
669 1142 993 1212 ἐμφαίνουσι
1024 1144 1229 1214 ῥητοῖς,
1273 1143 1720 1199 ἐπιλανθάνεσθαι

101 1244 259 1280 τινων
291 1229 398 1281 τὸν
434 1230 583 1285 Θεὸν
624 1234 691 1286 δι’
722 1235 997 1307 ἁμαρτίαν
1026 1236 1223 1288 αὐτῶν.
1267 1237 1471 1307 Ῥητῶς
1503 1238 1599 1308 μὲν
1627 1234 1719 1292 οὖν

99 1321 153 1372 τὸ
178 1318 561 1396 λεπτομερὲς
578 1327 676 1398 τῆς
704 1327 988 1396 Προνοίας,
1013 1329 1108 1381 καὶ
1130 1330 1162 1398 ἡ
1195 1329 1356 1400 μέχρι
1378 1331 1486 1382 τῶν
1507 1330 1717 1384 λεπτῶν

99 1413 324 1483 γνῶσις,
362 1418 433 1470 ὲν
488 1420 698 1483 τούτοις
724 1420 1006 1491 δηλοῦται’
1061 1421 1267 1492 νοητῶς
1311 1422 1367 1475 δὲ
1412 1422 1597 1476 πίπτει
1627 1424 1719 1477 ἐπὶ

98 1507 189 1576 τῆς
216 1508 361 1577 γῆς,
417 1506 523 1565 οἷα
558 1512 833 1584 στρουθία,
873 1513 934 1566 τὸ
962 1514 1243 1585 φρόνιμον.
1303 1513 1472 1567 Ἐπὰν
1505 1515 1561 1568 δὲ
1606 1515 1719 1568 άνω

100 1597 341 1669 φέρεσθε
381 1600 499 1672 (4),
548 1602 616 1656 τὰ
648 1604 798 1657 κάτω
838 1603 994 1674 ζητεῖ
1020 1607 1132 1667 τοῖς
1158 1605 1259 1674 τῆς
1302 1604 1505 1676 σαρκὸς
1534 1606 1717 1675 ἐνεχο-

1832 508 2039 564 dientes
2080 524 2267 565 vocem
2300 511 2417 575 Dei,
2461 520 2740 580 gustantes
2777 529 2968 583 panem
3006 518 3220 583 vivum,
3269 516 3408 572 olfa-

1831 600 2035 656 cieutes
2064 599 2424 673 fragrantiam
2456 613 2850 670 unguentorum
2899 608 3122 671 Christi,
3154 609 3256 664 olei
3306 624 3404 663 ex-
3450 634 3453 635 ν

1830 693 2169 758 sultationis,
2217 704 2271 748 et
2304 703 2713 749 contrectantes
2755 696 2992 752 Verbum
3036 702 3239 755 vivum.
3274 701 3398 770 (Qui

1830 800 2021 842 sensus
2078 787 2176 841 viri
2215 786 2383 857 jusli)
2432 791 2696 842 attenuati
2739 789 2808 842 ab
2854 790 2921 845 iis
2954 793 3042 861 qui
3095 795 3395 863 spiritualia

1827 878 1988 932 stulta
2034 888 2086 934 et
2119 880 2247 933 vilia
2285 888 2557 948 reputant,
2591 894 2695 935 non
2736 892 2863 936 sunt
2907 884 2959 937 in
3007 885 3273 941 oblivione
3321 896 3398 941 ta-

1826 980 1948 1019 men
1992 982 2174 1021 coram
2228 968 2355 1022 Deo.
2408 969 2711 1024 Dictionem
2764 972 3118 1027 nihilominus
3155 990 3274 1043 quae
3320 978 3397 1031 si-

1824 1058 2075 1127 gnificat,
2129 1074 2197 1113 ne
2252 1058 2532 1114 minima’m
2587 1062 2801 1132 quidem
2838 1065 3101 1119 aviculam
3153 1067 3203 1119 in
3258 1069 3394 1121 obli-

1824 1147 1981 1201 vione
2032 1162 2155 1202 esse
2186 1164 2369 1203 coram
2414 1149 2553 1216 Deo,
2593 1154 2863 1222 perpende
2907 1170 3028 1209 cum
3077 1155 3398 1212 dictionibus

1823 1239 2274 1307 signiﬁcantibus,
2321 1242 2487 1298 Deum
2552 1246 2911 1313 quorumdam
2980 1246 3226 1302 oblivisci
3275 1264 3399 1316 pro-

1821 1339 1937 1398 pter
1968 1340 2186 1400 peccata
2218 1348 2426 1388 eorum.
2476 1333 2813 1390 Litteraliter
2848 1352 2979 1406 ergo
3019 1339 3068 1391 in
3105 1340 3253 1394 hisce
3303 1340 3401 1395 de-

1824 1419 2060 1474 claratur
2106 1423 2172 1474 ad
2206 1422 2425 1477 minima
2465 1439 2692 1496 quaeque
2723 1429 2926 1496 porrigi
2972 1428 3395 1496 Providentiam,

1818 1522 1870 1562 et
1901 1527 2067 1581 usque
2089 1513 2155 1567 ad
2182 1515 2422 1568 notitiam
2450 1531 2626 1571 rerum
2659 1519 3117 1575 tenuissimarum.
3139 1520 3398 1590 Spiritua-

1820 1597 1939 1653 liter
1964 1616 2131 1655 vero:
2164 1603 2307 1655 cadit
2336 1604 2387 1657 in
2440 1613 2663 1673 terram,
2696 1607 2841 1661 velut
2873 1610 3117 1677 aviculae,
3153 1611 3393 1680 pruden-

100 1690 284 1759 μένοις
322 1697 563 1759 κακοῖς,
598 1695 901 1767 παραδοθὲν
944 1697 1024 1758 είς
1052 1696 1221 1759 πάθος
1258 1696 1499 1766 ἀτιμίας,
1536 1697 1629 1749 καὶ
1657 1695 1700 1749 τί

1818 1692 1913 1745 tia.
1945 1692 2077 1745 Dum
2126 1694 2269 1747 enim
2300 1695 2534 1750 sublime
2570 1695 2764 1762 fertur,
2807 1713 2925 1766 qua:
2960 1700 3221 1755 inferiora
3267 1715 3395 1757 sunt

98 1778 405 1853 ἐλεύθερον
454 1783 590 1854 μετὰ
621 1784 715 1837 τοῦ
747 1784 931 1854 τιμίου
962 1784 1322 1847 ἀπολελωκός.
1373 1784 1625 1847 Τοιοῦτος
1654 1784 1700 1835 δὲ

1815 1784 1965 1852 petit,
1997 1795 2214 1853 propter
2244 1788 2539 1842 obtinentia
2580 1789 2761 1844 carnis
2804 1791 2964 1857 vitia;
2999 1792 3302 1862 traditaque
3335 1795 3387 1847 in

93 1875 117 1923 ό
157 1873 271 1925 ὐπὸ
303 1875 425 1929 τοῦ
465 1877 622 1945 λόγου
657 1877 1067 1949 μετεωρισθεὶς,
1100 1879 1193 1931 καὶ
1228 1878 1295 1931 τά
1322 1879 1487 1948 γήϊνα
1514 1878 1712 1949 φρονή-

95 1984 207 2030 σας.
246 1970 448 2024 Κατὰ
488 1973 543 2025 δὲ
582 1972 643 2025 τὺ
664 1972 825 2043 ῥητὸν
873 1972 1054 2034 πάλιν,
1081 1972 1140 2025 τό
1166 1989 1179 2002 °
1215 1974 1296 2026 Οὐ
1320 1970 1586 2025 πεσεῖται
1610 1971 1707 2025 ἐπὶ

86 2058 193 2127 τὴν
226 2061 375 2131 γῆν
414 2063 568 2117 ἄνευ
600 2064 706 2117 τοῦ
736 2064 963 2131 Πατρός
997 2064 1181 2133 ὑμῶν,
1225 2064 1285 2117 οὐ
1331 2064 1428 2135 τὴν
1460 2063 1710 2134 βούλησιν

83 2153 414 2220 δείκνυσιν,
453 2156 587 2210 ἀλλά
612 2156 709 2229 τὴν
749 2158 1075 2228 πρόγνωσιν.
1104 2158 1223 2210 Τῶν
1252 2157 1361 2229 γὰρ
1389 2157 1706 2229 γινομένων,

82 2246 107 2298 ἃ
128 2246 250 2316 μὲν
279 2248 456 2301 κατὰ
485 2248 732 2320 βούλησιν
760 2250 988 2318 γίνεται,
1013 2249 1048 2303 ἃ
1072 2249 1127 2303 δὲ
1150 2251 1268 2303 κατ’
1294 2250 1563 2315 εὐδοκίαν,
1585 2249 1621 2305 ἃ
1649 2249 1706 2303 δὲ

84 2337 228 2391 κατὰ
261 2339 665 2412 συγχώρησιν.

770 2603 927 2656 ΚΕΦ.
963 2604 1055 2659 lI".

104 2691 274 2770 Στίχτ
298 2701 379 2770 κζ.
441 2694 634 2770 Πάλιν
668 2692 781 2770 οὗν
816 2694 975 2751 εἴπεο
1013 2698 1133 2752 Τίνι
1158 2700 1424 2769 ὁμοιώσω
1454 2700 1567 2770 τὴν
1586 2702 1699 2767 βα-

170 2767 437 2819 σιλείαν
470 2767 576 2821 τοῦ
607 2767 754 2821 Θεοῦ
772 2785 790 2831 ;

106 2834 249 2913 Στίχ.
302 2843 428 2913 κοτ’.
482 2838 687 2913 Ὁμοία
725 2840 866 2913 ,ἐστὶ
899 2839 1066 2913 ζύμῃ,
1115 2837 1195 2913 ἣν
1227 2839 1515 2913 ,λαϐοῇσᾳ
1539 2842 1694 2913 γυνὴ

169 2906 460 3027 ῗῧρυψεν
480 2906 566 2975 είς
589 2909 849 2978 ἀλεύρου
869 2906 1196 2978 σάτατρία,
1217 2910 1328 2977 ἕως
1344 2907 1415 2967 οὗ
1435 2906 1694 2983 ἐζυλιώθή

248 2995 348 3027 ΟΥ.

205 2981 348 3031 λον.

177 3066 436 3138 Ἑτέρως
468 3067 586 3121 ἐστὶ
635 3068 841 3135 λαϐεῖν,
881 3069 996 3140 τὴν
1045 3071 1144 3142 μὲν
1187 3072 1440 3143 γυναῖκα
1479 3074 1559 3137 είς
1596 3073 1693 3143 τὴν

122 3158 481 3232 Ἐκκλησίαν,
512 3160 628 3229 τὴν
652 3161 707 3214 δὲ
735 3160 919 3232 ζύμην
962 3165 1041 3228 είς
1078 3164 1139 3218 τὸ
1165 3164 1393 3236 Πνεῦμα
1420 3166 1481 3219 τὸ
1506 3166 1686 3235 ἅγιον.

113 3248 253 3303 Idm
276 3250 336 3303 δὲ
366 3253 534 3321 τρία,
568 3253 745 3323 σῶμα,
779 3253 1013 3325 πνεῦμα,
1049 3255 1245 3329 ψυχήν.
1293 3257 1595 3326 Ἀγιάζεται
1637 3257 1693 3309 δὲ

113 3342 267 3395 ταῦτα
307 3347 397 3416 τῇ
426 3343 572 3419 ζύμῃ
600 3344 694 3399 τοῦ
722 3347 875 3415 ἁγίου
911 3348 1242 3419 Πνεύματος,
1275 3347 1415 3402 ὥστε
1443 3349 1692 3417 γενέσθαι

114 3434 235 3505 πρὸς
275 3436 337 3488 τὸ
392 3435 544 3505 ἅγιον
577 3437 799 3508 Πνεῦμα
836 3437 894 3491 ἓν
938 3438 1184 3512 φύραμα.
1218 3440 1340 3492 Ἔτι
1380 3438 1556 3511 ζύμην
1596 3441 1693 3511 τὴν

116 3526 209 3579 ἀπὸ
234 3527 328 3579 τοῦ
376 3528 582 3597 σπόρου
620 3528 1159 3601 τελεσιουργηθεῖσαν
1185 3529 1411 3600 δύναμιν
1447 3530 1476 3581 ὁ
1506 3530 1693 3601 Σωτὴρ

117 3616 369 3689 ὀνομάζει
400 3619 461 3672 τὸ
486 3618 711 3692 Πνεῦμα
735 3620 796 3673 τὸ
820 3621 994 3690 ἆγιον,
1016 3619 1205 3673 τοῦτον
1231 3618 1575 3689 αἰνιξάμενος
1604 3619 1693 3672 τὸν

121 3708 320 3777 τρόπον.
397 3709 456 3762 ’0
478 3710 606 3780 γοῦν
635 3713 733 3783 τῆς
759 3713 1013 3781 οὐρανίου
1044 3711 1320 3783 βασιλείας
1342 3712 1524 3782 ῗλόγος,
1558 3712 1693 3783 μετά

122 3798 204 3869 τὴν
235 3802 474 3873 πρώτην
512 3806 569 3856 ὲν
597 3802 906 3876 ἀνθρώποις
948 3803 1155 3876 σπορὰν
1180 3804 1453 3875 αὐξηθεὶς,
1484 3802 1692 3876 καρπὸν

128 3892 333 3958 ἀποδοὺς
389 3894 596 3967 ἐντελῆ,
644 3896 739 3949 τοῦ
774 3897 929 3966 ἁγίου
960 3895 1277 3967 Πνεύμάτος
1312 3896 1410 3968 τὴν
1437 3897 1693 3967 ἐπιχορη-

128 3987 231 4053 γίαν
276 3992 405 4053 τοῖς
444 3989 533 4043 διὰ
577 3991 683 4043 τῶν
726 3996 957 4063 πρῶτων
1000 3989 1397 4061 ὠφελουμένοις
1438 3991 1687 4060 παρέχει,

131 4079 282 4153 ζύμης
315 4082 486 4152 δίκην
532 4082 758 4154 φύραμα
794 4081 1090 4154 ζυμούσης.
1134 4082 1275 4152 Γυνὴ
1304 4081 1359 4134 δὲ
1394 4081 1615 4151 ταύτην,
1656 4084 1689 4152 ἡ

132 4174 267 4242 σοφία
295 4175 402 4228 τοῦ
443 4175 600 4239 Θεοῦ,
638 4178 716 4239 είς
750 4175 980 4247 ἀλεύρου
1025 4176 1160 4229 σάτα
1200 4174 1325 4245 τρία
1368 4174 1685 4246 ὲγκρύπτει.

132 4267 235 4331 Τοῖς
252 4267 387 4336 γοῦν
415 4268 800 4339 πορισαμένοις
823 4270 887 4320 ὲκ
913 4266 1110 4338 πολλῆς
1133 4266 1449 4337 ἐπιμελείας
1473 4267 1564 4319 καὶ
1589 4266 1689 4336 τῆς

134 4357 211 4410 τοῦ
238 4361 442 4433 σπόρου
464 4360 752 4433 ’γεωργίας
794 4359 1022 4431 ἀλεύρου
1064 4360 1200 4412 σάτα
1235 4359 1376 4430 τρία,
1421 4358 1683 4429 δόγματα,

142 4447 266 4504 θείαν
295 4451 502 4521 γνῶσιν
546 4451 645 4522 τὴν
678 4452 803 4523 περὶ
831 4450 1045 4521 Πατρὸς
1084 4450 1179 4504 καὶ
1221 4450 1351 4503 Υίοῦ
1396 4450 1490 4503 καὶ
1532 4449 1684 4518 ἁγίου
1718 4468 1761 4522 ι)

141 4537 451 4611 Πνεύματος,
495 4543 526 4612 ή
564 4540 653 4593 τοῦ
692 4540 826 4594 Θεοῦ
866 4541 1026 4611 σοφία
1048 4541 1108 4593 τὸ
1151 4541 1303 4609 ἆγιον
1340 4541 1564 4611 Πνεῦμα
1598 4557 1688 4611 χο-

144 4636 292 4698 ρηγεῖ.
332 4634 398 4685 Ἢ
437 4633 481 4686 δ’
520 4632 676 4703 αὐτὴ,
707 4631 827 4686 καθ’
857 4632 1049 4703 ἑτέραν
1082 4632 1339 4696 διάνοιαν,
1382 4632 1559 4685 πάντα
1595 4630 1685 4684 τὸν

143 4720 193 4773 ὲκ
215 4722 346 4777 Θεοῦ
378 4724 661 4796 ἄνθρωπον
691 4726 755 4776 ὲκ
785 4721 1034 4794 σώματος
1060 4724 1153 4776 καὶ
1177 4723 1352 4793 ψυχῆς
1384 4723 1478 4775 καὶ
1519 4721 1685 4774 πνεύ-

148 4828 283 4879 ματος
306 4816 637 4879 συνεστῶτα,
676 4818 742 4887 τῇ
776 4816 1104 4888 ἐπιχορηγία
1144 4815 1241 4885 τῆς
1268 4814 1418 4878 θείας
1446 4814 1683 4883 ἐμπνεύ-

146 4918 275 4969 σεως,
314 4907 490 4978 ζύμην
530 4908 931 4979 ὲγκρύπτουσα,
958 4905 1057 4977 τὴν
1086 4904 1145 4969 ἐξ
1184 4905 1352 4975 αὐτῆς
1394 4905 1679 4973 ὠφέλειαν,

148 4998 208 5058 εἷς
228 5000 444 5073 ἀλεύρου
475 5002 609 5055 σάτα
642 5001 764 5073 τρία
803 4999 871 5053 τὰ
897 4997 1213 5068 νενοημένα,
1243 4995 1348 5058 ἓως
1369 4990 1429 5049 οὐ
1457 4994 1680 5066 ζυμωθῇ

146 5084 259 5141 ὅλον.
303 5084 472 5155 Οὗτος
520 5090 671 5159 γοῦν,
719 5091 785 5161 τῇ
835 5090 1032 5159 μετοχῇ
1076 5086 1173 5157 τῆς
1215 5084 1463 5156 οὐρανίου
1508 5083 1683 5155 ζύμης

149 5182 369 5248 ποιωθεὶς
413 5188 508 5238 καὶ
547 5183 835 5254 ζυμωθεὶς,
886 5180 1136 5252 οὐράνιος
1177 5180 1271 5233 καὶ
1319 5178 1683 5247 πνευματικὸς

148 5279 508 5346 χρηματίσεται
549 5277 848 5349 ἄνθρωπος,
890 5274 983 5327 καὶ⁵
1025 5272 1166 5327 νέον
1206 5273 1463 5342 φύραμα,
1509 5270 1583 5333 ὡς
1624 5270 1682 5323 ὂν

154 5367 254 5430 μιᾶς
280 5370 521 5440 κράσεως
543 5367 841 5438 γενομένης
880 5364 987 5417 τῶν
1021 5363 1186 5435 τριῶν
1218 5361 1459 5432 ἀλεύρων
1488 5359 1683 5412 ἀποδε-

151 5450 371 5524 δομένων,
421 5461 514 5513 καὶ
544 5459 643 5529 τῆς
686 5461 743 5512 ἐν
791 5458 973 5520 αὐτοῖς
1006 5453 1356 5526 ὲμπνεύσεως
1394 5450 1489 5505 τοῦ
1519 5451 1677 5521 ἁγίου

210 5588 241 5618 ⁸⁷
278 5589 459 5645 Matth.
507 5606 571 5655 ι,
608 5588 696 5645 29.
796 5587 839 5621 ¹⁸
878 5588 894 5642 1
937 5587 1059 5643 Cor.
1087 5601 1135 5650 ν,
1172 5585 1222 5643 7.

211 5725 270 5795 l5)
298 5726 454 5783 Forte
482 5725 673 5780 εὐωνα.

1814 1870 2116 1944 passionem
2164 1876 2493 1945 ignominiaa,
2523 1880 2685 1933 etiam
2723 1879 3028 1936 libertatem
3060 1899 3180 1937 cum
3211 1886 3384 1952 pretio

1813 1962 2033 2016 amittit.
2081 1961 2397 2033 Hnjusmodi
2437 1981 2598 2035 porro
2636 1976 2720 2021 est
2761 1969 2851 2038 qui
2886 1971 3116 2025 a‘verbo
3162 1972 3226 2026 ad
3257 1974 3384 2027 sub-

1811 2049 1957 2105 limia
2003 2040 2283 2119 elevatus:
2318 2055 2481 2108 etiam
2522 2070 2644 2124 quae
2693 2065 2911 2111 terrena
2951 2069 3077 2113 sunt
3108 2062 3268 2129 sapit.
3303 2062 3385 2115 Ad

1811 2143 2045 2199 litteram
2078 2162 2301 2212 rursus,
2338 2146 2490 2209 illud,
2537 2163 2640 2201 non
2677 2149 2829 2203 cadet
2869 2166 3021 2218 super
3052 2160 3242 2205 terram
3273 2154 3387 2207 sine

1811 2234 1975 2289 Patre
2012 2248 2179 2291 vestro
2205 2238 2270 2301 ",
2300 2253 2404 2292 non
2439 2238 2767 2293 voluntatem
2814 2242 3069 2305 ostendit,
3114 2243 3205 2296 sed
3249 2258 3383 2312 pra:-

1806 2327 2110 2382 scieutiam.
2159 2328 2360 2383 Eorum
2413 2332 2557 2383 enim
2608 2346 2728 2399 quae
2762 2331 3112 2401 contingunt,
3158 2332 3264 2387 alia
3314 2348 3383 2387 ex

1804 2415 2084 2471 voluntate
2126 2417 2287 2485 ﬁunt,
2334 2421 2439 2475 alia
2479 2436 2545 2475 ex
2598 2420 2960 2491 heueplacito,
3012 2422 3114 2476 alia
3154 2437 3219 2476 ex
3259 2438 3383 2494 per-

1804 2509 2083 2564 missione.

2436 2600 2588 2657 CAP.
2628 2600 2768 2657 Xlll.

1803 2689 2014 2815 [329
2031 2690 2233 2747 Iterum
2280 2710 2401 2764 ergo
2446 2696 2579 2748 dixit
2614 2710 2634 2748 :
2677 2694 2780 2749 Cui
2811 2695 3113 2749 assimilabo
3162 2713 3380 2767 regnum

1800 2779 2213 2906 v.1é‘altjsimile
2242 2842 2320 2886 est
2351 2834 2629 2905 fermento,
2664 2853 2768 2906 quo
2798 2846 3010 2902 accepto
3038 2835 3226 2890 mulier
3256 2836 3379 2889 abs-

1870 2904 2043 2956 condit
2072 2903 2129 2955 in
2168 2903 2361 2971 farinte
2396 2914 2515 2960 sata
2544 2903 2859 2974 tria,’donec
2889 2906 3256 2975 fermentatum
3295 2916 3376 2960 est

1869 2982 2055 3026 totum.

1866 3066 1987 3121 Alio
2019 3068 2177 3123 modo
2208 3068 2334 3124 licet
2376 3070 2645 3141 accipere,
2682 3072 2959 3127 mulierem
3004 3073 3223 3141 quidem
3273 3087 3405 3140 pro.

1802 3159 2069 3226 Ecclesia,
2109 3170 2162 3215 et
2212 3161 2523 3229 fermentum
2563 3178 2664 3233 pro
2724 3160 2926 3233 Spiritu
2984 3177 3195 3219 sancto.
3247 3164 3373 3219 Tria

1800 3260 1937 3318 sua,
1984 3260 2109 3304 sunt
2151 3267 2370 3322 corpus,
2398 3254 2641 3321 spiritus,
2691 3256 2892 3309 anima.
2950 3256 3376 3311 Sanctiﬁcantur

1797 3342 1911 3396 haec
1945 3341 2207 3398 fermento
2245 3344 2478 3415 Spiritus
2514 3348 2713 3410 sancti,
2746 3356 2803 3401 ut
2839 3348 2971 3402 ﬁant
3008 3364 3126 3402 cum
3169 3345 3372 3417 Spiritu

1795 3444 1980 3488 sancto
2018 3451 2121 3490 una
2150 3437 2483 3506 conspersio.
2531 3436 2801 3492 Praeterea
2841 3438 3091 3492 Salvator
3131 3438 3376 3491 nominat

1797 3525 2055 3593 Spiritum
2120 3537 2394 3595 sanctum,
2451 3530 2563 3584 sive
2611 3531 2865 3583 virtutem
2914 3544 3033 3598 qua:
3081 3546 3111 3583 a
3167 3529 3375 3583 semine

1794 3620 2099 3688 perﬁcitur,
2160 3622 2518 3687 fermentum,
2576 3624 2911 3677 subinnuens
2976 3624 3078 3677 hoc
3164 3622 3369 3677 modo:

1794 3710 1984 3766 Sermo
2000 3728 2192 3782 nempe
2215 3714 2363 3783 regni
2390 3713 2673 3779 caelorum,
2705 3725 2824 3783 post
2849 3716 3075 3782 primam
3099 3714 3364 3767 sationem

1804 3804 1946 3860 inter
2002 3804 2249 3859 homines
2310 3800 2535 3874 accepto
2607 3807 2976 3871 incremento,
3048 3803 3370 3874 redditoque

1794 3896 1970 3949 fructu
2004 3895 2269 3965 perfecto,
2318 3895 2554 3964 Spiritus
2583 3895 2758 3950 sancti
2804 3893 3365 3950 subministrationem

1792 3987 1858 4040 iis
1900 3987 1989 4055 qui
2025 4000 2122 4056 per
2150 3986 2263 4041 haec
2298 3987 2469 4055 prima
2500 3985 2667 4055 adjuti
2718 3994 2865 4052 sunt,
2911 3986 3159 4055 largitur,
3195 3986 3370 4040 instar

1793 4074 2039 4130 fermenti
2086 4075 2334 4129 videlicet
2384 4091 2615 4130 massam
2664 4076 3064 4130 fermentantis.
3100 4073 3212 4127 Hoc
3260 4074 3369 4127 fer-

1793 4177 2028 4221 mentum
2078 4167 2289 4233 mulier,
2343 4167 2436 4221 Dei
2488 4182 2684 4236 nempe
2738 4166 3039 4235 sapientia,
3087 4166 3137 4217 in
3176 4164 3366 4218 farina:

1795 4268 1911 4311 sata
1960 4259 2061 4312 tria
2113 4259 2371 4313 occultat.
2420 4258 2490 4313 lis
2526 4258 2780 4313 videlicet
2812 4258 2901 4327 qui
2950 4257 3052 4312 sibi
3085 4271 3366 4325 compara-

1788 4358 2007 4415 verunt,
2049 4366 2112 4403 ex
2167 4351 2333 4404 multa
2386 4350 2745 4406 sollicitudine
2776 4360 2830 4403 et
2869 4348 3075 4403 cultura
3104 4347 3360 4412 seminis,

1790 4439 1978 4494 farina:
2026 4450 2141 4495 sata
2172 4443 2298 4507 tria,
2334 4443 2433 4497 hoc
2459 4453 2543 4498 est
2588 4443 2839 4510 dogmata
2880 4450 2936 4494 et
2974 4438 3216 4492 divinam
3267 4453 3363 4492 co-

1793 4536 2085 4605 guitionem
2118 4536 2183 4591 de
2202 4536 2382 4604 Patre,
2404 4536 2542 4593 Filio
2570 4551 2634 4590 ac
2662 4535 2867 4603 Spiritu
2895 4544 3103 4598 saneto,
3133 4531 3363 4600 ipsamet

1793 4627 1887 4681 Dei
1935 4627 2194 4698 sapientia
2239 4628 2502 4698 Spiritum
2554 4636 2802 4680 sanctum
2854 4623 3184 4693 suppeditat.
3236 4621 3362 4675 limo

1791 4720 1975 4773 eadem
2003 4758 2019 4784 ,
2064 4718 2218 4787 juxta
2265 4719 2427 4774 aliam
2477 4715 2807 4787 intelligendi
2862 4716 3150 4777 rationem,
3189 4722 3360 4765 totum

1791 4824 1857 4863 ex
1899 4809 2007 4863 Deo
2036 4809 2306 4863 hominem
2334 4824 2401 4864 ex
2431 4823 2679 4877 corpore,
2706 4806 2882 4859 anima
2909 4814 2963 4860 et
3004 4805 3201 4871 spiritu
3235 4816 3361 4856 cou-

1790 4909 2023 4954 stantem
2045 4939 2062 4962 ,
2090 4900 2375 4971 largitione
2404 4900 2600 4955 divina:
2639 4898 3006 4967 inspirationis
3036 4895 3355 4950 fermentum

1790 4992 2055 5056 occultat,
2107 5008 2259 5047 suam
2308 5006 2498 5061 nempe
2531 4992 2848 5055 utilitatem,
2896 4989 2952 5043 in
3003 4986 3191 5040 farinae
3242 4991 3354 5037 sata

1794 5085 1892 5138 tria
1936 5084 2253 5152 spiritaliter
2300 5086 2597 5148 intellecta,
2647 5085 2819 5138 donec
2870 5081 3225 5135 fermentetur
3274 5085 3355 5127 to-

1792 5187 1925 5230 tum.
1954 5173 2051 5230 Vir
2094 5178 2259 5247 igitur
2306 5177 2612 5246 huiusmodi
2662 5173 3075 5245 participatione
3118 5166 3354 5222 caelestis

1790 5268 2043 5322 frumenti
2092 5269 2432 5338 qualiﬁcatus
2478 5280 2534 5325 et
2575 5268 2947 5331 fermentatus,
2999 5259 3235 5317 cmlestis
3288 5273 3356 5312 ac

1787 5360 2082 5428 spiritualis
2129 5360 2292 5416 homo
2328 5363 2496 5427 audit,
2538 5369 2594 5416 et
2632 5377 2763 5413 nova
2795 5356 3089 5426 conspersio
3114 5354 3178 5415 ¹⁸,
3213 5353 3353 5405 facta

1784 5452 2181 5522 quodammodo
2211 5469 2313 5507 una
2360 5455 2593 5509 mixtura
2636 5452 2799 5506 trium
2832 5448 3129 5503 fariuarum
3170 5445 3357 5500 diver-

1752 5722 2015 5795 (ιλιτοτιρ
2049 5721 2267 5794 φέρεται
