  <div class='ocr_page' id='page_1' title='image "/cluster/home/n/w/nwhite01/storage/ocr_20150623/17/mdp.39015031604831/185.png"; bbox 0 0 3942 6318; ppageno 0'>
   <div class='ocr_carea' id='block_1_1' title="bbox 579 279 686 336">
    <p class='ocr_par' dir='ltr' id='par_1_1' title="bbox 579 279 686 336">
     <span class='ocr_line' id='line_1_1' title="bbox 579 279 686 336; baseline 0.019 -2"><span class='ocrx_word' id='word_1_1' title='bbox 579 279 686 336; x_wconf 78' lang='lat'><strong>359</strong></span> 
     </span>
    </p>
   </div>
   <div class='ocr_carea' id='block_1_2' title="bbox 1433 281 2925 347">
    <p class='ocr_par' dir='ltr' id='par_1_2' title="bbox 1433 281 2925 347">
     <span class='ocr_line' id='line_1_2' title="bbox 1433 281 2925 347; baseline 0.007 -10"><span class='ocrx_word' id='word_1_2' title='bbox 1433 282 1992 342; x_wconf 81' lang='lat' dir='ltr'><strong>SUPPLEMENTUM</strong></span> <span class='ocrx_word' id='word_1_3' title='bbox 2032 285 2123 340; x_wconf 79' lang='lat' dir='ltr'><strong>AD</strong></span> <span class='ocrx_word' id='word_1_4' title='bbox 2159 285 2488 343; x_wconf 75' lang='lat' dir='ltr'><strong>OlilGENlS</strong></span> <span class='ocrx_word' id='word_1_5' title='bbox 2521 281 2925 347; x_wconf 68' lang='lat' dir='ltr'><strong>EXEGETICA.</strong></span> 
     </span>
    </p>
   </div>
   <div class='ocr_carea' id='block_1_3' title="bbox 3686 314 3775 372">
    <p class='ocr_par' dir='ltr' id='par_1_3' title="bbox 3686 314 3775 372">
     <span class='ocr_line' id='line_1_3' title="bbox 3686 314 3775 372; baseline 0.045 -4"><span class='ocrx_word' id='word_1_6' title='bbox 3686 314 3775 372; x_wconf 72' lang='lat'><strong>560</strong></span> 
     </span>
    </p>
   </div>
   <div class='ocr_carea' id='block_1_4' title="bbox 578 395 2167 498">
    <p class='ocr_par' dir='ltr' id='par_1_4' title="bbox 578 395 2154 474">
     <span class='ocr_line' id='line_1_4' title="bbox 578 395 2154 474; baseline 0.004 -23"><span class='ocrx_word' id='word_1_7' title='bbox 578 413 762 451; x_wconf 85' lang='lat' dir='ltr'><strong>sarum</strong></span> <span class='ocrx_word' id='word_1_8' title='bbox 813 403 867 451; x_wconf 82' lang='lat' dir='ltr'><strong>et</strong></span> <span class='ocrx_word' id='word_1_9' title='bbox 919 395 1294 468; x_wconf 88' lang='lat' dir='ltr'><strong>inspirationis</strong></span> <span class='ocrx_word' id='word_1_10' title='bbox 1351 401 1526 455; x_wconf 85' lang='lat' dir='ltr'><strong>sancti</strong></span> <span class='ocrx_word' id='word_1_11' title='bbox 1593 401 1830 470; x_wconf 75' lang='lat' dir='ltr'><strong>Spiritus</strong></span> <span class='ocrx_word' id='word_1_12' title='bbox 1891 404 1944 460; x_wconf 92' lang='lat' dir='ltr'><strong>iu</strong></span> <span class='ocrx_word' id='word_1_13' title='bbox 2002 404 2154 474; x_wconf 84' lang='lat' dir='ltr'><strong>ipsis.</strong></span> 
     </span>
    </p>
   </div>
   <div class='ocr_carea' id='block_1_5' title="bbox 2241 395 3780 498">
    <p class='ocr_par' dir='ltr' id='par_1_5' title="bbox 2263 406 3780 498">
     <span class='ocr_line' id='line_1_5' title="bbox 2263 406 3780 498; baseline 0.003 -41"><span class='ocrx_word' id='word_1_14' title='bbox 2263 406 2598 477; x_wconf 87' lang='grc' dir='ltr'>Πνεύματος.</span> <span class='ocrx_word' id='word_1_15' title='bbox 2632 409 2746 462; x_wconf 76' lang='grc' dir='ltr'><strong>Καὶ</strong></span> <span class='ocrx_word' id='word_1_16' title='bbox 2775 411 2841 481; x_wconf 83' lang='grc' dir='ltr'>δὴ</span> <span class='ocrx_word' id='word_1_17' title='bbox 2884 411 3001 475; x_wconf 88' lang='grc' dir='ltr'>νέος</span> <span class='ocrx_word' id='word_1_18' title='bbox 3031 413 3192 485; x_wconf 80' lang='grc' dir='ltr'><strong>ἄρτος</strong></span> <span class='ocrx_word' id='word_1_19' title='bbox 3225 417 3318 470; x_wconf 75' lang='grc' dir='ltr'><strong>καὶ</strong></span> <span class='ocrx_word' id='word_1_20' title='bbox 3343 424 3679 492; x_wconf 75' lang='grc' dir='ltr'>πνευματικὸς</span> <span class='ocrx_word' id='word_1_21' title='bbox 3703 446 3780 498; x_wconf 61' lang='grc' dir='ltr'><strong>γε-</strong></span> 
     </span>
    </p>
   </div>
   <div class='ocr_carea' id='block_1_6' title="bbox 576 488 2152 563">
    <p class='ocr_par' dir='ltr' id='par_1_6' title="bbox 576 488 2152 563">
     <span class='ocr_line' id='line_1_6' title="bbox 576 488 2152 563; baseline 0.005 -21"><span class='ocrx_word' id='word_1_22' title='bbox 576 489 756 559; x_wconf 77' lang='lat' dir='ltr'><strong>Atque</strong></span> <span class='ocrx_word' id='word_1_23' title='bbox 785 488 858 542; x_wconf 91' lang='lat' dir='ltr'><strong>ita</strong></span> <span class='ocrx_word' id='word_1_24' title='bbox 886 489 1131 557; x_wconf 82' lang='lat' dir='ltr'><strong>profecto</strong></span> <span class='ocrx_word' id='word_1_25' title='bbox 1155 505 1325 544; x_wconf 90' lang='lat' dir='ltr'><strong>novus</strong></span> <span class='ocrx_word' id='word_1_26' title='bbox 1353 491 1510 563; x_wconf 88' lang='lat' dir='ltr'><strong>panis</strong></span> <span class='ocrx_word' id='word_1_27' title='bbox 1532 501 1588 546; x_wconf 91' lang='lat' dir='ltr'><strong>et</strong></span> <span class='ocrx_word' id='word_1_28' title='bbox 1617 492 1922 563; x_wconf 80' lang='lat' dir='ltr'><strong>splritualis</strong></span> <span class='ocrx_word' id='word_1_29' title='bbox 1951 496 2152 561; x_wconf 79' lang='lat' dir='ltr'><strong>cﬂ&#39;ecti,</strong></span> 
     </span>
    </p>
   </div>
   <div class='ocr_carea' id='block_1_7' title="bbox 577 585 2154 658">
    <p class='ocr_par' dir='ltr' id='par_1_7' title="bbox 577 585 2154 658">
     <span class='ocr_line' id='line_1_7' title="bbox 577 585 2154 658; baseline 0.003 -19"><span class='ocrx_word' id='word_1_30' title='bbox 577 585 872 639; x_wconf 89' lang='lat' dir='ltr'><strong>secundum</strong></span> <span class='ocrx_word' id='word_1_31' title='bbox 899 585 1239 654; x_wconf 81' lang='lat' dir='ltr'><strong>Apostolum,</strong></span> <span class='ocrx_word' id='word_1_32' title='bbox 1271 586 1362 655; x_wconf 90' lang='lat' dir='ltr'><strong>qni</strong></span> <span class='ocrx_word' id='word_1_33' title='bbox 1407 585 1482 640; x_wconf 91' lang='lat' dir='ltr'><strong>ait</strong></span> <span class='ocrx_word' id='word_1_34' title='bbox 1512 604 1526 640; x_wconf 91' lang='lat'><strong>:</strong></span> <span class='ocrx_word' id='word_1_35' title='bbox 1559 585 1709 643; x_wconf 77' lang='lat' dir='ltr'><strong>Unus</strong></span> <span class='ocrx_word' id='word_1_36' title='bbox 1735 591 1891 658; x_wconf 80' lang='lat' dir='ltr'><strong>panis</strong></span> <span class='ocrx_word' id='word_1_37' title='bbox 1919 600 1966 645; x_wconf 80' lang='lat' dir='ltr'><strong>et</strong></span> <span class='ocrx_word' id='word_1_38' title='bbox 1991 607 2154 644; x_wconf 87' lang='lat' dir='ltr'><strong>unum</strong></span> 
     </span>
    </p>
   </div>
   <div class='ocr_carea' id='block_1_8' title="bbox 577 675 2152 746">
    <p class='ocr_par' dir='ltr' id='par_1_8' title="bbox 577 675 2152 746">
     <span class='ocr_line' id='line_1_8' title="bbox 577 675 2152 746; baseline 0.004 -18"><span class='ocrx_word' id='word_1_39' title='bbox 577 692 769 745; x_wconf 78' lang='lat' dir='ltr'><strong>corpus</strong></span> <span class='ocrx_word' id='word_1_40' title='bbox 806 691 986 730; x_wconf 72' lang='lat' dir='ltr'><strong>sumus</strong></span> <span class='ocrx_word' id='word_1_41' title='bbox 1020 675 1172 729; x_wconf 78' lang='lat' dir='ltr'><strong>mulli</strong></span> <span class='ocrx_word' id='word_1_42' title='bbox 1199 676 1264 742; x_wconf 81' lang='lat'><strong>&quot;,</strong></span> <span class='ocrx_word' id='word_1_43' title='bbox 1294 675 1586 746; x_wconf 75' lang='lat' dir='ltr'><strong>imaginem</strong></span> <span class='ocrx_word' id='word_1_44' title='bbox 1634 694 1698 734; x_wconf 90' lang='lat' dir='ltr'><strong>ac</strong></span> <span class='ocrx_word' id='word_1_45' title='bbox 1746 681 2152 736; x_wconf 75' lang='lat' dir='ltr'><strong>similitudinem</strong></span> 
     </span>
    </p>
   </div>
   <div class='ocr_carea' id='block_1_9' title="bbox 578 767 2152 843">
    <p class='ocr_par' dir='ltr' id='par_1_9' title="bbox 578 767 2152 843">
     <span class='ocr_line' id='line_1_9' title="bbox 578 767 2152 843; baseline 0.004 -21"><span class='ocrx_word' id='word_1_46' title='bbox 578 783 915 822; x_wconf 87' lang='lat' dir='ltr'><strong>resnmemus</strong></span> <span class='ocrx_word' id='word_1_47' title='bbox 949 768 1102 836; x_wconf 90' lang='lat' dir='ltr'><strong>panis</strong></span> <span class='ocrx_word' id='word_1_48' title='bbox 1141 767 1464 824; x_wconf 81' lang='lat' dir='ltr'><strong>viviﬁcantis</strong></span> <span class='ocrx_word' id='word_1_49' title='bbox 1505 772 1778 835; x_wconf 78' lang='lat' dir='ltr'><strong>universa.</strong></span> <span class='ocrx_word' id='word_1_50' title='bbox 1809 774 1899 843; x_wconf 88' lang='lat' dir='ltr'><strong>qui</strong></span> <span class='ocrx_word' id='word_1_51' title='bbox 1933 775 1997 828; x_wconf 85' lang='lat' dir='ltr'><strong>de</strong></span> <span class='ocrx_word' id='word_1_52' title='bbox 2025 778 2152 828; x_wconf 70' lang='lat' dir='ltr'><strong>caelo</strong></span> 
     </span>
    </p>
   </div>
   <div class='ocr_carea' id='block_1_10' title="bbox 577 861 2154 930">
    <p class='ocr_par' dir='ltr' id='par_1_10' title="bbox 577 861 2154 930">
     <span class='ocr_line' id='line_1_10' title="bbox 577 861 2154 930; baseline 0.006 -17"><span class='ocrx_word' id='word_1_53' title='bbox 577 862 838 914; x_wconf 76' lang='lat' dir='ltr'><strong>descendit</strong></span> <span class='ocrx_word' id='word_1_54' title='bbox 864 861 932 926; x_wconf 79' lang='lat'><strong>&#39;°,</strong></span> <span class='ocrx_word' id='word_1_55' title='bbox 983 875 1191 930; x_wconf 85' lang='lat' dir='ltr'><strong>nosque</strong></span> <span class='ocrx_word' id='word_1_56' title='bbox 1221 862 1428 917; x_wconf 91' lang='lat' dir='ltr'><strong>similes</strong></span> <span class='ocrx_word' id='word_1_57' title='bbox 1475 863 1578 918; x_wconf 84' lang='lat' dir='ltr'><strong>sibi</strong></span> <span class='ocrx_word' id='word_1_58' title='bbox 1625 864 1827 920; x_wconf 79' lang='lat' dir='ltr'><strong>ed‘ecit.</strong></span> <span class='ocrx_word' id='word_1_59' title='bbox 1857 865 2154 922; x_wconf 80' lang='lat' dir='ltr'><strong>Commode</strong></span> 
     </span>
    </p>
   </div>
   <div class='ocr_carea' id='block_1_11' title="bbox 575 953 2148 1028">
    <p class='ocr_par' dir='ltr' id='par_1_11' title="bbox 575 953 2148 1028">
     <span class='ocr_line' id='line_1_11' title="bbox 575 953 2148 1028; baseline 0.006 -22"><span class='ocrx_word' id='word_1_60' title='bbox 575 961 752 1007; x_wconf 81' lang='lat' dir='ltr'><strong>autem</strong></span> <span class='ocrx_word' id='word_1_61' title='bbox 809 953 1021 1007; x_wconf 86' lang='lat' dir='ltr'><strong>mulieri</strong></span> <span class='ocrx_word' id='word_1_62' title='bbox 1073 954 1389 1010; x_wconf 82' lang='lat' dir='ltr'><strong>assimilabo</strong></span> <span class='ocrx_word' id='word_1_63' title='bbox 1427 957 1517 1010; x_wconf 86' lang='lat' dir='ltr'><strong>Dei</strong></span> <span class='ocrx_word' id='word_1_64' title='bbox 1564 957 1884 1027; x_wconf 83' lang='lat' dir='ltr'><strong>sapientiam</strong></span> <span class='ocrx_word' id='word_1_65' title='bbox 1930 959 1984 1014; x_wconf 92' lang='lat' dir='ltr'><strong>in</strong></span> <span class='ocrx_word' id='word_1_66' title='bbox 2032 959 2148 1028; x_wconf 88' lang='lat' dir='ltr'><strong>bis;</strong></span> 
     </span>
    </p>
   </div>
   <div class='ocr_carea' id='block_1_12' title="bbox 575 1045 2152 1118">
    <p class='ocr_par' dir='ltr' id='par_1_12' title="bbox 575 1045 2152 1118">
     <span class='ocr_line' id='line_1_12' title="bbox 575 1045 2152 1118; baseline 0.004 -20"><span class='ocrx_word' id='word_1_67' title='bbox 575 1045 812 1098; x_wconf 73' lang='lat' dir='ltr'><strong>Christus</strong></span> <span class='ocrx_word' id='word_1_68' title='bbox 845 1061 962 1098; x_wconf 87' lang='lat' dir='ltr'><strong>vero</strong></span> <span class='ocrx_word' id='word_1_69' title='bbox 992 1055 1064 1099; x_wconf 81' lang='lat' dir='ltr'><strong>est</strong></span> <span class='ocrx_word' id='word_1_70' title='bbox 1096 1045 1190 1099; x_wconf 88' lang='lat' dir='ltr'><strong>Dei</strong></span> <span class='ocrx_word' id='word_1_71' title='bbox 1235 1047 1421 1112; x_wconf 78' lang='lat' dir='ltr'><strong>virtus,</strong></span> <span class='ocrx_word' id='word_1_72' title='bbox 1451 1047 1623 1101; x_wconf 62' lang='grc' dir='ltr'>είΒεί</span> <span class='ocrx_word' id='word_1_73' title='bbox 1657 1048 1912 1116; x_wconf 77' lang='lat' dir='ltr'><strong>sapientia</strong></span> <span class='ocrx_word' id='word_1_74' title='bbox 1936 1049 2003 1114; x_wconf 78' lang='grc'>²¹,</span> <span class='ocrx_word' id='word_1_75' title='bbox 2033 1065 2152 1118; x_wconf 62' lang='lat' dir='ltr'><strong>qua</strong></span> 
     </span>
    </p>
   </div>
   <div class='ocr_carea' id='block_1_13' title="bbox 577 1136 2152 1212">
    <p class='ocr_par' dir='ltr' id='par_1_13' title="bbox 577 1136 2152 1212">
     <span class='ocr_line' id='line_1_13' title="bbox 577 1136 2152 1212; baseline 0.004 -23"><span class='ocrx_word' id='word_1_76' title='bbox 577 1138 866 1204; x_wconf 87' lang='lat' dir='ltr'><strong>respondet</strong></span> <span class='ocrx_word' id='word_1_77' title='bbox 910 1136 1251 1193; x_wconf 86' lang='lat' dir='ltr'><strong>similitudini</strong></span> <span class='ocrx_word' id='word_1_78' title='bbox 1285 1139 1560 1195; x_wconf 84' lang='lat' dir='ltr'><strong>l&#39;ermenti.</strong></span> <span class='ocrx_word' id='word_1_79' title='bbox 1597 1139 1750 1196; x_wconf 86' lang='lat' dir='ltr'><strong>Sicut</strong></span> <span class='ocrx_word' id='word_1_80' title='bbox 1779 1143 1924 1195; x_wconf 87' lang='lat' dir='ltr'><strong>enim</strong></span> <span class='ocrx_word' id='word_1_81' title='bbox 1963 1143 2016 1196; x_wconf 91' lang='lat' dir='ltr'><strong>in</strong></span> <span class='ocrx_word' id='word_1_82' title='bbox 2056 1159 2152 1212; x_wconf 85' lang='lat' dir='ltr'><strong>pa-</strong></span> 
     </span>
    </p>
   </div>
   <div class='ocr_carea' id='block_1_14' title="bbox 573 1229 2152 1302">
    <p class='ocr_par' dir='ltr' id='par_1_14' title="bbox 573 1229 2152 1302">
     <span class='ocr_line' id='line_1_14' title="bbox 573 1229 2152 1302; baseline 0.007 -22"><span class='ocrx_word' id='word_1_83' title='bbox 573 1229 752 1282; x_wconf 85' lang='lat' dir='ltr'><strong>rabola</strong></span> <span class='ocrx_word' id='word_1_84' title='bbox 807 1230 1054 1294; x_wconf 87' lang='lat' dir='ltr'><strong>seminis,</strong></span> <span class='ocrx_word' id='word_1_85' title='bbox 1099 1230 1272 1285; x_wconf 87' lang='lat' dir='ltr'><strong>coloni</strong></span> <span class='ocrx_word' id='word_1_86' title='bbox 1327 1248 1611 1302; x_wconf 85' lang='lat' dir='ltr'><strong>personam</strong></span> <span class='ocrx_word' id='word_1_87' title='bbox 1651 1243 1706 1289; x_wconf 90' lang='lat' dir='ltr'><strong>et</strong></span> <span class='ocrx_word' id='word_1_88' title='bbox 1749 1237 1944 1290; x_wconf 86' lang='lat' dir='ltr'><strong>satoris</strong></span> <span class='ocrx_word' id='word_1_89' title='bbox 1983 1236 2152 1291; x_wconf 77' lang='lat' dir='ltr'><strong>intro-</strong></span> 
     </span>
    </p>
   </div>
   <div class='ocr_carea' id='block_1_15' title="bbox 2257 496 3781 592">
    <p class='ocr_par' dir='ltr' id='par_1_15' title="bbox 2257 496 3781 592">
     <span class='ocr_line' id='line_1_15' title="bbox 2257 496 3781 592; baseline 0.018 -43"><span class='ocrx_word' id='word_1_90' title='bbox 2257 496 2466 567; x_wconf 86' lang='grc' dir='ltr'>νόμενοι</span> <span class='ocrx_word' id='word_1_91' title='bbox 2509 499 2652 554; x_wconf 77' lang='grc' dir='ltr'>κατὰ</span> <span class='ocrx_word' id='word_1_92' title='bbox 2677 502 2770 556; x_wconf 88' lang='grc' dir='ltr'><strong>τὸν</strong></span> <span class='ocrx_word' id='word_1_93' title='bbox 2811 503 3144 571; x_wconf 84' lang='grc' dir='ltr'>Ἀπόστολον,</span> <span class='ocrx_word' id='word_1_94' title='bbox 3186 509 3244 572; x_wconf 81' lang='grc' dir='ltr'>ὃς</span> <span class='ocrx_word' id='word_1_95' title='bbox 3279 527 3467 580; x_wconf 82' lang='grc' dir='ltr'>φησιν·</span> <span class='ocrx_word' id='word_1_96' title='bbox 3507 513 3603 584; x_wconf 79' lang='grc' dir='ltr'><strong>Εἷς</strong></span> <span class='ocrx_word' id='word_1_97' title='bbox 3630 496 3781 592; x_wconf 65' lang='grc' dir='ltr'>ἄρτος</span> 
     </span>
    </p>
   </div>
   <div class='ocr_carea' id='block_1_16' title="bbox 2255 587 3784 680">
    <p class='ocr_par' dir='ltr' id='par_1_16' title="bbox 2255 587 3784 680">
     <span class='ocr_line' id='line_1_16' title="bbox 2255 587 3784 680; baseline 0.016 -40"><span class='ocrx_word' id='word_1_98' title='bbox 2255 589 2367 680; x_wconf 3' lang='grc' dir='ltr'>καὶ,</span> <span class='ocrx_word' id='word_1_99' title='bbox 2385 587 2455 642; x_wconf 74' lang='grc' dir='ltr'><em>ἓν</em></span> <span class='ocrx_word' id='word_1_100' title='bbox 2475 589 2645 660; x_wconf 84' lang='grc' dir='ltr'>σῶμά</span> <span class='ocrx_word' id='word_1_101' title='bbox 2683 593 2871 663; x_wconf 80' lang='grc' dir='ltr'>ἐσμεν</span> <span class='ocrx_word' id='word_1_102' title='bbox 2898 599 2951 650; x_wconf 81' lang='grc' dir='ltr'>οἱ</span> <span class='ocrx_word' id='word_1_103' title='bbox 2973 601 3216 666; x_wconf 74' lang='grc' dir='ltr'>πολλοὶ,</span> <span class='ocrx_word' id='word_1_104' title='bbox 3247 603 3432 658; x_wconf 78' lang='grc' dir='ltr'>εἰκόνα</span> <span class='ocrx_word' id='word_1_105' title='bbox 3455 608 3543 660; x_wconf 79' lang='grc' dir='ltr'><strong>καὶ</strong></span> <span class='ocrx_word' id='word_1_106' title='bbox 3561 587 3784 680; x_wconf 63' lang='grc' dir='ltr'>ὁμοίωσῷ</span> 
     </span>
    </p>
   </div>
   <div class='ocr_carea' id='block_1_17' title="bbox 2255 679 3786 769">
    <p class='ocr_par' dir='ltr' id='par_1_17' title="bbox 2255 679 3786 769">
     <span class='ocr_line' id='line_1_17' title="bbox 2255 679 3786 769; baseline 0.016 -38"><span class='ocrx_word' id='word_1_107' title='bbox 2255 679 2641 752; x_wconf 80' lang='grc' dir='ltr'><strong>ἀναληψόμεθα</strong></span> <span class='ocrx_word' id='word_1_108' title='bbox 2676 683 2769 737; x_wconf 90' lang='grc' dir='ltr'><strong>τοῦ</strong></span> <span class='ocrx_word' id='word_1_109' title='bbox 2810 684 3074 750; x_wconf 78' lang='grc' dir='ltr'>ζωοποιοῦ</span> <span class='ocrx_word' id='word_1_110' title='bbox 3117 689 3226 742; x_wconf 82' lang='grc' dir='ltr'>τῶν</span> <span class='ocrx_word' id='word_1_111' title='bbox 3257 691 3392 747; x_wconf 78' lang='grc' dir='ltr'>ὅλων</span> <span class='ocrx_word' id='word_1_112' title='bbox 3431 694 3607 766; x_wconf 76' lang='grc' dir='ltr'>ἄρτου,</span> <span class='ocrx_word' id='word_1_113' title='bbox 3639 703 3698 769; x_wconf 81' lang='grc' dir='ltr'>ὃς</span> <span class='ocrx_word' id='word_1_114' title='bbox 3728 708 3786 762; x_wconf 79' lang='grc' dir='ltr'>ἐκ</span> 
     </span>
    </p>
   </div>
   <div class='ocr_carea' id='block_1_18' title="bbox 2254 771 3787 862">
    <p class='ocr_par' dir='ltr' id='par_1_18' title="bbox 2254 771 3787 862">
     <span class='ocr_line' id='line_1_18' title="bbox 2254 771 3787 862; baseline 0.016 -39"><span class='ocrx_word' id='word_1_115' title='bbox 2254 771 2360 827; x_wconf 83' lang='grc' dir='ltr'><strong>τοῦ</strong></span> <span class='ocrx_word' id='word_1_116' title='bbox 2417 775 2679 840; x_wconf 79' lang='grc' dir='ltr'>οὐρανοῦ</span> <span class='ocrx_word' id='word_1_117' title='bbox 2732 780 3156 848; x_wconf 75' lang='grc' dir='ltr'>καταϐέϐηκεν,</span> <span class='ocrx_word' id='word_1_118' title='bbox 3204 783 3379 855; x_wconf 79' lang='grc' dir='ltr'>ἑαυτῷ</span> <span class='ocrx_word' id='word_1_119' title='bbox 3419 790 3787 862; x_wconf 81' lang='grc' dir='ltr'>παραπλησίους</span> 
     </span>
    </p>
   </div>
   <div class='ocr_carea' id='block_1_19' title="bbox 2253 863 3788 954">
    <p class='ocr_par' dir='ltr' id='par_1_19' title="bbox 2253 863 3788 954">
     <span class='ocr_line' id='line_1_19' title="bbox 2253 863 3788 954; baseline 0.018 -40"><span class='ocrx_word' id='word_1_120' title='bbox 2253 863 2346 916; x_wconf 76' lang='grc' dir='ltr'>καὶ</span> <span class='ocrx_word' id='word_1_121' title='bbox 2373 865 2522 934; x_wconf 81' lang='grc' dir='ltr'>ἡμᾶς</span> <span class='ocrx_word' id='word_1_122' title='bbox 2551 865 3030 939; x_wconf 78' lang='grc' dir='ltr'><strong>ἀπεργασάμενος.</strong></span> <span class='ocrx_word' id='word_1_123' title='bbox 3073 869 3144 927; x_wconf 84' lang='grc' dir='ltr'><strong>Εὖ</strong></span> <span class='ocrx_word' id='word_1_124' title='bbox 3175 873 3233 928; x_wconf 86' lang='grc' dir='ltr'>δὲ</span> <span class='ocrx_word' id='word_1_125' title='bbox 3261 879 3478 944; x_wconf 73' lang='grc' dir='ltr'>γυναικὶ</span> <span class='ocrx_word' id='word_1_126' title='bbox 3501 881 3788 954; x_wconf 83' lang='grc' dir='ltr'>ἀφομοιώσω</span> 
     </span>
    </p>
   </div>
   <div class='ocr_carea' id='block_1_20' title="bbox 2251 954 3787 1044">
    <p class='ocr_par' dir='ltr' id='par_1_20' title="bbox 2251 954 3787 1044">
     <span class='ocr_line' id='line_1_20' title="bbox 2251 954 3787 1044; baseline 0.018 -38"><span class='ocrx_word' id='word_1_127' title='bbox 2251 954 2350 1026; x_wconf 82' lang='grc' dir='ltr'>τὴν</span> <span class='ocrx_word' id='word_1_128' title='bbox 2366 955 2554 1024; x_wconf 80' lang='grc' dir='ltr'>σοφίαν</span> <span class='ocrx_word' id='word_1_129' title='bbox 2569 957 2662 1012; x_wconf 89' lang='grc' dir='ltr'><strong>τοῦ</strong></span> <span class='ocrx_word' id='word_1_130' title='bbox 2677 959 2810 1012; x_wconf 83' lang='grc' dir='ltr'>Θεοῦ</span> <span class='ocrx_word' id='word_1_131' title='bbox 2827 962 2883 1014; x_wconf 87' lang='grc' dir='ltr'><strong>ἐν</strong></span> <span class='ocrx_word' id='word_1_132' title='bbox 2891 962 3121 1028; x_wconf 72' lang='grc' dir='ltr'>τούτοιςο</span> <span class='ocrx_word' id='word_1_133' title='bbox 3139 968 3393 1036; x_wconf 79' lang='grc' dir='ltr'>Χριστὸς</span> <span class='ocrx_word' id='word_1_134' title='bbox 3403 969 3468 1025; x_wconf 84' lang='grc' dir='ltr'><strong>δέ</strong></span> <span class='ocrx_word' id='word_1_135' title='bbox 3485 973 3642 1029; x_wconf 75' lang='grc' dir='ltr'>ἐστιν</span> <span class='ocrx_word' id='word_1_136' title='bbox 3655 979 3686 1044; x_wconf 82' lang='grc' dir='ltr'>ή</span> <span class='ocrx_word' id='word_1_137' title='bbox 3699 982 3787 1034; x_wconf 83' lang='grc' dir='ltr'><strong>τοῦ</strong></span> 
     </span>
    </p>
   </div>
   <div class='ocr_carea' id='block_1_21' title="bbox 2254 1047 3790 1144">
    <p class='ocr_par' dir='ltr' id='par_1_21' title="bbox 2254 1047 3790 1144">
     <span class='ocr_line' id='line_1_21' title="bbox 2254 1047 3790 1144; baseline 0.016 -42"><span class='ocrx_word' id='word_1_138' title='bbox 2254 1047 2400 1102; x_wconf 85' lang='grc' dir='ltr'>Θεοῦ</span> <span class='ocrx_word' id='word_1_139' title='bbox 2424 1047 2696 1119; x_wconf 81' lang='grc' dir='ltr'>δύναμις,</span> <span class='ocrx_word' id='word_1_140' title='bbox 2727 1053 2827 1108; x_wconf 81' lang='grc' dir='ltr'>καὶ</span> <span class='ocrx_word' id='word_1_141' title='bbox 2861 1054 3008 1109; x_wconf 79' lang='grc' dir='ltr'>Θεοῦ</span> <span class='ocrx_word' id='word_1_142' title='bbox 3034 1059 3240 1127; x_wconf 69' lang='grc' dir='ltr'>σοφία,</span> <span class='ocrx_word' id='word_1_143' title='bbox 3269 1062 3605 1137; x_wconf 84' lang='grc' dir='ltr'>καταλλήλως</span> <span class='ocrx_word' id='word_1_144' title='bbox 3618 1070 3688 1139; x_wconf 84' lang='grc' dir='ltr'>τῷ</span> <span class='ocrx_word' id='word_1_145' title='bbox 3707 1073 3790 1144; x_wconf 76' lang='grc' dir='ltr'>’τῆς</span> 
     </span>
    </p>
   </div>
   <div class='ocr_carea' id='block_1_22' title="bbox 2251 1138 3789 1234">
    <p class='ocr_par' dir='ltr' id='par_1_22' title="bbox 2251 1138 3789 1234">
     <span class='ocr_line' id='line_1_22' title="bbox 2251 1138 3789 1234; baseline 0.017 -43"><span class='ocrx_word' id='word_1_146' title='bbox 2251 1138 2429 1234; x_wconf 81' lang='grc' dir='ltr'>ζύμης</span> <span class='ocrx_word' id='word_1_147' title='bbox 2452 1141 2828 1215; x_wconf 78' lang='grc' dir='ltr'><strong>ὑποδείγματι.</strong></span> <span class='ocrx_word' id='word_1_148' title='bbox 2879 1148 3089 1220; x_wconf 82' lang='grc' dir='ltr'>Ὥσπερ</span> <span class='ocrx_word' id='word_1_149' title='bbox 3118 1149 3226 1224; x_wconf 87' lang='grc' dir='ltr'><strong>γὰρ</strong></span> <span class='ocrx_word' id='word_1_150' title='bbox 3258 1153 3353 1207; x_wconf 80' lang='grc' dir='ltr'>ἐπὶ</span> <span class='ocrx_word' id='word_1_151' title='bbox 3378 1154 3474 1223; x_wconf 81' lang='grc' dir='ltr'>τῆς</span> <span class='ocrx_word' id='word_1_152' title='bbox 3513 1138 3789 1234; x_wconf 66' lang='grc' dir='ltr'>παραϐολης</span> 
     </span>
    </p>
   </div>
   <div class='ocr_carea' id='block_1_23' title="bbox 2248 1232 3787 1323">
    <p class='ocr_par' dir='ltr' id='par_1_23' title="bbox 2248 1232 3787 1323">
     <span class='ocr_line' id='line_1_23' title="bbox 2248 1232 3787 1323; baseline 0.016 -39"><span class='ocrx_word' id='word_1_153' title='bbox 2248 1232 2342 1286; x_wconf 91' lang='grc' dir='ltr'><strong>τοῦ</strong></span> <span class='ocrx_word' id='word_1_154' title='bbox 2373 1234 2596 1305; x_wconf 82' lang='grc' dir='ltr'><strong>σπόρου,</strong></span> <span class='ocrx_word' id='word_1_155' title='bbox 2621 1237 2867 1309; x_wconf 81' lang='grc' dir='ltr'>γεωργοῦ</span> <span class='ocrx_word' id='word_1_156' title='bbox 2900 1240 3186 1311; x_wconf 88' lang='grc' dir='ltr'>πρόσωπον</span> <span class='ocrx_word' id='word_1_157' title='bbox 3214 1245 3308 1297; x_wconf 77' lang='grc' dir='ltr'><strong>καὶ</strong></span> <span class='ocrx_word' id='word_1_158' title='bbox 3331 1232 3787 1323; x_wconf 78' lang='grc' dir='ltr'>σπορέωςείσῆγεν,</span> 
     </span>
    </p>
   </div>
   <div class='ocr_carea' id='block_1_24' title="bbox 569 1320 2150 1393">
    <p class='ocr_par' dir='ltr' id='par_1_24' title="bbox 569 1320 2150 1393">
     <span class='ocr_line' id='line_1_24' title="bbox 569 1320 2150 1393; baseline 0.007 -21"><span class='ocrx_word' id='word_1_159' title='bbox 569 1320 745 1387; x_wconf 81' lang='lat' dir='ltr'><strong>duxit,</strong></span> <span class='ocrx_word' id='word_1_160' title='bbox 776 1321 865 1374; x_wconf 91' lang='lat' dir='ltr'><strong>ubi</strong></span> <span class='ocrx_word' id='word_1_161' title='bbox 901 1322 1040 1376; x_wconf 85' lang='lat' dir='ltr'><strong>haud</strong></span> <span class='ocrx_word' id='word_1_162' title='bbox 1069 1325 1322 1393; x_wconf 82' lang='lat' dir='ltr'><strong>equidem</strong></span> <span class='ocrx_word' id='word_1_163' title='bbox 1354 1326 1750 1382; x_wconf 85' lang='lat' dir='ltr'><strong>rationabiliter</strong></span> <span class='ocrx_word' id='word_1_164' title='bbox 1781 1327 1921 1382; x_wconf 80' lang='lat' dir='ltr'><strong>facta</strong></span> <span class='ocrx_word' id='word_1_165' title='bbox 1956 1327 2150 1383; x_wconf 77' lang='lat' dir='ltr'><strong>fuisset</strong></span> 
     </span>
    </p>
   </div>
   <div class='ocr_carea' id='block_1_25' title="bbox 575 1412 2148 1476">
    <p class='ocr_par' dir='ltr' id='par_1_25' title="bbox 575 1412 2148 1476">
     <span class='ocr_line' id='line_1_25' title="bbox 575 1412 2148 1476; baseline 0.008 -12"><span class='ocrx_word' id='word_1_166' title='bbox 575 1412 816 1467; x_wconf 87' lang='lat' dir='ltr'><strong>mulieris</strong></span> <span class='ocrx_word' id='word_1_167' title='bbox 867 1415 1066 1468; x_wconf 90' lang='lat' dir='ltr'><strong>mentio</strong></span> <span class='ocrx_word' id='word_1_168' title='bbox 1091 1433 1105 1470; x_wconf 87' lang='lat'><strong>:</strong></span> <span class='ocrx_word' id='word_1_169' title='bbox 1133 1415 1206 1468; x_wconf 87' lang='lat' dir='ltr'><strong>ita</strong></span> <span class='ocrx_word' id='word_1_170' title='bbox 1237 1417 1325 1470; x_wconf 90' lang='lat' dir='ltr'><strong>hic</strong></span> <span class='ocrx_word' id='word_1_171' title='bbox 1354 1417 1535 1473; x_wconf 86' lang='lat' dir='ltr'><strong>delato</strong></span> <span class='ocrx_word' id='word_1_172' title='bbox 1585 1417 1852 1474; x_wconf 82' lang='lat' dir='ltr'><strong>fermento</strong></span> <span class='ocrx_word' id='word_1_173' title='bbox 1886 1421 1941 1474; x_wconf 90' lang='lat' dir='ltr'><strong>in</strong></span> <span class='ocrx_word' id='word_1_174' title='bbox 1961 1419 2148 1476; x_wconf 75' lang='lat' dir='ltr'><strong>farinae</strong></span> 
     </span>
    </p>
   </div>
   <div class='ocr_carea' id='block_1_26' title="bbox 2247 1325 3788 1411">
    <p class='ocr_par' dir='ltr' id='par_1_26' title="bbox 2247 1325 3788 1411">
     <span class='ocr_line' id='line_1_26' title="bbox 2247 1325 3788 1411; baseline 0.014 -33"><span class='ocrx_word' id='word_1_175' title='bbox 2247 1327 2347 1380; x_wconf 83' lang='grc' dir='ltr'><strong>οὐκ</strong></span> <span class='ocrx_word' id='word_1_176' title='bbox 2364 1325 2429 1381; x_wconf 85' lang='grc' dir='ltr'><strong>ἂν</strong></span> <span class='ocrx_word' id='word_1_177' title='bbox 2457 1327 2692 1397; x_wconf 79' lang='grc' dir='ltr'>εὐλόγως</span> <span class='ocrx_word' id='word_1_178' title='bbox 2719 1332 2778 1384; x_wconf 88' lang='grc' dir='ltr'><strong>ἐν</strong></span> <span class='ocrx_word' id='word_1_179' title='bbox 2806 1332 3034 1398; x_wconf 87' lang='grc' dir='ltr'>ἐκείνοις</span> <span class='ocrx_word' id='word_1_180' title='bbox 3064 1337 3788 1411; x_wconf 75' lang='grc' dir='ltr'>μνημονευθείσηςγυναικὺς,</span> 
     </span>
    </p>
   </div>
   <div class='ocr_carea' id='block_1_27' title="bbox 2247 1417 3787 1509">
    <p class='ocr_par' dir='ltr' id='par_1_27' title="bbox 2247 1417 3787 1509">
     <span class='ocr_line' id='line_1_27' title="bbox 2247 1417 3787 1509; baseline 0.013 -38"><span class='ocrx_word' id='word_1_181' title='bbox 2247 1417 2371 1471; x_wconf 76' lang='grc' dir='ltr'>οὔτε</span> <span class='ocrx_word' id='word_1_182' title='bbox 2402 1419 2478 1491; x_wconf 81' lang='lat'><strong>(5)</strong></span> <span class='ocrx_word' id='word_1_183' title='bbox 2506 1421 2781 1476; x_wconf 84' lang='grc' dir='ltr'>κάνταῦθα</span> <span class='ocrx_word' id='word_1_184' title='bbox 2808 1424 2901 1478; x_wconf 75' lang='grc' dir='ltr'><strong>ἐπὶ</strong></span> <span class='ocrx_word' id='word_1_185' title='bbox 2935 1424 3112 1498; x_wconf 77' lang='grc' dir='ltr'>ζύμης</span> <span class='ocrx_word' id='word_1_186' title='bbox 3155 1431 3460 1502; x_wconf 85' lang='grc' dir='ltr'>φερομένης</span> <span class='ocrx_word' id='word_1_187' title='bbox 3490 1435 3565 1496; x_wconf 74' lang='grc' dir='ltr'><strong>εἰς</strong></span> <span class='ocrx_word' id='word_1_188' title='bbox 3592 1435 3787 1509; x_wconf 80' lang='grc' dir='ltr'>ἀλεύρου</span> 
     </span>
    </p>
   </div>
   <div class='ocr_carea' id='block_1_28' title="bbox 2248 1510 3788 1597">
    <p class='ocr_par' dir='ltr' id='par_1_28' title="bbox 2248 1510 3788 1597">
     <span class='ocr_line' id='line_1_28' title="bbox 2248 1510 3788 1597; baseline 0.014 -35"><span class='ocrx_word' id='word_1_189' title='bbox 2248 1510 2383 1564; x_wconf 83' lang='grc' dir='ltr'>σάτα</span> <span class='ocrx_word' id='word_1_190' title='bbox 2399 1513 2544 1582; x_wconf 88' lang='grc' dir='ltr'>τρία,</span> <span class='ocrx_word' id='word_1_191' title='bbox 2572 1514 2911 1588; x_wconf 82' lang='grc' dir='ltr'>οίκειοῦταιή</span> <span class='ocrx_word' id='word_1_192' title='bbox 2936 1518 3238 1592; x_wconf 84' lang='grc' dir='ltr'>παραϐολὴ,</span> <span class='ocrx_word' id='word_1_193' title='bbox 3269 1524 3487 1590; x_wconf 77' lang='grc' dir='ltr'>γυναικὶ</span> <span class='ocrx_word' id='word_1_194' title='bbox 3510 1526 3788 1597; x_wconf 82' lang='grc' dir='ltr'>ἀρτοποιου-</span> 
     </span>
    </p>
   </div>
   <div class='ocr_carea' id='block_1_29' title="bbox 2251 1598 3785 1683">
    <p class='ocr_par' dir='ltr' id='par_1_29' title="bbox 2251 1598 3785 1683">
     <span class='ocr_line' id='line_1_29' title="bbox 2251 1598 3785 1683; baseline 0.017 -33"><span class='ocrx_word' id='word_1_195' title='bbox 2251 1598 2384 1670; x_wconf 77' lang='grc' dir='ltr'>μένῃ</span> <span class='ocrx_word' id='word_1_196' title='bbox 2403 1599 2494 1654; x_wconf 84' lang='grc' dir='ltr'><strong>τὸν</strong></span> <span class='ocrx_word' id='word_1_197' title='bbox 2521 1599 2582 1665; x_wconf 84' lang='grc' dir='ltr'>ἐξ</span> <span class='ocrx_word' id='word_1_198' title='bbox 2615 1601 2826 1674; x_wconf 85' lang='grc' dir='ltr'>ἐκείνης</span> <span class='ocrx_word' id='word_1_199' title='bbox 2855 1605 3243 1679; x_wconf 80' lang='grc' dir='ltr'>ὠνομασμένον</span> <span class='ocrx_word' id='word_1_200' title='bbox 3274 1613 3478 1683; x_wconf 77' lang='grc' dir='ltr'>σπορέα</span> <span class='ocrx_word' id='word_1_201' title='bbox 3505 1615 3785 1676; x_wconf 81' lang='grc' dir='ltr'>ἀπεικάσαι.</span> 
     </span>
    </p>
   </div>
   <div class='ocr_carea' id='block_1_30' title="bbox 2247 1689 3788 1766">
    <p class='ocr_par' dir='ltr' id='par_1_30' title="bbox 2247 1689 3788 1766">
     <span class='ocr_line' id='line_1_30' title="bbox 2247 1689 3788 1766; baseline 0.016 -24"><span class='ocrx_word' id='word_1_202' title='bbox 2247 1689 2545 1766; x_wconf 37' lang='grc' dir='ltr'>Στίχκκθκ</span> <span class='ocrx_word' id='word_1_203' title='bbox 2599 1695 2710 1766; x_wconf 80' lang='grc' dir='ltr'><strong>Καὶ</strong></span> <span class='ocrx_word' id='word_1_204' title='bbox 2747 1696 3011 1763; x_wconf 76' lang='grc' dir='ltr'><strong>ἥξουσιν</strong></span> <span class='ocrx_word' id='word_1_205' title='bbox 3061 1701 3180 1756; x_wconf 82' lang='grc' dir='ltr'>ἀπὸ</span> <span class='ocrx_word' id='word_1_206' title='bbox 3219 1703 3535 1760; x_wconf 72' lang='grc' dir='ltr'><strong>ἀνατολῶν</strong></span> <span class='ocrx_word' id='word_1_207' title='bbox 3582 1711 3669 1763; x_wconf 75' lang='grc' dir='ltr'><strong>καί</strong></span> <span class='ocrx_word' id='word_1_208' title='bbox 3704 1711 3788 1766; x_wconf 73' lang='grc' dir='ltr'>δυσ</span> 
     </span>
    </p>
   </div>
   <div class='ocr_carea' id='block_1_31' title="bbox 2174 1761 3787 1846">
    <p class='ocr_par' dir='ltr' id='par_1_31' title="bbox 2174 1761 3787 1846">
     <span class='ocr_line' id='line_1_31' title="bbox 2174 1761 3787 1846; baseline 0.015 -36"><span class='ocrx_word' id='word_1_209' title='bbox 2174 1777 2213 1830; x_wconf 76' lang='grc' dir='ltr'><strong>Β</strong></span> <span class='ocrx_word' id='word_1_210' title='bbox 2312 1761 2483 1846; x_wconf 63' lang='grc' dir='ltr'>σμῶγ</span> <span class='ocrx_word' id='word_1_211' title='bbox 2520 1765 2617 1845; x_wconf 64' lang='grc' dir='ltr'>καὶ</span> <span class='ocrx_word' id='word_1_212' title='bbox 2646 1761 2841 1846; x_wconf 63' lang='grc' dir='ltr'>,βορῤᾷ</span> <span class='ocrx_word' id='word_1_213' title='bbox 2867 1769 2978 1846; x_wconf 39' lang='grc' dir='ltr'>,καὶ</span> <span class='ocrx_word' id='word_1_214' title='bbox 3011 1773 3345 1846; x_wconf 37' lang='lat' dir='ltr'><strong>{dra-vtam!</strong></span> <span class='ocrx_word' id='word_1_215' title='bbox 3385 1761 3787 1846; x_wconf 51' lang='grc' dir='ltr'>ἀνακλιθήσόῇ</span> 
     </span>
    </p>
   </div>
   <div class='ocr_carea' id='block_1_32' title="bbox 2309 1833 3260 1907">
    <p class='ocr_par' dir='ltr' id='par_1_32' title="bbox 2309 1833 3260 1907">
     <span class='ocr_line' id='line_1_32' title="bbox 2309 1833 3260 1907; baseline 0.015 -24"><span class='ocrx_word' id='word_1_216' title='bbox 2309 1848 2404 1884; x_wconf 84' lang='grc' dir='ltr'><strong>ται</strong></span> <span class='ocrx_word' id='word_1_217' title='bbox 2431 1833 2501 1886; x_wconf 81' lang='grc' dir='ltr'>ἐν</span> <span class='ocrx_word' id='word_1_218' title='bbox 2531 1833 2603 1903; x_wconf 75' lang='grc' dir='ltr'>τῇ</span> <span class='ocrx_word' id='word_1_219' title='bbox 2628 1833 2918 1907; x_wconf 69' lang='grc' dir='ltr'>βαὰιλείᾳ</span> <span class='ocrx_word' id='word_1_220' title='bbox 2942 1840 3048 1894; x_wconf 84' lang='grc' dir='ltr'><strong>τοῦ</strong></span> <span class='ocrx_word' id='word_1_221' title='bbox 3088 1833 3260 1898; x_wconf 73' lang='grc' dir='ltr'>Θεοῦ.</span> 
     </span>
    </p>
   </div>
   <div class='ocr_carea' id='block_1_33' title="bbox 2311 1923 3784 2010">
    <p class='ocr_par' dir='ltr' id='par_1_33' title="bbox 2311 1923 3784 2010">
     <span class='ocr_line' id='line_1_33' title="bbox 2311 1923 3784 2010; baseline 0.014 -35"><span class='ocrx_word' id='word_1_222' title='bbox 2311 1923 2471 1997; x_wconf 86' lang='grc' dir='ltr'>Παρά</span> <span class='ocrx_word' id='word_1_223' title='bbox 2497 1924 2553 1978; x_wconf 81' lang='grc' dir='ltr'>δὲ</span> <span class='ocrx_word' id='word_1_224' title='bbox 2585 1927 2664 1998; x_wconf 84' lang='grc' dir='ltr'>τῷ</span> <span class='ocrx_word' id='word_1_225' title='bbox 2697 1930 2960 2003; x_wconf 84' lang='grc' dir='ltr'>Ματθαίῳ</span> <span class='ocrx_word' id='word_1_226' title='bbox 2989 1933 3082 1986; x_wconf 79' lang='grc' dir='ltr'>καὶ</span> <span class='ocrx_word' id='word_1_227' title='bbox 3121 1936 3413 2010; x_wconf 81' lang='grc' dir='ltr'>παραϐολὴ</span> <span class='ocrx_word' id='word_1_228' title='bbox 3443 1939 3700 2006; x_wconf 81' lang='grc' dir='ltr'>πλέκεται,</span> <span class='ocrx_word' id='word_1_229' title='bbox 3727 1943 3784 1996; x_wconf 88' lang='grc' dir='ltr'>δι’</span> 
     </span>
    </p>
   </div>
   <div class='ocr_carea' id='block_1_34' title="bbox 2241 2012 3785 2113">
    <p class='ocr_par' dir='ltr' id='par_1_34' title="bbox 2241 2012 3785 2113">
     <span class='ocr_line' id='line_1_34' title="bbox 2241 2012 3785 2113; baseline 0.016 -43"><span class='ocrx_word' id='word_1_230' title='bbox 2241 2012 2308 2090; x_wconf 81' lang='grc' dir='ltr'>ἦς</span> <span class='ocrx_word' id='word_1_231' title='bbox 2336 2019 2623 2076; x_wconf 87' lang='grc' dir='ltr'>καλοῦνται</span> <span class='ocrx_word' id='word_1_232' title='bbox 2647 2024 2722 2089; x_wconf 86' lang='grc' dir='ltr'><strong>ὡς</strong></span> <span class='ocrx_word' id='word_1_233' title='bbox 2756 2028 2836 2090; x_wconf 87' lang='grc' dir='ltr'>εἰς</span> <span class='ocrx_word' id='word_1_234' title='bbox 2877 2029 3174 2099; x_wconf 84' lang='grc' dir='ltr'>ἀμπελῶνα</span> <span class='ocrx_word' id='word_1_235' title='bbox 3211 2037 3295 2098; x_wconf 80' lang='grc' dir='ltr'><strong>είς</strong></span> <span class='ocrx_word' id='word_1_236' title='bbox 3337 2035 3437 2100; x_wconf 76' lang='grc' dir='ltr'>τὰς</span> <span class='ocrx_word' id='word_1_237' title='bbox 3480 2038 3680 2103; x_wconf 80' lang='grc' dir='ltr'>ἐντολὰς</span> <span class='ocrx_word' id='word_1_238' title='bbox 3712 2042 3785 2113; x_wconf 83' lang='grc' dir='ltr'>ἐρ-</span> 
     </span>
    </p>
   </div>
   <div class='ocr_carea' id='block_1_35' title="bbox 2243 2113 3783 2205">
    <p class='ocr_par' dir='ltr' id='par_1_35' title="bbox 2243 2113 3783 2205">
     <span class='ocr_line' id='line_1_35' title="bbox 2243 2113 3783 2205; baseline 0.014 -41"><span class='ocrx_word' id='word_1_239' title='bbox 2243 2113 2404 2205; x_wconf 87' lang='grc' dir='ltr'>γάται</span> <span class='ocrx_word' id='word_1_240' title='bbox 2431 2113 2676 2187; x_wconf 82' lang='grc' dir='ltr'>διάφοροι</span> <span class='ocrx_word' id='word_1_241' title='bbox 2706 2119 2764 2172; x_wconf 86' lang='grc' dir='ltr'><strong>ἐν</strong></span> <span class='ocrx_word' id='word_1_242' title='bbox 2793 2118 3072 2194; x_wconf 66' lang='grc' dir='ltr'>διαφόροις</span> <span class='ocrx_word' id='word_1_243' title='bbox 3103 2125 3366 2197; x_wconf 75' lang='grc' dir='ltr'>ἡλικίαις,</span> <span class='ocrx_word' id='word_1_244' title='bbox 3405 2128 3481 2193; x_wconf 85' lang='grc' dir='ltr'><strong>ὡς</strong></span> <span class='ocrx_word' id='word_1_245' title='bbox 3519 2131 3574 2183; x_wconf 80' lang='grc' dir='ltr'><strong>ἐν</strong></span> <span class='ocrx_word' id='word_1_246' title='bbox 3614 2132 3783 2205; x_wconf 74' lang='grc' dir='ltr'>πρωῖᾳ,</span> 
     </span>
    </p>
   </div>
   <div class='ocr_carea' id='block_1_36' title="bbox 2243 2203 3784 2296">
    <p class='ocr_par' dir='ltr' id='par_1_36' title="bbox 2243 2203 3784 2296">
     <span class='ocr_line' id='line_1_36' title="bbox 2243 2203 3784 2296; baseline 0.014 -42"><span class='ocrx_word' id='word_1_247' title='bbox 2243 2203 2336 2296; x_wconf 71' lang='grc' dir='ltr'><strong>καὶ</strong></span> <span class='ocrx_word' id='word_1_248' title='bbox 2364 2207 2492 2278; x_wconf 79' lang='grc' dir='ltr'>περὶ</span> <span class='ocrx_word' id='word_1_249' title='bbox 2511 2208 2722 2280; x_wconf 78' lang='grc' dir='ltr'>τρίτην,</span> <span class='ocrx_word' id='word_1_250' title='bbox 2748 2212 2843 2264; x_wconf 73' lang='grc' dir='ltr'>καὶ</span> <span class='ocrx_word' id='word_1_251' title='bbox 2866 2213 3031 2287; x_wconf 76' lang='grc' dir='ltr'>ἕκτην</span> <span class='ocrx_word' id='word_1_252' title='bbox 3060 2219 3155 2271; x_wconf 71' lang='grc' dir='ltr'><strong>καὶ</strong></span> <span class='ocrx_word' id='word_1_253' title='bbox 3183 2219 3384 2291; x_wconf 80' lang='grc' dir='ltr'>ἐνάτην</span> <span class='ocrx_word' id='word_1_254' title='bbox 3416 2223 3508 2274; x_wconf 80' lang='grc' dir='ltr'>καὶ</span> <span class='ocrx_word' id='word_1_255' title='bbox 3532 2203 3784 2296; x_wconf 78' lang='grc' dir='ltr'>ἑνδεκάτην</span> 
     </span>
    </p>
   </div>
   <div class='ocr_carea' id='block_1_37' title="bbox 2240 2292 3784 2384">
    <p class='ocr_par' dir='ltr' id='par_1_37' title="bbox 2240 2292 3784 2384">
     <span class='ocr_line' id='line_1_37' title="bbox 2240 2292 3784 2384; baseline 0.016 -39"><span class='ocrx_word' id='word_1_256' title='bbox 2240 2292 2407 2364; x_wconf 83' lang='grc' dir='ltr'>ὥραν.</span> <span class='ocrx_word' id='word_1_257' title='bbox 2434 2296 2584 2368; x_wconf 86' lang='grc' dir='ltr'>Τάχα</span> <span class='ocrx_word' id='word_1_258' title='bbox 2610 2300 2707 2369; x_wconf 86' lang='grc' dir='ltr'><strong>μὲν</strong></span> <span class='ocrx_word' id='word_1_259' title='bbox 2732 2297 2823 2355; x_wconf 75' lang='grc' dir='ltr'><strong>οὖν</strong></span> <span class='ocrx_word' id='word_1_260' title='bbox 2849 2304 2993 2369; x_wconf 78' lang='grc' dir='ltr'>ἄπας</span> <span class='ocrx_word' id='word_1_261' title='bbox 3019 2310 3046 2360; x_wconf 87' lang='grc' dir='ltr'>ὁ</span> <span class='ocrx_word' id='word_1_262' title='bbox 3068 2308 3177 2363; x_wconf 86' lang='grc' dir='ltr'><strong>τῶν</strong></span> <span class='ocrx_word' id='word_1_263' title='bbox 3203 2311 3510 2384; x_wconf 84' lang='grc' dir='ltr'>ἀνθρώπων</span> <span class='ocrx_word' id='word_1_264' title='bbox 3533 2313 3638 2384; x_wconf 83' lang='grc' dir='ltr'>βίος</span> <span class='ocrx_word' id='word_1_265' title='bbox 3662 2292 3784 2369; x_wconf 60' lang='grc' dir='ltr'>ἐστίν</span> 
     </span>
    </p>
   </div>
   <div class='ocr_carea' id='block_1_38' title="bbox 2241 2389 3784 2478">
    <p class='ocr_par' dir='ltr' id='par_1_38' title="bbox 2241 2389 3784 2478">
     <span class='ocr_line' id='line_1_38' title="bbox 2241 2389 3784 2478; baseline 0.015 -38"><span class='ocrx_word' id='word_1_266' title='bbox 2241 2389 2274 2458; x_wconf 85' lang='grc' dir='ltr'><strong>ή</strong></span> <span class='ocrx_word' id='word_1_267' title='bbox 2308 2389 2449 2444; x_wconf 88' lang='grc' dir='ltr'><strong>κατά</strong></span> <span class='ocrx_word' id='word_1_268' title='bbox 2471 2393 2570 2462; x_wconf 83' lang='grc' dir='ltr'>τὴν</span> <span class='ocrx_word' id='word_1_269' title='bbox 2596 2397 2909 2470; x_wconf 84' lang='grc' dir='ltr'>παραϐολὴν</span> <span class='ocrx_word' id='word_1_270' title='bbox 2936 2401 3138 2473; x_wconf 76' lang='grc' dir='ltr'>ἡμέρα.</span> <span class='ocrx_word' id='word_1_271' title='bbox 3168 2405 3282 2458; x_wconf 78' lang='grc' dir='ltr'><strong>Καὶ</strong></span> <span class='ocrx_word' id='word_1_272' title='bbox 3322 2407 3372 2458; x_wconf 77' lang='grc' dir='ltr'>οἱ</span> <span class='ocrx_word' id='word_1_273' title='bbox 3401 2407 3497 2478; x_wconf 83' lang='grc' dir='ltr'><strong>μὲν</strong></span> <span class='ocrx_word' id='word_1_274' title='bbox 3521 2410 3582 2461; x_wconf 84' lang='grc' dir='ltr'>ὲκ</span> <span class='ocrx_word' id='word_1_275' title='bbox 3607 2409 3784 2462; x_wconf 85' lang='grc' dir='ltr'>παίδων</span> 
     </span>
    </p>
   </div>
   <div class='ocr_carea' id='block_1_39' title="bbox 2241 2479 3784 2570">
    <p class='ocr_par' dir='ltr' id='par_1_39' title="bbox 2241 2479 3784 2570">
     <span class='ocr_line' id='line_1_39' title="bbox 2241 2479 3784 2570; baseline 0.014 -39"><span class='ocrx_word' id='word_1_276' title='bbox 2241 2479 2333 2532; x_wconf 74' lang='grc' dir='ltr'><strong>καὶ</strong></span> <span class='ocrx_word' id='word_1_277' title='bbox 2369 2481 2591 2554; x_wconf 85' lang='grc' dir='ltr'>πρώτης</span> <span class='ocrx_word' id='word_1_278' title='bbox 2625 2485 2840 2557; x_wconf 81' lang='grc' dir='ltr'>ἡλικίας</span> <span class='ocrx_word' id='word_1_279' title='bbox 2878 2489 3167 2561; x_wconf 88' lang='grc' dir='ltr'>κληθέντες</span> <span class='ocrx_word' id='word_1_280' title='bbox 3192 2497 3245 2548; x_wconf 87' lang='grc' dir='ltr'>οἱ</span> <span class='ocrx_word' id='word_1_281' title='bbox 3275 2497 3393 2568; x_wconf 83' lang='grc' dir='ltr'>ἃμα</span> <span class='ocrx_word' id='word_1_282' title='bbox 3420 2500 3482 2569; x_wconf 84' lang='grc' dir='ltr'><strong>τῇ</strong></span> <span class='ocrx_word' id='word_1_283' title='bbox 3515 2498 3584 2569; x_wconf 71' lang='grc' dir='ltr'>ἕῳ</span> <span class='ocrx_word' id='word_1_284' title='bbox 3611 2499 3784 2570; x_wconf 87' lang='grc' dir='ltr'>μισθω-</span> 
     </span>
    </p>
   </div>
   <div class='ocr_carea' id='block_1_40' title="bbox 2241 2573 3783 2664">
    <p class='ocr_par' dir='ltr' id='par_1_40' title="bbox 2241 2573 3783 2664">
     <span class='ocr_line' id='line_1_40' title="bbox 2241 2573 3783 2664; baseline 0.012 -37"><span class='ocrx_word' id='word_1_285' title='bbox 2241 2573 2426 2641; x_wconf 86' lang='grc' dir='ltr'>θέντες</span> <span class='ocrx_word' id='word_1_286' title='bbox 2449 2578 2556 2633; x_wconf 76' lang='grc' dir='ltr'>εἰσὶ</span> <span class='ocrx_word' id='word_1_287' title='bbox 2580 2583 2732 2654; x_wconf 89' lang='grc' dir='ltr'><strong>παρά</strong></span> <span class='ocrx_word' id='word_1_288' title='bbox 2764 2583 2861 2638; x_wconf 89' lang='grc' dir='ltr'><strong>τοῦ</strong></span> <span class='ocrx_word' id='word_1_289' title='bbox 2882 2585 3142 2644; x_wconf 81' lang='grc' dir='ltr'>δεσπότου</span> <span class='ocrx_word' id='word_1_290' title='bbox 3163 2607 3177 2620; x_wconf 77' lang='grc'><strong>⁸</strong></span> <span class='ocrx_word' id='word_1_291' title='bbox 3203 2592 3257 2644; x_wconf 76' lang='lat' dir='ltr'><strong>oi</strong></span> <span class='ocrx_word' id='word_1_292' title='bbox 3288 2591 3346 2645; x_wconf 87' lang='grc' dir='ltr'><strong>δέ</strong></span> <span class='ocrx_word' id='word_1_293' title='bbox 3384 2592 3520 2663; x_wconf 87' lang='grc' dir='ltr'><strong>μετά</strong></span> <span class='ocrx_word' id='word_1_294' title='bbox 3539 2593 3596 2646; x_wconf 83' lang='grc' dir='ltr'>τὸ</span> <span class='ocrx_word' id='word_1_295' title='bbox 3621 2593 3783 2664; x_wconf 82' lang='grc' dir='ltr'>μειρά-</span> 
     </span>
    </p>
   </div>
   <div class='ocr_carea' id='block_1_41' title="bbox 2239 2673 3784 2756">
    <p class='ocr_par' dir='ltr' id='par_1_41' title="bbox 2239 2673 3784 2756">
     <span class='ocr_line' id='line_1_41' title="bbox 2239 2673 3784 2756; baseline 0.012 -35"><span class='ocrx_word' id='word_1_296' title='bbox 2239 2685 2356 2721; x_wconf 90' lang='grc' dir='ltr'>κιον</span> <span class='ocrx_word' id='word_1_297' title='bbox 2381 2673 2429 2724; x_wconf 78' lang='grc' dir='ltr'>οἱ</span> <span class='ocrx_word' id='word_1_298' title='bbox 2456 2673 2564 2726; x_wconf 82' lang='grc' dir='ltr'><strong>ἀπὸ</strong></span> <span class='ocrx_word' id='word_1_299' title='bbox 2589 2676 2688 2747; x_wconf 87' lang='grc' dir='ltr'>τῆς</span> <span class='ocrx_word' id='word_1_300' title='bbox 2724 2678 2914 2751; x_wconf 84' lang='grc' dir='ltr'>τρίτης</span> <span class='ocrx_word' id='word_1_301' title='bbox 2941 2679 3118 2753; x_wconf 82' lang='grc' dir='ltr'>ὧρας·</span> <span class='ocrx_word' id='word_1_302' title='bbox 3157 2684 3204 2736; x_wconf 80' lang='grc' dir='ltr'>οἱ</span> <span class='ocrx_word' id='word_1_303' title='bbox 3242 2683 3302 2737; x_wconf 84' lang='grc' dir='ltr'>δὲ</span> <span class='ocrx_word' id='word_1_304' title='bbox 3339 2685 3476 2756; x_wconf 85' lang='grc' dir='ltr'>μετὰ</span> <span class='ocrx_word' id='word_1_305' title='bbox 3499 2686 3582 2738; x_wconf 74' lang='grc' dir='ltr'>τὸν</span> <span class='ocrx_word' id='word_1_306' title='bbox 3607 2687 3658 2738; x_wconf 78' lang='grc' dir='ltr'><strong>ἐν</strong></span> <span class='ocrx_word' id='word_1_307' title='bbox 3688 2685 3784 2739; x_wconf 77' lang='grc' dir='ltr'>νεό-</span> 
     </span>
    </p>
   </div>
   <div class='ocr_carea' id='block_1_42' title="bbox 2236 2764 3780 2848">
    <p class='ocr_par' dir='ltr' id='par_1_42' title="bbox 2236 2764 3780 2848">
     <span class='ocr_line' id='line_1_42' title="bbox 2236 2764 3780 2848; baseline 0.012 -35"><span class='ocrx_word' id='word_1_308' title='bbox 2236 2777 2359 2832; x_wconf 88' lang='grc' dir='ltr'>τητι</span> <span class='ocrx_word' id='word_1_309' title='bbox 2402 2764 2657 2821; x_wconf 82' lang='grc' dir='ltr'>καύσωνα</span> <span class='ocrx_word' id='word_1_310' title='bbox 2689 2771 2783 2822; x_wconf 78' lang='grc' dir='ltr'><strong>καὶ</strong></span> <span class='ocrx_word' id='word_1_311' title='bbox 2813 2771 2874 2824; x_wconf 85' lang='grc' dir='ltr'><strong>τὸ</strong></span> <span class='ocrx_word' id='word_1_312' title='bbox 2908 2770 3072 2844; x_wconf 82' lang='grc' dir='ltr'>βάρος</span> <span class='ocrx_word' id='word_1_313' title='bbox 3100 2775 3194 2827; x_wconf 78' lang='grc' dir='ltr'><strong>ἐπὶ</strong></span> <span class='ocrx_word' id='word_1_314' title='bbox 3224 2775 3330 2848; x_wconf 82' lang='grc' dir='ltr'>τὴν</span> <span class='ocrx_word' id='word_1_315' title='bbox 3356 2776 3650 2830; x_wconf 87' lang='grc' dir='ltr'>θεοσέϐειαν</span> <span class='ocrx_word' id='word_1_316' title='bbox 3672 2777 3780 2845; x_wconf 78' lang='grc' dir='ltr'>ἀγύ-</span> 
     </span>
    </p>
   </div>
   <div class='ocr_carea' id='block_1_43' title="bbox 2243 2857 3779 2939">
    <p class='ocr_par' dir='ltr' id='par_1_43' title="bbox 2243 2857 3779 2939">
     <span class='ocr_line' id='line_1_43' title="bbox 2243 2857 3779 2939; baseline 0.01 -33"><span class='ocrx_word' id='word_1_317' title='bbox 2243 2871 2391 2924; x_wconf 91' lang='grc' dir='ltr'>μενοι</span> <span class='ocrx_word' id='word_1_318' title='bbox 2418 2857 2720 2928; x_wconf 88' lang='grc' dir='ltr'>πρεσϐύται</span> <span class='ocrx_word' id='word_1_319' title='bbox 2746 2861 2796 2912; x_wconf 82' lang='grc' dir='ltr'>οἱ</span> <span class='ocrx_word' id='word_1_320' title='bbox 2823 2863 2950 2933; x_wconf 82' lang='grc' dir='ltr'><strong>περὶ</strong></span> <span class='ocrx_word' id='word_1_321' title='bbox 2975 2861 3073 2934; x_wconf 83' lang='grc' dir='ltr'><strong>τὴν</strong></span> <span class='ocrx_word' id='word_1_322' title='bbox 3104 2864 3306 2937; x_wconf 78' lang='grc' dir='ltr'>ἐνάτην</span> <span class='ocrx_word' id='word_1_323' title='bbox 3326 2884 3339 2898; x_wconf 92' lang='grc'><strong>·</strong></span> <span class='ocrx_word' id='word_1_324' title='bbox 3364 2868 3413 2920; x_wconf 79' lang='grc' dir='ltr'>οἱ</span> <span class='ocrx_word' id='word_1_325' title='bbox 3441 2867 3496 2921; x_wconf 83' lang='grc' dir='ltr'>δὲ</span> <span class='ocrx_word' id='word_1_326' title='bbox 3520 2867 3644 2939; x_wconf 83' lang='grc' dir='ltr'>πρὸς</span> <span class='ocrx_word' id='word_1_327' title='bbox 3666 2869 3779 2939; x_wconf 79' lang='grc' dir='ltr'>αὐτῇ</span> 
     </span>
    </p>
   </div>
   <div class='ocr_carea' id='block_1_44' title="bbox 2237 2945 3779 3030">
    <p class='ocr_par' dir='ltr' id='par_1_44' title="bbox 2237 2945 3779 3030">
     <span class='ocr_line' id='line_1_44' title="bbox 2237 2945 3779 3030; baseline 0.01 -32"><span class='ocrx_word' id='word_1_328' title='bbox 2237 2948 2303 3018; x_wconf 87' lang='grc' dir='ltr'><strong>τῇ</strong></span> <span class='ocrx_word' id='word_1_329' title='bbox 2343 2945 2506 3020; x_wconf 80' lang='grc' dir='ltr'>ἐξόδῳ</span> <span class='ocrx_word' id='word_1_330' title='bbox 2539 2950 2793 3022; x_wconf 80' lang='grc' dir='ltr'>γέροντες</span> <span class='ocrx_word' id='word_1_331' title='bbox 2820 2953 2919 3025; x_wconf 71' lang='grc' dir='ltr'>ἤδη</span> <span class='ocrx_word' id='word_1_332' title='bbox 2956 2953 3240 3024; x_wconf 87' lang='grc' dir='ltr'>δηλοῦνται</span> <span class='ocrx_word' id='word_1_333' title='bbox 3267 2957 3358 3011; x_wconf 87' lang='grc' dir='ltr'><strong>διά</strong></span> <span class='ocrx_word' id='word_1_334' title='bbox 3380 2958 3480 3029; x_wconf 82' lang='grc' dir='ltr'>τῆς</span> <span class='ocrx_word' id='word_1_335' title='bbox 3503 2958 3779 3030; x_wconf 79' lang='grc' dir='ltr'>ἑνδεκάτης.</span> 
     </span>
    </p>
   </div>
   <div class='ocr_carea' id='block_1_45' title="bbox 2242 3037 3783 3119">
    <p class='ocr_par' dir='ltr' id='par_1_45' title="bbox 2242 3037 3783 3119">
     <span class='ocr_line' id='line_1_45' title="bbox 2242 3037 3783 3119; baseline 0.008 -29"><span class='ocrx_word' id='word_1_336' title='bbox 2242 3037 2350 3092; x_wconf 80' lang='grc' dir='ltr'>Καὶ</span> <span class='ocrx_word' id='word_1_337' title='bbox 2384 3039 2508 3092; x_wconf 81' lang='grc' dir='ltr'>ἐπεὶ</span> <span class='ocrx_word' id='word_1_338' title='bbox 2543 3043 2884 3113; x_wconf 86' lang='grc' dir='ltr'>προαίρεσις,</span> <span class='ocrx_word' id='word_1_339' title='bbox 2916 3045 2977 3098; x_wconf 82' lang='grc' dir='ltr'><strong>οὐ</strong></span> <span class='ocrx_word' id='word_1_340' title='bbox 3019 3046 3231 3119; x_wconf 87' lang='grc' dir='ltr'>χρόνος,</span> <span class='ocrx_word' id='word_1_341' title='bbox 3277 3048 3605 3116; x_wconf 77' lang='grc' dir='ltr'>ἐξετάζεται,</span> <span class='ocrx_word' id='word_1_342' title='bbox 3648 3050 3699 3103; x_wconf 87' lang='grc' dir='ltr'>ὃν</span> <span class='ocrx_word' id='word_1_343' title='bbox 3733 3052 3783 3102; x_wconf 85' lang='grc' dir='ltr'>ὲν</span> 
     </span>
    </p>
   </div>
   <div class='ocr_carea' id='block_1_46' title="bbox 557 3116 2167 3214">
    <p class='ocr_par' dir='ltr' id='par_1_46' title="bbox 557 3116 2167 3188">
     <span class='ocr_line' id='line_1_46' title="bbox 557 3116 2167 3188; baseline 0.002 -16"><span class='ocrx_word' id='word_1_344' title='bbox 557 3128 769 3172; x_wconf 90' lang='lat' dir='ltr'><strong>cantur.</strong></span> <span class='ocrx_word' id='word_1_345' title='bbox 818 3116 885 3173; x_wconf 90' lang='lat' dir='ltr'><strong>Et</strong></span> <span class='ocrx_word' id='word_1_346' title='bbox 917 3117 1046 3187; x_wconf 90' lang='lat' dir='ltr'><strong>quia</strong></span> <span class='ocrx_word' id='word_1_347' title='bbox 1101 3119 1351 3182; x_wconf 86' lang='lat' dir='ltr'><strong>intentio,</strong></span> <span class='ocrx_word' id='word_1_348' title='bbox 1400 3135 1507 3174; x_wconf 91' lang='lat' dir='ltr'><strong>non</strong></span> <span class='ocrx_word' id='word_1_349' title='bbox 1550 3128 1763 3188; x_wconf 87' lang='lat' dir='ltr'><strong>tempus</strong></span> <span class='ocrx_word' id='word_1_350' title='bbox 1808 3121 2167 3186; x_wconf 47' lang='lat' dir='ltr'><strong>attenditurﬁ</strong></span> 
     </span>
    </p>
   </div>
   <div class='ocr_carea' id='block_1_47' title="bbox 2241 3116 3781 3214">
    <p class='ocr_par' dir='ltr' id='par_1_47' title="bbox 2241 3116 3781 3214">
     <span class='ocr_line' id='line_1_47' title="bbox 2241 3116 3781 3214; baseline 0.008 -32"><span class='ocrx_word' id='word_1_351' title='bbox 2241 3130 2419 3183; x_wconf 86' lang='grc' dir='ltr'>πίστει</span> <span class='ocrx_word' id='word_1_352' title='bbox 2447 3133 2715 3206; x_wconf 86' lang='grc' dir='ltr'>πεποίηκέ</span> <span class='ocrx_word' id='word_1_353' title='bbox 2749 3153 2834 3200; x_wconf 88' lang='grc' dir='ltr'><strong>τις</strong></span> <span class='ocrx_word' id='word_1_354' title='bbox 2851 3153 2864 3167; x_wconf 74' lang='grc' dir='ltr'>σ</span> <span class='ocrx_word' id='word_1_355' title='bbox 2897 3136 2985 3190; x_wconf 84' lang='grc' dir='ltr'>διὰ</span> <span class='ocrx_word' id='word_1_356' title='bbox 3007 3116 3166 3194; x_wconf 75' lang='grc' dir='ltr'>τοῦτο</span> <span class='ocrx_word' id='word_1_357' title='bbox 3189 3143 3312 3206; x_wconf 83' lang='grc' dir='ltr'>τοῖς</span> <span class='ocrx_word' id='word_1_358' title='bbox 3339 3141 3398 3210; x_wconf 74' lang='grc' dir='ltr'>ἐξ</span> <span class='ocrx_word' id='word_1_359' title='bbox 3435 3136 3495 3196; x_wconf 80' lang='grc' dir='ltr'><strong>οῦ</strong></span> <span class='ocrx_word' id='word_1_360' title='bbox 3520 3141 3781 3214; x_wconf 85' lang='grc' dir='ltr'>κέκληνται</span> 
     </span>
    </p>
   </div>
   <div class='ocr_carea' id='block_1_48' title="bbox 554 3207 2167 3307">
    <p class='ocr_par' dir='ltr' id='par_1_48' title="bbox 554 3207 2132 3282">
     <span class='ocr_line' id='line_1_48' title="bbox 554 3207 2132 3282; baseline 0.003 -20"><span class='ocrx_word' id='word_1_361' title='bbox 554 3208 700 3279; x_wconf 91' lang='lat' dir='ltr'><strong>quod</strong></span> <span class='ocrx_word' id='word_1_362' title='bbox 752 3209 806 3262; x_wconf 92' lang='lat' dir='ltr'><strong>in</strong></span> <span class='ocrx_word' id='word_1_363' title='bbox 840 3207 945 3263; x_wconf 83' lang='lat' dir='ltr'><strong>ﬁde</strong></span> <span class='ocrx_word' id='word_1_364' title='bbox 987 3207 1110 3277; x_wconf 88' lang='lat' dir='ltr'><strong>quis</strong></span> <span class='ocrx_word' id='word_1_365' title='bbox 1159 3209 1457 3278; x_wconf 88' lang='lat' dir='ltr'><strong>impendit;</strong></span> <span class='ocrx_word' id='word_1_366' title='bbox 1494 3209 1698 3266; x_wconf 89' lang='lat' dir='ltr'><strong>idcirco</strong></span> <span class='ocrx_word' id='word_1_367' title='bbox 1748 3209 1875 3279; x_wconf 88' lang='lat' dir='ltr'><strong>illis,</strong></span> <span class='ocrx_word' id='word_1_368' title='bbox 1917 3213 2009 3282; x_wconf 91' lang='lat' dir='ltr'><strong>qui</strong></span> <span class='ocrx_word' id='word_1_369' title='bbox 2064 3225 2132 3266; x_wconf 75' lang='lat' dir='ltr'><strong>ex</strong></span> 
     </span>
    </p>
   </div>
   <div class='ocr_carea' id='block_1_49' title="bbox 2241 3207 3780 3307">
    <p class='ocr_par' dir='ltr' id='par_1_49' title="bbox 2241 3207 3780 3307">
     <span class='ocr_line' id='line_1_49' title="bbox 2241 3207 3780 3307; baseline 0.01 -31"><span class='ocrx_word' id='word_1_370' title='bbox 2241 3223 2300 3277; x_wconf 78' lang='grc' dir='ltr'>τὰ</span> <span class='ocrx_word' id='word_1_371' title='bbox 2326 3223 2682 3281; x_wconf 84' lang='grc' dir='ltr'>ἐπιϐάλλοντα</span> <span class='ocrx_word' id='word_1_372' title='bbox 2709 3231 3034 3302; x_wconf 87' lang='grc' dir='ltr'>πεποιηκόσι</span> <span class='ocrx_word' id='word_1_373' title='bbox 3065 3232 3267 3287; x_wconf 88' lang='grc' dir='ltr'>δίδοται</span> <span class='ocrx_word' id='word_1_374' title='bbox 3301 3237 3330 3288; x_wconf 86' lang='grc' dir='ltr'>ὁ</span> <span class='ocrx_word' id='word_1_375' title='bbox 3363 3207 3475 3300; x_wconf 75' lang='grc' dir='ltr'>ἴσος</span> <span class='ocrx_word' id='word_1_376' title='bbox 3511 3239 3603 3307; x_wconf 81' lang='grc' dir='ltr'>τῆς</span> <span class='ocrx_word' id='word_1_377' title='bbox 3627 3207 3780 3306; x_wconf 80' lang='grc' dir='ltr'>σωτη-</span> 
     </span>
    </p>
   </div>
   <div class='ocr_carea' id='block_1_50' title="bbox 553 3300 2167 3401">
    <p class='ocr_par' dir='ltr' id='par_1_50' title="bbox 553 3300 2133 3374">
     <span class='ocr_line' id='line_1_50' title="bbox 553 3300 2133 3374; baseline 0.004 -21"><span class='ocrx_word' id='word_1_378' title='bbox 553 3313 662 3369; x_wconf 91' lang='lat' dir='ltr'><strong>quo</strong></span> <span class='ocrx_word' id='word_1_379' title='bbox 711 3300 890 3354; x_wconf 85' lang='lat' dir='ltr'><strong>vocati</strong></span> <span class='ocrx_word' id='word_1_380' title='bbox 925 3307 1075 3364; x_wconf 89' lang='lat' dir='ltr'><strong>sunt,</strong></span> <span class='ocrx_word' id='word_1_381' title='bbox 1119 3315 1240 3370; x_wconf 63' lang='lat' dir='ltr'><strong>quae</strong></span> <span class='ocrx_word' id='word_1_382' title='bbox 1274 3301 1378 3357; x_wconf 87' lang='lat' dir='ltr'><strong>sibi</strong></span> <span class='ocrx_word' id='word_1_383' title='bbox 1416 3302 1667 3374; x_wconf 88' lang='lat' dir='ltr'><strong>imposita</strong></span> <span class='ocrx_word' id='word_1_384' title='bbox 1724 3303 1964 3373; x_wconf 77' lang='lat' dir='ltr'><strong>fuerunt,</strong></span> <span class='ocrx_word' id='word_1_385' title='bbox 2004 3303 2133 3360; x_wconf 79' lang='lat' dir='ltr'><strong>eﬂ&#39;e-</strong></span> 
     </span>
    </p>
   </div>
   <div class='ocr_carea' id='block_1_51' title="bbox 2241 3300 3783 3401">
    <p class='ocr_par' dir='ltr' id='par_1_51' title="bbox 2241 3300 3783 3401">
     <span class='ocr_line' id='line_1_51' title="bbox 2241 3300 3783 3401; baseline 0.009 -31"><span class='ocrx_word' id='word_1_386' title='bbox 2241 3317 2356 3388; x_wconf 84' lang='grc' dir='ltr'>ρίας</span> <span class='ocrx_word' id='word_1_387' title='bbox 2385 3318 2581 3388; x_wconf 89' lang='grc' dir='ltr'>μισθός</span> <span class='ocrx_word' id='word_1_388' title='bbox 2603 3337 2616 3349; x_wconf 88' lang='grc'><strong>·</strong></span> <span class='ocrx_word' id='word_1_389' title='bbox 2654 3320 2727 3391; x_wconf 87' lang='grc'><strong>(6)</strong></span> <span class='ocrx_word' id='word_1_390' title='bbox 2757 3321 2816 3375; x_wconf 80' lang='grc' dir='ltr'><strong>τὸ</strong></span> <span class='ocrx_word' id='word_1_391' title='bbox 2845 3300 3072 3378; x_wconf 87' lang='grc' dir='ltr'>συλαθὲν</span> <span class='ocrx_word' id='word_1_392' title='bbox 3111 3324 3231 3379; x_wconf 84' lang='grc' dir='ltr'>κατ’</span> <span class='ocrx_word' id='word_1_393' title='bbox 3270 3327 3446 3401; x_wconf 82' lang='grc' dir='ltr'>ἀρχὰς</span> <span class='ocrx_word' id='word_1_394' title='bbox 3473 3300 3572 3383; x_wconf 66' lang='grc' dir='ltr'><strong>ὑπό</strong></span> <span class='ocrx_word' id='word_1_395' title='bbox 3591 3328 3676 3382; x_wconf 88' lang='grc' dir='ltr'><strong>τοῦ</strong></span> 
     </span>
    </p>
   </div>
   <div class='ocr_carea' id='block_1_52' title="bbox 551 3392 2167 3494">
    <p class='ocr_par' dir='ltr' id='par_1_52' title="bbox 551 3392 2130 3466">
     <span class='ocr_line' id='line_1_52' title="bbox 551 3392 2130 3466; baseline 0.003 -18"><span class='ocrx_word' id='word_1_396' title='bbox 551 3406 708 3459; x_wconf 89' lang='lat' dir='ltr'><strong>cere,</strong></span> <span class='ocrx_word' id='word_1_397' title='bbox 750 3392 909 3448; x_wconf 89' lang='lat' dir='ltr'><strong>datur</strong></span> <span class='ocrx_word' id='word_1_398' title='bbox 968 3395 1158 3449; x_wconf 88' lang='lat' dir='ltr'><strong>eadem</strong></span> <span class='ocrx_word' id='word_1_399' title='bbox 1218 3393 1409 3450; x_wconf 88' lang='lat' dir='ltr'><strong>salutis</strong></span> <span class='ocrx_word' id='word_1_400' title='bbox 1461 3410 1712 3454; x_wconf 88' lang='lat' dir='ltr'><strong>merces:</strong></span> <span class='ocrx_word' id='word_1_401' title='bbox 1750 3397 1880 3454; x_wconf 88' lang='lat' dir='ltr'><strong>illud</strong></span> <span class='ocrx_word' id='word_1_402' title='bbox 1938 3411 2130 3466; x_wconf 88' lang='lat' dir='ltr'><strong>nempe</strong></span> 
     </span>
    </p>
   </div>
   <div class='ocr_carea' id='block_1_53' title="bbox 2241 3392 3781 3494">
    <p class='ocr_par' dir='ltr' id='par_1_53' title="bbox 2241 3392 3781 3494">
     <span class='ocr_line' id='line_1_53' title="bbox 2241 3392 3781 3494; baseline 0.008 -31"><span class='ocrx_word' id='word_1_403' title='bbox 2241 3409 2396 3482; x_wconf 67' lang='grc' dir='ltr'>μηροῦ</span> <span class='ocrx_word' id='word_1_404' title='bbox 2441 3409 2506 3464; x_wconf 86' lang='grc' dir='ltr'>δι’</span> <span class='ocrx_word' id='word_1_405' title='bbox 2545 3412 2758 3485; x_wconf 84' lang='grc' dir='ltr'>ἀπάτης</span> <span class='ocrx_word' id='word_1_406' title='bbox 2801 3415 2940 3470; x_wconf 87' lang='grc' dir='ltr'><strong>κατά</strong></span> <span class='ocrx_word' id='word_1_407' title='bbox 2977 3417 3076 3481; x_wconf 78' lang='grc' dir='ltr'>τὴν</span> <span class='ocrx_word' id='word_1_408' title='bbox 3111 3421 3211 3490; x_wconf 84' lang='grc' dir='ltr'><strong>τῆς</strong></span> <span class='ocrx_word' id='word_1_409' title='bbox 3251 3392 3472 3494; x_wconf 71' lang='grc' dir='ltr'>ἐντολῆς</span> <span class='ocrx_word' id='word_1_410' title='bbox 3501 3421 3781 3494; x_wconf 88' lang='grc' dir='ltr'>παράϐασιν</span> 
     </span>
    </p>
   </div>
   <div class='ocr_carea' id='block_1_54' title="bbox 552 3483 2167 3584">
    <p class='ocr_par' dir='ltr' id='par_1_54' title="bbox 552 3483 2129 3560">
     <span class='ocr_line' id='line_1_54' title="bbox 552 3483 2129 3560; baseline 0.003 -21"><span class='ocrx_word' id='word_1_411' title='bbox 552 3483 854 3552; x_wconf 87' lang='lat' dir='ltr'><strong>denarium,</strong></span> <span class='ocrx_word' id='word_1_412' title='bbox 901 3486 1044 3555; x_wconf 92' lang='lat' dir='ltr'><strong>quod</strong></span> <span class='ocrx_word' id='word_1_413' title='bbox 1077 3487 1145 3542; x_wconf 90' lang='lat' dir='ltr'><strong>ab</strong></span> <span class='ocrx_word' id='word_1_414' title='bbox 1187 3485 1343 3543; x_wconf 91' lang='lat' dir='ltr'><strong>initio</strong></span> <span class='ocrx_word' id='word_1_415' title='bbox 1379 3487 1617 3545; x_wconf 88' lang='lat' dir='ltr'><strong>ablatum</strong></span> <span class='ocrx_word' id='word_1_416' title='bbox 1669 3488 1771 3546; x_wconf 80' lang='lat' dir='ltr'><strong>fuit</strong></span> <span class='ocrx_word' id='word_1_417' title='bbox 1818 3505 1848 3543; x_wconf 88' lang='lat' dir='ltr'><strong>a</strong></span> <span class='ocrx_word' id='word_1_418' title='bbox 1896 3490 2129 3560; x_wconf 71' lang='lat' dir='ltr'><strong>maligno</strong></span> 
     </span>
    </p>
   </div>
   <div class='ocr_carea' id='block_1_55' title="bbox 2241 3483 3781 3584">
    <p class='ocr_par' dir='ltr' id='par_1_55' title="bbox 2241 3483 3781 3584">
     <span class='ocr_line' id='line_1_55' title="bbox 2241 3483 3781 3584; baseline 0.009 -29"><span class='ocrx_word' id='word_1_419' title='bbox 2241 3503 2355 3571; x_wconf 73' lang='grc' dir='ltr'>πνὶξ</span> <span class='ocrx_word' id='word_1_420' title='bbox 2396 3504 2472 3576; x_wconf 88' lang='grc'><strong>(7)</strong></span> <span class='ocrx_word' id='word_1_421' title='bbox 2506 3505 2604 3578; x_wconf 81' lang='grc' dir='ltr'>τῆς</span> <span class='ocrx_word' id='word_1_422' title='bbox 2647 3483 2796 3570; x_wconf 84' lang='grc' dir='ltr'>Θείας</span> <span class='ocrx_word' id='word_1_423' title='bbox 2837 3507 2933 3561; x_wconf 79' lang='grc' dir='ltr'><strong>καὶ</strong></span> <span class='ocrx_word' id='word_1_424' title='bbox 2977 3483 3656 3584; x_wconf 39' lang='grc' dir='ltr'>βασιλικωτάτηςνείκόνος</span> <span class='ocrx_word' id='word_1_425' title='bbox 3702 3513 3781 3572; x_wconf 78' lang='grc' dir='ltr'>δη-</span> 
     </span>
    </p>
   </div>
   <div class='ocr_carea' id='block_1_56' title="bbox 2229 3592 3780 3678">
    <p class='ocr_par' dir='ltr' id='par_1_56' title="bbox 2229 3592 3780 3678">
     <span class='ocr_line' id='line_1_56' title="bbox 2229 3592 3780 3678; baseline 0.005 -28"><span class='ocrx_word' id='word_1_426' title='bbox 2229 3595 2434 3670; x_wconf 81' lang='grc' dir='ltr'>νάριον,</span> <span class='ocrx_word' id='word_1_427' title='bbox 2464 3596 2532 3652; x_wconf 89' lang='grc' dir='ltr'>δι’</span> <span class='ocrx_word' id='word_1_428' title='bbox 2572 3592 2633 3652; x_wconf 79' lang='grc' dir='ltr'><strong>οὗ</strong></span> <span class='ocrx_word' id='word_1_429' title='bbox 2662 3598 2810 3653; x_wconf 89' lang='grc' dir='ltr'>δοκεί</span> <span class='ocrx_word' id='word_1_430' title='bbox 2841 3617 2932 3671; x_wconf 93' lang='grc' dir='ltr'><strong>μοι</strong></span> <span class='ocrx_word' id='word_1_431' title='bbox 2971 3601 3032 3655; x_wconf 84' lang='grc' dir='ltr'><strong>τὸ</strong></span> <span class='ocrx_word' id='word_1_432' title='bbox 3072 3603 3363 3675; x_wconf 87' lang='grc' dir='ltr'>γνώρισμα</span> <span class='ocrx_word' id='word_1_433' title='bbox 3395 3607 3492 3678; x_wconf 83' lang='grc' dir='ltr'>τῆς</span> <span class='ocrx_word' id='word_1_434' title='bbox 3533 3605 3780 3677; x_wconf 76' lang='grc' dir='ltr'>βασιλείας</span> 
     </span>
    </p>
   </div>
   <div class='ocr_carea' id='block_1_57' title="bbox 2228 3689 3777 3771">
    <p class='ocr_par' dir='ltr' id='par_1_57' title="bbox 2228 3689 3777 3771">
     <span class='ocr_line' id='line_1_57' title="bbox 2228 3689 3777 3771; baseline 0.006 -29"><span class='ocrx_word' id='word_1_435' title='bbox 2228 3689 2396 3762; x_wconf 78' lang='grc' dir='ltr'>αὐτῆς</span> <span class='ocrx_word' id='word_1_436' title='bbox 2436 3691 2773 3761; x_wconf 84' lang='grc' dir='ltr'>ὑποφαίνειν,</span> <span class='ocrx_word' id='word_1_437' title='bbox 2805 3694 2888 3747; x_wconf 80' lang='grc' dir='ltr'><strong>ὅτι</strong></span> <span class='ocrx_word' id='word_1_438' title='bbox 2930 3694 3192 3766; x_wconf 87' lang='grc' dir='ltr'>βασιλέως</span> <span class='ocrx_word' id='word_1_439' title='bbox 3229 3696 3670 3771; x_wconf 82' lang='grc' dir='ltr'>ἐντετυπωμένην</span> <span class='ocrx_word' id='word_1_440' title='bbox 3709 3700 3777 3752; x_wconf 84' lang='grc' dir='ltr'>εί-</span> 
     </span>
    </p>
   </div>
   <div class='ocr_carea' id='block_1_58' title="bbox 2230 3782 3779 3862">
    <p class='ocr_par' dir='ltr' id='par_1_58' title="bbox 2230 3782 3779 3862">
     <span class='ocr_line' id='line_1_58' title="bbox 2230 3782 3779 3862; baseline 0.005 -27"><span class='ocrx_word' id='word_1_441' title='bbox 2230 3782 2362 3836; x_wconf 88' lang='grc' dir='ltr'>κόνα</span> <span class='ocrx_word' id='word_1_442' title='bbox 2398 3783 2492 3837; x_wconf 91' lang='grc' dir='ltr'><strong>τοῦ</strong></span> <span class='ocrx_word' id='word_1_443' title='bbox 2541 3784 2799 3857; x_wconf 86' lang='grc' dir='ltr'>δηναρίου</span> <span class='ocrx_word' id='word_1_444' title='bbox 2841 3787 2902 3840; x_wconf 85' lang='grc' dir='ltr'><strong>τὸ</strong></span> <span class='ocrx_word' id='word_1_445' title='bbox 2942 3787 3202 3860; x_wconf 89' lang='grc' dir='ltr'>χάραγμα</span> <span class='ocrx_word' id='word_1_446' title='bbox 3248 3790 3525 3862; x_wconf 88' lang='grc' dir='ltr'>σημαίνει.</span> <span class='ocrx_word' id='word_1_447' title='bbox 3585 3791 3779 3862; x_wconf 80' lang='grc' dir='ltr'>Ἐπειδὴ</span> 
     </span>
    </p>
   </div>
   <div class='ocr_carea' id='block_1_59' title="bbox 2227 3874 3782 3954">
    <p class='ocr_par' dir='ltr' id='par_1_59' title="bbox 2227 3874 3782 3954">
     <span class='ocr_line' id='line_1_59' title="bbox 2227 3874 3782 3954; baseline 0.007 -27"><span class='ocrx_word' id='word_1_448' title='bbox 2227 3874 2403 3928; x_wconf 83' lang='grc' dir='ltr'>τοίνυν</span> <span class='ocrx_word' id='word_1_449' title='bbox 2450 3876 2657 3941; x_wconf 88' lang='grc' dir='ltr'>πάντας</span> <span class='ocrx_word' id='word_1_450' title='bbox 2694 3880 2820 3942; x_wconf 80' lang='grc' dir='ltr'>τοὺς</span> <span class='ocrx_word' id='word_1_451' title='bbox 2865 3880 2956 3933; x_wconf 80' lang='grc' dir='ltr'>ἐπὶ</span> <span class='ocrx_word' id='word_1_452' title='bbox 2995 3881 3087 3934; x_wconf 81' lang='grc' dir='ltr'><strong>τὸν</strong></span> <span class='ocrx_word' id='word_1_453' title='bbox 3113 3883 3437 3954; x_wconf 81' lang='grc' dir='ltr'>ἀμπελῶνα,</span> <span class='ocrx_word' id='word_1_454' title='bbox 3475 3886 3568 3940; x_wconf 77' lang='grc' dir='ltr'>καὶ</span> <span class='ocrx_word' id='word_1_455' title='bbox 3605 3886 3659 3940; x_wconf 80' lang='grc' dir='ltr'><strong>τὸ</strong></span> <span class='ocrx_word' id='word_1_456' title='bbox 3693 3885 3782 3954; x_wconf 79' lang='grc' dir='ltr'>τῆς</span> 
     </span>
    </p>
   </div>
   <div class='ocr_carea' id='block_1_60' title="bbox 2228 3963 3780 4048">
    <p class='ocr_par' dir='ltr' id='par_1_60' title="bbox 2228 3963 3780 4048">
     <span class='ocr_line' id='line_1_60' title="bbox 2228 3963 3780 4048; baseline 0.01 -32"><span class='ocrx_word' id='word_1_457' title='bbox 2228 3963 2536 4030; x_wconf 89' lang='grc' dir='ltr'>θεοσεϐείας</span> <span class='ocrx_word' id='word_1_458' title='bbox 2566 3968 2868 4040; x_wconf 82' lang='grc' dir='ltr'>πολίτευμα</span> <span class='ocrx_word' id='word_1_459' title='bbox 2907 3973 3297 4045; x_wconf 82' lang='grc' dir='ltr'>παρελθόντας,</span> <span class='ocrx_word' id='word_1_460' title='bbox 3341 3980 3471 4048; x_wconf 84' lang='grc' dir='ltr'>μιᾶς</span> <span class='ocrx_word' id='word_1_461' title='bbox 3501 3997 3556 4032; x_wconf 86' lang='grc' dir='ltr'><strong>τε</strong></span> <span class='ocrx_word' id='word_1_462' title='bbox 3584 3979 3669 4031; x_wconf 80' lang='grc' dir='ltr'><strong>καὶ</strong></span> <span class='ocrx_word' id='word_1_463' title='bbox 3693 3976 3780 4047; x_wconf 84' lang='grc' dir='ltr'>τῆς</span> 
     </span>
    </p>
   </div>
   <div class='ocr_carea' id='block_1_61' title="bbox 573 1505 2148 1582">
    <p class='ocr_par' dir='ltr' id='par_1_61' title="bbox 573 1505 2148 1582">
     <span class='ocr_line' id='line_1_61' title="bbox 573 1505 2148 1582; baseline 0.009 -26"><span class='ocrx_word' id='word_1_464' title='bbox 573 1512 689 1557; x_wconf 85' lang='lat' dir='ltr'><strong>sata</strong></span> <span class='ocrx_word' id='word_1_465' title='bbox 727 1505 850 1570; x_wconf 84' lang='lat' dir='ltr'><strong>tria,</strong></span> <span class='ocrx_word' id='word_1_466' title='bbox 883 1509 1264 1577; x_wconf 64' lang='lat' dir='ltr'><strong>approltriatur</strong></span> <span class='ocrx_word' id='word_1_467' title='bbox 1285 1511 1562 1580; x_wconf 89' lang='lat' dir='ltr'><strong>parabola,</strong></span> <span class='ocrx_word' id='word_1_468' title='bbox 1585 1513 1869 1566; x_wconf 89' lang='lat' dir='ltr'><strong>utmulieri</strong></span> <span class='ocrx_word' id='word_1_469' title='bbox 1901 1514 2148 1582; x_wconf 68' lang='lat' dir='ltr'><strong>panilicze</strong></span> 
     </span>
    </p>
   </div>
   <div class='ocr_carea' id='block_1_62' title="bbox 569 1597 2000 1668">
    <p class='ocr_par' dir='ltr' id='par_1_62' title="bbox 569 1597 2000 1668">
     <span class='ocr_line' id='line_1_62' title="bbox 569 1597 2000 1668; baseline 0.009 -21"><span class='ocrx_word' id='word_1_470' title='bbox 569 1597 836 1653; x_wconf 80' lang='lat' dir='ltr'><strong>assimilet</strong></span> <span class='ocrx_word' id='word_1_471' title='bbox 882 1615 1040 1668; x_wconf 88' lang='lat' dir='ltr'><strong>quem</strong></span> <span class='ocrx_word' id='word_1_472' title='bbox 1087 1603 1138 1656; x_wconf 92' lang='lat' dir='ltr'><strong>in</strong></span> <span class='ocrx_word' id='word_1_473' title='bbox 1193 1603 1278 1656; x_wconf 83' lang='lat' dir='ltr'><strong>illa</strong></span> <span class='ocrx_word' id='word_1_474' title='bbox 1325 1613 1558 1659; x_wconf 89' lang='lat' dir='ltr'><strong>satorem</strong></span> <span class='ocrx_word' id='word_1_475' title='bbox 1610 1607 2000 1660; x_wconf 82' lang='lat' dir='ltr'><strong>nominaverat.</strong></span> 
     </span>
    </p>
   </div>
   <div class='ocr_carea' id='block_1_63' title="bbox 567 1686 2144 1772">
    <p class='ocr_par' dir='ltr' id='par_1_63' title="bbox 567 1686 2144 1772">
     <span class='ocr_line' id='line_1_63' title="bbox 567 1686 2144 1772; baseline 0.008 -30"><span class='ocrx_word' id='word_1_476' title='bbox 567 1686 635 1744; x_wconf 77' lang='grc' dir='ltr'><strong>γ.</strong></span> <span class='ocrx_word' id='word_1_477' title='bbox 662 1688 750 1772; x_wconf 68' lang='grc' dir='ltr'><strong>ἓξ).</strong></span> <span class='ocrx_word' id='word_1_478' title='bbox 788 1689 853 1744; x_wconf 80' lang='lat' dir='ltr'><strong>Et</strong></span> <span class='ocrx_word' id='word_1_479' title='bbox 884 1694 1178 1772; x_wconf 69' lang='lat' dir='ltr'><strong>venient_ab</strong></span> <span class='ocrx_word' id='word_1_480' title='bbox 1221 1696 1419 1749; x_wconf 78' lang='lat' dir='ltr'><strong>oriente</strong></span> <span class='ocrx_word' id='word_1_481' title='bbox 1445 1708 1491 1772; x_wconf 78' lang='lat' dir='ltr'><strong>et</strong></span> <span class='ocrx_word' id='word_1_482' title='bbox 1525 1699 1786 1772; x_wconf 72' lang='lat' dir='ltr'><strong>occidente</strong></span> <span class='ocrx_word' id='word_1_483' title='bbox 1817 1712 1864 1753; x_wconf 81' lang='lat' dir='ltr'><strong>et</strong></span> <span class='ocrx_word' id='word_1_484' title='bbox 1895 1703 1961 1772; x_wconf 66' lang='lat' dir='ltr'><strong>ub</strong></span> <span class='ocrx_word' id='word_1_485' title='bbox 1993 1703 2144 1772; x_wconf 84' lang='lat' dir='ltr'><strong>aqui-</strong></span> 
     </span>
    </p>
   </div>
   <div class='ocr_carea' id='block_1_64' title="bbox 694 1759 2014 1841">
    <p class='ocr_par' dir='ltr' id='par_1_64' title="bbox 694 1759 2014 1841">
     <span class='ocr_line' id='line_1_64' title="bbox 694 1759 2014 1841; baseline 0.009 -29"><span class='ocrx_word' id='word_1_486' title='bbox 694 1759 812 1815; x_wconf 81' lang='lat' dir='ltr'><strong>lone</strong></span> <span class='ocrx_word' id='word_1_487' title='bbox 840 1773 887 1816; x_wconf 83' lang='lat' dir='ltr'><strong>et</strong></span> <span class='ocrx_word' id='word_1_488' title='bbox 928 1765 1167 1831; x_wconf 77' lang='lat' dir='ltr'><strong>meridie,</strong></span> <span class='ocrx_word' id='word_1_489' title='bbox 1194 1777 1241 1841; x_wconf 79' lang='lat' dir='ltr'><strong>et</strong></span> <span class='ocrx_word' id='word_1_490' title='bbox 1279 1769 1574 1822; x_wconf 83' lang='lat' dir='ltr'><strong>recumbent</strong></span> <span class='ocrx_word' id='word_1_491' title='bbox 1609 1769 1664 1822; x_wconf 85' lang='lat' dir='ltr'><strong>in</strong></span> <span class='ocrx_word' id='word_1_492' title='bbox 1704 1785 1864 1840; x_wconf 85' lang='lat' dir='ltr'><strong>regno</strong></span> <span class='ocrx_word' id='word_1_493' title='bbox 1895 1769 2014 1826; x_wconf 78' lang='lat' dir='ltr'><strong>Dei.</strong></span> 
     </span>
    </p>
   </div>
   <div class='ocr_carea' id='block_1_65' title="bbox 632 1919 2141 2000">
    <p class='ocr_par' dir='ltr' id='par_1_65' title="bbox 632 1919 2141 2000">
     <span class='ocr_line' id='line_1_65' title="bbox 632 1919 2141 2000; baseline 0.008 -26"><span class='ocrx_word' id='word_1_494' title='bbox 632 1920 788 1990; x_wconf 84' lang='lat' dir='ltr'><strong>Apud</strong></span> <span class='ocrx_word' id='word_1_495' title='bbox 829 1919 1140 1976; x_wconf 75' lang='lat' dir='ltr'><strong>Mattltzeum</strong></span> <span class='ocrx_word' id='word_1_496' title='bbox 1169 1931 1224 1978; x_wconf 91' lang='lat' dir='ltr'><strong>ct</strong></span> <span class='ocrx_word' id='word_1_497' title='bbox 1267 1925 1527 1994; x_wconf 85' lang='lat' dir='ltr'><strong>parabola</strong></span> <span class='ocrx_word' id='word_1_498' title='bbox 1575 1927 1858 1998; x_wconf 77' lang='lat' dir='ltr'><strong>complexa</strong></span> <span class='ocrx_word' id='word_1_499' title='bbox 1889 1940 2003 1994; x_wconf 90' lang='lat' dir='ltr'><strong>est,</strong></span> <span class='ocrx_word' id='word_1_500' title='bbox 2047 1947 2141 2000; x_wconf 86' lang='lat' dir='ltr'><strong>per</strong></span> 
     </span>
    </p>
   </div>
   <div class='ocr_carea' id='block_1_66' title="bbox 562 2013 2139 2092">
    <p class='ocr_par' dir='ltr' id='par_1_66' title="bbox 562 2013 2139 2092">
     <span class='ocr_line' id='line_1_66' title="bbox 562 2013 2139 2092; baseline 0.007 -27"><span class='ocrx_word' id='word_1_501' title='bbox 562 2025 724 2082; x_wconf 89' lang='lat' dir='ltr'><strong>quam</strong></span> <span class='ocrx_word' id='word_1_502' title='bbox 789 2023 1051 2068; x_wconf 83' lang='lat' dir='ltr'><strong>vocantur</strong></span> <span class='ocrx_word' id='word_1_503' title='bbox 1102 2013 1266 2070; x_wconf 90' lang='lat' dir='ltr'><strong>veluti</strong></span> <span class='ocrx_word' id='word_1_504' title='bbox 1313 2017 1380 2070; x_wconf 91' lang='lat' dir='ltr'><strong>ad</strong></span> <span class='ocrx_word' id='word_1_505' title='bbox 1435 2017 1714 2084; x_wconf 58' lang='lat' dir='ltr'><strong>vineam;</strong></span> <span class='ocrx_word' id='word_1_506' title='bbox 1744 2020 1813 2075; x_wconf 92' lang='lat' dir='ltr'><strong>ad</strong></span> <span class='ocrx_word' id='word_1_507' title='bbox 1869 2032 2139 2092; x_wconf 69' lang='lat' dir='ltr'><strong>praecepta</strong></span> 
     </span>
    </p>
   </div>
   <div class='ocr_carea' id='block_1_67' title="bbox 563 2107 2141 2178">
    <p class='ocr_par' dir='ltr' id='par_1_67' title="bbox 563 2107 2141 2178">
     <span class='ocr_line' id='line_1_67' title="bbox 563 2107 2141 2178; baseline 0.006 -19"><span class='ocrx_word' id='word_1_508' title='bbox 563 2119 776 2175; x_wconf 90' lang='lat' dir='ltr'><strong>nempe,</strong></span> <span class='ocrx_word' id='word_1_509' title='bbox 805 2107 1040 2176; x_wconf 87' lang='lat' dir='ltr'><strong>operarii</strong></span> <span class='ocrx_word' id='word_1_510' title='bbox 1072 2107 1206 2163; x_wconf 89' lang='lat' dir='ltr'><strong>varii</strong></span> <span class='ocrx_word' id='word_1_511' title='bbox 1243 2107 1407 2163; x_wconf 89' lang='lat' dir='ltr'><strong>variis</strong></span> <span class='ocrx_word' id='word_1_512' title='bbox 1440 2109 1728 2178; x_wconf 74' lang='lat' dir='ltr'><strong>mtatibus;</strong></span> <span class='ocrx_word' id='word_1_513' title='bbox 1773 2121 1831 2166; x_wconf 84' lang='lat' dir='ltr'><strong>ut</strong></span> <span class='ocrx_word' id='word_1_514' title='bbox 1868 2115 1921 2167; x_wconf 89' lang='lat' dir='ltr'><strong>in</strong></span> <span class='ocrx_word' id='word_1_515' title='bbox 1967 2123 2141 2168; x_wconf 87' lang='lat' dir='ltr'><strong>matu-</strong></span> 
     </span>
    </p>
   </div>
   <div class='ocr_carea' id='block_1_68' title="bbox 562 2198 2142 2271">
    <p class='ocr_par' dir='ltr' id='par_1_68' title="bbox 562 2198 2142 2271">
     <span class='ocr_line' id='line_1_68' title="bbox 562 2198 2142 2271; baseline 0.005 -19"><span class='ocrx_word' id='word_1_516' title='bbox 562 2198 696 2264; x_wconf 88' lang='lat' dir='ltr'><strong>tino,</strong></span> <span class='ocrx_word' id='word_1_517' title='bbox 728 2207 784 2254; x_wconf 90' lang='lat' dir='ltr'><strong>et</strong></span> <span class='ocrx_word' id='word_1_518' title='bbox 812 2201 958 2254; x_wconf 90' lang='lat' dir='ltr'><strong>circa</strong></span> <span class='ocrx_word' id='word_1_519' title='bbox 993 2200 1235 2266; x_wconf 89' lang='lat' dir='ltr'><strong>tertiam,</strong></span> <span class='ocrx_word' id='word_1_520' title='bbox 1261 2211 1319 2256; x_wconf 87' lang='lat' dir='ltr'><strong>et</strong></span> <span class='ocrx_word' id='word_1_521' title='bbox 1349 2212 1582 2271; x_wconf 80' lang='lat' dir='ltr'><strong>sextam,</strong></span> <span class='ocrx_word' id='word_1_522' title='bbox 1620 2214 1675 2259; x_wconf 90' lang='lat' dir='ltr'><strong>et</strong></span> <span class='ocrx_word' id='word_1_523' title='bbox 1727 2220 1924 2260; x_wconf 90' lang='lat' dir='ltr'><strong>nonam</strong></span> <span class='ocrx_word' id='word_1_524' title='bbox 1953 2216 2008 2262; x_wconf 89' lang='lat' dir='ltr'><strong>et</strong></span> <span class='ocrx_word' id='word_1_525' title='bbox 2051 2223 2142 2260; x_wconf 87' lang='lat' dir='ltr'><strong>un-</strong></span> 
     </span>
    </p>
   </div>
   <div class='ocr_carea' id='block_1_69' title="bbox 560 2292 2139 2364">
    <p class='ocr_par' dir='ltr' id='par_1_69' title="bbox 560 2292 2139 2364">
     <span class='ocr_line' id='line_1_69' title="bbox 560 2292 2139 2364; baseline 0.003 -18"><span class='ocrx_word' id='word_1_526' title='bbox 560 2293 824 2348; x_wconf 87' lang='lat' dir='ltr'><strong>decimam</strong></span> <span class='ocrx_word' id='word_1_527' title='bbox 887 2292 1098 2348; x_wconf 88' lang='lat' dir='ltr'><strong>horam.</strong></span> <span class='ocrx_word' id='word_1_528' title='bbox 1150 2292 1405 2348; x_wconf 89' lang='lat' dir='ltr'><strong>Forsitan</strong></span> <span class='ocrx_word' id='word_1_529' title='bbox 1460 2295 1624 2364; x_wconf 79' lang='lat' dir='ltr'><strong>igitur</strong></span> <span class='ocrx_word' id='word_1_530' title='bbox 1693 2305 1804 2351; x_wconf 89' lang='lat' dir='ltr'><strong>tota</strong></span> <span class='ocrx_word' id='word_1_531' title='bbox 1862 2296 2139 2352; x_wconf 89' lang='lat' dir='ltr'><strong>hominum</strong></span> 
     </span>
    </p>
   </div>
   <div class='ocr_carea' id='block_1_70' title="bbox 543 2383 2138 2462">
    <p class='ocr_par' dir='ltr' id='par_1_70' title="bbox 543 2383 2138 2462">
     <span class='ocr_line' id='line_1_70' title="bbox 543 2383 2138 2462; baseline 0.003 -26"><span class='ocrx_word' id='word_1_532' title='bbox 543 2383 694 2462; x_wconf 49' lang='lat' dir='ltr'><strong>.vita,</strong></span> <span class='ocrx_word' id='word_1_533' title='bbox 737 2391 820 2438; x_wconf 87' lang='lat' dir='ltr'><strong>est</strong></span> <span class='ocrx_word' id='word_1_534' title='bbox 865 2385 1023 2440; x_wconf 87' lang='lat' dir='ltr'><strong>istius</strong></span> <span class='ocrx_word' id='word_1_535' title='bbox 1066 2385 1336 2455; x_wconf 64' lang='lat' dir='ltr'><strong>parabolae</strong></span> <span class='ocrx_word' id='word_1_536' title='bbox 1367 2387 1508 2442; x_wconf 90' lang='lat' dir='ltr'><strong>dies.</strong></span> <span class='ocrx_word' id='word_1_537' title='bbox 1550 2387 1689 2441; x_wconf 91' lang='lat' dir='ltr'><strong>Sunt</strong></span> <span class='ocrx_word' id='word_1_538' title='bbox 1720 2387 1812 2456; x_wconf 92' lang='lat' dir='ltr'><strong>qui</strong></span> <span class='ocrx_word' id='word_1_539' title='bbox 1855 2387 1923 2440; x_wconf 91' lang='lat' dir='ltr'><strong>ab</strong></span> <span class='ocrx_word' id='word_1_540' title='bbox 1952 2389 2138 2441; x_wconf 90' lang='lat' dir='ltr'><strong>adole-</strong></span> 
     </span>
    </p>
   </div>
   <div class='ocr_carea' id='block_1_71' title="bbox 557 2476 2140 2548">
    <p class='ocr_par' dir='ltr' id='par_1_71' title="bbox 557 2476 2140 2548">
     <span class='ocr_line' id='line_1_71' title="bbox 557 2476 2140 2548; baseline 0.003 -19"><span class='ocrx_word' id='word_1_541' title='bbox 557 2476 764 2531; x_wconf 85' lang='lat' dir='ltr'><strong>scentia</strong></span> <span class='ocrx_word' id='word_1_542' title='bbox 794 2485 851 2531; x_wconf 90' lang='lat' dir='ltr'><strong>et</strong></span> <span class='ocrx_word' id='word_1_543' title='bbox 885 2476 956 2531; x_wconf 89' lang='lat' dir='ltr'><strong>ab</strong></span> <span class='ocrx_word' id='word_1_544' title='bbox 989 2478 1209 2532; x_wconf 89' lang='lat' dir='ltr'><strong>ineunte</strong></span> <span class='ocrx_word' id='word_1_545' title='bbox 1254 2486 1416 2532; x_wconf 72' lang='lat' dir='ltr'><strong>mtate</strong></span> <span class='ocrx_word' id='word_1_546' title='bbox 1466 2479 1642 2532; x_wconf 85' lang='lat' dir='ltr'><strong>vocati</strong></span> <span class='ocrx_word' id='word_1_547' title='bbox 1679 2486 1823 2544; x_wconf 88' lang='lat' dir='ltr'><strong>sunt,</strong></span> <span class='ocrx_word' id='word_1_548' title='bbox 1864 2478 1902 2532; x_wconf 90' lang='lat' dir='ltr'><strong>ii</strong></span> <span class='ocrx_word' id='word_1_549' title='bbox 1949 2494 2140 2548; x_wconf 89' lang='lat' dir='ltr'><strong>nempe</strong></span> 
     </span>
    </p>
   </div>
   <div class='ocr_carea' id='block_1_72' title="bbox 557 2569 2136 2636">
    <p class='ocr_par' dir='ltr' id='par_1_72' title="bbox 557 2569 2136 2636">
     <span class='ocr_line' id='line_1_72' title="bbox 557 2569 2136 2636; baseline 0.004 -16"><span class='ocrx_word' id='word_1_550' title='bbox 557 2569 651 2636; x_wconf 90' lang='lat' dir='ltr'><strong>qui</strong></span> <span class='ocrx_word' id='word_1_551' title='bbox 683 2569 1031 2624; x_wconf 83' lang='lat' dir='ltr'><strong>illucescente</strong></span> <span class='ocrx_word' id='word_1_552' title='bbox 1059 2585 1281 2635; x_wconf 90' lang='lat' dir='ltr'><strong>aurora,</strong></span> <span class='ocrx_word' id='word_1_553' title='bbox 1311 2586 1340 2622; x_wconf 92' lang='lat' dir='ltr'><strong>a</strong></span> <span class='ocrx_word' id='word_1_554' title='bbox 1372 2569 1598 2624; x_wconf 92' lang='lat' dir='ltr'><strong>Domino</strong></span> <span class='ocrx_word' id='word_1_555' title='bbox 1623 2571 1872 2625; x_wconf 88' lang='lat' dir='ltr'><strong>mercede</strong></span> <span class='ocrx_word' id='word_1_556' title='bbox 1887 2570 2136 2626; x_wconf 88' lang='lat' dir='ltr'><strong>conducti</strong></span> 
     </span>
    </p>
   </div>
   <div class='ocr_carea' id='block_1_73' title="bbox 557 2661 2139 2732">
    <p class='ocr_par' dir='ltr' id='par_1_73' title="bbox 557 2661 2139 2732">
     <span class='ocr_line' id='line_1_73' title="bbox 557 2661 2139 2732; baseline 0 -15"><span class='ocrx_word' id='word_1_557' title='bbox 557 2672 700 2719; x_wconf 85' lang='lat' dir='ltr'><strong>sunt.</strong></span> <span class='ocrx_word' id='word_1_558' title='bbox 737 2663 783 2716; x_wconf 79' lang='grc' dir='ltr'><strong>Α</strong></span> <span class='ocrx_word' id='word_1_559' title='bbox 819 2662 977 2716; x_wconf 86' lang='lat' dir='ltr'><strong>tertia</strong></span> <span class='ocrx_word' id='word_1_560' title='bbox 1029 2662 1164 2716; x_wconf 85' lang='lat' dir='ltr'><strong>hora</strong></span> <span class='ocrx_word' id='word_1_561' title='bbox 1209 2671 1495 2725; x_wconf 87' lang='lat' dir='ltr'><strong>vocantur,</strong></span> <span class='ocrx_word' id='word_1_562' title='bbox 1537 2661 1629 2730; x_wconf 88' lang='lat' dir='ltr'><strong>qui</strong></span> <span class='ocrx_word' id='word_1_563' title='bbox 1679 2671 1949 2717; x_wconf 82' lang='lat' dir='ltr'><strong>vocantur</strong></span> <span class='ocrx_word' id='word_1_564' title='bbox 1993 2671 2139 2732; x_wconf 86' lang='lat' dir='ltr'><strong>post-</strong></span> 
     </span>
    </p>
   </div>
   <div class='ocr_carea' id='block_1_74' title="bbox 557 2753 2138 2825">
    <p class='ocr_par' dir='ltr' id='par_1_74' title="bbox 557 2753 2138 2825">
     <span class='ocr_line' id='line_1_74' title="bbox 557 2753 2138 2825; baseline 0 -16"><span class='ocrx_word' id='word_1_565' title='bbox 557 2769 724 2825; x_wconf 88' lang='lat' dir='ltr'><strong>quam</strong></span> <span class='ocrx_word' id='word_1_566' title='bbox 754 2753 1132 2808; x_wconf 81' lang='lat' dir='ltr'><strong>adoleverint:</strong></span> <span class='ocrx_word' id='word_1_567' title='bbox 1168 2753 1312 2806; x_wconf 87' lang='lat' dir='ltr'><strong>circa</strong></span> <span class='ocrx_word' id='word_1_568' title='bbox 1360 2767 1557 2806; x_wconf 91' lang='lat' dir='ltr'><strong>nonam</strong></span> <span class='ocrx_word' id='word_1_569' title='bbox 1595 2753 1656 2818; x_wconf 89' lang='lat' dir='ltr'><strong>ii,</strong></span> <span class='ocrx_word' id='word_1_570' title='bbox 1697 2754 1790 2822; x_wconf 92' lang='lat' dir='ltr'><strong>qui</strong></span> <span class='ocrx_word' id='word_1_571' title='bbox 1831 2763 1949 2822; x_wconf 88' lang='lat' dir='ltr'><strong>post</strong></span> <span class='ocrx_word' id='word_1_572' title='bbox 1987 2755 2138 2825; x_wconf 81' lang='lat' dir='ltr'><strong>juve-</strong></span> 
     </span>
    </p>
   </div>
   <div class='ocr_carea' id='block_1_75' title="bbox 559 2844 2136 2916">
    <p class='ocr_par' dir='ltr' id='par_1_75' title="bbox 559 2844 2136 2916">
     <span class='ocr_line' id='line_1_75' title="bbox 559 2844 2136 2916; baseline -0.001 -16"><span class='ocrx_word' id='word_1_573' title='bbox 559 2845 685 2901; x_wconf 88' lang='lat' dir='ltr'><strong>nilis</strong></span> <span class='ocrx_word' id='word_1_574' title='bbox 711 2845 886 2900; x_wconf 67' lang='lat' dir='ltr'><strong>aetatis</strong></span> <span class='ocrx_word' id='word_1_575' title='bbox 917 2854 1106 2899; x_wconf 64' lang='lat' dir='ltr'><strong>uastum</strong></span> <span class='ocrx_word' id='word_1_576' title='bbox 1136 2854 1192 2899; x_wconf 86' lang='lat' dir='ltr'><strong>et</strong></span> <span class='ocrx_word' id='word_1_577' title='bbox 1236 2848 1469 2916; x_wconf 87' lang='lat' dir='ltr'><strong>pondus,</strong></span> <span class='ocrx_word' id='word_1_578' title='bbox 1512 2844 1624 2914; x_wconf 83' lang='lat' dir='ltr'><strong>iam</strong></span> <span class='ocrx_word' id='word_1_579' title='bbox 1671 2857 2019 2903; x_wconf 89' lang='lat' dir='ltr'><strong>senescentes</strong></span> <span class='ocrx_word' id='word_1_580' title='bbox 2070 2849 2136 2900; x_wconf 92' lang='lat' dir='ltr'><strong>ad</strong></span> 
     </span>
    </p>
   </div>
   <div class='ocr_carea' id='block_1_76' title="bbox 561 2933 2138 3006">
    <p class='ocr_par' dir='ltr' id='par_1_76' title="bbox 561 2933 2138 3006">
     <span class='ocr_line' id='line_1_76' title="bbox 561 2933 2138 3006; baseline 0.001 -15"><span class='ocrx_word' id='word_1_581' title='bbox 561 2936 654 2992; x_wconf 87' lang='lat' dir='ltr'><strong>Dei</strong></span> <span class='ocrx_word' id='word_1_582' title='bbox 701 2935 898 2989; x_wconf 89' lang='lat' dir='ltr'><strong>cultum</strong></span> <span class='ocrx_word' id='word_1_583' title='bbox 945 2933 1335 3005; x_wconf 88' lang='lat' dir='ltr'><strong>perducuntur.</strong></span> <span class='ocrx_word' id='word_1_584' title='bbox 1389 2934 1559 2990; x_wconf 86' lang='lat' dir='ltr'><strong>Senes</strong></span> <span class='ocrx_word' id='word_1_585' title='bbox 1609 2936 1700 3006; x_wconf 94' lang='lat' dir='ltr'><strong>qui</strong></span> <span class='ocrx_word' id='word_1_586' title='bbox 1739 2935 1850 3005; x_wconf 89' lang='lat' dir='ltr'><strong>jam</strong></span> <span class='ocrx_word' id='word_1_587' title='bbox 1899 2939 1966 2994; x_wconf 90' lang='lat' dir='ltr'><strong>ad</strong></span> <span class='ocrx_word' id='word_1_588' title='bbox 2015 2939 2138 2992; x_wconf 66' lang='lat' dir='ltr'><strong>vita:</strong></span> 
     </span>
    </p>
   </div>
   <div class='ocr_carea' id='block_1_77' title="bbox 555 3025 2137 3096">
    <p class='ocr_par' dir='ltr' id='par_1_77' title="bbox 555 3025 2137 3096">
     <span class='ocr_line' id='line_1_77' title="bbox 555 3025 2137 3096; baseline 0.001 -16"><span class='ocrx_word' id='word_1_589' title='bbox 555 3027 758 3080; x_wconf 79' lang='lat' dir='ltr'><strong>exitum</strong></span> <span class='ocrx_word' id='word_1_590' title='bbox 794 3026 955 3080; x_wconf 90' lang='lat' dir='ltr'><strong>vicini</strong></span> <span class='ocrx_word' id='word_1_591' title='bbox 1008 3035 1168 3090; x_wconf 85' lang='lat' dir='ltr'><strong>sunt,</strong></span> <span class='ocrx_word' id='word_1_592' title='bbox 1216 3041 1312 3096; x_wconf 88' lang='lat' dir='ltr'><strong>per</strong></span> <span class='ocrx_word' id='word_1_593' title='bbox 1353 3025 1693 3081; x_wconf 88' lang='lat' dir='ltr'><strong>undecimam</strong></span> <span class='ocrx_word' id='word_1_594' title='bbox 1749 3028 1938 3083; x_wconf 87' lang='lat' dir='ltr'><strong>horam</strong></span> <span class='ocrx_word' id='word_1_595' title='bbox 1995 3029 2137 3084; x_wconf 83' lang='lat' dir='ltr'><strong>indi-</strong></span> 
     </span>
    </p>
   </div>
   <div class='ocr_carea' id='block_1_78' title="bbox 550 3578 2128 3654">
    <p class='ocr_par' dir='ltr' id='par_1_78' title="bbox 550 3578 2128 3654">
     <span class='ocr_line' id='line_1_78' title="bbox 550 3578 2128 3654; baseline 0.003 -21"><span class='ocrx_word' id='word_1_596' title='bbox 550 3593 648 3649; x_wconf 88' lang='lat' dir='ltr'><strong>per</strong></span> <span class='ocrx_word' id='word_1_597' title='bbox 695 3578 1088 3647; x_wconf 86' lang='lat' dir='ltr'><strong>seductionem,</strong></span> <span class='ocrx_word' id='word_1_598' title='bbox 1140 3581 1265 3634; x_wconf 86' lang='lat' dir='ltr'><strong>dum</strong></span> <span class='ocrx_word' id='word_1_599' title='bbox 1302 3582 1663 3654; x_wconf 87' lang='lat' dir='ltr'><strong>transgressio</strong></span> <span class='ocrx_word' id='word_1_600' title='bbox 1693 3583 1958 3652; x_wconf 89' lang='lat' dir='ltr'><strong>spiritalis</strong></span> <span class='ocrx_word' id='word_1_601' title='bbox 1993 3597 2128 3652; x_wconf 86' lang='lat' dir='ltr'><strong>prae-</strong></span> 
     </span>
    </p>
   </div>
   <div class='ocr_carea' id='block_1_79' title="bbox 549 3671 2128 3746">
    <p class='ocr_par' dir='ltr' id='par_1_79' title="bbox 549 3671 2128 3746">
     <span class='ocr_line' id='line_1_79' title="bbox 549 3671 2128 3746; baseline 0.003 -21"><span class='ocrx_word' id='word_1_602' title='bbox 549 3672 688 3743; x_wconf 90' lang='lat' dir='ltr'><strong>cepti</strong></span> <span class='ocrx_word' id='word_1_603' title='bbox 731 3671 871 3726; x_wconf 80' lang='lat' dir='ltr'><strong>facta</strong></span> <span class='ocrx_word' id='word_1_604' title='bbox 905 3683 1014 3738; x_wconf 88' lang='lat' dir='ltr'><strong>est;</strong></span> <span class='ocrx_word' id='word_1_605' title='bbox 1065 3672 1260 3726; x_wconf 66' lang='lat' dir='ltr'><strong>divinae</strong></span> <span class='ocrx_word' id='word_1_606' title='bbox 1308 3682 1474 3742; x_wconf 89' lang='lat' dir='ltr'><strong>atque</strong></span> <span class='ocrx_word' id='word_1_607' title='bbox 1513 3674 1734 3730; x_wconf 89' lang='lat' dir='ltr'><strong>omnino</strong></span> <span class='ocrx_word' id='word_1_608' title='bbox 1766 3675 1962 3746; x_wconf 79' lang='lat' dir='ltr'><strong>regalis</strong></span> <span class='ocrx_word' id='word_1_609' title='bbox 1995 3676 2128 3729; x_wconf 85' lang='lat' dir='ltr'><strong>ima-</strong></span> 
     </span>
    </p>
   </div>
   <div class='ocr_carea' id='block_1_80' title="bbox 549 3765 2128 3838">
    <p class='ocr_par' dir='ltr' id='par_1_80' title="bbox 549 3765 2128 3838">
     <span class='ocr_line' id='line_1_80' title="bbox 549 3765 2128 3838; baseline 0.001 -18"><span class='ocrx_word' id='word_1_610' title='bbox 549 3765 708 3834; x_wconf 90' lang='lat' dir='ltr'><strong>ginis.</strong></span> <span class='ocrx_word' id='word_1_611' title='bbox 767 3766 885 3833; x_wconf 83' lang='lat' dir='ltr'><strong>Quo</strong></span> <span class='ocrx_word' id='word_1_612' title='bbox 935 3765 1064 3819; x_wconf 88' lang='lat' dir='ltr'><strong>mibi</strong></span> <span class='ocrx_word' id='word_1_613' title='bbox 1128 3767 1344 3820; x_wconf 88' lang='lat' dir='ltr'><strong>videtur</strong></span> <span class='ocrx_word' id='word_1_614' title='bbox 1400 3767 1778 3823; x_wconf 88' lang='lat' dir='ltr'><strong>characterem</strong></span> <span class='ocrx_word' id='word_1_615' title='bbox 1836 3778 2128 3838; x_wconf 88' lang='lat' dir='ltr'><strong>notamque</strong></span> 
     </span>
    </p>
   </div>
   <div class='ocr_carea' id='block_1_81' title="bbox 552 3857 2127 3930">
    <p class='ocr_par' dir='ltr' id='par_1_81' title="bbox 552 3857 2127 3930">
     <span class='ocr_line' id='line_1_81' title="bbox 552 3857 2127 3930; baseline 0.002 -20"><span class='ocrx_word' id='word_1_616' title='bbox 552 3857 834 3925; x_wconf 83' lang='lat' dir='ltr'><strong>ipsiusmet</strong></span> <span class='ocrx_word' id='word_1_617' title='bbox 865 3859 1013 3928; x_wconf 82' lang='lat' dir='ltr'><strong>regni</strong></span> <span class='ocrx_word' id='word_1_618' title='bbox 1040 3861 1348 3924; x_wconf 88' lang='lat' dir='ltr'><strong>ostendere,</strong></span> <span class='ocrx_word' id='word_1_619' title='bbox 1376 3859 1640 3929; x_wconf 89' lang='lat' dir='ltr'><strong>siquidem</strong></span> <span class='ocrx_word' id='word_1_620' title='bbox 1668 3860 1873 3913; x_wconf 90' lang='lat' dir='ltr'><strong>denarii</strong></span> <span class='ocrx_word' id='word_1_621' title='bbox 1917 3859 2127 3930; x_wconf 80' lang='lat' dir='ltr'><strong>insigne</strong></span> 
     </span>
    </p>
   </div>
   <div class='ocr_carea' id='block_1_82' title="bbox 550 3948 2123 4022">
    <p class='ocr_par' dir='ltr' id='par_1_82' title="bbox 550 3948 2123 4022">
     <span class='ocr_line' id='line_1_82' title="bbox 550 3948 2123 4022; baseline 0.002 -20"><span class='ocrx_word' id='word_1_622' title='bbox 550 3948 871 4017; x_wconf 85' lang='lat' dir='ltr'><strong>iusculptam</strong></span> <span class='ocrx_word' id='word_1_623' title='bbox 929 3950 1072 4018; x_wconf 84' lang='lat' dir='ltr'><strong>regis</strong></span> <span class='ocrx_word' id='word_1_624' title='bbox 1141 3949 1432 4018; x_wconf 79' lang='lat' dir='ltr'><strong>imaginem</strong></span> <span class='ocrx_word' id='word_1_625' title='bbox 1501 3950 1793 4022; x_wconf 80' lang='lat' dir='ltr'><strong>signiﬁcat.</strong></span> <span class='ocrx_word' id='word_1_626' title='bbox 1859 3951 2123 4019; x_wconf 88' lang='lat' dir='ltr'><strong>Quoniam</strong></span> 
     </span>
    </p>
   </div>
   <div class='ocr_carea' id='block_1_83' title="bbox 551 4039 2167 4143">
    <p class='ocr_par' dir='ltr' id='par_1_83' title="bbox 551 4039 2126 4114">
     <span class='ocr_line' id='line_1_83' title="bbox 551 4039 2126 4114; baseline 0.007 -22"><span class='ocrx_word' id='word_1_627' title='bbox 551 4039 714 4108; x_wconf 87' lang='lat' dir='ltr'><strong>igitur</strong></span> <span class='ocrx_word' id='word_1_628' title='bbox 739 4048 1004 4108; x_wconf 86' lang='lat' dir='ltr'><strong>quotquot</strong></span> <span class='ocrx_word' id='word_1_629' title='bbox 1033 4040 1083 4094; x_wconf 90' lang='lat' dir='ltr'><strong>in</strong></span> <span class='ocrx_word' id='word_1_630' title='bbox 1117 4040 1330 4095; x_wconf 88' lang='lat' dir='ltr'><strong>vineam</strong></span> <span class='ocrx_word' id='word_1_631' title='bbox 1357 4051 1411 4096; x_wconf 91' lang='lat' dir='ltr'><strong>et</strong></span> <span class='ocrx_word' id='word_1_632' title='bbox 1443 4043 1717 4098; x_wconf 89' lang='lat' dir='ltr'><strong>civitatem</strong></span> <span class='ocrx_word' id='word_1_633' title='bbox 1751 4043 1918 4098; x_wconf 89' lang='lat' dir='ltr'><strong>divini</strong></span> <span class='ocrx_word' id='word_1_634' title='bbox 1949 4045 2126 4114; x_wconf 87' lang='lat' dir='ltr'><strong>cultus</strong></span> 
     </span>
    </p>
   </div>
   <div class='ocr_carea' id='block_1_84' title="bbox 2241 4039 3780 4143">
    <p class='ocr_par' dir='ltr' id='par_1_84' title="bbox 2241 4039 3780 4143">
     <span class='ocr_line' id='line_1_84' title="bbox 2241 4039 3780 4143; baseline 0.01 -36"><span class='ocrx_word' id='word_1_635' title='bbox 2241 4055 2394 4126; x_wconf 81' lang='grc' dir='ltr'>ιύτῆς</span> <span class='ocrx_word' id='word_1_636' title='bbox 2455 4059 2718 4130; x_wconf 79' lang='grc' dir='ltr'>ἐργασίας</span> <span class='ocrx_word' id='word_1_637' title='bbox 2764 4039 3091 4134; x_wconf 74' lang='grc' dir='ltr'>ἀψαμένους,</span> <span class='ocrx_word' id='word_1_638' title='bbox 3151 4066 3252 4137; x_wconf 83' lang='grc' dir='ltr'><strong>τῆς</strong></span> <span class='ocrx_word' id='word_1_639' title='bbox 3313 4039 3486 4142; x_wconf 73' lang='grc' dir='ltr'>αὐτῆς</span> <span class='ocrx_word' id='word_1_640' title='bbox 3531 4039 3780 4143; x_wconf 78' lang='grc' dir='ltr'>βασιλείας</span> 
     </span>
    </p>
   </div>
   <div class='ocr_carea' id='block_1_85' title="bbox 549 4128 2167 4228">
    <p class='ocr_par' dir='ltr' id='par_1_85' title="bbox 549 4128 2122 4203">
     <span class='ocr_line' id='line_1_85' title="bbox 549 4128 2122 4203; baseline 0.005 -21"><span class='ocrx_word' id='word_1_641' title='bbox 549 4128 775 4196; x_wconf 81' lang='lat' dir='ltr'><strong>ingressi</strong></span> <span class='ocrx_word' id='word_1_642' title='bbox 814 4128 1053 4194; x_wconf 78' lang='lat' dir='ltr'><strong>fuerant,</strong></span> <span class='ocrx_word' id='word_1_643' title='bbox 1093 4145 1365 4200; x_wconf 89' lang='lat' dir='ltr'><strong>unamque</strong></span> <span class='ocrx_word' id='word_1_644' title='bbox 1393 4141 1448 4184; x_wconf 90' lang='lat' dir='ltr'><strong>et</strong></span> <span class='ocrx_word' id='word_1_645' title='bbox 1477 4133 1722 4187; x_wconf 89' lang='lat' dir='ltr'><strong>eamdem</strong></span> <span class='ocrx_word' id='word_1_646' title='bbox 1751 4136 2122 4203; x_wconf 79' lang='lat' dir='ltr'><strong>operationem</strong></span> 
     </span>
    </p>
   </div>
   <div class='ocr_carea' id='block_1_86' title="bbox 2241 4128 3776 4228">
    <p class='ocr_par' dir='ltr' id='par_1_86' title="bbox 2241 4143 3776 4228">
     <span class='ocr_line' id='line_1_86' title="bbox 2241 4143 3776 4228; baseline 0.008 -31"><span class='ocrx_word' id='word_1_647' title='bbox 2241 4148 2514 4218; x_wconf 67' lang='grc' dir='ltr'>ιετασχεῖν</span> <span class='ocrx_word' id='word_1_648' title='bbox 2544 4143 2611 4219; x_wconf 81' lang='grc' dir='ltr'>ἦν</span> <span class='ocrx_word' id='word_1_649' title='bbox 2637 4149 2845 4204; x_wconf 89' lang='grc' dir='ltr'>δίκαιον</span> <span class='ocrx_word' id='word_1_650' title='bbox 2866 4153 3081 4208; x_wconf 80' lang='grc' dir='ltr'>’τούτου</span> <span class='ocrx_word' id='word_1_651' title='bbox 3111 4155 3268 4228; x_wconf 85' lang='grc' dir='ltr'>χάριν</span> <span class='ocrx_word' id='word_1_652' title='bbox 3283 4158 3509 4223; x_wconf 81' lang='grc' dir='ltr'>εἰκότως</span> <span class='ocrx_word' id='word_1_653' title='bbox 3523 4163 3628 4225; x_wconf 85' lang='grc' dir='ltr'>τοῖς</span> <span class='ocrx_word' id='word_1_654' title='bbox 3657 4160 3776 4212; x_wconf 80' lang='grc' dir='ltr'>πᾶσι</span> 
     </span>
    </p>
   </div>
   <div class='ocr_carea' id='block_1_87' title="bbox 546 4223 2167 4319">
    <p class='ocr_par' dir='ltr' id='par_1_87' title="bbox 546 4223 2121 4298">
     <span class='ocr_line' id='line_1_87' title="bbox 546 4223 2121 4298; baseline 0.005 -22"><span class='ocrx_word' id='word_1_655' title='bbox 546 4223 857 4293; x_wconf 83' lang='lat' dir='ltr'><strong>attigerant,</strong></span> <span class='ocrx_word' id='word_1_656' title='bbox 886 4224 1126 4294; x_wconf 85' lang='lat' dir='ltr'><strong>ejusdem</strong></span> <span class='ocrx_word' id='word_1_657' title='bbox 1165 4225 1318 4294; x_wconf 87' lang='lat' dir='ltr'><strong>regni</strong></span> <span class='ocrx_word' id='word_1_658' title='bbox 1351 4234 1631 4294; x_wconf 89' lang='lat' dir='ltr'><strong>compotes</strong></span> <span class='ocrx_word' id='word_1_659' title='bbox 1672 4227 1866 4282; x_wconf 86' lang='lat' dir='ltr'><strong>lierent</strong></span> <span class='ocrx_word' id='word_1_660' title='bbox 1907 4244 2121 4298; x_wconf 69' lang='lat' dir='ltr'><strong>aequum</strong></span> 
     </span>
    </p>
   </div>
   <div class='ocr_carea' id='block_1_88' title="bbox 2241 4223 3774 4319">
    <p class='ocr_par' dir='ltr' id='par_1_88' title="bbox 2241 4223 3774 4319">
     <span class='ocr_line' id='line_1_88' title="bbox 2241 4223 3774 4319; baseline 0.01 -32"><span class='ocrx_word' id='word_1_661' title='bbox 2241 4236 2322 4307; x_wconf 77' lang='grc' dir='ltr'><strong>τῆς</strong></span> <span class='ocrx_word' id='word_1_662' title='bbox 2338 4237 2622 4302; x_wconf 86' lang='grc' dir='ltr'>Βασιλείας</span> <span class='ocrx_word' id='word_1_663' title='bbox 2637 4239 2697 4293; x_wconf 82' lang='grc' dir='ltr'><strong>τὸ</strong></span> <span class='ocrx_word' id='word_1_664' title='bbox 2720 4240 2985 4312; x_wconf 90' lang='grc' dir='ltr'>σύμϐολον</span> <span class='ocrx_word' id='word_1_665' title='bbox 3004 4243 3065 4297; x_wconf 82' lang='grc' dir='ltr'>τὸ</span> <span class='ocrx_word' id='word_1_666' title='bbox 3093 4223 3346 4319; x_wconf 78' lang='grc' dir='ltr'>δηνάριον</span> <span class='ocrx_word' id='word_1_667' title='bbox 3369 4223 3696 4305; x_wconf 84' lang='grc' dir='ltr'>ἀποδίδοται·</span> <span class='ocrx_word' id='word_1_668' title='bbox 3711 4243 3774 4302; x_wconf 82' lang='grc' dir='ltr'>ὧν</span> 
     </span>
    </p>
   </div>
   <div class='ocr_carea' id='block_1_89' title="bbox 545 4315 2167 4414">
    <p class='ocr_par' dir='ltr' id='par_1_89' title="bbox 545 4315 2122 4390">
     <span class='ocr_line' id='line_1_89' title="bbox 545 4315 2122 4390; baseline 0.004 -23"><span class='ocrx_word' id='word_1_669' title='bbox 545 4323 664 4369; x_wconf 83' lang='lat' dir='ltr'><strong>erat</strong></span> <span class='ocrx_word' id='word_1_670' title='bbox 709 4331 722 4368; x_wconf 91' lang='lat'><strong>:</strong></span> <span class='ocrx_word' id='word_1_671' title='bbox 769 4315 971 4370; x_wconf 90' lang='lat' dir='ltr'><strong>idcirco</strong></span> <span class='ocrx_word' id='word_1_672' title='bbox 1025 4316 1222 4370; x_wconf 89' lang='lat' dir='ltr'><strong>merito</strong></span> <span class='ocrx_word' id='word_1_673' title='bbox 1271 4316 1525 4371; x_wconf 85' lang='lat' dir='ltr'><strong>omnibus</strong></span> <span class='ocrx_word' id='word_1_674' title='bbox 1577 4317 1896 4386; x_wconf 89' lang='lat' dir='ltr'><strong>denarium,</strong></span> <span class='ocrx_word' id='word_1_675' title='bbox 1972 4319 2122 4390; x_wconf 87' lang='lat' dir='ltr'><strong>regni</strong></span> 
     </span>
    </p>
   </div>
   <div class='ocr_carea' id='block_1_90' title="bbox 2241 4315 3773 4414">
    <p class='ocr_par' dir='ltr' id='par_1_90' title="bbox 2241 4315 3773 4414">
     <span class='ocr_line' id='line_1_90' title="bbox 2241 4315 3773 4414; baseline 0.008 -35"><span class='ocrx_word' id='word_1_676' title='bbox 2241 4328 2272 4379; x_wconf 81' lang='grc' dir='ltr'><strong>ιί</strong></span> <span class='ocrx_word' id='word_1_677' title='bbox 2298 4329 2393 4397; x_wconf 80' lang='grc' dir='ltr'><strong>μὲν</strong></span> <span class='ocrx_word' id='word_1_678' title='bbox 2417 4330 2475 4381; x_wconf 89' lang='grc' dir='ltr'><strong>ἐν</strong></span> <span class='ocrx_word' id='word_1_679' title='bbox 2510 4329 2722 4400; x_wconf 80' lang='grc' dir='ltr'>νεότητι</span> <span class='ocrx_word' id='word_1_680' title='bbox 2747 4333 3069 4406; x_wconf 81' lang='grc' dir='ltr'>ἐκλήθησαν,</span> <span class='ocrx_word' id='word_1_681' title='bbox 3099 4315 3154 4389; x_wconf 66' lang='grc' dir='ltr'><strong>οἱ⁷</strong></span> <span class='ocrx_word' id='word_1_682' title='bbox 3172 4315 3403 4410; x_wconf 72' lang='grc' dir='ltr'>δέἀμφὶ</span> <span class='ocrx_word' id='word_1_683' title='bbox 3427 4341 3522 4414; x_wconf 85' lang='grc' dir='ltr'><strong>τὴν</strong></span> <span class='ocrx_word' id='word_1_684' title='bbox 3553 4340 3640 4394; x_wconf 91' lang='grc' dir='ltr'><strong>τοῦ</strong></span> <span class='ocrx_word' id='word_1_685' title='bbox 3666 4357 3773 4393; x_wconf 88' lang='grc' dir='ltr'>νεα-</span> 
     </span>
    </p>
   </div>
   <div class='ocr_carea' id='block_1_91' title="bbox 548 4406 2167 4505">
    <p class='ocr_par' dir='ltr' id='par_1_91' title="bbox 548 4406 2167 4505">
     <span class='ocr_line' id='line_1_91' title="bbox 548 4406 2167 4505; baseline 0.004 -46"><span class='ocrx_word' id='word_1_686' title='bbox 548 4420 743 4474; x_wconf 82' lang='lat' dir='ltr'><strong>nempe</strong></span> <span class='ocrx_word' id='word_1_687' title='bbox 789 4406 1090 4477; x_wconf 86' lang='lat' dir='ltr'><strong>symbolum</strong></span> <span class='ocrx_word' id='word_1_688' title='bbox 1130 4408 1406 4505; x_wconf 83' lang='lat' dir='ltr'><strong>redditur;</strong></span> <span class='ocrx_word' id='word_1_689' title='bbox 1442 4423 1508 4464; x_wconf 78' lang='lat' dir='ltr'><strong>ex</strong></span> <span class='ocrx_word' id='word_1_690' title='bbox 1559 4411 1753 4505; x_wconf 87' lang='lat' dir='ltr'><strong>quibus</strong></span> <span class='ocrx_word' id='word_1_691' title='bbox 1795 4411 1886 4466; x_wconf 92' lang='lat' dir='ltr'><strong>alii</strong></span> <span class='ocrx_word' id='word_1_692' title='bbox 1938 4411 1992 4467; x_wconf 91' lang='lat' dir='ltr'><strong>in</strong></span> <span class='ocrx_word' id='word_1_693' title='bbox 2027 4412 2121 4482; x_wconf 88' lang='lat' dir='ltr'><strong>ju-</strong></span> <span class='ocrx_word' id='word_1_694' title='bbox 2154 4477 2167 4505; x_wconf 62' lang='grc' dir='ltr'><strong>Ι</strong></span> 
     </span>
    </p>
   </div>
   <div class='ocr_carea' id='block_1_92' title="bbox 2241 4406 3774 4505">
    <p class='ocr_par' dir='ltr' id='par_1_92' title="bbox 2241 4406 3774 4505">
     <span class='ocr_line' id='line_1_92' title="bbox 2241 4406 3774 4505; baseline 0.009 -34"><span class='ocrx_word' id='word_1_695' title='bbox 2241 4420 2335 4472; x_wconf 69' lang='grc' dir='ltr'>ρίου</span> <span class='ocrx_word' id='word_1_696' title='bbox 2388 4422 2620 4492; x_wconf 79' lang='grc' dir='ltr'>ἡλικίαν,</span> <span class='ocrx_word' id='word_1_697' title='bbox 2651 4426 2698 4477; x_wconf 81' lang='grc' dir='ltr'>οἱ</span> <span class='ocrx_word' id='word_1_698' title='bbox 2727 4425 2783 4478; x_wconf 84' lang='grc' dir='ltr'>δὲ</span> <span class='ocrx_word' id='word_1_699' title='bbox 2811 4443 2877 4478; x_wconf 84' lang='grc' dir='ltr'><strong>πε</strong></span> <span class='ocrx_word' id='word_1_700' title='bbox 2885 4427 2937 4498; x_wconf 74' lang='grc' dir='ltr'><strong>ρὶ</strong></span> <span class='ocrx_word' id='word_1_701' title='bbox 2952 4427 3041 4480; x_wconf 82' lang='grc' dir='ltr'><strong>τὸν</strong></span> <span class='ocrx_word' id='word_1_702' title='bbox 3061 4429 3222 4499; x_wconf 81' lang='grc' dir='ltr'>μέσον</span> <span class='ocrx_word' id='word_1_703' title='bbox 3237 4406 3333 4484; x_wconf 87' lang='grc' dir='ltr'><strong>τοῦ</strong></span> <span class='ocrx_word' id='word_1_704' title='bbox 3351 4406 3630 4505; x_wconf 77' lang='grc' dir='ltr'>ἀνθρώπου</span> <span class='ocrx_word' id='word_1_705' title='bbox 3647 4430 3774 4502; x_wconf 79' lang='grc' dir='ltr'>ζωῆς</span> 
     </span>
    </p>
   </div>
   <div class='ocr_carea' id='block_1_93' title="bbox 548 4477 2167 4594">
    <p class='ocr_par' dir='ltr' id='par_1_93' title="bbox 548 4477 2167 4578">
     <span class='ocr_line' id='line_1_93' title="bbox 548 4477 2167 4578; baseline 0.006 -27"><span class='ocrx_word' id='word_1_706' title='bbox 548 4507 768 4553; x_wconf 89' lang='lat' dir='ltr'><strong>ventute</strong></span> <span class='ocrx_word' id='word_1_707' title='bbox 798 4499 974 4554; x_wconf 90' lang='lat' dir='ltr'><strong>vocati</strong></span> <span class='ocrx_word' id='word_1_708' title='bbox 1005 4509 1161 4568; x_wconf 89' lang='lat' dir='ltr'><strong>sunt,</strong></span> <span class='ocrx_word' id='word_1_709' title='bbox 1203 4499 1293 4554; x_wconf 86' lang='lat' dir='ltr'><strong>alii</strong></span> <span class='ocrx_word' id='word_1_710' title='bbox 1332 4502 1479 4558; x_wconf 90' lang='lat' dir='ltr'><strong>circa</strong></span> <span class='ocrx_word' id='word_1_711' title='bbox 1525 4504 1975 4572; x_wconf 87' lang='lat' dir='ltr'><strong>adolescentiam,</strong></span> <span class='ocrx_word' id='word_1_712' title='bbox 2005 4507 2119 4578; x_wconf 89' lang='lat' dir='ltr'><strong>qui-</strong></span> <span class='ocrx_word' id='word_1_713' title='bbox 2154 4477 2167 4531; x_wconf 81' lang='grc'>¹</span> 
     </span>
    </p>
   </div>
   <div class='ocr_carea' id='block_1_94' title="bbox 2241 4477 3774 4594">
    <p class='ocr_par' dir='ltr' id='par_1_94' title="bbox 2241 4477 3774 4594">
     <span class='ocr_line' id='line_1_94' title="bbox 2241 4477 3774 4594; baseline 0.007 -33"><span class='ocrx_word' id='word_1_714' title='bbox 2241 4477 2433 4582; x_wconf 42' lang='grc' dir='ltr'>(ρόνονι,</span> <span class='ocrx_word' id='word_1_715' title='bbox 2460 4513 2510 4564; x_wconf 87' lang='grc' dir='ltr'>οἱ</span> <span class='ocrx_word' id='word_1_716' title='bbox 2550 4477 2619 4566; x_wconf 37' lang='grc' dir='ltr'><strong>δὲ,</strong></span> <span class='ocrx_word' id='word_1_717' title='bbox 2644 4514 2735 4568; x_wconf 84' lang='grc' dir='ltr'><strong>τὸν</strong></span> <span class='ocrx_word' id='word_1_718' title='bbox 2775 4477 2940 4588; x_wconf 74' lang='grc' dir='ltr'>ἄνδρα</span> 
     </span>
    </p>
   </div>
   <div class='ocr_carea' id='block_1_95' title="bbox 547 4590 2167 4686">
    <p class='ocr_par' dir='ltr' id='par_1_95' title="bbox 547 4590 2116 4670">
     <span class='ocr_line' id='line_1_95' title="bbox 547 4590 2116 4670; baseline 0.006 -27"><span class='ocrx_word' id='word_1_719' title='bbox 547 4590 671 4644; x_wconf 91' lang='lat' dir='ltr'><strong>dam</strong></span> <span class='ocrx_word' id='word_1_720' title='bbox 705 4592 850 4647; x_wconf 88' lang='lat' dir='ltr'><strong>circa</strong></span> <span class='ocrx_word' id='word_1_721' title='bbox 892 4593 1126 4648; x_wconf 88' lang='lat' dir='ltr'><strong>medium</strong></span> <span class='ocrx_word' id='word_1_722' title='bbox 1169 4593 1421 4650; x_wconf 64' lang='lat' dir='ltr'><strong>humanae</strong></span> <span class='ocrx_word' id='word_1_723' title='bbox 1447 4595 1570 4650; x_wconf 68' lang='lat' dir='ltr'><strong>vitae</strong></span> <span class='ocrx_word' id='word_1_724' title='bbox 1617 4605 1846 4670; x_wconf 82' lang='lat' dir='ltr'><strong>tempus,</strong></span> <span class='ocrx_word' id='word_1_725' title='bbox 1877 4600 2116 4654; x_wconf 87' lang='lat' dir='ltr'><strong>nonnulli</strong></span> 
     </span>
    </p>
   </div>
   <div class='ocr_carea' id='block_1_96' title="bbox 2241 4590 3773 4686">
    <p class='ocr_par' dir='ltr' id='par_1_96' title="bbox 2241 4590 3773 4686">
     <span class='ocr_line' id='line_1_96' title="bbox 2241 4590 3773 4686; baseline 0.004 -30"><span class='ocrx_word' id='word_1_726' title='bbox 2241 4603 2354 4656; x_wconf 84' lang='grc' dir='ltr'>ιότα</span> <span class='ocrx_word' id='word_1_727' title='bbox 2389 4603 2768 4677; x_wconf 77' lang='grc' dir='ltr'>ἀνειληφότεςο</span> <span class='ocrx_word' id='word_1_728' title='bbox 2809 4609 2858 4660; x_wconf 86' lang='grc' dir='ltr'>οἱ</span> <span class='ocrx_word' id='word_1_729' title='bbox 2886 4607 2942 4661; x_wconf 88' lang='grc' dir='ltr'>δὲ</span> <span class='ocrx_word' id='word_1_730' title='bbox 2987 4611 3126 4666; x_wconf 83' lang='grc' dir='ltr'><strong>κατά</strong></span> <span class='ocrx_word' id='word_1_731' title='bbox 3160 4590 3250 4666; x_wconf 78' lang='grc' dir='ltr'><strong>τὸν</strong></span> <span class='ocrx_word' id='word_1_732' title='bbox 3289 4590 3773 4686; x_wconf 41' lang='grc' dir='ltr'>πρεσϐύτην-αὐτὸν</span> 
     </span>
    </p>
   </div>
   <div class='ocr_carea' id='block_1_97' title="bbox 544 4685 2167 4778">
    <p class='ocr_par' dir='ltr' id='par_1_97' title="bbox 544 4685 2118 4763">
     <span class='ocr_line' id='line_1_97' title="bbox 544 4685 2118 4763; baseline 0.005 -25"><span class='ocrx_word' id='word_1_733' title='bbox 544 4699 675 4739; x_wconf 84' lang='lat' dir='ltr'><strong>vero</strong></span> <span class='ocrx_word' id='word_1_734' title='bbox 702 4685 874 4744; x_wconf 86' lang='lat' dir='ltr'><strong>etiam</strong></span> <span class='ocrx_word' id='word_1_735' title='bbox 900 4695 1181 4756; x_wconf 82' lang='lat' dir='ltr'><strong>postquam</strong></span> <span class='ocrx_word' id='word_1_736' title='bbox 1198 4689 1266 4744; x_wconf 91' lang='lat' dir='ltr'><strong>ad</strong></span> <span class='ocrx_word' id='word_1_737' title='bbox 1296 4689 1471 4744; x_wconf 83' lang='lat' dir='ltr'><strong>virum</strong></span> <span class='ocrx_word' id='word_1_738' title='bbox 1495 4687 1790 4759; x_wconf 74' lang='lat' dir='ltr'><strong>pet-fectum</strong></span> <span class='ocrx_word' id='word_1_739' title='bbox 1821 4689 1933 4763; x_wconf 85' lang='lat' dir='ltr'><strong>jam</strong></span> <span class='ocrx_word' id='word_1_740' title='bbox 1957 4700 2118 4762; x_wconf 88' lang='lat' dir='ltr'><strong>atque</strong></span> 
     </span>
    </p>
   </div>
   <div class='ocr_carea' id='block_1_98' title="bbox 2241 4685 3729 4778">
    <p class='ocr_par' dir='ltr' id='par_1_98' title="bbox 2241 4685 3729 4778">
     <span class='ocr_line' id='line_1_98' title="bbox 2241 4685 3729 4778; baseline 0.006 -28"><span class='ocrx_word' id='word_1_741' title='bbox 2241 4695 2478 4768; x_wconf 63' lang='grc' dir='ltr'>τηραλέοι</span> <span class='ocrx_word' id='word_1_742' title='bbox 2506 4698 2710 4764; x_wconf 83' lang='grc' dir='ltr'>λοιπὸν,</span> <span class='ocrx_word' id='word_1_743' title='bbox 2740 4701 2835 4754; x_wconf 76' lang='grc' dir='ltr'>καὶ</span> <span class='ocrx_word' id='word_1_744' title='bbox 2858 4703 2986 4776; x_wconf 71' lang='grc' dir='ltr'>περὶ</span> <span class='ocrx_word' id='word_1_745' title='bbox 3011 4702 3222 4776; x_wconf 87' lang='grc' dir='ltr'>δυσμὰς</span> <span class='ocrx_word' id='word_1_746' title='bbox 3250 4685 3464 4777; x_wconf 80' lang='grc' dir='ltr'>ἔχοντες</span> <span class='ocrx_word' id='word_1_747' title='bbox 3485 4685 3572 4762; x_wconf 91' lang='grc' dir='ltr'><strong>τοῦ</strong></span> <span class='ocrx_word' id='word_1_748' title='bbox 3603 4707 3729 4778; x_wconf 87' lang='grc' dir='ltr'>βίου.</span> 
     </span>
    </p>
   </div>
   <div class='ocr_carea' id='block_1_99' title="bbox 548 4781 3768 4872">
    <p class='ocr_par' dir='ltr' id='par_1_99' title="bbox 548 4781 3768 4872">
     <span class='ocr_line' id='line_1_99' title="bbox 548 4781 3768 4872; baseline 0.006 -42"><span class='ocrx_word' id='word_1_749' title='bbox 548 4786 1000 4832; x_wconf 89' lang='lat' dir='ltr'><strong>maturescentem</strong></span> <span class='ocrx_word' id='word_1_750' title='bbox 1053 4788 1408 4846; x_wconf 84' lang='lat' dir='ltr'><strong>pervenerant</strong></span> <span class='ocrx_word' id='word_1_751' title='bbox 1461 4796 1476 4834; x_wconf 88' lang='lat'><strong>:</strong></span> <span class='ocrx_word' id='word_1_752' title='bbox 1534 4788 1810 4850; x_wconf 88' lang='lat' dir='ltr'><strong>postremo</strong></span> <span class='ocrx_word' id='word_1_753' title='bbox 1875 4781 2092 4851; x_wconf 89' lang='lat' dir='ltr'><strong>quidam</strong></span> <span class='ocrx_word' id='word_1_754' title='bbox 2139 4784 2280 4842; x_wconf 80' lang='lat' dir='ltr'><strong>circa</strong></span> <span class='ocrx_word' id='word_1_755' title='bbox 2324 4788 2551 4843; x_wconf 77' lang='lat' dir='ltr'><strong>senilem</strong></span> <span class='ocrx_word' id='word_1_756' title='bbox 2631 4801 2882 4860; x_wconf 71' lang='lat' dir='ltr'><strong>aetatem,</strong></span> <span class='ocrx_word' id='word_1_757' title='bbox 2943 4794 3168 4865; x_wconf 66' lang='lat' dir='ltr'><strong>longaevi</strong></span> <span class='ocrx_word' id='word_1_758' title='bbox 3214 4801 3560 4872; x_wconf 79' lang='lat' dir='ltr'><strong>caeteroquin,</strong></span> <span class='ocrx_word' id='word_1_759' title='bbox 3601 4810 3653 4854; x_wconf 88' lang='lat' dir='ltr'><strong>et</strong></span> <span class='ocrx_word' id='word_1_760' title='bbox 3709 4797 3768 4850; x_wconf 85' lang='lat' dir='ltr'><strong>ad</strong></span> 
     </span>
    </p>
   </div>
   <div class='ocr_carea' id='block_1_100' title="bbox 543 4868 1493 4940">
    <p class='ocr_par' dir='ltr' id='par_1_100' title="bbox 543 4868 1493 4940">
     <span class='ocr_line' id='line_1_100' title="bbox 543 4868 1493 4940; baseline 0.005 -18"><span class='ocrx_word' id='word_1_761' title='bbox 543 4884 795 4924; x_wconf 88' lang='lat' dir='ltr'><strong>occasum</strong></span> <span class='ocrx_word' id='word_1_762' title='bbox 825 4868 938 4938; x_wconf 86' lang='lat' dir='ltr'><strong>jam</strong></span> <span class='ocrx_word' id='word_1_763' title='bbox 969 4871 1090 4922; x_wconf 68' lang='lat' dir='ltr'><strong>vitae</strong></span> <span class='ocrx_word' id='word_1_764' title='bbox 1123 4881 1493 4940; x_wconf 88' lang='lat' dir='ltr'><strong>properantes.</strong></span> 
     </span>
    </p>
   </div>
   <div class='ocr_carea' id='block_1_101' title="bbox 617 4959 2167 5056">
    <p class='ocr_par' dir='ltr' id='par_1_101' title="bbox 617 4959 2107 5036">
     <span class='ocr_line' id='line_1_101' title="bbox 617 4959 2107 5036; baseline 0.006 -22"><span class='ocrx_word' id='word_1_765' title='bbox 617 4959 799 5014; x_wconf 88' lang='lat' dir='ltr'><strong>Possit</strong></span> <span class='ocrx_word' id='word_1_766' title='bbox 841 4972 898 5015; x_wconf 89' lang='lat' dir='ltr'><strong>et</strong></span> <span class='ocrx_word' id='word_1_767' title='bbox 927 4960 1086 5015; x_wconf 88' lang='lat' dir='ltr'><strong>aliter</strong></span> <span class='ocrx_word' id='word_1_768' title='bbox 1119 4962 1240 5031; x_wconf 88' lang='lat' dir='ltr'><strong>quis</strong></span> <span class='ocrx_word' id='word_1_769' title='bbox 1278 4962 1683 5032; x_wconf 88' lang='lat' dir='ltr'><strong>interpretando</strong></span> <span class='ocrx_word' id='word_1_770' title='bbox 1725 4966 1934 5030; x_wconf 88' lang='lat' dir='ltr'><strong>dicere,</strong></span> <span class='ocrx_word' id='word_1_771' title='bbox 1963 4968 2107 5036; x_wconf 86' lang='lat' dir='ltr'><strong>quod</strong></span> 
     </span>
    </p>
   </div>
   <div class='ocr_carea' id='block_1_102' title="bbox 2241 4959 3768 5056">
    <p class='ocr_par' dir='ltr' id='par_1_102' title="bbox 2293 4973 3768 5056">
     <span class='ocr_line' id='line_1_102' title="bbox 2293 4973 3768 5056; baseline 0.007 -30"><span class='ocrx_word' id='word_1_772' title='bbox 2293 4973 2449 5028; x_wconf 79' lang='grc' dir='ltr'>Εἴποι</span> <span class='ocrx_word' id='word_1_773' title='bbox 2482 4975 2527 5029; x_wconf 79' lang='grc' dir='ltr'>δ’</span> <span class='ocrx_word' id='word_1_774' title='bbox 2560 4976 2626 5032; x_wconf 83' lang='grc' dir='ltr'>ἄν</span> <span class='ocrx_word' id='word_1_775' title='bbox 2658 4995 2741 5044; x_wconf 90' lang='grc' dir='ltr'><strong>τις</strong></span> <span class='ocrx_word' id='word_1_776' title='bbox 2772 4981 2865 5036; x_wconf 74' lang='grc' dir='ltr'><strong>καὶ</strong></span> <span class='ocrx_word' id='word_1_777' title='bbox 2896 4982 3101 5056; x_wconf 79' lang='grc' dir='ltr'>ἑτέρως</span> <span class='ocrx_word' id='word_1_778' title='bbox 3129 4985 3484 5056; x_wconf 80' lang='grc' dir='ltr'>ἐξηγούμενος</span> <span class='ocrx_word' id='word_1_779' title='bbox 3517 4980 3768 5054; x_wconf 82' lang='grc' dir='ltr'>ἐφαρμότ-</span> 
     </span>
    </p>
   </div>
   <div class='ocr_carea' id='block_1_103' title="bbox 545 5053 2167 5149">
    <p class='ocr_par' dir='ltr' id='par_1_103' title="bbox 545 5053 2114 5131">
     <span class='ocr_line' id='line_1_103' title="bbox 545 5053 2114 5131; baseline 0.008 -30"><span class='ocrx_word' id='word_1_780' title='bbox 545 5066 666 5120; x_wconf 81' lang='lat' dir='ltr'><strong>qme</strong></span> <span class='ocrx_word' id='word_1_781' title='bbox 713 5070 743 5106; x_wconf 76' lang='grc' dir='ltr'>ει</span> <span class='ocrx_word' id='word_1_782' title='bbox 787 5053 1044 5122; x_wconf 73' lang='lat' dir='ltr'><strong>parabole</strong></span> <span class='ocrx_word' id='word_1_783' title='bbox 1108 5054 1514 5123; x_wconf 79' lang='lat' dir='ltr'><strong>signiﬁcantur,</strong></span> <span class='ocrx_word' id='word_1_784' title='bbox 1559 5068 1860 5128; x_wconf 82' lang='lat' dir='ltr'><strong>congruant</strong></span> <span class='ocrx_word' id='word_1_785' title='bbox 1913 5060 1980 5114; x_wconf 90' lang='lat' dir='ltr'><strong>iis</strong></span> <span class='ocrx_word' id='word_1_786' title='bbox 2023 5061 2114 5131; x_wconf 91' lang='lat' dir='ltr'><strong>qui</strong></span> 
     </span>
    </p>
   </div>
   <div class='ocr_carea' id='block_1_104' title="bbox 2241 5053 3767 5149">
    <p class='ocr_par' dir='ltr' id='par_1_104' title="bbox 2241 5053 3767 5149">
     <span class='ocr_line' id='line_1_104' title="bbox 2241 5053 3767 5149; baseline 0.005 -32"><span class='ocrx_word' id='word_1_787' title='bbox 2241 5082 2330 5118; x_wconf 80' lang='lat' dir='ltr'><strong>:stv</strong></span> <span class='ocrx_word' id='word_1_788' title='bbox 2379 5068 2446 5121; x_wconf 83' lang='grc' dir='ltr'>τὰ</span> <span class='ocrx_word' id='word_1_789' title='bbox 2494 5067 2594 5140; x_wconf 86' lang='grc' dir='ltr'>τῆς</span> <span class='ocrx_word' id='word_1_790' title='bbox 2637 5073 2953 5145; x_wconf 82' lang='grc' dir='ltr'>παραϐολῆς</span> <span class='ocrx_word' id='word_1_791' title='bbox 2995 5053 3343 5149; x_wconf 57' lang='grc' dir='ltr'>δηλούμενα,</span> <span class='ocrx_word' id='word_1_792' title='bbox 3376 5081 3487 5142; x_wconf 86' lang='grc' dir='ltr'>τοῖς</span> <span class='ocrx_word' id='word_1_793' title='bbox 3526 5074 3767 5130; x_wconf 83' lang='grc' dir='ltr'>ἀνέκαθεν</span> 
     </span>
    </p>
   </div>
   <div class='ocr_carea' id='block_1_105' title="bbox 543 5141 2167 5244">
    <p class='ocr_par' dir='ltr' id='par_1_105' title="bbox 543 5141 2114 5218">
     <span class='ocr_line' id='line_1_105' title="bbox 543 5141 2114 5218; baseline 0.006 -24"><span class='ocrx_word' id='word_1_794' title='bbox 543 5141 653 5209; x_wconf 76' lang='lat' dir='ltr'><strong>iam</strong></span> <span class='ocrx_word' id='word_1_795' title='bbox 685 5143 754 5197; x_wconf 83' lang='lat' dir='ltr'><strong>ab</strong></span> <span class='ocrx_word' id='word_1_796' title='bbox 809 5143 924 5212; x_wconf 87' lang='lat' dir='ltr'><strong>ipsa</strong></span> <span class='ocrx_word' id='word_1_797' title='bbox 957 5143 1132 5213; x_wconf 85' lang='lat' dir='ltr'><strong>prima</strong></span> <span class='ocrx_word' id='word_1_798' title='bbox 1179 5143 1303 5198; x_wconf 76' lang='lat' dir='ltr'><strong>vitae</strong></span> <span class='ocrx_word' id='word_1_799' title='bbox 1349 5146 1776 5212; x_wconf 88' lang='lat' dir='ltr'><strong>constitutione,</strong></span> <span class='ocrx_word' id='word_1_800' title='bbox 1829 5163 2002 5218; x_wconf 87' lang='lat' dir='ltr'><strong>usque</strong></span> <span class='ocrx_word' id='word_1_801' title='bbox 2047 5151 2114 5204; x_wconf 89' lang='lat' dir='ltr'><strong>ad</strong></span> 
     </span>
    </p>
   </div>
   <div class='ocr_carea' id='block_1_106' title="bbox 2241 5141 3767 5244">
    <p class='ocr_par' dir='ltr' id='par_1_106' title="bbox 2241 5141 3767 5244">
     <span class='ocr_line' id='line_1_106' title="bbox 2241 5141 3767 5244; baseline -0.009 -15"><span class='ocrx_word' id='word_1_802' title='bbox 2241 5175 2282 5210; x_wconf 62' lang='grc' dir='ltr'><strong>νκ</strong></span> <span class='ocrx_word' id='word_1_803' title='bbox 2321 5160 2541 5233; x_wconf 80' lang='grc' dir='ltr'>πρώτης</span> <span class='ocrx_word' id='word_1_804' title='bbox 2580 5161 2676 5218; x_wconf 82' lang='grc' dir='ltr'><strong>τοῦ</strong></span> <span class='ocrx_word' id='word_1_805' title='bbox 2720 5141 2849 5236; x_wconf 34' lang='grc' dir='ltr'>’βίου</span> <span class='ocrx_word' id='word_1_806' title='bbox 2897 5141 3208 5234; x_wconf 77' lang='grc' dir='ltr'>συστάσεως</span> <span class='ocrx_word' id='word_1_807' title='bbox 3267 5173 3427 5244; x_wconf 82' lang='grc' dir='ltr'>μέχρι</span> <span class='ocrx_word' id='word_1_808' title='bbox 3483 5165 3767 5226; x_wconf 85' lang='grc' dir='ltr'>συντελείας</span> 
     </span>
    </p>
   </div>
   <div class='ocr_carea' id='block_1_107' title="bbox 547 5234 2167 5334">
    <p class='ocr_par' dir='ltr' id='par_1_107' title="bbox 547 5234 2116 5305">
     <span class='ocr_line' id='line_1_107' title="bbox 547 5234 2116 5305; baseline 0.005 -19"><span class='ocrx_word' id='word_1_809' title='bbox 547 5237 1070 5290; x_wconf 82' lang='lat' dir='ltr'><strong>consummationem</strong></span> <span class='ocrx_word' id='word_1_810' title='bbox 1098 5234 1284 5289; x_wconf 83' lang='lat' dir='ltr'><strong>saeculi</strong></span> <span class='ocrx_word' id='word_1_811' title='bbox 1320 5235 1468 5305; x_wconf 82' lang='lat' dir='ltr'><strong>digni</strong></span> <span class='ocrx_word' id='word_1_812' title='bbox 1505 5237 1774 5292; x_wconf 89' lang='lat' dir='ltr'><strong>habentur</strong></span> <span class='ocrx_word' id='word_1_813' title='bbox 1801 5239 1985 5294; x_wconf 86' lang='lat' dir='ltr'><strong>divina</strong></span> <span class='ocrx_word' id='word_1_814' title='bbox 2021 5256 2116 5294; x_wconf 89' lang='lat' dir='ltr'><strong>vo-</strong></span> 
     </span>
    </p>
   </div>
   <div class='ocr_carea' id='block_1_108' title="bbox 2241 5234 3760 5334">
    <p class='ocr_par' dir='ltr' id='par_1_108' title="bbox 2241 5234 3760 5334">
     <span class='ocr_line' id='line_1_108' title="bbox 2241 5234 3760 5334; baseline 0.013 -31"><span class='ocrx_word' id='word_1_815' title='bbox 2241 5249 2307 5303; x_wconf 70' lang='lat'><strong>:06</strong></span> <span class='ocrx_word' id='word_1_816' title='bbox 2354 5253 2550 5319; x_wconf 81' lang='grc' dir='ltr'>αἰῶνος</span> <span class='ocrx_word' id='word_1_817' title='bbox 2600 5234 3046 5332; x_wconf 81' lang='grc' dir='ltr'>καταξιουμένοις</span> <span class='ocrx_word' id='word_1_818' title='bbox 3107 5264 3206 5334; x_wconf 75' lang='grc' dir='ltr'><strong>τῆς</strong></span> <span class='ocrx_word' id='word_1_819' title='bbox 3268 5234 3452 5318; x_wconf 75' lang='grc' dir='ltr'>ἐνθέου</span> <span class='ocrx_word' id='word_1_820' title='bbox 3516 5263 3760 5332; x_wconf 79' lang='grc' dir='ltr'>κλήσεωςο</span> 
     </span>
    </p>
   </div>
   <div class='ocr_carea' id='block_1_109' title="bbox 547 5320 2167 5430">
    <p class='ocr_par' dir='ltr' id='par_1_109' title="bbox 547 5320 2115 5394">
     <span class='ocr_line' id='line_1_109' title="bbox 547 5320 2115 5394; baseline 0.008 -22"><span class='ocrx_word' id='word_1_821' title='bbox 547 5320 787 5376; x_wconf 85' lang='lat' dir='ltr'><strong>catione.</strong></span> <span class='ocrx_word' id='word_1_822' title='bbox 840 5320 1028 5392; x_wconf 83' lang='lat' dir='ltr'><strong>itaque</strong></span> <span class='ocrx_word' id='word_1_823' title='bbox 1076 5323 1278 5378; x_wconf 84' lang='lat' dir='ltr'><strong>dixerit</strong></span> <span class='ocrx_word' id='word_1_824' title='bbox 1322 5324 1498 5394; x_wconf 91' lang='lat' dir='ltr'><strong>primo</strong></span> <span class='ocrx_word' id='word_1_825' title='bbox 1542 5342 1700 5383; x_wconf 88' lang='lat' dir='ltr'><strong>mane</strong></span> <span class='ocrx_word' id='word_1_826' title='bbox 1741 5328 1912 5385; x_wconf 81' lang='lat' dir='ltr'><strong>fuisse</strong></span> <span class='ocrx_word' id='word_1_827' title='bbox 1955 5345 2115 5386; x_wconf 86' lang='lat' dir='ltr'><strong>voca-</strong></span> 
     </span>
    </p>
   </div>
   <div class='ocr_carea' id='block_1_110' title="bbox 2241 5320 3762 5430">
    <p class='ocr_par' dir='ltr' id='par_1_110' title="bbox 2241 5320 3762 5430">
     <span class='ocr_line' id='line_1_110' title="bbox 2241 5320 3762 5430; baseline 0.018 -35"><span class='ocrx_word' id='word_1_828' title='bbox 2241 5343 2379 5398; x_wconf 85' lang='grc' dir='ltr'>Ωστε</span> <span class='ocrx_word' id='word_1_829' title='bbox 2413 5346 2528 5418; x_wconf 78' lang='grc' dir='ltr'><strong>ἅμα</strong></span> <span class='ocrx_word' id='word_1_830' title='bbox 2554 5351 2697 5421; x_wconf 82' lang='grc' dir='ltr'>πρωὶ</span> <span class='ocrx_word' id='word_1_831' title='bbox 2728 5320 3042 5425; x_wconf 48' lang='grc' dir='ltr'><strong>κεκλῖῖισθαι⁷</strong></span> <span class='ocrx_word' id='word_1_832' title='bbox 3068 5320 3243 5426; x_wconf 66' lang='grc' dir='ltr'>λέγειν</span> <span class='ocrx_word' id='word_1_833' title='bbox 3277 5359 3368 5412; x_wconf 77' lang='grc' dir='ltr'><strong>ἐπὶ</strong></span> <span class='ocrx_word' id='word_1_834' title='bbox 3396 5358 3490 5430; x_wconf 78' lang='grc' dir='ltr'><strong>τὴν</strong></span> <span class='ocrx_word' id='word_1_835' title='bbox 3518 5320 3612 5426; x_wconf 54' lang='grc' dir='ltr'><strong>τῆξ</strong></span> <span class='ocrx_word' id='word_1_836' title='bbox 3657 5353 3762 5406; x_wconf 70' lang='grc' dir='ltr'>θεο-</span> 
     </span>
    </p>
   </div>
   <div class='ocr_carea' id='block_1_111' title="bbox 549 5413 2167 5524">
    <p class='ocr_par' dir='ltr' id='par_1_111' title="bbox 549 5413 2110 5491">
     <span class='ocr_line' id='line_1_111' title="bbox 549 5413 2110 5491; baseline 0.009 -27"><span class='ocrx_word' id='word_1_837' title='bbox 549 5419 630 5466; x_wconf 83' lang='grc' dir='ltr'><strong>ιοε</strong></span> <span class='ocrx_word' id='word_1_838' title='bbox 663 5413 728 5466; x_wconf 88' lang='lat' dir='ltr'><strong>ad</strong></span> <span class='ocrx_word' id='word_1_839' title='bbox 762 5413 1117 5470; x_wconf 77' lang='lat' dir='ltr'><strong>excolendum</strong></span> <span class='ocrx_word' id='word_1_840' title='bbox 1155 5415 1250 5472; x_wconf 89' lang='lat' dir='ltr'><strong>Dei</strong></span> <span class='ocrx_word' id='word_1_841' title='bbox 1299 5417 1538 5484; x_wconf 89' lang='lat' dir='ltr'><strong>cultum,</strong></span> <span class='ocrx_word' id='word_1_842' title='bbox 1582 5430 1846 5491; x_wconf 88' lang='lat' dir='ltr'><strong>quotquot</strong></span> <span class='ocrx_word' id='word_1_843' title='bbox 1886 5423 1954 5478; x_wconf 92' lang='lat' dir='ltr'><strong>ab</strong></span> <span class='ocrx_word' id='word_1_844' title='bbox 1996 5425 2110 5477; x_wconf 90' lang='lat' dir='ltr'><strong>ori-</strong></span> 
     </span>
    </p>
   </div>
   <div class='ocr_carea' id='block_1_112' title="bbox 2241 5413 3759 5524">
    <p class='ocr_par' dir='ltr' id='par_1_112' title="bbox 2241 5413 3759 5524">
     <span class='ocr_line' id='line_1_112' title="bbox 2241 5413 3759 5524; baseline 0.01 -39"><span class='ocrx_word' id='word_1_845' title='bbox 2241 5413 2746 5508; x_wconf 40' lang='lat' dir='ltr'><strong>re6s£agipydaiav</strong></span> <span class='ocrx_word' id='word_1_846' title='bbox 2809 5413 2936 5510; x_wconf 78' lang='grc' dir='ltr'>τοῦς</span> <span class='ocrx_word' id='word_1_847' title='bbox 2994 5413 3151 5504; x_wconf 48' lang='grc' dir='ltr'>κατὰ.</span> <span class='ocrx_word' id='word_1_848' title='bbox 3193 5450 3288 5521; x_wconf 84' lang='grc' dir='ltr'><strong>τὴν</strong></span> <span class='ocrx_word' id='word_1_849' title='bbox 3330 5413 3498 5524; x_wconf 65' lang='lat' dir='ltr'><strong>dipqu</strong></span> <span class='ocrx_word' id='word_1_850' title='bbox 3535 5413 3621 5502; x_wconf 74' lang='grc' dir='ltr'><strong>τοῦ</strong></span> <span class='ocrx_word' id='word_1_851' title='bbox 3653 5443 3759 5515; x_wconf 77' lang='grc' dir='ltr'>βίου</span> 
     </span>
    </p>
   </div>
   <div class='ocr_carea' id='block_1_113' title="bbox 620 5527 2219 5606">
    <p class='ocr_par' dir='ltr' id='par_1_113' title="bbox 620 5527 2219 5606">
     <span class='ocr_line' id='line_1_113' title="bbox 620 5527 2219 5606; baseline 0.01 -26"><span class='ocrx_word' id='word_1_852' title='bbox 620 5529 663 5560; x_wconf 80' lang='grc'><strong>¹⁹</strong></span> <span class='ocrx_word' id='word_1_853' title='bbox 701 5527 875 5583; x_wconf 90' lang='lat' dir='ltr'><strong>lCor.</strong></span> <span class='ocrx_word' id='word_1_854' title='bbox 902 5545 956 5596; x_wconf 76' lang='grc' dir='ltr'>χ,</span> <span class='ocrx_word' id='word_1_855' title='bbox 1005 5531 1090 5585; x_wconf 80' lang='lat' dir='ltr'><strong>l7.</strong></span> <span class='ocrx_word' id='word_1_856' title='bbox 1166 5532 1210 5563; x_wconf 83' lang='grc'><strong>²⁰</strong></span> <span class='ocrx_word' id='word_1_857' title='bbox 1249 5530 1406 5587; x_wconf 78' lang='lat' dir='ltr'><strong>Joan.</strong></span> <span class='ocrx_word' id='word_1_858' title='bbox 1454 5549 1540 5599; x_wconf 81' lang='lat' dir='ltr'><strong>vt,</strong></span> <span class='ocrx_word' id='word_1_859' title='bbox 1587 5535 1680 5591; x_wconf 77' lang='grc' dir='ltr'>Η.</span> <span class='ocrx_word' id='word_1_860' title='bbox 1775 5537 1817 5567; x_wconf 82' lang='grc'>⁸¹</span> <span class='ocrx_word' id='word_1_861' title='bbox 1862 5538 2030 5594; x_wconf 88' lang='lat' dir='ltr'><strong>lCor.</strong></span> <span class='ocrx_word' id='word_1_862' title='bbox 2058 5553 2096 5606; x_wconf 88' lang='grc' dir='ltr'><strong>ι,</strong></span> <span class='ocrx_word' id='word_1_863' title='bbox 2125 5539 2219 5596; x_wconf 69' lang='grc'><strong>24.</strong></span> 
     </span>
    </p>
   </div>
   <div class='ocr_carea' id='block_1_114' title="bbox 610 5621 1079 5690">
    <p class='ocr_par' dir='ltr' id='par_1_114' title="bbox 610 5621 1079 5690">
     <span class='ocr_line' id='line_1_114' title="bbox 610 5621 1079 5690; baseline 0.011 -18"><span class='ocrx_word' id='word_1_864' title='bbox 610 5621 688 5690; x_wconf 79' lang='grc'><strong>(5)</strong></span> <span class='ocrx_word' id='word_1_865' title='bbox 724 5621 885 5676; x_wconf 83' lang='lat' dir='ltr'><strong>Forte</strong></span> <span class='ocrx_word' id='word_1_866' title='bbox 921 5623 1079 5677; x_wconf 75' lang='grc' dir='ltr'>οὕτω.</span> 
     </span>
    </p>
   </div>
   <div class='ocr_carea' id='block_1_115' title="bbox 613 5638 2167 5769">
    <p class='ocr_par' dir='ltr' id='par_1_115' title="bbox 613 5638 1608 5769">
     <span class='ocr_line' id='line_1_115' title="bbox 613 5638 1079 5690; baseline 0.011 -18"><span class='ocrx_word' id='word_1_867' title='bbox 613 5638 688 5690; x_wconf 65' lang='grc' dir='ltr'>ιιι)</span> <span class='ocrx_word' id='word_1_868' title='bbox 724 5638 885 5676; x_wconf 86' lang='lat' dir='ltr'><strong>rortc</strong></span> <span class='ocrx_word' id='word_1_869' title='bbox 921 5641 1079 5677; x_wconf 88' lang='grc' dir='ltr'>ουτω.</span> 
     </span>
     <span class='ocr_line' id='line_1_116' title="bbox 613 5693 1608 5769; baseline 0.01 -25"><span class='ocrx_word' id='word_1_870' title='bbox 613 5697 692 5762; x_wconf 76' lang='lat' dir='ltr'><strong>(ti)</strong></span> <span class='ocrx_word' id='word_1_871' title='bbox 722 5693 961 5760; x_wconf 64' lang='lat' dir='ltr'><strong>Maximi,</strong></span> <span class='ocrx_word' id='word_1_872' title='bbox 1007 5695 1236 5764; x_wconf 76' lang='lat' dir='ltr'><strong>Eusebii,</strong></span> <span class='ocrx_word' id='word_1_873' title='bbox 1261 5706 1311 5752; x_wconf 89' lang='lat' dir='ltr'><strong>et</strong></span> <span class='ocrx_word' id='word_1_874' title='bbox 1339 5696 1608 5769; x_wconf 84' lang='lat' dir='ltr'><strong>Origcnis.</strong></span> 
     </span>
    </p>
   </div>
   <div class='ocr_carea' id='block_1_116' title="bbox 2241 5638 2976 5769">
    <p class='ocr_par' dir='ltr' id='par_1_116' title="bbox 2287 5638 2976 5719">
     <span class='ocr_line' id='line_1_117' title="bbox 2287 5638 2976 5719; baseline 0.023 -31"><span class='ocrx_word' id='word_1_875' title='bbox 2287 5638 2364 5708; x_wconf 81' lang='lat'><strong>(7)</strong></span> <span class='ocrx_word' id='word_1_876' title='bbox 2391 5639 2552 5698; x_wconf 82' lang='lat' dir='ltr'><strong>Forte</strong></span> <span class='ocrx_word' id='word_1_877' title='bbox 2583 5648 2976 5719; x_wconf 84' lang='grc' dir='ltr'>πνευματικῆς.</span> 
     </span>
    </p>
   </div>
  </div>
