  <div class='ocr_page' id='page_1' title='image "/cluster/home/n/w/nwhite01/storage/ocr_20150623/17/mdp.39015031604831/187.png"; bbox 0 0 3942 6318; ppageno 0'>
   <div class='ocr_carea' id='block_1_1' title="bbox 588 359 695 427">
    <p class='ocr_par' dir='ltr' id='par_1_1' title="bbox 588 359 695 427">
     <span class='ocr_line' id='line_1_1' title="bbox 588 359 695 427; baseline 0 0"><span class='ocrx_word' id='word_1_1' title='bbox 588 359 695 427; x_wconf 72' lang='lat'><strong>363</strong></span> 
     </span>
    </p>
   </div>
   <div class='ocr_carea' id='block_1_2' title="bbox 1465 354 3773 432">
    <p class='ocr_par' dir='ltr' id='par_1_2' title="bbox 1465 354 3773 432">
     <span class='ocr_line' id='line_1_2' title="bbox 1465 354 3773 432; baseline 0 -13"><span class='ocrx_word' id='word_1_2' title='bbox 1465 354 2020 421; x_wconf 77' lang='lat' dir='ltr'><strong>SUPPLEMENTUM</strong></span> <span class='ocrx_word' id='word_1_3' title='bbox 2047 362 2136 416; x_wconf 79' lang='lat' dir='ltr'><strong>AD</strong></span> <span class='ocrx_word' id='word_1_4' title='bbox 2170 357 2494 419; x_wconf 76' lang='lat' dir='ltr'><strong>ORIGENIS</strong></span> <span class='ocrx_word' id='word_1_5' title='bbox 2531 360 2613 416; x_wconf 87' lang='lat' dir='ltr'><strong>EX</strong></span> <span class='ocrx_word' id='word_1_6' title='bbox 2628 362 2941 420; x_wconf 79' lang='lat' dir='ltr'><strong>EGETICA.</strong></span> <span class='ocrx_word' id='word_1_7' title='bbox 3683 378 3773 432; x_wconf 60' lang='grc' dir='ltr'><strong>ζει</strong></span> 
     </span>
    </p>
   </div>
   <div class='ocr_carea' id='block_1_3' title="bbox 659 462 2139 557">
    <p class='ocr_par' dir='ltr' id='par_1_3' title="bbox 659 462 2139 557">
     <span class='ocr_line' id='line_1_3' title="bbox 659 462 2139 557; baseline -0.008 -14"><span class='ocrx_word' id='word_1_8' title='bbox 659 501 847 555; x_wconf 85' lang='lat' dir='ltr'><strong>omnes</strong></span> <span class='ocrx_word' id='word_1_9' title='bbox 898 499 965 540; x_wconf 81' lang='lat' dir='ltr'><strong>ex</strong></span> <span class='ocrx_word' id='word_1_10' title='bbox 1013 485 1329 557; x_wconf 78' lang='lat' dir='ltr'><strong>composito.</strong></span> <span class='ocrx_word' id='word_1_11' title='bbox 1382 474 1593 557; x_wconf 75' lang='lat' dir='ltr'><strong>Primus</strong></span> <span class='ocrx_word' id='word_1_12' title='bbox 1653 481 1879 557; x_wconf 74' lang='lat' dir='ltr'><strong>dixit__ei</strong></span> <span class='ocrx_word' id='word_1_13' title='bbox 1912 496 1931 532; x_wconf 90' lang='lat'><strong>:</strong></span> <span class='ocrx_word' id='word_1_14' title='bbox 1961 462 2139 557; x_wconf 65' lang='grc' dir='ltr'>ᾼρηιη</span> 
     </span>
    </p>
   </div>
   <div class='ocr_carea' id='block_1_4' title="bbox 2236 462 3764 557">
    <p class='ocr_par' dir='ltr' id='par_1_4' title="bbox 2326 462 3764 557">
     <span class='ocr_line' id='line_1_4' title="bbox 2326 462 3764 557; baseline 0.01 -27"><span class='ocrx_word' id='word_1_15' title='bbox 2326 476 2582 557; x_wconf 53' lang='grc' dir='ltr'>παντες</span> <span class='ocrx_word' id='word_1_16' title='bbox 2627 462 2978 557; x_wconf 60' lang='grc' dir='ltr'>τὸυεὲστιν,</span> <span class='ocrx_word' id='word_1_17' title='bbox 3000 478 3079 557; x_wconf 72' lang='grc' dir='ltr'>ὡς</span> <span class='ocrx_word' id='word_1_18' title='bbox 3114 478 3190 557; x_wconf 61' lang='lat' dir='ltr'><strong>ei;</strong></span> <span class='ocrx_word' id='word_1_19' title='bbox 3228 474 3362 557; x_wconf 69' lang='grc' dir='ltr'>ἑνός</span> <span class='ocrx_word' id='word_1_20' title='bbox 3403 483 3764 557; x_wconf 63' lang='grc' dir='ltr'>συνθήματος.</span> 
     </span>
    </p>
   </div>
   <div class='ocr_carea' id='block_1_5' title="bbox 655 548 2144 621">
    <p class='ocr_par' dir='ltr' id='par_1_5' title="bbox 655 548 2144 621">
     <span class='ocr_line' id='line_1_5' title="bbox 655 548 2144 621; baseline -0.005 -9"><span class='ocrx_word' id='word_1_21' title='bbox 655 550 781 621; x_wconf 78' lang='lat' dir='ltr'><strong>emi,</strong></span> <span class='ocrx_word' id='word_1_22' title='bbox 808 567 855 611; x_wconf 87' lang='lat' dir='ltr'><strong>et</strong></span> <span class='ocrx_word' id='word_1_23' title='bbox 888 558 1049 610; x_wconf 81' lang='lat' dir='ltr'><strong><em>habeo</em></strong></span> <span class='ocrx_word' id='word_1_24' title='bbox 1083 548 1439 609; x_wconf 75' lang='lat' dir='ltr'><strong>necessitatem</strong></span> <span class='ocrx_word' id='word_1_25' title='bbox 1467 552 1632 617; x_wconf 69' lang='lat' dir='ltr'><strong>exire,</strong></span> <span class='ocrx_word' id='word_1_26' title='bbox 1668 561 1721 605; x_wconf 87' lang='lat' dir='ltr'><strong>et</strong></span> <span class='ocrx_word' id='word_1_27' title='bbox 1761 550 1933 606; x_wconf 78' lang='lat' dir='ltr'><strong>videre</strong></span> <span class='ocrx_word' id='word_1_28' title='bbox 1972 548 2144 605; x_wconf 86' lang='lat' dir='ltr'><strong>illum.</strong></span> 
     </span>
    </p>
   </div>
   <div class='ocr_carea' id='block_1_6' title="bbox 661 626 1527 696">
    <p class='ocr_par' dir='ltr' id='par_1_6' title="bbox 661 626 1527 696">
     <span class='ocr_line' id='line_1_6' title="bbox 661 626 1527 696; baseline -0.007 -14"><span class='ocrx_word' id='word_1_29' title='bbox 661 627 806 696; x_wconf 83' lang='lat' dir='ltr'><strong>Rogo</strong></span> <span class='ocrx_word' id='word_1_30' title='bbox 833 638 904 691; x_wconf 82' lang='lat' dir='ltr'><strong>te,</strong></span> <span class='ocrx_word' id='word_1_31' title='bbox 937 626 1068 680; x_wconf 83' lang='lat' dir='ltr'><strong>habe</strong></span> <span class='ocrx_word' id='word_1_32' title='bbox 1097 639 1176 678; x_wconf 89' lang='lat' dir='ltr'><strong>me</strong></span> <span class='ocrx_word' id='word_1_33' title='bbox 1200 632 1527 678; x_wconf 70' lang='lat' dir='ltr'><strong>excusatum.</strong></span> 
     </span>
    </p>
   </div>
   <div class='ocr_carea' id='block_1_7' title="bbox 585 767 2145 846">
    <p class='ocr_par' dir='ltr' id='par_1_7' title="bbox 585 767 2145 846">
     <span class='ocr_line' id='line_1_7' title="bbox 585 767 2145 846; baseline -0.006 -8"><span class='ocrx_word' id='word_1_34' title='bbox 585 767 651 838; x_wconf 60' lang='grc' dir='ltr'><strong>Ὗ.</strong></span> <span class='ocrx_word' id='word_1_35' title='bbox 679 781 766 838; x_wconf 77' lang='lat' dir='ltr'><strong>i9.</strong></span> <span class='ocrx_word' id='word_1_36' title='bbox 808 780 873 834; x_wconf 85' lang='lat' dir='ltr'><strong>Et</strong></span> <span class='ocrx_word' id='word_1_37' title='bbox 911 778 1051 833; x_wconf 80' lang='lat' dir='ltr'><strong>alius</strong></span> <span class='ocrx_word' id='word_1_38' title='bbox 1090 778 1258 833; x_wconf 68' lang='lat' dir='ltr'><strong>dixit:</strong></span> <span class='ocrx_word' id='word_1_39' title='bbox 1295 772 1435 846; x_wconf 71' lang='lat' dir='ltr'><strong>luga</strong></span> <span class='ocrx_word' id='word_1_40' title='bbox 1464 776 1617 830; x_wconf 84' lang='lat' dir='ltr'><strong>boum</strong></span> <span class='ocrx_word' id='word_1_41' title='bbox 1667 776 1767 829; x_wconf 84' lang='lat' dir='ltr'><strong>emi</strong></span> <span class='ocrx_word' id='word_1_42' title='bbox 1807 777 2054 846; x_wconf 82' lang='lat' dir='ltr'><strong>quinque,</strong></span> <span class='ocrx_word' id='word_1_43' title='bbox 2096 784 2145 829; x_wconf 87' lang='lat' dir='ltr'><strong>et</strong></span> 
     </span>
    </p>
   </div>
   <div class='ocr_carea' id='block_1_8' title="bbox 658 844 2147 921">
    <p class='ocr_par' dir='ltr' id='par_1_8' title="bbox 658 844 2147 921">
     <span class='ocr_line' id='line_1_8' title="bbox 658 844 2147 921; baseline -0.004 -16"><span class='ocrx_word' id='word_1_44' title='bbox 658 851 965 921; x_wconf 78' lang='lat' dir='ltr'><strong>proﬁciscar</strong></span> <span class='ocrx_word' id='word_1_45' title='bbox 1007 852 1226 920; x_wconf 85' lang='lat' dir='ltr'><strong>probare</strong></span> <span class='ocrx_word' id='word_1_46' title='bbox 1254 844 1385 901; x_wconf 64' lang='grc' dir='ltr'>ξιιαξ</span> <span class='ocrx_word' id='word_1_47' title='bbox 1417 844 1561 915; x_wconf 83' lang='lat' dir='ltr'><strong>Rogo</strong></span> <span class='ocrx_word' id='word_1_48' title='bbox 1595 856 1665 905; x_wconf 82' lang='lat' dir='ltr'><strong>te.</strong></span> <span class='ocrx_word' id='word_1_49' title='bbox 1705 844 1836 901; x_wconf 84' lang='lat' dir='ltr'><strong>habe</strong></span> <span class='ocrx_word' id='word_1_50' title='bbox 1870 844 1956 901; x_wconf 76' lang='lat' dir='ltr'><strong>me</strong></span> <span class='ocrx_word' id='word_1_51' title='bbox 1988 856 2147 901; x_wconf 55' lang='lat' dir='ltr'><strong>excita</strong></span> 
     </span>
    </p>
   </div>
   <div class='ocr_carea' id='block_1_9' title="bbox 657 932 2069 975">
    <p class='ocr_par' dir='ltr' id='par_1_9' title="bbox 657 932 2069 975">
     <span class='ocr_line' id='line_1_9' title="bbox 657 932 2069 975; baseline -0.001 0"><span class='ocrx_word' id='word_1_52' title='bbox 657 932 837 975; x_wconf 84' lang='lat' dir='ltr'><strong>satum.</strong></span> <span class='ocrx_word' id='word_1_53' title='bbox 2022 946 2027 951; x_wconf 81' lang='grc'>·</span> <span class='ocrx_word' id='word_1_54' title='bbox 2064 942 2069 951; x_wconf 79' lang='grc'><strong><em>⁵</em></strong></span> 
     </span>
    </p>
   </div>
   <div class='ocr_carea' id='block_1_10' title="bbox 587 1009 2144 1091">
    <p class='ocr_par' dir='ltr' id='par_1_10' title="bbox 587 1009 2144 1091">
     <span class='ocr_line' id='line_1_10' title="bbox 587 1009 2144 1091; baseline -0.004 -21"><span class='ocrx_word' id='word_1_55' title='bbox 587 1013 652 1071; x_wconf 79' lang='grc' dir='ltr'>ν.</span> <span class='ocrx_word' id='word_1_56' title='bbox 685 1014 777 1070; x_wconf 72' lang='grc'><strong>20.</strong></span> <span class='ocrx_word' id='word_1_57' title='bbox 824 1012 888 1067; x_wconf 84' lang='lat' dir='ltr'><strong>Et</strong></span> <span class='ocrx_word' id='word_1_58' title='bbox 928 1011 1066 1066; x_wconf 88' lang='lat' dir='ltr'><strong>alius</strong></span> <span class='ocrx_word' id='word_1_59' title='bbox 1105 1012 1279 1066; x_wconf 65' lang='lat' dir='ltr'><strong>dixit:</strong></span> <span class='ocrx_word' id='word_1_60' title='bbox 1313 1009 1742 1091; x_wconf 42' lang='grc' dir='ltr'><strong>’Περσῆα-ἀπὶ,</strong></span> <span class='ocrx_word' id='word_1_61' title='bbox 1784 1018 1833 1062; x_wconf 88' lang='lat' dir='ltr'><strong>et</strong></span> <span class='ocrx_word' id='word_1_62' title='bbox 1873 1018 2144 1079; x_wconf 85' lang='lat' dir='ltr'><strong>propterea</strong></span> 
     </span>
    </p>
   </div>
   <div class='ocr_carea' id='block_1_11' title="bbox 1075 1096 1651 1151">
    <p class='ocr_par' dir='ltr' id='par_1_11' title="bbox 1075 1096 1651 1151">
     <span class='ocr_line' id='line_1_11' title="bbox 1075 1096 1651 1151; baseline -0.007 -16"><span class='ocrx_word' id='word_1_63' title='bbox 1075 1098 1179 1136; x_wconf 84' lang='lat' dir='ltr'><strong>non</strong></span> <span class='ocrx_word' id='word_1_64' title='bbox 1206 1097 1417 1151; x_wconf 76' lang='grc' dir='ltr'>ροεειιηι</span> <span class='ocrx_word' id='word_1_65' title='bbox 1460 1096 1572 1135; x_wconf 75' lang='lat' dir='ltr'><strong>ven:</strong></span> <span class='ocrx_word' id='word_1_66' title='bbox 1580 1096 1651 1133; x_wconf 86' lang='lat' dir='ltr'><strong>re.</strong></span> 
     </span>
    </p>
   </div>
   <div class='ocr_carea' id='block_1_12' title="bbox 654 1192 2145 1262">
    <p class='ocr_par' dir='ltr' id='par_1_12' title="bbox 654 1192 2145 1262">
     <span class='ocr_line' id='line_1_12' title="bbox 654 1192 2145 1262; baseline -0.005 -8"><span class='ocrx_word' id='word_1_67' title='bbox 654 1196 970 1254; x_wconf 84' lang='lat' dir='ltr'><strong>Generatim</strong></span> <span class='ocrx_word' id='word_1_68' title='bbox 1018 1196 1191 1251; x_wconf 88' lang='lat' dir='ltr'><strong>tribus</strong></span> <span class='ocrx_word' id='word_1_69' title='bbox 1220 1195 1392 1250; x_wconf 88' lang='lat' dir='ltr'><strong>modis</strong></span> <span class='ocrx_word' id='word_1_70' title='bbox 1422 1193 1683 1249; x_wconf 82' lang='lat' dir='ltr'><strong>excidunt</strong></span> <span class='ocrx_word' id='word_1_71' title='bbox 1717 1192 1943 1262; x_wconf 85' lang='lat' dir='ltr'><strong>quidam</strong></span> <span class='ocrx_word' id='word_1_72' title='bbox 1990 1205 2022 1246; x_wconf 86' lang='lat' dir='ltr'><strong>a</strong></span> <span class='ocrx_word' id='word_1_73' title='bbox 2049 1205 2145 1246; x_wconf 88' lang='lat' dir='ltr'><strong>vo-</strong></span> 
     </span>
    </p>
   </div>
   <div class='ocr_carea' id='block_1_13' title="bbox 581 1284 2145 1359">
    <p class='ocr_par' dir='ltr' id='par_1_13' title="bbox 581 1284 2145 1359">
     <span class='ocr_line' id='line_1_13' title="bbox 581 1284 2145 1359; baseline -0.006 -13"><span class='ocrx_word' id='word_1_74' title='bbox 581 1291 838 1347; x_wconf 82' lang='lat' dir='ltr'><strong>catione:</strong></span> <span class='ocrx_word' id='word_1_75' title='bbox 887 1287 1277 1359; x_wconf 73' lang='lat' dir='ltr'><strong>imaginatione</strong></span> <span class='ocrx_word' id='word_1_76' title='bbox 1324 1285 1637 1355; x_wconf 89' lang='lat' dir='ltr'><strong>dogmatum</strong></span> <span class='ocrx_word' id='word_1_77' title='bbox 1683 1284 2001 1349; x_wconf 84' lang='lat' dir='ltr'><strong>meliorum,</strong></span> <span class='ocrx_word' id='word_1_78' title='bbox 2060 1297 2145 1339; x_wconf 84' lang='lat' dir='ltr'><strong>se-</strong></span> 
     </span>
    </p>
   </div>
   <div class='ocr_carea' id='block_1_14' title="bbox 579 1375 2143 1455">
    <p class='ocr_par' dir='ltr' id='par_1_14' title="bbox 579 1375 2143 1455">
     <span class='ocr_line' id='line_1_14' title="bbox 579 1375 2143 1455; baseline -0.007 -16"><span class='ocrx_word' id='word_1_79' title='bbox 579 1382 738 1455; x_wconf 87' lang='lat' dir='ltr'><strong>quela</strong></span> <span class='ocrx_word' id='word_1_80' title='bbox 802 1395 1092 1443; x_wconf 87' lang='lat' dir='ltr'><strong>sensuum,</strong></span> <span class='ocrx_word' id='word_1_81' title='bbox 1152 1387 1205 1433; x_wconf 88' lang='lat' dir='ltr'><strong>et</strong></span> <span class='ocrx_word' id='word_1_82' title='bbox 1257 1377 1552 1448; x_wconf 72' lang='lat' dir='ltr'><strong>voluptate.</strong></span> <span class='ocrx_word' id='word_1_83' title='bbox 1609 1375 1727 1444; x_wconf 89' lang='lat' dir='ltr'><strong>Qui-</strong></span> <span class='ocrx_word' id='word_1_84' title='bbox 1763 1376 1908 1431; x_wconf 91' lang='lat' dir='ltr'><strong>enim</strong></span> <span class='ocrx_word' id='word_1_85' title='bbox 1957 1390 2143 1446; x_wconf 80' lang='lat' dir='ltr'><strong>agrum</strong></span> 
     </span>
    </p>
   </div>
   <div class='ocr_carea' id='block_1_15' title="bbox 578 1467 2142 1544">
    <p class='ocr_par' dir='ltr' id='par_1_15' title="bbox 578 1467 2142 1544">
     <span class='ocr_line' id='line_1_15' title="bbox 578 1467 2142 1544; baseline -0.008 -11"><span class='ocrx_word' id='word_1_86' title='bbox 578 1484 864 1540; x_wconf 89' lang='lat' dir='ltr'><strong>emerunt,</strong></span> <span class='ocrx_word' id='word_1_87' title='bbox 903 1472 994 1544; x_wconf 86' lang='lat' dir='ltr'><strong>qui</strong></span> <span class='ocrx_word' id='word_1_88' title='bbox 1043 1473 1206 1526; x_wconf 87' lang='lat' dir='ltr'><strong>etiam</strong></span> <span class='ocrx_word' id='word_1_89' title='bbox 1266 1484 1476 1525; x_wconf 74' lang='lat' dir='ltr'><strong>cmnam</strong></span> <span class='ocrx_word' id='word_1_90' title='bbox 1524 1476 1825 1535; x_wconf 74' lang='lat' dir='ltr'><strong>excusant,</strong></span> <span class='ocrx_word' id='word_1_91' title='bbox 1874 1475 1999 1523; x_wconf 89' lang='lat' dir='ltr'><strong>sunt</strong></span> <span class='ocrx_word' id='word_1_92' title='bbox 2049 1467 2142 1537; x_wconf 89' lang='lat' dir='ltr'><strong>qni</strong></span> 
     </span>
    </p>
   </div>
   <div class='ocr_carea' id='block_1_16' title="bbox 582 1559 2141 1635">
    <p class='ocr_par' dir='ltr' id='par_1_16' title="bbox 582 1559 2141 1635">
     <span class='ocr_line' id='line_1_16' title="bbox 582 1559 2141 1635; baseline -0.005 -13"><span class='ocrx_word' id='word_1_93' title='bbox 582 1575 868 1622; x_wconf 83' lang='lat' dir='ltr'><strong>assumunt</strong></span> <span class='ocrx_word' id='word_1_94' title='bbox 920 1563 1024 1618; x_wconf 90' lang='lat' dir='ltr'><strong>alia</strong></span> <span class='ocrx_word' id='word_1_95' title='bbox 1068 1564 1321 1633; x_wconf 78' lang='lat' dir='ltr'><strong>dogmata</strong></span> <span class='ocrx_word' id='word_1_96' title='bbox 1374 1562 1717 1627; x_wconf 82' lang='lat' dir='ltr'><strong>divinitatis,</strong></span> <span class='ocrx_word' id='word_1_97' title='bbox 1760 1574 1880 1629; x_wconf 85' lang='lat' dir='ltr'><strong>quae</strong></span> <span class='ocrx_word' id='word_1_98' title='bbox 1905 1559 2141 1635; x_wconf 42' lang='lat' dir='ltr'><strong>,multam</strong></span> 
     </span>
    </p>
   </div>
   <div class='ocr_carea' id='block_1_17' title="bbox 586 1652 2138 1713">
    <p class='ocr_par' dir='ltr' id='par_1_17' title="bbox 586 1652 2138 1713">
     <span class='ocr_line' id='line_1_17' title="bbox 586 1652 2138 1713; baseline -0.006 0"><span class='ocrx_word' id='word_1_99' title='bbox 586 1659 790 1713; x_wconf 86' lang='lat' dir='ltr'><strong>habent</strong></span> <span class='ocrx_word' id='word_1_100' title='bbox 833 1655 1368 1711; x_wconf 86' lang='lat' dir='ltr'><strong>verosimilitudinem</strong></span> <span class='ocrx_word' id='word_1_101' title='bbox 1421 1662 1478 1708; x_wconf 91' lang='lat' dir='ltr'><strong>et</strong></span> <span class='ocrx_word' id='word_1_102' title='bbox 1521 1653 1838 1707; x_wconf 83' lang='lat' dir='ltr'><strong>varietatem</strong></span> <span class='ocrx_word' id='word_1_103' title='bbox 1871 1652 2138 1706; x_wconf 83' lang='lat' dir='ltr'><strong>rationis:</strong></span> 
     </span>
    </p>
   </div>
   <div class='ocr_carea' id='block_1_18' title="bbox 2339 545 3774 621">
    <p class='ocr_par' dir='ltr' id='par_1_18' title="bbox 2339 545 3774 621">
     <span class='ocr_line' id='line_1_18' title="bbox 2339 545 3774 621; baseline 0.01 -22"><span class='ocrx_word' id='word_1_104' title='bbox 2339 549 2400 621; x_wconf 50' lang='lat' dir='ltr'><strong>f0</strong></span> <span class='ocrx_word' id='word_1_105' title='bbox 2447 546 2676 621; x_wconf 63' lang='grc' dir='ltr'>πρῶτος</span> <span class='ocrx_word' id='word_1_106' title='bbox 2705 545 2873 621; x_wconf 55' lang='grc' dir='ltr'>εἶπεν</span> <span class='ocrx_word' id='word_1_107' title='bbox 2913 549 3071 621; x_wconf 57' lang='grc' dir='ltr'>αι’ίτῷ</span> <span class='ocrx_word' id='word_1_108' title='bbox 3090 565 3105 581; x_wconf 75' lang='grc' dir='ltr'><strong>ο</strong></span> <span class='ocrx_word' id='word_1_109' title='bbox 3155 545 3353 621; x_wconf 49' lang='lat' dir='ltr'><strong>‘Arpos:</strong></span> <span class='ocrx_word' id='word_1_110' title='bbox 3391 545 3670 621; x_wconf 64' lang='grc' dir='ltr'>ἠγόρασα,</span> <span class='ocrx_word' id='word_1_111' title='bbox 3695 545 3774 615; x_wconf 67' lang='grc' dir='ltr'>καὶ</span> 
     </span>
    </p>
   </div>
   <div class='ocr_carea' id='block_1_19' title="bbox 2322 616 3781 694">
    <p class='ocr_par' dir='ltr' id='par_1_19' title="bbox 2322 616 3781 694">
     <span class='ocr_line' id='line_1_19' title="bbox 2322 616 3781 694; baseline 0.008 -23"><span class='ocrx_word' id='word_1_112' title='bbox 2322 619 2438 687; x_wconf 81' lang='grc' dir='ltr'><strong>ἔχω</strong></span> <span class='ocrx_word' id='word_1_113' title='bbox 2464 616 2737 694; x_wconf 69' lang='grc' dir='ltr'><strong>ἀνάγκην</strong></span> <span class='ocrx_word' id='word_1_114' title='bbox 2754 617 3042 694; x_wconf 70' lang='grc' dir='ltr'>ἐξελθεζν,</span> <span class='ocrx_word' id='word_1_115' title='bbox 3075 621 3176 673; x_wconf 73' lang='grc' dir='ltr'>καὶ</span> <span class='ocrx_word' id='word_1_116' title='bbox 3201 616 3349 674; x_wconf 70' lang='grc' dir='ltr'>ἰδεῖν</span> <span class='ocrx_word' id='word_1_117' title='bbox 3361 616 3556 677; x_wconf 53' lang='lat' dir='ltr'><strong>aiam.</strong></span> <span class='ocrx_word' id='word_1_118' title='bbox 3589 616 3781 694; x_wconf 69' lang='grc' dir='ltr'>Ἐρωτῶ</span> 
     </span>
    </p>
   </div>
   <div class='ocr_carea' id='block_1_20' title="bbox 2320 689 3411 759">
    <p class='ocr_par' dir='ltr' id='par_1_20' title="bbox 2320 689 3411 759">
     <span class='ocr_line' id='line_1_20' title="bbox 2320 689 3411 759; baseline -0.001 -16"><span class='ocrx_word' id='word_1_119' title='bbox 2320 706 2394 744; x_wconf 84' lang='grc' dir='ltr'><strong>σε</strong></span> <span class='ocrx_word' id='word_1_120' title='bbox 2417 729 2431 753; x_wconf 87' lang='grc'><strong>,</strong></span> <span class='ocrx_word' id='word_1_121' title='bbox 2461 690 2563 758; x_wconf 77' lang='grc' dir='ltr'><strong>ἔχε</strong></span> <span class='ocrx_word' id='word_1_122' title='bbox 2589 706 2664 757; x_wconf 86' lang='grc' dir='ltr'><strong>με</strong></span> <span class='ocrx_word' id='word_1_123' title='bbox 2684 689 3121 759; x_wconf 81' lang='grc' dir='ltr'>παρῃτημένον.</span> <span class='ocrx_word' id='word_1_124' title='bbox 3404 725 3411 732; x_wconf 94' lang='grc'><strong>-</strong></span> 
     </span>
    </p>
   </div>
   <div class='ocr_carea' id='block_1_21' title="bbox 2250 776 3779 854">
    <p class='ocr_par' dir='ltr' id='par_1_21' title="bbox 2250 776 3779 854">
     <span class='ocr_line' id='line_1_21' title="bbox 2250 776 3779 854; baseline 0.007 -22"><span class='ocrx_word' id='word_1_125' title='bbox 2250 779 2394 854; x_wconf 65' lang='grc' dir='ltr'><strong>Στίχ3</strong></span> <span class='ocrx_word' id='word_1_126' title='bbox 2427 779 2510 834; x_wconf 86' lang='grc' dir='ltr'>ιθ¹.</span> <span class='ocrx_word' id='word_1_127' title='bbox 2546 780 2654 854; x_wconf 73' lang='grc' dir='ltr'><strong>καὶ</strong></span> <span class='ocrx_word' id='word_1_128' title='bbox 2687 780 2889 854; x_wconf 58' lang='lat' dir='ltr'><strong>essch</strong></span> <span class='ocrx_word' id='word_1_129' title='bbox 2921 776 3049 854; x_wconf 64' lang='grc' dir='ltr'>εἷπε</span> <span class='ocrx_word' id='word_1_130' title='bbox 3068 796 3081 809; x_wconf 75' lang='grc' dir='ltr'><strong><em>ο</em></strong></span> <span class='ocrx_word' id='word_1_131' title='bbox 3129 780 3323 854; x_wconf 70' lang='grc' dir='ltr'>Ζεύγη</span> <span class='ocrx_word' id='word_1_132' title='bbox 3346 780 3509 854; x_wconf 67' lang='grc' dir='ltr'>,βοῶν</span> <span class='ocrx_word' id='word_1_133' title='bbox 3546 784 3779 854; x_wconf 66' lang='grc' dir='ltr'>ἠγόρασα</span> 
     </span>
    </p>
   </div>
   <div class='ocr_carea' id='block_1_22' title="bbox 2317 847 3780 924">
    <p class='ocr_par' dir='ltr' id='par_1_22' title="bbox 2317 847 3780 924">
     <span class='ocr_line' id='line_1_22' title="bbox 2317 847 3780 924; baseline 0.005 -22"><span class='ocrx_word' id='word_1_134' title='bbox 2317 847 2513 924; x_wconf 58' lang='grc' dir='ltr'>πέντε,</span> <span class='ocrx_word' id='word_1_135' title='bbox 2532 851 2631 904; x_wconf 80' lang='grc' dir='ltr'>καὶ</span> <span class='ocrx_word' id='word_1_136' title='bbox 2653 851 2971 924; x_wconf 74' lang='grc' dir='ltr'>πορεύομαι</span> <span class='ocrx_word' id='word_1_137' title='bbox 2987 847 3301 918; x_wconf 77' lang='grc' dir='ltr'><strong>δοκιμάσαι</strong></span> <span class='ocrx_word' id='word_1_138' title='bbox 3313 852 3480 905; x_wconf 84' lang='grc' dir='ltr'>αὐτά.</span> <span class='ocrx_word' id='word_1_139' title='bbox 3497 847 3692 921; x_wconf 60' lang='grc' dir='ltr'>Ἐρωτῶ</span> <span class='ocrx_word' id='word_1_140' title='bbox 3701 872 3780 924; x_wconf 80' lang='grc' dir='ltr'><strong>σε,</strong></span> 
     </span>
    </p>
   </div>
   <div class='ocr_carea' id='block_1_23' title="bbox 2317 920 2976 990">
    <p class='ocr_par' dir='ltr' id='par_1_23' title="bbox 2317 920 2976 990">
     <span class='ocr_line' id='line_1_23' title="bbox 2317 920 2976 990; baseline 0.003 -2"><span class='ocrx_word' id='word_1_141' title='bbox 2317 920 2419 988; x_wconf 74' lang='grc' dir='ltr'><strong>ἔχε</strong></span> <span class='ocrx_word' id='word_1_142' title='bbox 2441 937 2518 989; x_wconf 79' lang='grc' dir='ltr'>με</span> <span class='ocrx_word' id='word_1_143' title='bbox 2537 920 2976 990; x_wconf 70' lang='grc' dir='ltr'><strong>παρῃτημένον-</strong></span> 
     </span>
    </p>
   </div>
   <div class='ocr_carea' id='block_1_24' title="bbox 2251 1007 3780 1083">
    <p class='ocr_par' dir='ltr' id='par_1_24' title="bbox 2251 1007 3780 1083">
     <span class='ocr_line' id='line_1_24' title="bbox 2251 1007 3780 1083; baseline 0.005 -22"><span class='ocrx_word' id='word_1_144' title='bbox 2251 1010 2398 1080; x_wconf 83' lang='grc' dir='ltr'>Στίχ.</span> <span class='ocrx_word' id='word_1_145' title='bbox 2430 1017 2499 1064; x_wconf 89' lang='grc' dir='ltr'><strong>κ’.</strong></span> <span class='ocrx_word' id='word_1_146' title='bbox 2530 1010 2638 1083; x_wconf 67' lang='grc' dir='ltr'><strong>Καζ</strong></span> <span class='ocrx_word' id='word_1_147' title='bbox 2687 1010 2888 1083; x_wconf 82' lang='grc' dir='ltr'>ἕτερος</span> <span class='ocrx_word' id='word_1_148' title='bbox 2929 1007 3060 1083; x_wconf 65' lang='grc' dir='ltr'>εἷπε</span> <span class='ocrx_word' id='word_1_149' title='bbox 3146 1010 3417 1083; x_wconf 54' lang='grc' dir='ltr'>Γυναῖκα</span> <span class='ocrx_word' id='word_1_150' title='bbox 3451 1013 3631 1083; x_wconf 69' lang='grc' dir='ltr'>ἔγημα</span> <span class='ocrx_word' id='word_1_151' title='bbox 3650 1055 3664 1079; x_wconf 93' lang='grc'><strong>,</strong></span> <span class='ocrx_word' id='word_1_152' title='bbox 3696 1020 3780 1074; x_wconf 75' lang='grc' dir='ltr'><strong>και</strong></span> 
     </span>
    </p>
   </div>
   <div class='ocr_carea' id='block_1_25' title="bbox 2556 1080 3476 1150">
    <p class='ocr_par' dir='ltr' id='par_1_25' title="bbox 2556 1080 3476 1150">
     <span class='ocr_line' id='line_1_25' title="bbox 2556 1080 3476 1150; baseline 0.002 -16"><span class='ocrx_word' id='word_1_153' title='bbox 2556 1080 2653 1134; x_wconf 80' lang='grc' dir='ltr'><strong>διὰ</strong></span> <span class='ocrx_word' id='word_1_154' title='bbox 2679 1082 2853 1135; x_wconf 84' lang='grc' dir='ltr'>τοῦτο</span> <span class='ocrx_word' id='word_1_155' title='bbox 2884 1083 2956 1134; x_wconf 87' lang='grc' dir='ltr'>οὐ</span> <span class='ocrx_word' id='word_1_156' title='bbox 2974 1081 3230 1150; x_wconf 80' lang='grc' dir='ltr'>δύναμαι</span> <span class='ocrx_word' id='word_1_157' title='bbox 3258 1080 3476 1136; x_wconf 69' lang='grc' dir='ltr'><strong>ἐλθεῖν.</strong></span> 
     </span>
    </p>
   </div>
   <div class='ocr_carea' id='block_1_26' title="bbox 2330 1189 3778 1270">
    <p class='ocr_par' dir='ltr' id='par_1_26' title="bbox 2330 1189 3778 1270">
     <span class='ocr_line' id='line_1_26' title="bbox 2330 1189 3778 1270; baseline 0.003 -24"><span class='ocrx_word' id='word_1_158' title='bbox 2330 1189 2639 1256; x_wconf 76' lang='grc' dir='ltr'>Ἀπλῶςδὲ</span> <span class='ocrx_word' id='word_1_159' title='bbox 2687 1191 2834 1264; x_wconf 76' lang='grc' dir='ltr'>τρισὶ</span> <span class='ocrx_word' id='word_1_160' title='bbox 2871 1194 3093 1262; x_wconf 87' lang='grc' dir='ltr'>τρόποις</span> <span class='ocrx_word' id='word_1_161' title='bbox 3132 1192 3499 1246; x_wconf 79' lang='grc' dir='ltr'>ἀποπίπτουσί</span> <span class='ocrx_word' id='word_1_162' title='bbox 3538 1212 3670 1261; x_wconf 82' lang='grc' dir='ltr'>τινες</span> <span class='ocrx_word' id='word_1_163' title='bbox 3696 1196 3778 1270; x_wconf 82' lang='grc' dir='ltr'>τῆς</span> 
     </span>
    </p>
   </div>
   <div class='ocr_carea' id='block_1_27' title="bbox 2246 1284 3777 1356">
    <p class='ocr_par' dir='ltr' id='par_1_27' title="bbox 2246 1284 3777 1356">
     <span class='ocr_line' id='line_1_27' title="bbox 2246 1284 3777 1356; baseline 0.003 -18"><span class='ocrx_word' id='word_1_164' title='bbox 2246 1284 2489 1355; x_wconf 78' lang='grc' dir='ltr'><strong>κλήσεως</strong></span> <span class='ocrx_word' id='word_1_165' title='bbox 2509 1301 2524 1315; x_wconf 70' lang='grc' dir='ltr'><strong>θ</strong></span> <span class='ocrx_word' id='word_1_166' title='bbox 2574 1285 2845 1356; x_wconf 75' lang='grc' dir='ltr'><strong>φαντασίᾳ</strong></span> <span class='ocrx_word' id='word_1_167' title='bbox 2892 1284 3174 1355; x_wconf 82' lang='grc' dir='ltr'><strong>δογμάτων</strong></span> <span class='ocrx_word' id='word_1_168' title='bbox 3235 1286 3584 1356; x_wconf 86' lang='grc' dir='ltr'>κρειττόνων,</span> <span class='ocrx_word' id='word_1_169' title='bbox 3625 1288 3777 1356; x_wconf 81' lang='grc' dir='ltr'><strong>διώξει</strong></span> 
     </span>
    </p>
   </div>
   <div class='ocr_carea' id='block_1_28' title="bbox 2245 1374 3781 1452">
    <p class='ocr_par' dir='ltr' id='par_1_28' title="bbox 2245 1374 3781 1452">
     <span class='ocr_line' id='line_1_28' title="bbox 2245 1374 3781 1452; baseline -0.003 -24"><span class='ocrx_word' id='word_1_170' title='bbox 2245 1375 2535 1446; x_wconf 75' lang='grc' dir='ltr'>αἰσθητῶν,</span> <span class='ocrx_word' id='word_1_171' title='bbox 2571 1376 2666 1430; x_wconf 76' lang='grc' dir='ltr'>καὶ</span> <span class='ocrx_word' id='word_1_172' title='bbox 2693 1374 2992 1447; x_wconf 81' lang='grc' dir='ltr'><strong>φιληδονίᾳ.</strong></span> <span class='ocrx_word' id='word_1_173' title='bbox 3029 1377 3092 1428; x_wconf 82' lang='grc' dir='ltr'><strong>Οἱ</strong></span> <span class='ocrx_word' id='word_1_174' title='bbox 3129 1375 3229 1446; x_wconf 82' lang='grc' dir='ltr'>μὲν</span> <span class='ocrx_word' id='word_1_175' title='bbox 3261 1375 3374 1447; x_wconf 86' lang='grc' dir='ltr'><strong>γὰρ</strong></span> <span class='ocrx_word' id='word_1_176' title='bbox 3412 1377 3575 1449; x_wconf 79' lang='grc' dir='ltr'>ἀγρὸν</span> <span class='ocrx_word' id='word_1_177' title='bbox 3608 1381 3781 1452; x_wconf 85' lang='grc' dir='ltr'>ἀγορά.</span> 
     </span>
    </p>
   </div>
   <div class='ocr_carea' id='block_1_29' title="bbox 2246 1464 3777 1536">
    <p class='ocr_par' dir='ltr' id='par_1_29' title="bbox 2246 1464 3777 1536">
     <span class='ocr_line' id='line_1_29' title="bbox 2246 1464 3777 1536; baseline -0.001 -13"><span class='ocrx_word' id='word_1_178' title='bbox 2246 1468 2434 1532; x_wconf 86' lang='grc' dir='ltr'>σαντές</span> <span class='ocrx_word' id='word_1_179' title='bbox 2463 1469 2601 1521; x_wconf 74' lang='grc' dir='ltr'>εἰσιν</span> <span class='ocrx_word' id='word_1_180' title='bbox 2626 1468 2675 1520; x_wconf 82' lang='grc' dir='ltr'>οἳ</span> <span class='ocrx_word' id='word_1_181' title='bbox 2706 1466 2799 1521; x_wconf 69' lang='grc' dir='ltr'>καὶ</span> <span class='ocrx_word' id='word_1_182' title='bbox 2827 1464 3217 1536; x_wconf 80' lang='grc' dir='ltr'><strong>παραιτοῦνται</strong></span> <span class='ocrx_word' id='word_1_183' title='bbox 3255 1464 3319 1518; x_wconf 78' lang='grc' dir='ltr'>τὸ</span> <span class='ocrx_word' id='word_1_184' title='bbox 3348 1465 3586 1531; x_wconf 84' lang='grc' dir='ltr'>δεῖπνον,</span> <span class='ocrx_word' id='word_1_185' title='bbox 3619 1472 3662 1522; x_wconf 77' lang='grc' dir='ltr'>οἱ</span> <span class='ocrx_word' id='word_1_186' title='bbox 3688 1487 3777 1523; x_wconf 85' lang='grc' dir='ltr'>πα-</span> 
     </span>
    </p>
   </div>
   <div class='ocr_carea' id='block_1_30' title="bbox 2247 1554 3781 1632">
    <p class='ocr_par' dir='ltr' id='par_1_30' title="bbox 2247 1554 3781 1632">
     <span class='ocr_line' id='line_1_30' title="bbox 2247 1554 3781 1632; baseline 0.002 -22"><span class='ocrx_word' id='word_1_187' title='bbox 2247 1557 2573 1629; x_wconf 77' lang='grc' dir='ltr'>ραλαϐόντες</span> <span class='ocrx_word' id='word_1_188' title='bbox 2616 1555 2861 1625; x_wconf 77' lang='grc' dir='ltr'><strong>δόγματα</strong></span> <span class='ocrx_word' id='word_1_189' title='bbox 2906 1555 3064 1625; x_wconf 78' lang='grc' dir='ltr'>ἕτερα</span> <span class='ocrx_word' id='word_1_190' title='bbox 3120 1556 3222 1626; x_wconf 81' lang='grc' dir='ltr'><strong>τῆς</strong></span> <span class='ocrx_word' id='word_1_191' title='bbox 3280 1554 3530 1626; x_wconf 85' lang='grc' dir='ltr'><strong>θεότητος</strong></span> <span class='ocrx_word' id='word_1_192' title='bbox 3548 1596 3563 1620; x_wconf 89' lang='grc'><strong>,</strong></span> <span class='ocrx_word' id='word_1_193' title='bbox 3610 1559 3781 1632; x_wconf 77' lang='grc' dir='ltr'>πολλὴν</span> 
     </span>
    </p>
   </div>
   <div class='ocr_carea' id='block_1_31' title="bbox 2243 1645 3777 1720">
    <p class='ocr_par' dir='ltr' id='par_1_31' title="bbox 2243 1645 3777 1720">
     <span class='ocr_line' id='line_1_31' title="bbox 2243 1645 3777 1720; baseline 0.001 -17"><span class='ocrx_word' id='word_1_194' title='bbox 2243 1649 2431 1720; x_wconf 75' lang='grc' dir='ltr'>ἔχοντα</span> <span class='ocrx_word' id='word_1_195' title='bbox 2456 1648 2555 1719; x_wconf 82' lang='grc' dir='ltr'><strong>τὴν</strong></span> <span class='ocrx_word' id='word_1_196' title='bbox 2574 1646 2928 1716; x_wconf 87' lang='grc' dir='ltr'>πιθανότητα,</span> <span class='ocrx_word' id='word_1_197' title='bbox 2963 1647 3059 1699; x_wconf 53' lang='grc' dir='ltr'><strong>καὶ⁸</strong></span> <span class='ocrx_word' id='word_1_198' title='bbox 3083 1645 3182 1718; x_wconf 77' lang='grc' dir='ltr'>τὴν</span> <span class='ocrx_word' id='word_1_199' title='bbox 3206 1647 3478 1700; x_wconf 80' lang='grc' dir='ltr'>ποικιλίαν</span> <span class='ocrx_word' id='word_1_200' title='bbox 3500 1648 3588 1701; x_wconf 85' lang='grc' dir='ltr'><strong>τοῦ</strong></span> <span class='ocrx_word' id='word_1_201' title='bbox 3617 1649 3751 1719; x_wconf 79' lang='grc' dir='ltr'>λόγου</span> <span class='ocrx_word' id='word_1_202' title='bbox 3766 1670 3777 1683; x_wconf 73' lang='grc'><em>’</em></span> 
     </span>
    </p>
   </div>
   <div class='ocr_carea' id='block_1_32' title="bbox 579 1732 2139 1821">
    <p class='ocr_par' dir='ltr' id='par_1_32' title="bbox 579 1743 2139 1821">
     <span class='ocr_line' id='line_1_32' title="bbox 579 1743 2139 1821; baseline -0.003 -18"><span class='ocrx_word' id='word_1_203' title='bbox 579 1750 673 1821; x_wconf 89' lang='lat' dir='ltr'><strong>qui</strong></span> <span class='ocrx_word' id='word_1_204' title='bbox 719 1749 882 1804; x_wconf 87' lang='lat' dir='ltr'><strong>etiam</strong></span> <span class='ocrx_word' id='word_1_205' title='bbox 928 1752 1284 1803; x_wconf 88' lang='lat' dir='ltr'><strong>contemnunt</strong></span> <span class='ocrx_word' id='word_1_206' title='bbox 1325 1760 1513 1815; x_wconf 80' lang='lat' dir='ltr'><strong>agrum</strong></span> <span class='ocrx_word' id='word_1_207' title='bbox 1560 1744 1809 1800; x_wconf 84' lang='lat' dir='ltr'><strong>habentis</strong></span> <span class='ocrx_word' id='word_1_208' title='bbox 1862 1744 1916 1798; x_wconf 87' lang='lat' dir='ltr'><strong>in</strong></span> <span class='ocrx_word' id='word_1_209' title='bbox 1960 1743 2139 1806; x_wconf 87' lang='lat' dir='ltr'><strong>seipso</strong></span> 
     </span>
    </p>
   </div>
   <div class='ocr_carea' id='block_1_33' title="bbox 2236 1732 3783 1821">
    <p class='ocr_par' dir='ltr' id='par_1_33' title="bbox 2242 1732 3783 1808">
     <span class='ocr_line' id='line_1_33' title="bbox 2242 1732 3783 1808; baseline 0.004 -20"><span class='ocrx_word' id='word_1_210' title='bbox 2242 1736 2290 1788; x_wconf 87' lang='grc' dir='ltr'>οἳ</span> <span class='ocrx_word' id='word_1_211' title='bbox 2336 1737 2429 1789; x_wconf 82' lang='grc' dir='ltr'>καὶ</span> <span class='ocrx_word' id='word_1_212' title='bbox 2487 1732 2886 1806; x_wconf 86' lang='grc' dir='ltr'>καταφρονοῦσι</span> <span class='ocrx_word' id='word_1_213' title='bbox 2927 1734 3022 1788; x_wconf 86' lang='grc' dir='ltr'><strong>τοῦ</strong></span> <span class='ocrx_word' id='word_1_214' title='bbox 3074 1734 3250 1806; x_wconf 81' lang='grc' dir='ltr'><strong>ἀγροῦ</strong></span> <span class='ocrx_word' id='word_1_215' title='bbox 3268 1775 3284 1800; x_wconf 93' lang='grc'><strong>,</strong></span> <span class='ocrx_word' id='word_1_216' title='bbox 3335 1736 3428 1790; x_wconf 87' lang='grc' dir='ltr'><strong>τοῦ</strong></span> <span class='ocrx_word' id='word_1_217' title='bbox 3490 1737 3687 1808; x_wconf 74' lang='grc' dir='ltr'>ἔχοντος</span> <span class='ocrx_word' id='word_1_218' title='bbox 3730 1744 3783 1796; x_wconf 75' lang='grc' dir='ltr'>ἑν</span> 
     </span>
    </p>
   </div>
   <div class='ocr_carea' id='block_1_34' title="bbox 582 1818 2139 1913">
    <p class='ocr_par' dir='ltr' id='par_1_34' title="bbox 582 1818 2139 1913">
     <span class='ocr_line' id='line_1_34' title="bbox 582 1818 2139 1913; baseline -0.006 -17"><span class='ocrx_word' id='word_1_219' title='bbox 582 1818 772 1913; x_wconf 79' lang='lat' dir='ltr'><strong>agrum</strong></span> <span class='ocrx_word' id='word_1_220' title='bbox 815 1849 871 1895; x_wconf 89' lang='lat' dir='ltr'><strong>et</strong></span> <span class='ocrx_word' id='word_1_221' title='bbox 903 1840 1155 1893; x_wconf 82' lang='lat' dir='ltr'><strong>virtutes.</strong></span> <span class='ocrx_word' id='word_1_222' title='bbox 1186 1836 1286 1903; x_wconf 91' lang='lat' dir='ltr'><strong>Qui</strong></span> <span class='ocrx_word' id='word_1_223' title='bbox 1327 1836 1495 1906; x_wconf 77' lang='lat' dir='ltr'><strong>igitur</strong></span> <span class='ocrx_word' id='word_1_224' title='bbox 1540 1836 1753 1905; x_wconf 77' lang='lat' dir='ltr'><strong>ignorat</strong></span> <span class='ocrx_word' id='word_1_225' title='bbox 1801 1849 1901 1889; x_wconf 89' lang='lat' dir='ltr'><strong>nec</strong></span> <span class='ocrx_word' id='word_1_226' title='bbox 1946 1833 2139 1902; x_wconf 88' lang='lat' dir='ltr'><strong>probat</strong></span> 
     </span>
    </p>
   </div>
   <div class='ocr_carea' id='block_1_35' title="bbox 2236 1818 3782 1913">
    <p class='ocr_par' dir='ltr' id='par_1_35' title="bbox 2244 1826 3782 1908">
     <span class='ocr_line' id='line_1_35' title="bbox 2244 1826 3782 1908; baseline 0.005 -26"><span class='ocrx_word' id='word_1_227' title='bbox 2244 1829 2421 1900; x_wconf 83' lang='grc' dir='ltr'>ἑαυτῷ</span> <span class='ocrx_word' id='word_1_228' title='bbox 2465 1830 2633 1901; x_wconf 78' lang='grc' dir='ltr'>ἀγρὸν</span> <span class='ocrx_word' id='word_1_229' title='bbox 2682 1830 2778 1882; x_wconf 77' lang='grc' dir='ltr'>καὶ</span> <span class='ocrx_word' id='word_1_230' title='bbox 2822 1828 3102 1899; x_wconf 79' lang='grc' dir='ltr'>δυνάμεις.</span> <span class='ocrx_word' id='word_1_231' title='bbox 3157 1831 3216 1884; x_wconf 84' lang='lat'>&#39;0</span> <span class='ocrx_word' id='word_1_232' title='bbox 3262 1826 3357 1884; x_wconf 82' lang='grc' dir='ltr'><strong>οὖν</strong></span> <span class='ocrx_word' id='word_1_233' title='bbox 3412 1831 3485 1903; x_wconf 77' lang='grc' dir='ltr'>μὴ</span> <span class='ocrx_word' id='word_1_234' title='bbox 3533 1832 3643 1885; x_wconf 72' lang='grc' dir='ltr'>ἰδὼν</span> <span class='ocrx_word' id='word_1_235' title='bbox 3667 1835 3782 1908; x_wconf 75' lang='grc' dir='ltr'>μηδὲ</span> 
     </span>
    </p>
   </div>
   <div class='ocr_carea' id='block_1_36' title="bbox 579 1924 2139 2002">
    <p class='ocr_par' dir='ltr' id='par_1_36' title="bbox 579 1924 2139 2002">
     <span class='ocr_line' id='line_1_36' title="bbox 579 1924 2139 2002; baseline -0.005 -16"><span class='ocrx_word' id='word_1_236' title='bbox 579 1947 743 2002; x_wconf 89' lang='lat' dir='ltr'><strong>qnam</strong></span> <span class='ocrx_word' id='word_1_237' title='bbox 777 1930 1084 2002; x_wconf 79' lang='lat' dir='ltr'><strong>possidebat</strong></span> <span class='ocrx_word' id='word_1_238' title='bbox 1114 1928 1406 1993; x_wconf 88' lang='lat' dir='ltr'><strong>rationem,</strong></span> <span class='ocrx_word' id='word_1_239' title='bbox 1451 1941 1518 1982; x_wconf 81' lang='lat' dir='ltr'><strong>ex</strong></span> <span class='ocrx_word' id='word_1_240' title='bbox 1562 1941 1628 1981; x_wconf 91' lang='lat' dir='ltr'><strong>eo</strong></span> <span class='ocrx_word' id='word_1_241' title='bbox 1660 1924 1805 1996; x_wconf 89' lang='lat' dir='ltr'><strong>quod</strong></span> <span class='ocrx_word' id='word_1_242' title='bbox 1855 1935 2014 1980; x_wconf 85' lang='lat' dir='ltr'><strong>antea</strong></span> <span class='ocrx_word' id='word_1_243' title='bbox 2059 1924 2139 1978; x_wconf 86' lang='lat' dir='ltr'><strong>di-</strong></span> 
     </span>
    </p>
   </div>
   <div class='ocr_carea' id='block_1_37' title="bbox 577 2017 2139 2089">
    <p class='ocr_par' dir='ltr' id='par_1_37' title="bbox 577 2017 2139 2089">
     <span class='ocr_line' id='line_1_37' title="bbox 577 2017 2139 2089; baseline -0.006 -10"><span class='ocrx_word' id='word_1_244' title='bbox 577 2024 838 2087; x_wconf 84' lang='lat' dir='ltr'><strong>dicisset;</strong></span> <span class='ocrx_word' id='word_1_245' title='bbox 895 2023 942 2078; x_wconf 89' lang='lat' dir='ltr'><strong>is</strong></span> <span class='ocrx_word' id='word_1_246' title='bbox 977 2019 1284 2077; x_wconf 87' lang='lat' dir='ltr'><strong>necessario</strong></span> <span class='ocrx_word' id='word_1_247' title='bbox 1341 2033 1441 2074; x_wconf 87' lang='lat' dir='ltr'><strong>nec</strong></span> <span class='ocrx_word' id='word_1_248' title='bbox 1489 2026 1682 2089; x_wconf 83' lang='lat' dir='ltr'><strong>sponte</strong></span> <span class='ocrx_word' id='word_1_249' title='bbox 1739 2017 1850 2072; x_wconf 82' lang='lat' dir='ltr'><strong>exit</strong></span> <span class='ocrx_word' id='word_1_250' title='bbox 1902 2032 1935 2072; x_wconf 81' lang='grc' dir='ltr'><strong>θ</strong></span> <span class='ocrx_word' id='word_1_251' title='bbox 1983 2032 2139 2074; x_wconf 79' lang='grc' dir='ltr'>εωιιιι</span> 
     </span>
    </p>
   </div>
   <div class='ocr_carea' id='block_1_38' title="bbox 577 2109 2140 2181">
    <p class='ocr_par' dir='ltr' id='par_1_38' title="bbox 577 2109 2140 2181">
     <span class='ocr_line' id='line_1_38' title="bbox 577 2109 2140 2181; baseline -0.007 -7"><span class='ocrx_word' id='word_1_252' title='bbox 577 2129 634 2174; x_wconf 88' lang='lat' dir='ltr'><strong>et</strong></span> <span class='ocrx_word' id='word_1_253' title='bbox 669 2115 917 2180; x_wconf 78' lang='lat' dir='ltr'><strong>vocante,</strong></span> <span class='ocrx_word' id='word_1_254' title='bbox 961 2112 1102 2169; x_wconf 80' lang='lat' dir='ltr'><strong>forte</strong></span> <span class='ocrx_word' id='word_1_255' title='bbox 1150 2113 1423 2168; x_wconf 76' lang='lat' dir='ltr'><strong>etiamet</strong></span> <span class='ocrx_word' id='word_1_256' title='bbox 1464 2111 1533 2166; x_wconf 86' lang='lat' dir='ltr'><strong>de</strong></span> <span class='ocrx_word' id='word_1_257' title='bbox 1579 2111 1775 2181; x_wconf 87' lang='lat' dir='ltr'><strong>seipso.</strong></span> <span class='ocrx_word' id='word_1_258' title='bbox 1815 2109 1957 2164; x_wconf 85' lang='lat' dir='ltr'><strong>Dicit</strong></span> <span class='ocrx_word' id='word_1_259' title='bbox 2009 2123 2140 2163; x_wconf 86' lang='lat' dir='ltr'><strong>vero</strong></span> 
     </span>
    </p>
   </div>
   <div class='ocr_carea' id='block_1_39' title="bbox 578 2202 2129 2279">
    <p class='ocr_par' dir='ltr' id='par_1_39' title="bbox 578 2202 2129 2279">
     <span class='ocr_line' id='line_1_39' title="bbox 578 2202 2129 2279; baseline -0.006 -15"><span class='ocrx_word' id='word_1_260' title='bbox 578 2211 706 2265; x_wconf 85' lang='lat' dir='ltr'><strong>illud</strong></span> <span class='ocrx_word' id='word_1_261' title='bbox 749 2207 895 2279; x_wconf 83' lang='lat' dir='ltr'><strong>Rogo</strong></span> <span class='ocrx_word' id='word_1_262' title='bbox 929 2215 1007 2272; x_wconf 86' lang='lat' dir='ltr'><strong>te,</strong></span> <span class='ocrx_word' id='word_1_263' title='bbox 1058 2215 1313 2274; x_wconf 85' lang='lat' dir='ltr'><strong>tanquam</strong></span> <span class='ocrx_word' id='word_1_264' title='bbox 1355 2202 1470 2257; x_wconf 91' lang='lat' dir='ltr'><strong>solo</strong></span> <span class='ocrx_word' id='word_1_265' title='bbox 1507 2204 1675 2257; x_wconf 87' lang='lat' dir='ltr'><strong>verbo</strong></span> <span class='ocrx_word' id='word_1_266' title='bbox 1721 2210 2008 2256; x_wconf 84' lang='lat' dir='ltr'><strong>vocantem</strong></span> <span class='ocrx_word' id='word_1_267' title='bbox 2043 2215 2129 2255; x_wconf 87' lang='lat' dir='ltr'><strong>re-</strong></span> 
     </span>
    </p>
   </div>
   <div class='ocr_carea' id='block_1_40' title="bbox 578 2302 1255 2356">
    <p class='ocr_par' dir='ltr' id='par_1_40' title="bbox 578 2302 1255 2356">
     <span class='ocr_line' id='line_1_40' title="bbox 578 2302 1255 2356; baseline 0 -3"><span class='ocrx_word' id='word_1_268' title='bbox 578 2302 800 2356; x_wconf 85' lang='lat' dir='ltr'><strong>veritus.</strong></span> <span class='ocrx_word' id='word_1_269' title='bbox 1034 2310 1039 2320; x_wconf 87' lang='lat'><strong><em>‘</em></strong></span> <span class='ocrx_word' id='word_1_270' title='bbox 1254 2318 1255 2321; x_wconf 44' lang='grc' dir='ltr'>η</span> 
     </span>
    </p>
   </div>
   <div class='ocr_carea' id='block_1_41' title="bbox 648 2384 2140 2461">
    <p class='ocr_par' dir='ltr' id='par_1_41' title="bbox 648 2384 2140 2461">
     <span class='ocr_line' id='line_1_41' title="bbox 648 2384 2140 2461; baseline -0.003 -18"><span class='ocrx_word' id='word_1_271' title='bbox 648 2391 750 2459; x_wconf 87' lang='lat' dir='ltr'><strong>Qui</strong></span> <span class='ocrx_word' id='word_1_272' title='bbox 792 2392 919 2461; x_wconf 79' lang='lat' dir='ltr'><strong>jnga</strong></span> <span class='ocrx_word' id='word_1_273' title='bbox 947 2391 1108 2445; x_wconf 76' lang='lat' dir='ltr'><strong>boum</strong></span> <span class='ocrx_word' id='word_1_274' title='bbox 1137 2388 1268 2445; x_wconf 90' lang='lat' dir='ltr'><strong>emit</strong></span> <span class='ocrx_word' id='word_1_275' title='bbox 1292 2386 1571 2458; x_wconf 74' lang='lat' dir='ltr'><strong>&#39;qninqne,</strong></span> <span class='ocrx_word' id='word_1_276' title='bbox 1606 2387 1652 2441; x_wconf 92' lang='lat' dir='ltr'><strong>is</strong></span> <span class='ocrx_word' id='word_1_277' title='bbox 1680 2395 1763 2440; x_wconf 86' lang='lat' dir='ltr'><strong>est</strong></span> <span class='ocrx_word' id='word_1_278' title='bbox 1791 2384 1883 2455; x_wconf 88' lang='lat' dir='ltr'><strong>qui</strong></span> <span class='ocrx_word' id='word_1_279' title='bbox 1933 2384 2140 2439; x_wconf 86' lang='lat' dir='ltr'><strong>intelle-</strong></span> 
     </span>
    </p>
   </div>
   <div class='ocr_carea' id='block_1_42' title="bbox 576 2477 2139 2543">
    <p class='ocr_par' dir='ltr' id='par_1_42' title="bbox 576 2477 2139 2543">
     <span class='ocr_line' id='line_1_42' title="bbox 576 2477 2139 2543; baseline -0.007 -3"><span class='ocrx_word' id='word_1_280' title='bbox 576 2484 806 2540; x_wconf 86' lang='lat' dir='ltr'><strong>ctualem</strong></span> <span class='ocrx_word' id='word_1_281' title='bbox 849 2482 1449 2543; x_wconf 84' lang='lat' dir='ltr'><strong>contemnitnaturam,</strong></span> <span class='ocrx_word' id='word_1_282' title='bbox 1483 2488 1539 2534; x_wconf 88' lang='lat' dir='ltr'><strong>et</strong></span> <span class='ocrx_word' id='word_1_283' title='bbox 1584 2480 1732 2533; x_wconf 89' lang='lat' dir='ltr'><strong>circa</strong></span> <span class='ocrx_word' id='word_1_284' title='bbox 1765 2477 2034 2533; x_wconf 87' lang='lat' dir='ltr'><strong>sensualia</strong></span> <span class='ocrx_word' id='word_1_285' title='bbox 2076 2477 2139 2530; x_wconf 74' lang='lat' dir='ltr'><strong>li-</strong></span> 
     </span>
    </p>
   </div>
   <div class='ocr_carea' id='block_1_43' title="bbox 577 2564 2138 2641">
    <p class='ocr_par' dir='ltr' id='par_1_43' title="bbox 577 2564 2138 2641">
     <span class='ocr_line' id='line_1_43' title="bbox 577 2564 2138 2641; baseline -0.004 -11"><span class='ocrx_word' id='word_1_286' title='bbox 577 2577 769 2631; x_wconf 88' lang='lat' dir='ltr'><strong>benter</strong></span> <span class='ocrx_word' id='word_1_287' title='bbox 798 2564 1063 2629; x_wconf 86' lang='lat' dir='ltr'><strong>versatur.</strong></span> <span class='ocrx_word' id='word_1_288' title='bbox 1095 2570 1207 2627; x_wconf 86' lang='lat' dir='ltr'><strong>Nec</strong></span> <span class='ocrx_word' id='word_1_289' title='bbox 1249 2573 1351 2627; x_wconf 88' lang='lat' dir='ltr'><strong>iste</strong></span> <span class='ocrx_word' id='word_1_290' title='bbox 1381 2571 1696 2641; x_wconf 86' lang='lat' dir='ltr'><strong>approbavit</strong></span> <span class='ocrx_word' id='word_1_291' title='bbox 1737 2570 1806 2625; x_wconf 92' lang='lat' dir='ltr'><strong>ab</strong></span> <span class='ocrx_word' id='word_1_292' title='bbox 1841 2570 1993 2625; x_wconf 88' lang='lat' dir='ltr'><strong>initio</strong></span> <span class='ocrx_word' id='word_1_293' title='bbox 2020 2585 2138 2640; x_wconf 67' lang='lat' dir='ltr'><strong>quae</strong></span> 
     </span>
    </p>
   </div>
   <div class='ocr_carea' id='block_1_44' title="bbox 577 2662 2138 2722">
    <p class='ocr_par' dir='ltr' id='par_1_44' title="bbox 577 2662 2138 2722">
     <span class='ocr_line' id='line_1_44' title="bbox 577 2662 2138 2722; baseline -0.003 0"><span class='ocrx_word' id='word_1_294' title='bbox 577 2674 854 2722; x_wconf 87' lang='lat' dir='ltr'><strong>emerunt.</strong></span> <span class='ocrx_word' id='word_1_295' title='bbox 904 2664 963 2719; x_wconf 86' lang='lat' dir='ltr'><strong>Si</strong></span> <span class='ocrx_word' id='word_1_296' title='bbox 1000 2663 1244 2719; x_wconf 88' lang='lat' dir='ltr'><strong>binarius</strong></span> <span class='ocrx_word' id='word_1_297' title='bbox 1277 2677 1535 2717; x_wconf 87' lang='lat' dir='ltr'><strong>numerus</strong></span> <span class='ocrx_word' id='word_1_298' title='bbox 1565 2664 1629 2716; x_wconf 91' lang='lat' dir='ltr'><strong>ad</strong></span> <span class='ocrx_word' id='word_1_299' title='bbox 1657 2662 1957 2716; x_wconf 85' lang='lat' dir='ltr'><strong>malerialia</strong></span> <span class='ocrx_word' id='word_1_300' title='bbox 1992 2663 2138 2718; x_wconf 90' lang='lat' dir='ltr'><strong>ordi-</strong></span> 
     </span>
    </p>
   </div>
   <div class='ocr_carea' id='block_1_45' title="bbox 576 2752 2135 2824">
    <p class='ocr_par' dir='ltr' id='par_1_45' title="bbox 576 2752 2135 2824">
     <span class='ocr_line' id='line_1_45' title="bbox 576 2752 2135 2824; baseline -0.003 -11"><span class='ocrx_word' id='word_1_301' title='bbox 576 2767 760 2820; x_wconf 84' lang='lat' dir='ltr'><strong>natur,</strong></span> <span class='ocrx_word' id='word_1_302' title='bbox 810 2756 914 2812; x_wconf 89' lang='lat' dir='ltr'><strong>iste</strong></span> <span class='ocrx_word' id='word_1_303' title='bbox 950 2753 1253 2809; x_wconf 82' lang='lat' dir='ltr'><strong>materialia</strong></span> <span class='ocrx_word' id='word_1_304' title='bbox 1298 2753 1353 2808; x_wconf 93' lang='lat' dir='ltr'><strong>in</strong></span> <span class='ocrx_word' id='word_1_305' title='bbox 1394 2752 1568 2821; x_wconf 89' lang='lat' dir='ltr'><strong>pretio</strong></span> <span class='ocrx_word' id='word_1_306' title='bbox 1598 2753 1804 2818; x_wconf 87' lang='lat' dir='ltr'><strong>habuit,</strong></span> <span class='ocrx_word' id='word_1_307' title='bbox 1850 2762 2135 2824; x_wconf 84' lang='lat' dir='ltr'><strong>propterea</strong></span> 
     </span>
    </p>
   </div>
   <div class='ocr_carea' id='block_1_46' title="bbox 575 2844 2137 2919">
    <p class='ocr_par' dir='ltr' id='par_1_46' title="bbox 575 2844 2137 2919">
     <span class='ocr_line' id='line_1_46' title="bbox 575 2844 2137 2919; baseline 0 -17"><span class='ocrx_word' id='word_1_308' title='bbox 575 2850 693 2919; x_wconf 89' lang='lat' dir='ltr'><strong>ipse</strong></span> <span class='ocrx_word' id='word_1_309' title='bbox 734 2860 950 2918; x_wconf 89' lang='lat' dir='ltr'><strong>quoque</strong></span> <span class='ocrx_word' id='word_1_310' title='bbox 1000 2844 1416 2901; x_wconf 80' lang='lat' dir='ltr'><strong>intellectualem</strong></span> <span class='ocrx_word' id='word_1_311' title='bbox 1454 2860 1665 2901; x_wconf 63' lang='lat' dir='ltr'><strong>caenam</strong></span> <span class='ocrx_word' id='word_1_312' title='bbox 1699 2856 1946 2906; x_wconf 81' lang='lat' dir='ltr'><strong>excusat.</strong></span> <span class='ocrx_word' id='word_1_313' title='bbox 1986 2845 2137 2902; x_wconf 82' lang='lat' dir='ltr'><strong>Alius</strong></span> 
     </span>
    </p>
   </div>
   <div class='ocr_carea' id='block_1_47' title="bbox 575 2936 2138 3009">
    <p class='ocr_par' dir='ltr' id='par_1_47' title="bbox 575 2936 2138 3009">
     <span class='ocr_line' id='line_1_47' title="bbox 575 2936 2138 3009; baseline -0.001 -14"><span class='ocrx_word' id='word_1_314' title='bbox 575 2950 661 2995; x_wconf 86' lang='lat' dir='ltr'><strong>est</strong></span> <span class='ocrx_word' id='word_1_315' title='bbox 699 2940 788 3009; x_wconf 88' lang='lat' dir='ltr'><strong>qui</strong></span> <span class='ocrx_word' id='word_1_316' title='bbox 824 2938 989 2994; x_wconf 89' lang='lat' dir='ltr'><strong>dicit:</strong></span> <span class='ocrx_word' id='word_1_317' title='bbox 1038 2937 1270 2992; x_wconf 70' lang='lat' dir='ltr'><strong>Uxorem</strong></span> <span class='ocrx_word' id='word_1_318' title='bbox 1310 2936 1467 3005; x_wconf 71' lang='lat' dir='ltr'><strong>duxi,</strong></span> <span class='ocrx_word' id='word_1_319' title='bbox 1498 2938 1588 3007; x_wconf 90' lang='lat' dir='ltr'><strong>qui</strong></span> <span class='ocrx_word' id='word_1_320' title='bbox 1621 2937 1827 2992; x_wconf 85' lang='lat' dir='ltr'><strong>videtur</strong></span> <span class='ocrx_word' id='word_1_321' title='bbox 1862 2938 2138 2994; x_wconf 87' lang='lat' dir='ltr'><strong>invenisse</strong></span> 
     </span>
    </p>
   </div>
   <div class='ocr_carea' id='block_1_48' title="bbox 578 3027 2133 3101">
    <p class='ocr_par' dir='ltr' id='par_1_48' title="bbox 578 3027 2133 3101">
     <span class='ocr_line' id='line_1_48' title="bbox 578 3027 2133 3101; baseline -0.001 -14"><span class='ocrx_word' id='word_1_322' title='bbox 578 3029 931 3101; x_wconf 81' lang='lat' dir='ltr'><strong>sapientiam,</strong></span> <span class='ocrx_word' id='word_1_323' title='bbox 963 3036 1013 3083; x_wconf 90' lang='lat' dir='ltr'><strong>et</strong></span> <span class='ocrx_word' id='word_1_324' title='bbox 1055 3027 1213 3097; x_wconf 85' lang='lat' dir='ltr'><strong>hujus</strong></span> <span class='ocrx_word' id='word_1_325' title='bbox 1269 3029 1651 3085; x_wconf 88' lang='lat' dir='ltr'><strong>communione</strong></span> <span class='ocrx_word' id='word_1_326' title='bbox 1687 3043 1934 3085; x_wconf 88' lang='lat' dir='ltr'><strong>veracem</strong></span> <span class='ocrx_word' id='word_1_327' title='bbox 1968 3047 2133 3087; x_wconf 83' lang='lat' dir='ltr'><strong>excu-</strong></span> 
     </span>
    </p>
   </div>
   <div class='ocr_carea' id='block_1_49' title="bbox 573 3119 2202 3208">
    <p class='ocr_par' dir='ltr' id='par_1_49' title="bbox 573 3119 2202 3208">
     <span class='ocr_line' id='line_1_49' title="bbox 573 3119 2202 3208; baseline -0.001 -29"><span class='ocrx_word' id='word_1_328' title='bbox 573 3134 690 3191; x_wconf 85' lang='lat' dir='ltr'><strong>sat;</strong></span> <span class='ocrx_word' id='word_1_329' title='bbox 736 3121 822 3178; x_wconf 79' lang='lat' dir='ltr'><strong>vel</strong></span> <span class='ocrx_word' id='word_1_330' title='bbox 876 3122 969 3191; x_wconf 90' lang='lat' dir='ltr'><strong>qui</strong></span> <span class='ocrx_word' id='word_1_331' title='bbox 1011 3121 1160 3175; x_wconf 90' lang='lat' dir='ltr'><strong>carni</strong></span> <span class='ocrx_word' id='word_1_332' title='bbox 1209 3119 1414 3184; x_wconf 85' lang='lat' dir='ltr'><strong>unitas,</strong></span> <span class='ocrx_word' id='word_1_333' title='bbox 1467 3129 1681 3175; x_wconf 85' lang='lat' dir='ltr'><strong>amator</strong></span> <span class='ocrx_word' id='word_1_334' title='bbox 1718 3121 2011 3191; x_wconf 80' lang='lat' dir='ltr'><strong>voluptatis</strong></span> <span class='ocrx_word' id='word_1_335' title='bbox 2052 3133 2202 3208; x_wconf 70' lang='lat' dir='ltr'><strong>estC</strong></span> 
     </span>
    </p>
   </div>
   <div class='ocr_carea' id='block_1_50' title="bbox 571 3210 2133 3288">
    <p class='ocr_par' dir='ltr' id='par_1_50' title="bbox 571 3210 2133 3288">
     <span class='ocr_line' id='line_1_50' title="bbox 571 3210 2133 3288; baseline 0 -17"><span class='ocrx_word' id='word_1_336' title='bbox 571 3216 772 3288; x_wconf 84' lang='lat' dir='ltr'><strong>potius,</strong></span> <span class='ocrx_word' id='word_1_337' title='bbox 801 3228 963 3284; x_wconf 89' lang='lat' dir='ltr'><strong>quam</strong></span> <span class='ocrx_word' id='word_1_338' title='bbox 1004 3211 1122 3282; x_wconf 82' lang='lat' dir='ltr'><strong>Dei.</strong></span> <span class='ocrx_word' id='word_1_339' title='bbox 1170 3210 1481 3268; x_wconf 87' lang='lat' dir='ltr'><strong>Generatim</strong></span> <span class='ocrx_word' id='word_1_340' title='bbox 1519 3211 1686 3278; x_wconf 80' lang='lat' dir='ltr'><strong>igitur</strong></span> <span class='ocrx_word' id='word_1_341' title='bbox 1736 3221 1846 3268; x_wconf 90' lang='lat' dir='ltr'><strong>tota</strong></span> <span class='ocrx_word' id='word_1_342' title='bbox 1880 3215 2133 3283; x_wconf 88' lang='lat' dir='ltr'><strong>parabola</strong></span> 
     </span>
    </p>
   </div>
   <div class='ocr_carea' id='block_1_51' title="bbox 573 3302 2134 3374">
    <p class='ocr_par' dir='ltr' id='par_1_51' title="bbox 573 3302 2134 3374">
     <span class='ocr_line' id='line_1_51' title="bbox 573 3302 2134 3374; baseline 0.001 -12"><span class='ocrx_word' id='word_1_343' title='bbox 573 3308 655 3362; x_wconf 90' lang='lat' dir='ltr'><strong>sic</strong></span> <span class='ocrx_word' id='word_1_344' title='bbox 694 3320 754 3362; x_wconf 86' lang='lat' dir='ltr'><strong>se</strong></span> <span class='ocrx_word' id='word_1_345' title='bbox 783 3303 964 3360; x_wconf 88' lang='lat' dir='ltr'><strong>habet.</strong></span> <span class='ocrx_word' id='word_1_346' title='bbox 995 3302 1197 3373; x_wconf 82' lang='lat' dir='ltr'><strong>Accipe</strong></span> <span class='ocrx_word' id='word_1_347' title='bbox 1240 3312 1296 3358; x_wconf 90' lang='lat' dir='ltr'><strong>tu</strong></span> <span class='ocrx_word' id='word_1_348' title='bbox 1340 3316 1475 3358; x_wconf 90' lang='lat' dir='ltr'><strong>vero</strong></span> <span class='ocrx_word' id='word_1_349' title='bbox 1513 3302 1673 3359; x_wconf 84' lang='lat' dir='ltr'><strong>aliter</strong></span> <span class='ocrx_word' id='word_1_350' title='bbox 1717 3320 1837 3374; x_wconf 71' lang='lat' dir='ltr'><strong>qua:</strong></span> <span class='ocrx_word' id='word_1_351' title='bbox 1881 3308 1949 3362; x_wconf 85' lang='lat' dir='ltr'><strong>ad</strong></span> <span class='ocrx_word' id='word_1_352' title='bbox 1989 3308 2134 3364; x_wconf 88' lang='lat' dir='ltr'><strong>hunc</strong></span> 
     </span>
    </p>
   </div>
   <div class='ocr_carea' id='block_1_52' title="bbox 572 3394 2133 3468">
    <p class='ocr_par' dir='ltr' id='par_1_52' title="bbox 572 3394 2133 3468">
     <span class='ocr_line' id='line_1_52' title="bbox 572 3394 2133 3468; baseline 0.002 -16"><span class='ocrx_word' id='word_1_353' title='bbox 572 3398 748 3454; x_wconf 88' lang='lat' dir='ltr'><strong>locum</strong></span> <span class='ocrx_word' id='word_1_354' title='bbox 782 3396 1096 3468; x_wconf 89' lang='lat' dir='ltr'><strong>pertinent,</strong></span> <span class='ocrx_word' id='word_1_355' title='bbox 1138 3404 1405 3466; x_wconf 86' lang='lat' dir='ltr'><strong>quatenus</strong></span> <span class='ocrx_word' id='word_1_356' title='bbox 1439 3394 1687 3452; x_wconf 88' lang='lat' dir='ltr'><strong>homines</strong></span> <span class='ocrx_word' id='word_1_357' title='bbox 1724 3411 1931 3464; x_wconf 87' lang='lat' dir='ltr'><strong>sumus,</strong></span> <span class='ocrx_word' id='word_1_358' title='bbox 1963 3407 2016 3455; x_wconf 91' lang='lat' dir='ltr'><strong>et</strong></span> <span class='ocrx_word' id='word_1_359' title='bbox 2050 3400 2133 3456; x_wconf 88' lang='lat' dir='ltr'><strong>di-</strong></span> 
     </span>
    </p>
   </div>
   <div class='ocr_carea' id='block_1_53' title="bbox 569 3486 1953 3557">
    <p class='ocr_par' dir='ltr' id='par_1_53' title="bbox 569 3486 1953 3557">
     <span class='ocr_line' id='line_1_53' title="bbox 569 3486 1953 3557; baseline 0 -12"><span class='ocrx_word' id='word_1_360' title='bbox 569 3490 731 3545; x_wconf 88' lang='lat' dir='ltr'><strong>vitias</strong></span> <span class='ocrx_word' id='word_1_361' title='bbox 775 3487 1034 3545; x_wconf 87' lang='lat' dir='ltr'><strong>bonitatis</strong></span> <span class='ocrx_word' id='word_1_362' title='bbox 1068 3488 1161 3541; x_wconf 88' lang='lat' dir='ltr'><strong>Dei</strong></span> <span class='ocrx_word' id='word_1_363' title='bbox 1204 3501 1310 3543; x_wconf 90' lang='lat' dir='ltr'><strong>non</strong></span> <span class='ocrx_word' id='word_1_364' title='bbox 1343 3486 1560 3557; x_wconf 83' lang='lat' dir='ltr'><strong>expedit</strong></span> <span class='ocrx_word' id='word_1_365' title='bbox 1601 3488 1757 3544; x_wconf 87' lang='lat' dir='ltr'><strong>nobis</strong></span> <span class='ocrx_word' id='word_1_366' title='bbox 1789 3490 1953 3546; x_wconf 90' lang='lat' dir='ltr'><strong>scire.</strong></span> 
     </span>
    </p>
   </div>
   <div class='ocr_carea' id='block_1_54' title="bbox 642 3578 2187 3648">
    <p class='ocr_par' dir='ltr' id='par_1_54' title="bbox 642 3578 2187 3648">
     <span class='ocr_line' id='line_1_54' title="bbox 642 3578 2187 3648; baseline 0.003 -14"><span class='ocrx_word' id='word_1_367' title='bbox 642 3579 961 3637; x_wconf 87' lang='lat' dir='ltr'><strong>Necessario</strong></span> <span class='ocrx_word' id='word_1_368' title='bbox 994 3579 1137 3635; x_wconf 88' lang='lat' dir='ltr'><strong>Deus</strong></span> <span class='ocrx_word' id='word_1_369' title='bbox 1167 3578 1374 3634; x_wconf 88' lang='lat' dir='ltr'><strong>homini</strong></span> <span class='ocrx_word' id='word_1_370' title='bbox 1401 3578 1758 3648; x_wconf 88' lang='lat' dir='ltr'><strong>assimilatur,</strong></span> <span class='ocrx_word' id='word_1_371' title='bbox 1791 3591 1852 3637; x_wconf 93' lang='lat' dir='ltr'><strong>ut</strong></span> <span class='ocrx_word' id='word_1_372' title='bbox 1876 3597 1996 3637; x_wconf 90' lang='lat' dir='ltr'><strong>cum</strong></span> <span class='ocrx_word' id='word_1_373' title='bbox 2037 3584 2131 3639; x_wconf 88' lang='lat' dir='ltr'><strong>ho-</strong></span> <span class='ocrx_word' id='word_1_374' title='bbox 2184 3626 2187 3629; x_wconf 91' lang='lat'><strong>.</strong></span> 
     </span>
    </p>
   </div>
   <div class='ocr_carea' id='block_1_55' title="bbox 568 3670 2130 3751">
    <p class='ocr_par' dir='ltr' id='par_1_55' title="bbox 568 3670 2130 3751">
     <span class='ocr_line' id='line_1_55' title="bbox 568 3670 2130 3751; baseline 0.003 -23"><span class='ocrx_word' id='word_1_375' title='bbox 568 3673 807 3728; x_wconf 89' lang='lat' dir='ltr'><strong>minibus</strong></span> <span class='ocrx_word' id='word_1_376' title='bbox 826 3671 1102 3751; x_wconf 75' lang='lat' dir='ltr'><strong>loquatur,</strong></span> <span class='ocrx_word' id='word_1_377' title='bbox 1127 3670 1217 3741; x_wconf 91' lang='lat' dir='ltr'><strong>qui</strong></span> <span class='ocrx_word' id='word_1_378' title='bbox 1252 3685 1358 3724; x_wconf 92' lang='lat' dir='ltr'><strong>non</strong></span> <span class='ocrx_word' id='word_1_379' title='bbox 1387 3672 1610 3742; x_wconf 88' lang='lat' dir='ltr'><strong>capiunt</strong></span> <span class='ocrx_word' id='word_1_380' title='bbox 1638 3673 1937 3742; x_wconf 83' lang='lat' dir='ltr'><strong>dispensari</strong></span> <span class='ocrx_word' id='word_1_381' title='bbox 1964 3690 1993 3729; x_wconf 90' lang='lat' dir='ltr'><strong>a</strong></span> <span class='ocrx_word' id='word_1_382' title='bbox 2021 3675 2130 3732; x_wconf 90' lang='lat' dir='ltr'><strong>Deo</strong></span> 
     </span>
    </p>
   </div>
   <div class='ocr_carea' id='block_1_56' title="bbox 571 3754 2132 3837">
    <p class='ocr_par' dir='ltr' id='par_1_56' title="bbox 571 3754 2132 3837">
     <span class='ocr_line' id='line_1_56' title="bbox 571 3754 2132 3837; baseline 0.004 -20"><span class='ocrx_word' id='word_1_383' title='bbox 571 3766 841 3829; x_wconf 83' lang='lat' dir='ltr'><strong>universa,</strong></span> <span class='ocrx_word' id='word_1_384' title='bbox 878 3773 1132 3817; x_wconf 89' lang='lat' dir='ltr'><strong>manente</strong></span> <span class='ocrx_word' id='word_1_385' title='bbox 1178 3763 1310 3818; x_wconf 88' lang='lat' dir='ltr'><strong>Deo.</strong></span> <span class='ocrx_word' id='word_1_386' title='bbox 1363 3754 1519 3819; x_wconf 78' lang='lat' dir='ltr'><strong>Tunc</strong></span> <span class='ocrx_word' id='word_1_387' title='bbox 1576 3779 1705 3820; x_wconf 85' lang='lat' dir='ltr'><strong>vero</strong></span> <span class='ocrx_word' id='word_1_388' title='bbox 1743 3781 1847 3819; x_wconf 92' lang='lat' dir='ltr'><strong>non</strong></span> <span class='ocrx_word' id='word_1_389' title='bbox 1898 3767 2132 3837; x_wconf 87' lang='lat' dir='ltr'><strong>amplius</strong></span> 
     </span>
    </p>
   </div>
   <div class='ocr_carea' id='block_1_57' title="bbox 569 3853 2127 3924">
    <p class='ocr_par' dir='ltr' id='par_1_57' title="bbox 569 3853 2127 3924">
     <span class='ocr_line' id='line_1_57' title="bbox 569 3853 2127 3924; baseline 0.003 -16"><span class='ocrx_word' id='word_1_390' title='bbox 569 3855 906 3910; x_wconf 87' lang='lat' dir='ltr'><strong>assimilatur</strong></span> <span class='ocrx_word' id='word_1_391' title='bbox 938 3853 1167 3921; x_wconf 86' lang='lat' dir='ltr'><strong>homini,</strong></span> <span class='ocrx_word' id='word_1_392' title='bbox 1199 3853 1417 3924; x_wconf 85' lang='lat' dir='ltr'><strong>quando</strong></span> <span class='ocrx_word' id='word_1_393' title='bbox 1454 3866 1732 3912; x_wconf 86' lang='lat' dir='ltr'><strong>cessantes</strong></span> <span class='ocrx_word' id='word_1_394' title='bbox 1759 3872 1787 3910; x_wconf 89' lang='lat' dir='ltr'><strong>a</strong></span> <span class='ocrx_word' id='word_1_395' title='bbox 1824 3859 2127 3914; x_wconf 38' lang='lat' dir='ltr'><strong>contentio‘</strong></span> 
     </span>
    </p>
   </div>
   <div class='ocr_carea' id='block_1_58' title="bbox 568 3944 2130 4021">
    <p class='ocr_par' dir='ltr' id='par_1_58' title="bbox 568 3944 2130 4021">
     <span class='ocr_line' id='line_1_58' title="bbox 568 3944 2130 4021; baseline 0.004 -22"><span class='ocrx_word' id='word_1_396' title='bbox 568 3960 659 4011; x_wconf 89' lang='lat' dir='ltr'><strong>ne,</strong></span> <span class='ocrx_word' id='word_1_397' title='bbox 690 3944 807 4000; x_wconf 84' lang='lat' dir='ltr'><strong>zelo</strong></span> <span class='ocrx_word' id='word_1_398' title='bbox 833 3945 1151 4015; x_wconf 65' lang='lat' dir='ltr'><strong>ceterisque</strong></span> <span class='ocrx_word' id='word_1_399' title='bbox 1197 3947 1375 4011; x_wconf 86' lang='lat' dir='ltr'><strong>malis,</strong></span> <span class='ocrx_word' id='word_1_400' title='bbox 1422 3956 1478 4002; x_wconf 89' lang='lat' dir='ltr'><strong>et</strong></span> <span class='ocrx_word' id='word_1_401' title='bbox 1524 3947 1592 4003; x_wconf 93' lang='lat' dir='ltr'><strong>ab</strong></span> <span class='ocrx_word' id='word_1_402' title='bbox 1636 3949 2001 4005; x_wconf 85' lang='lat' dir='ltr'><strong>ambulatione</strong></span> <span class='ocrx_word' id='word_1_403' title='bbox 2039 3966 2130 4021; x_wconf 84' lang='lat' dir='ltr'><strong>se-</strong></span> 
     </span>
    </p>
   </div>
   <div class='ocr_carea' id='block_1_59' title="bbox 479 4036 2127 4114">
    <p class='ocr_par' dir='ltr' id='par_1_59' title="bbox 479 4036 2127 4114">
     <span class='ocr_line' id='line_1_59' title="bbox 479 4036 2127 4114; baseline 0.004 -23"><span class='ocrx_word' id='word_1_404' title='bbox 479 4071 486 4077; x_wconf 92' lang='lat'><em>-</em></span> <span class='ocrx_word' id='word_1_405' title='bbox 565 4037 798 4092; x_wconf 86' lang='lat' dir='ltr'><strong>cundum</strong></span> <span class='ocrx_word' id='word_1_406' title='bbox 838 4036 1149 4102; x_wconf 88' lang='lat' dir='ltr'><strong>hominem,</strong></span> <span class='ocrx_word' id='word_1_407' title='bbox 1182 4037 1469 4107; x_wconf 89' lang='lat' dir='ltr'><strong>dignamur</strong></span> <span class='ocrx_word' id='word_1_408' title='bbox 1512 4041 1700 4096; x_wconf 89' lang='lat' dir='ltr'><strong>audire</strong></span> <span class='ocrx_word' id='word_1_409' title='bbox 1748 4056 1780 4095; x_wconf 89' lang='lat' dir='ltr'><strong>a</strong></span> <span class='ocrx_word' id='word_1_410' title='bbox 1826 4042 1971 4097; x_wconf 90' lang='lat' dir='ltr'><strong>Deo:</strong></span> <span class='ocrx_word' id='word_1_411' title='bbox 2016 4041 2127 4114; x_wconf 84' lang='lat' dir='ltr'><strong>Ego</strong></span> 
     </span>
    </p>
   </div>
   <div class='ocr_carea' id='block_1_60' title="bbox 564 4128 2127 4197">
    <p class='ocr_par' dir='ltr' id='par_1_60' title="bbox 564 4128 2127 4197">
     <span class='ocr_line' id='line_1_60' title="bbox 564 4128 2127 4197; baseline 0.003 -15"><span class='ocrx_word' id='word_1_412' title='bbox 564 4130 719 4184; x_wconf 64' lang='lat' dir='ltr'><strong>disi:</strong></span> <span class='ocrx_word' id='word_1_413' title='bbox 750 4128 838 4183; x_wconf 89' lang='lat' dir='ltr'><strong>Dii</strong></span> <span class='ocrx_word' id='word_1_414' title='bbox 863 4129 987 4184; x_wconf 84' lang='lat' dir='ltr'><strong>estis</strong></span> <span class='ocrx_word' id='word_1_415' title='bbox 1021 4138 1070 4184; x_wconf 83' lang='lat' dir='ltr'><strong>et</strong></span> <span class='ocrx_word' id='word_1_416' title='bbox 1106 4128 1206 4197; x_wconf 80' lang='lat' dir='ltr'><strong><em>ﬁlii</em></strong></span> <span class='ocrx_word' id='word_1_417' title='bbox 1252 4128 1501 4189; x_wconf 76' lang='lat' dir='ltr'><strong>Sublimis</strong></span> <span class='ocrx_word' id='word_1_418' title='bbox 1542 4147 1717 4186; x_wconf 89' lang='lat' dir='ltr'><strong>omnes</strong></span> <span class='ocrx_word' id='word_1_419' title='bbox 1739 4133 1807 4190; x_wconf 78' lang='grc'><strong>’⁷.</strong></span> <span class='ocrx_word' id='word_1_420' title='bbox 1843 4132 1994 4189; x_wconf 86' lang='lat' dir='ltr'><strong>Tunc</strong></span> <span class='ocrx_word' id='word_1_421' title='bbox 2019 4148 2127 4188; x_wconf 90' lang='lat' dir='ltr'><strong>non</strong></span> 
     </span>
    </p>
   </div>
   <div class='ocr_carea' id='block_1_61' title="bbox 565 4220 2124 4296">
    <p class='ocr_par' dir='ltr' id='par_1_61' title="bbox 565 4220 2124 4296">
     <span class='ocr_line' id='line_1_61' title="bbox 565 4220 2124 4296; baseline 0.003 -21"><span class='ocrx_word' id='word_1_422' title='bbox 565 4221 797 4292; x_wconf 89' lang='lat' dir='ltr'><strong>amplius</strong></span> <span class='ocrx_word' id='word_1_423' title='bbox 827 4230 885 4277; x_wconf 88' lang='lat' dir='ltr'><strong>et</strong></span> <span class='ocrx_word' id='word_1_424' title='bbox 915 4220 1038 4276; x_wconf 89' lang='lat' dir='ltr'><strong>aliis</strong></span> <span class='ocrx_word' id='word_1_425' title='bbox 1066 4220 1248 4277; x_wconf 89' lang='lat' dir='ltr'><strong>multis</strong></span> <span class='ocrx_word' id='word_1_426' title='bbox 1283 4221 1595 4279; x_wconf 89' lang='lat' dir='ltr'><strong>nominibus</strong></span> <span class='ocrx_word' id='word_1_427' title='bbox 1636 4224 1957 4293; x_wconf 89' lang='lat' dir='ltr'><strong>appellatur,</strong></span> <span class='ocrx_word' id='word_1_428' title='bbox 2000 4226 2124 4296; x_wconf 90' lang='lat' dir='ltr'><strong>qui-</strong></span> 
     </span>
    </p>
   </div>
   <div class='ocr_carea' id='block_1_62' title="bbox 560 4313 2127 4386">
    <p class='ocr_par' dir='ltr' id='par_1_62' title="bbox 560 4313 2127 4386">
     <span class='ocr_line' id='line_1_62' title="bbox 560 4313 2127 4386; baseline 0.004 -18"><span class='ocrx_word' id='word_1_429' title='bbox 560 4314 662 4369; x_wconf 89' lang='lat' dir='ltr'><strong>bus</strong></span> <span class='ocrx_word' id='word_1_430' title='bbox 716 4313 918 4384; x_wconf 81' lang='lat' dir='ltr'><strong>indiget</strong></span> <span class='ocrx_word' id='word_1_431' title='bbox 959 4322 1215 4383; x_wconf 85' lang='lat' dir='ltr'><strong>peccator</strong></span> <span class='ocrx_word' id='word_1_432' title='bbox 1258 4314 1458 4379; x_wconf 90' lang='lat' dir='ltr'><strong>homo;</strong></span> <span class='ocrx_word' id='word_1_433' title='bbox 1522 4318 1759 4386; x_wconf 89' lang='lat' dir='ltr'><strong>panther</strong></span> <span class='ocrx_word' id='word_1_434' title='bbox 1817 4327 1872 4372; x_wconf 91' lang='lat' dir='ltr'><strong>et</strong></span> <span class='ocrx_word' id='word_1_435' title='bbox 1905 4318 2027 4385; x_wconf 89' lang='lat' dir='ltr'><strong>leo,</strong></span> <span class='ocrx_word' id='word_1_436' title='bbox 2073 4331 2127 4376; x_wconf 87' lang='lat' dir='ltr'><strong>et</strong></span> 
     </span>
    </p>
   </div>
   <div class='ocr_carea' id='block_1_63' title="bbox 561 4403 2124 4476">
    <p class='ocr_par' dir='ltr' id='par_1_63' title="bbox 561 4403 2124 4476">
     <span class='ocr_line' id='line_1_63' title="bbox 561 4403 2124 4476; baseline 0.006 -18"><span class='ocrx_word' id='word_1_437' title='bbox 561 4420 725 4459; x_wconf 85' lang='lat' dir='ltr'><strong>ursus</strong></span> <span class='ocrx_word' id='word_1_438' title='bbox 766 4403 911 4460; x_wconf 87' lang='lat' dir='ltr'><strong>sicut</strong></span> <span class='ocrx_word' id='word_1_439' title='bbox 953 4403 1008 4458; x_wconf 88' lang='lat' dir='ltr'><strong>in</strong></span> <span class='ocrx_word' id='word_1_440' title='bbox 1054 4404 1333 4475; x_wconf 87' lang='lat' dir='ltr'><strong>prophetis</strong></span> <span class='ocrx_word' id='word_1_441' title='bbox 1381 4406 1646 4476; x_wconf 90' lang='lat' dir='ltr'><strong>scriptum</strong></span> <span class='ocrx_word' id='word_1_442' title='bbox 1688 4417 1791 4464; x_wconf 87' lang='lat' dir='ltr'><strong>est.</strong></span> <span class='ocrx_word' id='word_1_443' title='bbox 1840 4409 1992 4466; x_wconf 82' lang='lat' dir='ltr'><strong>Haud</strong></span> <span class='ocrx_word' id='word_1_444' title='bbox 2026 4413 2124 4468; x_wconf 85' lang='lat' dir='ltr'><strong>ali-</strong></span> 
     </span>
    </p>
   </div>
   <div class='ocr_carea' id='block_1_64' title="bbox 2241 1921 3779 1998">
    <p class='ocr_par' dir='ltr' id='par_1_64' title="bbox 2241 1921 3779 1998">
     <span class='ocr_line' id='line_1_64' title="bbox 2241 1921 3779 1998; baseline 0.005 -23"><span class='ocrx_word' id='word_1_445' title='bbox 2241 1923 2540 1994; x_wconf 86' lang='grc' dir='ltr'>δοκιμάσας</span> <span class='ocrx_word' id='word_1_446' title='bbox 2578 1922 2638 1975; x_wconf 88' lang='grc' dir='ltr'>ὃν</span> <span class='ocrx_word' id='word_1_447' title='bbox 2684 1923 2951 1994; x_wconf 74' lang='grc' dir='ltr'><strong>ἐκτήσατο</strong></span> <span class='ocrx_word' id='word_1_448' title='bbox 2996 1921 3152 1991; x_wconf 88' lang='grc' dir='ltr'>λόγον</span> <span class='ocrx_word' id='word_1_449' title='bbox 3203 1922 3295 1977; x_wconf 81' lang='grc' dir='ltr'><strong>διὰ</strong></span> <span class='ocrx_word' id='word_1_450' title='bbox 3326 1924 3384 1977; x_wconf 78' lang='grc' dir='ltr'><strong>τὸ</strong></span> <span class='ocrx_word' id='word_1_451' title='bbox 3441 1926 3779 1998; x_wconf 78' lang='grc' dir='ltr'><strong>προειλῆφθαι,</strong></span> 
     </span>
    </p>
   </div>
   <div class='ocr_carea' id='block_1_65' title="bbox 2242 2014 3780 2090">
    <p class='ocr_par' dir='ltr' id='par_1_65' title="bbox 2242 2014 3780 2090">
     <span class='ocr_line' id='line_1_65' title="bbox 2242 2014 3780 2090; baseline 0.003 -21"><span class='ocrx_word' id='word_1_452' title='bbox 2242 2014 2304 2080; x_wconf 82' lang='grc' dir='ltr'>ἐξ</span> <span class='ocrx_word' id='word_1_453' title='bbox 2332 2016 2577 2085; x_wconf 76' lang='grc' dir='ltr'><strong>ἀνάγκης</strong></span> <span class='ocrx_word' id='word_1_454' title='bbox 2609 2017 2702 2069; x_wconf 78' lang='grc' dir='ltr'><strong>καὶ</strong></span> <span class='ocrx_word' id='word_1_455' title='bbox 2728 2017 2828 2087; x_wconf 83' lang='grc' dir='ltr'>οὐχ</span> <span class='ocrx_word' id='word_1_456' title='bbox 2868 2016 3129 2080; x_wconf 77' lang='grc' dir='ltr'>ἑκουσίως</span> <span class='ocrx_word' id='word_1_457' title='bbox 3178 2016 3461 2090; x_wconf 75' lang='grc' dir='ltr'>ἐξέρχεται</span> <span class='ocrx_word' id='word_1_458' title='bbox 3487 2019 3549 2071; x_wconf 80' lang='grc' dir='ltr'>ὲκ</span> <span class='ocrx_word' id='word_1_459' title='bbox 3578 2020 3664 2076; x_wconf 84' lang='grc' dir='ltr'><strong>τοῦ</strong></span> <span class='ocrx_word' id='word_1_460' title='bbox 3689 2021 3780 2074; x_wconf 81' lang='grc' dir='ltr'><strong>δεί-</strong></span> 
     </span>
    </p>
   </div>
   <div class='ocr_carea' id='block_1_66' title="bbox 2242 2105 3780 2178">
    <p class='ocr_par' dir='ltr' id='par_1_66' title="bbox 2242 2105 3780 2178">
     <span class='ocr_line' id='line_1_66' title="bbox 2242 2105 3780 2178; baseline 0.003 -20"><span class='ocrx_word' id='word_1_461' title='bbox 2242 2122 2372 2158; x_wconf 89' lang='grc' dir='ltr'>πνου</span> <span class='ocrx_word' id='word_1_462' title='bbox 2390 2146 2405 2169; x_wconf 94' lang='grc'><strong>,</strong></span> <span class='ocrx_word' id='word_1_463' title='bbox 2451 2105 2544 2159; x_wconf 81' lang='grc' dir='ltr'><strong>καὶ</strong></span> <span class='ocrx_word' id='word_1_464' title='bbox 2583 2105 2678 2159; x_wconf 89' lang='grc' dir='ltr'><strong>τοῦ</strong></span> <span class='ocrx_word' id='word_1_465' title='bbox 2728 2106 3056 2178; x_wconf 85' lang='grc' dir='ltr'>κεκληκότος</span> <span class='ocrx_word' id='word_1_466' title='bbox 3075 2146 3089 2170; x_wconf 87' lang='grc'><strong>,</strong></span> <span class='ocrx_word' id='word_1_467' title='bbox 3126 2107 3271 2178; x_wconf 85' lang='grc' dir='ltr'>τάχα</span> <span class='ocrx_word' id='word_1_468' title='bbox 3300 2108 3357 2160; x_wconf 85' lang='grc' dir='ltr'><strong>δὲ</strong></span> <span class='ocrx_word' id='word_1_469' title='bbox 3379 2109 3471 2161; x_wconf 81' lang='grc' dir='ltr'><strong>καὶ</strong></span> <span class='ocrx_word' id='word_1_470' title='bbox 3497 2109 3690 2164; x_wconf 76' lang='grc' dir='ltr'>ἑαυτοῦ.</span> <span class='ocrx_word' id='word_1_471' title='bbox 3720 2112 3780 2164; x_wconf 82' lang='grc' dir='ltr'><strong>Τὸ</strong></span> 
     </span>
    </p>
   </div>
   <div class='ocr_carea' id='block_1_67' title="bbox 2238 2196 3779 2269">
    <p class='ocr_par' dir='ltr' id='par_1_67' title="bbox 2238 2196 3779 2269">
     <span class='ocr_line' id='line_1_67' title="bbox 2238 2196 3779 2269; baseline 0.003 -20"><span class='ocrx_word' id='word_1_472' title='bbox 2238 2198 2295 2250; x_wconf 86' lang='grc' dir='ltr'><strong>δὲ</strong></span> <span class='ocrx_word' id='word_1_473' title='bbox 2342 2196 2566 2265; x_wconf 85' lang='grc' dir='ltr'><strong>Ἐρωτῶ</strong></span> <span class='ocrx_word' id='word_1_474' title='bbox 2598 2197 2671 2251; x_wconf 87' lang='grc' dir='ltr'><strong>σέ</strong></span> <span class='ocrx_word' id='word_1_475' title='bbox 2696 2214 2883 2269; x_wconf 84' lang='grc' dir='ltr'>φησιν,</span> <span class='ocrx_word' id='word_1_476' title='bbox 2910 2198 2986 2261; x_wconf 82' lang='grc' dir='ltr'>ὡς</span> <span class='ocrx_word' id='word_1_477' title='bbox 3019 2197 3160 2269; x_wconf 84' lang='grc' dir='ltr'>λόγῳ</span> <span class='ocrx_word' id='word_1_478' title='bbox 3194 2197 3344 2269; x_wconf 86' lang='grc' dir='ltr'>μόνῳ</span> <span class='ocrx_word' id='word_1_479' title='bbox 3383 2198 3678 2269; x_wconf 72' lang='grc' dir='ltr'>αἰδούμενος</span> <span class='ocrx_word' id='word_1_480' title='bbox 3704 2201 3779 2254; x_wconf 60' lang='lat' dir='ltr'><strong>tiri</strong></span> 
     </span>
    </p>
   </div>
   <div class='ocr_carea' id='block_1_68' title="bbox 2241 2289 2561 2360">
    <p class='ocr_par' dir='ltr' id='par_1_68' title="bbox 2241 2289 2561 2360">
     <span class='ocr_line' id='line_1_68' title="bbox 2241 2289 2561 2360; baseline 0.009 -19"><span class='ocrx_word' id='word_1_481' title='bbox 2241 2289 2561 2360; x_wconf 82' lang='grc' dir='ltr'>κεκληκότα.</span> 
     </span>
    </p>
   </div>
   <div class='ocr_carea' id='block_1_69' title="bbox 2328 2376 3777 2457">
    <p class='ocr_par' dir='ltr' id='par_1_69' title="bbox 2328 2376 3777 2457">
     <span class='ocr_line' id='line_1_69' title="bbox 2328 2376 3777 2457; baseline 0.002 -21"><span class='ocrx_word' id='word_1_482' title='bbox 2328 2383 2384 2436; x_wconf 87' lang='grc' dir='ltr'>Ὁ</span> <span class='ocrx_word' id='word_1_483' title='bbox 2414 2383 2471 2437; x_wconf 88' lang='grc' dir='ltr'><strong>δὲ</strong></span> <span class='ocrx_word' id='word_1_484' title='bbox 2501 2383 2667 2455; x_wconf 78' lang='grc' dir='ltr'>ζεύγη</span> <span class='ocrx_word' id='word_1_485' title='bbox 2704 2383 2842 2454; x_wconf 84' lang='grc' dir='ltr'>βοῶν</span> <span class='ocrx_word' id='word_1_486' title='bbox 2868 2384 3144 2457; x_wconf 83' lang='grc' dir='ltr'><strong>ἀγοράσας</strong></span> <span class='ocrx_word' id='word_1_487' title='bbox 3174 2384 3361 2449; x_wconf 80' lang='grc' dir='ltr'><strong>πέντε,</strong></span> <span class='ocrx_word' id='word_1_488' title='bbox 3398 2376 3548 2449; x_wconf 75' lang='grc' dir='ltr'>οὗτός</span> <span class='ocrx_word' id='word_1_489' title='bbox 3586 2387 3717 2439; x_wconf 70' lang='grc' dir='ltr'>ἐστιν</span> <span class='ocrx_word' id='word_1_490' title='bbox 3752 2388 3777 2439; x_wconf 83' lang='grc' dir='ltr'><strong>ὁ</strong></span> 
     </span>
    </p>
   </div>
   <div class='ocr_carea' id='block_1_70' title="bbox 2240 2476 3785 2548">
    <p class='ocr_par' dir='ltr' id='par_1_70' title="bbox 2240 2476 3785 2548">
     <span class='ocr_line' id='line_1_70' title="bbox 2240 2476 3785 2548; baseline 0.001 -19"><span class='ocrx_word' id='word_1_491' title='bbox 2240 2476 2337 2545; x_wconf 84' lang='grc' dir='ltr'><strong>τῆς</strong></span> <span class='ocrx_word' id='word_1_492' title='bbox 2365 2476 2566 2547; x_wconf 84' lang='grc' dir='ltr'>νοητῆς</span> <span class='ocrx_word' id='word_1_493' title='bbox 2605 2476 2959 2548; x_wconf 86' lang='grc' dir='ltr'>καταφρονῶν</span> <span class='ocrx_word' id='word_1_494' title='bbox 2984 2476 3220 2546; x_wconf 88' lang='grc' dir='ltr'>φύσεως,</span> <span class='ocrx_word' id='word_1_495' title='bbox 3260 2477 3391 2547; x_wconf 75' lang='grc' dir='ltr'>περὶ</span> <span class='ocrx_word' id='word_1_496' title='bbox 3412 2477 3469 2529; x_wconf 83' lang='grc' dir='ltr'>δὲ</span> <span class='ocrx_word' id='word_1_497' title='bbox 3491 2476 3556 2530; x_wconf 83' lang='grc' dir='ltr'><strong>τὰ</strong></span> <span class='ocrx_word' id='word_1_498' title='bbox 3581 2476 3785 2547; x_wconf 72' lang='grc' dir='ltr'>αἰσθητά</span> 
     </span>
    </p>
   </div>
   <div class='ocr_carea' id='block_1_71' title="bbox 2239 2564 3783 2640">
    <p class='ocr_par' dir='ltr' id='par_1_71' title="bbox 2239 2564 3783 2640">
     <span class='ocr_line' id='line_1_71' title="bbox 2239 2564 3783 2640; baseline 0.001 -19"><span class='ocrx_word' id='word_1_499' title='bbox 2239 2568 2553 2640; x_wconf 87' lang='grc' dir='ltr'>φιλοχωρῶν</span> <span class='ocrx_word' id='word_1_500' title='bbox 2582 2586 2596 2599; x_wconf 69' lang='grc' dir='ltr'><strong>θ</strong></span> <span class='ocrx_word' id='word_1_501' title='bbox 2636 2569 2743 2622; x_wconf 70' lang='grc' dir='ltr'>οὐδ’</span> <span class='ocrx_word' id='word_1_502' title='bbox 2777 2564 2930 2633; x_wconf 70' lang='grc' dir='ltr'>οὗτος</span> <span class='ocrx_word' id='word_1_503' title='bbox 2978 2569 3310 2640; x_wconf 77' lang='grc' dir='ltr'>ἐδοκίμασεν</span> <span class='ocrx_word' id='word_1_504' title='bbox 3352 2569 3410 2637; x_wconf 73' lang='grc' dir='ltr'><strong>ἐξ</strong></span> <span class='ocrx_word' id='word_1_505' title='bbox 3438 2569 3603 2640; x_wconf 85' lang='grc' dir='ltr'>ἀρχῆς</span> <span class='ocrx_word' id='word_1_506' title='bbox 3630 2569 3664 2625; x_wconf 80' lang='grc' dir='ltr'><strong>ἃ</strong></span> <span class='ocrx_word' id='word_1_507' title='bbox 3697 2568 3783 2622; x_wconf 82' lang='grc' dir='ltr'><strong>ὲὼ-</strong></span> 
     </span>
    </p>
   </div>
   <div class='ocr_carea' id='block_1_72' title="bbox 2237 2653 3781 2731">
    <p class='ocr_par' dir='ltr' id='par_1_72' title="bbox 2237 2653 3781 2731">
     <span class='ocr_line' id='line_1_72' title="bbox 2237 2653 3781 2731; baseline 0 -18"><span class='ocrx_word' id='word_1_508' title='bbox 2237 2676 2442 2731; x_wconf 89' lang='grc' dir='ltr'>νηνται.</span> <span class='ocrx_word' id='word_1_509' title='bbox 2493 2661 2555 2712; x_wconf 79' lang='grc' dir='ltr'><strong>Εἰ</strong></span> <span class='ocrx_word' id='word_1_510' title='bbox 2577 2661 2605 2712; x_wconf 89' lang='grc' dir='ltr'><strong>ό</strong></span> <span class='ocrx_word' id='word_1_511' title='bbox 2652 2660 2744 2713; x_wconf 83' lang='grc' dir='ltr'><strong>δύο</strong></span> <span class='ocrx_word' id='word_1_512' title='bbox 2772 2660 3004 2731; x_wconf 84' lang='grc' dir='ltr'>ἀριθμὸς</span> <span class='ocrx_word' id='word_1_513' title='bbox 3035 2660 3129 2713; x_wconf 75' lang='grc' dir='ltr'><strong>ἐπὶ</strong></span> <span class='ocrx_word' id='word_1_514' title='bbox 3160 2659 3305 2725; x_wconf 74' lang='grc' dir='ltr'>ὕλας</span> <span class='ocrx_word' id='word_1_515' title='bbox 3344 2661 3620 2723; x_wconf 81' lang='grc' dir='ltr'>τάσσεται,</span> <span class='ocrx_word' id='word_1_516' title='bbox 3650 2653 3781 2723; x_wconf 76' lang='grc' dir='ltr'>οὗτος</span> 
     </span>
    </p>
   </div>
   <div class='ocr_carea' id='block_1_73' title="bbox 2237 2746 3781 2825">
    <p class='ocr_par' dir='ltr' id='par_1_73' title="bbox 2237 2746 3781 2825">
     <span class='ocr_line' id='line_1_73' title="bbox 2237 2746 3781 2825; baseline 0.001 -20"><span class='ocrx_word' id='word_1_517' title='bbox 2237 2751 2306 2805; x_wconf 79' lang='grc' dir='ltr'>τὰ</span> <span class='ocrx_word' id='word_1_518' title='bbox 2334 2752 2493 2806; x_wconf 85' lang='grc' dir='ltr'>ὑλικὰ</span> <span class='ocrx_word' id='word_1_519' title='bbox 2525 2753 2752 2824; x_wconf 75' lang='grc' dir='ltr'>ἐτίμησε</span> <span class='ocrx_word' id='word_1_520' title='bbox 2772 2771 2785 2784; x_wconf 74' lang='grc' dir='ltr'><strong>ο</strong></span> <span class='ocrx_word' id='word_1_521' title='bbox 2812 2753 2897 2806; x_wconf 85' lang='grc' dir='ltr'><strong>διὸ</strong></span> <span class='ocrx_word' id='word_1_522' title='bbox 2939 2756 3043 2807; x_wconf 76' lang='grc' dir='ltr'>καὶ·</span> <span class='ocrx_word' id='word_1_523' title='bbox 3086 2746 3247 2818; x_wconf 71' lang='grc' dir='ltr'>οὗτος</span> <span class='ocrx_word' id='word_1_524' title='bbox 3296 2753 3358 2806; x_wconf 82' lang='grc' dir='ltr'>τὸ</span> <span class='ocrx_word' id='word_1_525' title='bbox 3399 2753 3577 2825; x_wconf 84' lang='grc' dir='ltr'>νοητὸν</span> <span class='ocrx_word' id='word_1_526' title='bbox 3600 2753 3781 2807; x_wconf 83' lang='grc' dir='ltr'>δεῖπνον</span> 
     </span>
    </p>
   </div>
   <div class='ocr_carea' id='block_1_74' title="bbox 2237 2842 3785 2916">
    <p class='ocr_par' dir='ltr' id='par_1_74' title="bbox 2237 2842 3785 2916">
     <span class='ocr_line' id='line_1_74' title="bbox 2237 2842 3785 2916; baseline 0.001 -21"><span class='ocrx_word' id='word_1_527' title='bbox 2237 2842 2564 2914; x_wconf 83' lang='grc' dir='ltr'>παρῄτηται.</span> <span class='ocrx_word' id='word_1_528' title='bbox 2618 2842 2674 2896; x_wconf 84' lang='grc'><strong>’0</strong></span> <span class='ocrx_word' id='word_1_529' title='bbox 2721 2843 2776 2896; x_wconf 81' lang='grc' dir='ltr'><strong>δὲ</strong></span> <span class='ocrx_word' id='word_1_530' title='bbox 2810 2843 2994 2916; x_wconf 73' lang='grc' dir='ltr'>ἕτερός</span> <span class='ocrx_word' id='word_1_531' title='bbox 3046 2847 3191 2899; x_wconf 82' lang='grc' dir='ltr'>ἐστιν</span> <span class='ocrx_word' id='word_1_532' title='bbox 3238 2846 3276 2898; x_wconf 86' lang='grc' dir='ltr'><strong>ό</strong></span> <span class='ocrx_word' id='word_1_533' title='bbox 3314 2842 3515 2899; x_wconf 76' lang='grc' dir='ltr'>εἰπών·</span> <span class='ocrx_word' id='word_1_534' title='bbox 3547 2843 3785 2898; x_wconf 79' lang='grc' dir='ltr'>Γυναῖκα</span> 
     </span>
    </p>
   </div>
   <div class='ocr_carea' id='block_1_75' title="bbox 2235 2926 3780 3006">
    <p class='ocr_par' dir='ltr' id='par_1_75' title="bbox 2235 2926 3780 3006">
     <span class='ocr_line' id='line_1_75' title="bbox 2235 2926 3780 3006; baseline -0.001 -19"><span class='ocrx_word' id='word_1_535' title='bbox 2235 2932 2425 3004; x_wconf 72' lang='grc' dir='ltr'>ἔγημα</span> <span class='ocrx_word' id='word_1_536' title='bbox 2444 2975 2459 2998; x_wconf 92' lang='grc'><strong>,</strong></span> <span class='ocrx_word' id='word_1_537' title='bbox 2493 2936 2520 2988; x_wconf 87' lang='grc' dir='ltr'>ὁ</span> <span class='ocrx_word' id='word_1_538' title='bbox 2560 2934 2732 2987; x_wconf 80' lang='grc' dir='ltr'>δοκῶν</span> <span class='ocrx_word' id='word_1_539' title='bbox 2761 2926 3054 3006; x_wconf 77' lang='grc' dir='ltr'>έύρηκέναι</span> <span class='ocrx_word' id='word_1_540' title='bbox 3089 2936 3289 3005; x_wconf 85' lang='grc' dir='ltr'>σοφίαν</span> <span class='ocrx_word' id='word_1_541' title='bbox 3308 2978 3321 3003; x_wconf 87' lang='grc'><strong>,</strong></span> <span class='ocrx_word' id='word_1_542' title='bbox 3355 2936 3447 2988; x_wconf 78' lang='grc' dir='ltr'><strong>καὶ</strong></span> <span class='ocrx_word' id='word_1_543' title='bbox 3477 2934 3663 3006; x_wconf 82' lang='grc' dir='ltr'>ταύτης</span> <span class='ocrx_word' id='word_1_544' title='bbox 3684 2946 3780 2987; x_wconf 87' lang='grc' dir='ltr'>κοι-</span> 
     </span>
    </p>
   </div>
   <div class='ocr_carea' id='block_1_76' title="bbox 2235 3026 3780 3100">
    <p class='ocr_par' dir='ltr' id='par_1_76' title="bbox 2235 3026 3780 3100">
     <span class='ocr_line' id='line_1_76' title="bbox 2235 3026 3780 3100; baseline -0.001 -20"><span class='ocrx_word' id='word_1_545' title='bbox 2235 3028 2465 3099; x_wconf 87' lang='grc' dir='ltr'>νωνήσει</span> <span class='ocrx_word' id='word_1_546' title='bbox 2512 3026 2947 3099; x_wconf 81' lang='grc' dir='ltr'>παραιτούμενος</span> <span class='ocrx_word' id='word_1_547' title='bbox 2977 3029 3074 3100; x_wconf 81' lang='grc' dir='ltr'><strong>τὴν</strong></span> <span class='ocrx_word' id='word_1_548' title='bbox 3115 3028 3325 3099; x_wconf 82' lang='grc' dir='ltr'><strong>ἀληθῆ·</strong></span> <span class='ocrx_word' id='word_1_549' title='bbox 3376 3030 3410 3100; x_wconf 79' lang='grc' dir='ltr'>ἢ</span> <span class='ocrx_word' id='word_1_550' title='bbox 3465 3031 3492 3082; x_wconf 87' lang='grc' dir='ltr'><strong>ό</strong></span> <span class='ocrx_word' id='word_1_551' title='bbox 3535 3031 3595 3100; x_wconf 82' lang='grc' dir='ltr'>τῇ</span> <span class='ocrx_word' id='word_1_552' title='bbox 3639 3026 3780 3099; x_wconf 75' lang='grc' dir='ltr'>σαρκὶ</span> 
     </span>
    </p>
   </div>
   <div class='ocr_carea' id='block_1_77' title="bbox 2236 3109 3777 3187">
    <p class='ocr_par' dir='ltr' id='par_1_77' title="bbox 2236 3109 3777 3187">
     <span class='ocr_line' id='line_1_77' title="bbox 2236 3109 3777 3187; baseline -0.004 -18"><span class='ocrx_word' id='word_1_553' title='bbox 2236 3116 2543 3187; x_wconf 78' lang='grc' dir='ltr'>ἑνούμενος,</span> <span class='ocrx_word' id='word_1_554' title='bbox 2580 3116 2854 3187; x_wconf 82' lang='grc' dir='ltr'>φιλήδονος</span> <span class='ocrx_word' id='word_1_555' title='bbox 2885 3115 3081 3186; x_wconf 79' lang='grc' dir='ltr'>μᾶλλον</span> <span class='ocrx_word' id='word_1_556' title='bbox 3112 3116 3146 3186; x_wconf 81' lang='grc' dir='ltr'><strong>ἢ</strong></span> <span class='ocrx_word' id='word_1_557' title='bbox 3174 3116 3445 3185; x_wconf 87' lang='grc' dir='ltr'>φιλόθεος.</span> <span class='ocrx_word' id='word_1_558' title='bbox 3479 3115 3549 3168; x_wconf 80' lang='grc' dir='ltr'>Τὸ</span> <span class='ocrx_word' id='word_1_559' title='bbox 3586 3114 3676 3184; x_wconf 80' lang='grc' dir='ltr'><strong>μὲν</strong></span> <span class='ocrx_word' id='word_1_560' title='bbox 3699 3109 3777 3167; x_wconf 67' lang='grc' dir='ltr'>οὖν</span> 
     </span>
    </p>
   </div>
   <div class='ocr_carea' id='block_1_78' title="bbox 2233 3204 3775 3278">
    <p class='ocr_par' dir='ltr' id='par_1_78' title="bbox 2233 3204 3775 3278">
     <span class='ocr_line' id='line_1_78' title="bbox 2233 3204 3775 3278; baseline -0.001 -18"><span class='ocrx_word' id='word_1_561' title='bbox 2233 3206 2512 3278; x_wconf 80' lang='grc' dir='ltr'>ὁλοσχερὲς</span> <span class='ocrx_word' id='word_1_562' title='bbox 2536 3206 2636 3277; x_wconf 83' lang='grc' dir='ltr'><strong>τῆς</strong></span> <span class='ocrx_word' id='word_1_563' title='bbox 2668 3206 2978 3277; x_wconf 77' lang='grc' dir='ltr'>παραϐολῆς</span> <span class='ocrx_word' id='word_1_564' title='bbox 3000 3206 3189 3271; x_wconf 78' lang='grc' dir='ltr'>οὕτως’</span> <span class='ocrx_word' id='word_1_565' title='bbox 3227 3208 3429 3262; x_wconf 79' lang='grc' dir='ltr'>ἕκλαδε</span> <span class='ocrx_word' id='word_1_566' title='bbox 3471 3208 3523 3260; x_wconf 83' lang='grc' dir='ltr'><strong>δὲ</strong></span> <span class='ocrx_word' id='word_1_567' title='bbox 3574 3207 3658 3260; x_wconf 79' lang='grc' dir='ltr'>καὶ</span> <span class='ocrx_word' id='word_1_568' title='bbox 3692 3204 3775 3259; x_wconf 80' lang='grc' dir='ltr'>ἀλ-</span> 
     </span>
    </p>
   </div>
   <div class='ocr_carea' id='block_1_79' title="bbox 2230 3292 3776 3367">
    <p class='ocr_par' dir='ltr' id='par_1_79' title="bbox 2230 3292 3776 3367">
     <span class='ocr_line' id='line_1_79' title="bbox 2230 3292 3776 3367; baseline -0.003 -17"><span class='ocrx_word' id='word_1_569' title='bbox 2230 3297 2337 3362; x_wconf 90' lang='grc' dir='ltr'><strong>λως</strong></span> <span class='ocrx_word' id='word_1_570' title='bbox 2369 3297 2435 3351; x_wconf 78' lang='grc' dir='ltr'>τὰ</span> <span class='ocrx_word' id='word_1_571' title='bbox 2461 3297 2602 3351; x_wconf 89' lang='grc' dir='ltr'><strong>κατὰ</strong></span> <span class='ocrx_word' id='word_1_572' title='bbox 2633 3297 2723 3350; x_wconf 73' lang='grc' dir='ltr'><strong>τὸν</strong></span> <span class='ocrx_word' id='word_1_573' title='bbox 2764 3296 2956 3360; x_wconf 90' lang='grc' dir='ltr'>τόπον,</span> <span class='ocrx_word' id='word_1_574' title='bbox 2986 3299 3108 3350; x_wconf 85' lang='grc' dir='ltr'>ὅσον</span> <span class='ocrx_word' id='word_1_575' title='bbox 3153 3297 3432 3367; x_wconf 82' lang='grc' dir='ltr'>ἄνθρωποί</span> <span class='ocrx_word' id='word_1_576' title='bbox 3466 3300 3652 3366; x_wconf 82' lang='grc' dir='ltr'>ἐσμεν,</span> <span class='ocrx_word' id='word_1_577' title='bbox 3695 3292 3776 3348; x_wconf 77' lang='grc' dir='ltr'><strong>καὶ</strong></span> 
     </span>
    </p>
   </div>
   <div class='ocr_carea' id='block_1_80' title="bbox 2229 3392 3771 3466">
    <p class='ocr_par' dir='ltr' id='par_1_80' title="bbox 2229 3392 3771 3466">
     <span class='ocr_line' id='line_1_80' title="bbox 2229 3392 3771 3466; baseline -0.004 -16"><span class='ocrx_word' id='word_1_578' title='bbox 2229 3395 2320 3450; x_wconf 83' lang='grc' dir='ltr'>τὸν</span> <span class='ocrx_word' id='word_1_579' title='bbox 2349 3394 2576 3449; x_wconf 87' lang='grc' dir='ltr'>πλοῦτον</span> <span class='ocrx_word' id='word_1_580' title='bbox 2608 3394 2706 3464; x_wconf 79' lang='grc' dir='ltr'><strong>τῆς</strong></span> <span class='ocrx_word' id='word_1_581' title='bbox 2737 3392 2829 3447; x_wconf 84' lang='grc' dir='ltr'><strong>τοῦ</strong></span> <span class='ocrx_word' id='word_1_582' title='bbox 2860 3394 2996 3448; x_wconf 83' lang='grc' dir='ltr'>Θεοῦ</span> <span class='ocrx_word' id='word_1_583' title='bbox 3030 3394 3401 3466; x_wconf 85' lang='grc' dir='ltr'>χρηστότητος</span> <span class='ocrx_word' id='word_1_584' title='bbox 3439 3397 3497 3447; x_wconf 79' lang='grc' dir='ltr'>οὐ</span> <span class='ocrx_word' id='word_1_585' title='bbox 3529 3393 3771 3463; x_wconf 78' lang='grc' dir='ltr'>συμφέρει</span> 
     </span>
    </p>
   </div>
   <div class='ocr_carea' id='block_1_81' title="bbox 2231 3485 3191 3559">
    <p class='ocr_par' dir='ltr' id='par_1_81' title="bbox 2231 3485 3191 3559">
     <span class='ocr_line' id='line_1_81' title="bbox 2231 3485 3191 3559; baseline 0.002 -20"><span class='ocrx_word' id='word_1_586' title='bbox 2231 3485 2517 3555; x_wconf 82' lang='grc' dir='ltr'>γινώσκειν</span> <span class='ocrx_word' id='word_1_587' title='bbox 2546 3488 2699 3559; x_wconf 82' lang='grc' dir='ltr'>ἡμῖν.</span> <span class='ocrx_word' id='word_1_588' title='bbox 3190 3502 3191 3505; x_wconf 80' lang='lat'>‘</span> 
     </span>
    </p>
   </div>
   <div class='ocr_carea' id='block_1_82' title="bbox 2313 3576 3775 3652">
    <p class='ocr_par' dir='ltr' id='par_1_82' title="bbox 2313 3576 3775 3652">
     <span class='ocr_line' id='line_1_82' title="bbox 2313 3576 3775 3652; baseline 0.001 -20"><span class='ocrx_word' id='word_1_589' title='bbox 2313 3578 2643 3648; x_wconf 78' lang='grc' dir='ltr'>Ἀναγκαίως</span> <span class='ocrx_word' id='word_1_590' title='bbox 2684 3580 2713 3632; x_wconf 83' lang='grc' dir='ltr'>ὁ</span> <span class='ocrx_word' id='word_1_591' title='bbox 2760 3578 2892 3643; x_wconf 80' lang='grc' dir='ltr'>Θεὸς</span> <span class='ocrx_word' id='word_1_592' title='bbox 2947 3578 3220 3651; x_wconf 81' lang='grc' dir='ltr'>ἀνθρώπῳ</span> <span class='ocrx_word' id='word_1_593' title='bbox 3249 3577 3560 3652; x_wconf 79' lang='grc' dir='ltr'>ὁμοιοῦται,</span> <span class='ocrx_word' id='word_1_594' title='bbox 3609 3579 3668 3634; x_wconf 79' lang='grc' dir='ltr'>ἵν’</span> <span class='ocrx_word' id='word_1_595' title='bbox 3709 3576 3775 3640; x_wconf 83' lang='grc' dir='ltr'>ὠς</span> 
     </span>
    </p>
   </div>
   <div class='ocr_carea' id='block_1_83' title="bbox 2229 3668 3775 3744">
    <p class='ocr_par' dir='ltr' id='par_1_83' title="bbox 2229 3668 3775 3744">
     <span class='ocr_line' id='line_1_83' title="bbox 2229 3668 3775 3744; baseline -0.002 -20"><span class='ocrx_word' id='word_1_596' title='bbox 2229 3668 2533 3742; x_wconf 82' lang='grc' dir='ltr'>ἀνθρώποις</span> <span class='ocrx_word' id='word_1_597' title='bbox 2557 3670 2784 3744; x_wconf 79' lang='grc' dir='ltr'>λαλήσῃ,</span> <span class='ocrx_word' id='word_1_598' title='bbox 2818 3671 2894 3742; x_wconf 87' lang='grc' dir='ltr'>μὴ</span> <span class='ocrx_word' id='word_1_599' title='bbox 2929 3671 3194 3743; x_wconf 75' lang='grc' dir='ltr'>χωροῦσιν</span> <span class='ocrx_word' id='word_1_600' title='bbox 3224 3671 3641 3743; x_wconf 83' lang='grc' dir='ltr'>οἰκονομηθῆναι</span> <span class='ocrx_word' id='word_1_601' title='bbox 3684 3668 3775 3722; x_wconf 74' lang='grc' dir='ltr'><strong>ὑπὸ</strong></span> 
     </span>
    </p>
   </div>
   <div class='ocr_carea' id='block_1_84' title="bbox 2229 3760 3775 3833">
    <p class='ocr_par' dir='ltr' id='par_1_84' title="bbox 2229 3760 3775 3833">
     <span class='ocr_line' id='line_1_84' title="bbox 2229 3760 3775 3833; baseline 0 -18"><span class='ocrx_word' id='word_1_602' title='bbox 2229 3760 2322 3815; x_wconf 89' lang='grc' dir='ltr'><strong>τοῦ</strong></span> <span class='ocrx_word' id='word_1_603' title='bbox 2355 3761 2489 3815; x_wconf 83' lang='grc' dir='ltr'>Θεοῦ</span> <span class='ocrx_word' id='word_1_604' title='bbox 2525 3761 2721 3826; x_wconf 82' lang='grc' dir='ltr'>πάντα,</span> <span class='ocrx_word' id='word_1_605' title='bbox 2760 3762 3013 3833; x_wconf 78' lang='grc' dir='ltr'>μένοντος</span> <span class='ocrx_word' id='word_1_606' title='bbox 3043 3760 3135 3815; x_wconf 81' lang='grc' dir='ltr'><strong>τοῦ</strong></span> <span class='ocrx_word' id='word_1_607' title='bbox 3165 3761 3326 3818; x_wconf 88' lang='grc' dir='ltr'>Θεοῦ.</span> <span class='ocrx_word' id='word_1_608' title='bbox 3362 3764 3470 3817; x_wconf 74' lang='grc' dir='ltr'>Καὶ</span> <span class='ocrx_word' id='word_1_609' title='bbox 3505 3764 3618 3817; x_wconf 85' lang='grc' dir='ltr'>τότε</span> <span class='ocrx_word' id='word_1_610' title='bbox 3656 3760 3775 3816; x_wconf 79' lang='grc' dir='ltr'>παύ-</span> 
     </span>
    </p>
   </div>
   <div class='ocr_carea' id='block_1_85' title="bbox 2232 3852 3773 3929">
    <p class='ocr_par' dir='ltr' id='par_1_85' title="bbox 2232 3852 3773 3929">
     <span class='ocr_line' id='line_1_85' title="bbox 2232 3852 3773 3929; baseline 0.002 -22"><span class='ocrx_word' id='word_1_611' title='bbox 2232 3870 2381 3908; x_wconf 86' lang='grc' dir='ltr'>σεται</span> <span class='ocrx_word' id='word_1_612' title='bbox 2411 3854 2762 3925; x_wconf 80' lang='grc' dir='ltr'>ὁμοιούμενος</span> <span class='ocrx_word' id='word_1_613' title='bbox 2786 3853 3055 3926; x_wconf 85' lang='grc' dir='ltr'>ἀνθρώπῳ</span> <span class='ocrx_word' id='word_1_614' title='bbox 3075 3895 3088 3919; x_wconf 89' lang='grc'><strong>,</strong></span> <span class='ocrx_word' id='word_1_615' title='bbox 3119 3856 3279 3921; x_wconf 83' lang='grc' dir='ltr'>ὅταν,</span> <span class='ocrx_word' id='word_1_616' title='bbox 3310 3857 3637 3929; x_wconf 80' lang='grc' dir='ltr'>παυσάμενοι</span> <span class='ocrx_word' id='word_1_617' title='bbox 3670 3852 3773 3927; x_wconf 52' lang='grc' dir='ltr'>ἔτι·</span> 
     </span>
    </p>
   </div>
   <div class='ocr_carea' id='block_1_86' title="bbox 2234 3944 3774 4017">
    <p class='ocr_par' dir='ltr' id='par_1_86' title="bbox 2234 3944 3774 4017">
     <span class='ocr_line' id='line_1_86' title="bbox 2234 3944 3774 4017; baseline 0.001 -20"><span class='ocrx_word' id='word_1_618' title='bbox 2234 3945 2342 4011; x_wconf 86' lang='grc' dir='ltr'>δος,</span> <span class='ocrx_word' id='word_1_619' title='bbox 2397 3945 2556 4017; x_wconf 78' lang='grc' dir='ltr'>ζήλου</span> <span class='ocrx_word' id='word_1_620' title='bbox 2602 3946 2696 3998; x_wconf 75' lang='grc' dir='ltr'>καὶ</span> <span class='ocrx_word' id='word_1_621' title='bbox 2746 3944 2852 3998; x_wconf 90' lang='grc' dir='ltr'><strong>τῶν</strong></span> <span class='ocrx_word' id='word_1_622' title='bbox 2899 3944 3097 3999; x_wconf 85' lang='grc' dir='ltr'>λοιπῶν</span> <span class='ocrx_word' id='word_1_623' title='bbox 3143 3947 3351 4012; x_wconf 86' lang='grc' dir='ltr'>κακῶν,</span> <span class='ocrx_word' id='word_1_624' title='bbox 3395 3949 3486 4003; x_wconf 73' lang='grc' dir='ltr'>καὶ</span> <span class='ocrx_word' id='word_1_625' title='bbox 3524 3947 3612 4002; x_wconf 88' lang='grc' dir='ltr'><strong>τοῦ</strong></span> <span class='ocrx_word' id='word_1_626' title='bbox 3668 3946 3774 4000; x_wconf 79' lang='grc' dir='ltr'>κατ’</span> 
     </span>
    </p>
   </div>
   <div class='ocr_carea' id='block_1_87' title="bbox 2227 4035 3772 4110">
    <p class='ocr_par' dir='ltr' id='par_1_87' title="bbox 2227 4035 3772 4110">
     <span class='ocr_line' id='line_1_87' title="bbox 2227 4035 3772 4110; baseline -0.001 -20"><span class='ocrx_word' id='word_1_627' title='bbox 2227 4035 2508 4107; x_wconf 75' lang='grc' dir='ltr'>ἄνθρωπον</span> <span class='ocrx_word' id='word_1_628' title='bbox 2550 4038 2868 4108; x_wconf 83' lang='grc' dir='ltr'>περιπατεῖν</span> <span class='ocrx_word' id='word_1_629' title='bbox 2887 4076 2903 4099; x_wconf 89' lang='grc'><strong>,</strong></span> <span class='ocrx_word' id='word_1_630' title='bbox 2937 4037 3257 4110; x_wconf 79' lang='grc' dir='ltr'>ἀξιωθῶμεν</span> <span class='ocrx_word' id='word_1_631' title='bbox 3307 4035 3535 4094; x_wconf 86' lang='grc' dir='ltr'>ἀκοῦσαί</span> <span class='ocrx_word' id='word_1_632' title='bbox 3563 4038 3660 4093; x_wconf 83' lang='grc' dir='ltr'><strong>ἀπὸ</strong></span> <span class='ocrx_word' id='word_1_633' title='bbox 3689 4036 3772 4091; x_wconf 74' lang='grc' dir='ltr'><strong>τοῦ</strong></span> 
     </span>
    </p>
   </div>
   <div class='ocr_carea' id='block_1_88' title="bbox 2227 4125 3770 4201">
    <p class='ocr_par' dir='ltr' id='par_1_88' title="bbox 2227 4125 3770 4201">
     <span class='ocr_line' id='line_1_88' title="bbox 2227 4125 3770 4201; baseline -0.001 -19"><span class='ocrx_word' id='word_1_634' title='bbox 2227 4128 2394 4182; x_wconf 87' lang='grc' dir='ltr'>Θεοῦ·</span> <span class='ocrx_word' id='word_1_635' title='bbox 2436 4128 2576 4199; x_wconf 80' lang='grc' dir='ltr'><strong>Ἐγὼ</strong></span> <span class='ocrx_word' id='word_1_636' title='bbox 2627 4125 2796 4183; x_wconf 60' lang='grc' dir='ltr'><strong>εἴπω</strong></span> <span class='ocrx_word' id='word_1_637' title='bbox 2852 4130 2985 4184; x_wconf 78' lang='grc' dir='ltr'>Θεοί</span> <span class='ocrx_word' id='word_1_638' title='bbox 3034 4131 3173 4184; x_wconf 84' lang='grc' dir='ltr'>ἐστε</span> <span class='ocrx_word' id='word_1_639' title='bbox 3197 4132 3299 4185; x_wconf 74' lang='grc' dir='ltr'>καὶ</span> <span class='ocrx_word' id='word_1_640' title='bbox 3341 4133 3460 4187; x_wconf 78' lang='grc' dir='ltr'><strong>υἱοὶ</strong></span> <span class='ocrx_word' id='word_1_641' title='bbox 3501 4132 3770 4201; x_wconf 78' lang='grc' dir='ltr'>Ὑψίστου</span> 
     </span>
    </p>
   </div>
   <div class='ocr_carea' id='block_1_89' title="bbox 2227 4220 3771 4293">
    <p class='ocr_par' dir='ltr' id='par_1_89' title="bbox 2227 4220 3771 4293">
     <span class='ocr_line' id='line_1_89' title="bbox 2227 4220 3771 4293; baseline 0.001 -21"><span class='ocrx_word' id='word_1_642' title='bbox 2227 4221 2465 4287; x_wconf 79' lang='grc' dir='ltr'>πάντες.</span> <span class='ocrx_word' id='word_1_643' title='bbox 2496 4221 2776 4274; x_wconf 86' lang='grc' dir='ltr'>Πέπαυται</span> <span class='ocrx_word' id='word_1_644' title='bbox 2816 4220 2875 4274; x_wconf 80' lang='grc' dir='ltr'><strong>δὲ</strong></span> <span class='ocrx_word' id='word_1_645' title='bbox 2922 4221 3017 4275; x_wconf 75' lang='grc' dir='ltr'><strong>καὶ</strong></span> <span class='ocrx_word' id='word_1_646' title='bbox 3064 4221 3197 4276; x_wconf 78' lang='grc' dir='ltr'>ἄλλα</span> <span class='ocrx_word' id='word_1_647' title='bbox 3236 4224 3408 4277; x_wconf 87' lang='grc' dir='ltr'>πολλὰ</span> <span class='ocrx_word' id='word_1_648' title='bbox 3447 4223 3771 4293; x_wconf 86' lang='grc' dir='ltr'>καλούμενος,</span> 
     </span>
    </p>
   </div>
   <div class='ocr_carea' id='block_1_90' title="bbox 2224 4305 3772 4385">
    <p class='ocr_par' dir='ltr' id='par_1_90' title="bbox 2224 4305 3772 4385">
     <span class='ocr_line' id='line_1_90' title="bbox 2224 4305 3772 4385; baseline -0.003 -20"><span class='ocrx_word' id='word_1_649' title='bbox 2224 4305 2298 4365; x_wconf 82' lang='grc' dir='ltr'>ὧν</span> <span class='ocrx_word' id='word_1_650' title='bbox 2328 4308 2645 4383; x_wconf 85' lang='grc' dir='ltr'>ἁμαρτωλὸς</span> <span class='ocrx_word' id='word_1_651' title='bbox 2671 4308 2859 4381; x_wconf 75' lang='grc' dir='ltr'>χρῄζει</span> <span class='ocrx_word' id='word_1_652' title='bbox 2888 4309 3169 4382; x_wconf 80' lang='grc' dir='ltr'>ἄνθρωπος</span> <span class='ocrx_word' id='word_1_653' title='bbox 3189 4351 3204 4373; x_wconf 87' lang='grc'><strong>,</strong></span> <span class='ocrx_word' id='word_1_654' title='bbox 3236 4310 3413 4385; x_wconf 83' lang='grc' dir='ltr'>πάνθη</span> <span class='ocrx_word' id='word_1_655' title='bbox 3424 4331 3453 4384; x_wconf 95' lang='grc' dir='ltr'><strong>ρ</strong></span> <span class='ocrx_word' id='word_1_656' title='bbox 3503 4313 3591 4367; x_wconf 74' lang='grc' dir='ltr'>καὶ</span> <span class='ocrx_word' id='word_1_657' title='bbox 3631 4309 3772 4372; x_wconf 83' lang='grc' dir='ltr'>λέων,</span> 
     </span>
    </p>
   </div>
   <div class='ocr_carea' id='block_1_91' title="bbox 2225 4401 3769 4475">
    <p class='ocr_par' dir='ltr' id='par_1_91' title="bbox 2225 4401 3769 4475">
     <span class='ocr_line' id='line_1_91' title="bbox 2225 4401 3769 4475; baseline -0.001 -19"><span class='ocrx_word' id='word_1_658' title='bbox 2225 4404 2318 4456; x_wconf 74' lang='grc' dir='ltr'><strong>καὶ</strong></span> <span class='ocrx_word' id='word_1_659' title='bbox 2348 4402 2565 4475; x_wconf 82' lang='grc' dir='ltr'>ἄρκτος,</span> <span class='ocrx_word' id='word_1_660' title='bbox 2594 4403 2668 4465; x_wconf 84' lang='grc' dir='ltr'>ὡς</span> <span class='ocrx_word' id='word_1_661' title='bbox 2695 4403 2753 4455; x_wconf 82' lang='grc' dir='ltr'>ὲν</span> <span class='ocrx_word' id='word_1_662' title='bbox 2782 4404 2894 4466; x_wconf 84' lang='grc' dir='ltr'>τοῖς</span> <span class='ocrx_word' id='word_1_663' title='bbox 2925 4405 3224 4473; x_wconf 80' lang='grc' dir='ltr'>προφήταις</span> <span class='ocrx_word' id='word_1_664' title='bbox 3256 4401 3577 4475; x_wconf 82' lang='grc' dir='ltr'>γέγραπται.</span> <span class='ocrx_word' id='word_1_665' title='bbox 3603 4401 3769 4463; x_wconf 71' lang='grc' dir='ltr'>Οὕτως</span> 
     </span>
    </p>
   </div>
   <div class='ocr_carea' id='block_1_92' title="bbox 562 4490 2139 4573">
    <p class='ocr_par' dir='ltr' id='par_1_92' title="bbox 562 4494 2118 4573">
     <span class='ocr_line' id='line_1_92' title="bbox 562 4494 2118 4573; baseline 0.006 -25"><span class='ocrx_word' id='word_1_666' title='bbox 562 4504 643 4549; x_wconf 88' lang='lat' dir='ltr'><strong>ter</strong></span> <span class='ocrx_word' id='word_1_667' title='bbox 674 4494 912 4566; x_wconf 86' lang='lat' dir='ltr'><strong>intelligo</strong></span> <span class='ocrx_word' id='word_1_668' title='bbox 929 4505 983 4550; x_wconf 89' lang='lat' dir='ltr'><strong>et</strong></span> <span class='ocrx_word' id='word_1_669' title='bbox 1009 4495 1140 4551; x_wconf 87' lang='lat' dir='ltr'><strong>illud</strong></span> <span class='ocrx_word' id='word_1_670' title='bbox 1162 4510 1175 4547; x_wconf 93' lang='lat'><strong>:</strong></span> <span class='ocrx_word' id='word_1_671' title='bbox 1204 4495 1346 4550; x_wconf 86' lang='lat' dir='ltr'><strong>Deus</strong></span> <span class='ocrx_word' id='word_1_672' title='bbox 1364 4506 1558 4564; x_wconf 86' lang='lat' dir='ltr'><strong>noster,</strong></span> <span class='ocrx_word' id='word_1_673' title='bbox 1571 4497 1707 4573; x_wconf 82' lang='lat' dir='ltr'><strong>ignis</strong></span> <span class='ocrx_word' id='word_1_674' title='bbox 1728 4516 2033 4556; x_wconf 79' lang='lat' dir='ltr'><strong>consumens</strong></span> <span class='ocrx_word' id='word_1_675' title='bbox 2051 4504 2118 4560; x_wconf 76' lang='grc'><strong>’⁸.</strong></span> 
     </span>
    </p>
   </div>
   <div class='ocr_carea' id='block_1_93' title="bbox 2236 4490 3765 4573">
    <p class='ocr_par' dir='ltr' id='par_1_93' title="bbox 2236 4492 3765 4562">
     <span class='ocr_line' id='line_1_93' title="bbox 2236 4492 3765 4562; baseline -0.001 -16"><span class='ocrx_word' id='word_1_676' title='bbox 2236 4493 2401 4546; x_wconf 68' lang='grc' dir='ltr'>ὶκούω</span> <span class='ocrx_word' id='word_1_677' title='bbox 2424 4494 2517 4548; x_wconf 83' lang='grc' dir='ltr'><strong>καὶ</strong></span> <span class='ocrx_word' id='word_1_678' title='bbox 2541 4493 2633 4547; x_wconf 90' lang='grc' dir='ltr'><strong>τοῦ</strong></span> <span class='ocrx_word' id='word_1_679' title='bbox 2654 4511 2667 4524; x_wconf 88' lang='grc'><strong>·</strong></span> <span class='ocrx_word' id='word_1_680' title='bbox 2713 4495 2775 4547; x_wconf 82' lang='lat'><strong>&#39;0</strong></span> <span class='ocrx_word' id='word_1_681' title='bbox 2807 4493 2949 4559; x_wconf 71' lang='grc' dir='ltr'>Θεὸς</span> <span class='ocrx_word' id='word_1_682' title='bbox 2974 4492 3138 4562; x_wconf 73' lang='grc' dir='ltr'>ἡμῶν</span> <span class='ocrx_word' id='word_1_683' title='bbox 3176 4492 3294 4562; x_wconf 79' lang='grc' dir='ltr'>πῦρ</span> <span class='ocrx_word' id='word_1_684' title='bbox 3327 4493 3765 4549; x_wconf 73' lang='grc' dir='ltr'>καταναλίσκον.</span> 
     </span>
    </p>
   </div>
   <div class='ocr_carea' id='block_1_94' title="bbox 556 4583 2139 4662">
    <p class='ocr_par' dir='ltr' id='par_1_94' title="bbox 556 4583 2122 4662">
     <span class='ocr_line' id='line_1_94' title="bbox 556 4583 2122 4662; baseline 0.008 -24"><span class='ocrx_word' id='word_1_685' title='bbox 556 4583 665 4650; x_wconf 84' lang='lat' dir='ltr'><strong>Pro</strong></span> <span class='ocrx_word' id='word_1_686' title='bbox 696 4600 761 4639; x_wconf 92' lang='lat' dir='ltr'><strong>eo</strong></span> <span class='ocrx_word' id='word_1_687' title='bbox 790 4586 933 4641; x_wconf 90' lang='lat' dir='ltr'><strong>enim</strong></span> <span class='ocrx_word' id='word_1_688' title='bbox 961 4588 1064 4660; x_wconf 89' lang='lat' dir='ltr'><strong>_qui</strong></span> <span class='ocrx_word' id='word_1_689' title='bbox 1101 4588 1295 4659; x_wconf 88' lang='lat' dir='ltr'><strong>dignus</strong></span> <span class='ocrx_word' id='word_1_690' title='bbox 1330 4604 1437 4643; x_wconf 92' lang='lat' dir='ltr'><strong>non</strong></span> <span class='ocrx_word' id='word_1_691' title='bbox 1462 4597 1546 4645; x_wconf 87' lang='lat' dir='ltr'><strong>est</strong></span> <span class='ocrx_word' id='word_1_692' title='bbox 1572 4595 2000 4662; x_wconf 86' lang='lat' dir='ltr'><strong>consumptione,</strong></span> <span class='ocrx_word' id='word_1_693' title='bbox 2032 4595 2122 4651; x_wconf 82' lang='lat' dir='ltr'><strong>lux</strong></span> 
     </span>
    </p>
   </div>
   <div class='ocr_carea' id='block_1_95' title="bbox 2236 4583 3770 4662">
    <p class='ocr_par' dir='ltr' id='par_1_95' title="bbox 2236 4583 3770 4657">
     <span class='ocr_line' id='line_1_95' title="bbox 2236 4583 3770 4657; baseline -0.001 -20"><span class='ocrx_word' id='word_1_694' title='bbox 2236 4583 2315 4656; x_wconf 80' lang='grc' dir='ltr'><strong>Τῷ</strong></span> <span class='ocrx_word' id='word_1_695' title='bbox 2344 4585 2451 4657; x_wconf 75' lang='grc' dir='ltr'><strong>γὰρ</strong></span> <span class='ocrx_word' id='word_1_696' title='bbox 2506 4586 2604 4640; x_wconf 79' lang='grc' dir='ltr'><strong>οὐκ</strong></span> <span class='ocrx_word' id='word_1_697' title='bbox 2645 4586 2755 4640; x_wconf 78' lang='grc' dir='ltr'>ὄντι</span> <span class='ocrx_word' id='word_1_698' title='bbox 2811 4586 2946 4656; x_wconf 80' lang='grc' dir='ltr'>ἀξίῳ</span> <span class='ocrx_word' id='word_1_699' title='bbox 2989 4586 3474 4641; x_wconf 86' lang='grc' dir='ltr'>καταναλίσκεσθαι</span> <span class='ocrx_word' id='word_1_700' title='bbox 3522 4586 3631 4656; x_wconf 77' lang='grc' dir='ltr'><strong>φῶς</strong></span> <span class='ocrx_word' id='word_1_701' title='bbox 3666 4585 3770 4636; x_wconf 85' lang='grc' dir='ltr'>ἐστι</span> 
     </span>
    </p>
   </div>
   <div class='ocr_carea' id='block_1_96' title="bbox 558 4676 2139 4749">
    <p class='ocr_par' dir='ltr' id='par_1_96' title="bbox 558 4677 2124 4744">
     <span class='ocr_line' id='line_1_96' title="bbox 558 4677 2124 4744; baseline 0.004 -11"><span class='ocrx_word' id='word_1_702' title='bbox 558 4687 678 4744; x_wconf 84' lang='lat' dir='ltr'><strong>est;</strong></span> <span class='ocrx_word' id='word_1_703' title='bbox 721 4679 1017 4733; x_wconf 88' lang='lat' dir='ltr'><strong>secundum</strong></span> <span class='ocrx_word' id='word_1_704' title='bbox 1074 4677 1331 4736; x_wconf 82' lang='lat' dir='ltr'><strong>Joannem</strong></span> <span class='ocrx_word' id='word_1_705' title='bbox 1391 4683 1703 4738; x_wconf 84' lang='lat' dir='ltr'><strong>dicentem:</strong></span> <span class='ocrx_word' id='word_1_706' title='bbox 1746 4683 1886 4739; x_wconf 88' lang='lat' dir='ltr'><strong>Deus</strong></span> <span class='ocrx_word' id='word_1_707' title='bbox 1946 4697 2124 4740; x_wconf 88' lang='lat' dir='ltr'><strong>noster</strong></span> 
     </span>
    </p>
   </div>
   <div class='ocr_carea' id='block_1_97' title="bbox 2236 4676 3767 4749">
    <p class='ocr_par' dir='ltr' id='par_1_97' title="bbox 2236 4676 3767 4749">
     <span class='ocr_line' id='line_1_97' title="bbox 2236 4676 3767 4749; baseline -0.001 -20"><span class='ocrx_word' id='word_1_708' title='bbox 2236 4677 2362 4731; x_wconf 65' lang='grc' dir='ltr'>κατὰ</span> <span class='ocrx_word' id='word_1_709' title='bbox 2395 4678 2486 4731; x_wconf 87' lang='grc' dir='ltr'><strong>τὸν</strong></span> <span class='ocrx_word' id='word_1_710' title='bbox 2522 4679 2772 4748; x_wconf 80' lang='grc' dir='ltr'>Ἰωάννην</span> <span class='ocrx_word' id='word_1_711' title='bbox 2799 4677 3043 4746; x_wconf 86' lang='grc' dir='ltr'>λέγοντα·</span> <span class='ocrx_word' id='word_1_712' title='bbox 3061 4677 3112 4729; x_wconf 87' lang='lat'><strong>&#39;0</strong></span> <span class='ocrx_word' id='word_1_713' title='bbox 3140 4678 3282 4745; x_wconf 73' lang='grc' dir='ltr'>Θεὸς</span> <span class='ocrx_word' id='word_1_714' title='bbox 3304 4678 3470 4749; x_wconf 79' lang='grc' dir='ltr'>ἡμῶν</span> <span class='ocrx_word' id='word_1_715' title='bbox 3493 4676 3611 4748; x_wconf 59' lang='grc' dir='ltr'><strong>φῶς</strong></span> <span class='ocrx_word' id='word_1_716' title='bbox 3629 4678 3767 4730; x_wconf 84' lang='grc' dir='ltr'>ἐστι.</span> 
     </span>
    </p>
   </div>
   <div class='ocr_carea' id='block_1_98' title="bbox 557 4766 2139 4845">
    <p class='ocr_par' dir='ltr' id='par_1_98' title="bbox 557 4770 2122 4845">
     <span class='ocr_line' id='line_1_98' title="bbox 557 4770 2122 4845; baseline 0.004 -23"><span class='ocrx_word' id='word_1_717' title='bbox 557 4771 652 4825; x_wconf 73' lang='lat' dir='ltr'><strong>luo:</strong></span> <span class='ocrx_word' id='word_1_718' title='bbox 680 4780 754 4824; x_wconf 85' lang='lat' dir='ltr'><strong>est</strong></span> <span class='ocrx_word' id='word_1_719' title='bbox 774 4770 839 4824; x_wconf 77' lang='grc'><strong>³⁸.</strong></span> <span class='ocrx_word' id='word_1_720' title='bbox 874 4770 940 4824; x_wconf 88' lang='lat' dir='ltr'><strong>Et</strong></span> <span class='ocrx_word' id='word_1_721' title='bbox 985 4786 1209 4827; x_wconf 88' lang='lat' dir='ltr'><strong>rursus:</strong></span> <span class='ocrx_word' id='word_1_722' title='bbox 1247 4770 1523 4839; x_wconf 86' lang='lat' dir='ltr'><strong>Nondum,</strong></span> <span class='ocrx_word' id='word_1_723' title='bbox 1556 4775 1752 4843; x_wconf 88' lang='lat' dir='ltr'><strong>inquit,</strong></span> <span class='ocrx_word' id='word_1_724' title='bbox 1783 4777 2122 4845; x_wconf 77' lang='lat' dir='ltr'><strong>manifestum</strong></span> 
     </span>
    </p>
   </div>
   <div class='ocr_carea' id='block_1_99' title="bbox 2236 4766 3766 4845">
    <p class='ocr_par' dir='ltr' id='par_1_99' title="bbox 2236 4766 3766 4840">
     <span class='ocr_line' id='line_1_99' title="bbox 2236 4766 3766 4840; baseline -0.001 -17"><span class='ocrx_word' id='word_1_725' title='bbox 2236 4771 2332 4823; x_wconf 71' lang='grc' dir='ltr'>Καὶ</span> <span class='ocrx_word' id='word_1_726' title='bbox 2364 4766 2552 4834; x_wconf 72' lang='grc' dir='ltr'>αὖθιςο</span> <span class='ocrx_word' id='word_1_727' title='bbox 2606 4770 2799 4835; x_wconf 79' lang='grc' dir='ltr'>Οὔπω,</span> <span class='ocrx_word' id='word_1_728' title='bbox 2832 4771 3014 4840; x_wconf 71' lang='grc' dir='ltr'>φησιν,</span> <span class='ocrx_word' id='word_1_729' title='bbox 3047 4770 3384 4839; x_wconf 57' lang='grc' dir='ltr'>ἐφανερώοη</span> <span class='ocrx_word' id='word_1_730' title='bbox 3418 4772 3474 4825; x_wconf 82' lang='grc' dir='ltr'>τί</span> <span class='ocrx_word' id='word_1_731' title='bbox 3499 4770 3766 4839; x_wconf 74' lang='grc' dir='ltr'>ἐσόμεθαο</span> 
     </span>
    </p>
   </div>
   <div class='ocr_carea' id='block_1_100' title="bbox 556 4858 2139 4938">
    <p class='ocr_par' dir='ltr' id='par_1_100' title="bbox 556 4860 2121 4938">
     <span class='ocr_line' id='line_1_100' title="bbox 556 4860 2121 4938; baseline 0.004 -23"><span class='ocrx_word' id='word_1_732' title='bbox 556 4863 784 4933; x_wconf 85' lang='lat' dir='ltr'><strong>estquid</strong></span> <span class='ocrx_word' id='word_1_733' title='bbox 824 4863 1040 4917; x_wconf 81' lang='lat' dir='ltr'><strong>erimus.</strong></span> <span class='ocrx_word' id='word_1_734' title='bbox 1082 4860 1336 4918; x_wconf 81' lang='lat' dir='ltr'><strong>Nouimus</strong></span> <span class='ocrx_word' id='word_1_735' title='bbox 1365 4875 1576 4931; x_wconf 82' lang='lat' dir='ltr'><strong>autem,</strong></span> <span class='ocrx_word' id='word_1_736' title='bbox 1620 4870 1758 4936; x_wconf 87' lang='lat' dir='ltr'><strong>quod</strong></span> <span class='ocrx_word' id='word_1_737' title='bbox 1806 4867 1852 4921; x_wconf 86' lang='lat' dir='ltr'><strong>si</strong></span> <span class='ocrx_word' id='word_1_738' title='bbox 1898 4868 2121 4938; x_wconf 78' lang='lat' dir='ltr'><strong>manife-</strong></span> 
     </span>
    </p>
   </div>
   <div class='ocr_carea' id='block_1_101' title="bbox 2236 4858 3768 4938">
    <p class='ocr_par' dir='ltr' id='par_1_101' title="bbox 2236 4858 3768 4932">
     <span class='ocr_line' id='line_1_101' title="bbox 2236 4858 3768 4932; baseline -0.001 -19"><span class='ocrx_word' id='word_1_739' title='bbox 2236 4860 2464 4930; x_wconf 67' lang='lat' dir='ltr'><strong>Jlé‘ayer</strong></span> <span class='ocrx_word' id='word_1_740' title='bbox 2487 4860 2573 4922; x_wconf 83' lang='grc' dir='ltr'><strong>δὲ,</strong></span> <span class='ocrx_word' id='word_1_741' title='bbox 2602 4860 2711 4925; x_wconf 82' lang='grc' dir='ltr'>ὅτι,</span> <span class='ocrx_word' id='word_1_742' title='bbox 2744 4863 2850 4915; x_wconf 72' lang='grc' dir='ltr'><strong>ἐὰν</strong></span> <span class='ocrx_word' id='word_1_743' title='bbox 2876 4861 3221 4931; x_wconf 72' lang='grc' dir='ltr'>φανερωθῇ,</span> <span class='ocrx_word' id='word_1_744' title='bbox 3250 4862 3435 4932; x_wconf 79' lang='grc' dir='ltr'>ὅμοιοι</span> <span class='ocrx_word' id='word_1_745' title='bbox 3466 4859 3617 4926; x_wconf 83' lang='grc' dir='ltr'>αὐτῷ</span> <span class='ocrx_word' id='word_1_746' title='bbox 3646 4858 3768 4913; x_wconf 79' lang='grc' dir='ltr'>ἐσό-</span> 
     </span>
    </p>
   </div>
   <div class='ocr_carea' id='block_1_102' title="bbox 555 4948 2139 5028">
    <p class='ocr_par' dir='ltr' id='par_1_102' title="bbox 555 4954 2119 5028">
     <span class='ocr_line' id='line_1_102' title="bbox 555 4954 2119 5028; baseline 0.006 -22"><span class='ocrx_word' id='word_1_747' title='bbox 555 4965 751 5008; x_wconf 85' lang='lat' dir='ltr'><strong>statum</strong></span> <span class='ocrx_word' id='word_1_748' title='bbox 793 4954 990 5023; x_wconf 74' lang='lat' dir='ltr'><strong>fuerit,</strong></span> <span class='ocrx_word' id='word_1_749' title='bbox 1030 4954 1233 5009; x_wconf 83' lang='lat' dir='ltr'><strong>similes</strong></span> <span class='ocrx_word' id='word_1_750' title='bbox 1280 4956 1379 5024; x_wconf 85' lang='lat' dir='ltr'><strong>ipsi</strong></span> <span class='ocrx_word' id='word_1_751' title='bbox 1423 4957 1636 5021; x_wconf 82' lang='lat' dir='ltr'><strong>erimus,</strong></span> <span class='ocrx_word' id='word_1_752' title='bbox 1675 4959 1800 5028; x_wconf 89' lang='lat' dir='ltr'><strong>quia</strong></span> <span class='ocrx_word' id='word_1_753' title='bbox 1831 4959 2119 5015; x_wconf 79' lang='lat' dir='ltr'><strong>videbimus</strong></span> 
     </span>
    </p>
   </div>
   <div class='ocr_carea' id='block_1_103' title="bbox 2236 4948 3767 5028">
    <p class='ocr_par' dir='ltr' id='par_1_103' title="bbox 2236 4948 3767 5021">
     <span class='ocr_line' id='line_1_103' title="bbox 2236 4948 3767 5021; baseline -0.003 -15"><span class='ocrx_word' id='word_1_754' title='bbox 2236 4955 2395 5017; x_wconf 70' lang='lat' dir='ltr'><strong>180a,</strong></span> <span class='ocrx_word' id='word_1_755' title='bbox 2442 4951 2530 5004; x_wconf 79' lang='grc' dir='ltr'>ὅτι</span> <span class='ocrx_word' id='word_1_756' title='bbox 2571 4953 2835 5021; x_wconf 62' lang='grc' dir='ltr'>ὀψόμεθα</span> <span class='ocrx_word' id='word_1_757' title='bbox 2876 4953 3063 5006; x_wconf 78' lang='grc' dir='ltr'>αὑτὸν</span> <span class='ocrx_word' id='word_1_758' title='bbox 3117 4952 3307 5018; x_wconf 84' lang='grc' dir='ltr'>καθώς</span> <span class='ocrx_word' id='word_1_759' title='bbox 3343 4953 3525 5007; x_wconf 73' lang='grc' dir='ltr'>ἐστιν.</span> <span class='ocrx_word' id='word_1_760' title='bbox 3569 4952 3629 5004; x_wconf 76' lang='grc' dir='ltr'><strong>Εἰ</strong></span> <span class='ocrx_word' id='word_1_761' title='bbox 3668 4948 3767 5018; x_wconf 85' lang='grc' dir='ltr'><strong>γὰρ</strong></span> 
     </span>
    </p>
   </div>
   <div class='ocr_carea' id='block_1_104' title="bbox 555 5040 2139 5119">
    <p class='ocr_par' dir='ltr' id='par_1_104' title="bbox 555 5045 2121 5119">
     <span class='ocr_line' id='line_1_104' title="bbox 555 5045 2121 5119; baseline 0.007 -24"><span class='ocrx_word' id='word_1_762' title='bbox 555 5059 674 5096; x_wconf 82' lang='lat' dir='ltr'><strong>eum</strong></span> <span class='ocrx_word' id='word_1_763' title='bbox 711 5047 869 5099; x_wconf 80' lang='lat' dir='ltr'><strong>sicuti</strong></span> <span class='ocrx_word' id='word_1_764' title='bbox 905 5057 980 5100; x_wconf 84' lang='lat' dir='ltr'><strong>est</strong></span> <span class='ocrx_word' id='word_1_765' title='bbox 1006 5045 1073 5102; x_wconf 80' lang='grc' dir='ltr'><strong>⁸ο.</strong></span> <span class='ocrx_word' id='word_1_766' title='bbox 1107 5046 1365 5112; x_wconf 87' lang='lat' dir='ltr'><strong>Quamvis</strong></span> <span class='ocrx_word' id='word_1_767' title='bbox 1395 5048 1538 5102; x_wconf 86' lang='lat' dir='ltr'><strong>enim</strong></span> <span class='ocrx_word' id='word_1_768' title='bbox 1568 5050 1709 5119; x_wconf 81' lang='lat' dir='ltr'><strong>digni</strong></span> <span class='ocrx_word' id='word_1_769' title='bbox 1741 5047 1917 5106; x_wconf 74' lang='lat' dir='ltr'><strong>elfecti</strong></span> <span class='ocrx_word' id='word_1_770' title='bbox 1952 5052 2121 5107; x_wconf 87' lang='lat' dir='ltr'><strong>simus</strong></span> 
     </span>
    </p>
   </div>
   <div class='ocr_carea' id='block_1_105' title="bbox 2236 5040 3762 5119">
    <p class='ocr_par' dir='ltr' id='par_1_105' title="bbox 2236 5040 3762 5114">
     <span class='ocr_line' id='line_1_105' title="bbox 2236 5040 3762 5114; baseline -0.001 -19"><span class='ocrx_word' id='word_1_771' title='bbox 2236 5043 2313 5096; x_wconf 83' lang='grc' dir='ltr'><strong>ιαί</strong></span> <span class='ocrx_word' id='word_1_772' title='bbox 2338 5042 2653 5114; x_wconf 83' lang='grc' dir='ltr'>ἀξιωθῶμεν</span> <span class='ocrx_word' id='word_1_773' title='bbox 2689 5042 2875 5113; x_wconf 65' lang='grc' dir='ltr'>βλέψαι</span> <span class='ocrx_word' id='word_1_774' title='bbox 2908 5042 2998 5096; x_wconf 85' lang='grc' dir='ltr'><strong>νῦν</strong></span> <span class='ocrx_word' id='word_1_775' title='bbox 3042 5043 3133 5097; x_wconf 83' lang='grc' dir='ltr'><strong>τὸν</strong></span> <span class='ocrx_word' id='word_1_776' title='bbox 3175 5044 3305 5097; x_wconf 85' lang='grc' dir='ltr'>Θεὸν</span> <span class='ocrx_word' id='word_1_777' title='bbox 3353 5044 3430 5114; x_wconf 79' lang='grc' dir='ltr'><strong>τῷ</strong></span> <span class='ocrx_word' id='word_1_778' title='bbox 3463 5042 3536 5113; x_wconf 77' lang='grc' dir='ltr'>νῷ</span> <span class='ocrx_word' id='word_1_779' title='bbox 3578 5041 3665 5095; x_wconf 75' lang='grc' dir='ltr'><strong>καὶ</strong></span> <span class='ocrx_word' id='word_1_780' title='bbox 3705 5040 3762 5107; x_wconf 82' lang='grc' dir='ltr'>τῇ</span> 
     </span>
    </p>
   </div>
   <div class='ocr_carea' id='block_1_106' title="bbox 557 5132 2139 5208">
    <p class='ocr_par' dir='ltr' id='par_1_106' title="bbox 557 5132 2119 5202">
     <span class='ocr_line' id='line_1_106' title="bbox 557 5132 2119 5202; baseline 0.004 -18"><span class='ocrx_word' id='word_1_781' title='bbox 557 5142 616 5186; x_wconf 82' lang='grc' dir='ltr'><strong>ιιι</strong></span> <span class='ocrx_word' id='word_1_782' title='bbox 646 5132 1130 5202; x_wconf 74' lang='lat' dir='ltr'><strong>impraesentiarum</strong></span> <span class='ocrx_word' id='word_1_783' title='bbox 1169 5136 1444 5190; x_wconf 84' lang='lat' dir='ltr'><strong>videamus</strong></span> <span class='ocrx_word' id='word_1_784' title='bbox 1487 5136 1651 5191; x_wconf 92' lang='lat' dir='ltr'><strong>Deum</strong></span> <span class='ocrx_word' id='word_1_785' title='bbox 1684 5146 1864 5192; x_wconf 86' lang='lat' dir='ltr'><strong>mente</strong></span> <span class='ocrx_word' id='word_1_786' title='bbox 1906 5146 1962 5193; x_wconf 89' lang='lat' dir='ltr'><strong>et</strong></span> <span class='ocrx_word' id='word_1_787' title='bbox 1995 5154 2119 5193; x_wconf 90' lang='lat' dir='ltr'><strong>cor-</strong></span> 
     </span>
    </p>
   </div>
   <div class='ocr_carea' id='block_1_107' title="bbox 2236 5132 3763 5208">
    <p class='ocr_par' dir='ltr' id='par_1_107' title="bbox 2236 5132 3763 5208">
     <span class='ocr_line' id='line_1_107' title="bbox 2236 5132 3763 5208; baseline -0.004 -18"><span class='ocrx_word' id='word_1_788' title='bbox 2236 5135 2435 5208; x_wconf 80' lang='grc' dir='ltr'>ιιαρδίᾳ,</span> <span class='ocrx_word' id='word_1_789' title='bbox 2465 5137 2525 5189; x_wconf 83' lang='grc' dir='ltr'><strong>οὐ</strong></span> <span class='ocrx_word' id='word_1_790' title='bbox 2566 5135 2833 5206; x_wconf 81' lang='grc' dir='ltr'>βλέπομεν</span> <span class='ocrx_word' id='word_1_791' title='bbox 2864 5134 3025 5189; x_wconf 83' lang='grc' dir='ltr'>αὐτὸν</span> <span class='ocrx_word' id='word_1_792' title='bbox 3072 5135 3263 5203; x_wconf 85' lang='grc' dir='ltr'>καθώς</span> <span class='ocrx_word' id='word_1_793' title='bbox 3283 5138 3467 5200; x_wconf 77' lang='grc' dir='ltr'>ἐστιν,</span> <span class='ocrx_word' id='word_1_794' title='bbox 3513 5132 3641 5188; x_wconf 85' lang='grc' dir='ltr'><strong>ἀλλά</strong></span> <span class='ocrx_word' id='word_1_795' title='bbox 3671 5148 3763 5184; x_wconf 86' lang='grc' dir='ltr'>κα-</span> 
     </span>
    </p>
   </div>
   <div class='ocr_carea' id='block_1_108' title="bbox 556 5220 2139 5303">
    <p class='ocr_par' dir='ltr' id='par_1_108' title="bbox 556 5223 2121 5303">
     <span class='ocr_line' id='line_1_108' title="bbox 556 5223 2121 5303; baseline 0.007 -32"><span class='ocrx_word' id='word_1_796' title='bbox 556 5223 660 5285; x_wconf 67' lang='lat' dir='ltr'><strong>tle;</strong></span> <span class='ocrx_word' id='word_1_797' title='bbox 696 5232 753 5277; x_wconf 87' lang='lat' dir='ltr'><strong>at</strong></span> <span class='ocrx_word' id='word_1_798' title='bbox 786 5238 894 5278; x_wconf 90' lang='lat' dir='ltr'><strong>non</strong></span> <span class='ocrx_word' id='word_1_799' title='bbox 931 5225 1179 5303; x_wconf 80' lang='lat' dir='ltr'><strong>videmus</strong></span> <span class='ocrx_word' id='word_1_800' title='bbox 1203 5239 1324 5281; x_wconf 90' lang='lat' dir='ltr'><strong>eum</strong></span> <span class='ocrx_word' id='word_1_801' title='bbox 1358 5226 1515 5279; x_wconf 84' lang='lat' dir='ltr'><strong>siculi</strong></span> <span class='ocrx_word' id='word_1_802' title='bbox 1543 5234 1643 5291; x_wconf 83' lang='lat' dir='ltr'><strong>est,</strong></span> <span class='ocrx_word' id='word_1_803' title='bbox 1679 5227 1963 5283; x_wconf 10' lang='lat' dir='ltr'><strong>sedisicuti</strong></span> <span class='ocrx_word' id='word_1_804' title='bbox 1992 5243 2121 5282; x_wconf 84' lang='lat' dir='ltr'><strong>con-</strong></span> 
     </span>
    </p>
   </div>
   <div class='ocr_carea' id='block_1_109' title="bbox 2236 5220 3762 5303">
    <p class='ocr_par' dir='ltr' id='par_1_109' title="bbox 2236 5220 3762 5301">
     <span class='ocr_line' id='line_1_109' title="bbox 2236 5220 3762 5301; baseline -0.006 -19"><span class='ocrx_word' id='word_1_805' title='bbox 2236 5220 2332 5293; x_wconf 65' lang='grc' dir='ltr'>ὶὼς</span> <span class='ocrx_word' id='word_1_806' title='bbox 2355 5229 2441 5282; x_wconf 77' lang='grc' dir='ltr'>διὰ</span> <span class='ocrx_word' id='word_1_807' title='bbox 2474 5230 2571 5301; x_wconf 80' lang='grc' dir='ltr'><strong>τὴν</strong></span> <span class='ocrx_word' id='word_1_808' title='bbox 2611 5228 2884 5299; x_wconf 82' lang='grc' dir='ltr'>ἡμετέραν</span> <span class='ocrx_word' id='word_1_809' title='bbox 2917 5229 3224 5301; x_wconf 69' lang='grc' dir='ltr'>οἰκονομίαν</span> <span class='ocrx_word' id='word_1_810' title='bbox 3272 5228 3424 5301; x_wconf 88' lang='grc' dir='ltr'>ήμῶν</span> <span class='ocrx_word' id='word_1_811' title='bbox 3454 5227 3679 5296; x_wconf 80' lang='grc' dir='ltr'>γίνεται’</span> <span class='ocrx_word' id='word_1_812' title='bbox 3708 5225 3762 5273; x_wconf 79' lang='grc' dir='ltr'>ἐν</span> 
     </span>
    </p>
   </div>
   <div class='ocr_carea' id='block_1_110' title="bbox 557 5314 2139 5392">
    <p class='ocr_par' dir='ltr' id='par_1_110' title="bbox 557 5314 2116 5387">
     <span class='ocr_line' id='line_1_110' title="bbox 557 5314 2116 5387; baseline 0.006 -22"><span class='ocrx_word' id='word_1_813' title='bbox 557 5315 715 5383; x_wconf 90' lang='lat' dir='ltr'><strong>tingit</strong></span> <span class='ocrx_word' id='word_1_814' title='bbox 764 5314 920 5370; x_wconf 88' lang='lat' dir='ltr'><strong>nobis</strong></span> <span class='ocrx_word' id='word_1_815' title='bbox 960 5326 1183 5387; x_wconf 90' lang='lat' dir='ltr'><strong>propter</strong></span> <span class='ocrx_word' id='word_1_816' title='bbox 1226 5326 1466 5370; x_wconf 88' lang='lat' dir='ltr'><strong>nostram</strong></span> <span class='ocrx_word' id='word_1_817' title='bbox 1529 5319 1909 5373; x_wconf 69' lang='lat' dir='ltr'><strong>(econoniiam.</strong></span> <span class='ocrx_word' id='word_1_818' title='bbox 1951 5321 2022 5373; x_wconf 87' lang='lat' dir='ltr'><strong>At</strong></span> <span class='ocrx_word' id='word_1_819' title='bbox 2063 5321 2116 5374; x_wconf 89' lang='lat' dir='ltr'><strong>in</strong></span> 
     </span>
    </p>
   </div>
   <div class='ocr_carea' id='block_1_111' title="bbox 2236 5314 3762 5392">
    <p class='ocr_par' dir='ltr' id='par_1_111' title="bbox 2236 5315 3762 5392">
     <span class='ocr_line' id='line_1_111' title="bbox 2236 5315 3762 5392; baseline -0.004 -19"><span class='ocrx_word' id='word_1_820' title='bbox 2236 5322 2278 5374; x_wconf 73' lang='grc' dir='ltr'><strong>Βὲ</strong></span> <span class='ocrx_word' id='word_1_821' title='bbox 2304 5324 2370 5392; x_wconf 76' lang='grc' dir='ltr'>τῇ</span> <span class='ocrx_word' id='word_1_822' title='bbox 2399 5321 2835 5374; x_wconf 84' lang='grc' dir='ltr'>ἁποκαταστάσει</span> <span class='ocrx_word' id='word_1_823' title='bbox 2862 5322 3099 5385; x_wconf 84' lang='grc' dir='ltr'>πάντων,</span> <span class='ocrx_word' id='word_1_824' title='bbox 3122 5316 3197 5377; x_wconf 83' lang='grc' dir='ltr'>ὧν</span> <span class='ocrx_word' id='word_1_825' title='bbox 3228 5323 3490 5388; x_wconf 53' lang='lat' dir='ltr'><strong>utilitas</strong></span> <span class='ocrx_word' id='word_1_826' title='bbox 3515 5320 3605 5373; x_wconf 85' lang='grc' dir='ltr'><strong>διὰ</strong></span> <span class='ocrx_word' id='word_1_827' title='bbox 3634 5315 3762 5370; x_wconf 83' lang='grc' dir='ltr'>στό-</span> 
     </span>
    </p>
   </div>
   <div class='ocr_carea' id='block_1_112' title="bbox 558 5405 2139 5486">
    <p class='ocr_par' dir='ltr' id='par_1_112' title="bbox 558 5407 2117 5480">
     <span class='ocr_line' id='line_1_112' title="bbox 558 5407 2117 5480; baseline 0.004 -21"><span class='ocrx_word' id='word_1_828' title='bbox 558 5407 896 5463; x_wconf 86' lang='lat' dir='ltr'><strong>restitutione</strong></span> <span class='ocrx_word' id='word_1_829' title='bbox 956 5410 1193 5466; x_wconf 87' lang='lat' dir='ltr'><strong>omnium</strong></span> <span class='ocrx_word' id='word_1_830' title='bbox 1235 5426 1435 5476; x_wconf 81' lang='lat' dir='ltr'><strong>rerum,</strong></span> <span class='ocrx_word' id='word_1_831' title='bbox 1480 5426 1616 5480; x_wconf 84' lang='lat' dir='ltr'><strong>quas</strong></span> <span class='ocrx_word' id='word_1_832' title='bbox 1663 5412 1869 5466; x_wconf 84' lang='lat' dir='ltr'><strong>loculus</strong></span> <span class='ocrx_word' id='word_1_833' title='bbox 1908 5421 1983 5467; x_wconf 83' lang='lat' dir='ltr'><strong>est</strong></span> <span class='ocrx_word' id='word_1_834' title='bbox 2025 5429 2117 5478; x_wconf 83' lang='lat' dir='ltr'><strong>per</strong></span> 
     </span>
    </p>
   </div>
   <div class='ocr_carea' id='block_1_113' title="bbox 2236 5405 3759 5486">
    <p class='ocr_par' dir='ltr' id='par_1_113' title="bbox 2236 5405 3759 5486">
     <span class='ocr_line' id='line_1_113' title="bbox 2236 5405 3759 5486; baseline -0.006 -19"><span class='ocrx_word' id='word_1_835' title='bbox 2236 5429 2405 5479; x_wconf 79' lang='grc' dir='ltr'>ιιατος</span> <span class='ocrx_word' id='word_1_836' title='bbox 2444 5411 2566 5466; x_wconf 79' lang='grc' dir='ltr'>τῶν</span> <span class='ocrx_word' id='word_1_837' title='bbox 2606 5412 2788 5482; x_wconf 79' lang='grc' dir='ltr'><strong>ἁγίων</strong></span> <span class='ocrx_word' id='word_1_838' title='bbox 2833 5414 3038 5480; x_wconf 85' lang='grc' dir='ltr'>αὐτοῦ,</span> <span class='ocrx_word' id='word_1_839' title='bbox 3083 5415 3322 5486; x_wconf 75' lang='grc' dir='ltr'>ὀψόμεθα</span> <span class='ocrx_word' id='word_1_840' title='bbox 3371 5415 3465 5483; x_wconf 81' lang='grc' dir='ltr'>οὐχ</span> <span class='ocrx_word' id='word_1_841' title='bbox 3510 5412 3580 5474; x_wconf 84' lang='grc' dir='ltr'>ὡς</span> <span class='ocrx_word' id='word_1_842' title='bbox 3616 5408 3703 5462; x_wconf 89' lang='grc' dir='ltr'><strong>νῦν</strong></span> <span class='ocrx_word' id='word_1_843' title='bbox 3731 5405 3759 5457; x_wconf 80' lang='grc' dir='ltr'><strong><em>ὃ</em></strong></span> 
     </span>
    </p>
   </div>
   <div class='ocr_carea' id='block_1_114' title="bbox 554 5503 2139 5582">
    <p class='ocr_par' dir='ltr' id='par_1_114' title="bbox 554 5503 2117 5582">
     <span class='ocr_line' id='line_1_114' title="bbox 554 5503 2117 5582; baseline 0.005 -30"><span class='ocrx_word' id='word_1_844' title='bbox 554 5516 612 5582; x_wconf 75' lang='lat' dir='ltr'><strong>os</strong></span> <span class='ocrx_word' id='word_1_845' title='bbox 648 5507 950 5555; x_wconf 85' lang='lat' dir='ltr'><strong>sanctorum</strong></span> <span class='ocrx_word' id='word_1_846' title='bbox 980 5503 1092 5573; x_wconf 79' lang='lat' dir='ltr'><strong>ejus</strong></span> <span class='ocrx_word' id='word_1_847' title='bbox 1133 5504 1198 5569; x_wconf 75' lang='grc'>³⁸,</span> <span class='ocrx_word' id='word_1_848' title='bbox 1241 5503 1565 5567; x_wconf 79' lang='lat' dir='ltr'><strong>videbimus,</strong></span> <span class='ocrx_word' id='word_1_849' title='bbox 1617 5519 1720 5559; x_wconf 91' lang='lat' dir='ltr'><strong>non</strong></span> <span class='ocrx_word' id='word_1_850' title='bbox 1766 5506 1908 5559; x_wconf 90' lang='lat' dir='ltr'><strong>sicut</strong></span> <span class='ocrx_word' id='word_1_851' title='bbox 1937 5520 2076 5560; x_wconf 91' lang='lat' dir='ltr'><strong>nunc</strong></span> <span class='ocrx_word' id='word_1_852' title='bbox 2099 5546 2117 5570; x_wconf 87' lang='lat'><strong>,</strong></span> 
     </span>
    </p>
   </div>
   <div class='ocr_carea' id='block_1_115' title="bbox 2236 5503 3760 5582">
    <p class='ocr_par' dir='ltr' id='par_1_115' title="bbox 2236 5504 3760 5580">
     <span class='ocr_line' id='line_1_115' title="bbox 2236 5504 3760 5580; baseline -0.001 -19"><span class='ocrx_word' id='word_1_853' title='bbox 2236 5509 2319 5561; x_wconf 73' lang='lat' dir='ltr'><strong>n&#39;nt</strong></span> <span class='ocrx_word' id='word_1_854' title='bbox 2341 5508 2505 5571; x_wconf 76' lang='grc' dir='ltr'>ἐστιν,</span> <span class='ocrx_word' id='word_1_855' title='bbox 2532 5507 2644 5561; x_wconf 82' lang='grc' dir='ltr'>ἀλλ’</span> <span class='ocrx_word' id='word_1_856' title='bbox 2673 5508 2747 5572; x_wconf 86' lang='grc' dir='ltr'>ὡς</span> <span class='ocrx_word' id='word_1_857' title='bbox 2786 5510 2982 5580; x_wconf 78' lang='grc' dir='ltr'>πρέπει</span> <span class='ocrx_word' id='word_1_858' title='bbox 3019 5512 3137 5564; x_wconf 86' lang='grc' dir='ltr'>τότε</span> <span class='ocrx_word' id='word_1_859' title='bbox 3163 5552 3177 5575; x_wconf 92' lang='grc'><strong>,</strong></span> <span class='ocrx_word' id='word_1_860' title='bbox 3220 5513 3247 5564; x_wconf 86' lang='grc' dir='ltr'><strong>ὃ</strong></span> <span class='ocrx_word' id='word_1_861' title='bbox 3281 5513 3413 5565; x_wconf 74' lang='grc' dir='ltr'>ἐστι.</span> <span class='ocrx_word' id='word_1_862' title='bbox 3477 5507 3602 5577; x_wconf 82' lang='grc' dir='ltr'>Παρ’</span> <span class='ocrx_word' id='word_1_863' title='bbox 3638 5504 3760 5573; x_wconf 81' lang='grc' dir='ltr'>ἡμῖν</span> 
     </span>
    </p>
   </div>
   <div class='ocr_carea' id='block_1_116' title="bbox 553 5591 2139 5673">
    <p class='ocr_par' dir='ltr' id='par_1_116' title="bbox 553 5593 2110 5666">
     <span class='ocr_line' id='line_1_116' title="bbox 553 5593 2110 5666; baseline 0.007 -23"><span class='ocrx_word' id='word_1_864' title='bbox 553 5593 694 5660; x_wconf 84' lang='lat' dir='ltr'><strong>quod</strong></span> <span class='ocrx_word' id='word_1_865' title='bbox 728 5607 833 5647; x_wconf 91' lang='lat' dir='ltr'><strong>non</strong></span> <span class='ocrx_word' id='word_1_866' title='bbox 867 5603 971 5658; x_wconf 86' lang='lat' dir='ltr'><strong>est,</strong></span> <span class='ocrx_word' id='word_1_867' title='bbox 1025 5596 1117 5649; x_wconf 90' lang='lat' dir='ltr'><strong>sed</strong></span> <span class='ocrx_word' id='word_1_868' title='bbox 1164 5597 1305 5651; x_wconf 88' lang='lat' dir='ltr'><strong>sicut</strong></span> <span class='ocrx_word' id='word_1_869' title='bbox 1349 5596 1598 5665; x_wconf 88' lang='lat' dir='ltr'><strong>congruit</strong></span> <span class='ocrx_word' id='word_1_870' title='bbox 1641 5605 1788 5661; x_wconf 77' lang='lat' dir='ltr'><strong>tunc,</strong></span> <span class='ocrx_word' id='word_1_871' title='bbox 1833 5597 1975 5666; x_wconf 86' lang='lat' dir='ltr'><strong>quod</strong></span> <span class='ocrx_word' id='word_1_872' title='bbox 2007 5606 2110 5654; x_wconf 89' lang='lat' dir='ltr'><strong>est.</strong></span> 
     </span>
    </p>
   </div>
   <div class='ocr_carea' id='block_1_117' title="bbox 2236 5591 3754 5673">
    <p class='ocr_par' dir='ltr' id='par_1_117' title="bbox 2236 5591 3754 5673">
     <span class='ocr_line' id='line_1_117' title="bbox 2236 5591 3754 5673; baseline -0.001 -21"><span class='ocrx_word' id='word_1_873' title='bbox 2236 5601 2322 5652; x_wconf 69' lang='grc' dir='ltr'><strong>ιὲν</strong></span> <span class='ocrx_word' id='word_1_874' title='bbox 2344 5595 2434 5653; x_wconf 84' lang='grc' dir='ltr'><strong>οὖν</strong></span> <span class='ocrx_word' id='word_1_875' title='bbox 2464 5602 2575 5662; x_wconf 88' lang='grc' dir='ltr'>τοῖς</span> <span class='ocrx_word' id='word_1_876' title='bbox 2599 5598 2904 5668; x_wconf 84' lang='grc' dir='ltr'>ἀνθρώποις</span> <span class='ocrx_word' id='word_1_877' title='bbox 2926 5600 3023 5655; x_wconf 84' lang='grc' dir='ltr'><strong>ἀνθ</strong></span> <span class='ocrx_word' id='word_1_878' title='bbox 3033 5603 3195 5673; x_wconf 83' lang='grc' dir='ltr'>ρώπῳ</span> <span class='ocrx_word' id='word_1_879' title='bbox 3216 5600 3465 5673; x_wconf 80' lang='grc' dir='ltr'>ὡμοιώθη</span> <span class='ocrx_word' id='word_1_880' title='bbox 3486 5618 3499 5629; x_wconf 90' lang='grc'><strong>·</strong></span> <span class='ocrx_word' id='word_1_881' title='bbox 3536 5594 3674 5667; x_wconf 75' lang='grc' dir='ltr'><strong>παρά</strong></span> <span class='ocrx_word' id='word_1_882' title='bbox 3701 5591 3754 5643; x_wconf 83' lang='grc' dir='ltr'><strong>δὲ</strong></span> 
     </span>
    </p>
   </div>
   <div class='ocr_carea' id='block_1_118' title="bbox 653 5798 2139 5875">
    <p class='ocr_par' dir='ltr' id='par_1_118' title="bbox 653 5798 2139 5868">
     <span class='ocr_line' id='line_1_118' title="bbox 653 5798 2139 5868; baseline 0.002 -13"><span class='ocrx_word' id='word_1_883' title='bbox 653 5798 863 5857; x_wconf 83' lang='lat' dir='ltr'><strong>&quot;-Psal.</strong></span> <span class='ocrx_word' id='word_1_884' title='bbox 901 5812 1085 5864; x_wconf 76' lang='lat' dir='ltr'><strong>LXXXI,</strong></span> <span class='ocrx_word' id='word_1_885' title='bbox 1117 5798 1169 5854; x_wconf 83' lang='grc' dir='ltr'><strong>ϐ.</strong></span> <span class='ocrx_word' id='word_1_886' title='bbox 1248 5801 1293 5832; x_wconf 77' lang='grc'><strong>’⁸</strong></span> <span class='ocrx_word' id='word_1_887' title='bbox 1323 5799 1477 5856; x_wconf 89' lang='lat' dir='ltr'><strong>Deut.</strong></span> <span class='ocrx_word' id='word_1_888' title='bbox 1509 5816 1584 5867; x_wconf 78' lang='lat' dir='ltr'><strong>tv,</strong></span> <span class='ocrx_word' id='word_1_889' title='bbox 1613 5800 1705 5856; x_wconf 74' lang='lat'><strong>24.</strong></span> <span class='ocrx_word' id='word_1_890' title='bbox 1791 5802 1833 5836; x_wconf 78' lang='grc'><strong>²⁹</strong></span> <span class='ocrx_word' id='word_1_891' title='bbox 1859 5800 2012 5859; x_wconf 80' lang='lat' dir='ltr'><strong>Joan.</strong></span> <span class='ocrx_word' id='word_1_892' title='bbox 2051 5820 2089 5868; x_wconf 88' lang='grc' dir='ltr'><strong>ι,</strong></span> <span class='ocrx_word' id='word_1_893' title='bbox 2118 5804 2139 5858; x_wconf 68' lang='grc' dir='ltr'><strong>ε</strong></span> 
     </span>
    </p>
   </div>
   <div class='ocr_carea' id='block_1_119' title="bbox 2236 5798 3180 5875">
    <p class='ocr_par' dir='ltr' id='par_1_119' title="bbox 2256 5803 3180 5875">
     <span class='ocr_line' id='line_1_119' title="bbox 2256 5803 3180 5875; baseline 0.008 -19"><span class='ocrx_word' id='word_1_894' title='bbox 2256 5805 2298 5836; x_wconf 83' lang='grc' dir='ltr'><strong>³ο</strong></span> <span class='ocrx_word' id='word_1_895' title='bbox 2327 5804 2344 5856; x_wconf 89' lang='lat' dir='ltr'><strong>l</strong></span> <span class='ocrx_word' id='word_1_896' title='bbox 2375 5803 2639 5872; x_wconf 82' lang='lat' dir='ltr'><strong>Joan.&#39;tn,</strong></span> <span class='ocrx_word' id='word_1_897' title='bbox 2670 5808 2726 5865; x_wconf 71' lang='grc'><strong>2.</strong></span> <span class='ocrx_word' id='word_1_898' title='bbox 2814 5811 2852 5842; x_wconf 73' lang='grc'><strong>³⁸</strong></span> <span class='ocrx_word' id='word_1_899' title='bbox 2889 5810 3018 5865; x_wconf 81' lang='lat' dir='ltr'><strong>Luc.</strong></span> <span class='ocrx_word' id='word_1_900' title='bbox 3057 5811 3180 5875; x_wconf 80' lang='lat' dir='ltr'><strong>t,70</strong></span> 
     </span>
    </p>
   </div>
  </div>
