  <div class='ocr_page' id='page_1' title='image "/cluster/home/n/w/nwhite01/storage/ocr_20150623/17/mdp.39015031604831/188.png"; bbox 0 0 3942 6318; ppageno 0'>
   <div class='ocr_carea' id='block_1_1' title="bbox 164 391 261 444">
    <p class='ocr_par' dir='ltr' id='par_1_1' title="bbox 164 391 261 444">
     <span class='ocr_line' id='line_1_1' title="bbox 164 391 261 444; baseline 0 0"><span class='ocrx_word' id='word_1_1' title='bbox 164 391 261 444; x_wconf 75' lang='lat'><strong>565</strong></span> 
     </span>
    </p>
   </div>
   <div class='ocr_carea' id='block_1_2' title="bbox 1431 386 2125 443">
    <p class='ocr_par' dir='ltr' id='par_1_2' title="bbox 1431 386 2125 443">
     <span class='ocr_line' id='line_1_2' title="bbox 1431 386 2125 443; baseline -0.007 0"><span class='ocrx_word' id='word_1_2' title='bbox 1431 386 1722 443; x_wconf 84' lang='lat' dir='ltr'><strong>SCHOLIA</strong></span> <span class='ocrx_word' id='word_1_3' title='bbox 1762 387 1826 441; x_wconf 83' lang='grc' dir='ltr'><strong>ΙΝ</strong></span> <span class='ocrx_word' id='word_1_4' title='bbox 1869 387 2125 441; x_wconf 70' lang='grc' dir='ltr'>ιυυΑΜ.</span> 
     </span>
    </p>
   </div>
   <div class='ocr_carea' id='block_1_3' title="bbox 3288 386 3393 437">
    <p class='ocr_par' dir='ltr' id='par_1_3' title="bbox 3288 386 3393 437">
     <span class='ocr_line' id='line_1_3' title="bbox 3288 386 3393 437; baseline -0.019 0"><span class='ocrx_word' id='word_1_5' title='bbox 3288 386 3393 437; x_wconf 67' lang='grc' dir='ltr'>ὖϋθ</span> 
     </span>
    </p>
   </div>
   <div class='ocr_carea' id='block_1_4' title="bbox 160 495 1734 578">
    <p class='ocr_par' dir='ltr' id='par_1_4' title="bbox 160 506 1724 578">
     <span class='ocr_line' id='line_1_4' title="bbox 160 506 1724 578; baseline 0 -18"><span class='ocrx_word' id='word_1_6' title='bbox 160 508 260 570; x_wconf 82' lang='grc' dir='ltr'>τοῖς</span> <span class='ocrx_word' id='word_1_7' title='bbox 288 507 520 571; x_wconf 77' lang='grc' dir='ltr'>ἑαυτοὺς</span> <span class='ocrx_word' id='word_1_8' title='bbox 548 506 882 563; x_wconf 87' lang='grc' dir='ltr'>ἀποθεώσασι</span> <span class='ocrx_word' id='word_1_9' title='bbox 899 507 1042 578; x_wconf 78' lang='grc' dir='ltr'>Θεῷο</span> <span class='ocrx_word' id='word_1_10' title='bbox 1089 507 1142 561; x_wconf 85' lang='lat'><strong>&#39;0</strong></span> <span class='ocrx_word' id='word_1_11' title='bbox 1172 508 1314 574; x_wconf 83' lang='grc' dir='ltr'><strong>Θεὸς</strong></span> <span class='ocrx_word' id='word_1_12' title='bbox 1348 508 1456 578; x_wconf 84' lang='grc' dir='ltr'><strong>γάρ</strong></span> <span class='ocrx_word' id='word_1_13' title='bbox 1478 508 1605 561; x_wconf 80' lang='grc' dir='ltr'>ἐστι</span> <span class='ocrx_word' id='word_1_14' title='bbox 1628 506 1724 577; x_wconf 85' lang='grc'><strong>(9),</strong></span> 
     </span>
    </p>
   </div>
   <div class='ocr_carea' id='block_1_5' title="bbox 1850 495 3390 578">
    <p class='ocr_par' dir='ltr' id='par_1_5' title="bbox 1850 495 3390 573">
     <span class='ocr_line' id='line_1_5' title="bbox 1850 495 3390 573; baseline -0.001 -17"><span class='ocrx_word' id='word_1_15' title='bbox 1850 504 1990 573; x_wconf 73' lang='lat' dir='ltr'><strong>\pud</strong></span> <span class='ocrx_word' id='word_1_16' title='bbox 2025 517 2126 557; x_wconf 91' lang='lat' dir='ltr'><strong>nos</strong></span> <span class='ocrx_word' id='word_1_17' title='bbox 2159 501 2324 572; x_wconf 99' lang='lat' dir='ltr'><strong>igitur</strong></span> <span class='ocrx_word' id='word_1_18' title='bbox 2366 501 2614 558; x_wconf 82' lang='lat' dir='ltr'><strong>homines</strong></span> <span class='ocrx_word' id='word_1_19' title='bbox 2648 497 2853 554; x_wconf 84' lang='lat' dir='ltr'><strong>homini</strong></span> <span class='ocrx_word' id='word_1_20' title='bbox 2903 495 3232 552; x_wconf 80' lang='lat' dir='ltr'><strong>assimilatus</strong></span> <span class='ocrx_word' id='word_1_21' title='bbox 3269 505 3390 554; x_wconf 88' lang='lat' dir='ltr'><strong>est:</strong></span> 
     </span>
    </p>
   </div>
   <div class='ocr_carea' id='block_1_6' title="bbox 157 600 963 671">
    <p class='ocr_par' dir='ltr' id='par_1_6' title="bbox 157 600 963 671">
     <span class='ocr_line' id='line_1_6' title="bbox 157 600 963 671; baseline 0.001 -19"><span class='ocrx_word' id='word_1_22' title='bbox 157 600 328 670; x_wconf 79' lang='grc' dir='ltr'>φησὶν,</span> <span class='ocrx_word' id='word_1_23' title='bbox 356 600 431 653; x_wconf 85' lang='grc' dir='ltr'><em>ἐν</em></span> <span class='ocrx_word' id='word_1_24' title='bbox 458 600 775 671; x_wconf 70' lang='grc' dir='ltr'>συναγωγῇ</span> <span class='ocrx_word' id='word_1_25' title='bbox 796 600 963 655; x_wconf 75' lang='grc' dir='ltr'><em>θεῶν.</em></span> 
     </span>
    </p>
   </div>
   <div class='ocr_carea' id='block_1_7' title="bbox 780 778 1079 831">
    <p class='ocr_par' dir='ltr' id='par_1_7' title="bbox 780 778 1079 831">
     <span class='ocr_line' id='line_1_7' title="bbox 780 778 1079 831; baseline -0.007 0"><span class='ocrx_word' id='word_1_26' title='bbox 780 778 936 831; x_wconf 82' lang='grc' dir='ltr'>ΚΕΦ.</span> <span class='ocrx_word' id='word_1_27' title='bbox 980 779 1079 831; x_wconf 86' lang='lat' dir='ltr'><strong>IE&#39;.</strong></span> 
     </span>
    </p>
   </div>
   <div class='ocr_carea' id='block_1_8' title="bbox 153 869 1723 941">
    <p class='ocr_par' dir='ltr' id='par_1_8' title="bbox 153 869 1723 941">
     <span class='ocr_line' id='line_1_8' title="bbox 153 869 1723 941; baseline 0.001 -19"><span class='ocrx_word' id='word_1_28' title='bbox 153 870 287 941; x_wconf 83' lang='grc' dir='ltr'>Στίχ.</span> <span class='ocrx_word' id='word_1_29' title='bbox 322 877 435 939; x_wconf 82' lang='grc' dir='ltr'>κγ’.</span> <span class='ocrx_word' id='word_1_30' title='bbox 460 873 568 926; x_wconf 82' lang='grc' dir='ltr'><strong>Καὶ</strong></span> <span class='ocrx_word' id='word_1_31' title='bbox 590 872 939 941; x_wconf 77' lang='grc' dir='ltr'><strong>ἐνέγκαντες</strong></span> <span class='ocrx_word' id='word_1_32' title='bbox 966 873 1073 927; x_wconf 80' lang='grc' dir='ltr'><em>τὸν</em></span> <span class='ocrx_word' id='word_1_33' title='bbox 1113 873 1352 941; x_wconf 81' lang='grc' dir='ltr'><strong>μόσχον</strong></span> <span class='ocrx_word' id='word_1_34' title='bbox 1384 869 1486 923; x_wconf 79' lang='grc' dir='ltr'><em>τὸν</em></span> <span class='ocrx_word' id='word_1_35' title='bbox 1524 885 1723 924; x_wconf 88' lang='grc' dir='ltr'>σιτευ-</span> 
     </span>
    </p>
   </div>
   <div class='ocr_carea' id='block_1_9' title="bbox 433 941 1484 1012">
    <p class='ocr_par' dir='ltr' id='par_1_9' title="bbox 433 941 1484 1012">
     <span class='ocr_line' id='line_1_9' title="bbox 433 941 1484 1012; baseline -0.002 -17"><span class='ocrx_word' id='word_1_36' title='bbox 433 943 560 1005; x_wconf 87' lang='grc' dir='ltr'><em>τὸν,</em></span> <span class='ocrx_word' id='word_1_37' title='bbox 599 944 695 995; x_wconf 79' lang='grc' dir='ltr'><strong>καὶ</strong></span> <span class='ocrx_word' id='word_1_38' title='bbox 724 946 1018 1012; x_wconf 71' lang='grc' dir='ltr'><em>φαγόντες</em></span> <span class='ocrx_word' id='word_1_39' title='bbox 1044 941 1484 1011; x_wconf 65' lang='grc' dir='ltr'><strong>εὐφρανθῶμεν.</strong></span> 
     </span>
    </p>
   </div>
   <div class='ocr_carea' id='block_1_10' title="bbox 213 1033 1721 1107">
    <p class='ocr_par' dir='ltr' id='par_1_10' title="bbox 213 1033 1721 1107">
     <span class='ocr_line' id='line_1_10' title="bbox 213 1033 1721 1107; baseline -0.001 -20"><span class='ocrx_word' id='word_1_40' title='bbox 213 1034 274 1087; x_wconf 83' lang='grc' dir='ltr'><strong>Εἰ</strong></span> <span class='ocrx_word' id='word_1_41' title='bbox 297 1034 353 1088; x_wconf 81' lang='grc' dir='ltr'><strong>δὲ</strong></span> <span class='ocrx_word' id='word_1_42' title='bbox 410 1036 521 1107; x_wconf 82' lang='grc' dir='ltr'>χρὴ</span> <span class='ocrx_word' id='word_1_43' title='bbox 567 1036 654 1088; x_wconf 86' lang='grc' dir='ltr'><strong>τὸν</strong></span> <span class='ocrx_word' id='word_1_44' title='bbox 693 1038 856 1090; x_wconf 89' lang='grc' dir='ltr'>τόπον</span> <span class='ocrx_word' id='word_1_45' title='bbox 904 1038 999 1090; x_wconf 74' lang='grc' dir='ltr'><strong>καὶ</strong></span> <span class='ocrx_word' id='word_1_46' title='bbox 1048 1035 1379 1107; x_wconf 75' lang='grc' dir='ltr'><strong>ὑψηλότερον</strong></span> <span class='ocrx_word' id='word_1_47' title='bbox 1427 1033 1721 1105; x_wconf 79' lang='grc' dir='ltr'>θεωρῆσαι,</span> 
     </span>
    </p>
   </div>
   <div class='ocr_carea' id='block_1_11' title="bbox 148 1125 1724 1199">
    <p class='ocr_par' dir='ltr' id='par_1_11' title="bbox 148 1125 1724 1199">
     <span class='ocr_line' id='line_1_11' title="bbox 148 1125 1724 1199; baseline 0 -19"><span class='ocrx_word' id='word_1_48' title='bbox 148 1127 584 1199; x_wconf 79' lang='grc' dir='ltr'><strong>προκατάρχεται</strong></span> <span class='ocrx_word' id='word_1_49' title='bbox 621 1129 822 1197; x_wconf 89' lang='grc' dir='ltr'>λόγων,</span> <span class='ocrx_word' id='word_1_50' title='bbox 854 1128 1058 1199; x_wconf 77' lang='grc' dir='ltr'><strong>ἠθικῶν</strong></span> <span class='ocrx_word' id='word_1_51' title='bbox 1096 1130 1225 1199; x_wconf 84' lang='grc' dir='ltr'>μὲν,</span> <span class='ocrx_word' id='word_1_52' title='bbox 1261 1125 1370 1180; x_wconf 75' lang='grc' dir='ltr'>οἷον</span> <span class='ocrx_word' id='word_1_53' title='bbox 1404 1127 1629 1198; x_wconf 80' lang='grc' dir='ltr'><strong>τροφῆς,</strong></span> <span class='ocrx_word' id='word_1_54' title='bbox 1664 1125 1724 1178; x_wconf 85' lang='grc' dir='ltr'>ὲν</span> 
     </span>
    </p>
   </div>
   <div class='ocr_carea' id='block_1_12' title="bbox 146 1214 1723 1290">
    <p class='ocr_par' dir='ltr' id='par_1_12' title="bbox 146 1214 1723 1290">
     <span class='ocr_line' id='line_1_12' title="bbox 146 1214 1723 1290; baseline -0.006 -12"><span class='ocrx_word' id='word_1_55' title='bbox 146 1219 215 1290; x_wconf 81' lang='grc' dir='ltr'>τῷ</span> <span class='ocrx_word' id='word_1_56' title='bbox 255 1223 551 1290; x_wconf 63' lang='grc' dir='ltr'><em>φαγόντες</em></span> <span class='ocrx_word' id='word_1_57' title='bbox 584 1262 598 1286; x_wconf 96' lang='grc'><strong>,</strong></span> <span class='ocrx_word' id='word_1_58' title='bbox 647 1222 957 1275; x_wconf 76' lang='grc' dir='ltr'>ἐποπτικῶν</span> <span class='ocrx_word' id='word_1_59' title='bbox 996 1222 1085 1285; x_wconf 85' lang='grc' dir='ltr'><strong>δὲ,</strong></span> <span class='ocrx_word' id='word_1_60' title='bbox 1137 1215 1246 1273; x_wconf 72' lang='grc' dir='ltr'>οἷον</span> <span class='ocrx_word' id='word_1_61' title='bbox 1296 1220 1491 1282; x_wconf 79' lang='grc' dir='ltr'>ποτοῦ,</span> <span class='ocrx_word' id='word_1_62' title='bbox 1534 1221 1590 1271; x_wconf 80' lang='grc' dir='ltr'>ἐν</span> <span class='ocrx_word' id='word_1_63' title='bbox 1647 1214 1723 1288; x_wconf 82' lang='grc' dir='ltr'>τῷ</span> 
     </span>
    </p>
   </div>
   <div class='ocr_carea' id='block_1_13' title="bbox 146 1311 1723 1385">
    <p class='ocr_par' dir='ltr' id='par_1_13' title="bbox 146 1311 1723 1385">
     <span class='ocr_line' id='line_1_13' title="bbox 146 1311 1723 1385; baseline -0.003 -17"><span class='ocrx_word' id='word_1_64' title='bbox 146 1315 587 1384; x_wconf 62' lang='grc' dir='ltr'><em>εὐφρανθῶμεν.</em></span> <span class='ocrx_word' id='word_1_65' title='bbox 637 1311 811 1381; x_wconf 81' lang='grc' dir='ltr'>Οἷνος</span> <span class='ocrx_word' id='word_1_66' title='bbox 843 1315 950 1385; x_wconf 80' lang='grc' dir='ltr'>γὰρ</span> <span class='ocrx_word' id='word_1_67' title='bbox 999 1314 1155 1383; x_wconf 78' lang='grc' dir='ltr'><strong>ἀρχὴ</strong></span> <span class='ocrx_word' id='word_1_68' title='bbox 1201 1314 1614 1383; x_wconf 66' lang='grc' dir='ltr'><strong>εὐφροσύνης,</strong></span> <span class='ocrx_word' id='word_1_69' title='bbox 1648 1312 1723 1375; x_wconf 85' lang='grc' dir='ltr'>ὡς</span> 
     </span>
    </p>
   </div>
   <div class='ocr_carea' id='block_1_14' title="bbox 147 1405 475 1476">
    <p class='ocr_par' dir='ltr' id='par_1_14' title="bbox 147 1405 475 1476">
     <span class='ocr_line' id='line_1_14' title="bbox 147 1405 475 1476; baseline 0 -19"><span class='ocrx_word' id='word_1_70' title='bbox 147 1405 475 1476; x_wconf 82' lang='grc' dir='ltr'>γέγραπται.</span> 
     </span>
    </p>
   </div>
   <div class='ocr_carea' id='block_1_15' title="bbox 775 1496 1091 1564">
    <p class='ocr_par' dir='ltr' id='par_1_15' title="bbox 775 1496 1091 1564">
     <span class='ocr_line' id='line_1_15' title="bbox 775 1496 1091 1564; baseline 0.003 -15"><span class='ocrx_word' id='word_1_71' title='bbox 775 1496 931 1549; x_wconf 81' lang='grc' dir='ltr'><strong>ΚΕΦ.</strong></span> <span class='ocrx_word' id='word_1_72' title='bbox 975 1498 1091 1564; x_wconf 73' lang='lat' dir='ltr'><strong>Iq&#39;.</strong></span> 
     </span>
    </p>
   </div>
   <div class='ocr_carea' id='block_1_16' title="bbox 145 1584 1727 1665">
    <p class='ocr_par' dir='ltr' id='par_1_16' title="bbox 145 1584 1727 1665">
     <span class='ocr_line' id='line_1_16' title="bbox 145 1584 1727 1665; baseline 0.002 -29"><span class='ocrx_word' id='word_1_73' title='bbox 145 1584 283 1665; x_wconf 64' lang='grc' dir='ltr'>Στίχ.</span> <span class='ocrx_word' id='word_1_74' title='bbox 318 1586 384 1651; x_wconf 76' lang='grc' dir='ltr'><strong>ιζ’</strong></span> <span class='ocrx_word' id='word_1_75' title='bbox 397 1629 414 1641; x_wconf 93' lang='grc'><strong>.</strong></span> <span class='ocrx_word' id='word_1_76' title='bbox 435 1586 858 1665; x_wconf 46' lang='grc' dir='ltr'>Εὐκοπάιτερον</span> <span class='ocrx_word' id='word_1_77' title='bbox 873 1587 940 1665; x_wconf 60' lang='grc' dir='ltr'>δέ</span> <span class='ocrx_word' id='word_1_78' title='bbox 954 1589 1085 1641; x_wconf 87' lang='grc' dir='ltr'>ἐστι</span> <span class='ocrx_word' id='word_1_79' title='bbox 1098 1588 1209 1665; x_wconf 38' lang='grc' dir='ltr'><em>,τὸν</em></span> <span class='ocrx_word' id='word_1_80' title='bbox 1223 1588 1481 1665; x_wconf 80' lang='grc' dir='ltr'><em>οὐρανὸν</em></span> <span class='ocrx_word' id='word_1_81' title='bbox 1497 1586 1594 1639; x_wconf 77' lang='grc' dir='ltr'><strong>καὶ</strong></span> <span class='ocrx_word' id='word_1_82' title='bbox 1612 1585 1727 1665; x_wconf 64' lang='grc' dir='ltr'><em>τὴν</em></span> 
     </span>
    </p>
   </div>
   <div class='ocr_carea' id='block_1_17' title="bbox 175 1658 1693 1727">
    <p class='ocr_par' dir='ltr' id='par_1_17' title="bbox 175 1658 1693 1727">
     <span class='ocr_line' id='line_1_17' title="bbox 175 1658 1693 1727; baseline -0.001 -16"><span class='ocrx_word' id='word_1_83' title='bbox 175 1658 289 1723; x_wconf 81' lang='grc' dir='ltr'><strong>γῆν</strong></span> <span class='ocrx_word' id='word_1_84' title='bbox 299 1658 651 1727; x_wconf 76' lang='grc' dir='ltr'><em>παρελθεῖν.</em></span> <span class='ocrx_word' id='word_1_85' title='bbox 666 1660 703 1726; x_wconf 80' lang='grc' dir='ltr'><em>ἢ</em></span> <span class='ocrx_word' id='word_1_86' title='bbox 722 1658 828 1711; x_wconf 87' lang='grc' dir='ltr'><strong>τοῦ</strong></span> <span class='ocrx_word' id='word_1_87' title='bbox 840 1659 1028 1726; x_wconf 83' lang='grc' dir='ltr'>νόμου</span> <span class='ocrx_word' id='word_1_88' title='bbox 1038 1658 1185 1725; x_wconf 77' lang='grc' dir='ltr'>μίαν</span> <span class='ocrx_word' id='word_1_89' title='bbox 1200 1659 1443 1727; x_wconf 80' lang='grc' dir='ltr'><em>κεραίαν</em></span> <span class='ocrx_word' id='word_1_90' title='bbox 1464 1658 1693 1712; x_wconf 82' lang='grc' dir='ltr'><em>πεσεῖν.</em></span> 
     </span>
    </p>
   </div>
   <div class='ocr_carea' id='block_1_18' title="bbox 210 1748 1729 1822">
    <p class='ocr_par' dir='ltr' id='par_1_18' title="bbox 210 1748 1729 1822">
     <span class='ocr_line' id='line_1_18' title="bbox 210 1748 1729 1822; baseline -0.001 -21"><span class='ocrx_word' id='word_1_91' title='bbox 210 1748 335 1801; x_wconf 83' lang='grc' dir='ltr'>Ἔτι.</span> <span class='ocrx_word' id='word_1_92' title='bbox 365 1750 479 1818; x_wconf 83' lang='grc' dir='ltr'><strong>μία</strong></span> <span class='ocrx_word' id='word_1_93' title='bbox 513 1752 719 1818; x_wconf 75' lang='grc' dir='ltr'><em>κεραία</em></span> <span class='ocrx_word' id='word_1_94' title='bbox 763 1752 824 1804; x_wconf 84' lang='grc' dir='ltr'><strong>οὑ</strong></span> <span class='ocrx_word' id='word_1_95' title='bbox 859 1751 988 1822; x_wconf 88' lang='grc' dir='ltr'>παρ’</span> <span class='ocrx_word' id='word_1_96' title='bbox 1038 1750 1261 1821; x_wconf 83' lang='grc' dir='ltr'>Ἕλλησι</span> <span class='ocrx_word' id='word_1_97' title='bbox 1307 1750 1463 1820; x_wconf 89' lang='grc' dir='ltr'>μόνον</span> <span class='ocrx_word' id='word_1_98' title='bbox 1511 1750 1627 1802; x_wconf 74' lang='grc' dir='ltr'>ἐστὶ</span> <span class='ocrx_word' id='word_1_99' title='bbox 1668 1749 1729 1800; x_wconf 78' lang='grc' dir='ltr'>τὸ</span> 
     </span>
    </p>
   </div>
   <div class='ocr_carea' id='block_1_19' title="bbox 144 1839 1727 1914">
    <p class='ocr_par' dir='ltr' id='par_1_19' title="bbox 144 1839 1727 1914">
     <span class='ocr_line' id='line_1_19' title="bbox 144 1839 1727 1914; baseline 0.001 -22"><span class='ocrx_word' id='word_1_100' title='bbox 144 1839 273 1893; x_wconf 84' lang='grc' dir='ltr'>ίῶτα</span> <span class='ocrx_word' id='word_1_101' title='bbox 297 1881 313 1903; x_wconf 90' lang='grc'><strong>,</strong></span> <span class='ocrx_word' id='word_1_102' title='bbox 353 1842 632 1898; x_wconf 69' lang='grc' dir='ltr'>ἀλλὰκαὶ</span> <span class='ocrx_word' id='word_1_103' title='bbox 663 1844 792 1913; x_wconf 90' lang='grc' dir='ltr'>παρ’</span> <span class='ocrx_word' id='word_1_104' title='bbox 839 1842 1109 1914; x_wconf 89' lang='grc' dir='ltr'>Ἑϐραίοις</span> <span class='ocrx_word' id='word_1_105' title='bbox 1134 1841 1194 1895; x_wconf 84' lang='grc' dir='ltr'><strong>τὸ</strong></span> <span class='ocrx_word' id='word_1_106' title='bbox 1226 1844 1354 1912; x_wconf 85' lang='grc' dir='ltr'>παρ’</span> <span class='ocrx_word' id='word_1_107' title='bbox 1402 1842 1583 1906; x_wconf 87' lang='grc' dir='ltr'>αὑτοῖς</span> <span class='ocrx_word' id='word_1_108' title='bbox 1626 1858 1727 1894; x_wconf 86' lang='grc' dir='ltr'>κα-</span> 
     </span>
    </p>
   </div>
   <div class='ocr_carea' id='block_1_20' title="bbox 1832 588 3389 664">
    <p class='ocr_par' dir='ltr' id='par_1_20' title="bbox 1832 588 3389 664">
     <span class='ocr_line' id='line_1_20' title="bbox 1832 588 3389 664; baseline -0.002 -18"><span class='ocrx_word' id='word_1_109' title='bbox 1832 594 1972 664; x_wconf 83' lang='lat' dir='ltr'><strong>apud</strong></span> <span class='ocrx_word' id='word_1_110' title='bbox 2016 608 2112 647; x_wconf 90' lang='lat' dir='ltr'><strong>eos</strong></span> <span class='ocrx_word' id='word_1_111' title='bbox 2148 607 2276 646; x_wconf 81' lang='lat' dir='ltr'><strong>vero</strong></span> <span class='ocrx_word' id='word_1_112' title='bbox 2319 593 2409 661; x_wconf 90' lang='lat' dir='ltr'><strong>qui</strong></span> <span class='ocrx_word' id='word_1_113' title='bbox 2458 590 2598 646; x_wconf 89' lang='lat' dir='ltr'><strong>sein</strong></span> <span class='ocrx_word' id='word_1_114' title='bbox 2659 590 2788 645; x_wconf 90' lang='lat' dir='ltr'><strong>deos</strong></span> <span class='ocrx_word' id='word_1_115' title='bbox 2831 588 3090 653; x_wconf 79' lang='lat' dir='ltr'><strong>referunt,</strong></span> <span class='ocrx_word' id='word_1_116' title='bbox 3138 588 3266 642; x_wconf 90' lang='lat' dir='ltr'><strong>Deo.</strong></span> <span class='ocrx_word' id='word_1_117' title='bbox 3308 588 3389 643; x_wconf 84' lang='lat' dir='ltr'><strong>ln-</strong></span> 
     </span>
    </p>
   </div>
   <div class='ocr_carea' id='block_1_21' title="bbox 1832 678 3273 753">
    <p class='ocr_par' dir='ltr' id='par_1_21' title="bbox 1832 678 3273 753">
     <span class='ocr_line' id='line_1_21' title="bbox 1832 678 3273 753; baseline -0.003 -17"><span class='ocrx_word' id='word_1_118' title='bbox 1832 684 1949 753; x_wconf 86' lang='lat' dir='ltr'><strong>quit</strong></span> <span class='ocrx_word' id='word_1_119' title='bbox 1994 684 2137 737; x_wconf 87' lang='lat' dir='ltr'><strong>enim</strong></span> <span class='ocrx_word' id='word_1_120' title='bbox 2181 699 2194 735; x_wconf 90' lang='lat'><strong>:</strong></span> <span class='ocrx_word' id='word_1_121' title='bbox 2230 682 2366 736; x_wconf 89' lang='lat' dir='ltr'><strong>Deus</strong></span> <span class='ocrx_word' id='word_1_122' title='bbox 2403 682 2539 735; x_wconf 70' lang='lat' dir='ltr'><strong>stetit</strong></span> <span class='ocrx_word' id='word_1_123' title='bbox 2577 681 2630 733; x_wconf 89' lang='lat' dir='ltr'><strong>in</strong></span> <span class='ocrx_word' id='word_1_124' title='bbox 2656 695 2920 749; x_wconf 80' lang='lat' dir='ltr'><strong>synagoga</strong></span> <span class='ocrx_word' id='word_1_125' title='bbox 2964 681 3178 733; x_wconf 84' lang='lat' dir='ltr'><strong>deorum</strong></span> <span class='ocrx_word' id='word_1_126' title='bbox 3208 678 3273 732; x_wconf 81' lang='grc'>³¹.</span> 
     </span>
    </p>
   </div>
   <div class='ocr_carea' id='block_1_22' title="bbox 2452 771 2763 828">
    <p class='ocr_par' dir='ltr' id='par_1_22' title="bbox 2452 771 2763 828">
     <span class='ocr_line' id='line_1_22' title="bbox 2452 771 2763 828; baseline -0.013 0"><span class='ocrx_word' id='word_1_127' title='bbox 2452 773 2603 828; x_wconf 86' lang='lat' dir='ltr'><strong>CAP.</strong></span> <span class='ocrx_word' id='word_1_128' title='bbox 2644 771 2763 825; x_wconf 77' lang='lat' dir='ltr'><strong>XV.</strong></span> 
     </span>
    </p>
   </div>
   <div class='ocr_carea' id='block_1_23' title="bbox 1833 864 3391 986">
    <p class='ocr_par' dir='ltr' id='par_1_23' title="bbox 1833 864 3391 986">
     <span class='ocr_line' id='line_1_23' title="bbox 1833 864 3391 986; baseline -0.004 -63"><span class='ocrx_word' id='word_1_129' title='bbox 1833 866 1897 923; x_wconf 79' lang='lat' dir='ltr'><strong>V.</strong></span> <span class='ocrx_word' id='word_1_130' title='bbox 1930 869 2019 923; x_wconf 70' lang='grc'><strong>25.</strong></span> <span class='ocrx_word' id='word_1_131' title='bbox 2055 867 2117 921; x_wconf 82' lang='grc' dir='ltr'>Ει</span> <span class='ocrx_word' id='word_1_132' title='bbox 2142 868 2417 937; x_wconf 72' lang='lat' dir='ltr'><strong>afferentes</strong></span> <span class='ocrx_word' id='word_1_133' title='bbox 2448 865 2673 986; x_wconf 48' lang='lat' dir='ltr'><strong>vitulum</strong></span> <span class='ocrx_word' id='word_1_134' title='bbox 2696 864 2961 934; x_wconf 78' lang='lat' dir='ltr'><strong>pinguem,</strong></span> <span class='ocrx_word' id='word_1_135' title='bbox 2995 874 3042 917; x_wconf 85' lang='lat' dir='ltr'><strong>et</strong></span> <span class='ocrx_word' id='word_1_136' title='bbox 3071 864 3391 918; x_wconf 79' lang='lat' dir='ltr'><strong>comedenm</strong></span> 
     </span>
     <span class='ocr_line' id='line_1_24' title="bbox 2506 946 2745 986; baseline 0 0"><span class='ocrx_word' id='word_1_137' title='bbox 2506 946 2745 986; x_wconf 77' lang='lat' dir='ltr'><strong>wtemur.</strong></span> 
     </span>
    </p>
   </div>
   <div class='ocr_carea' id='block_1_24' title="bbox 2506 946 2745 987">
    <p class='ocr_par' dir='ltr' id='par_1_24' title="bbox 2506 946 2745 987">
     <span class='ocr_line' id='line_1_25' title="bbox 2506 946 2745 987; baseline 0 0"><span class='ocrx_word' id='word_1_138' title='bbox 2506 946 2745 987; x_wconf 77' lang='lat' dir='ltr'><strong>wtemur.</strong></span> 
     </span>
    </p>
   </div>
   <div class='ocr_carea' id='block_1_25' title="bbox 1902 1025 3391 1097">
    <p class='ocr_par' dir='ltr' id='par_1_25' title="bbox 1902 1025 3391 1097">
     <span class='ocr_line' id='line_1_26' title="bbox 1902 1025 3391 1097; baseline -0.003 -13"><span class='ocrx_word' id='word_1_139' title='bbox 1902 1029 1958 1084; x_wconf 91' lang='lat' dir='ltr'><strong>Si</strong></span> <span class='ocrx_word' id='word_1_140' title='bbox 2002 1030 2131 1084; x_wconf 91' lang='lat' dir='ltr'><strong>licet</strong></span> <span class='ocrx_word' id='word_1_141' title='bbox 2172 1029 2317 1082; x_wconf 84' lang='lat' dir='ltr'><strong>hunc</strong></span> <span class='ocrx_word' id='word_1_142' title='bbox 2358 1027 2534 1081; x_wconf 89' lang='lat' dir='ltr'><strong>locum</strong></span> <span class='ocrx_word' id='word_1_143' title='bbox 2580 1025 2868 1081; x_wconf 87' lang='lat' dir='ltr'><strong>sublimius</strong></span> <span class='ocrx_word' id='word_1_144' title='bbox 2905 1026 3282 1097; x_wconf 86' lang='lat' dir='ltr'><strong>contemplari,</strong></span> <span class='ocrx_word' id='word_1_145' title='bbox 3316 1025 3391 1080; x_wconf 88' lang='lat' dir='ltr'><strong>in-</strong></span> 
     </span>
    </p>
   </div>
   <div class='ocr_carea' id='block_1_26' title="bbox 1830 1118 3392 1188">
    <p class='ocr_par' dir='ltr' id='par_1_26' title="bbox 1830 1118 3392 1188">
     <span class='ocr_line' id='line_1_27' title="bbox 1830 1118 3392 1188; baseline -0.003 -10"><span class='ocrx_word' id='word_1_146' title='bbox 1830 1123 2006 1178; x_wconf 88' lang='lat' dir='ltr'><strong>stituit</strong></span> <span class='ocrx_word' id='word_1_147' title='bbox 2036 1136 2341 1185; x_wconf 86' lang='lat' dir='ltr'><strong>sermones,</strong></span> <span class='ocrx_word' id='word_1_148' title='bbox 2396 1118 2629 1173; x_wconf 89' lang='lat' dir='ltr'><strong>morales</strong></span> <span class='ocrx_word' id='word_1_149' title='bbox 2678 1118 2918 1188; x_wconf 84' lang='lat' dir='ltr'><strong>quidem,</strong></span> <span class='ocrx_word' id='word_1_150' title='bbox 2960 1128 3085 1188; x_wconf 89' lang='lat' dir='ltr'><strong>puta</strong></span> <span class='ocrx_word' id='word_1_151' title='bbox 3135 1119 3392 1174; x_wconf 89' lang='lat' dir='ltr'><strong>ciborum.</strong></span> 
     </span>
    </p>
   </div>
   <div class='ocr_carea' id='block_1_27' title="bbox 1830 1211 3392 1281">
    <p class='ocr_par' dir='ltr' id='par_1_27' title="bbox 1830 1211 3392 1281">
     <span class='ocr_line' id='line_1_28' title="bbox 1830 1211 3392 1281; baseline -0.003 -11"><span class='ocrx_word' id='word_1_152' title='bbox 1830 1218 1956 1270; x_wconf 87' lang='lat' dir='ltr'><strong>dum</strong></span> <span class='ocrx_word' id='word_1_153' title='bbox 1998 1214 2075 1268; x_wconf 92' lang='lat' dir='ltr'><strong>ait</strong></span> <span class='ocrx_word' id='word_1_154' title='bbox 2115 1216 2479 1276; x_wconf 82' lang='lat' dir='ltr'><strong>comedentes;</strong></span> <span class='ocrx_word' id='word_1_155' title='bbox 2535 1211 2898 1281; x_wconf 89' lang='lat' dir='ltr'><strong>speculativos</strong></span> <span class='ocrx_word' id='word_1_156' title='bbox 2940 1227 3085 1275; x_wconf 83' lang='lat' dir='ltr'><strong>vero,</strong></span> <span class='ocrx_word' id='word_1_157' title='bbox 3134 1222 3259 1281; x_wconf 88' lang='lat' dir='ltr'><strong>puta</strong></span> <span class='ocrx_word' id='word_1_158' title='bbox 3303 1227 3392 1280; x_wconf 89' lang='lat' dir='ltr'><strong>po-</strong></span> 
     </span>
    </p>
   </div>
   <div class='ocr_carea' id='block_1_28' title="bbox 1833 1300 3394 1372">
    <p class='ocr_par' dir='ltr' id='par_1_28' title="bbox 1833 1300 3394 1372">
     <span class='ocr_line' id='line_1_29' title="bbox 1833 1300 3394 1372; baseline -0.003 -13"><span class='ocrx_word' id='word_1_159' title='bbox 1833 1317 2003 1370; x_wconf 90' lang='lat' dir='ltr'><strong>tuum,</strong></span> <span class='ocrx_word' id='word_1_160' title='bbox 2038 1305 2164 1357; x_wconf 91' lang='lat' dir='ltr'><strong>dum</strong></span> <span class='ocrx_word' id='word_1_161' title='bbox 2220 1304 2393 1371; x_wconf 80' lang='lat' dir='ltr'><strong>inquit</strong></span> <span class='ocrx_word' id='word_1_162' title='bbox 2438 1308 2694 1358; x_wconf 67' lang='lat' dir='ltr'><strong>laetemur.</strong></span> <span class='ocrx_word' id='word_1_163' title='bbox 2740 1302 3018 1372; x_wconf 85' lang='lat' dir='ltr'><strong>Siquidem</strong></span> <span class='ocrx_word' id='word_1_164' title='bbox 3082 1300 3268 1355; x_wconf 83' lang='lat' dir='ltr'><strong>Vinum</strong></span> <span class='ocrx_word' id='word_1_165' title='bbox 3315 1304 3394 1355; x_wconf 85' lang='lat' dir='ltr'><strong>in-</strong></span> 
     </span>
    </p>
   </div>
   <div class='ocr_carea' id='block_1_29' title="bbox 1841 1395 2998 1462">
    <p class='ocr_par' dir='ltr' id='par_1_29' title="bbox 1841 1395 2998 1462">
     <span class='ocr_line' id='line_1_30' title="bbox 1841 1395 2998 1462; baseline -0.003 -13"><span class='ocrx_word' id='word_1_166' title='bbox 1841 1398 1993 1449; x_wconf 87' lang='lat' dir='ltr'><strong>itiunt</strong></span> <span class='ocrx_word' id='word_1_167' title='bbox 2023 1406 2096 1449; x_wconf 87' lang='lat' dir='ltr'><strong>est</strong></span> <span class='ocrx_word' id='word_1_168' title='bbox 2133 1395 2329 1449; x_wconf 77' lang='lat' dir='ltr'><strong>thitite</strong></span> <span class='ocrx_word' id='word_1_169' title='bbox 2354 1395 2421 1460; x_wconf 86' lang='grc'><strong>³³,</strong></span> <span class='ocrx_word' id='word_1_170' title='bbox 2451 1398 2589 1449; x_wconf 78' lang='lat' dir='ltr'><strong>sicut</strong></span> <span class='ocrx_word' id='word_1_171' title='bbox 2614 1396 2870 1462; x_wconf 88' lang='lat' dir='ltr'><strong>scriptum</strong></span> <span class='ocrx_word' id='word_1_172' title='bbox 2898 1402 2998 1448; x_wconf 92' lang='lat' dir='ltr'><strong>est.</strong></span> 
     </span>
    </p>
   </div>
   <div class='ocr_carea' id='block_1_30' title="bbox 2451 1484 2783 1541">
    <p class='ocr_par' dir='ltr' id='par_1_30' title="bbox 2451 1484 2783 1541">
     <span class='ocr_line' id='line_1_31' title="bbox 2451 1484 2783 1541; baseline -0.006 -1"><span class='ocrx_word' id='word_1_173' title='bbox 2451 1485 2602 1541; x_wconf 81' lang='lat' dir='ltr'><strong>CAP.</strong></span> <span class='ocrx_word' id='word_1_174' title='bbox 2644 1484 2783 1541; x_wconf 79' lang='lat' dir='ltr'><strong>XVI.</strong></span> 
     </span>
    </p>
   </div>
   <div class='ocr_carea' id='block_1_31' title="bbox 1832 1578 3396 1647">
    <p class='ocr_par' dir='ltr' id='par_1_31' title="bbox 1832 1578 3396 1647">
     <span class='ocr_line' id='line_1_32' title="bbox 1832 1578 3396 1647; baseline -0.003 -11"><span class='ocrx_word' id='word_1_175' title='bbox 1832 1579 1898 1635; x_wconf 83' lang='lat' dir='ltr'><strong>V.</strong></span> <span class='ocrx_word' id='word_1_176' title='bbox 1922 1582 2008 1635; x_wconf 80' lang='lat' dir='ltr'><strong>I7.</strong></span> <span class='ocrx_word' id='word_1_177' title='bbox 2038 1578 2269 1635; x_wconf 76' lang='lat' dir='ltr'><strong>Facilius</strong></span> <span class='ocrx_word' id='word_1_178' title='bbox 2303 1588 2477 1632; x_wconf 86' lang='lat' dir='ltr'><strong>autem</strong></span> <span class='ocrx_word' id='word_1_179' title='bbox 2504 1588 2579 1632; x_wconf 86' lang='lat' dir='ltr'><strong>est</strong></span> <span class='ocrx_word' id='word_1_180' title='bbox 2614 1578 2798 1632; x_wconf 73' lang='lat' dir='ltr'><strong>caelum</strong></span> <span class='ocrx_word' id='word_1_181' title='bbox 2819 1587 2864 1630; x_wconf 90' lang='lat' dir='ltr'><strong>et</strong></span> <span class='ocrx_word' id='word_1_182' title='bbox 2885 1586 3079 1630; x_wconf 86' lang='lat' dir='ltr'><strong>terram</strong></span> <span class='ocrx_word' id='word_1_183' title='bbox 3114 1580 3396 1647; x_wconf 63' lang='lat' dir='ltr'><strong>praeterire,</strong></span> 
     </span>
    </p>
   </div>
   <div class='ocr_carea' id='block_1_32' title="bbox 2114 1650 3117 1719">
    <p class='ocr_par' dir='ltr' id='par_1_32' title="bbox 2114 1650 3117 1719">
     <span class='ocr_line' id='line_1_33' title="bbox 2114 1650 3117 1719; baseline -0.003 -16"><span class='ocrx_word' id='word_1_184' title='bbox 2114 1667 2271 1719; x_wconf 86' lang='lat' dir='ltr'><strong>quam</strong></span> <span class='ocrx_word' id='word_1_185' title='bbox 2310 1661 2366 1703; x_wconf 90' lang='lat' dir='ltr'><strong>ut</strong></span> <span class='ocrx_word' id='word_1_186' title='bbox 2412 1650 2535 1718; x_wconf 81' lang='lat' dir='ltr'><strong>legis</strong></span> <span class='ocrx_word' id='word_1_187' title='bbox 2575 1665 2709 1703; x_wconf 86' lang='lat' dir='ltr'><strong>unus</strong></span> <span class='ocrx_word' id='word_1_188' title='bbox 2734 1664 2865 1716; x_wconf 74' lang='lat' dir='ltr'><strong>apex</strong></span> <span class='ocrx_word' id='word_1_189' title='bbox 2891 1650 3117 1701; x_wconf 76' lang='lat' dir='ltr'><strong>excidat.</strong></span> 
     </span>
    </p>
   </div>
   <div class='ocr_carea' id='block_1_33' title="bbox 1832 1736 3395 1809">
    <p class='ocr_par' dir='ltr' id='par_1_33' title="bbox 1832 1736 3395 1809">
     <span class='ocr_line' id='line_1_34' title="bbox 1832 1736 3395 1809; baseline 0.004 -18"><span class='ocrx_word' id='word_1_190' title='bbox 1832 1788 1833 1791; x_wconf 44' lang='grc' dir='ltr'><strong>η</strong></span> <span class='ocrx_word' id='word_1_191' title='bbox 1904 1742 2169 1797; x_wconf 62' lang='lat' dir='ltr'><strong>Praeterea</strong></span> <span class='ocrx_word' id='word_1_192' title='bbox 2198 1758 2333 1795; x_wconf 89' lang='lat' dir='ltr'><strong>unus</strong></span> <span class='ocrx_word' id='word_1_193' title='bbox 2378 1756 2531 1809; x_wconf 72' lang='lat' dir='ltr'><strong>apex,</strong></span> <span class='ocrx_word' id='word_1_194' title='bbox 2567 1756 2675 1795; x_wconf 89' lang='lat' dir='ltr'><strong>non</strong></span> <span class='ocrx_word' id='word_1_195' title='bbox 2715 1750 2797 1795; x_wconf 90' lang='lat' dir='ltr'><strong>est</strong></span> <span class='ocrx_word' id='word_1_196' title='bbox 2843 1741 3001 1795; x_wconf 87' lang='lat' dir='ltr'><strong>modo</strong></span> <span class='ocrx_word' id='word_1_197' title='bbox 3046 1742 3154 1795; x_wconf 83' lang='lat' dir='ltr'><strong>iota</strong></span> <span class='ocrx_word' id='word_1_198' title='bbox 3184 1736 3395 1797; x_wconf 60' lang='lat' dir='ltr'><strong>Graeco-</strong></span> 
     </span>
    </p>
   </div>
   <div class='ocr_carea' id='block_1_34' title="bbox 1835 1833 3395 1904">
    <p class='ocr_par' dir='ltr' id='par_1_34' title="bbox 1835 1833 3395 1904">
     <span class='ocr_line' id='line_1_35' title="bbox 1835 1833 3395 1904; baseline 0 -14"><span class='ocrx_word' id='word_1_199' title='bbox 1835 1851 1977 1901; x_wconf 87' lang='lat' dir='ltr'><strong>rum,</strong></span> <span class='ocrx_word' id='word_1_200' title='bbox 2016 1837 2108 1891; x_wconf 91' lang='lat' dir='ltr'><strong>sed</strong></span> <span class='ocrx_word' id='word_1_201' title='bbox 2129 1836 2333 1899; x_wconf 89' lang='lat' dir='ltr'><strong>littera,</strong></span> <span class='ocrx_word' id='word_1_202' title='bbox 2368 1850 2488 1904; x_wconf 83' lang='lat' dir='ltr'><strong>quae</strong></span> <span class='ocrx_word' id='word_1_203' title='bbox 2513 1835 2677 1891; x_wconf 80' lang='lat' dir='ltr'><strong>etiam</strong></span> <span class='ocrx_word' id='word_1_204' title='bbox 2719 1834 2858 1904; x_wconf 89' lang='lat' dir='ltr'><strong>apud</strong></span> <span class='ocrx_word' id='word_1_205' title='bbox 2893 1833 3144 1889; x_wconf 58' lang='lat' dir='ltr'><strong>Hebraeos</strong></span> <span class='ocrx_word' id='word_1_206' title='bbox 3181 1845 3395 1890; x_wconf 79' lang='lat' dir='ltr'><strong>vocatur</strong></span> 
     </span>
    </p>
   </div>
   <div class='ocr_carea' id='block_1_35' title="bbox 142 1926 1734 2002">
    <p class='ocr_par' dir='ltr' id='par_1_35' title="bbox 142 1928 1729 2002">
     <span class='ocr_line' id='line_1_36' title="bbox 142 1928 1729 2002; baseline 0.003 -23"><span class='ocrx_word' id='word_1_207' title='bbox 142 1928 408 1999; x_wconf 80' lang='grc' dir='ltr'>λούμενον</span> <span class='ocrx_word' id='word_1_208' title='bbox 440 1930 559 1984; x_wconf 63' lang='lat' dir='ltr'><strong>too.</strong></span> <span class='ocrx_word' id='word_1_209' title='bbox 590 1931 820 1986; x_wconf 82' lang='grc' dir='ltr'>Δύναται</span> <span class='ocrx_word' id='word_1_210' title='bbox 843 1932 899 1985; x_wconf 83' lang='grc' dir='ltr'><strong>δὲ</strong></span> <span class='ocrx_word' id='word_1_211' title='bbox 934 1932 1065 1985; x_wconf 77' lang='grc' dir='ltr'>ἰῶτα</span> <span class='ocrx_word' id='word_1_212' title='bbox 1098 1932 1438 2002; x_wconf 80' lang='grc' dir='ltr'>συμϐολικῶς</span> <span class='ocrx_word' id='word_1_213' title='bbox 1478 1931 1729 2001; x_wconf 82' lang='grc' dir='ltr'>λέγεσθαι</span> 
     </span>
    </p>
   </div>
   <div class='ocr_carea' id='block_1_36' title="bbox 1850 1926 3395 2002">
    <p class='ocr_par' dir='ltr' id='par_1_36' title="bbox 1850 1926 3395 1998">
     <span class='ocr_line' id='line_1_37' title="bbox 1850 1926 3395 1998; baseline 0.001 -17"><span class='ocrx_word' id='word_1_214' title='bbox 1850 1928 1946 1982; x_wconf 77' lang='grc' dir='ltr'>ῖοά.</span> <span class='ocrx_word' id='word_1_215' title='bbox 1985 1926 2168 1982; x_wconf 90' lang='lat' dir='ltr'><strong>Potest</strong></span> <span class='ocrx_word' id='word_1_216' title='bbox 2211 1938 2391 1982; x_wconf 89' lang='lat' dir='ltr'><strong>autem</strong></span> <span class='ocrx_word' id='word_1_217' title='bbox 2434 1926 2726 1998; x_wconf 85' lang='lat' dir='ltr'><strong>symbolice</strong></span> <span class='ocrx_word' id='word_1_218' title='bbox 2765 1926 2922 1981; x_wconf 83' lang='lat' dir='ltr'><strong>Jesus</strong></span> <span class='ocrx_word' id='word_1_219' title='bbox 2969 1926 3231 1995; x_wconf 89' lang='lat' dir='ltr'><strong>appellari</strong></span> <span class='ocrx_word' id='word_1_220' title='bbox 3271 1928 3395 1993; x_wconf 84' lang='lat' dir='ltr'><strong>iota,</strong></span> 
     </span>
    </p>
   </div>
   <div class='ocr_carea' id='block_1_37' title="bbox 150 2019 1731 2095">
    <p class='ocr_par' dir='ltr' id='par_1_37' title="bbox 150 2019 1731 2095">
     <span class='ocr_line' id='line_1_38' title="bbox 150 2019 1731 2095; baseline 0.002 -23"><span class='ocrx_word' id='word_1_221' title='bbox 150 2019 394 2093; x_wconf 63' lang='grc' dir='ltr'>Ῥητῶς,</span> <span class='ocrx_word' id='word_1_222' title='bbox 447 2022 677 2094; x_wconf 81' lang='grc' dir='ltr'>ἐπείπερ</span> <span class='ocrx_word' id='word_1_223' title='bbox 725 2024 757 2093; x_wconf 86' lang='grc' dir='ltr'>ἡ</span> <span class='ocrx_word' id='word_1_224' title='bbox 807 2023 948 2095; x_wconf 84' lang='grc' dir='ltr'>ἀρχὴ</span> <span class='ocrx_word' id='word_1_225' title='bbox 982 2024 1074 2077; x_wconf 73' lang='grc' dir='ltr'><strong>τοῦ</strong></span> <span class='ocrx_word' id='word_1_226' title='bbox 1120 2023 1381 2093; x_wconf 86' lang='grc' dir='ltr'>ὀνόματος</span> <span class='ocrx_word' id='word_1_227' title='bbox 1426 2023 1592 2077; x_wconf 79' lang='grc' dir='ltr'>αὑτοῦ</span> <span class='ocrx_word' id='word_1_228' title='bbox 1636 2021 1731 2077; x_wconf 75' lang='grc' dir='ltr'><strong>καὶ</strong></span> 
     </span>
    </p>
   </div>
   <div class='ocr_carea' id='block_1_38' title="bbox 138 2114 1729 2189">
    <p class='ocr_par' dir='ltr' id='par_1_38' title="bbox 138 2114 1729 2189">
     <span class='ocr_line' id='line_1_39' title="bbox 138 2114 1729 2189; baseline 0.003 -24"><span class='ocrx_word' id='word_1_229' title='bbox 138 2116 269 2186; x_wconf 85' lang='grc' dir='ltr'>παρ’</span> <span class='ocrx_word' id='word_1_230' title='bbox 303 2116 536 2185; x_wconf 83' lang='grc' dir='ltr'>’Έλλησι</span> <span class='ocrx_word' id='word_1_231' title='bbox 571 2118 665 2170; x_wconf 76' lang='grc' dir='ltr'><strong>καὶ</strong></span> <span class='ocrx_word' id='word_1_232' title='bbox 713 2117 842 2188; x_wconf 82' lang='grc' dir='ltr'>παρ’</span> <span class='ocrx_word' id='word_1_233' title='bbox 884 2118 1152 2189; x_wconf 89' lang='grc' dir='ltr'>Ἑϐραίοις</span> <span class='ocrx_word' id='word_1_234' title='bbox 1190 2116 1300 2169; x_wconf 81' lang='grc' dir='ltr'>ἀπὸ</span> <span class='ocrx_word' id='word_1_235' title='bbox 1327 2114 1417 2169; x_wconf 80' lang='grc' dir='ltr'>τοῦ</span> <span class='ocrx_word' id='word_1_236' title='bbox 1453 2115 1553 2172; x_wconf 64' lang='lat' dir='ltr'><strong>uno</strong></span> <span class='ocrx_word' id='word_1_237' title='bbox 1593 2117 1729 2188; x_wconf 87' lang='grc' dir='ltr'>γρά-</span> 
     </span>
    </p>
   </div>
   <div class='ocr_carea' id='block_1_39' title="bbox 136 2207 1728 2279">
    <p class='ocr_par' dir='ltr' id='par_1_39' title="bbox 136 2207 1728 2279">
     <span class='ocr_line' id='line_1_40' title="bbox 136 2207 1728 2279; baseline 0 -20"><span class='ocrx_word' id='word_1_238' title='bbox 136 2224 329 2273; x_wconf 72' lang='grc' dir='ltr'>φεται.</span> <span class='ocrx_word' id='word_1_239' title='bbox 384 2208 535 2261; x_wconf 87' lang='grc' dir='ltr'>Ἔστι</span> <span class='ocrx_word' id='word_1_240' title='bbox 571 2208 749 2260; x_wconf 79' lang='grc' dir='ltr'>τοίνυν</span> <span class='ocrx_word' id='word_1_241' title='bbox 774 2208 832 2261; x_wconf 82' lang='grc' dir='ltr'><strong>ὲν</strong></span> <span class='ocrx_word' id='word_1_242' title='bbox 881 2208 958 2279; x_wconf 84' lang='grc' dir='ltr'>τῷ</span> <span class='ocrx_word' id='word_1_243' title='bbox 992 2208 1140 2279; x_wconf 85' lang='grc' dir='ltr'>νόμῳ</span> <span class='ocrx_word' id='word_1_244' title='bbox 1178 2210 1207 2260; x_wconf 88' lang='grc' dir='ltr'>ὁ</span> <span class='ocrx_word' id='word_1_245' title='bbox 1248 2207 1418 2275; x_wconf 83' lang='grc' dir='ltr'><strong>Λόγος</strong></span> <span class='ocrx_word' id='word_1_246' title='bbox 1454 2207 1549 2259; x_wconf 81' lang='grc' dir='ltr'>τοῦ</span> <span class='ocrx_word' id='word_1_247' title='bbox 1595 2207 1728 2260; x_wconf 77' lang='grc' dir='ltr'>Θεοῦ</span> 
     </span>
    </p>
   </div>
   <div class='ocr_carea' id='block_1_40' title="bbox 136 2297 1726 2369">
    <p class='ocr_par' dir='ltr' id='par_1_40' title="bbox 136 2297 1726 2369">
     <span class='ocr_line' id='line_1_41' title="bbox 136 2297 1726 2369; baseline 0.003 -22"><span class='ocrx_word' id='word_1_248' title='bbox 136 2297 220 2366; x_wconf 85' lang='grc' dir='ltr'><strong>μὴ</strong></span> <span class='ocrx_word' id='word_1_249' title='bbox 280 2297 695 2369; x_wconf 80' lang='grc' dir='ltr'><strong>παρερχόμενος</strong></span> <span class='ocrx_word' id='word_1_250' title='bbox 737 2298 926 2363; x_wconf 78' lang='grc' dir='ltr'>αὑτὸν,</span> <span class='ocrx_word' id='word_1_251' title='bbox 976 2298 1112 2367; x_wconf 81' lang='grc' dir='ltr'>μηδὲ</span> <span class='ocrx_word' id='word_1_252' title='bbox 1163 2298 1428 2368; x_wconf 83' lang='grc' dir='ltr'>πρότερον</span> <span class='ocrx_word' id='word_1_253' title='bbox 1495 2298 1726 2361; x_wconf 84' lang='grc' dir='ltr'>πίπτων,</span> 
     </span>
    </p>
   </div>
   <div class='ocr_carea' id='block_1_41' title="bbox 138 2390 1729 2462">
    <p class='ocr_par' dir='ltr' id='par_1_41' title="bbox 138 2390 1729 2462">
     <span class='ocr_line' id='line_1_42' title="bbox 138 2390 1729 2462; baseline 0.002 -19"><span class='ocrx_word' id='word_1_254' title='bbox 138 2392 254 2455; x_wconf 76' lang='grc' dir='ltr'>ἓως</span> <span class='ocrx_word' id='word_1_255' title='bbox 275 2390 362 2443; x_wconf 78' lang='grc' dir='ltr'><em>ἂν</em></span> <span class='ocrx_word' id='word_1_256' title='bbox 384 2391 577 2445; x_wconf 79' lang='grc' dir='ltr'>πάντα</span> <span class='ocrx_word' id='word_1_257' title='bbox 605 2392 843 2462; x_wconf 73' lang='grc' dir='ltr'>γένηται</span> <span class='ocrx_word' id='word_1_258' title='bbox 866 2410 878 2423; x_wconf 90' lang='grc'><strong>·</strong></span> <span class='ocrx_word' id='word_1_259' title='bbox 902 2392 1023 2445; x_wconf 90' lang='grc' dir='ltr'>τότε</span> <span class='ocrx_word' id='word_1_260' title='bbox 1047 2393 1103 2445; x_wconf 80' lang='grc' dir='ltr'><strong>δὲ</strong></span> <span class='ocrx_word' id='word_1_261' title='bbox 1125 2394 1339 2445; x_wconf 79' lang='grc' dir='ltr'>πίπτων</span> <span class='ocrx_word' id='word_1_262' title='bbox 1356 2435 1369 2455; x_wconf 88' lang='grc'><strong>,</strong></span> <span class='ocrx_word' id='word_1_263' title='bbox 1395 2394 1481 2446; x_wconf 78' lang='grc' dir='ltr'><strong>ἵνα</strong></span> <span class='ocrx_word' id='word_1_264' title='bbox 1509 2393 1729 2446; x_wconf 80' lang='grc' dir='ltr'>πλείονα</span> 
     </span>
    </p>
   </div>
   <div class='ocr_carea' id='block_1_42' title="bbox 144 2485 1728 2557">
    <p class='ocr_par' dir='ltr' id='par_1_42' title="bbox 144 2485 1728 2557">
     <span class='ocr_line' id='line_1_43' title="bbox 144 2485 1728 2557; baseline 0.003 -22"><span class='ocrx_word' id='word_1_265' title='bbox 144 2485 365 2554; x_wconf 74' lang='grc' dir='ltr'>καρπον</span> <span class='ocrx_word' id='word_1_266' title='bbox 393 2485 557 2556; x_wconf 56' lang='grc' dir='ltr'><strong>(ιιιέρῃ⁸</strong></span> <span class='ocrx_word' id='word_1_267' title='bbox 595 2486 654 2538; x_wconf 90' lang='grc' dir='ltr'><strong>οὑ</strong></span> <span class='ocrx_word' id='word_1_268' title='bbox 689 2486 963 2557; x_wconf 76' lang='grc' dir='ltr'>νικηθεὶς,</span> <span class='ocrx_word' id='word_1_269' title='bbox 1012 2485 1148 2539; x_wconf 88' lang='grc' dir='ltr'><strong>ἀλλά</strong></span> <span class='ocrx_word' id='word_1_270' title='bbox 1190 2486 1563 2553; x_wconf 76' lang='grc' dir='ltr'><em>ταπεινώσας</em></span> <span class='ocrx_word' id='word_1_271' title='bbox 1592 2487 1728 2539; x_wconf 84' lang='grc' dir='ltr'><strong>ἐαυ-</strong></span> 
     </span>
    </p>
   </div>
   <div class='ocr_carea' id='block_1_43' title="bbox 148 2575 1728 2656">
    <p class='ocr_par' dir='ltr' id='par_1_43' title="bbox 148 2575 1728 2656">
     <span class='ocr_line' id='line_1_44' title="bbox 148 2575 1728 2656; baseline 0.003 -30"><span class='ocrx_word' id='word_1_272' title='bbox 148 2575 271 2656; x_wconf 66' lang='grc' dir='ltr'><strong>τρν,</strong></span> <span class='ocrx_word' id='word_1_273' title='bbox 299 2575 404 2628; x_wconf 79' lang='grc' dir='ltr'><strong>καὶ</strong></span> <span class='ocrx_word' id='word_1_274' title='bbox 437 2578 755 2646; x_wconf 76' lang='grc' dir='ltr'>γενόμενος</span> <span class='ocrx_word' id='word_1_275' title='bbox 787 2576 1055 2645; x_wconf 78' lang='grc' dir='ltr'><strong>ὑπήκοος</strong></span> <span class='ocrx_word' id='word_1_276' title='bbox 1099 2578 1274 2648; x_wconf 83' lang='grc' dir='ltr'>μέχρι</span> <span class='ocrx_word' id='word_1_277' title='bbox 1307 2578 1595 2642; x_wconf 81' lang='grc' dir='ltr'>θανάτου,</span> <span class='ocrx_word' id='word_1_278' title='bbox 1630 2580 1728 2632; x_wconf 85' lang='grc' dir='ltr'><strong>θα-</strong></span> 
     </span>
    </p>
   </div>
   <div class='ocr_carea' id='block_1_44' title="bbox 152 2665 755 2737">
    <p class='ocr_par' dir='ltr' id='par_1_44' title="bbox 152 2665 755 2737">
     <span class='ocr_line' id='line_1_45' title="bbox 152 2665 755 2737; baseline 0.008 -19"><span class='ocrx_word' id='word_1_279' title='bbox 152 2665 334 2720; x_wconf 81' lang='grc' dir='ltr'>νάτου</span> <span class='ocrx_word' id='word_1_280' title='bbox 370 2666 440 2719; x_wconf 79' lang='grc' dir='ltr'><em>δὲ</em></span> <span class='ocrx_word' id='word_1_281' title='bbox 468 2669 755 2737; x_wconf 72' lang='grc' dir='ltr'>σταιροῦ.</span> 
     </span>
    </p>
   </div>
   <div class='ocr_carea' id='block_1_45' title="bbox 157 2763 1723 2951">
    <p class='ocr_par' dir='ltr' id='par_1_45' title="bbox 157 2763 1723 2951">
     <span class='ocr_line' id='line_1_46' title="bbox 157 2763 1723 2951; baseline 0.004 -70"><span class='ocrx_word' id='word_1_282' title='bbox 157 2829 294 2951; x_wconf 54' lang='grc' dir='ltr'>Στίξί.</span> <span class='ocrx_word' id='word_1_283' title='bbox 326 2828 416 2884; x_wconf 89' lang='grc' dir='ltr'>ιϐ’.</span> <span class='ocrx_word' id='word_1_284' title='bbox 447 2832 553 2884; x_wconf 78' lang='grc' dir='ltr'><strong>Καὶ</strong></span> <span class='ocrx_word' id='word_1_285' title='bbox 581 2763 1207 2911; x_wconf 46' lang='grc' dir='ltr'><strong>εἰσερχίῇῗίῗουῐῖίὺτοῦ</strong></span> <span class='ocrx_word' id='word_1_286' title='bbox 1233 2835 1322 2899; x_wconf 79' lang='grc' dir='ltr'>εἷς</span> <span class='ocrx_word' id='word_1_287' title='bbox 1341 2851 1474 2887; x_wconf 88' lang='grc' dir='ltr'><em>τινα</em></span> <span class='ocrx_word' id='word_1_288' title='bbox 1504 2833 1723 2901; x_wconf 80' lang='grc' dir='ltr'><strong>κώμην,</strong></span> 
     </span>
     <span class='ocr_line' id='line_1_47' title="bbox 259 2898 1723 2951; baseline 0 0"><span class='ocrx_word' id='word_1_289' title='bbox 259 2898 589 2951; x_wconf 73' lang='grc' dir='ltr'><em>πήντησαν</em></span> <span class='ocrx_word' id='word_1_290' title='bbox 612 2904 770 2951; x_wconf 63' lang='lat' dir='ltr'><strong>abun</strong></span> <span class='ocrx_word' id='word_1_291' title='bbox 797 2903 942 2951; x_wconf 72' lang='grc' dir='ltr'>δέκα</span> <span class='ocrx_word' id='word_1_292' title='bbox 965 2905 1173 2951; x_wconf 71' lang='grc' dir='ltr'>λεπροὶ</span> <span class='ocrx_word' id='word_1_293' title='bbox 1194 2905 1429 2951; x_wconf 69' lang='grc' dir='ltr'><strong>ἆνδοερ-</strong></span> <span class='ocrx_word' id='word_1_294' title='bbox 1464 2904 1519 2951; x_wconf 79' lang='grc' dir='ltr'>οἳ</span> <span class='ocrx_word' id='word_1_295' title='bbox 1545 2904 1723 2951; x_wconf 69' lang='grc' dir='ltr'><strong>ἕστη-</strong></span> 
     </span>
    </p>
   </div>
   <div class='ocr_carea' id='block_1_46' title="bbox 259 2898 1725 2973">
    <p class='ocr_par' dir='ltr' id='par_1_46' title="bbox 259 2898 1725 2973">
     <span class='ocr_line' id='line_1_48' title="bbox 259 2898 1725 2973; baseline 0.005 -22"><span class='ocrx_word' id='word_1_296' title='bbox 259 2898 589 2973; x_wconf 77' lang='grc' dir='ltr'><em>πήντησαν</em></span> <span class='ocrx_word' id='word_1_297' title='bbox 612 2898 780 2968; x_wconf 48' lang='grc' dir='ltr'><strong>αὐτῷ’</strong></span> <span class='ocrx_word' id='word_1_298' title='bbox 797 2898 942 2956; x_wconf 75' lang='grc' dir='ltr'>δέκα</span> <span class='ocrx_word' id='word_1_299' title='bbox 965 2905 1173 2972; x_wconf 80' lang='grc' dir='ltr'><em>λεπροὶ</em></span> <span class='ocrx_word' id='word_1_300' title='bbox 1194 2898 1429 2972; x_wconf 77' lang='grc' dir='ltr'><em>ἄνδρες,</em></span> <span class='ocrx_word' id='word_1_301' title='bbox 1464 2904 1519 2958; x_wconf 85' lang='grc' dir='ltr'>οἳ</span> <span class='ocrx_word' id='word_1_302' title='bbox 1545 2898 1725 2973; x_wconf 67' lang='grc' dir='ltr'>ἕστη-</span> 
     </span>
    </p>
   </div>
   <div class='ocr_carea' id='block_1_47' title="bbox 218 2972 699 3040">
    <p class='ocr_par' dir='ltr' id='par_1_47' title="bbox 218 2972 699 3040">
     <span class='ocr_line' id='line_1_49' title="bbox 218 2972 699 3040; baseline 0.008 -18"><span class='ocrx_word' id='word_1_303' title='bbox 218 2986 341 3023; x_wconf 86' lang='grc' dir='ltr'><strong>σαν</strong></span> <span class='ocrx_word' id='word_1_304' title='bbox 374 2972 699 3040; x_wconf 59' lang='grc' dir='ltr'>πίζὸρωθεν.</span> 
     </span>
    </p>
   </div>
   <div class='ocr_carea' id='block_1_48' title="bbox 158 3061 1729 3147">
    <p class='ocr_par' dir='ltr' id='par_1_48' title="bbox 158 3061 1729 3147">
     <span class='ocr_line' id='line_1_50' title="bbox 158 3061 1729 3147; baseline 0.004 -33"><span class='ocrx_word' id='word_1_305' title='bbox 158 3064 295 3132; x_wconf 74' lang='grc' dir='ltr'><strong>ΣτίχΔ</strong></span> <span class='ocrx_word' id='word_1_306' title='bbox 334 3069 425 3131; x_wconf 91' lang='grc' dir='ltr'>ιγ’·</span> <span class='ocrx_word' id='word_1_307' title='bbox 466 3064 770 3147; x_wconf 37' lang='grc' dir='ltr'><strong>Καὶηαρτοὶ</strong></span> <span class='ocrx_word' id='word_1_308' title='bbox 811 3061 1234 3147; x_wconf 42' lang='lat' dir='ltr'><strong>riguus-gravius,</strong></span> <span class='ocrx_word' id='word_1_309' title='bbox 1264 3068 1575 3147; x_wconf 52' lang='grc' dir='ltr'><strong>ἶλέγοντεςο</strong></span> <span class='ocrx_word' id='word_1_310' title='bbox 1625 3068 1729 3135; x_wconf 87' lang='grc' dir='ltr'><strong>Ἰη-</strong></span> 
     </span>
    </p>
   </div>
   <div class='ocr_carea' id='block_1_49' title="bbox 479 3136 1422 3206">
    <p class='ocr_par' dir='ltr' id='par_1_49' title="bbox 479 3136 1422 3206">
     <span class='ocr_line' id='line_1_51' title="bbox 479 3136 1422 3206; baseline 0.004 -19"><span class='ocrx_word' id='word_1_311' title='bbox 479 3136 596 3187; x_wconf 89' lang='grc' dir='ltr'><strong>σοῦ</strong></span> <span class='ocrx_word' id='word_1_312' title='bbox 623 3136 932 3203; x_wconf 83' lang='grc' dir='ltr'>ἑπιστάτα,</span> <span class='ocrx_word' id='word_1_313' title='bbox 962 3136 1221 3204; x_wconf 80' lang='grc' dir='ltr'>ἐλέησον</span> <span class='ocrx_word' id='word_1_314' title='bbox 1250 3136 1422 3206; x_wconf 76' lang='grc' dir='ltr'>ἡμᾶς.</span> 
     </span>
    </p>
   </div>
   <div class='ocr_carea' id='block_1_50' title="bbox 1837 2017 3397 2088">
    <p class='ocr_par' dir='ltr' id='par_1_50' title="bbox 1837 2017 3397 2088">
     <span class='ocr_line' id='line_1_52' title="bbox 1837 2017 3397 2088; baseline 0.001 -17"><span class='ocrx_word' id='word_1_315' title='bbox 1837 2020 1963 2088; x_wconf 90' lang='lat' dir='ltr'><strong>quia</strong></span> <span class='ocrx_word' id='word_1_316' title='bbox 1994 2018 2206 2072; x_wconf 91' lang='lat' dir='ltr'><strong>initium</strong></span> <span class='ocrx_word' id='word_1_317' title='bbox 2237 2018 2473 2074; x_wconf 89' lang='lat' dir='ltr'><strong>nominis</strong></span> <span class='ocrx_word' id='word_1_318' title='bbox 2499 2017 2619 2088; x_wconf 88' lang='lat' dir='ltr'><strong>ejus</strong></span> <span class='ocrx_word' id='word_1_319' title='bbox 2652 2028 2759 2072; x_wconf 79' lang='lat' dir='ltr'><strong>tam</strong></span> <span class='ocrx_word' id='word_1_320' title='bbox 2792 2018 2929 2084; x_wconf 90' lang='lat' dir='ltr'><strong>apud</strong></span> <span class='ocrx_word' id='word_1_321' title='bbox 2964 2018 3203 2079; x_wconf 74' lang='lat' dir='ltr'><strong>Graecos.</strong></span> <span class='ocrx_word' id='word_1_322' title='bbox 3235 2034 3397 2087; x_wconf 76' lang='lat' dir='ltr'><strong>quam</strong></span> 
     </span>
    </p>
   </div>
   <div class='ocr_carea' id='block_1_51' title="bbox 1838 2109 3397 2182">
    <p class='ocr_par' dir='ltr' id='par_1_51' title="bbox 1838 2109 3397 2182">
     <span class='ocr_line' id='line_1_53' title="bbox 1838 2109 3397 2182; baseline 0.001 -17"><span class='ocrx_word' id='word_1_323' title='bbox 1838 2112 1979 2181; x_wconf 88' lang='lat' dir='ltr'><strong>apud</strong></span> <span class='ocrx_word' id='word_1_324' title='bbox 2020 2110 2276 2165; x_wconf 63' lang='lat' dir='ltr'><strong>Iiebrwos</strong></span> <span class='ocrx_word' id='word_1_325' title='bbox 2310 2124 2403 2180; x_wconf 91' lang='lat' dir='ltr'><strong>per</strong></span> <span class='ocrx_word' id='word_1_326' title='bbox 2434 2110 2531 2180; x_wconf 82' lang='lat' dir='ltr'><strong>jod</strong></span> <span class='ocrx_word' id='word_1_327' title='bbox 2562 2110 2837 2165; x_wconf 88' lang='lat' dir='ltr'><strong>scribitur.</strong></span> <span class='ocrx_word' id='word_1_328' title='bbox 2879 2109 2971 2163; x_wconf 88' lang='lat' dir='ltr'><strong>Est</strong></span> <span class='ocrx_word' id='word_1_329' title='bbox 3010 2110 3167 2179; x_wconf 88' lang='lat' dir='ltr'><strong>igitur</strong></span> <span class='ocrx_word' id='word_1_330' title='bbox 3199 2112 3255 2177; x_wconf 78' lang='lat' dir='ltr'><strong>In</strong></span> <span class='ocrx_word' id='word_1_331' title='bbox 3288 2111 3397 2182; x_wconf 74' lang='lat' dir='ltr'><strong>lege</strong></span> 
     </span>
    </p>
   </div>
   <div class='ocr_carea' id='block_1_52' title="bbox 1840 2202 3397 2281">
    <p class='ocr_par' dir='ltr' id='par_1_52' title="bbox 1840 2202 3397 2281">
     <span class='ocr_line' id='line_1_54' title="bbox 1840 2202 3397 2281; baseline 0.001 -22"><span class='ocrx_word' id='word_1_332' title='bbox 1840 2204 2077 2259; x_wconf 81' lang='lat' dir='ltr'><strong>Verbum</strong></span> <span class='ocrx_word' id='word_1_333' title='bbox 2117 2204 2208 2257; x_wconf 91' lang='lat' dir='ltr'><strong>Dei</strong></span> <span class='ocrx_word' id='word_1_334' title='bbox 2236 2217 2571 2272; x_wconf 85' lang='lat' dir='ltr'><strong>nequaquam</strong></span> <span class='ocrx_word' id='word_1_335' title='bbox 2606 2202 2747 2255; x_wconf 90' lang='lat' dir='ltr'><strong>illam</strong></span> <span class='ocrx_word' id='word_1_336' title='bbox 2780 2204 3233 2281; x_wconf 54' lang='lat' dir='ltr'><strong>praeterienswec</strong></span> <span class='ocrx_word' id='word_1_337' title='bbox 3256 2207 3397 2274; x_wconf 88' lang='lat' dir='ltr'><strong>prius</strong></span> 
     </span>
    </p>
   </div>
   <div class='ocr_carea' id='block_1_53' title="bbox 1834 2292 3398 2361">
    <p class='ocr_par' dir='ltr' id='par_1_53' title="bbox 1834 2292 3398 2361">
     <span class='ocr_line' id='line_1_55' title="bbox 1834 2292 3398 2361; baseline -0.001 -11"><span class='ocrx_word' id='word_1_338' title='bbox 1834 2296 2114 2355; x_wconf 79' lang='lat' dir='ltr'><strong>excidens,</strong></span> <span class='ocrx_word' id='word_1_339' title='bbox 2153 2295 2317 2347; x_wconf 88' lang='lat' dir='ltr'><strong>donec</strong></span> <span class='ocrx_word' id='word_1_340' title='bbox 2352 2295 2530 2347; x_wconf 84' lang='lat' dir='ltr'><strong>omnia</strong></span> <span class='ocrx_word' id='word_1_341' title='bbox 2567 2293 2701 2361; x_wconf 81' lang='lat' dir='ltr'><strong>ﬁant</strong></span> <span class='ocrx_word' id='word_1_342' title='bbox 2730 2292 2796 2345; x_wconf 74' lang='lat'><strong>“.</strong></span> <span class='ocrx_word' id='word_1_343' title='bbox 2840 2292 2992 2346; x_wconf 83' lang='lat' dir='ltr'><strong>Tunc</strong></span> <span class='ocrx_word' id='word_1_344' title='bbox 3036 2304 3213 2348; x_wconf 89' lang='lat' dir='ltr'><strong>autem</strong></span> <span class='ocrx_word' id='word_1_345' title='bbox 3258 2296 3398 2349; x_wconf 81' lang='lat' dir='ltr'><strong>exci-</strong></span> 
     </span>
    </p>
   </div>
   <div class='ocr_carea' id='block_1_54' title="bbox 1835 2378 3400 2451">
    <p class='ocr_par' dir='ltr' id='par_1_54' title="bbox 1835 2378 3400 2451">
     <span class='ocr_line' id='line_1_56' title="bbox 1835 2378 3400 2451; baseline 0.002 -16"><span class='ocrx_word' id='word_1_346' title='bbox 1835 2381 1989 2443; x_wconf 89' lang='lat' dir='ltr'><strong>dens,</strong></span> <span class='ocrx_word' id='word_1_347' title='bbox 2026 2390 2084 2433; x_wconf 92' lang='lat' dir='ltr'><strong>ut</strong></span> <span class='ocrx_word' id='word_1_348' title='bbox 2122 2379 2357 2435; x_wconf 80' lang='lat' dir='ltr'><strong>fructum</strong></span> <span class='ocrx_word' id='word_1_349' title='bbox 2406 2383 2665 2451; x_wconf 78' lang='lat' dir='ltr'><strong>majorem</strong></span> <span class='ocrx_word' id='word_1_350' title='bbox 2715 2381 2852 2435; x_wconf 82' lang='lat' dir='ltr'><strong>ferat</strong></span> <span class='ocrx_word' id='word_1_351' title='bbox 2886 2378 3040 2436; x_wconf 84' lang='lat' dir='ltr'><strong>:non</strong></span> <span class='ocrx_word' id='word_1_352' title='bbox 3083 2383 3275 2445; x_wconf 82' lang='lat' dir='ltr'><strong>victus,</strong></span> <span class='ocrx_word' id='word_1_353' title='bbox 3312 2384 3400 2438; x_wconf 89' lang='lat' dir='ltr'><strong>sed</strong></span> 
     </span>
    </p>
   </div>
   <div class='ocr_carea' id='block_1_55' title="bbox 1834 2472 3401 2543">
    <p class='ocr_par' dir='ltr' id='par_1_55' title="bbox 1834 2472 3401 2543">
     <span class='ocr_line' id='line_1_57' title="bbox 1834 2472 3401 2543; baseline 0.002 -19"><span class='ocrx_word' id='word_1_354' title='bbox 1834 2472 2117 2526; x_wconf 83' lang='lat' dir='ltr'><strong>Immilians</strong></span> <span class='ocrx_word' id='word_1_355' title='bbox 2171 2474 2524 2540; x_wconf 71' lang='lat' dir='ltr'><strong>semetipsum,</strong></span> <span class='ocrx_word' id='word_1_356' title='bbox 2562 2483 2608 2527; x_wconf 90' lang='lat' dir='ltr'><strong>et</strong></span> <span class='ocrx_word' id='word_1_357' title='bbox 2650 2474 2821 2541; x_wconf 77' lang='lat' dir='ltr'><strong>[actus</strong></span> <span class='ocrx_word' id='word_1_358' title='bbox 2874 2473 3116 2528; x_wconf 86' lang='lat' dir='ltr'><strong>obediens</strong></span> <span class='ocrx_word' id='word_1_359' title='bbox 3150 2490 3311 2543; x_wconf 83' lang='lat' dir='ltr'><strong>usque</strong></span> <span class='ocrx_word' id='word_1_360' title='bbox 3337 2475 3401 2527; x_wconf 85' lang='lat' dir='ltr'><strong>ad</strong></span> 
     </span>
    </p>
   </div>
   <div class='ocr_carea' id='block_1_56' title="bbox 1834 2566 2855 2627">
    <p class='ocr_par' dir='ltr' id='par_1_56' title="bbox 1834 2566 2855 2627">
     <span class='ocr_line' id='line_1_58' title="bbox 1834 2566 2855 2627; baseline 0.003 -11"><span class='ocrx_word' id='word_1_361' title='bbox 1834 2572 2075 2627; x_wconf 83' lang='lat' dir='ltr'><strong>mortem,</strong></span> <span class='ocrx_word' id='word_1_362' title='bbox 2122 2573 2343 2617; x_wconf 88' lang='lat' dir='ltr'><strong>mortem</strong></span> <span class='ocrx_word' id='word_1_363' title='bbox 2378 2573 2554 2618; x_wconf 87' lang='lat' dir='ltr'><strong>autem</strong></span> <span class='ocrx_word' id='word_1_364' title='bbox 2588 2566 2759 2619; x_wconf 86' lang='lat' dir='ltr'><strong>crucis</strong></span> <span class='ocrx_word' id='word_1_365' title='bbox 2790 2566 2855 2619; x_wconf 81' lang='grc'><strong>³⁸.</strong></span> 
     </span>
    </p>
   </div>
   <div class='ocr_carea' id='block_1_57' title="bbox 2435 2742 2803 2799">
    <p class='ocr_par' dir='ltr' id='par_1_57' title="bbox 2435 2742 2803 2799">
     <span class='ocr_line' id='line_1_59' title="bbox 2435 2742 2803 2799; baseline 0 0"><span class='ocrx_word' id='word_1_366' title='bbox 2435 2742 2584 2799; x_wconf 87' lang='lat' dir='ltr'><strong>CAP.</strong></span> <span class='ocrx_word' id='word_1_367' title='bbox 2638 2743 2803 2799; x_wconf 80' lang='lat' dir='ltr'><strong>XVII.</strong></span> 
     </span>
    </p>
   </div>
   <div class='ocr_carea' id='block_1_58' title="bbox 1840 2832 3399 2899">
    <p class='ocr_par' dir='ltr' id='par_1_58' title="bbox 1840 2832 3399 2899">
     <span class='ocr_line' id='line_1_60' title="bbox 1840 2832 3399 2899; baseline 0.004 -13"><span class='ocrx_word' id='word_1_368' title='bbox 1840 2832 1901 2890; x_wconf 93' lang='lat' dir='ltr'><strong>V.</strong></span> <span class='ocrx_word' id='word_1_369' title='bbox 1942 2834 2025 2888; x_wconf 71' lang='lat' dir='ltr'><strong>I2.</strong></span> <span class='ocrx_word' id='word_1_370' title='bbox 2057 2838 2124 2888; x_wconf 85' lang='lat' dir='ltr'><strong>Et</strong></span> <span class='ocrx_word' id='word_1_371' title='bbox 2172 2836 2465 2889; x_wconf 82' lang='lat' dir='ltr'><strong>introeunte</strong></span> <span class='ocrx_word' id='word_1_372' title='bbox 2504 2835 2597 2888; x_wconf 82' lang='lat' dir='ltr'><strong>illo</strong></span> <span class='ocrx_word' id='word_1_373' title='bbox 2648 2836 2701 2889; x_wconf 87' lang='lat' dir='ltr'><strong>in</strong></span> <span class='ocrx_word' id='word_1_374' title='bbox 2754 2836 3028 2899; x_wconf 82' lang='lat' dir='ltr'><strong>quemdam</strong></span> <span class='ocrx_word' id='word_1_375' title='bbox 3073 2837 3259 2899; x_wconf 76' lang='lat' dir='ltr'><strong>vicum,</strong></span> <span class='ocrx_word' id='word_1_376' title='bbox 3311 2852 3399 2892; x_wconf 84' lang='lat' dir='ltr'><strong>oc-</strong></span> 
     </span>
    </p>
   </div>
   <div class='ocr_carea' id='block_1_59' title="bbox 1905 2906 3400 2986">
    <p class='ocr_par' dir='ltr' id='par_1_59' title="bbox 1905 2906 3400 2986">
     <span class='ocr_line' id='line_1_61' title="bbox 1905 2906 3400 2986; baseline 0.002 -29"><span class='ocrx_word' id='word_1_377' title='bbox 1905 2916 2177 2986; x_wconf 65' lang='lat' dir='ltr'><strong>currerunt</strong></span> <span class='ocrx_word' id='word_1_378' title='bbox 2227 2906 2273 2959; x_wconf 84' lang='lat' dir='ltr'><strong>ei</strong></span> <span class='ocrx_word' id='word_1_379' title='bbox 2340 2906 2519 2959; x_wconf 85' lang='lat' dir='ltr'><strong>decem</strong></span> <span class='ocrx_word' id='word_1_380' title='bbox 2572 2906 2768 2973; x_wconf 83' lang='lat' dir='ltr'><strong>leprosi</strong></span> <span class='ocrx_word' id='word_1_381' title='bbox 2842 2907 2959 2972; x_wconf 81' lang='lat' dir='ltr'><strong>viri,</strong></span> <span class='ocrx_word' id='word_1_382' title='bbox 3008 2909 3095 2977; x_wconf 82' lang='lat' dir='ltr'><strong>qui</strong></span> <span class='ocrx_word' id='word_1_383' title='bbox 3149 2918 3400 2973; x_wconf 83' lang='lat' dir='ltr'><strong>steterunt</strong></span> 
     </span>
    </p>
   </div>
   <div class='ocr_carea' id='block_1_60' title="bbox 1904 2992 2126 3029">
    <p class='ocr_par' dir='ltr' id='par_1_60' title="bbox 1904 2992 2126 3029">
     <span class='ocr_line' id='line_1_62' title="bbox 1904 2992 2126 3029; baseline 0 -2"><span class='ocrx_word' id='word_1_384' title='bbox 1904 2992 2126 3029; x_wconf 72' lang='lat' dir='ltr'><strong>animus.</strong></span> 
     </span>
    </p>
   </div>
   <div class='ocr_carea' id='block_1_61' title="bbox 1839 3063 3400 3135">
    <p class='ocr_par' dir='ltr' id='par_1_61' title="bbox 1839 3063 3400 3135">
     <span class='ocr_line' id='line_1_63' title="bbox 1839 3063 3400 3135; baseline 0.003 -18"><span class='ocrx_word' id='word_1_385' title='bbox 1839 3063 1900 3118; x_wconf 89' lang='lat' dir='ltr'><strong>V.</strong></span> <span class='ocrx_word' id='word_1_386' title='bbox 1956 3064 2044 3118; x_wconf 75' lang='lat'><strong>13.</strong></span> <span class='ocrx_word' id='word_1_387' title='bbox 2087 3063 2156 3117; x_wconf 88' lang='lat' dir='ltr'><strong>Et</strong></span> <span class='ocrx_word' id='word_1_388' title='bbox 2202 3065 2304 3135; x_wconf 85' lang='lat' dir='ltr'><strong>ipsi</strong></span> <span class='ocrx_word' id='word_1_389' title='bbox 2353 3064 2648 3119; x_wconf 75' lang='lat' dir='ltr'><strong>extulerunt</strong></span> <span class='ocrx_word' id='word_1_390' title='bbox 2689 3080 2886 3129; x_wconf 86' lang='lat' dir='ltr'><strong>vocem,</strong></span> <span class='ocrx_word' id='word_1_391' title='bbox 2938 3067 3163 3121; x_wconf 77' lang='lat' dir='ltr'><strong>dicentes</strong></span> <span class='ocrx_word' id='word_1_392' title='bbox 3214 3082 3234 3120; x_wconf 90' lang='lat'><strong><em>:</em></strong></span> <span class='ocrx_word' id='word_1_393' title='bbox 3274 3065 3400 3121; x_wconf 78' lang='lat' dir='ltr'><strong>Jesst</strong></span> 
     </span>
    </p>
   </div>
   <div class='ocr_carea' id='block_1_62' title="bbox 2254 3136 2983 3205">
    <p class='ocr_par' dir='ltr' id='par_1_62' title="bbox 2254 3136 2983 3205">
     <span class='ocr_line' id='line_1_64' title="bbox 2254 3136 2983 3205; baseline 0.004 -17"><span class='ocrx_word' id='word_1_394' title='bbox 2254 3136 2516 3205; x_wconf 84' lang='lat' dir='ltr'><strong>magister,</strong></span> <span class='ocrx_word' id='word_1_395' title='bbox 2556 3138 2794 3190; x_wconf 83' lang='lat' dir='ltr'><strong>miserere</strong></span> <span class='ocrx_word' id='word_1_396' title='bbox 2817 3138 2983 3192; x_wconf 83' lang='lat' dir='ltr'><strong>nobis.</strong></span> 
     </span>
    </p>
   </div>
   <div class='ocr_carea' id='block_1_63' title="bbox 223 3224 1734 3313">
    <p class='ocr_par' dir='ltr' id='par_1_63' title="bbox 223 3227 1727 3301">
     <span class='ocr_line' id='line_1_65' title="bbox 223 3227 1727 3301; baseline 0.003 -22"><span class='ocrx_word' id='word_1_397' title='bbox 223 3227 331 3280; x_wconf 86' lang='grc' dir='ltr'><strong>Καί</strong></span> <span class='ocrx_word' id='word_1_398' title='bbox 358 3245 428 3296; x_wconf 87' lang='grc' dir='ltr'><strong>γε</strong></span> <span class='ocrx_word' id='word_1_399' title='bbox 456 3229 582 3289; x_wconf 75' lang='grc' dir='ltr'>τοὺς</span> <span class='ocrx_word' id='word_1_400' title='bbox 612 3229 741 3299; x_wconf 75' lang='grc' dir='ltr'>περὶ</span> <span class='ocrx_word' id='word_1_401' title='bbox 776 3228 979 3300; x_wconf 81' lang='grc' dir='ltr'>λέπρας</span> <span class='ocrx_word' id='word_1_402' title='bbox 1010 3230 1206 3299; x_wconf 85' lang='grc' dir='ltr'>νόμους</span> <span class='ocrx_word' id='word_1_403' title='bbox 1239 3230 1625 3301; x_wconf 83' lang='grc' dir='ltr'>ὑπολαμϐάνῃς</span> <span class='ocrx_word' id='word_1_404' title='bbox 1663 3230 1727 3300; x_wconf 83' lang='grc' dir='ltr'><strong>δή</strong></span> 
     </span>
    </p>
   </div>
   <div class='ocr_carea' id='block_1_64' title="bbox 1850 3224 3401 3313">
    <p class='ocr_par' dir='ltr' id='par_1_64' title="bbox 1911 3224 3401 3299">
     <span class='ocr_line' id='line_1_66' title="bbox 1911 3224 3401 3299; baseline 0.005 -22"><span class='ocrx_word' id='word_1_405' title='bbox 1911 3224 2156 3280; x_wconf 81' lang='lat' dir='ltr'><strong>Profecto</strong></span> <span class='ocrx_word' id='word_1_406' title='bbox 2180 3226 2326 3296; x_wconf 80' lang='lat' dir='ltr'><strong>leges</strong></span> <span class='ocrx_word' id='word_1_407' title='bbox 2352 3242 2474 3296; x_wconf 73' lang='lat' dir='ltr'><strong>qua:</strong></span> <span class='ocrx_word' id='word_1_408' title='bbox 2496 3234 2622 3281; x_wconf 92' lang='lat' dir='ltr'><strong>sunt</strong></span> <span class='ocrx_word' id='word_1_409' title='bbox 2649 3227 2714 3281; x_wconf 91' lang='lat' dir='ltr'><strong>de</strong></span> <span class='ocrx_word' id='word_1_410' title='bbox 2739 3228 2887 3295; x_wconf 88' lang='lat' dir='ltr'><strong>lepra</strong></span> <span class='ocrx_word' id='word_1_411' title='bbox 2914 3228 3215 3298; x_wconf 86' lang='lat' dir='ltr'><strong>intelligere</strong></span> <span class='ocrx_word' id='word_1_412' title='bbox 3238 3243 3401 3299; x_wconf 79' lang='lat' dir='ltr'><strong>queas</strong></span> 
     </span>
    </p>
   </div>
   <div class='ocr_carea' id='block_1_65' title="bbox 164 3318 1736 3392">
    <p class='ocr_par' dir='ltr' id='par_1_65' title="bbox 164 3318 1736 3392">
     <span class='ocr_line' id='line_1_67' title="bbox 164 3318 1736 3392; baseline 0.003 -21"><span class='ocrx_word' id='word_1_413' title='bbox 164 3334 270 3372; x_wconf 80' lang='grc' dir='ltr'>τινα</span> <span class='ocrx_word' id='word_1_414' title='bbox 302 3320 404 3389; x_wconf 77' lang='grc' dir='ltr'>τῆς</span> <span class='ocrx_word' id='word_1_415' title='bbox 463 3318 641 3389; x_wconf 79' lang='grc' dir='ltr'>ψυχῆς</span> <span class='ocrx_word' id='word_1_416' title='bbox 688 3320 993 3391; x_wconf 82' lang='grc' dir='ltr'>διαγραφὴν</span> <span class='ocrx_word' id='word_1_417' title='bbox 1037 3321 1307 3391; x_wconf 82' lang='grc' dir='ltr'>διάφορον.</span> <span class='ocrx_word' id='word_1_418' title='bbox 1355 3323 1449 3384; x_wconf 90' lang='grc' dir='ltr'><strong>Τίς</strong></span> <span class='ocrx_word' id='word_1_419' title='bbox 1500 3321 1608 3392; x_wconf 83' lang='grc' dir='ltr'><strong>γὰρ</strong></span> <span class='ocrx_word' id='word_1_420' title='bbox 1637 3323 1736 3375; x_wconf 88' lang='grc' dir='ltr'><strong>οὑκ</strong></span> 
     </span>
    </p>
   </div>
   <div class='ocr_carea' id='block_1_66' title="bbox 166 3411 1737 3486">
    <p class='ocr_par' dir='ltr' id='par_1_66' title="bbox 166 3411 1737 3486">
     <span class='ocr_line' id='line_1_68' title="bbox 166 3411 1737 3486; baseline 0.002 -23"><span class='ocrx_word' id='word_1_421' title='bbox 166 3412 224 3463; x_wconf 84' lang='grc' dir='ltr'><strong>ἂν</strong></span> <span class='ocrx_word' id='word_1_422' title='bbox 248 3412 535 3483; x_wconf 81' lang='grc' dir='ltr'>ἀπορήσαι</span> <span class='ocrx_word' id='word_1_423' title='bbox 560 3411 735 3483; x_wconf 73' lang='grc' dir='ltr'>ὁρῶν,</span> <span class='ocrx_word' id='word_1_424' title='bbox 768 3412 850 3465; x_wconf 84' lang='grc' dir='ltr'>ὃτι</span> <span class='ocrx_word' id='word_1_425' title='bbox 990 3414 1089 3485; x_wconf 81' lang='grc' dir='ltr'><strong>μὲν</strong></span> <span class='ocrx_word' id='word_1_426' title='bbox 1129 3417 1162 3486; x_wconf 81' lang='grc' dir='ltr'>ἡ</span> <span class='ocrx_word' id='word_1_427' title='bbox 1208 3414 1385 3485; x_wconf 85' lang='grc' dir='ltr'>λέπρα</span> <span class='ocrx_word' id='word_1_428' title='bbox 1432 3414 1737 3486; x_wconf 83' lang='grc' dir='ltr'>ἀκάθαρτον</span> 
     </span>
    </p>
   </div>
   <div class='ocr_carea' id='block_1_67' title="bbox 168 3504 1739 3580">
    <p class='ocr_par' dir='ltr' id='par_1_67' title="bbox 168 3504 1739 3580">
     <span class='ocr_line' id='line_1_69' title="bbox 168 3504 1739 3580; baseline 0.001 -24"><span class='ocrx_word' id='word_1_429' title='bbox 168 3508 295 3558; x_wconf 84' lang='grc' dir='ltr'>ποιεῖ</span> <span class='ocrx_word' id='word_1_430' title='bbox 322 3506 417 3557; x_wconf 82' lang='grc' dir='ltr'><strong>τὸν</strong></span> <span class='ocrx_word' id='word_1_431' title='bbox 454 3504 741 3575; x_wconf 86' lang='grc' dir='ltr'>ἄνθρωπον</span> <span class='ocrx_word' id='word_1_432' title='bbox 770 3506 1102 3578; x_wconf 76' lang='grc' dir='ltr'>ἐγγενομένη</span> <span class='ocrx_word' id='word_1_433' title='bbox 1132 3508 1301 3580; x_wconf 73' lang='grc' dir='ltr'>χρωτὶ</span> <span class='ocrx_word' id='word_1_434' title='bbox 1329 3506 1519 3571; x_wconf 84' lang='grc' dir='ltr'>ζῶντι,</span> <span class='ocrx_word' id='word_1_435' title='bbox 1561 3506 1637 3578; x_wconf 82' lang='grc' dir='ltr'>πὴ</span> <span class='ocrx_word' id='word_1_436' title='bbox 1681 3506 1739 3559; x_wconf 81' lang='grc' dir='ltr'><strong>δὲ</strong></span> 
     </span>
    </p>
   </div>
   <div class='ocr_carea' id='block_1_68' title="bbox 170 3595 1737 3669">
    <p class='ocr_par' dir='ltr' id='par_1_68' title="bbox 170 3595 1737 3669">
     <span class='ocr_line' id='line_1_70' title="bbox 170 3595 1737 3669; baseline 0.003 -23"><span class='ocrx_word' id='word_1_437' title='bbox 170 3596 333 3647; x_wconf 77' lang='grc' dir='ltr'>πᾶσαν</span> <span class='ocrx_word' id='word_1_438' title='bbox 352 3595 702 3666; x_wconf 71' lang='grc' dir='ltr'>ἀκαθαρσίαν</span> <span class='ocrx_word' id='word_1_439' title='bbox 722 3595 832 3666; x_wconf 85' lang='grc'>(10)</span> <span class='ocrx_word' id='word_1_440' title='bbox 858 3596 1081 3650; x_wconf 84' lang='grc' dir='ltr'>ἀπολύει</span> <span class='ocrx_word' id='word_1_441' title='bbox 1105 3597 1224 3651; x_wconf 80' lang='grc' dir='ltr'>ὅλον</span> <span class='ocrx_word' id='word_1_442' title='bbox 1244 3597 1442 3669; x_wconf 82' lang='grc' dir='ltr'>λεπρὸν</span> <span class='ocrx_word' id='word_1_443' title='bbox 1460 3598 1737 3666; x_wconf 85' lang='grc' dir='ltr'>γεγονότα.</span> 
     </span>
    </p>
   </div>
   <div class='ocr_carea' id='block_1_69' title="bbox 170 3683 1739 3762">
    <p class='ocr_par' dir='ltr' id='par_1_69' title="bbox 170 3683 1739 3762">
     <span class='ocr_line' id='line_1_71' title="bbox 170 3683 1739 3762; baseline 0.002 -23"><span class='ocrx_word' id='word_1_444' title='bbox 170 3687 288 3739; x_wconf 87' lang='grc' dir='ltr'>Τότε</span> <span class='ocrx_word' id='word_1_445' title='bbox 319 3687 438 3759; x_wconf 82' lang='grc' dir='ltr'>γὰρ</span> <span class='ocrx_word' id='word_1_446' title='bbox 468 3686 773 3758; x_wconf 75' lang='grc' dir='ltr'>ἀκάθαρτος</span> <span class='ocrx_word' id='word_1_447' title='bbox 808 3683 945 3742; x_wconf 74' lang='grc' dir='ltr'>εἶναι</span> <span class='ocrx_word' id='word_1_448' title='bbox 969 3688 1278 3757; x_wconf 79' lang='grc' dir='ltr'>λογίζεται,</span> <span class='ocrx_word' id='word_1_449' title='bbox 1306 3690 1391 3742; x_wconf 82' lang='grc' dir='ltr'>ὅτε</span> <span class='ocrx_word' id='word_1_450' title='bbox 1422 3688 1567 3762; x_wconf 85' lang='grc' dir='ltr'>χρὼς</span> <span class='ocrx_word' id='word_1_451' title='bbox 1612 3688 1739 3753; x_wconf 82' lang='grc' dir='ltr'>ζῶν,</span> 
     </span>
    </p>
   </div>
   <div class='ocr_carea' id='block_1_70' title="bbox 174 3777 1742 3849">
    <p class='ocr_par' dir='ltr' id='par_1_70' title="bbox 174 3777 1742 3849">
     <span class='ocr_line' id='line_1_72' title="bbox 174 3777 1742 3849; baseline 0.002 -20"><span class='ocrx_word' id='word_1_452' title='bbox 174 3778 295 3847; x_wconf 81' lang='grc' dir='ltr'><strong>μετά</strong></span> <span class='ocrx_word' id='word_1_453' title='bbox 331 3778 395 3830; x_wconf 84' lang='grc' dir='ltr'><strong>τὸ</strong></span> <span class='ocrx_word' id='word_1_454' title='bbox 454 3777 740 3849; x_wconf 81' lang='grc' dir='ltr'>όλόλεπρον</span> <span class='ocrx_word' id='word_1_455' title='bbox 790 3779 1076 3847; x_wconf 85' lang='grc' dir='ltr'>γεγονότα,</span> <span class='ocrx_word' id='word_1_456' title='bbox 1122 3780 1392 3849; x_wconf 86' lang='grc' dir='ltr'>μιαίνεται</span> <span class='ocrx_word' id='word_1_457' title='bbox 1420 3780 1512 3832; x_wconf 83' lang='grc' dir='ltr'>τοῦ</span> <span class='ocrx_word' id='word_1_458' title='bbox 1545 3779 1742 3845; x_wconf 79' lang='grc' dir='ltr'>ζῶντος</span> 
     </span>
    </p>
   </div>
   <div class='ocr_carea' id='block_1_71' title="bbox 175 3863 1741 3938">
    <p class='ocr_par' dir='ltr' id='par_1_71' title="bbox 175 3863 1741 3938">
     <span class='ocr_line' id='line_1_73' title="bbox 175 3863 1741 3938; baseline 0.001 -18"><span class='ocrx_word' id='word_1_459' title='bbox 175 3868 363 3937; x_wconf 75' lang='grc' dir='ltr'>χρωτὸς</span> <span class='ocrx_word' id='word_1_460' title='bbox 406 3868 513 3937; x_wconf 86' lang='grc' dir='ltr'>τὴν</span> <span class='ocrx_word' id='word_1_461' title='bbox 542 3868 599 3933; x_wconf 79' lang='grc' dir='ltr'><strong>ἐξ</strong></span> <span class='ocrx_word' id='word_1_462' title='bbox 646 3868 782 3921; x_wconf 80' lang='grc' dir='ltr'>ὅλων</span> <span class='ocrx_word' id='word_1_463' title='bbox 821 3867 1028 3938; x_wconf 89' lang='grc' dir='ltr'>λέπραν</span> <span class='ocrx_word' id='word_1_464' title='bbox 1068 3908 1079 3921; x_wconf 92' lang='grc'><strong>.</strong></span> <span class='ocrx_word' id='word_1_465' title='bbox 1122 3908 1135 3921; x_wconf 91' lang='grc'><strong>.</strong></span> <span class='ocrx_word' id='word_1_466' title='bbox 1171 3908 1182 3921; x_wconf 95' lang='grc'><strong>.</strong></span> <span class='ocrx_word' id='word_1_467' title='bbox 1218 3908 1230 3921; x_wconf 92' lang='grc'><strong>.</strong></span> <span class='ocrx_word' id='word_1_468' title='bbox 1266 3910 1278 3922; x_wconf 95' lang='grc'><strong>.</strong></span> <span class='ocrx_word' id='word_1_469' title='bbox 1320 3909 1334 3922; x_wconf 95' lang='grc'><strong>.</strong></span> <span class='ocrx_word' id='word_1_470' title='bbox 1367 3909 1379 3921; x_wconf 94' lang='grc'><strong>.</strong></span> <span class='ocrx_word' id='word_1_471' title='bbox 1420 3863 1558 3923; x_wconf 80' lang='grc' dir='ltr'>εἶναι</span> <span class='ocrx_word' id='word_1_472' title='bbox 1587 3868 1741 3937; x_wconf 89' lang='grc' dir='ltr'>λεγο-</span> 
     </span>
    </p>
   </div>
   <div class='ocr_carea' id='block_1_72' title="bbox 181 3959 1743 4033">
    <p class='ocr_par' dir='ltr' id='par_1_72' title="bbox 181 3959 1743 4033">
     <span class='ocr_line' id='line_1_74' title="bbox 181 3959 1743 4033; baseline 0 -19"><span class='ocrx_word' id='word_1_473' title='bbox 181 3959 348 4030; x_wconf 81' lang='grc' dir='ltr'>μένην.</span> <span class='ocrx_word' id='word_1_474' title='bbox 434 3959 704 4031; x_wconf 82' lang='grc' dir='ltr'>Ἠγοῦμαι</span> <span class='ocrx_word' id='word_1_475' title='bbox 764 3960 873 4031; x_wconf 78' lang='grc' dir='ltr'>γὰρ</span> <span class='ocrx_word' id='word_1_476' title='bbox 928 3961 1028 4032; x_wconf 85' lang='grc' dir='ltr'><strong>τὴν</strong></span> <span class='ocrx_word' id='word_1_477' title='bbox 1079 3960 1286 4033; x_wconf 85' lang='grc' dir='ltr'>λέπραν</span> <span class='ocrx_word' id='word_1_478' title='bbox 1350 3961 1469 4015; x_wconf 76' lang='grc' dir='ltr'>ἀντὶ</span> <span class='ocrx_word' id='word_1_479' title='bbox 1534 3959 1743 4030; x_wconf 86' lang='grc' dir='ltr'>ἀλόγων</span> 
     </span>
    </p>
   </div>
   <div class='ocr_carea' id='block_1_73' title="bbox 178 4048 1743 4121">
    <p class='ocr_par' dir='ltr' id='par_1_73' title="bbox 178 4048 1743 4121">
     <span class='ocr_line' id='line_1_75' title="bbox 178 4048 1743 4121; baseline 0.003 -22"><span class='ocrx_word' id='word_1_480' title='bbox 178 4048 540 4119; x_wconf 83' lang='grc' dir='ltr'>λαμϐάνεσθαι</span> <span class='ocrx_word' id='word_1_481' title='bbox 576 4051 677 4120; x_wconf 83' lang='grc' dir='ltr'><strong>τῆς</strong></span> <span class='ocrx_word' id='word_1_482' title='bbox 718 4050 896 4121; x_wconf 66' lang='grc' dir='ltr'>ψυχῆς</span> <span class='ocrx_word' id='word_1_483' title='bbox 940 4050 1312 4121; x_wconf 83' lang='grc' dir='ltr'>παθημάτων,</span> <span class='ocrx_word' id='word_1_484' title='bbox 1350 4051 1438 4104; x_wconf 86' lang='grc' dir='ltr'><strong>τὸν</strong></span> <span class='ocrx_word' id='word_1_485' title='bbox 1472 4051 1528 4104; x_wconf 87' lang='grc' dir='ltr'><strong>δὲ</strong></span> <span class='ocrx_word' id='word_1_486' title='bbox 1567 4048 1743 4115; x_wconf 80' lang='grc' dir='ltr'>ζῶντα</span> 
     </span>
    </p>
   </div>
   <div class='ocr_carea' id='block_1_74' title="bbox 181 4139 1745 4211">
    <p class='ocr_par' dir='ltr' id='par_1_74' title="bbox 181 4139 1745 4211">
     <span class='ocr_line' id='line_1_76' title="bbox 181 4139 1745 4211; baseline 0.001 -17"><span class='ocrx_word' id='word_1_487' title='bbox 181 4139 343 4209; x_wconf 80' lang='grc' dir='ltr'>χρῶτα</span> <span class='ocrx_word' id='word_1_488' title='bbox 390 4141 522 4193; x_wconf 83' lang='grc' dir='ltr'>ἀντὶ</span> <span class='ocrx_word' id='word_1_489' title='bbox 569 4140 669 4210; x_wconf 77' lang='grc' dir='ltr'>τῆς</span> <span class='ocrx_word' id='word_1_490' title='bbox 710 4140 931 4211; x_wconf 79' lang='grc' dir='ltr'>λογικῆς</span> <span class='ocrx_word' id='word_1_491' title='bbox 972 4140 1376 4205; x_wconf 82' lang='grc' dir='ltr'>καταστάσεως.</span> <span class='ocrx_word' id='word_1_492' title='bbox 1446 4144 1605 4195; x_wconf 83' lang='grc' dir='ltr'>Δοκεῖ</span> <span class='ocrx_word' id='word_1_493' title='bbox 1652 4140 1745 4195; x_wconf 75' lang='grc' dir='ltr'><strong>οὖν</strong></span> 
     </span>
    </p>
   </div>
   <div class='ocr_carea' id='block_1_75' title="bbox 184 4233 1745 4305">
    <p class='ocr_par' dir='ltr' id='par_1_75' title="bbox 184 4233 1745 4305">
     <span class='ocr_line' id='line_1_77' title="bbox 184 4233 1745 4305; baseline 0.003 -21"><span class='ocrx_word' id='word_1_494' title='bbox 184 4248 259 4300; x_wconf 83' lang='grc' dir='ltr'><strong>μοι</strong></span> <span class='ocrx_word' id='word_1_495' title='bbox 291 4234 595 4303; x_wconf 80' lang='grc' dir='ltr'>μυστήριον</span> <span class='ocrx_word' id='word_1_496' title='bbox 648 4233 903 4303; x_wconf 86' lang='grc' dir='ltr'>παρέχειν</span> <span class='ocrx_word' id='word_1_497' title='bbox 947 4235 975 4286; x_wconf 89' lang='grc' dir='ltr'>ὁ</span> <span class='ocrx_word' id='word_1_498' title='bbox 1020 4233 1192 4301; x_wconf 84' lang='grc' dir='ltr'>λόγος.</span> <span class='ocrx_word' id='word_1_499' title='bbox 1241 4234 1327 4287; x_wconf 86' lang='grc' dir='ltr'><strong>Ἐν</strong></span> <span class='ocrx_word' id='word_1_500' title='bbox 1373 4233 1480 4304; x_wconf 79' lang='grc' dir='ltr'>γὰρ</span> <span class='ocrx_word' id='word_1_501' title='bbox 1529 4238 1593 4305; x_wconf 77' lang='grc' dir='ltr'>τῇ</span> <span class='ocrx_word' id='word_1_502' title='bbox 1638 4234 1745 4290; x_wconf 84' lang='grc' dir='ltr'>τῶν</span> 
     </span>
    </p>
   </div>
   <div class='ocr_carea' id='block_1_76' title="bbox 186 4320 1745 4394">
    <p class='ocr_par' dir='ltr' id='par_1_76' title="bbox 186 4320 1745 4394">
     <span class='ocr_line' id='line_1_78' title="bbox 186 4320 1745 4394; baseline -0.01 -14"><span class='ocrx_word' id='word_1_503' title='bbox 186 4320 376 4393; x_wconf 75' lang='grc' dir='ltr'>βρεφῶν</span> <span class='ocrx_word' id='word_1_504' title='bbox 413 4323 603 4394; x_wconf 75' lang='grc' dir='ltr'>ἡλικίᾳ</span> <span class='ocrx_word' id='word_1_505' title='bbox 652 4322 979 4393; x_wconf 80' lang='grc' dir='ltr'>ἀνέγκλητός</span> <span class='ocrx_word' id='word_1_506' title='bbox 1022 4324 1167 4376; x_wconf 78' lang='grc' dir='ltr'>ἐστιν</span> <span class='ocrx_word' id='word_1_507' title='bbox 1205 4325 1236 4394; x_wconf 80' lang='grc' dir='ltr'>ἡ</span> <span class='ocrx_word' id='word_1_508' title='bbox 1280 4321 1451 4393; x_wconf 65' lang='grc' dir='ltr'>ψυχὴ,</span> <span class='ocrx_word' id='word_1_509' title='bbox 1491 4323 1589 4393; x_wconf 80' lang='grc' dir='ltr'>τῆς</span> <span class='ocrx_word' id='word_1_510' title='bbox 1620 4324 1745 4377; x_wconf 80' lang='grc' dir='ltr'>ἀλο..</span> 
     </span>
    </p>
   </div>
   <div class='ocr_carea' id='block_1_77' title="bbox 186 4414 1743 4487">
    <p class='ocr_par' dir='ltr' id='par_1_77' title="bbox 186 4414 1743 4487">
     <span class='ocr_line' id='line_1_79' title="bbox 186 4414 1743 4487; baseline 0 -20"><span class='ocrx_word' id='word_1_511' title='bbox 186 4415 292 4480; x_wconf 82' lang='grc' dir='ltr'>γίας</span> <span class='ocrx_word' id='word_1_512' title='bbox 318 4415 637 4469; x_wconf 78' lang='grc' dir='ltr'>ἀπολύουσα</span> <span class='ocrx_word' id='word_1_513' title='bbox 670 4414 838 4485; x_wconf 83' lang='grc' dir='ltr'>αὑτὴν</span> <span class='ocrx_word' id='word_1_514' title='bbox 871 4414 1069 4479; x_wconf 85' lang='grc' dir='ltr'>παντὸς</span> <span class='ocrx_word' id='word_1_515' title='bbox 1092 4415 1280 4485; x_wconf 71' lang='grc' dir='ltr'>ψόγου.</span> <span class='ocrx_word' id='word_1_516' title='bbox 1348 4414 1472 4469; x_wconf 75' lang='grc' dir='ltr'><strong>Ἐὰν</strong></span> <span class='ocrx_word' id='word_1_517' title='bbox 1510 4415 1567 4468; x_wconf 83' lang='grc' dir='ltr'><strong>δὲ</strong></span> <span class='ocrx_word' id='word_1_518' title='bbox 1606 4417 1743 4487; x_wconf 76' lang='grc' dir='ltr'>ὀφθῇ</span> 
     </span>
    </p>
   </div>
   <div class='ocr_carea' id='block_1_78' title="bbox 189 4504 1745 4577">
    <p class='ocr_par' dir='ltr' id='par_1_78' title="bbox 189 4504 1745 4577">
     <span class='ocr_line' id='line_1_80' title="bbox 189 4504 1745 4577; baseline -0.001 -18"><span class='ocrx_word' id='word_1_519' title='bbox 189 4504 315 4574; x_wconf 70' lang='lat' dir='ltr'><strong>xpt‘o;</strong></span> <span class='ocrx_word' id='word_1_520' title='bbox 343 4506 459 4571; x_wconf 77' lang='grc' dir='ltr'><strong>ζῶν</strong></span> <span class='ocrx_word' id='word_1_521' title='bbox 487 4507 546 4558; x_wconf 82' lang='grc' dir='ltr'>ὲν</span> <span class='ocrx_word' id='word_1_522' title='bbox 583 4505 717 4575; x_wconf 82' lang='grc' dir='ltr'>αὐτῇ</span> <span class='ocrx_word' id='word_1_523' title='bbox 744 4546 758 4569; x_wconf 92' lang='grc'><strong>,</strong></span> <span class='ocrx_word' id='word_1_524' title='bbox 802 4506 829 4559; x_wconf 84' lang='grc' dir='ltr'><strong>ὃ</strong></span> <span class='ocrx_word' id='word_1_525' title='bbox 868 4507 1048 4568; x_wconf 77' lang='grc' dir='ltr'>ἐστιν,</span> <span class='ocrx_word' id='word_1_526' title='bbox 1080 4507 1173 4559; x_wconf 76' lang='grc' dir='ltr'>ἐὰν</span> <span class='ocrx_word' id='word_1_527' title='bbox 1202 4505 1433 4577; x_wconf 81' lang='grc' dir='ltr'>ἄρχηται</span> <span class='ocrx_word' id='word_1_528' title='bbox 1458 4504 1552 4558; x_wconf 80' lang='grc' dir='ltr'>τοῦ</span> <span class='ocrx_word' id='word_1_529' title='bbox 1588 4506 1745 4575; x_wconf 83' lang='grc' dir='ltr'>λόγου</span> 
     </span>
    </p>
   </div>
   <div class='ocr_carea' id='block_1_79' title="bbox 1841 3318 3402 3387">
    <p class='ocr_par' dir='ltr' id='par_1_79' title="bbox 1841 3318 3402 3387">
     <span class='ocr_line' id='line_1_81' title="bbox 1841 3318 3402 3387; baseline 0.002 -18"><span class='ocrx_word' id='word_1_530' title='bbox 1841 3332 1937 3385; x_wconf 88' lang='lat' dir='ltr'><strong>pro</strong></span> <span class='ocrx_word' id='word_1_531' title='bbox 1976 3318 2193 3372; x_wconf 82' lang='lat' dir='ltr'><strong>diversa</strong></span> <span class='ocrx_word' id='word_1_532' title='bbox 2246 3320 2481 3387; x_wconf 84' lang='lat' dir='ltr'><strong>quadam</strong></span> <span class='ocrx_word' id='word_1_533' title='bbox 2543 3318 2737 3371; x_wconf 73' lang='lat' dir='ltr'><strong>anima:</strong></span> <span class='ocrx_word' id='word_1_534' title='bbox 2790 3319 3022 3387; x_wconf 88' lang='lat' dir='ltr'><strong>pictura.</strong></span> <span class='ocrx_word' id='word_1_535' title='bbox 3078 3320 3209 3385; x_wconf 83' lang='lat' dir='ltr'><strong>Quis</strong></span> <span class='ocrx_word' id='word_1_536' title='bbox 3256 3322 3402 3373; x_wconf 86' lang='lat' dir='ltr'><strong>enim</strong></span> 
     </span>
    </p>
   </div>
   <div class='ocr_carea' id='block_1_80' title="bbox 1843 3409 3403 3480">
    <p class='ocr_par' dir='ltr' id='par_1_80' title="bbox 1843 3409 3403 3480">
     <span class='ocr_line' id='line_1_82' title="bbox 1843 3409 3403 3480; baseline 0.003 -19"><span class='ocrx_word' id='word_1_537' title='bbox 1843 3424 1950 3463; x_wconf 90' lang='lat' dir='ltr'><strong>non</strong></span> <span class='ocrx_word' id='word_1_538' title='bbox 2000 3409 2206 3464; x_wconf 72' lang='lat' dir='ltr'><strong>Iiazreat</strong></span> <span class='ocrx_word' id='word_1_539' title='bbox 2250 3410 2464 3476; x_wconf 83' lang='lat' dir='ltr'><strong>videns,</strong></span> <span class='ocrx_word' id='word_1_540' title='bbox 2508 3425 2651 3464; x_wconf 91' lang='lat' dir='ltr'><strong>nunc</strong></span> <span class='ocrx_word' id='word_1_541' title='bbox 2689 3409 2905 3478; x_wconf 89' lang='lat' dir='ltr'><strong>quidem</strong></span> <span class='ocrx_word' id='word_1_542' title='bbox 2946 3410 3147 3480; x_wconf 82' lang='lat' dir='ltr'><strong>Iepram</strong></span> <span class='ocrx_word' id='word_1_543' title='bbox 3195 3410 3403 3465; x_wconf 74' lang='lat' dir='ltr'><strong>edicere</strong></span> 
     </span>
    </p>
   </div>
   <div class='ocr_carea' id='block_1_81' title="bbox 1841 3502 3408 3571">
    <p class='ocr_par' dir='ltr' id='par_1_81' title="bbox 1841 3502 3408 3571">
     <span class='ocr_line' id='line_1_83' title="bbox 1841 3502 3408 3571; baseline 0.001 -15"><span class='ocrx_word' id='word_1_544' title='bbox 1841 3502 2113 3571; x_wconf 81' lang='lat' dir='ltr'><strong>hominem</strong></span> <span class='ocrx_word' id='word_1_545' title='bbox 2149 3503 2505 3566; x_wconf 88' lang='lat' dir='ltr'><strong>immundum,</strong></span> <span class='ocrx_word' id='word_1_546' title='bbox 2546 3504 2591 3556; x_wconf 89' lang='lat' dir='ltr'><strong>si</strong></span> <span class='ocrx_word' id='word_1_547' title='bbox 2623 3504 2758 3556; x_wconf 69' lang='lat' dir='ltr'><strong>vivae</strong></span> <span class='ocrx_word' id='word_1_548' title='bbox 2785 3502 2909 3557; x_wconf 87' lang='lat' dir='ltr'><strong>insit</strong></span> <span class='ocrx_word' id='word_1_549' title='bbox 2935 3502 3079 3566; x_wconf 89' lang='lat' dir='ltr'><strong>cuti;</strong></span> <span class='ocrx_word' id='word_1_550' title='bbox 3110 3517 3250 3555; x_wconf 91' lang='lat' dir='ltr'><strong>nunc</strong></span> <span class='ocrx_word' id='word_1_551' title='bbox 3280 3517 3408 3557; x_wconf 79' lang='lat' dir='ltr'><strong>vero</strong></span> 
     </span>
    </p>
   </div>
   <div class='ocr_carea' id='block_1_82' title="bbox 1843 3592 3409 3663">
    <p class='ocr_par' dir='ltr' id='par_1_82' title="bbox 1843 3592 3409 3663">
     <span class='ocr_line' id='line_1_84' title="bbox 1843 3592 3409 3663; baseline 0 -17"><span class='ocrx_word' id='word_1_552' title='bbox 1843 3595 1910 3647; x_wconf 88' lang='lat' dir='ltr'><strong>ab</strong></span> <span class='ocrx_word' id='word_1_553' title='bbox 1944 3594 2087 3646; x_wconf 93' lang='lat' dir='ltr'><strong>omni</strong></span> <span class='ocrx_word' id='word_1_554' title='bbox 2124 3610 2245 3646; x_wconf 86' lang='lat' dir='ltr'><strong>eum</strong></span> <span class='ocrx_word' id='word_1_555' title='bbox 2274 3594 2587 3663; x_wconf 87' lang='lat' dir='ltr'><strong>impuritate</strong></span> <span class='ocrx_word' id='word_1_556' title='bbox 2629 3595 2891 3655; x_wconf 80' lang='lat' dir='ltr'><strong>eximere,</strong></span> <span class='ocrx_word' id='word_1_557' title='bbox 2926 3593 3015 3660; x_wconf 93' lang='lat' dir='ltr'><strong>qui</strong></span> <span class='ocrx_word' id='word_1_558' title='bbox 3058 3600 3199 3646; x_wconf 86' lang='lat' dir='ltr'><strong>totus</strong></span> <span class='ocrx_word' id='word_1_559' title='bbox 3229 3592 3409 3661; x_wconf 87' lang='lat' dir='ltr'><strong>lepro-</strong></span> 
     </span>
    </p>
   </div>
   <div class='ocr_carea' id='block_1_83' title="bbox 1844 3684 3409 3753">
    <p class='ocr_par' dir='ltr' id='par_1_83' title="bbox 1844 3684 3409 3753">
     <span class='ocr_line' id='line_1_85' title="bbox 1844 3684 3409 3753; baseline -0.001 -12"><span class='ocrx_word' id='word_1_560' title='bbox 1844 3702 1938 3741; x_wconf 91' lang='lat' dir='ltr'><strong>sus</strong></span> <span class='ocrx_word' id='word_1_561' title='bbox 1977 3684 2174 3740; x_wconf 82' lang='lat' dir='ltr'><strong>fuerit?</strong></span> <span class='ocrx_word' id='word_1_562' title='bbox 2208 3685 2357 3739; x_wconf 90' lang='lat' dir='ltr'><strong>Tunc</strong></span> <span class='ocrx_word' id='word_1_563' title='bbox 2389 3686 2532 3738; x_wconf 90' lang='lat' dir='ltr'><strong>enim</strong></span> <span class='ocrx_word' id='word_1_564' title='bbox 2577 3684 2887 3739; x_wconf 85' lang='lat' dir='ltr'><strong>immundus</strong></span> <span class='ocrx_word' id='word_1_565' title='bbox 2938 3698 3060 3739; x_wconf 84' lang='lat' dir='ltr'><strong>esse</strong></span> <span class='ocrx_word' id='word_1_566' title='bbox 3109 3694 3409 3753; x_wconf 84' lang='lat' dir='ltr'><strong>reputatur,</strong></span> 
     </span>
    </p>
   </div>
   <div class='ocr_carea' id='block_1_84' title="bbox 1844 3776 3408 3847">
    <p class='ocr_par' dir='ltr' id='par_1_84' title="bbox 1844 3776 3408 3847">
     <span class='ocr_line' id='line_1_86' title="bbox 1844 3776 3408 3847; baseline 0 -16"><span class='ocrx_word' id='word_1_567' title='bbox 1844 3776 2060 3847; x_wconf 90' lang='lat' dir='ltr'><strong>quando</strong></span> <span class='ocrx_word' id='word_1_568' title='bbox 2088 3777 2228 3830; x_wconf 90' lang='lat' dir='ltr'><strong>cutis</strong></span> <span class='ocrx_word' id='word_1_569' title='bbox 2259 3776 2401 3843; x_wconf 83' lang='lat' dir='ltr'><strong>viva,</strong></span> <span class='ocrx_word' id='word_1_570' title='bbox 2446 3785 2733 3845; x_wconf 86' lang='lat' dir='ltr'><strong>postquam</strong></span> <span class='ocrx_word' id='word_1_571' title='bbox 2769 3784 2913 3831; x_wconf 86' lang='lat' dir='ltr'><strong>totus</strong></span> <span class='ocrx_word' id='word_1_572' title='bbox 2943 3776 3186 3847; x_wconf 87' lang='lat' dir='ltr'><strong>leprosus</strong></span> <span class='ocrx_word' id='word_1_573' title='bbox 3218 3779 3408 3843; x_wconf 81' lang='lat' dir='ltr'><strong>evasit,</strong></span> 
     </span>
    </p>
   </div>
   <div class='ocr_carea' id='block_1_85' title="bbox 1845 3867 3408 3939">
    <p class='ocr_par' dir='ltr' id='par_1_85' title="bbox 1845 3867 3408 3939">
     <span class='ocr_line' id='line_1_87' title="bbox 1845 3867 3408 3939; baseline 0.001 -16"><span class='ocrx_word' id='word_1_574' title='bbox 1845 3869 2264 3935; x_wconf 86' lang='lat' dir='ltr'><strong>contaminetur,</strong></span> <span class='ocrx_word' id='word_1_575' title='bbox 2295 3878 2415 3923; x_wconf 92' lang='lat' dir='ltr'><strong>cute</strong></span> <span class='ocrx_word' id='word_1_576' title='bbox 2441 3868 2561 3922; x_wconf 82' lang='lat' dir='ltr'><strong>viva</strong></span> <span class='ocrx_word' id='word_1_577' title='bbox 2594 3867 2951 3924; x_wconf 86' lang='lat' dir='ltr'><strong>eontrahente</strong></span> <span class='ocrx_word' id='word_1_578' title='bbox 2973 3885 3039 3924; x_wconf 83' lang='lat' dir='ltr'><strong>ex</strong></span> <span class='ocrx_word' id='word_1_579' title='bbox 3069 3878 3185 3924; x_wconf 91' lang='lat' dir='ltr'><strong>toto</strong></span> <span class='ocrx_word' id='word_1_580' title='bbox 3208 3870 3408 3939; x_wconf 85' lang='lat' dir='ltr'><strong>lepram</strong></span> 
     </span>
    </p>
   </div>
   <div class='ocr_carea' id='block_1_86' title="bbox 1846 3956 3411 4030">
    <p class='ocr_par' dir='ltr' id='par_1_86' title="bbox 1846 3956 3411 4030">
     <span class='ocr_line' id='line_1_88' title="bbox 1846 3956 3411 4030; baseline 0.003 -18"><span class='ocrx_word' id='word_1_581' title='bbox 1846 3975 2099 4030; x_wconf 64' lang='lat' dir='ltr'><strong>quaem...</strong></span> <span class='ocrx_word' id='word_1_582' title='bbox 2131 3974 2252 4014; x_wconf 90' lang='lat' dir='ltr'><strong>esse</strong></span> <span class='ocrx_word' id='word_1_583' title='bbox 2284 3959 2483 4013; x_wconf 89' lang='lat' dir='ltr'><strong>dicitur</strong></span> <span class='ocrx_word' id='word_1_584' title='bbox 2507 3956 2637 4029; x_wconf 87' lang='lat' dir='ltr'><strong>(II).</strong></span> <span class='ocrx_word' id='word_1_585' title='bbox 2658 3958 2917 4015; x_wconf 82' lang='lat' dir='ltr'><strong>Existimo</strong></span> <span class='ocrx_word' id='word_1_586' title='bbox 2935 3960 3075 4015; x_wconf 89' lang='lat' dir='ltr'><strong>enim</strong></span> <span class='ocrx_word' id='word_1_587' title='bbox 3105 3960 3411 4030; x_wconf 87' lang='lat' dir='ltr'><strong>lepramac-</strong></span> 
     </span>
    </p>
   </div>
   <div class='ocr_carea' id='block_1_87' title="bbox 1846 4049 3411 4121">
    <p class='ocr_par' dir='ltr' id='par_1_87' title="bbox 1846 4049 3411 4121">
     <span class='ocr_line' id='line_1_89' title="bbox 1846 4049 3411 4121; baseline -0.001 -15"><span class='ocrx_word' id='word_1_588' title='bbox 1846 4053 1949 4120; x_wconf 91' lang='lat' dir='ltr'><strong>cipi</strong></span> <span class='ocrx_word' id='word_1_589' title='bbox 1978 4065 2077 4121; x_wconf 91' lang='lat' dir='ltr'><strong>pro</strong></span> <span class='ocrx_word' id='word_1_590' title='bbox 2110 4049 2577 4105; x_wconf 87' lang='lat' dir='ltr'><strong>irrationabilibus</strong></span> <span class='ocrx_word' id='word_1_591' title='bbox 2611 4051 2808 4104; x_wconf 71' lang='lat' dir='ltr'><strong>anima:</strong></span> <span class='ocrx_word' id='word_1_592' title='bbox 2838 4050 3206 4119; x_wconf 86' lang='lat' dir='ltr'><strong>passionibus,</strong></span> <span class='ocrx_word' id='word_1_593' title='bbox 3234 4062 3289 4106; x_wconf 89' lang='lat' dir='ltr'><strong>et</strong></span> <span class='ocrx_word' id='word_1_594' title='bbox 3311 4068 3411 4107; x_wconf 90' lang='lat' dir='ltr'><strong>cu-</strong></span> 
     </span>
    </p>
   </div>
   <div class='ocr_carea' id='block_1_88' title="bbox 1849 4142 3410 4213">
    <p class='ocr_par' dir='ltr' id='par_1_88' title="bbox 1849 4142 3410 4213">
     <span class='ocr_line' id='line_1_90' title="bbox 1849 4142 3410 4213; baseline 0.001 -18"><span class='ocrx_word' id='word_1_595' title='bbox 1849 4152 1954 4196; x_wconf 87' lang='lat' dir='ltr'><strong>tem</strong></span> <span class='ocrx_word' id='word_1_596' title='bbox 1989 4142 2163 4197; x_wconf 82' lang='lat' dir='ltr'><strong>vivam</strong></span> <span class='ocrx_word' id='word_1_597' title='bbox 2205 4156 2303 4210; x_wconf 92' lang='lat' dir='ltr'><strong>pro</strong></span> <span class='ocrx_word' id='word_1_598' title='bbox 2329 4142 2581 4197; x_wconf 82' lang='lat' dir='ltr'><strong>rationali</strong></span> <span class='ocrx_word' id='word_1_599' title='bbox 2604 4142 2722 4213; x_wconf 87' lang='lat' dir='ltr'><strong>ejus</strong></span> <span class='ocrx_word' id='word_1_600' title='bbox 2747 4144 3153 4198; x_wconf 88' lang='lat' dir='ltr'><strong>constitutione.</strong></span> <span class='ocrx_word' id='word_1_601' title='bbox 3190 4142 3410 4198; x_wconf 84' lang='lat' dir='ltr'><strong>Videtur</strong></span> 
     </span>
    </p>
   </div>
   <div class='ocr_carea' id='block_1_89' title="bbox 1846 4232 3409 4307">
    <p class='ocr_par' dir='ltr' id='par_1_89' title="bbox 1846 4232 3409 4307">
     <span class='ocr_line' id='line_1_91' title="bbox 1846 4232 3409 4307; baseline 0.001 -19"><span class='ocrx_word' id='word_1_602' title='bbox 1846 4235 2026 4305; x_wconf 83' lang='lat' dir='ltr'><strong>itaque</strong></span> <span class='ocrx_word' id='word_1_603' title='bbox 2070 4234 2199 4290; x_wconf 90' lang='lat' dir='ltr'><strong>mihi</strong></span> <span class='ocrx_word' id='word_1_604' title='bbox 2251 4250 2432 4289; x_wconf 89' lang='lat' dir='ltr'><strong>sermo</strong></span> <span class='ocrx_word' id='word_1_605' title='bbox 2466 4235 2780 4307; x_wconf 76' lang='lat' dir='ltr'><strong>mySterium</strong></span> <span class='ocrx_word' id='word_1_606' title='bbox 2833 4235 3107 4290; x_wconf 77' lang='lat' dir='ltr'><strong>exhibere.</strong></span> <span class='ocrx_word' id='word_1_607' title='bbox 3145 4232 3200 4289; x_wconf 90' lang='lat' dir='ltr'><strong>In</strong></span> <span class='ocrx_word' id='word_1_608' title='bbox 3238 4234 3409 4289; x_wconf 80' lang='lat' dir='ltr'><strong>infau-</strong></span> 
     </span>
    </p>
   </div>
   <div class='ocr_carea' id='block_1_90' title="bbox 1850 4315 3411 4397">
    <p class='ocr_par' dir='ltr' id='par_1_90' title="bbox 1850 4315 3411 4397">
     <span class='ocr_line' id='line_1_92' title="bbox 1850 4315 3411 4397; baseline 0.001 -16"><span class='ocrx_word' id='word_1_609' title='bbox 1850 4330 1927 4383; x_wconf 78' lang='lat' dir='ltr'><strong>tiii</strong></span> <span class='ocrx_word' id='word_1_610' title='bbox 1954 4327 2150 4382; x_wconf 90' lang='lat' dir='ltr'><strong>etenim</strong></span> <span class='ocrx_word' id='word_1_611' title='bbox 2178 4336 2336 4382; x_wconf 61' lang='lat' dir='ltr'><strong>astate</strong></span> <span class='ocrx_word' id='word_1_612' title='bbox 2366 4326 2641 4397; x_wconf 87' lang='lat' dir='ltr'><strong>inculpata</strong></span> <span class='ocrx_word' id='word_1_613' title='bbox 2666 4338 2749 4382; x_wconf 92' lang='lat' dir='ltr'><strong>est</strong></span> <span class='ocrx_word' id='word_1_614' title='bbox 2779 4315 2981 4395; x_wconf 60' lang='lat' dir='ltr'><strong>anima,</strong></span> <span class='ocrx_word' id='word_1_615' title='bbox 3017 4327 3262 4383; x_wconf 79' lang='lat' dir='ltr'><strong>eximens</strong></span> <span class='ocrx_word' id='word_1_616' title='bbox 3292 4342 3411 4383; x_wconf 90' lang='lat' dir='ltr'><strong>sese</strong></span> 
     </span>
    </p>
   </div>
   <div class='ocr_carea' id='block_1_91' title="bbox 1849 4419 3412 4488">
    <p class='ocr_par' dir='ltr' id='par_1_91' title="bbox 1849 4419 3412 4488">
     <span class='ocr_line' id='line_1_93' title="bbox 1849 4419 3412 4488; baseline -0.001 -12"><span class='ocrx_word' id='word_1_617' title='bbox 1849 4423 1917 4476; x_wconf 85' lang='lat' dir='ltr'><strong>ab</strong></span> <span class='ocrx_word' id='word_1_618' title='bbox 1959 4420 2105 4476; x_wconf 92' lang='lat' dir='ltr'><strong>omni</strong></span> <span class='ocrx_word' id='word_1_619' title='bbox 2156 4420 2553 4488; x_wconf 82' lang='lat' dir='ltr'><strong>vituperatione</strong></span> <span class='ocrx_word' id='word_1_620' title='bbox 2596 4419 3050 4474; x_wconf 86' lang='lat' dir='ltr'><strong>irrationalitatis.</strong></span> <span class='ocrx_word' id='word_1_621' title='bbox 3096 4420 3165 4474; x_wconf 87' lang='lat' dir='ltr'><strong>At</strong></span> <span class='ocrx_word' id='word_1_622' title='bbox 3206 4420 3251 4477; x_wconf 90' lang='lat' dir='ltr'><strong>si</strong></span> <span class='ocrx_word' id='word_1_623' title='bbox 3297 4422 3412 4477; x_wconf 83' lang='lat' dir='ltr'><strong>visa</strong></span> 
     </span>
    </p>
   </div>
   <div class='ocr_carea' id='block_1_92' title="bbox 1852 4509 3414 4581">
    <p class='ocr_par' dir='ltr' id='par_1_92' title="bbox 1852 4509 3414 4581">
     <span class='ocr_line' id='line_1_94' title="bbox 1852 4509 3414 4581; baseline 0.002 -16"><span class='ocrx_word' id='word_1_624' title='bbox 1852 4512 2011 4565; x_wconf 80' lang='lat' dir='ltr'><strong>fuerit</strong></span> <span class='ocrx_word' id='word_1_625' title='bbox 2054 4511 2195 4581; x_wconf 86' lang='lat' dir='ltr'><strong>cutis</strong></span> <span class='ocrx_word' id='word_1_626' title='bbox 2226 4511 2347 4563; x_wconf 82' lang='lat' dir='ltr'><strong>viva</strong></span> <span class='ocrx_word' id='word_1_627' title='bbox 2398 4509 2452 4562; x_wconf 89' lang='lat' dir='ltr'><strong>in</strong></span> <span class='ocrx_word' id='word_1_628' title='bbox 2485 4523 2574 4571; x_wconf 89' lang='lat' dir='ltr'><strong>ea,</strong></span> <span class='ocrx_word' id='word_1_629' title='bbox 2616 4509 2719 4563; x_wconf 91' lang='lat' dir='ltr'><strong>hoc</strong></span> <span class='ocrx_word' id='word_1_630' title='bbox 2759 4518 2863 4574; x_wconf 90' lang='lat' dir='ltr'><strong>est,</strong></span> <span class='ocrx_word' id='word_1_631' title='bbox 2912 4511 2957 4565; x_wconf 87' lang='lat' dir='ltr'><strong>si</strong></span> <span class='ocrx_word' id='word_1_632' title='bbox 3007 4510 3229 4581; x_wconf 88' lang='lat' dir='ltr'><strong>incipiat</strong></span> <span class='ocrx_word' id='word_1_633' title='bbox 3274 4515 3414 4569; x_wconf 87' lang='lat' dir='ltr'><strong>ratio</strong></span> 
     </span>
    </p>
   </div>
   <div class='ocr_carea' id='block_1_93' title="bbox 192 4597 1734 4677">
    <p class='ocr_par' dir='ltr' id='par_1_93' title="bbox 192 4597 1734 4669">
     <span class='ocr_line' id='line_1_95' title="bbox 192 4597 1734 4669; baseline 0.003 -21"><span class='ocrx_word' id='word_1_634' title='bbox 192 4597 513 4668; x_wconf 68' lang='grc' dir='ltr'>ὑποφύωσις,</span> <span class='ocrx_word' id='word_1_635' title='bbox 545 4598 666 4650; x_wconf 86' lang='grc' dir='ltr'>τότε</span> <span class='ocrx_word' id='word_1_636' title='bbox 698 4598 837 4669; x_wconf 81' lang='grc' dir='ltr'>ἀρχὴ</span> <span class='ocrx_word' id='word_1_637' title='bbox 876 4598 973 4667; x_wconf 83' lang='grc' dir='ltr'><strong>τῆς</strong></span> <span class='ocrx_word' id='word_1_638' title='bbox 998 4597 1269 4668; x_wconf 81' lang='grc' dir='ltr'>ἁμαρτίας</span> <span class='ocrx_word' id='word_1_639' title='bbox 1297 4597 1583 4667; x_wconf 79' lang='grc' dir='ltr'>ὑφίσταται</span> <span class='ocrx_word' id='word_1_640' title='bbox 1608 4640 1620 4663; x_wconf 92' lang='grc'><strong>,</strong></span> <span class='ocrx_word' id='word_1_641' title='bbox 1648 4600 1734 4661; x_wconf 63' lang='grc' dir='ltr'>ἕως</span> 
     </span>
    </p>
   </div>
   <div class='ocr_carea' id='block_1_94' title="bbox 1850 4597 3414 4677">
    <p class='ocr_par' dir='ltr' id='par_1_94' title="bbox 1857 4601 3414 4677">
     <span class='ocr_line' id='line_1_96' title="bbox 1857 4601 3414 4677; baseline 0.003 -20"><span class='ocrx_word' id='word_1_642' title='bbox 1857 4604 2094 4668; x_wconf 81' lang='lat' dir='ltr'><strong>exoriri,</strong></span> <span class='ocrx_word' id='word_1_643' title='bbox 2133 4612 2258 4657; x_wconf 91' lang='lat' dir='ltr'><strong>tunc</strong></span> <span class='ocrx_word' id='word_1_644' title='bbox 2281 4602 2488 4657; x_wconf 85' lang='lat' dir='ltr'><strong>substat</strong></span> <span class='ocrx_word' id='word_1_645' title='bbox 2524 4601 2845 4671; x_wconf 89' lang='lat' dir='ltr'><strong>principium</strong></span> <span class='ocrx_word' id='word_1_646' title='bbox 2875 4604 3098 4672; x_wconf 89' lang='lat' dir='ltr'><strong>peccati.</strong></span> <span class='ocrx_word' id='word_1_647' title='bbox 3141 4620 3414 4677; x_wconf 82' lang='lat' dir='ltr'><strong>quousque</strong></span> 
     </span>
    </p>
   </div>
   <div class='ocr_carea' id='block_1_95' title="bbox 193 4685 1743 4760">
    <p class='ocr_par' dir='ltr' id='par_1_95' title="bbox 193 4685 1743 4760">
     <span class='ocr_line' id='line_1_97' title="bbox 193 4685 1743 4760; baseline 0.004 -24"><span class='ocrx_word' id='word_1_648' title='bbox 193 4685 610 4760; x_wconf 81' lang='grc' dir='ltr'>ὲπικρατήσηται</span> <span class='ocrx_word' id='word_1_649' title='bbox 643 4687 736 4740; x_wconf 78' lang='grc' dir='ltr'><strong>τοῦ</strong></span> <span class='ocrx_word' id='word_1_650' title='bbox 780 4688 987 4760; x_wconf 84' lang='grc' dir='ltr'>χρωτὸς</span> <span class='ocrx_word' id='word_1_651' title='bbox 1050 4687 1142 4741; x_wconf 79' lang='grc' dir='ltr'>τοῦ</span> <span class='ocrx_word' id='word_1_652' title='bbox 1202 4687 1431 4754; x_wconf 80' lang='grc' dir='ltr'>ζῶντος,</span> <span class='ocrx_word' id='word_1_653' title='bbox 1480 4690 1743 4755; x_wconf 84' lang='grc' dir='ltr'>τουτέστι,</span> 
     </span>
    </p>
   </div>
   <div class='ocr_carea' id='block_1_96' title="bbox 195 4778 1744 4853">
    <p class='ocr_par' dir='ltr' id='par_1_96' title="bbox 195 4778 1744 4853">
     <span class='ocr_line' id='line_1_98' title="bbox 195 4778 1744 4853; baseline 0.004 -24"><span class='ocrx_word' id='word_1_654' title='bbox 195 4778 273 4830; x_wconf 81' lang='grc' dir='ltr'><strong>τοῦ</strong></span> <span class='ocrx_word' id='word_1_655' title='bbox 296 4780 454 4849; x_wconf 89' lang='grc' dir='ltr'>λόγου</span> <span class='ocrx_word' id='word_1_656' title='bbox 494 4779 815 4844; x_wconf 81' lang='grc' dir='ltr'>αὑξάνοντος</span> <span class='ocrx_word' id='word_1_657' title='bbox 854 4780 949 4833; x_wconf 79' lang='grc' dir='ltr'><strong>καὶ</strong></span> <span class='ocrx_word' id='word_1_658' title='bbox 971 4780 1379 4851; x_wconf 86' lang='grc' dir='ltr'>τελειουμένου,</span> <span class='ocrx_word' id='word_1_659' title='bbox 1423 4782 1542 4845; x_wconf 82' lang='grc' dir='ltr'>ὅλος</span> <span class='ocrx_word' id='word_1_660' title='bbox 1582 4782 1744 4853; x_wconf 86' lang='grc' dir='ltr'>γένη-</span> 
     </span>
    </p>
   </div>
   <div class='ocr_carea' id='block_1_97' title="bbox 198 4871 1642 4946">
    <p class='ocr_par' dir='ltr' id='par_1_97' title="bbox 198 4871 1642 4946">
     <span class='ocr_line' id='line_1_99' title="bbox 198 4871 1642 4946; baseline 0.003 -24"><span class='ocrx_word' id='word_1_661' title='bbox 198 4887 271 4924; x_wconf 84' lang='grc' dir='ltr'><strong>ται</strong></span> <span class='ocrx_word' id='word_1_662' title='bbox 292 4875 318 4925; x_wconf 78' lang='grc' dir='ltr'>ὁ</span> <span class='ocrx_word' id='word_1_663' title='bbox 346 4872 495 4943; x_wconf 89' lang='grc' dir='ltr'>χρὼς</span> <span class='ocrx_word' id='word_1_664' title='bbox 520 4871 649 4937; x_wconf 83' lang='grc' dir='ltr'>ζῶν,</span> <span class='ocrx_word' id='word_1_665' title='bbox 681 4872 774 4925; x_wconf 78' lang='grc' dir='ltr'><strong>καὶ</strong></span> <span class='ocrx_word' id='word_1_666' title='bbox 804 4872 985 4926; x_wconf 87' lang='grc' dir='ltr'>τέλεον</span> <span class='ocrx_word' id='word_1_667' title='bbox 1020 4874 1053 4943; x_wconf 80' lang='grc' dir='ltr'>ἡ</span> <span class='ocrx_word' id='word_1_668' title='bbox 1086 4873 1262 4946; x_wconf 86' lang='grc' dir='ltr'>λέπρα</span> <span class='ocrx_word' id='word_1_669' title='bbox 1294 4873 1642 4946; x_wconf 80' lang='grc' dir='ltr'>ὲξαφανισθῇ.</span> 
     </span>
    </p>
   </div>
   <div class='ocr_carea' id='block_1_98' title="bbox 815 4965 1116 5017">
    <p class='ocr_par' dir='ltr' id='par_1_98' title="bbox 815 4965 1116 5017">
     <span class='ocr_line' id='line_1_100' title="bbox 815 4965 1116 5017; baseline -0.003 0"><span class='ocrx_word' id='word_1_670' title='bbox 815 4965 969 5017; x_wconf 84' lang='grc' dir='ltr'><strong>ΚΕΦ.</strong></span> <span class='ocrx_word' id='word_1_671' title='bbox 1010 4965 1116 5016; x_wconf 79' lang='lat' dir='ltr'><strong>IH&#39;.</strong></span> 
     </span>
    </p>
   </div>
   <div class='ocr_carea' id='block_1_99' title="bbox 202 5049 1745 5130">
    <p class='ocr_par' dir='ltr' id='par_1_99' title="bbox 202 5049 1745 5130">
     <span class='ocr_line' id='line_1_101' title="bbox 202 5049 1745 5130; baseline 0.006 -26"><span class='ocrx_word' id='word_1_672' title='bbox 202 5049 328 5124; x_wconf 75' lang='grc' dir='ltr'>Στίχ.</span> <span class='ocrx_word' id='word_1_673' title='bbox 358 5062 430 5130; x_wconf 29' lang='grc' dir='ltr'>κ’.-</span> <span class='ocrx_word' id='word_1_674' title='bbox 465 5055 576 5121; x_wconf 84' lang='grc' dir='ltr'><strong>Τὰς</strong></span> <span class='ocrx_word' id='word_1_675' title='bbox 607 5056 857 5130; x_wconf 69' lang='grc' dir='ltr'><strong>ἐντολὲις</strong></span> <span class='ocrx_word' id='word_1_676' title='bbox 890 5052 1056 5122; x_wconf 78' lang='grc' dir='ltr'>οἶδας</span> <span class='ocrx_word' id='word_1_677' title='bbox 1071 5074 1095 5130; x_wconf 26' lang='grc' dir='ltr'><strong>Ἀ</strong></span> <span class='ocrx_word' id='word_1_678' title='bbox 1136 5057 1232 5130; x_wconf 72' lang='grc' dir='ltr'><strong>Μὴ</strong></span> <span class='ocrx_word' id='word_1_679' title='bbox 1263 5059 1596 5127; x_wconf 80' lang='grc' dir='ltr'>μοιχεύσῃς</span> <span class='ocrx_word' id='word_1_680' title='bbox 1616 5101 1632 5124; x_wconf 89' lang='grc'><strong>,</strong></span> <span class='ocrx_word' id='word_1_681' title='bbox 1658 5060 1745 5130; x_wconf 81' lang='grc' dir='ltr'>μὴ</span> 
     </span>
    </p>
   </div>
   <div class='ocr_carea' id='block_1_100' title="bbox 263 5124 1752 5200">
    <p class='ocr_par' dir='ltr' id='par_1_100' title="bbox 263 5124 1752 5200">
     <span class='ocr_line' id='line_1_102' title="bbox 263 5124 1752 5200; baseline 0.005 -22"><span class='ocrx_word' id='word_1_682' title='bbox 263 5127 576 5200; x_wconf 62' lang='grc' dir='ltr'>φονεύσῃς,</span> <span class='ocrx_word' id='word_1_683' title='bbox 604 5126 689 5200; x_wconf 77' lang='grc' dir='ltr'>μὴ</span> <span class='ocrx_word' id='word_1_684' title='bbox 716 5124 970 5200; x_wconf 72' lang='grc' dir='ltr'>κλέψῃς,</span> <span class='ocrx_word' id='word_1_685' title='bbox 1002 5127 1101 5180; x_wconf 79' lang='grc' dir='ltr'><strong>καὶ</strong></span> <span class='ocrx_word' id='word_1_686' title='bbox 1136 5124 1227 5200; x_wconf 17' lang='grc' dir='ltr'><strong>μὴν</strong></span> <span class='ocrx_word' id='word_1_687' title='bbox 1264 5124 1752 5200; x_wconf 53' lang='grc' dir='ltr'>ψευδομαρτυρήζ</span> 
     </span>
    </p>
   </div>
   <div class='ocr_carea' id='block_1_101' title="bbox 261 5196 1749 5269">
    <p class='ocr_par' dir='ltr' id='par_1_101' title="bbox 261 5196 1749 5269">
     <span class='ocr_line' id='line_1_103' title="bbox 261 5196 1749 5269; baseline 0.007 -26"><span class='ocrx_word' id='word_1_688' title='bbox 261 5210 397 5261; x_wconf 82' lang='grc' dir='ltr'>σεις.</span> <span class='ocrx_word' id='word_1_689' title='bbox 442 5198 583 5265; x_wconf 68' lang='grc' dir='ltr'><strong>Τᾲια</strong></span> <span class='ocrx_word' id='word_1_690' title='bbox 603 5197 709 5250; x_wconf 86' lang='grc' dir='ltr'><em>τὸν</em></span> <span class='ocrx_word' id='word_1_691' title='bbox 736 5196 959 5265; x_wconf 76' lang='grc' dir='ltr'>πατέρα</span> <span class='ocrx_word' id='word_1_692' title='bbox 976 5213 1091 5251; x_wconf 85' lang='grc' dir='ltr'><strong>σου</strong></span> <span class='ocrx_word' id='word_1_693' title='bbox 1120 5199 1217 5251; x_wconf 79' lang='grc' dir='ltr'><strong>καὶ</strong></span> <span class='ocrx_word' id='word_1_694' title='bbox 1239 5199 1352 5266; x_wconf 80' lang='grc' dir='ltr'><em>τὴν</em></span> <span class='ocrx_word' id='word_1_695' title='bbox 1366 5196 1589 5269; x_wconf 85' lang='grc' dir='ltr'>μητέρα</span> <span class='ocrx_word' id='word_1_696' title='bbox 1613 5196 1749 5254; x_wconf 65' lang='grc' dir='ltr'>σοι).</span> 
     </span>
    </p>
   </div>
   <div class='ocr_carea' id='block_1_102' title="bbox 274 5284 1751 5363">
    <p class='ocr_par' dir='ltr' id='par_1_102' title="bbox 274 5284 1751 5363">
     <span class='ocr_line' id='line_1_104' title="bbox 274 5284 1751 5363; baseline 0.004 -24"><span class='ocrx_word' id='word_1_697' title='bbox 274 5284 635 5358; x_wconf 80' lang='grc' dir='ltr'>Ἐξελέγχεται</span> <span class='ocrx_word' id='word_1_698' title='bbox 699 5290 757 5342; x_wconf 84' lang='grc' dir='ltr'>δὲ</span> <span class='ocrx_word' id='word_1_699' title='bbox 791 5292 847 5342; x_wconf 81' lang='grc' dir='ltr'><strong>ὲν</strong></span> <span class='ocrx_word' id='word_1_700' title='bbox 910 5288 987 5359; x_wconf 86' lang='grc' dir='ltr'>τῷ</span> <span class='ocrx_word' id='word_1_701' title='bbox 1049 5289 1189 5361; x_wconf 85' lang='grc' dir='ltr'>λόγῳ</span> <span class='ocrx_word' id='word_1_702' title='bbox 1234 5292 1667 5363; x_wconf 80' lang='grc' dir='ltr'>Μαρκιωνιστὼν</span> <span class='ocrx_word' id='word_1_703' title='bbox 1694 5311 1751 5345; x_wconf 86' lang='grc' dir='ltr'><strong>τε</strong></span> 
     </span>
    </p>
   </div>
   <div class='ocr_carea' id='block_1_103' title="bbox 208 5379 1751 5456">
    <p class='ocr_par' dir='ltr' id='par_1_103' title="bbox 208 5379 1751 5456">
     <span class='ocr_line' id='line_1_105' title="bbox 208 5379 1751 5456; baseline 0.005 -27"><span class='ocrx_word' id='word_1_704' title='bbox 208 5379 450 5447; x_wconf 76' lang='grc' dir='ltr'>παράνοια</span> <span class='ocrx_word' id='word_1_705' title='bbox 507 5383 597 5435; x_wconf 68' lang='grc' dir='ltr'>καὶ</span> <span class='ocrx_word' id='word_1_706' title='bbox 658 5383 971 5453; x_wconf 84' lang='grc' dir='ltr'>Μανιχαίων</span> <span class='ocrx_word' id='word_1_707' title='bbox 994 5424 1009 5449; x_wconf 88' lang='grc'><strong>,</strong></span> <span class='ocrx_word' id='word_1_708' title='bbox 1044 5385 1097 5437; x_wconf 78' lang='grc' dir='ltr'>οἱ</span> <span class='ocrx_word' id='word_1_709' title='bbox 1125 5385 1215 5437; x_wconf 84' lang='grc' dir='ltr'>τὸν</span> <span class='ocrx_word' id='word_1_710' title='bbox 1266 5386 1429 5455; x_wconf 89' lang='grc' dir='ltr'>νόμον</span> <span class='ocrx_word' id='word_1_711' title='bbox 1478 5384 1751 5456; x_wconf 80' lang='grc' dir='ltr'>ἀλλότριον</span> 
     </span>
    </p>
   </div>
   <div class='ocr_carea' id='block_1_104' title="bbox 1856 4691 3414 4763">
    <p class='ocr_par' dir='ltr' id='par_1_104' title="bbox 1856 4691 3414 4763">
     <span class='ocr_line' id='line_1_106' title="bbox 1856 4691 3414 4763; baseline 0.002 -16"><span class='ocrx_word' id='word_1_712' title='bbox 1856 4693 2097 4747; x_wconf 82' lang='lat' dir='ltr'><strong>obtineat</strong></span> <span class='ocrx_word' id='word_1_713' title='bbox 2140 4693 2405 4746; x_wconf 82' lang='lat' dir='ltr'><strong>viventem</strong></span> <span class='ocrx_word' id='word_1_714' title='bbox 2450 4701 2624 4746; x_wconf 90' lang='lat' dir='ltr'><strong>cutem</strong></span> <span class='ocrx_word' id='word_1_715' title='bbox 2663 4709 2677 4746; x_wconf 90' lang='lat'><strong>:</strong></span> <span class='ocrx_word' id='word_1_716' title='bbox 2711 4691 2763 4744; x_wconf 90' lang='lat' dir='ltr'><strong>id</strong></span> <span class='ocrx_word' id='word_1_717' title='bbox 2793 4702 2896 4753; x_wconf 86' lang='lat' dir='ltr'><strong>est,</strong></span> <span class='ocrx_word' id='word_1_718' title='bbox 2941 4704 3266 4763; x_wconf 89' lang='lat' dir='ltr'><strong>augescente</strong></span> <span class='ocrx_word' id='word_1_719' title='bbox 3297 4711 3414 4750; x_wconf 84' lang='lat' dir='ltr'><strong>ura-</strong></span> 
     </span>
    </p>
   </div>
   <div class='ocr_carea' id='block_1_105' title="bbox 1859 4781 3415 4854">
    <p class='ocr_par' dir='ltr' id='par_1_105' title="bbox 1859 4781 3415 4854">
     <span class='ocr_line' id='line_1_107' title="bbox 1859 4781 3415 4854; baseline 0.002 -18"><span class='ocrx_word' id='word_1_720' title='bbox 1859 4785 2003 4838; x_wconf 91' lang='lat' dir='ltr'><strong>tioue</strong></span> <span class='ocrx_word' id='word_1_721' title='bbox 2041 4794 2200 4852; x_wconf 88' lang='lat' dir='ltr'><strong>atque</strong></span> <span class='ocrx_word' id='word_1_722' title='bbox 2240 4781 2500 4851; x_wconf 78' lang='lat' dir='ltr'><strong>perfecta,</strong></span> <span class='ocrx_word' id='word_1_723' title='bbox 2540 4790 2648 4835; x_wconf 86' lang='lat' dir='ltr'><strong>tota</strong></span> <span class='ocrx_word' id='word_1_724' title='bbox 2676 4781 2771 4837; x_wconf 87' lang='lat' dir='ltr'><strong>[iat</strong></span> <span class='ocrx_word' id='word_1_725' title='bbox 2803 4784 2943 4838; x_wconf 88' lang='lat' dir='ltr'><strong>cutis</strong></span> <span class='ocrx_word' id='word_1_726' title='bbox 2994 4785 3140 4849; x_wconf 79' lang='lat' dir='ltr'><strong>viva,</strong></span> <span class='ocrx_word' id='word_1_727' title='bbox 3176 4796 3229 4839; x_wconf 90' lang='lat' dir='ltr'><strong>et</strong></span> <span class='ocrx_word' id='word_1_728' title='bbox 3268 4786 3415 4854; x_wconf 88' lang='lat' dir='ltr'><strong>peni-</strong></span> 
     </span>
    </p>
   </div>
   <div class='ocr_carea' id='block_1_106' title="bbox 1856 4874 2463 4944">
    <p class='ocr_par' dir='ltr' id='par_1_106' title="bbox 1856 4874 2463 4944">
     <span class='ocr_line' id='line_1_108' title="bbox 1856 4874 2463 4944; baseline -0.008 -15"><span class='ocrx_word' id='word_1_729' title='bbox 1856 4886 1944 4929; x_wconf 88' lang='lat' dir='ltr'><strong>tus</strong></span> <span class='ocrx_word' id='word_1_730' title='bbox 1976 4874 2123 4944; x_wconf 81' lang='lat' dir='ltr'><strong>lepra</strong></span> <span class='ocrx_word' id='word_1_731' title='bbox 2154 4881 2463 4928; x_wconf 80' lang='lat' dir='ltr'><strong>evanescat.</strong></span> 
     </span>
    </p>
   </div>
   <div class='ocr_carea' id='block_1_107' title="bbox 2452 4964 2825 5020">
    <p class='ocr_par' dir='ltr' id='par_1_107' title="bbox 2452 4964 2825 5020">
     <span class='ocr_line' id='line_1_109' title="bbox 2452 4964 2825 5020; baseline -0.003 0"><span class='ocrx_word' id='word_1_732' title='bbox 2452 4964 2601 5020; x_wconf 85' lang='lat' dir='ltr'><strong>CAP.</strong></span> <span class='ocrx_word' id='word_1_733' title='bbox 2643 4965 2825 5019; x_wconf 81' lang='lat' dir='ltr'><strong>XVIII.</strong></span> 
     </span>
    </p>
   </div>
   <div class='ocr_carea' id='block_1_108' title="bbox 1858 5057 3415 5127">
    <p class='ocr_par' dir='ltr' id='par_1_108' title="bbox 1858 5057 3415 5127">
     <span class='ocr_line' id='line_1_110' title="bbox 1858 5057 3415 5127; baseline -0.003 -17"><span class='ocrx_word' id='word_1_734' title='bbox 1858 5057 1921 5119; x_wconf 89' lang='lat' dir='ltr'><strong>V.</strong></span> <span class='ocrx_word' id='word_1_735' title='bbox 1953 5060 2046 5114; x_wconf 71' lang='lat'><strong>20.</strong></span> <span class='ocrx_word' id='word_1_736' title='bbox 2090 5057 2359 5126; x_wconf 62' lang='lat' dir='ltr'><strong>Praecepta</strong></span> <span class='ocrx_word' id='word_1_737' title='bbox 2394 5058 2530 5111; x_wconf 84' lang='lat' dir='ltr'><strong>nosti</strong></span> <span class='ocrx_word' id='word_1_738' title='bbox 2557 5073 2577 5112; x_wconf 90' lang='lat'><strong><em>:</em></strong></span> <span class='ocrx_word' id='word_1_739' title='bbox 2603 5057 2724 5111; x_wconf 75' lang='lat' dir='ltr'><strong>Non</strong></span> <span class='ocrx_word' id='word_1_740' title='bbox 2765 5059 3126 5127; x_wconf 78' lang='lat' dir='ltr'><strong>fornicaberis,</strong></span> <span class='ocrx_word' id='word_1_741' title='bbox 3160 5077 3262 5115; x_wconf 85' lang='lat' dir='ltr'><strong>non</strong></span> <span class='ocrx_word' id='word_1_742' title='bbox 3287 5065 3415 5118; x_wconf 71' lang='lat' dir='ltr'><strong>oeci.</strong></span> 
     </span>
    </p>
   </div>
   <div class='ocr_carea' id='block_1_109' title="bbox 1928 5129 3414 5198">
    <p class='ocr_par' dir='ltr' id='par_1_109' title="bbox 1928 5129 3414 5198">
     <span class='ocr_line' id='line_1_111' title="bbox 1928 5129 3414 5198; baseline 0.002 -13"><span class='ocrx_word' id='word_1_743' title='bbox 1928 5133 2042 5195; x_wconf 84' lang='lat' dir='ltr'><strong>des,</strong></span> <span class='ocrx_word' id='word_1_744' title='bbox 2094 5147 2196 5183; x_wconf 87' lang='lat' dir='ltr'><strong>non</strong></span> <span class='ocrx_word' id='word_1_745' title='bbox 2245 5129 2523 5198; x_wconf 83' lang='lat' dir='ltr'><strong>furaberis,</strong></span> <span class='ocrx_word' id='word_1_746' title='bbox 2570 5138 2617 5182; x_wconf 92' lang='lat' dir='ltr'><strong>et</strong></span> <span class='ocrx_word' id='word_1_747' title='bbox 2660 5144 2763 5181; x_wconf 90' lang='lat' dir='ltr'><strong>non</strong></span> <span class='ocrx_word' id='word_1_748' title='bbox 2799 5130 2936 5181; x_wconf 83' lang='lat' dir='ltr'><strong>dices</strong></span> <span class='ocrx_word' id='word_1_749' title='bbox 2974 5130 3163 5196; x_wconf 78' lang='lat' dir='ltr'><strong>falsum</strong></span> <span class='ocrx_word' id='word_1_750' title='bbox 3196 5134 3414 5188; x_wconf 81' lang='lat' dir='ltr'><strong>testimo-</strong></span> 
     </span>
    </p>
   </div>
   <div class='ocr_carea' id='block_1_110' title="bbox 1929 5200 3258 5268">
    <p class='ocr_par' dir='ltr' id='par_1_110' title="bbox 1929 5200 3258 5268">
     <span class='ocr_line' id='line_1_112' title="bbox 1929 5200 3258 5268; baseline 0.001 -13"><span class='ocrx_word' id='word_1_751' title='bbox 1929 5204 2093 5255; x_wconf 82' lang='lat' dir='ltr'><strong>nium.</strong></span> <span class='ocrx_word' id='word_1_752' title='bbox 2126 5200 2341 5253; x_wconf 81' lang='lat' dir='ltr'><strong>Honora</strong></span> <span class='ocrx_word' id='word_1_753' title='bbox 2368 5210 2567 5268; x_wconf 85' lang='lat' dir='ltr'><strong>patrem</strong></span> <span class='ocrx_word' id='word_1_754' title='bbox 2598 5208 2743 5251; x_wconf 86' lang='lat' dir='ltr'><strong>tuum</strong></span> <span class='ocrx_word' id='word_1_755' title='bbox 2765 5207 2812 5251; x_wconf 85' lang='lat' dir='ltr'><strong>et</strong></span> <span class='ocrx_word' id='word_1_756' title='bbox 2842 5207 3059 5251; x_wconf 89' lang='lat' dir='ltr'><strong>matrem</strong></span> <span class='ocrx_word' id='word_1_757' title='bbox 3089 5212 3258 5256; x_wconf 86' lang='lat' dir='ltr'><strong>tuam.</strong></span> 
     </span>
    </p>
   </div>
   <div class='ocr_carea' id='block_1_111' title="bbox 1928 5291 3416 5349">
    <p class='ocr_par' dir='ltr' id='par_1_111' title="bbox 1928 5291 3416 5349">
     <span class='ocr_line' id='line_1_113' title="bbox 1928 5291 3416 5349; baseline 0 -1"><span class='ocrx_word' id='word_1_758' title='bbox 1928 5291 2250 5348; x_wconf 80' lang='lat' dir='ltr'><strong>Confutntur</strong></span> <span class='ocrx_word' id='word_1_759' title='bbox 2290 5292 2391 5347; x_wconf 84' lang='lat' dir='ltr'><strong>hac</strong></span> <span class='ocrx_word' id='word_1_760' title='bbox 2439 5293 2685 5347; x_wconf 88' lang='lat' dir='ltr'><strong>oratione</strong></span> <span class='ocrx_word' id='word_1_761' title='bbox 2743 5293 3210 5348; x_wconf 83' lang='lat' dir='ltr'><strong>Marcionistarutu</strong></span> <span class='ocrx_word' id='word_1_762' title='bbox 3248 5294 3416 5349; x_wconf 79' lang='lat' dir='ltr'><strong>Mani-</strong></span> 
     </span>
    </p>
   </div>
   <div class='ocr_carea' id='block_1_112' title="bbox 1861 5383 3418 5453">
    <p class='ocr_par' dir='ltr' id='par_1_112' title="bbox 1861 5383 3418 5453">
     <span class='ocr_line' id='line_1_114' title="bbox 1861 5383 3418 5453; baseline 0.001 -16"><span class='ocrx_word' id='word_1_763' title='bbox 1861 5386 2238 5452; x_wconf 73' lang='lat' dir='ltr'><strong>chaeorumque</strong></span> <span class='ocrx_word' id='word_1_764' title='bbox 2269 5385 2506 5448; x_wconf 88' lang='lat' dir='ltr'><strong>vesania,</strong></span> <span class='ocrx_word' id='word_1_765' title='bbox 2562 5385 2650 5453; x_wconf 90' lang='lat' dir='ltr'><strong>qui</strong></span> <span class='ocrx_word' id='word_1_766' title='bbox 2683 5385 2852 5453; x_wconf 86' lang='lat' dir='ltr'><strong>legem</strong></span> <span class='ocrx_word' id='word_1_767' title='bbox 2895 5383 3121 5442; x_wconf 85' lang='lat' dir='ltr'><strong>alienam</strong></span> <span class='ocrx_word' id='word_1_768' title='bbox 3158 5399 3186 5438; x_wconf 87' lang='lat' dir='ltr'><strong>a</strong></span> <span class='ocrx_word' id='word_1_769' title='bbox 3208 5385 3418 5439; x_wconf 78' lang='lat' dir='ltr'><strong>Christo</strong></span> 
     </span>
    </p>
   </div>
   <div class='ocr_carea' id='block_1_113' title="bbox 210 5464 1734 5550">
    <p class='ocr_par' dir='ltr' id='par_1_113' title="bbox 210 5464 1734 5550">
     <span class='ocr_line' id='line_1_115' title="bbox 210 5464 1734 5550; baseline 0.018 -29"><span class='ocrx_word' id='word_1_770' title='bbox 210 5464 327 5523; x_wconf 76' lang='grc' dir='ltr'>εἷναί</span> <span class='ocrx_word' id='word_1_771' title='bbox 373 5492 500 5542; x_wconf 74' lang='grc' dir='ltr'>φασι</span> <span class='ocrx_word' id='word_1_772' title='bbox 538 5476 793 5547; x_wconf 74' lang='grc' dir='ltr'>Χριστοῦ.</span> <span class='ocrx_word' id='word_1_773' title='bbox 837 5478 971 5546; x_wconf 74' lang='grc' dir='ltr'>Φησὶ</span> <span class='ocrx_word' id='word_1_774' title='bbox 1025 5476 1131 5549; x_wconf 83' lang='grc' dir='ltr'><strong>γὰρ</strong></span> <span class='ocrx_word' id='word_1_775' title='bbox 1178 5479 1480 5550; x_wconf 75' lang='grc' dir='ltr'>ὁΜάρκοςν</span> <span class='ocrx_word' id='word_1_776' title='bbox 1522 5478 1603 5531; x_wconf 80' lang='grc' dir='ltr'><strong>δτι</strong></span> <span class='ocrx_word' id='word_1_777' title='bbox 1657 5478 1734 5547; x_wconf 70' lang='grc' dir='ltr'><strong>ἐμ</strong></span> 
     </span>
    </p>
   </div>
   <div class='ocr_carea' id='block_1_114' title="bbox 1850 5464 3419 5550">
    <p class='ocr_par' dir='ltr' id='par_1_114' title="bbox 1860 5476 3419 5547">
     <span class='ocr_line' id='line_1_116' title="bbox 1860 5476 3419 5547; baseline -0.002 -16"><span class='ocrx_word' id='word_1_778' title='bbox 1860 5492 1979 5531; x_wconf 86' lang='lat' dir='ltr'><strong>esse</strong></span> <span class='ocrx_word' id='word_1_779' title='bbox 2005 5486 2302 5532; x_wconf 85' lang='lat' dir='ltr'><strong>autumant.</strong></span> <span class='ocrx_word' id='word_1_780' title='bbox 2328 5476 2416 5531; x_wconf 86' lang='lat' dir='ltr'><strong>Ait</strong></span> <span class='ocrx_word' id='word_1_781' title='bbox 2452 5478 2595 5531; x_wconf 91' lang='lat' dir='ltr'><strong>enim</strong></span> <span class='ocrx_word' id='word_1_782' title='bbox 2629 5476 2862 5542; x_wconf 84' lang='lat' dir='ltr'><strong>Marcus,</strong></span> <span class='ocrx_word' id='word_1_783' title='bbox 2894 5479 3033 5547; x_wconf 86' lang='lat' dir='ltr'><strong>quod</strong></span> <span class='ocrx_word' id='word_1_784' title='bbox 3062 5478 3338 5547; x_wconf 83' lang='lat' dir='ltr'><strong>respiciens</strong></span> <span class='ocrx_word' id='word_1_785' title='bbox 3366 5477 3419 5529; x_wconf 78' lang='lat' dir='ltr'><strong>il</strong></span> 
     </span>
    </p>
   </div>
   <div class='ocr_carea' id='block_1_115' title="bbox 272 5603 2475 5705">
    <p class='ocr_par' dir='ltr' id='par_1_115' title="bbox 272 5603 2475 5705">
     <span class='ocr_line' id='line_1_117' title="bbox 272 5603 2475 5705; baseline 0.002 -49"><span class='ocrx_word' id='word_1_786' title='bbox 272 5603 311 5633; x_wconf 76' lang='grc'><strong>³⁸</strong></span> <span class='ocrx_word' id='word_1_787' title='bbox 343 5603 473 5660; x_wconf 85' lang='lat' dir='ltr'><strong>Psal.</strong></span> <span class='ocrx_word' id='word_1_788' title='bbox 500 5624 684 5671; x_wconf 77' lang='lat' dir='ltr'><strong>Lxxxt,</strong></span> <span class='ocrx_word' id='word_1_789' title='bbox 711 5610 761 5662; x_wconf 88' lang='lat' dir='ltr'><strong>I.</strong></span> <span class='ocrx_word' id='word_1_790' title='bbox 838 5609 882 5640; x_wconf 84' lang='grc'><strong>³³</strong></span> <span class='ocrx_word' id='word_1_791' title='bbox 911 5609 1073 5663; x_wconf 84' lang='lat' dir='ltr'><strong>Eccli.</strong></span> <span class='ocrx_word' id='word_1_792' title='bbox 1111 5625 1264 5677; x_wconf 74' lang='lat' dir='ltr'><strong>xxxi,</strong></span> <span class='ocrx_word' id='word_1_793' title='bbox 1286 5610 1377 5665; x_wconf 77' lang='lat'><strong>55.</strong></span> <span class='ocrx_word' id='word_1_794' title='bbox 1453 5610 1495 5641; x_wconf 70' lang='lat'><strong>&quot;</strong></span> <span class='ocrx_word' id='word_1_795' title='bbox 1527 5610 1654 5665; x_wconf 86' lang='lat' dir='ltr'><strong>Luc.</strong></span> <span class='ocrx_word' id='word_1_796' title='bbox 1687 5625 1795 5676; x_wconf 65' lang='grc' dir='ltr'>χιι,</span> <span class='ocrx_word' id='word_1_797' title='bbox 1840 5607 1929 5662; x_wconf 75' lang='lat'><strong>&#39;52.</strong></span> <span class='ocrx_word' id='word_1_798' title='bbox 2008 5608 2050 5639; x_wconf 81' lang='grc'><strong>³⁸</strong></span> <span class='ocrx_word' id='word_1_799' title='bbox 2081 5608 2306 5705; x_wconf 56' lang='lat' dir='ltr'><strong>Philipq.</strong></span> <span class='ocrx_word' id='word_1_800' title='bbox 2334 5622 2393 5673; x_wconf 90' lang='lat' dir='ltr'><strong>Il,</strong></span> <span class='ocrx_word' id='word_1_801' title='bbox 2424 5606 2475 5660; x_wconf 92' lang='lat'><strong>8.</strong></span> 
     </span>
    </p>
   </div>
   <div class='ocr_carea' id='block_1_116' title="bbox 277 5760 711 5837">
    <p class='ocr_par' dir='ltr' id='par_1_116' title="bbox 277 5760 711 5837">
     <span class='ocr_line' id='line_1_118' title="bbox 277 5760 711 5837; baseline -0.002 -18"><span class='ocrx_word' id='word_1_802' title='bbox 277 5760 351 5837; x_wconf 10' lang='lat'><strong>(9)7</strong></span> <span class='ocrx_word' id='word_1_803' title='bbox 366 5762 520 5837; x_wconf 63' lang='lat' dir='ltr'><strong>Forte</strong></span> <span class='ocrx_word' id='word_1_804' title='bbox 560 5766 711 5837; x_wconf 76' lang='grc' dir='ltr'>ἔστη.</span> 
     </span>
    </p>
   </div>
   <div class='ocr_carea' id='block_1_117' title="bbox 281 5833 1147 5902">
    <p class='ocr_par' dir='ltr' id='par_1_117' title="bbox 281 5833 1147 5902">
     <span class='ocr_line' id='line_1_119' title="bbox 281 5833 1147 5902; baseline 0.008 -16"><span class='ocrx_word' id='word_1_805' title='bbox 281 5833 559 5896; x_wconf 59' lang='lat' dir='ltr'><strong>(IN-Forte</strong></span> <span class='ocrx_word' id='word_1_806' title='bbox 590 5833 768 5899; x_wconf 79' lang='grc' dir='ltr'>πάσης</span> <span class='ocrx_word' id='word_1_807' title='bbox 791 5838 1147 5902; x_wconf 81' lang='grc' dir='ltr'>ἀκαθαρσίας.</span> 
     </span>
    </p>
   </div>
   <div class='ocr_carea' id='block_1_118' title="bbox 1868 5768 3420 5895">
    <p class='ocr_par' dir='ltr' id='par_1_118' title="bbox 1868 5768 3420 5895">
     <span class='ocr_line' id='line_1_120' title="bbox 1868 5768 3420 5895; baseline -0.001 -68"><span class='ocrx_word' id='word_1_808' title='bbox 1868 5768 2045 5895; x_wconf 63' lang='lat' dir='ltr'><strong>x&quot;(lin</strong></span> <span class='ocrx_word' id='word_1_809' title='bbox 2072 5768 2243 5829; x_wconf 85' lang='lat' dir='ltr'><strong>Locus</strong></span> <span class='ocrx_word' id='word_1_810' title='bbox 2284 5770 2605 5841; x_wconf 83' lang='lat' dir='ltr'><strong>impeditus,</strong></span> <span class='ocrx_word' id='word_1_811' title='bbox 2634 5770 2699 5828; x_wconf 71' lang='lat' dir='ltr'><strong>ad</strong></span> <span class='ocrx_word' id='word_1_812' title='bbox 2724 5787 2879 5843; x_wconf 84' lang='lat' dir='ltr'><strong>quem</strong></span> <span class='ocrx_word' id='word_1_813' title='bbox 2909 5776 3091 5831; x_wconf 77' lang='lat' dir='ltr'><strong>confer</strong></span> <span class='ocrx_word' id='word_1_814' title='bbox 3122 5775 3194 5829; x_wconf 86' lang='lat' dir='ltr'><strong>sis</strong></span> <span class='ocrx_word' id='word_1_815' title='bbox 3248 5770 3420 5835; x_wconf 75' lang='lat' dir='ltr'><strong>Levis.</strong></span> 
     </span>
    </p>
   </div>
  </div>
