3942 6318
521 367 621 421 571
795 362 905 391 ἠ’
1637 357 2021 421 ANONYMUS
2058 364 2090 419 1]

2198 362 2302 420 ΟΒ.
2339 390 2410 404 —-
2444 359 2579 418 LIB.
2620 362 2662 418 Ι.
3651 361 3748 418 51‘s

523 517 3720 558 Μ

1770 701 2504 864 SPURIA.

786 1131 1514 1260 ANONYMI
1594 1135 1756 1260 IN
1829 1135 2108 1264 JOB
2186 1111 3623 1266 COMMENTARIUS”).

1911 1379 2013 1450 (Ex
2039 1377 2173 1434 edit.
2201 1375 2398 1448 Buzzi.)

1262 1683 1900 1780 PROLOGUS
1975 1688 2787 1779 INTERPRETIS
2857 1670 2970 1776 (2’.

596 1886 902 1943 Peritorum
943 1900 1062 1942 mos
1090 1895 1174 1942 est
1224 1885 1596 1950 medicorum,
1629 1894 1690 1939 ut
1727 1901 1849 1940 cum
1892 1886 1957 1940 ad
2001 1885 2273 1940 inﬁrmum
2313 1885 2654 1950 introierint,
2698 1895 2754 1940 et
2794 1885 3112 1954 qualitatem
3151 1885 3432 1955 passionis
3471 1887 3767 1951 agnoverint

522 1958 872 2029 aegrotantis,
904 1972 966 2012 ea
1010 1972 1129 2026 quae
1159 1957 1467 2011 necessaria
1487 1957 1588 2029 vel
1628 1966 1751 2024 apta
1787 1967 1911 2029 sunt
1945 1972 2088 2011 cura:
2115 1997 2129 2019 ,
2164 1957 2363 2029 agnita:
2395 1956 2685 2011 adhibeant
2716 1957 2953 2029 passioni
3012 1971 3116 2012 nec
3165 1955 3649 2029 anteproinlirmo
3676 1959 3763 2013 ali-

526 2025 687 2098 quam
724 2028 979 2082 ordinant
1015 2025 1200 2082 curam
1229 2067 1244 2089 ,
1280 2041 1440 2094 quam
1485 2027 1538 2080 in
1578 2027 1791 2096 integro
1818 2028 1932 2094 ejus
1967 2025 2288 2098 agnoverint
2317 2041 2567 2090 causam,
2597 2025 2970 2098 ne‘prooculo
2998 2041 3185 2082 aurem
3218 2025 3518 2079 videantur
3552 2041 3728 2082 curare
3749 2069 3763 2092 ,

524 2095 616 2154 aut
654 2115 750 2166 pro
793 2114 955 2152 manu
986 2098 1152 2166 capiti
1185 2098 1528 2167 reperiantur
1557 2098 1884 2151 medicinam
1915 2097 2173 2152 conferre
2212 2115 2224 2150 :
2261 2097 2407 2167 quod
2438 2107 2522 2151 est
2543 2095 2765 2150 omnino
2792 2096 3204 2167 imperitorum,
3240 2106 3410 2167 atque
3436 2105 3604 2150 artem
3630 2098 3766 2165 igno-

523 2171 760 2224 rantium
812 2168 1111 2223 medicinae.
1143 2169 1236 2220 Sic
1264 2169 1427 2221 etiam
1458 2168 1637 2221 omnis
1691 2169 1989 2235 interpres,
2029 2168 2127 2226 nisi
2162 2177 2290 2221 ante
2323 2166 2428 2219 vim
2470 2181 2534 2221 ac
2584 2181 2803 2225 sensum
2833 2167 3152 2236 cognoverit
3183 2166 3442 2221 lectionis
3467 2207 3482 2231 ,
3516 2169 3765 2234 quomodo

522 2240 724 2308 poterit
754 2239 910 2292 (idem
953 2240 1009 2292 in
1048 2237 1300 2292 omnibus
1333 2253 1658 2308 conservare
1691 2238 2003 2306 interpretis
2034 2238 2056 2290 ?
2096 2236 2206 2291 Nisi
2251 2251 2494 2308 sensum,
2523 2237 2762 2305 inquam,
2784 2235 3024 2308 dilucide
3055 2248 3221 2308 atque
3248 2238 3466 2304 integre
3501 2235 3646 2303 juxta
3679 2239 3766 2290 lin-

523 2306 643 2379 grue
669 2309 952 2364 vernacula
987 2309 1295 2379 perlegerit,
1327 2323 1434 2361 non
1471 2307 1630 2361 facile
1657 2309 1763 2360 ullo
1786 2309 1964 2372 modo,
1989 2323 2051 2363 ea
2085 2323 2204 2377 quae
2238 2306 2618 2379 ahalioedita
2651 2307 2810 2379 sunt‘,
2843 2307 2896 2361 in
2925 2306 3152 2379 alterius
3178 2307 3384 2379 lingute
3413 2321 3658 2374 saporem
3687 2321 3769 2360 ve-

525 2377 726 2436 raciter
755 2380 1042 2450 exprimet.
1069 2378 1284 2433 Etcum
1315 2380 1429 2432 haec
1455 2393 1558 2432 non
1589 2380 1982 2450 observaverit,
2007 2391 2101 2431 aut
2140 2388 2289 2450 certe
2313 2377 2472 2447 (quod
2509 2393 2594 2432 me
2630 2377 2809 2450 dicere
2847 2379 3038 2450 pudet)
3073 2378 3437 2450 ignoraverit.
3474 2385 3564 2429 aut
3597 2392 3766 2450 aurem

525 2466 626 2517 pro
653 2447 841 2515 oculo,
880 2462 973 2503 aut
999 2459 1166 2520 caput
1195 2463 1291 2517 pro
1320 2464 1481 2520 manu
1513 2457 1768 2520 tanquam
1804 2449 2084 2520 imperitus
2131 2448 2592 2520 ntedicus_czurare
2615 2447 2875 2520 incipiet.
2909 2447 3034 2520 Haec
3071 2463 3101 2501 a
3138 2448 3304 2520 nobis
3353 2447 3477 2520 ideo
3507 2448 3768 2520 praemissa

521 2515 672 2593 sunt,
704 2521 832 2589 quia
860 2515 1214 2593 cognovimus
1241 2520 1328 2593 vel
1374 2519 1552 2586 potius
1579 2515 1804 2588 legimus
1831 2515 1973 2593 hunc
2003 2521 2100 2593 qui
2132 2519 2185 2571 in
2229 2517 2478 2593 manibus
2500 2528 2584 2572 est
2614 2515 2759 2593 beati
2787 2516 2889 2593 Job
2911 2518 3122 2593 librum
3157 2518 3380 2586 aliquos
3409 2517 3477 2570 de
3519 2515 3709 2593 Grates
3723 2518 3767 2569 in

523 2586 776 2646 Latinuin
809 2606 916 2644 non
933 2586 1142 2643 Latino
1168 2590 1402 2643 vertisse
1427 2586 1678 2642 sermone
1698 2631 1713 2655 ,
1740 2599 1794 2642 et
1823 2591 1948 2658 quia
1978 2586 2134 2642 valde
2163 2591 2296 2643 satis
2323 2588 2392 2640 ah
2428 2589 2743 2658 interpretis
2783 2586 2961 2642 oﬂicio
2987 2589 3480 2658 discrepaverunt,
3519 2596 3573 2639 et
3597 2588 3766 2658 quiaa

523 2661 757 2716 veritate
780 2670 944 2731 atque
969 2659 1147 2731 regula
1181 2658 1647 2731 interpretationis
1681 2655 2260 2731 longe—discesserunt,
2289 2658 2410 2712 ideo
2433 2655 2647 2731 omnem
2677 2659 2976 2731 sapientem
3005 2670 3130 2728 peto
3151 2655 3254 2722 {in
3289 2655 3450 2724 cujus
3481 2671 3666 2709 manus
3685 2656 3768 2731 hic

523 2732 663 2786 liber
693 2729 981 2800 devolutus
1004 2729 1190 2794 fuerit,
1223 2737 1435 2800 ut_ante
1467 2729 1612 2783 hunc
1643 2728 1920 2800 prologum
1954 2729 2192 2799 relegat.
2228 2743 2392 2800 quam
2427 2729 2494 2800 ad
2530 2729 2838 2800 hujusilibri
2877 2728 3164 2783 lectionem
3201 2731 3475 2800 accedat,
3510 2734 3568 2780 ut
3595 2741 3656 2779 ex
3680 2728 3770 2780 hu-

522 2802 614 2869 jus
661 2799 999 2868 praefationis
1030 2809 1179 2854 textu
1208 2798 1555 2869 informatus,
1597 2796 1662 2854 ei
1694 2796 1937 2868 quo'haec
1973 2796 2330 2868 interpretata
2361 2797 2562 2852 fuerint
2592 2796 2849 2868 perfacile
2880 2807 3196 2869 cognoscat.
3234 2796 3510 2869 Spondeo
3528 2810 3652 2850 sane
3687 2812 3764 2850 me

524 2866 554 2924 a
582 2866 1190 2926 veritatis'auctoritate
1218 2867 1524 2925 nullatenus
1555 2866 1870 2926 discessisse
1890 2909 1906 2935 ,
1934 2870 2024 2925 sed
2061 2866 2202 2925 sicut
2234 2869 2300 2922 ab
2333 2869 2424 2922 illo
2453 2866 2627 2937 posita
2657 2879 2785 2925 sunt
2813 2869 2903 2939 qui
2930 2866 3045 2923 hinc
3073 2868 3228 2937 prior
3269 2866 3475 2932 edidit,
3500 2867 3572 2919 ita
3594 2880 3768 2939 eorum

528 2950 706 2996 status
743 2941 1107 3010 integritatem
1145 2941 1201 2992 in
1233 2940 1384 2995 nullo
1410 2940 1655 2994 vitiatam
1686 2942 1898 3010 penitus
1931 2953 2270 3010 reServasse,
2301 2936 2542 3008 nihilque
2573 2936 2860 3004 scabrum]
2897 2936 3390 3010 nequeasperum,
3431 2951 3603 3006 neque
3631 2936 3769 2989 addi-

523 3023 660 3076 tum,
693 3007 1036 3080 dempturum
1055 3010 1286 3080 diligens
1315 3011 1484 3064 lector
1515 3007 1749 3065 inveniet
1779 3031 1792 3066 :
1823 3026 1986 3080 quam
2019 3011 2094 3064 illi
2128 3009 2286 3063 ﬁdem
2309 3007 2572 3078 praemissi
2593 3011 2916 3079 interpretes
2945 3007 3132 3064 facere
3158 3007 3270 3062 non
3298 3016 3768 3080 praesumpserun‘t.

524 3075 680 3149 Quod
705 3075 867 3134 etiam
896 3090 1020 3151 peto
1043 3089 1096 3135 ιε
1116 3075 1487 3135 studiosorum
1522 3081 1783 3136 lectorum
1815 3075 2136 3144 maximum,
2161 3075 2324 3148 atque
2353 3080 2666 3151 diligentem
2701 3075 2958 3134 veritatis.
2982 3075 3315 3151 amatorem,
3342 3088 3402 3131 ut
3422 3075 3660 3151 etiaiu_tu
3687 3075 3774 3151 illa.

522 3145 726 3206 tuentis
756 3145 1070 3217 vivacitate,
1103 3160 1267 3220 atque
1293 3151 1470 3205 sancti
1503 3152 1668 3205 animi
1711 3153 2028 3206 curiositate
2048 3151 2114 3204 ad
2150 3145 2337 3204 eorum
2378 3145 2497 3219 quae
2525 3150 2668 3206 dicta
2704 3159 2827 3204 sunt
2853 3151 3118 3220 rationem
3152 3148 3668 3220 rclectapervenias
3695 3145 3770 3220 le;

525 3224 725 3278 ctione.
755 3220 1005 3277 Invenies
1034 3216 1220 3292 procul
1246 3221 1412 3276 dubio
1447 3222 1614 3276 multa
1638 3237 1734 3276 eos
1758 3221 2171 3290 praetermisisse
2198 3259 2213 3283 ,
2257 3216 2470 3274 necnon
2497 3230 2552 3275 et
2597 3221 2880 3292 addidisse
2915 3217 3188 3292 superflue
3229 3219 3473 3288 plurima
3503 3225 3660 3287 atque
3707 3216 3775 3268 ab.

523 3293 842 3363 interpretis
881 3289 1060 3347 ollicio
1093 3292 1306 3362 longius
1333 3293 1645 3363 recessisse.
1676 3289 1804 3358 Quae
1832 3309 1954 3346 cum
1986 3293 2274 3363 diligenter
2305 3293 2629 3360 agnoveris,
2663 3306 2823 3363 quem
2868 3289 3048 3360 legere
3077 3290 3314 3363 debeas,
3348 3303 3584 3359 quemve
3625 3300 3767 3363 recu-

523 3377 644 3418 sare
670 3358 688 3427 ξ
715 3363 976 3431 perfacile
1000 3358 1316 3434 cognosces.
1347 3361 1462 3416 Non
1501 3378 1629 3416 vero
1654 3379 1757 3417 non
1789 3364 1910 3434 ideo
1943 3365 2054 3434 haec
2085 3358 2318 3434 dicimus
2335 3358 2364 3425 ,“
2382 3363 2527 3434 quod
2555 3377 2652 3416 nos
2680 3358 2802 3434 aliis
2834 3358 3170 3432 anteponere
3203 3358 3494 3434 velinius:
3533 3373 3653 3434 cum
3685 3358 3758 3434 si-l

522 3447 644 3488 mus
672 3425 1038 3502 imperitiores
1068 3425 1229 3503 atque
1258 3433 1584 3503 abiectiores
1607 3435 1862 3488 omnibus
1894 3432 2204 3488 hominibus
2232 3425 2533 3487 secundum
2567 3431 2881 3500 Apostolum
2917 3425 3168 3503 se'rm_one
3188 3471 3204 3495 ,
3233 3445 3348 3503 non
3380 3429 3606 3503 scientia
3641 3443 3653 3480 :
3680 3425 3767 3480 sed

523 3512 731 3559 attente
752 3498 997 3559 iaventes
1026 3506 1078 3559 in
1111 3498 1366 3560 omnibus
1389 3504 1632 3570 veritas,
1663 3519 1726 3560 ea
1752 3519 1873 3574 quas
1898 3519 1928 3557 a
1958 3503 2114 3559 uobis
2147 3503 2369 3558 inventa
2395 3513 2544 3572 sunt,
2579 3498 2804 3558 summo.
2823 3502 3022 3566 studio,
3042 3500 3152 3558 Deo
3169 3499 3546 3573 suﬂragante,
3571 3498 3622 3553 in
3652 3510 3764 3552 om-

523 3575 686 3629 nibus
719 3574 1010 3647 diligenter
1040 3575 1268 3645 implere
1301 3575 1633 3631 curavimus.

1603 3794 2094 3858 ARGUMENTUM
2134 3795 2204 3851 IN
2242 3794 2502 3854 LIBRUM
2539 3796 2679 3854 JOB.

596 3938 624 3992 1
631 3957 662 3992 η
685 3949 828 3991 terra
857 3939 1066 4008 quidem
1089 3939 1351 4010 habitasse
1372 3940 1472 3995 Job
1497 3941 1732 3995 Ausitidi
1756 3943 1812 3995 in
1839 3941 2031 4008 ﬁnibus
2060 3937 2315 3994 Idumww
2342 3949 2389 3994 et
2413 3940 2653 4010 Arabiaz_
2689 3941 2882 4010 fertur,
2913 3949 2960 3995 et
2992 3949 3106 3995 erat
3135 3940 3182 3994 ei
3207 3949 3332 3994 ante
3361 3933 3760 4010 nomen_.l_o.‘zalt.

521 4011 588 4081 Et
619 4009 811 4081 accepit
851 4004 1443 4081 uqorequrabissam,
1470 4023 1523 4081 et
1566 4013 1749 4080 genuit
1772 4004 1940 4079 ﬁlium
1967 4025 2115 4081 quem
2159 4012 2359 4068 vocavit
2391 4010 2566 4064 Euan.
2605 4004 2740 4064 Ern!
2767 4004 2943 4064 autem
2983 4013 3092 4078 ipse
3126 4010 3273 4079 [ilius
3300 4011 3513 4080 quidem
3538 4004 3670 4058 Zare
3704 4006 3765 4081 se

524 4080 668 4151 iisan
689 4079 814 4151 ﬁliis
849 4078 1018 4145 ﬁlius,
1046 4079 1109 4151 de
1135 4091 1301 4133 matre
1327 4075 1445 4134 vero
1477 4075 1669 4144 Bosra,
1693 4075 1781 4135 ita’
1799 4093 1852 4133 ut
1887 4082 1952 4134 sit
1979 4075 2204 4151 quintus
2241 4081 2306 4133 ab
2349 4082 2641 4151 Abraham.
2677 4081 2746 4135 Et
2785 4081 2839 4151 Iri
2871 4075 3164 4150 sunt-reges
3201 4083 3291 4150 qui
3313 4075 3666 4151 regnaverqu
3709 4075 3761 4151 ἱῃ

525 4143 727 4221 Edoni,
757 4150 824 4221 in_
844 4143 964 4221 qua!
987 4157 1038 4202 et
1066 4150 1176 4217 ipse
1208 4152 1443 4221 regnavit
1466 4191 1480 4214 ,
1521 4153 1611 4204 sed
1643 4153 1844 4217 primus
1872 4151 1926 4203 in
1969 4143 2031 4205 ea
2065 4151 2300 4221 regnavit
2339 4149 2606 4221 Balaach_
2619 4151 2761 4218 ﬁlius
2794 4150 2953 4208 Beor.
2984 4160 3032 4203 et
3064 4143 3248 4221 riome'n
3279 4143 3517 4220 ejusdem
3549 4143 3763 4221 ciuitatis

525 4220 760 4291 lle-laba.
787 4217 913 4272 Post
943 4219 1080 4272 hunc
1105 4217 1280 4291 autem
1306 4219 1531 4291 Balaac,
1559 4231 1674 4282 post
1703 4237 1822 4274 eum
1851 4221 2021 4274 Jobab
2042 4217 2140 4290 qui
2163 4230 2380 4291 vagatur
2415 4219 2540 4275 Job.
2571 4217 2698 4275 Post
2725 4221 2843 4291 Job_
2859 4229 3034 4291 autem
3070 4217 3316 4284 Husam;
3329 4221 3421 4291 qui
3435 4227 3555 4291 ierat
3581 4217 3764 4290 dum}:

526 4289 915 4412 Themqnqrtluu
945 4287 1274 4412 regiozehft
1299 4301 1413 4358 post
1436 4290 1589 4345 illum
1613 4294 1844 4361 regnavit
1868 4291 2022 4344 Adad
2051 4287 2194 4360 ﬁlius
2222 4289 2432 4357 Badad,
2474 4292 2565 4362 qui
2593 4291 2787 4345 excidit
2817 4289 3058 4344 Modiam
3083 4292 3138 4345 in
3165 4287 3352 4360 campo
3388 4290 3568 4354 Moab,
3601 4296 3646 4340 et
3672 4287 3760 4337 rio.-

526 4377 643 4412 men
670 4376 767 4412 cm
797 4377 827 4412 a
855 4376 900 4412 is
935 4376 1050 4412 eius
1133 4377 1176 4412 vi
1243 4399 1258 4412 .

524 4377 643 4414 meu
670 4369 900 4418 civitatis
935 4369 1050 4430 ejus
1081 4369 1258 4421 4mm.

535 4486 3751 4519 ———-—-———-—-—————-———————-———-———-———————————————————————

1110 4663 1677 4756 ANONYMI
1761 4664 1883 4750 IN
1961 4659 2178 4753 JOB
2250 4662 2612 4759 LIBER
2684 4662 3172 4753 PRIMUS.

587 4990 743 5048 Sicut
784 4991 912 5053 ειειὶ
955 4993 1250 5052 luminaria.
1296 5008 1360 5053 ac
1408 4992 1586 5052 sidera
1637 4994 1694 5054 in
1739 4994 2086 5055 ﬁrmamento
2116 5007 2165 5066 Α
2193 5011 2292 5050 nes
2333 5005 2388 5051 et
2427 4996 2814 5067 generationes
2843 4995 3167 5051 mirabiliter
3201 4995 3478 5059 relucent,
3514 4991 3612 5052 alia
3637 4987 3753 5058 qui-

517 5084 639 5141 cmli
688 5103 718 5139 a
762 5085 872 5140 Deo
914 5086 1108 5140 collata
1156 5086 1368 5141 cunctis
1414 5087 1784 5142 indesinenter
1827 5101 1949 5160 qum
1991 5089 2090 5143 sub

519 5176 660 5232 caelo
702 5186 828 5240 sunt
861 5176 1106 5249 fulgent,
1139 5189 1301 5247 atque
1337 5178 1592 5234 omnibus
1630 5194 1750 5248 quae
1788 5195 1953 5250 super
1986 5191 2090 5236 ter-

519 5282 638 5322 ram
667 5276 794 5323 sunt
816 5282 913 5338 per
945 5279 1191 5339 tempora
1223 5283 1286 5324 ac
1319 5277 1565 5339 tempora
1591 5307 1607 5334 ,
1648 5284 1746 5340 per
1777 5270 2090 5341 generatio-

587 5419 665 5494 (Ι)
709 5421 970 5496 Anonymi
992 5466 1006 5489 ,
1037 5433 1144 5479 etc.
1170 5422 1233 5496 In
1278 5423 1508 5496 vulgatis
1548 5431 1703 5483 antea
1729 5425 1859 5480 editi
1890 5425 2087 5480 onibus

516 5491 736 5560 Origeni
773 5491 1055 5558 tribuitur,
1083 5495 1178 5549 sed
1230 5491 1399 5563 ipsius
1433 5510 1538 5548 non
1584 5510 1704 5550 esse
1755 5496 1976 5549 invictis
2003 5510 2093 5547 ar-

519 5564 792 5638 gumentis
822 5565 1070 5638 probavit
1101 5563 1329 5621 Huetius
1358 5566 1411 5620 in
1445 5567 1756 5637 Appendice
1788 5567 1912 5621 libri
1944 5567 2088 5620 tertii

521 5633 763 5702 0rigen.,
802 5649 952 5687 num.
977 5635 1032 5688 2.

592 5703 668 5775 (2)
701 5703 1029 5776 Interpretis.
1061 5706 1115 5758 In
1147 5706 1516 5776 manuscripto
1550 5708 1738 5762 codice
1779 5707 2092 5761 monasterii

519 5773 962 5850 Padolironensis
982 5775 1388 5850 _i_n_terp,retatio
1426 5773 1545 5833 haec
1568 5777 1794 5850 iiilario
1813 5848 1820 5850 _
1839 5778 2092 5850 episcopo

520 5846 801 5913 tribuitur,
827 5855 963 5904 teste
980 5845 1291 5904 Mabillonio
1319 5855 1528 5914 nostro,
1554 5847 1688 5905 Itin.
1710 5845 1938 5916 Ital.,'p.
1960 5845 2088 5905 208.

2195 5088 2318 5142 dem
2346 5104 2440 5158 per
2473 5099 2710 5156 noctem,
2739 5098 2797 5145 ut
2821 5092 2948 5145 luna
2977 5098 3032 5144 et
3051 5089 3244 5155 stellae,
3281 5089 3385 5144 alia
3415 5084 3755 5142 nihilominus

2196 5193 2293 5248 per
2327 5179 2468 5234 diem
2496 5220 2512 5246 ,
2555 5190 2616 5234 ut
2643 5181 2776 5235 solis
2809 5180 3198 5250 speciosissimi
3236 5181 3371 5235 radii
3399 5198 3412 5234 :
3441 5177 3517 5231 sic
3542 5183 3592 5230 et
3631 5186 3751 5226 san-

2197 5280 2407 5326 ctorum
2439 5271 2657 5328 virtutis
2703 5273 2939 5343 insignia
2967 5311 2984 5339 ,
3019 5283 3182 5343 atque
3231 5268 3530 5328 beatissimi
3571 5275 3746 5320 eorum

2199 5425 2305 5482 Sed
2333 5426 2680 5498 quamvisex
2722 5428 2893 5482 variis
2929 5426 3234 5498 Hieronymi
3271 5421 3588 5482 testimoniis
3625 5428 3746 5498 con-

2199 5507 2306 5551 stet
2341 5492 2560 5552 beatum
2590 5495 2852 5553 Hilarium
2872 5492 3274 5568 Pictavieitsem
3303 5492 3744 5568 episcopum-tra-

2200 5578 2379 5622 ctatus
2420 5584 2514 5622 seu
2555 5568 2806 5624 bomilias
2855 5567 3105 5639 Origenis
3148 5570 3201 5622 in
3248 5559 3349 5623 Job
3395 5559 3743 5639 tralislgiliSS‘ij

2201 5639 2484 5704 praesentis
2511 5645 2693 5710 tamen
2722 5641 2905 5710 operis
2940 5629 3082 5708 quod
3125 5640 3324 5692 Ariana
3359 5638 3473 5690 labe
3502 5629 3740 5710 inferuth

2199 5717 2313 5780 est.
2341 5711 2592 5778 quodque
2629 5707 2882 5780 Origenis
2916 5707 3020 5764 non
3052 5720 3170 5772 est,
3201 5711 3343 5762 nulla
3371 5719 3526 5762 causa
3552 5709 3631 5753 est
3655 5707 3742 5780 cur

2202 5779 2471 5851 interpres
2506 5777 2786 5851 habeatur
2827 5782 2875 5839 is
2918 5782 3012 5850 qui
3057 5792 3246 5838 contra
3289 5780 3516 5838 Arianos
3551 5777 3738 5826 summa

2200 5863 2325 5904 eum
2346 5849 2508 5908 laude
2534 5850 2775 5913 scripsit.
