3942 6318
210 338 320 391 575

1365 342 1743 398 ΑΝΟΝΫΜΗΞ
1779 342 1846 397 ΙΝ
1881 343 2020 400 JOB.
2062 375 2131 385 --
2167 344 2294 400 LIB.
2336 346 2375 401 1.

3391 346 3497 407 δῑι

209 468 427 525 agones
454 498 471 522 ,
513 461 773 515 omnibus
802 461 854 515 iu
887 468 1144 530 perpetuo
1187 459 1539 529 singulariter
1575 460 1816 532 fulgent,
1847 467 1894 523 Α
1923 478 2106 528 nosse,
2139 464 2225 518 vel
2253 464 2451 528 dicere,
2489 463 2571 518 vel
2606 462 2871 530 scribere,
2899 478 3017 533 quae
3046 462 3193 517 solus
3223 461 3385 516 Pater
3426 464 3497 517 ad

209 545 489 603 omnibus
524 550 579 603 in
627 562 889 605 aeternum
938 550 1207 605 bonorum
1254 554 1486 607 formam
1534 556 1819 622 tribuunt,

206 638 485 695 omnibus
549 643 654 697 sub
715 642 828 697 sole
880 642 1097 711 pietatis
1145 644 1451 716 exemplum
1502 649 1819 704 ostendunt.

208 727 369 794 Quod
423 741 619 787 autem
656 733 927 789 sideribus
972 742 1139 803 atque
1184 735 1549 794 luminaribus
1599 754 1821 809 compa-

207 830 818 883 renturomnessancti
849 830 1196 885 demonstrat
1219 829 1533 899 Apostolus,
1578 833 1767 893 dicens
1801 848 1816 886 :

204 913 384 970 Stella
415 921 569 973 enim
601 938 633 975 a
662 922 814 976 stella
855 924 1039 993 differt
1068 925 1125 977 in
1151 924 1413 985 claritate.
1445 926 1522 978 ita
1559 936 1606 978 et
1644 944 1820 980 resur-

203 1011 375 1064 rectio
410 1020 759 1067 mortuorum
778 1016 823 1083 ¹,
851 1014 1225 1085 proculdubio
1246 1026 1576 1071 sanctorum.
1593 1018 1817 1073 Eviden-

204 1102 320 1155 tius
354 1113 561 1159 autem
590 1108 830 1161 ostendit
864 1108 967 1161 hoc
1009 1107 1274 1177 angelus,
1308 1109 1398 1178 qui
1434 1109 1499 1162 ad
1536 1108 1814 1164 Danielem

204 1197 432 1250 loculus
478 1207 571 1254 est
604 1199 791 1255 dicens
832 1216 847 1254 :
892 1198 1041 1254 Tunc
1074 1200 1212 1269 justi
1277 1200 1598 1271 effulgebant
1676 1204 1815 1257 sicut

198 1287 524 1344 luminaria
562 1291 678 1346 ειειὶ
703 1331 719 1357 ,
753 1303 1002 1362 tanquam
1031 1293 1115 1346 sol
1133 1333 1149 1357 ,
1181 1301 1230 1347 et
1267 1294 1393 1346 luna
1415 1334 1430 1359 ,
1470 1305 1516 1348 et
1564 1302 1813 1365 tanquam

200 1381 381 1435 stella:
432 1384 498 1437 in
546 1384 742 1439 sarcula
768 1388 810 1441 ⁸.
847 1384 1022 1454 Super
1055 1386 1167 1441 haec
1189 1386 1443 1441 universa
1485 1387 1648 1442 etiam
1700 1390 1814 1458 ipse

203 1471 495 1529 Dominus
563 1477 615 1530 in
678 1476 987 1547 Evangeliis
1028 1477 1161 1532 dicit
1226 1476 1424 1531 :Tunc
1461 1478 1598 1548 justi
1643 1480 1811 1550 {uige-

201 1565 335 1619 bunt
366 1568 428 1620 in
462 1579 742 1640 conspectu
759 1570 935 1626 Patris
953 1570 1038 1626 sui
1060 1572 1150 1641 qui
1166 1581 1243 1625 est
1278 1572 1333 1625 in
1359 1571 1500 1626 caelis
1523 1572 1569 1625 ³.
1594 1573 1686 1628 Sic
1709 1575 1812 1629 ita-

197 1672 317 1728 que
346 1660 627 1732 eﬂ‘ulgeut
659 1671 824 1733 atque
852 1665 1087 1717 emicant
1114 1678 1305 1718 omnes
1330 1662 1505 1719 sancti
1525 1705 1541 1729 ,
1569 1679 1676 1719 non
1725 1679 1814 1719 so-

199 1750 321 1806 lum
361 1756 425 1808 in
475 1765 719 1826 tempore
757 1756 1160 1823 restitutionis,
1205 1757 1302 1813 sed
1332 1766 1389 1811 ct
1413 1772 1556 1812 nunc
1588 1758 1641 1830 in
1678 1767 1813 1812 tem-

196 1856 351 1913 pore
389 1845 560 1916 huius
589 1846 879 1917 praesentis
902 1846 1103 1902 smeuii.
1139 1847 1294 1902 Alius
1328 1848 1473 1903 enim
1507 1849 1611 1904 lide
1646 1849 1813 1919 fulget

196 1946 262 1989 ut
301 1938 637 2006 Abraham;
672 1940 811 1993 alius
844 1942 1094 1996 castitate
1122 1940 1268 1996 lucet
1301 1951 1359 1995 ut
1388 1941 1626 2012 .ioseph;
1674 1943 1813 1998 alius

200 2028 593 2083 nihilominus
639 2030 1098 2094 mansuetudine,
1134 2038 1193 2084 ut
1229 2029 1393 2084 homo
1446 2028 1537 2083 Dei
1572 2028 1809 2099 Moyses.

194 2119 353 2174 hem
408 2136 542 2176 vero
589 2121 729 2176 alius
766 2122 1075 2176 constantia
1120 2131 1284 2191 atque
1330 2122 1625 2177 tolerantia
1647 2124 1813 2176 vehe-

198 2215 500 2268 mentium
534 2213 775 2267 dolorum
803 2255 818 2279 ,
856 2214 995 2269 sicut
1037 2213 1376 2269 admirabilis
1423 2212 1563 2277 .lob,
1613 2214 1681 2267 de
1707 2227 1813 2282 quo

199 2308 506 2376 plurimus
541 2320 721 2361 sermo
747 2346 762 2371 ,
792 2307 858 2359 de
890 2319 999 2375 quo
1025 2306 1319 2360 vehemens
1348 2306 1642 2374 disputatio
1662 2345 1676 2369 ,
1713 2321 1808 2359 cu-

196 2397 300 2465 jus
336 2408 551 2451 sanctae
576 2398 793 2451 virtutis
822 2396 1075 2465 insignia,
1094 2398 1253 2465 cujus
1276 2397 1656 2451 admirabilem
1691 2412 1813 2451 cou-

201 2486 493 2540 stantiam
523 2525 538 2550 ,
570 2486 726 2554 cujus
773 2486 1188 2541 inenarrabiiem
1237 2486 1574 2541 tolerantiam
1602 2526 1617 2551 ,
1656 2485 1812 2554 cujus

207 2576 571 2632 miserabiles
603 2577 837 2640 dolores,
873 2578 995 2647 quis
1023 2578 1243 2633 edicere
1271 2617 1287 2643 ,
1317 2578 1399 2631 vel
1438 2576 1595 2644 juxta
1644 2580 1811 2633 meri-

208 2677 332 2721 tum
369 2668 642 2737 proferre,
674 2670 767 2724 vel
785 2669 1044 2724 admirari
1079 2670 1274 2729 valeat.
1309 2671 1658 2738 quaeseripta
1688 2679 1811 2724 sunt

211 2762 497 2832 Syrorum
541 2762 726 2832 lingua
753 2804 768 2826 ,
802 2765 918 2819 sive
950 2764 1018 2818 ab
1058 2764 1175 2833 ipso
1204 2762 1305 2819 Job
1330 2803 1345 2826 ,
1376 2764 1490 2818 sive
1520 2764 1588 2820 ab
1617 2763 1809 2817 amicis

211 2853 387 2922 ejus?
433 2853 518 2909 οι)
574 2856 678 2910 hoc
734 2855 878 2909 enim
926 2856 1057 2910 dicit
1099 2857 1213 2925 ipse
1254 2855 1603 2911 beatissimus
1655 2855 1804 2917 Job:

217 2945 358 3010 Quis
392 2948 545 3001 dabit
586 2960 640 3000 ut
670 2948 971 3001 scribantur
1003 2965 1264 3002 sermones
1304 2949 1436 3012 mei,
1470 2959 1516 3001 et
1544 2957 1810 3015 ponantur

213 3036 272 3089 in
313 3038 460 3090 libro
501 3040 557 3091 in
599 3039 988 3106 perpetuum‘?
1031 3041 1382 3108 Interpretata
1415 3049 1592 3094 autem
1624 3050 1750 3094 sunt
1778 3056 1808 3094 a

220 3144 425 3200 magno
461 3130 551 3184 illo
579 3131 694 3185 viro
725 3130 911 3202 Moyse
942 3132 993 3185 iu
1027 3131 1346 3187 llebraicam
1373 3132 1629 3202 linguam,
1649 3144 1809 3203 atque

218 3221 345 3276 ﬁliis
400 3222 572 3276 Israel
618 3223 835 3277 tradita.
878 3224 1030 3290 Quod
1079 3227 1318 3279 ostendit
1365 3226 1476 3294 ipsa
1524 3227 1806 3293 Scriptura

217 3308 354 3374 Joh,
400 3311 594 3367 dicens
630 3333 640 3366 :
672 3311 784 3366 Hoc
818 3315 1190 3381 interpretatus
1231 3326 1306 3370 est
1336 3333 1401 3370 ea:
1431 3317 1695 3387 Syrorum
1737 3318 1807 3370 li-

230 3405 342 3457 bro.
375 3404 423 3457 A
461 3419 568 3472 quo
616 3405 1050 3474 interpretatus?
1085 3408 1433 3463 Manifestum
1479 3420 1561 3463 est
1604 3413 1747 3478 quod
1778 3425 1809 3462 a

228 3492 420 3565 Moyse
454 3496 507 3548 in
535 3493 841 3550 Hebraeum.
866 3495 999 3551 Item
1028 3513 1159 3553 vero
1190 3514 1219 3552 a
1247 3498 1598 3568 Septuaginta
1635 3499 1810 3553 luter-

224 3587 477 3654 pretibus
524 3602 592 3640 ex
634 3586 859 3643 Hebraeo
905 3589 957 3642 in
994 3588 1241 3644 Graecum
1283 3588 1578 3644 translatus
1617 3598 1718 3643 est.
1753 3590 1810 3644 iu

228 3677 473 3766 Egypt?
498 3680 711 3735 scilicet
748 3680 875 3735 olim
914 3680 1129 3752 Moyses
1170 3680 1317 3734 illum
1349 3695 1415 3735 ex
1449 3679 1586 3750 Syro
1617 3681 1670 3734 in
1702 3679 1809 3762 ile-

226 3767 436 3823 braeum
473 3770 767 3825 transtulit.
818 3769 951 3825 item
988 3771 1039 3823 in
1085 3769 1318 3840 Egypto
1367 3770 1529 3823 etiam
1584 3768 1812 3839 Septua-

228 3852 373 3921 ginta
408 3856 512 3910 sub
542 3854 832 3912 Ptolemazo
865 3872 931 3913 ex
978 3856 1210 3913 Hebraeo
1266 3859 1315 3911 in
1370 3857 1624 3913 Graecum
1662 3859 1808 3911 illum

229 3947 675 4013 transtulerunt,
721 3960 778 4006 et
824 3951 951 4007 inde
992 3967 1060 4005 ex
1106 3950 1344 4022 IEgypto
1389 3967 1484 4021 per
1528 3952 1810 4007 universas

230 4051 423 4110 gentes
470 4042 613 4097 beati
663 4043 764 4098 Job
796 4045 1077 4115 Scriptura
1118 4045 1387 4115 divulgata
1418 4053 1500 4099 est
1531 4062 1545 4098 :
1576 4046 1808 4115 primum

232 4134 452 4202 quidem
485 4135 538 4188 in
568 4134 769 4190 Arabia
800 4135 1024 4208 Syriace
1055 4136 1279 4205 scripta,
1319 4138 1405 4191 ubi
1442 4147 1493 4192 et
1520 4136 1622 4193 iob
1648 4138 1807 4193 habi-

234 4229 381 4281 tabat
413 4244 429 4281 :
461 4237 583 4298 post
611 4228 713 4284 hoc
737 4243 868 4283 vero
895 4240 952 4284 et
986 4229 1042 4283 in
1084 4228 1330 4284 Hebraeis
1354 4270 1370 4295 ,
1399 4240 1453 4285 et
1481 4230 1532 4284 iu
1565 4229 1769 4286 Graecis
1791 4272 1807 4297 ,

235 4328 399 4387 atque
426 4317 481 4373 in
510 4320 767 4376 omnibus
792 4319 1242 4390 gentibus,juxta
1269 4320 1381 4374 haec
1411 4336 1531 4390 qua:
1564 4320 1809 4376 intimata

234 4420 394 4480 atque
441 4420 663 4467 ostensa
707 4421 872 4479 sunt,
917 4412 1198 4467 immutata
1245 4422 1406 4482 atque
1451 4413 1809 4483 interpretata

1925 552 2095 606 solum
2129 552 2323 607 Filium
2367 553 2576 608 locutus
2612 562 2695 607 est
2740 552 2963 608 dicens:
2995 550 3285 607 Faciamus
3321 553 3494 605 Itami-

1926 660 2040 697 nem
2063 646 2107 707 5,
2142 655 2194 699 et
2227 654 2424 699 caetera
2462 645 2738 709 universa,
2772 644 2874 699 nisi
2909 643 3056 699 solus
3091 644 3301 716 Moyses
3329 684 3342 709 ,
3374 658 3494 712 quat

1927 735 2186 805 revelavit
2228 737 2302 792 illi
2351 736 2587 807 Spiritus
2625 746 2847 791 sanctus
2882 735 3195 791 Paracletus
3235 736 3326 807 qui
3357 752 3494 806 prte-

1925 846 2051 889 seus
2081 842 2194 885 erat
2220 848 2234 887 :
2264 831 2341 885 sic
2383 830 2633 885 similiter
2669 829 2849 885 nullus
2888 829 3031 884 illius
3058 830 3312 900 temporis
3345 838 3493 900 pote-

1925 935 2005 978 rat
2040 939 2197 979 nosse
2231 926 2282 978 in
2308 935 2517 979 secreto
2546 940 2665 993 quae
2699 924 2836 977 Deus
2862 922 2928 977 ad
2960 922 3230 976 diabolum
3274 922 3490 978 locutus

1918 1027 2002 1070 est
2034 1031 2131 1085 pro
2185 1016 2551 1084 increpatione
2580 1015 2697 1081 ejus
2732 1029 2854 1083 qua:
2885 1014 2935 1066 in
2974 1028 3040 1067 eo
3066 1023 3184 1067 erat
3207 1013 3492 1082 cogitatio-

1917 1110 2141 1174 nis,nisi
2182 1108 2330 1164 solus
2358 1107 2592 1179 Moyses,
2609 1108 2703 1162 cui
2722 1117 2917 1165 cuneta
2961 1116 3084 1163 sunt
3112 1106 3344 1161 revelata
3373 1122 3494 1175 qua:

1920 1211 2049 1254 ante
2073 1211 2236 1253 erant
2266 1200 2583 1254 abscondita
2613 1240 2626 1262 ,
2657 1213 2755 1268 pro
2781 1198 2846 1258 iis
2876 1199 2965 1268 qui
3002 1210 3129 1253 tunc
3156 1197 3289 1269 legis
3316 1200 3494 1267 auspi-

1916 1291 2054 1344 cium
2086 1301 2239 1346 erant
2272 1290 2733 1360 accepturi.Quod
2768 1301 2949 1345 autem
2981 1289 3192 1365 Moyses
3222 1290 3335 1344 haec
3360 1290 3496 1345 scrio

1916 1384 2083 1451 pserit
2117 1383 2169 1437 iu
2193 1382 2472 1454 ASgypto,
2503 1383 2671 1438 etiam
2711 1382 2864 1451 juxta
2913 1382 3086 1452 ipsum
3124 1391 3335 1451 tempus
3371 1396 3494 1436 cum

1915 1474 2153 1541 ejusdem
2182 1475 2251 1530 sit
2282 1476 2490 1537 numeri
2522 1476 2755 1530 maxime
2771 1476 3182 1544 comprobatur.
3214 1474 3347 1529 Nam
3385 1475 3493 1529 sic-

1917 1575 1977 1632 ut
1999 1566 2218 1635 quintus
2238 1567 2471 1623 eratJob
2494 1567 2561 1623 ab
2593 1567 2892 1633 Abraham,
2918 1567 2990 1620 ita
3021 1565 3205 1635 quinta
3239 1564 3495 1634 progenie

1917 1659 2115 1717 missus
2131 1670 2213 1716 est
2234 1661 2442 1731 Moyses
2461 1660 2694 1716 educere
2711 1660 2849 1717 ﬁlios
2868 1659 3030 1715 lsrael
3053 1658 3119 1712 de
3148 1666 3294 1711 terra
3322 1655 3493 1727 Egy-

1916 1750 2218 1822 pti..Super
2250 1754 2364 1813 haec
2391 1752 2805 1816 autemomnia,
2832 1766 2864 1806 ο
2892 1750 3074 1814 amici,
3106 1746 3411 1802 invenimus
3436 1746 3492 1800 in

1915 1844 2260 1914 antiquorum
2292 1844 2472 1911 dictis,
2502 1845 2643 1914 quod
2675 1858 2799 1897 cum
2834 1857 3057 1912 magnus
3087 1841 3177 1895 ille
3200 1838 3413 1909 Moyses
3436 1836 3492 1891 in

1914 1934 2148 2005 Egypto
2175 1935 2346 1988 a‘Deo
2382 1934 2576 1989 fuisset
2606 1935 2838 2000 missus,
2880 1943 2935 1987 et
2957 1933 3327 1987 vehementem
3363 1928 3507 1984 allii--

1916 2029 2150 2082 ctionem
2181 2026 2423 2085 ﬁliorum
2452 2026 2616 2081 israel
2650 2025 2897 2091 videret,
2925 2035 2977 2078 et
3003 2024 3271 2079 consolari
3299 2040 3393 2079 eos
3422 2026 3491 2080 ab

1916 2120 2194 2175 anxietate
2243 2117 2617 2173 lamentabilis.
2657 2132 2849 2172 eorum
2890 2113 3194 2177 alllictionis
3226 2132 3327 2185 qua
3372 2116 3492 2172 illos

1913 2212 2157 2283 IEgyptii
2204 2210 2553 2280 allligebaut,
2599 2211 2821 2266 minime
2850 2211 3058 2266 valeret
3085 2250 3100 2276 ,
3142 2212 3502 2270 vehementes

1916 2307 2037 2361 illos
2080 2317 2241 2374 atque
2278 2305 2545 2359 terribiles
2590 2303 2695 2359 Job
2732 2304 2951 2359 dolores
2982 2320 3076 2371 pro
3121 2304 3493 2358 consolatione

1915 2398 2019 2450 illis
2047 2395 2401 2456 euarravcrit,
2439 2408 2643 2448 necnon
2670 2402 2724 2448 et
2759 2395 2808 2446 in
2842 2393 3121 2460 Scriptura
3161 2407 3254 2447 eos
3289 2408 3495 2462 ponens

1913 2489 2090 2541 adhuc
2116 2503 2240 2541 eum
2281 2496 2466 2541 essent
2504 2486 2866 2557 recentiores,
2901 2484 2974 2538 illi
3006 2484 3202 2553 populo
3234 2484 3490 2539 dederit:

1914 2590 1972 2633 ut
2000 2596 2097 2648 per
2119 2582 2477 2649 cognationes
2503 2590 2559 2635 et
2588 2580 2765 2633 tribus
2789 2594 2917 2633 suas
2949 2580 3066 2631 haec
3102 2578 3366 2646 legentes,
3401 2591 3494 2632 ve-

1914 2674 2196 2729 hementes
2226 2685 2391 2743 atque
2428 2672 2700 2729 terribiles
2743 2672 2863 2727 illos
2903 2671 3045 2725 beati
3084 2670 3362 2731 illiusviri
3390 2670 3490 2724 do—

1912 2764 2054 2818 iures
2083 2763 2365 2818 audientes
2389 2803 2406 2828 ,
2438 2762 2670 2818 invicem
2713 2777 2771 2818 se
2811 2760 3249 2824 consolarentur,
3281 2768 3336 2813 et
3364 2774 3489 2813 cum

1910 2856 2165 2925 patientia
2195 2867 2357 2924 atque
2385 2856 2685 2926 gratiarum
2725 2854 3029 2911 actionibus
3080 2852 3219 2907 mala
3246 2867 3365 2923 quae
3390 2865 3490 2906 eos

1911 2948 2379 3001 circumdederant
2415 2946 2736 3013 sull‘crrent,
2779 2958 2835 3002 et
2858 2955 2917 3001 ut
2943 2948 3138 3001 bonam
3169 2958 3490 2998 remunera-

1914 3041 2113 3096 tionem
2146 3041 2360 3095 Domiui
2390 3056 2550 3110 quam
2579 3040 2681 3095 Job
2710 3050 2835 3109 post
2871 3039 3220 3094 tolerantiam
3258 3036 3487 3109 largitus

1914 3140 1996 3184 est
2025 3130 2335 3196 audientes,
2358 3132 2518 3184 etiam
2555 3132 2657 3200 ipsi
2688 3130 3059 3185 liberationem
3084 3137 3365 3198 sperarent
3390 3166 3405 3192 ,
3431 3134 3489 3181 et

1914 3221 2176 3280 beneﬁcia
2208 3224 2378 3277 beatae
2418 3222 2684 3277 mercedis
2725 3220 2968 3281 laborum
2998 3236 3217 3277 suorum
3284 3232 3485 3287 exspe-

1913 3324 2147 3371 ctarent.
2181 3315 2345 3383 iiujus
2368 3330 2600 3382 namque
2626 3319 2702 3371 rei
2719 3316 2937 3370 evidens
2965 3325 3123 3383 atque
3146 3309 3484 3367 irreiutabile

1913 3407 2168 3462 indicium
2204 3418 2287 3462 est
2335 3408 2435 3462 hoc
2458 3448 2474 3474 ,
2508 3407 2651 3476 quod
2686 3407 2853 3460 etiam
2887 3405 3066 3459 adhuc
3101 3418 3271 3473 usque
3301 3402 3353 3456 iu
3398 3403 3487 3456 ho-

1913 3502 2159 3556 diernum
2211 3503 2351 3557 diem
2405 3501 2548 3555 beati
2585 3499 2687 3555 Job
2737 3498 3024 3553 tolerantia
3073 3505 3200 3550 aute
3249 3509 3344 3549 eos
3395 3494 3487 3563 qui

1913 3604 2038 3648 sunt
2061 3594 2115 3648 in
2147 3595 2329 3649 dolore
2350 3602 2404 3648 et
2426 3592 2571 3647 luctu
2606 3600 2768 3659 atque
2785 3590 3000 3659 planctu
3028 3587 3223 3657 legitur
3242 3600 3340 3653 pro
3362 3599 3488 3639 cou-

1912 3686 2178 3742 solatione
2225 3696 2389 3754 atque
2436 3684 2814 3737 exhortatione
2855 3679 3103 3734 dolorum
3150 3677 3363 3737 illorum
3389 3715 3406 3741 ,
3434 3685 3487 3731 et

1913 3793 2011 3847 pro
2044 3776 2315 3831 ablatione
2343 3773 2605 3844 angustia:
2642 3770 3081 3829 cordiseorum.
3100 3764 3371 3821 Similiter
3395 3779 3486 3817 au-

1914 3881 2020 3925 tem
2057 3877 2111 3924 et
2140 3870 2196 3924 in
2223 3876 2490 3923 conventu
2531 3864 2782 3921 ecclesia:
2813 3865 2869 3922 iu
2894 3862 3087 3917 diebus
3126 3859 3336 3916 sanctis
3360 3858 3484 3928 legi-

1913 3973 2000 4018 tur
2036 3963 2216 4033 passio
2258 3960 2359 4017 Job
2392 4000 2408 4025 ,
2435 3960 2488 4013 in
2521 3958 2709 4013 diebus
2735 3956 2929 4028 jejunii
2959 3997 2975 4021 ,
3008 3956 3060 4009 in
3093 3953 3284 4009 diebus
3319 3950 3484 4006 absti-

1911 4056 2142 4121 nentiae,
2169 4055 2223 4110 in
2256 4055 2448 4110 diebus
2480 4052 2545 4107 in
2569 4051 2765 4122 quibus
2794 4061 3051 4121 tanquam
3080 4048 3485 4117 compatiuntur

1910 4149 1946 4203 ii
1977 4148 2067 4218 qui
2101 4146 2433 4217 jejunantet
2459 4143 2765 4207 abstinent,
2795 4141 3102 4198 admirabili
3143 4140 3221 4194 illi
3256 4137 3386 4206 Job,
3429 4138 3484 4195 in

1908 4239 2103 4295 diebus
2145 4240 2198 4299 in
2226 4239 2426 4309 quibus
2458 4237 2511 4291 in
2534 4234 2742 4304 jejunio
2776 4244 2832 4289 et
2864 4231 3195 4291 abstinentia
3240 4239 3484 4286 sanctam

1910 4331 2123 4387 Domini
2167 4330 2337 4385 nostri
2388 4328 2513 4384 Jesu
2560 4327 2765 4382 Christi
2813 4327 3122 4396 passionem
3164 4332 3482 4377 sectamur:

1910 4434 1971 4478 ut
1999 4422 2292 4478 terribilem
2318 4421 2435 4491 ejus
2461 4420 2767 4490 passionem
2799 4426 3149 4472 transeuntes
3174 4413 3238 4469 ad
3269 4414 3483 4469 beatam

232 4512 327 4557 est.
364 4503 500 4557 Erat
528 4503 786 4558 nimirum
821 4502 1031 4573 pridem
1066 4503 1133 4572 Sy
1148 4504 1295 4558 riace
1323 4520 1389 4558 ex
1423 4516 1578 4574 parte
1603 4506 1802 4575 scripta

1913 4516 2033 4586 ejus
2079 4514 2533 4569 resurrectionem
2576 4512 2769 4566 venire
2814 4523 3124 4564 mereamur
3150 4546 3167 4571 ,
3210 4504 3483 4576 compassi

234 4605 337 4647 non
372 4594 447 4648 ita
485 4593 773 4664 diligenter
796 4608 972 4662 neque
1001 4594 1073 4647 ita
1104 4594 1417 4663 vigilanter,
1449 4597 1799 4665 quemadmo-

235 4683 354 4739 dum
375 4694 565 4755 postea
590 4700 621 4740 a
653 4683 855 4755 MoySe.
881 4684 1023 4741 Sola:
1048 4684 1191 4739 enim
1218 4687 1618 4754 responsiones,
1636 4697 1801 4757 atque

236 4779 618 4846 replicationes
664 4794 696 4833 a
737 4778 1038 4847 primordio
1068 4780 1287 4844 scripta;
1316 4788 1462 4836 sunt.
1511 4776 1646 4833 Nam
1677 4778 1802 4848 quis

238 4868 443 4925 illorum
472 4878 688 4940 poterat
718 4886 881 4927 nosse
905 4871 1184 4941 quomodo
1211 4871 1466 4926 venerint
1512 4871 1715 4943 angeli,
1746 4880 1804 4925 ut

237 4970 434 5015 starent
464 4969 590 5017 ante
620 4961 789 5016 Deum
816 5002 832 5029 ,
863 4960 949 5018 vel
978 4961 1527 5035 quomododiabolus
1554 4963 1800 5028 venerit,

237 5053 313 5105 Vel
340 5053 469 5123 quid
504 5054 740 5119 dixerit,
768 5053 853 5109 vel
884 5054 1014 5124 quid
1045 5053 1434 5124 responderit?
1466 5053 1656 5110 Nullus
1684 5054 1806 5111 illo-

238 5158 346 5197 rum
374 5156 586 5214 poterat
610 5147 714 5202 hoc
746 5161 909 5204 nosse
934 5187 950 5214 ,
982 5149 1066 5204 vel
1107 5149 1209 5203 hoc
1238 5148 1379 5217 quod
1410 5149 1551 5204 Deus
1580 5150 1647 5204 ad
1677 5150 1799 5206 dia-

238 5234 402 5290 bolum
430 5236 641 5293 locutus
658 5239 841 5304 fuerit,
873 5240 975 5295 nisi
1001 5241 1147 5296 solus
1180 5241 1393 5311 Moyses
1420 5238 1651 5308 Spiritus
1676 5257 1805 5297 san-

239 5328 301 5380 eti
334 5329 676 5387 revelatione.
710 5332 866 5388 Sicut
891 5334 1034 5389 enim
1074 5335 1140 5389 de
1163 5332 1369 5388 iactura
1403 5333 1527 5386 εωιὶ
1559 5342 1612 5386 et
1641 5343 1801 5390 terra:

241 5434 389 5477 nemo
418 5424 559 5479 alius
595 5425 667 5478 ita
711 5425 1001 5495 diligenter
1040 5436 1251 5496 poterat
1280 5440 1464 5487 nosse,
1497 5425 1581 5478 vel
1625 5424 1797 5494 loqui,

239 5513 312 5567 vel
342 5515 583 5569 scribere
606 5516 748 5570 sicut
781 5514 1018 5588 Moyses,
1052 5518 1123 5571 ita
1154 5532 1257 5571 nee
1293 5531 1356 5569 ea
1385 5531 1504 5584 quae
1535 5516 1679 5570 circa
1702 5514 1803 5572 Job

240 5618 379 5676 gesta
409 5620 554 5665 sunt.
592 5610 699 5668 Sed
730 5613 803 5667 ita
835 5613 1035 5678 adhuc,
1065 5613 1207 5668 sicut
1236 5627 1395 5668 nemo
1434 5613 1569 5667 alius
1596 5620 1807 5683 poterat

1904 4623 2046 4662 nunc
2066 4617 2126 4661 ut
2154 4614 2207 4661 et
2231 4618 2625 4674 conregnemus
2645 4643 2660 4668 ,
2697 4599 3046 4658 condolentes
3076 4599 3237 4654 modo
3267 4600 3319 4652 in
3354 4609 3483 4652 tem-

1902 4714 2035 4771 pore
2050 4697 2467 4766 passionismtet
2489 4693 2925 4764 congaudeamus
2945 4701 3066 4762 post
3080 4692 3183 4746 hoc
3207 4690 3483 4759 intempo-

1906 4808 1965 4845 re
1991 4788 2420 4845 resurrectionis.
2451 4787 2622 4853 Quam
2659 4785 2964 4857 passionem
3006 4784 3267 4840 Dominus
3292 4792 3478 4837 noster

1903 4877 2059 4933 lesus
2089 4876 2353 4931 Christus.
2366 4876 2433 4930 ad
2466 4884 2640 4929 terras
2662 4875 2899 4929 veniens.
2919 4876 2973 4930 in
3005 4875 3251 4931 humano
3279 4887 3477 4941 corpo-

1908 4986 1968 5025 re
2008 4969 2266 5025 sustinuit
2295 4982 2390 5038 pro
2422 4965 2975 5022 omniumhominum
3008 4964 3227 5028 salute,
3279 4973 3339 5017 ut
3383 4980 3477 5034 per

1908 5060 2220 5130 passionem
2266 5073 2397 5115 sane
2427 5068 2657 5113 mortem
2708 5058 3043 5111 interficeret
3068 5097 3084 5123 ,
3112 5071 3209 5126 per
3238 5070 3477 5111 resurre-

1909 5151 2143 5206 ctionem
2173 5165 2304 5205 vero
2332 5166 2487 5204 suam
2525 5150 2819 5205 recidivam
2843 5150 3010 5204 vitam
3036 5148 3248 5205 cunctis
3281 5157 3478 5203 osten-

1909 5246 2079 5298 deret.
2110 5242 2276 5312 Cujus
2301 5242 2568 5313 passionis
2598 5254 2762 5313 atque
2803 5242 3222 5298 resurrectionis
3267 5241 3477 5296 Domini

1907 5335 2136 5388 [urinam
2166 5344 2326 5402 atque
2355 5334 2662 5404 exemplum
2708 5333 2835 5402 quia
2870 5331 2968 5389 Job
3004 5335 3184 5402 passio
3210 5332 3263 5387 in
3290 5332 3477 5388 multis

1910 5428 2132 5497 gerebat
2158 5468 2172 5494 ,
2200 5427 2340 5483 sicut
2369 5428 2404 5481 ii
2433 5428 2524 5496 qui
2553 5426 2862 5495 diligentius
2890 5426 3254 5495 requisierunt
3277 5464 3293 5489 ,
3320 5438 3475 5493 repe-

1914 5530 2100 5575 rerunt
2130 5539 2142 5574 :
2174 5522 2370 5575 merito
2398 5521 2558 5575 etiam
2594 5536 2737 5574 nunc
2780 5519 2833 5572 iu
2871 5519 3060 5575 diebus
3088 5517 3391 5589 passionis,
3426 5518 3476 5569 iu

1916 5613 2106 5667 diebus
2136 5610 2617 5675 sanctiﬁcationis,
2656 5611 2710 5665 in
2745 5610 2938 5666 diebus
2966 5610 3182 5682 jejunii,
3209 5608 3353 5665 beati
3380 5604 3477 5678 Job

305 5794 315 5823 ¹
344 5791 360 5847 l
389 5792 510 5851 Cor.
541 5810 628 5860 xv,
661 5795 750 5862 ll,
791 5796 876 5852 4‘2.
958 5800 976 5830 ³
1008 5797 1142 5854 Dan.
1175 5810 1267 5864 xu,
1307 5798 1358 5853 5.
1432 5798 1449 5828 ³
1484 5796 1678 5859 Matth.
1718 5813 1809 5853 xui

1916 5799 1959 5853 3.
2052 5798 2072 5829 ⁸
2098 5798 2194 5857 Job
2224 5816 2327 5865 χιιι,
2369 5799 2455 5854 9.5.
2551 5801 2569 5831 ⁵
2604 5800 2734 5857 (ἔνη.
2773 5815 2808 5862 i,
