3992 6312
543 388 651 445 575

1636 378 2015 436 ANONYMUS
2052 376 2119 432 ΙΝ
2157 376 2294 434 JUB.
2336 408 2401 417 —
2440 376 2566 432 LIB.
2609 377 2647 430 Ι.

3690 384 3784 437 376

540 502 727 575 passio
765 502 985 569 legitur,
1018 501 1308 555 meditator
1352 505 1513 567 alque
1559 504 1848 552 scrutatur.
1902 496 2006 552 Sed
2043 495 2109 549 ad
2136 497 2184 553 A
2211 493 2310 547 sibi
2353 503 2514 549 erant
2561 493 2788 548 invicem
2815 532 2830 557 ,
2872 502 3033 564 atque
3080 494 3291 567 integri
3346 495 3555 564 amici,
3601 508 3779 569 utpote

540 599 778 668 priorem
812 602 1148 650 revertamur
1181 605 1511 647 sermonem.

614 690 857 744 Diximus
884 686 1026 756 quod
1058 699 1281 755 magnus
1327 682 1416 737 ille
1460 681 1670 752 Moyses
1715 678 1961 735 scribens
1987 693 2109 749 pas-

542 784 750 841 sionem
783 779 884 836 Job
910 821 925 846 ,
962 787 1014 833 et
1039 777 1277 833 dolorem
1305 817 1321 842 ,
1361 782 1416 830 et
1445 774 1685 830 laborem
1717 816 1732 841 ,
1766 783 1927 845 atque
1972 787 2105 829 con-

542 876 796 932 stantiam
824 913 839 938 ,
886 885 985 941 pro
1037 869 1409 925 consolatione
1461 867 1673 922 dederit
1724 867 1849 921 ﬁliis
1893 865 2105 931 Israel;

538 968 738 1024 blande
773 975 828 1021 et
868 963 1099 1033 benigne
1133 975 1198 1015 ac
1232 960 1440 1030 placide
1488 960 1717 1028 loquens
1752 960 1817 1013 ad
1868 972 1992 1023 eos,
2041 972 2105 1011 ac

539 1060 725 1115 dicens
757 1071 772 1110 :
815 1054 1141 1109 Constantes
1170 1060 1365 1115 estote,
1390 1050 1484 1103 lilii
1515 1049 1712 1116 lsrael;
1747 1049 2101 1120 animaequio-

538 1164 629 1203 res
664 1154 860 1209 estote,
904 1143 1197 1213 posteritas
1220 1142 1452 1195 Abrabm
1482 1180 1497 1205 ,
1535 1141 1800 1195 sustinete
1844 1140 2057 1196 dolores
2083 1181 2100 1206 ,

536 1240 757 1298 sull'erte
794 1240 911 1294 haec
941 1237 1104 1304 mala,
1139 1236 1266 1306 quia
1292 1244 1347 1290 et
1374 1234 1502 1289 olim
1531 1242 1650 1288 erat
1676 1234 1896 1303 quidam
1939 1235 2103 1291 homo

534 1334 588 1389 in
620 1332 841 1403 regione
865 1329 1136 1393 Ausitide,
1175 1327 1261 1382 cui
1293 1341 1488 1381 nomen
1521 1332 1639 1379 erat
1672 1323 1773 1380 Job
1810 1344 1824 1380 :
1857 1325 1947 1394 qui
1977 1341 2099 1380 cum

534 1433 680 1481 esset
706 1423 886 1494 justus
916 1430 971 1477 et
995 1434 1184 1485 verax,
1213 1427 1268 1473 et
1292 1417 1407 1471 sine
1427 1416 1669 1486 querela,
1711 1415 1958 1485 ingentes
1984 1430 2101 1471 sus-

534 1515 698 1571 tinuit
719 1513 957 1576 dolores,
980 1524 1162 1565 amara
1195 1508 1533 1579 supportavit
1564 1516 1853 1573 tormenta,
1879 1515 2100 1577 propter

534 1607 709 1663 zelum
749 1604 1091 1667 adversarii,
1123 1611 1284 1670 atque
1333 1598 1656 1668 nequissimi
1703 1597 1904 1653 diaboli
1954 1597 2097 1653 invi-

529 1701 703 1757 diam.
742 1697 818 1752 lta
859 1708 914 1751 et
946 1711 1041 1751 vos
1066 1736 1081 1760 ,
1114 1693 1334 1763 inquit,
1368 1693 1529 1748 modo
1555 1707 1583 1746 a
1623 1689 1911 1747 Pharaone
1937 1704 2099 1746 vexa-

533 1792 690 1855 mini,
721 1791 789 1845 ab
818 1788 1083 1859 Egyptiis
1110 1787 1520 1856 oppressionem
1554 1785 1803 1854 patimini
1831 1822 1847 1848 ,
1884 1784 1954 1839 ab
1986 1786 2091 1840 im-

536 1881 976 1938 misericordibus
1007 1878 1352 1932 vehementes
1386 1876 1665 1931 sustinetis
1697 1874 1932 1943 dolores,
1970 1889 2092 1929 eum

533 1976 753 2031 omnino
790 1987 895 2025 non
936 1967 1359 2039 comprobemini
1397 1976 1744 2036 peccatores,
1778 1976 1951 2035 neque
1979 1966 2095 2021 cul-

533 2065 760 2137 pabiles,
789 2062 881 2118 sed
913 2070 968 2116 et
996 2059 1195 2124 sancti,
1232 2056 1361 2112 boni
1390 2058 1649 2124 factores,
1681 2065 1738 2112 et
1768 2056 2014 2128 perfecti,
2040 2065 2095 2112 et

532 2157 670 2229 grati
704 2154 862 2210 amici
894 2164 949 2210 et
995 2152 1127 2222 ipsis
1172 2161 1228 2207 et
1275 2153 1522 2222 patribus
1549 2164 1736 2206 eorum
1770 2150 1905 2205 estis
1941 2164 2092 2203 como

529 2249 741 2320 probati
774 2256 937 2317 atque
967 2244 1196 2302 ostensi.
1233 2242 1339 2300 Sed
1374 2258 1498 2298 cum
1539 2243 1655 2298 haec
1701 2241 1946 2311 patimini
1983 2240 2094 2295 illi-

528 2342 634 2398 cite
660 2340 729 2395 ab
766 2339 1040 2411 Aﬂgyptiis
1065 2338 1119 2393 in
1161 2337 1476 2393 servitutem
1524 2336 1764 2397 redacti,
1795 2344 1851 2390 et
1890 2334 2093 2404 absque

528 2433 681 2503 culpa
713 2430 781 2485 ab
807 2430 887 2485 eis
918 2427 1216 2491 macerati,
1252 2438 1413 2495 atque
1446 2425 1642 2494 injuste
1674 2424 1857 2478 alliicti
1900 2439 1967 2478 ne
1995 2425 2088 2479 de-

525 2523 765 2579 l'eceritis
790 2566 804 2591 ,
842 2535 1017 2590 neque
1065 2517 1491 2575 succubueritis.
1537 2515 1712 2572 Nolite
1758 2515 1867 2569 lieri
1903 2517 2090 2585 despe-

525 2626 707 2670 rantes
742 2654 759 2681 ,
808 2614 901 2670 sed
963 2613 1227 2668 sustinete
1270 2619 1608 2676 constanter,
1657 2618 1819 2679 atque
1865 2608 2089 2664 sull‘erte

520 2709 776 2763 viriliter.
817 2706 932 2760 Erit
979 2719 1213 2773 namque
1255 2713 1310 2760 et
1346 2703 1502 2759 vobis
1543 2704 1792 2761 liberatio
1821 2707 2086 2775 quemad-

521 2801 741 2855 modum
772 2807 825 2854 et
857 2800 954 2853 illi.
992 2797 1268 2852 Reddetur
1292 2796 1455 2851 etiam
1486 2796 1642 2852 vobis
1670 2796 1956 2850 retributio
1985 2797 2087 2850 hu-

473 2888 478 2893 ’
514 2893 605 2961 jus
642 2890 1005 2945 tribulationis
1033 2931 1048 2953 ,
1082 2889 1223 2943 sicut
1269 2898 1325 2942 et
1360 2888 1434 2942 illi
1482 2887 1693 2943 reddita
1740 2897 1844 2942 est.
1888 2887 1942 2942 Si
1984 2902 2084 2942 vos

520 2998 658 3053 quos
685 2980 1034 3036 honorabiles
1066 2989 1230 3049 atque
1259 2980 1457 3035 divites
1485 2993 1605 3034 esse
1636 2979 1925 3049 oportebat
1956 2993 2083 3046 pro-

522 3089 643 3149 pter
678 3088 890 3147 patrum
929 3076 1231 3131 bonitatem
1264 3087 1423 3144 atque
1449 3074 1697 3139 divitias,
1734 3072 2083 3129 inhonorabi-

2211 584 2371 638 unius
2400 585 2614 654 generis
2637 595 2802 654 atque
2838 586 2995 640 unius
3040 586 3255 657 linguas
3275 627 3293 653 ,
3324 595 3420 654 et,
3471 598 3532 644 ut
3560 590 3789 652 breviter

2208 675 2384 730 dicam
2404 714 2420 741 ,
2455 675 2616 731 unius
2647 675 2823 747 gentis
2852 686 3011 731 erant
3040 686 3095 733 et
3125 677 3383 747 contigui
3432 677 3783 744 habitatores.

2205 766 2340 820 Nam
2376 776 2504 823 tunc
2550 767 2820 823 universa:
2866 768 3041 823 tribus
3070 769 3303 824 Idumaei
3347 770 3608 826 vocitata:
3648 784 3783 843 sunt,

2204 872 2271 914 ex
2307 859 2523 913 nomine
2567 858 2709 913 Esau
2746 858 2819 912 ita
2851 870 3204 929 nuncupatas.
3246 859 3411 914 Nunc
3440 874 3573 917 vero
3600 876 3783 922 milites

2204 964 2311 1004 uno
2339 949 2555 1004 nomine
2584 947 2791 1004 Arabes
2812 948 3189 1020 appellantur,
3216 966 3330 1006 non
3361 950 3544 1007 solum
3573 952 3783 1012 Idumaei

2203 1041 2292 1110 qui
2335 1051 2582 1096 erantex
2608 1041 2748 1096 Esau
2773 1081 2789 1107 ,
2823 1042 2916 1098 sed
2962 1052 3019 1097 et
3046 1044 3388 1099 Ammanitae
3423 1054 3480 1099 et
3506 1044 3782 1115 Moabitae,

2201 1145 2392 1186 omnes
2432 1132 2637 1201 pariter
2673 1147 2817 1186 nunc
2869 1134 2922 1187 in
2970 1132 3212 1187 Arabum
3266 1135 3501 1189 nomine
3534 1140 3785 1204 perstrin-

2201 1237 2421 1295 guntur.
2454 1223 2579 1279 Haec
2625 1224 2806 1294 itaque
2852 1223 3127 1290 diximus,
3182 1232 3247 1279 ut
3293 1225 3650 1283 ostendamus
3695 1229 3780 1299 qui

2198 1312 2398 1367 fuerint
2428 1312 2655 1379 Ausitae,
2688 1328 2757 1369 ex
2790 1327 3019 1382 quorum
3054 1311 3158 1369 Job
3203 1314 3522 1384 appellatur
3549 1319 3781 1387 regione,

2197 1404 2325 1473 quia
2356 1404 2527 1459 tribus
2548 1414 2704 1459 erant
2729 1413 2783 1460 et
2800 1406 3148 1475 cognationes
3178 1405 3391 1472 Edam,
3422 1406 3517 1477 qui
3544 1418 3599 1464 et
3623 1409 3779 1465 Esau.

2201 1493 2333 1550 Nam
2368 1496 2505 1551 sicut
2535 1497 2708 1553 tribus
2738 1496 2935 1563 Israel,
2968 1497 3059 1567 qui
3091 1506 3147 1552 et
3171 1495 3354 1553 Iacob
3381 1538 3398 1563 ,
3427 1499 3507 1553 ita
3534 1510 3591 1555 et
3619 1500 3779 1559 tribus

2170 1586 2390 1653 Edom,
2421 1587 2513 1658 qui
2554 1597 2610 1644 et
2639 1587 2815 1654 Esau,
2849 1587 3003 1656 juxta
3046 1588 3308 1645 carnales
3338 1588 3521 1645 tribus
3546 1630 3562 1655 ,
3590 1601 3643 1645 et
3679 1608 3776 1648 non

2194 1678 2350 1746 juxta
2396 1681 2577 1737 studia
2619 1681 2904 1753 spiritalia.
2934 1681 3139 1739 Ausitm
3183 1696 3325 1753 ergo
3363 1692 3420 1738 et
3454 1682 3655 1738 Euchei
3678 1723 3694 1749 ,
3725 1696 3777 1740 et

2197 1770 2356 1828 Minei
2385 1782 2442 1828 et
2475 1772 2848 1843 Themanitae,
2893 1791 3085 1834 omnes
3128 1777 3346 1845 pariter
3396 1773 3618 1831 Idumaei
3661 1775 3770 1833 lue-

2198 1877 2342 1926 runt.
2373 1868 2455 1926 Ob
2497 1871 2599 1927 hoc
2631 1886 2761 1943 ergo
2799 1874 2931 1930 dicit
2960 1892 2975 1929 :
3007 1872 3179 1929 Homo
3221 1874 3454 1944 quidam
3488 1874 3547 1927 in
3579 1875 3773 1943 regions

2195 1961 2451 2018 Ausitide.
2505 1962 2700 2019 Statim
2754 1964 2808 2020 in
2848 1966 3145 2037 primordio
3202 1964 3428 2020 laudem
3482 1963 3772 2019 beatissimi

2194 2052 2295 2109 Job
2324 2055 2675 2112 demonstrat.
2710 2057 2845 2113 Nam
2887 2073 3011 2114 cum
3055 2058 3347 2114 hominem
3395 2057 3547 2111 illum
3578 2071 3769 2112 memo-

2196 2155 2302 2215 rat,
2327 2151 2563 2206 ostendit
2592 2151 2838 2222 protinus
2865 2152 3009 2221 quod
3047 2150 3137 2207 ille
3168 2151 3342 2205 homo
3376 2148 3566 2215 fuerit,
3589 2158 3642 2203 et
3667 2163 3766 2205 non

2188 2241 2490 2311 jumentum
2529 2255 2703 2312 neque
2743 2242 2936 2303 besﬁa.
2982 2241 3157 2300 Homo
3202 2245 3435 2314 quidam
3480 2253 3591 2296 erat
3627 2257 3647 2295 :
3678 2242 3769 2295 sed

2191 2335 2318 2405 quia
2369 2337 2529 2391 homo
2573 2350 2694 2392 esse
2730 2340 3135 2406 comprobatur,
3185 2334 3393 2389 merito
3442 2333 3621 2389 lactus
3652 2347 3767 2388 esse

2189 2428 2513 2483 ostenditur.
2548 2426 2723 2481 Homo
2753 2429 2969 2496 quidam
3006 2437 3138 2481 erat.
3176 2424 3343 2480 Unus
3391 2433 3512 2481 erat
3548 2440 3615 2479 ex
3653 2440 3761 2478 om-

2190 2518 2347 2572 nibus
2379 2516 2686 2572 hominibus
2727 2516 3020 2572 secundum
3050 2530 3277 2586 corpus,
3310 2515 3616 2570 secundum
3644 2529 3758 2568 cor-

2189 2610 2488 2677 ruptionem
2514 2649 2530 2675 ,
2558 2610 2650 2664 sed
2679 2608 2969 2679 singularis
2996 2615 3116 2664 erat
3158 2622 3275 2678 prae
3304 2608 3564 2663 omnibus
3590 2605 3761 2661 homin

2188 2703 2345 2757 nibus
2378 2702 2531 2771 juxta
2563 2700 2783 2770 spiritus
2809 2701 3117 2756 instantiam
3150 2709 3208 2755 et
3252 2700 3457 2754 animm
3486 2698 3757 2754 sincerita-

2188 2804 2331 2858 tem,
2376 2804 2539 2864 atque
2580 2794 2803 2865 iustitiae
2853 2794 3268 2865 perfectionem.
3326 2793 3507 2847 Homo
3553 2792 3754 2862 quidam

2186 2896 2318 2943 erat.
2359 2886 2496 2942 Vere
2525 2889 2708 2954 homo,
2727 2897 2912 2957 utpote
2938 2888 3100 2941 homo
3125 2886 3330 2951 lactus,
3370 2895 3431 2941 ut
3454 2888 3615 2940 homo
3636 2897 3751 2953 per-

2184 2995 2427 3043 manens,
2457 2993 2639 3049 utpOte
2673 2980 2740 3033 ad
2776 2978 3061 3049 imaginem
3097 2977 3188 3032 Dei
3221 2990 3469 3041 creatus,
3499 2984 3553 3031 et
3588 2975 3651 3029 ad
3678 2973 3748 3029 si-

2184 3070 2537 3125 militudinem
2565 3070 2928 3139 jumentorum
2964 3082 3027 3124 ac
3057 3069 3364 3124 bestiarum
3390 3079 3555 3138 atque
3594 3065 3749 3134 repti-

520 3172 600 3224 les
632 3180 796 3239 atque
842 3171 998 3237 egeni
1042 3168 1216 3223 eli’ecti
1259 3168 1389 3222 estis
1414 3207 1429 3232 ,
1463 3166 1628 3221 nolite
1673 3180 2032 3234 expavescere
2063 3184 2074 3219 :
2104 3180 2146 3238 ο
2181 3167 2311 3222 lium
2340 3182 2443 3221 nou
2478 3174 2562 3222 est
2594 3166 3106 3230 immutatus,sicuti
3127 3166 3333 3221 dicitur
3364 3166 3433 3219 de
3456 3163 3743 3233 aliquibus:

518 3257 647 3324 quia
674 3266 728 3310 ct
758 3255 1015 3324 praelatus
1047 3255 1133 3310 hic
1158 3256 1240 3310 vir
1263 3254 1365 3311 Job
1406 3255 1473 3309 de
1512 3255 1638 3310 sede
1668 3255 1834 3324 regali
1869 3263 1925 3309 et
1960 3256 2080 3324 glo-

520 3346 664 3401 riosa
711 3346 778 3400 ad
807 3345 1209 3415 Sterquilinium
1256 3345 1539 3401 devolutus
1568 3354 1653 3399 est
1687 3360 1810 3400 cum
1852 3346 2082 3415 ignomi-

519 3438 632 3503 nia,
665 3451 730 3492 ex
765 3437 1047 3492 immensis
1072 3437 1275 3492 divitiis
1310 3446 1471 3505 atque
1507 3436 1786 3505 opulentia
1816 3438 1881 3491 ad
1914 3438 2079 3492 misc-

518 3530 741 3583 rabilent
769 3539 1139 3599 paupertatem
1171 3529 1486 3584 immutatus
1519 3539 1602 3584 est
1631 3538 1791 3598 atque
1822 3530 2075 3599 inopiam.

517 3620 574 3675 Si
608 3620 844 3693 lEgyptii
891 3637 1028 3692 quos
1079 3622 1286 3677 amicos
1331 3636 1453 3678 esse
1498 3629 1813 3691 oportuerat
1860 3631 2080 3691 propter

513 3718 743 3789 gratiam
770 3714 968 3786 Ioseph
994 3760 1009 3783 ,
1051 3727 1213 3788 atque
1242 3716 1610 3774 sinceritatem
1640 3715 1802 3771 lsrael
1829 3757 1845 3783 ,
1877 3717 1943 3771 ad
1975 3716 2079 3770 iui-

514 3807 781 3861 micorum
827 3807 1123 3875 nequitiam
1167 3807 1433 3863 immutati
1464 3818 1630 3874 sunt,
1659 3824 1759 3863 nec
1787 3809 1893 3862 hoc
1926 3795 2079 3862 vobis

513 3898 585 3950 sit
629 3897 828 3950 mirum
863 3913 876 3949 :
912 3898 1035 3967 quia
1077 3906 1130 3953 et
1172 3896 1274 3953 Job
1314 3899 1437 3955 boni
1474 3900 1548 3954 illi
1592 3900 1804 3955 sodales
1831 3940 1847 3964 ,
1886 3900 1975 3969 qui
2024 3899 2075 3953 ei

513 3987 693 4041 devoti
722 3996 885 4057 atque
918 3988 1113 4057 integri
1159 3990 1320 4043 amici
1366 4005 1489 4045 esse
1516 3991 1855 4054 debuerant,
1882 3991 1946 4042 ad
1972 3989 2076 4043 ini-

512 4077 772 4132 micitiam
804 4080 1055 4135 conversi
1100 4090 1264 4145 sunt,
1305 4092 1362 4137 et
1393 4083 1461 4137 ad
1508 4083 1799 4137 maximam
1835 4083 2070 4138 relucta-

513 4166 742 4233 tionem,
784 4177 948 4237 atque
970 4170 1403 4225 criminationem
1446 4171 1596 4226 circa
1626 4172 1770 4226 illum
1805 4172 2071 4227 immutati

509 4266 654 4313 sunt.
689 4256 785 4314 His
812 4273 941 4328 ergo
970 4261 1166 4315 similia
1196 4262 1359 4316 etiam
1394 4277 1489 4318 vos
1509 4304 1525 4327 ,
1564 4264 1734 4330 inquit
1759 4305 1779 4331 ,,
1809 4265 2074 4319 sustinen-

511 4359 613 4415 tes,
643 4351 734 4406 lilii
768 4350 954 4415 Israel,
995 4355 1236 4421 usquein
1271 4353 1431 4409 ﬁnem
1459 4364 1793 4424 supportate,
1821 4370 1991 4424 usque
2016 4356 2070 4411 in

507 4441 673 4496 tinem
705 4443 943 4500 sullerte.
978 4445 1097 4499 Erit
1126 4446 1271 4499 enim
1302 4454 1479 4500 vestra
1521 4447 1784 4517 inspectio
1805 4489 1821 4513 ,
1845 4448 1987 4502 sicut
2014 4456 2070 4503 et

2186 3259 2355 3313 Homo
2385 3260 2637 3313 vanitatis
2671 3258 2861 3312 similis
2888 3260 3060 3327 factus
3091 3270 3167 3314 est
3198 3260 3313 3314 illis
3337 3262 3379 3312 ⁷.
3422 3259 3488 3312 Ει
3532 3257 3700 3311 adhuc
3727 3272 3743 3314 :

2183 3349 2353 3404 Homo
2384 3366 2499 3403 cum
2525 3352 2579 3403 in
2619 3350 2814 3403 honore
2855 3360 2986 3403 esset
3017 3366 3121 3403 non
3149 3350 3450 3417 intellexit,
3480 3362 3744 3414 compara-

2182 3450 2264 3493 tus
2307 3450 2382 3493 est
2416 3440 2676 3506 jumentis
2713 3437 3103 3506 insipientibus,
3148 3445 3201 3490 et
3239 3437 3437 3490 similis
3470 3434 3641 3504 factus
3671 3439 3741 3484 est

2179 3528 2285 3582 ill-is
2303 3529 2344 3582 ⁸.
2380 3525 2551 3583 Homo
2579 3528 2796 3596 quidam
2818 3536 2954 3589 erat,
2978 3527 3252 3595 patientia:
3281 3524 3607 3595 exemplum,
3625 3535 3738 3575 con-

2178 3620 2389 3673 stantiae
2432 3616 2795 3673 testimonium
2822 3656 2838 3680 ,
2884 3617 3183 3673 tolerantiae
3236 3618 3522 3674 indicium.
3577 3613 3738 3668 Homo

2177 3711 2394 3780 quidam
2422 3720 2537 3765 erat
2568 3725 2723 3780 quem
2742 3710 3007 3773 innumeri
3032 3711 3252 3765 beatum
3282 3711 3562 3772 dixerunt,
3584 3718 3733 3775 quem

2177 3811 2466 3871 praesentes
2501 3802 2799 3856 timuerunt
2824 3840 2842 3865 ,
2866 3816 3025 3871 quem
3052 3803 3310 3858 absentes
3345 3799 3565 3857 reveriti
3592 3805 3735 3858 sunt,

2176 3908 2332 3962 quem
2355 3893 2529 3963 angeli
2562 3893 2812 3948 admirati
2842 3902 3002 3956 sunt,
3029 3907 3189 3962 quem
3222 3894 3341 3962 ipse
3370 3891 3626 3947 Dominus
3649 3887 3728 3940 di-

2175 3984 2327 4039 lexit.
2368 3985 2537 4041 Homo
2564 3985 2780 4053 quidam
2820 3992 2937 4039 erat
2965 3998 3121 4053 quem
3158 3985 3524 4055 nequissimus
3570 3993 3726 4034 aliiu-

2172 4076 2314 4131 latus
2345 4087 2452 4144 est,
2482 4076 2569 4132 cui
2603 4075 2947 4131 adversarius
2974 4076 3268 4136 invidebat.
3301 4090 3461 4146 quem
3490 4071 3724 4127 inimicus

2174 4167 2451 4222 hominum
2485 4167 2732 4224 diabolus
2765 4170 2905 4238 apud
2951 4168 3233 4223 Dominum
3286 4164 3727 4237 reprehendebat.

2172 4256 2342 4313 Homo
2380 4258 2599 4328 quidam
2626 4267 2746 4313 erat
2766 4258 2858 4328 qui
2884 4260 3084 4313 versuti
3113 4259 3254 4313 illius
3288 4257 3541 4313 draconis
3569 4262 3721 4322 caput

2172 4352 2529 4420 conculcavit,
2556 4353 2648 4422 qui
2676 4352 3003 4407 sceleratum
3026 4352 3294 4408 diabolum
3330 4355 3382 4408 in
3407 4351 3581 4421 fugam
3603 4362 3717 4401 con-

2172 4442 2368 4508 vertit,
2406 4444 2498 4512 qui
2546 4445 2600 4497 in
2657 4459 2884 4513 corpore
2933 4445 3309 4513 incorporeum
3345 4438 3713 4515 supplantavit.

508 4533 653 4588 illius
678 4532 823 4588 facta
851 4544 952 4592 est.
986 4536 1122 4600 Erit,
1149 4545 1310 4605 atque
1346 4537 1602 4591 reddetur
1636 4538 1792 4592 vobis
1826 4537 2069 4593 toleran-
2100 4520 2146 4576 Β
2170 4531 2343 4587 ﬂuuio
2380 4536 2600 4603 quidam
2644 4547 2758 4589 erat
2782 4575 2797 4600 .
2843 4537 3000 4591 homo
3032 4552 3160 4592 vere
3191 4547 3447 4607 tanquam
3473 4542 3711 4591 constan-

507 4626 597 4681 tiae
626 4627 1016 4691 remuneratio,
1050 4627 1188 4682 sicut
1208 4636 1262 4681 et
1293 4626 1365 4680 illi
1399 4628 1606 4682 reddita
1635 4637 1735 4682 est.
1766 4628 1889 4684 llaec
1916 4645 2069 4683 nam-

506 4731 612 4788 que
656 4727 709 4772 et
743 4717 828 4772 his
871 4717 1062 4772 similia
1096 4717 1304 4789 Moyses
1328 4719 1552 4788 loquens
1600 4719 1666 4774 ad
1715 4720 1857 4776 lilios
1901 4719 2067 4777 Israel

506 4810 726 4879 scripsit
772 4810 955 4864 dicens
984 4828 999 4865 :
1030 4809 1200 4865 Homo
1239 4812 1455 4881 quidam
1485 4823 1597 4866 erat
1631 4813 1688 4867 in
1720 4816 1924 4884 regione
1957 4815 2066 4868 Au-

504 4902 658 4955 sitide
687 4903 730 4955 ⁶.
765 4900 935 4956 Homo
960 4911 1143 4971 utpote
1173 4913 1370 4958 natura
1408 4906 1681 4959 exsistens
1709 4905 1870 4958 homo
1902 4924 1915 4958 :
1943 4905 2064 4974 qui-

506 4993 628 5044 dam
658 5008 788 5047 vero
812 5034 826 5056 ,
855 5003 1042 5062 utpote
1072 5010 1147 5061 ex,
1174 4994 1425 5051 omnibus
1457 4996 1765 5065 singularis.
1804 4998 1855 5051 In
1890 5000 2065 5066 regio-

505 5095 572 5135 ne
602 5093 779 5136 autem
819 5084 1068 5138 Ausitide
1095 5125 1109 5148 ,
1143 5094 1327 5153 utpote
1360 5086 1451 5153 qui
1490 5087 1599 5141 illic
1646 5098 1971 5151 moraretur,
2008 5099 2065 5144 et

466 5180 471 5181 '
504 5173 616 5227 illic
649 5184 808 5228 natus
834 5185 995 5245 atque
1027 5193 1092 5230 ex
1124 5177 1250 5244 ipsis
1296 5177 1457 5231 fuerit
1484 5218 1498 5240 ,
1528 5188 1582 5231 et
1612 5180 1755 5233 inter
1784 5192 1876 5233 eos
1909 5182 2060 5233 advi-

502 5265 666 5318 xcrit.
704 5264 770 5318 Et
802 5266 892 5333 qui
922 5275 1047 5322 sunt
1078 5268 1162 5321 isti
1204 5268 1451 5321 Ausitaa?
1477 5266 1660 5323 Genus
1686 5268 1844 5332 Esau,
1885 5280 2061 5337 poste-

505 5354 639 5409 ritas
670 5365 832 5423 atque
864 5359 1035 5413 tribus
1068 5359 1257 5412 Edom.
1287 5356 1418 5411 Nam
1458 5359 1656 5413 Ausitae
1708 5371 1762 5413 et
1794 5360 1975 5425 Minoi,
2004 5372 2059 5415 et

506 5446 729 5515 Euchei,
750 5449 1172 5517 ethemanitaz,
1193 5462 1469 5508 etcaetcrtc
1496 5468 1684 5506 omnes
1707 5456 1877 5510 tribus
1899 5469 2055 5510 erant

500 5552 565 5593 ex
598 5542 923 5608 cognatione
951 5556 1111 5612 atque
1154 5548 1399 5614 prosapia
1437 5545 1574 5597 Esau
1608 5544 1702 5598 lilii
1744 5546 1890 5600 Isaac
1914 5586 1928 5609 ,
1962 5548 2052 5614 qui

500 5637 555 5683 et
587 5630 755 5685 Edom
788 5635 1202 5703 cognominatus
1248 5644 1355 5692 est.
1402 5635 1609 5691 Idcirco
1648 5638 2050 5693 cobabitatores

576 5819 597 5851 '
623 5818 720 5877 Job
753 5836 790 5889 ι,
828 5822 879 5876 1.
927 5825 965 5903 ,⁷
995 5823 1137 5881 Psal.
1166 5840 1346 5896 cxuu,
1384 5829 1437 5885 4.
1518 5830 1539 5861 ⁸
1573 5826 1715 5888 Psal.
1756 5847 1947 5903 xtvm,
1972 5833 2061 5888 2|.

2173 4625 2413 4681 tissimus
2448 4626 2818 4695 belligerator,
2852 4638 3106 4697 tanquam
3132 4628 3422 4695 singularis
3449 4636 3709 4681 monoma-

2167 4720 2342 4785 cbus,
2379 4728 2637 4790 tanquam
2685 4730 2995 4776 constanter
3044 4732 3194 4777 stans
3238 4724 3495 4778 adversus
3536 4726 3708 4772 omnes

2168 4811 2368 4866 diaboli
2406 4813 2696 4881 exercitus,
2730 4824 2986 4884 tanquam
3017 4816 3108 4884 qui
3132 4815 3477 4885 singulariter
3500 4812 3563 4865 de
3594 4820 3702 4859 om-

2166 4903 2322 4958 nibus
2351 4904 2651 4960 daemonum
2681 4908 2972 4963 virtutibus
3015 4909 3293 4964 victoriam
3328 4902 3704 4976 sumpseritso-

2167 4996 2272 5051 lus.
2317 4997 2483 5052 Homo
2529 5001 2744 5068 quidam
2774 5011 2921 5065 erat,
2959 5017 3065 5056 non
3096 5014 3213 5056 erat
3256 5002 3430 5057 bellua
3474 5002 3698 5053 cruenta,

2167 5102 2269 5140 non
2305 5098 2425 5143 erat
2472 5106 2693 5159 serpens
2735 5093 2971 5161 nequitia
2996 5134 3010 5159 ,
3043 5109 3146 5147 non
3190 5105 3305 5150 erat
3349 5104 3512 5162 equus
3540 5096 3698 5152 ηείιυε

2166 5179 2343 5235 mulus
2392 5181 2598 5236 luxuria
2648 5198 2823 5253 neque
2869 5185 3202 5254 petulantia,
3252 5201 3355 5240 non
3406 5190 3516 5237 erat
3560 5176 3693 5231 canis

2164 5273 2442 5341 spurcitia,
2473 5290 2646 5342 neque
2680 5275 2865 5344 vulpes
2894 5275 3017 5332 dolo
3042 5286 3201 5345 atque
3226 5277 3438 5337 astutia,
3473 5284 3567 5323 non
3590 5273 3691 5318 erat

2164 5367 2405 5435 scorpius
2433 5408 2446 5431 ,
2494 5384 2664 5437 neque
2705 5371 2893 5423 veneni
2936 5371 3147 5425 lctltalis
3182 5372 3359 5438 vipera
3389 5414 3400 5433 ,
3433 5367 3518 5421 sed
3548 5366 3686 5416 homo

2161 5467 2296 5512 erat.
2350 5456 2480 5512 Nam
2516 5460 2653 5513 sicut
2688 5462 2905 5517 obsceni
2953 5476 3111 5533 atque
3160 5463 3443 5532 impudici,
3490 5451 3683 5521 malig'li

2160 5564 2372 5617 quoque
2395 5567 2456 5607 ac
2484 5556 2681 5609 versuti
2712 5558 2798 5611 bis
2826 5560 3074 5615 omnibus
3122 5566 3493 5627 comparantur
3541 5557 3679 5614 atque

2161 5645 2349 5700 borum
2381 5650 2619 5705 omnium
2653 5653 3007 5723 appellatione
3035 5665 3431 5725 nuncupantur,
3463 5647 3590 5703 sicut
3613 5638 3671 5692 die
