3992 6312
196 383 291 439 δτι

1284 382 1657 443 ΜΟΝΥΜυδ
1687 386 1755 441 ΙΝ
1792 385 1933 445 JOB.
1973 421 2040 431 -
2078 390 2188 446 LIB

3331 402 3434 457 5'78

196 516 338 568 citur
367 509 434 566 de
458 511 768 582 huiusmodi
800 532 813 568 :
847 512 1013 568 Canes
1057 511 1280 579 improbi
1309 514 1489 566 animo
1528 513 1755 568 nescien-
1784 516 1828 573 Α
1863 527 1966 568 non
2000 514 2123 569 talis
2148 514 2470 583 fuitquam;
2492 522 2546 570 ει
2580 521 2665 569 tttr
2698 512 2832 570 (tum
2865 518 3009 574 inter
3040 519 3234 587 impios
3262 536 3429 590 esset,

195 615 265 661 tes
301 605 636 658 saturitatem
668 606 709 657 ’.
743 605 808 659 Et
851 604 1023 658 adhuc
1054 621 1069 658 :
1104 602 1244 673 Equi
1283 604 1589 657 admissarii
1631 604 1758 674 facti

195 707 353 760 sunt,
399 696 760 766 unusquisque
797 696 866 749 ad
896 710 1111 749 uxorem
1158 694 1388 764 proximi
1426 694 1511 747 sui
1556 694 1756 749 hinnie-

193 790 277 842 bat
309 788 376 842 '°.
413 786 478 841 Et
518 786 642 841 alibi
687 806 699 841 :
747 786 1048 856 Serpentes,
1071 786 1337 856 generatio
1368 786 1666 852 viperarum
1693 787 1759 841 “.

195 878 279 940 Et,
302 875 588 931 Generatio
610 879 926 947 serpentium
949 877 1271 940 volantium,
1299 877 1391 944 qui
1414 875 1609 931 veloces
1640 886 1761 932 sunt

193 972 247 1023 in
287 968 525 1021 malitia.
576 967 641 1022 Et
682 969 875 1023 iterum
913 981 930 1021 :
971 967 1352 1037 Appreltendite
1394 968 1535 1024 vobis
1585 972 1761 1037 vulpes

193 1059 415 1127 pusillas
435 1060 840 1114 exterminantes
872 1060 938 1114 ".
975 1058 1064 1123 Et,
1091 1057 1362 1129 Tanquam
1383 1060 1557 1130 vulpes
1582 1061 1638 1115 in
1669 1078 1759 1115 so-

195 1152 415 1205 litudine
437 1152 566 1218 facti
600 1161 720 1205 sunt
754 1150 1022 1221 propheta:
1054 1152 1154 1216 tui,
1199 1150 1471 1207 Israel’“.
1502 1151 1570 1206 Et
1604 1171 1621 1208 :
1655 1151 1758 1220 Ite,

191 1243 346 1296 dicite
389 1241 533 1311 vulpi
571 1244 692 1297 huic
735 1242 891 1313 (dicit
937 1243 1196 1298 Dominus
1243 1243 1309 1299 de
1355 1242 1568 1300 Herode
1594 1244 1763 1314 u‘),et

195 1337 296 1389 alia
330 1336 609 1391 innumera
658 1336 742 1391 his
792 1336 990 1392 similia
1036 1338 1285 1392 dicuntut
1340 1336 1409 1391 de
1450 1335 1759 1404 huiusmodi

195 1434 248 1486 in
290 1431 593 1500 Scriptura.
621 1432 728 1488 Sed
759 1434 953 1490 beatus
985 1432 1087 1490 Job
1121 1450 1229 1490 non
1264 1442 1384 1489 erat
1413 1435 1559 1500 talis,
1586 1450 1761 1505 neque

194 1525 278 1579 his
306 1524 522 1580 similis.
550 1523 656 1581 Sed
682 1526 845 1582 homo
870 1536 992 1581 erat
1021 1527 1399 1593 intaminatus,
1428 1537 1484 1584 et
1510 1529 1764 1582 immacu-

194 1623 329 1681 tatus
363 1624 524 1686 atque
571 1617 831 1673 illibatus.
880 1617 1053 1674 Homo
1082 1660 1099 1684 ,
1129 1629 1317 1689 utpote
1362 1619 1465 1675 hoc
1498 1620 1641 1689 quod
1696 1622 1761 1673 ad

195 1709 478 1779 imaginem
507 1718 560 1765 et
589 1710 994 1767 similitudinem
1032 1712 1127 1769 Dei
1156 1713 1334 1770 tactus
1364 1723 1471 1780 est,
1493 1714 1761 1783 integrum

190 1802 517 1857 custodiens.
554 1802 645 1858 Sic
676 1803 858 1873 itaque
888 1805 1051 1860 homo
1083 1806 1305 1875 quidam
1333 1815 1451 1862 erat
1471 1805 1623 1874 juxta
1647 1806 1761 1861 haec

193 1894 441 1948 universa
477 1908 597 1963 qua
627 1904 927 1949 monstrata
957 1906 1105 1951 sunt.
1144 1895 1261 1952 Non
1292 1906 1449 1952 erant
1477 1897 1612 1953 tales
1644 1910 1761 1951 om-

190 2000 287 2039 nes
309 1985 580 2048 homines,
616 1985 710 2040 sed
740 2000 880 2040 unus
910 1996 1029 2041 erat
1061 1988 1213 2044 solus
1240 2028 1256 2053 ,
1294 1988 1417 2044 talis
1444 1989 1661 2056 quidem
1693 2003 1759 2042 ex

188 2079 441 2133 omnibus
469 2076 570 2134 Job
598 2078 966 2136 beatissimus.
1004 2080 1108 2136 Ubi
1137 2090 1315 2137 autem
1360 2090 1476 2137 erat
1523 2081 1611 2137 hic
1660 2084 1759 2137 lio-

187 2186 280 2226 mo
305 2172 329 2226 Υ
362 2172 419 2227 In
448 2188 556 2240 qua
582 2172 824 2242 regione,
856 2174 907 2227 in
947 2188 1053 2244 qua
1081 2174 1361 2244 provincia
1392 2175 1416 2229 t
1455 2174 1763 2245 Respondet

184 2263 424 2319 dicens:
461 2263 531 2319 In
579 2264 789 2333 regione
827 2263 1087 2321 Ausitide.
1132 2265 1233 2333 Qui
1280 2274 1458 2321 autem
1508 2266 1616 2321 sint
1668 2266 1756 2321 isti

183 2356 396 2410 Ansitze
422 2395 437 2420 ,
465 2356 714 2426 superius
739 2356 1267 2427 demonstravimus,
1298 2360 1440 2429 quod
1472 2374 1538 2413 ex
1563 2370 1759 2429 genere

185 2445 412 2501 luerunt
438 2447 601 2513 Esau,
630 2451 747 2503 sive
768 2465 835 2504 ex
867 2450 994 2505 liliis
1030 2451 1196 2516 Esau,
1225 2451 1341 2505 sive
1373 2452 1441 2507 ab
1484 2453 1597 2519 ipso
1617 2451 1755 2507 Esau

188 2540 393 2593 Ausitze
419 2549 577 2594 erant
605 2541 803 2595 vocati.
840 2542 906 2596 Et
953 2542 1146 2613 quales
1186 2543 1271 2597 isti
1310 2553 1468 2597 erant
1510 2544 1759 2598 Ausim?

190 2632 370 2701 lmpii,
402 2632 587 2702 injusti
608 2674 624 2700 ,
655 2635 922 2703 inﬁdeles,
958 2636 1202 2701 obsceni,
1238 2636 1594 2699 lnsatiabiles.
1617 2636 1757 2691 sicut

189 2732 243 2775 et
279 2733 427 2788 pater
453 2738 638 2778 eorum
674 2724 836 2787 Esau.
869 2726 936 2781 de
966 2741 1074 2797 quo
1111 2727 1313 2781 dictum
1344 2736 1428 2781 est
1457 2742 1486 2780 a
1517 2727 1751 2782 sanctis:

194 2814 362 2870 Nemo
393 2817 462 2870 sit
494 2818 743 2873 obscenus
771 2828 820 2873 et
841 2817 1156 2874 insatiabilis
1182 2819 1313 2872 sicut
1342 2817 1487 2872 Esau
1526 2818 1592 2874 ¹⁸.
1619 2819 1752 2874 Cum

193 2924 317 2979 ergo
359 2919 502 2966 esset
536 2910 658 2966 talis
695 2912 811 2981 ipse
858 2912 1001 2967 Esau
1031 2952 1047 2978 ,
1081 2928 1186 2967 non
1226 2911 1408 2967 docuit
1449 2911 1587 2967 ﬁlios
1628 2927 1755 2968 suos

195 3004 441 3073 pietatem
486 3018 662 3074 neque
701 3005 962 3076 justitiam
1007 3019 1169 3075 quam
1205 3005 1320 3076 ipse
1352 3020 1458 3060 non
1508 3008 1754 3063 sectaba-

194 3107 292 3159 tnr.
314 3098 409 3152 sed
448 3098 777 3168 impietatem
811 3112 906 3152 eos
939 3098 1144 3163 docuit,
1163 3106 1221 3153 et
1251 3096 1573 3167 iniustitiam
1590 3106 1755 3169 atque

1866 621 1972 660 non
2000 606 2293 662 declinavit
2323 608 2389 661 ad
2420 608 2775 676 impietatem.
2806 612 2941 666 Cum
2974 622 3116 667 esset
3149 614 3289 669 inter
3312 615 3431 670 inli-

1863 699 2032 765 deles,
2064 714 2168 755 non
2197 700 2388 756 habuit
2418 700 2815 757 infidelitatem.
2847 702 2978 758 Cum
3005 716 3152 761 esset
3179 707 3321 762 inter
3343 708 3429 762 in-

1858 789 2056 860 justas,
2088 806 2193 845 non
2224 801 2307 846 est
2335 792 2654 848 commistus
2690 794 3106 864 injustitiiszsed
3135 802 3432 867 permansit

1864 882 1918 937 in
1968 884 2146 938 medio
2192 883 2480 952 impiorum
2528 894 2784 955 tanquam
2826 887 3048 942 adamas
3094 888 3386 946 immobilis
3413 934 3428 958 ,

1862 973 2085 1030 lucerna
2115 976 2576 1045 inexstinguibilis
2599 1016 2615 1041 ,
2653 986 2910 1049 tanquam
2940 980 3115 1035 lumen
3146 986 3286 1051 quod
3324 1000 3426 1039 non

1862 1065 2200 1130 immolatur,
2247 1074 2503 1136 tanquam
2555 1068 2742 1123 radius
2788 1070 2882 1138 qui
2927 1085 3033 1124 non
3071 1074 3289 1126 occidit.
3337 1073 3431 1131 Sic

1859 1157 2023 1212 etiam
2057 1166 2273 1227 oportet
2296 1173 2396 1213 nos
2428 1172 2572 1224 esse,
2607 1174 2641 1215 ο
2673 1161 2857 1225 amici,
2890 1172 3113 1218 sanctos
3148 1174 3307 1234 atque
3331 1166 3431 1219 im-

1861 1247 2161 1303 maculatos
2187 1288 2201 1312 ,
2236 1248 2355 1317 pios
2396 1263 2459 1303 ac
2494 1249 2773 1320 religiosos
2797 1292 2812 1317 ,
2848 1255 3171 1308 charitatem
3223 1256 3429 1325 ample-

1861 1349 2070 1395 ctentes
2094 1349 2257 1410 atque
2288 1339 2579 1409 perfectos,
2630 1342 2977 1399 inviolabiles
3004 1355 3169 1415 atque
3199 1347 3430 1401 illibatos

1862 1433 1916 1486 in
1965 1434 2142 1488 medio
2168 1435 2388 1504 generis
2415 1436 2571 1503 pravi
2599 1450 2663 1490 ac
2710 1438 2954 1505 perversi
2984 1478 2999 1503 ,
3034 1447 3092 1492 ut
3131 1438 3430 1509 lulgeamus

1865 1532 2123 1593 tanquam
2166 1526 2446 1581 luminaria
2491 1526 2614 1581 caeli
2651 1528 2703 1581 in
2763 1531 2997 1593 mundo,
3028 1532 3252 1585 verbum
3304 1532 3429 1587 vitae

1862 1618 2199 1674 continentes
2225 1619 2278 1673 in
2302 1620 2389 1675 die
2415 1619 2645 1687 Christi,
2669 1631 2727 1677 ut
2755 1632 2811 1677 et
2829 1624 2895 1678 de
2914 1623 3067 1679 nobis
3095 1624 3309 1679 dicatur
3329 1625 3431 1680 sie-

1864 1718 1923 1763 nt
1960 1719 2015 1764 et
2068 1711 2134 1766 de
2163 1712 2319 1767 beato
2348 1713 2438 1769 illo
2464 1732 2479 1769 :
2510 1713 2580 1767 Et
2612 1725 2721 1767 erat
2756 1716 2869 1768 sine
2896 1716 3105 1783 querela
3135 1716 3288 1770 homo
3315 1716 3423 1784 ille,

1856 1802 2252 1872 justus,veraa:,
2270 1802 2364 1859 Dei
2390 1804 2559 1859 cultor
2583 1806 2648 1860 η.
2672 1806 2842 1860 Homo
2876 1806 2965 1860 ille
2990 1818 3320 1862 memoratus
3346 1818 3427 1862 at-

1864 1909 1971 1963 que
1993 1895 2324 1964 designatus,
2345 1896 2436 1965 qui
2466 1898 2519 1950 in
2551 1897 2769 1965 regione
2788 1906 2911 1951 erat
2937 1897 3202 1962 Ausitide,
3221 1898 3305 1952 cui
3330 1913 3427 1951 no-

1862 2001 1986 2041 men
2012 1997 2128 2041 erat
2157 1986 2279 2042 Job.
2300 1986 2553 2043 Ostendit
2582 1989 2878 2054 hominem,
2898 1991 3167 2060 cognitam
3196 1990 3322 2046 fecit
3341 2005 3427 2045 re-

1859 2079 2076 2150 gionem
2094 2119 2109 2143 ,
2139 2078 2442 2149 designavit
2472 2094 2665 2133 nomen
2690 2118 2705 2143 ,
2728 2079 2950 2134 dicens:
2976 2079 3072 2133 Cui
3106 2097 3291 2135 nomen
3313 2089 3427 2134 erat

1859 2169 1962 2225 Job
1995 2171 2060 2234 ",
2090 2171 2235 2239 quod
2260 2186 2379 2225 cum
2419 2169 2582 2238 justis
2611 2171 2873 2241 scriptum
2901 2181 2983 2225 est
3007 2213 3021 2236 ,
3053 2173 3197 2240 quod
3237 2173 3288 2225 in
3340 2188 3427 2227 re-

1859 2263 2022 2331 gione
2052 2264 2298 2318 vivorum
2330 2262 2599 2333 signatum
2647 2272 2764 2327 est,
2790 2264 2931 2333 quod
2968 2264 3022 2317 in
3059 2263 3427 2319 tabernaculis

1857 2354 2074 2410 aeternis
2095 2363 2179 2410 est
2214 2356 2549 2424 deputatum.
2581 2354 2680 2410 Cui
2707 2372 2894 2410 nomen
2925 2367 3037 2408 erat
3068 2354 3193 2409 Job.
3226 2355 3425 2427 Dignos

1859 2446 2061 2501 habeat
2110 2445 2273 2501 etiam
2313 2460 2414 2501 nos
2451 2445 2729 2514 Dominus,
2766 2457 2824 2501 ut
2854 2449 3073 2502 nomina
3122 2457 3312 2502 nostra
3347 2448 3428 2502 sie

1856 2537 2169 2591 scribantur
2221 2551 2343 2591 cum
2394 2539 2723 2603 viventibus,
2769 2539 2848 2593 sic
2889 2553 3010 2592 cum
3054 2538 3122 2591 iis
3166 2536 3258 2608 qui
3290 2538 3425 2593 salvi

1859 2630 1995 2685 littnt
2028 2630 2398 2695 nominentur,
2448 2630 2526 2685 sic
2564 2644 2687 2685 cum
2728 2630 2891 2700 justis
2942 2640 3422 2684 connumerentur.

1856 2722 1961 2779 Sed
1988 2724 2189 2790 adhuc,
2211 2724 2404 2793 inquit,
2424 2724 2577 2777 homo
2599 2724 2813 2795 quidgm
2851 2733 2959 2776 erat
2990 2722 3044 2774 in
3076 2720 3283 2790 regione
3316 2721 3425 2773 Au-

1852 2816 2033 2882 sitide,
2059 2817 2146 2870 cui
2200 2832 2388 2872 nomen
2425 2825 2536 2870 erat
2565 2813 2686 2868 Job.
2720 2813 2993 2867 Adversus
3020 2813 3295 2868 diabolum
3338 2820 3424 2867 est

1855 2909 1945 2964 hic
1980 2923 2179 2975 sermo,
2212 2907 2474 2962 adversus
2504 2906 2898 2975 nequissimum
2930 2914 3013 2959 est
3043 2906 3155 2959 haec
3181 2904 3424 2973 disputa-

1856 3001 1955 3064 tio,
1995 3008 2248 3069 tanquam
2290 2999 2335 3055 si
2383 2997 2587 3053 diceret
2634 3016 2649 3052 :
2687 3000 2731 3052 0
2763 2998 3146 3065 malignissime
3184 2996 3423 3077 diabolo,

1854 3104 1888 3144 o
1913 3091 2238 3159 nequissime
2261 3089 2480 3154 Satana,
2510 3090 2765 3144 adversus
2794 3102 2951 3158 quem
2978 3087 3292 3143 altercaris?
3320 3088 3420 3141 adc

193 3189 582 3245 inﬁdelitatem.
652 3188 805 3257 Quod
848 3190 891 3245 si
938 3189 1136 3243 dixerit
1183 3187 1377 3259 aliquis
1404 3202 1423 3244 :
1447 3189 1581 3245 Cum
1627 3204 1755 3260 ergo
1780 3197 1824 3255 α
1858 3196 2043 3236 versus
2065 3196 2227 3250 quem
2260 3180 2458 3236 bellum
2488 3182 2673 3250 geris?
2706 3182 2971 3236 adversus
3002 3195 3161 3248 quem
3206 3179 3420 3248 pradia-

195 3279 314 3334 talis
347 3278 513 3335 fuerit
540 3279 679 3333 Esau
713 3287 874 3348 atque
904 3278 1282 3349 generationes
1315 3279 1457 3350 ejus,
1485 3280 1755 3351 quomodo

191 3371 289 3425 fuit
334 3369 439 3426 Job
474 3385 541 3427 es
569 3370 693 3437 illis,
731 3379 890 3439 atque
936 3370 1077 3424 inter
1109 3369 1232 3425 illos
1270 3372 1391 3441 pius
1422 3385 1486 3426 ac
1537 3370 1758 3428 bonus?

190 3462 263 3518 Ita
295 3464 398 3519 iuit
422 3463 563 3519 sicut
592 3477 717 3517 mox
747 3462 798 3517 in
842 3460 1107 3533 principio
1148 3462 1283 3518 Abel
1334 3464 1595 3518 innocens
1632 3480 1754 3518 cum

189 3556 414 3623 injusto,
450 3555 591 3611 sicut
616 3553 728 3609 Noe
775 3553 955 3623 justus
983 3553 1126 3609 inter
1157 3553 1406 3622 gigantes
1438 3555 1559 3610 illos
1584 3554 1755 3611 scele-

191 3656 352 3711 ratos,
383 3647 531 3703 sicut
575 3644 972 3701 Melchisedech
1004 3650 1265 3700 sacerdos
1290 3646 1384 3700 Dei
1421 3644 1668 3702 altissimi
1699 3648 1753 3702 in

188 3738 362 3794 medio
385 3736 796 3792 maledictorum
824 3736 1275 3803 Chananatorum,
1303 3736 1445 3793 sicut
1480 3737 1751 3792 Abraham

187 3832 271 3901 qui
304 3830 539 3887 credidit
561 3830 615 3885 in
643 3830 814 3885 medio
851 3829 1230 3885 Chaldaeorum
1261 3830 1404 3886 idola
1433 3830 1749 3887 colentium.

190 3920 335 3977 Sicut
379 3935 510 3989 ergo
541 3921 630 3976 isti
673 3934 861 3975 omnes
900 3935 1022 3974 cum
1074 3928 1257 3975 essent
1304 3921 1380 3991 pii
1426 3936 1490 3976 ac
1534 3922 1749 3988 sancti,

189 4022 342 4080 atque
385 4010 626 4081 religiosi
659 4008 753 4064 Dei
782 4006 945 4063 amici
969 4047 984 4071 ,
1012 4023 1081 4063 ex
1109 4007 1397 4076 impiorum
1424 4017 1554 4063 sunt
1583 4023 1749 4078 gene-

189 4102 485 4158 rationibus
516 4099 783 4169 procreati
814 4115 830 4152 :
865 4099 939 4153 ita
991 4096 1334 4153 admirabilis
1373 4096 1473 4154 Job
1510 4113 1631 4153 cum
1681 4113 1748 4154 ex

187 4194 400 4250 obsceni
431 4201 594 4261 atquo
612 4189 931 4246 insatiabilis
966 4189 1103 4244 Esau
1133 4202 1331 4258 genere
1355 4199 1517 4259 atque
1542 4205 1746 4259 cogna-

187 4289 328 4340 tione
356 4284 661 4355 prodierit,
692 4289 912 4337 sanctus
959 4295 1023 4335 ac
1066 4281 1249 4351 justus
1291 4291 1482 4350 sponte
1524 4281 1748 4334 allectus

184 4390 296 4445 est;
331 4379 436 4434 hoc
461 4376 663 4432 scilicet
698 4376 1033 4429 demonstrat
1067 4374 1253 4428 dicens
1286 4392 1298 4427 :
1335 4372 1509 4428 Homo
1532 4374 1747 4444 quidam

184 4483 287 4526 erat
315 4472 373 4525 in
400 4471 613 4541 regione
653 4466 915 4523 Ausitide.
960 4464 1091 4519 Erat
1135 4473 1392 4533 tanquam
1439 4480 1563 4519 rosa
1604 4466 1743 4521 inter

1856 3273 1970 3328 ris?
2022 3273 2281 3328 adversus
2334 3287 2493 3342 quem
2548 3271 2666 3328 zelo
2712 3271 3091 3327 succenderis?
3144 3271 3420 3325 Adversus

1855 3364 2148 3432 hominem,
2180 3363 2440 3418 adversus
2460 3363 2896 3433 corruptibilem,
2923 3363 3184 3416 adversus
3212 3372 3415 3415 morta-

1853 3454 1981 3524 lem,
2013 3457 2274 3510 adversus
2310 3454 2608 3518 carnalem,
2649 3456 2909 3508 adversus
2946 3461 3243 3513 terrenum,
3294 3466 3416 3504 cum

1853 3546 1926 3603 sis
1944 3545 2369 3616 incorruptibilis
2385 3557 2440 3602 et
2467 3549 2844 3613 incorporeus,
2871 3552 3034 3612 atque
3052 3540 3376 3595 immortalis
3401 3559 3416 3595 :

1853 3640 2115 3693 adversus
2146 3652 2270 3692 eum
2304 3640 2395 3708 qui
2430 3639 2482 3691 in
2517 3638 2740 3705 regione
2783 3644 3027 3688 moratur
3063 3631 3332 3692 Ausitide,
3364 3637 3419 3684 tu

1850 3730 1940 3801 qui
1969 3730 2035 3783 de
2064 3729 2201 3785 caelo
2228 3729 2492 3784 cecidisti.
2528 3726 2630 3781 Sed
2660 3735 2718 3780 et
2766 3725 2844 3781 sic
2873 3724 3171 3794 superaris,
3196 3720 3420 3775 concul-

1851 3822 2016 3887 caris,
2050 3821 2352 3876 humiliaris
2408 3821 2475 3874 ab
2506 3835 2616 3875 uno
2646 3818 2889 3885 homine,
2917 3832 3040 3871 cum
3072 3816 3148 3871 sis
3171 3814 3414 3884 spiritus,

1851 3913 1920 3967 ab
1951 3928 2060 3968 uno
2086 3925 2153 3967 ex
2184 3910 2652 3982 corruptibilibus,
2685 3918 2739 3963 tu
2766 3910 2858 3979 qui
2891 3923 2955 3964 ex
2988 3906 3418 3976 incorruptibili-

1850 4004 1952 4059 bus
1982 4004 2263 4059 cherubim
2318 4003 2563 4058 cecidisti
2598 4002 2900 4058 ordinibus.
2941 3998 3066 4054 Haec
3109 3998 3295 4069 itaque
3337 3997 3419 4053 si-

1848 4100 2036 4165 gnavit
2063 4097 2287 4152 dicens:
2325 4095 2496 4150 llomo
2527 4095 2745 4166 quidam
2773 4101 2891 4149 erat
2921 4093 2976 4147 in
3003 4095 3229 4162 regione
3257 4092 3421 4146 Ausi-

1849 4189 1957 4243 tide
1986 4191 2074 4258 qui
2099 4203 2313 4243 omnem
2345 4188 2642 4243 exercitum
2678 4185 2877 4242 diaboli
2911 4184 3135 4254 fugavit,
3173 4183 3265 4253 qui
3293 4196 3419 4236 om-

1847 4296 1969 4334 nem
2021 4281 2275 4335 virtutem
2322 4280 2636 4350 nequissimi
2695 4278 3018 4341 debilitavit,
3061 4278 3153 4345 qui
3199 4289 3419 4329 omnem

1847 4374 2098 4427 virtutem
2140 4382 2195 4428 et
2222 4382 2598 4443 argumentum
2642 4372 2839 4427 diaboli
2872 4382 3265 4440 supervacuum
3314 4368 3412 4422 de-

1853 4467 2189 4531 monstravit,
2209 4466 2298 4535 qui
2320 4481 2536 4521 omnem
2561 4476 2776 4519 ventum
2806 4474 2860 4518 et
2888 4478 3106 4532 aquam,
3134 4471 3297 4530 atque
3315 4461 3410 4515 im.

186 4560 361 4627 spinas
388 4598 404 4624 ,
436 4567 695 4626 tanquam
733 4555 900 4609 lilium
937 4556 1077 4609 inter
1125 4554 1355 4610 tribulos
1386 4556 1651 4610 candidus
1680 4572 1744 4612 ac
1777 4541 1820 4595 Ῑ)
1850 4566 2029 4626 petum
2062 4557 2281 4627 maligni
2321 4559 2372 4612 in
2409 4571 2469 4612 se
2498 4557 2849 4611 collidentetn
2885 4563 3201 4610 constanter
3229 4565 3411 4608 sustu-

187 4648 375 4701 rubens
404 4686 420 4709 ,
458 4644 723 4699 candidus
768 4643 872 4697 [ide
900 4658 963 4697 ac
1000 4643 1293 4698 sanctitate
1320 4683 1338 4711 ,
1373 4645 1571 4699 rubens
1595 4648 1742 4701 velut

186 4753 319 4798 rosa.
353 4738 511 4807 plane
531 4737 657 4806 quia
696 4734 955 4794 sustinuit
981 4733 1195 4790 dolores
1218 4750 1282 4791 ac
1304 4738 1601 4805 passiones.
1630 4736 1744 4790 Ho-

184 4846 259 4885 ιο
284 4831 499 4899 quidam
533 4841 643 4882 erat
668 4828 723 4881 in
767 4828 973 4896 regione
1011 4826 1272 4880 Ausitide.
1307 4827 1434 4881 Erat
1479 4837 1755 4903 tanquam

186 4922 425 4976 columba
458 4922 604 4976 inter
633 4920 895 4989 raptrices
940 4918 1173 4988 aquilas,
1209 4928 1461 4987 tanquam
1492 4934 1661 4988 agnus
1686 4919 1741 4973 in

187 5014 351 5068 medio
381 5013 630 5080 luporum
656 5011 1044 5080 diripientium,
1082 5020 1338 5080 tanquam
1374 5012 1528 5065 stella
1554 5012 1605 5065 itt
1632 5026 1740 5066 me-

187 5106 262 5161 dio
296 5105 520 5160 nubium
566 5104 987 5158 teterrimarutn.
1022 5103 1195 5157 Homo
1220 5104 1436 5171 quidam
1466 5114 1581 5157 erat
1610 5144 1625 5168 ,
1654 5103 1740 5172 ju-

188 5211 291 5255 stus
315 5201 453 5254 inter
485 5198 714 5266 injustas
739 5236 754 5261 ,
785 5197 926 5251 inter
970 5196 1225 5264 profanos
1283 5205 1502 5250 sanctus
1528 5237 1544 5259 ,
1600 5198 1741 5252 inter

187 5294 440 5348 obscenos
489 5290 717 5343 mundus
746 5329 761 5353 ,
804 5289 926 5357 pius
959 5300 1099 5342 inter
1128 5289 1346 5358 impios,
1396 5290 1567 5344 bonus
1600 5291 1741 5346 inter

189 5384 366 5446 malos,
393 5392 648 5451 tanquam
688 5383 1010 5452 smaragdos
1046 5382 1098 5434 in
1136 5380 1270 5444 luto,
1308 5391 1561 5451 tanquam
1595 5397 1739 5436 mar-

191 5477 339 5542 garita
366 5476 420 5528 in
456 5489 645 5528 arena.
681 5474 773 5527 Sic
807 5489 1040 5539 namque
1068 5485 1187 5528 erat
1211 5484 1539 5529 memoratus
1580 5476 1739 5529 homo

193 5567 266 5621 ille
290 5569 340 5621 in
373 5568 593 5638 regione
617 5566 880 5622 Ausitide.
913 5566 1047 5623 Cum
1082 5581 1211 5635 ergo
1241 5569 1382 5623 inter
1416 5568 1547 5623 tales
1573 5577 1735 5631 esset,

267 5758 284 5789 ⁹
311 5755 411 5811 lsa.
444 5772 555 5820 LVI,
580 5758 669 5810 Η.

198 5824 235 5859 α
259 5825 411 5883 Hebr.
440 5842 537 5887 su.
567 5828 654 5883 16.
733 5823 774 5857 ¹⁶
804 5823 900 5881 Job
930 5841 970 5889 ι,
1000 5826 1049 5881 l.
1128 5826 1169 5857 ιτ
1197 5825 1324 5880 ibid.

1846 4649 1925 4709 lit,
1957 4661 2013 4703 et
2037 4650 2329 4704 immobilis
2356 4650 2612 4720 perstitit.
2632 4650 2709 4702 Ac
2739 4649 2782 4703 si
2809 4663 2939 4718 ergo
2970 4648 3171 4702 diceret
3196 4663 3209 4701 :
3242 4646 3411 4701 Homo

1844 4740 2060 4810 quidam
2096 4749 2234 4805 erat,
2266 4757 2300 4795 ο
2342 4742 2573 4804 diabole,
2614 4740 2704 4808 qui
2755 4739 2849 4793 tibi
2905 4739 3205 4809 praevaluit.
3244 4737 3410 4791 Homo

1844 4831 2063 4900 quidam
2091 4841 2211 4885 erat
2264 4832 2356 4900 qui
2389 4846 2606 4885 omnem
2651 4832 2901 4885 virtutem
2959 4841 3106 4884 tuam
3142 4828 3409 4883 inﬁmam

1843 4924 2104 4979 ostendit.
2143 4923 2316 4977 Homo
2367 4924 2582 4993 quidam
2612 4933 2730 4978 erat
2780 4924 2867 4993 qui
2899 4937 3117 4977 omnem
3151 4919 3413 4974 malitiam

1850 5026 1993 5070 tuam
2023 5016 2075 5070 in
2100 5016 2424 5071 derisionem
2455 5017 2695 5080 deduxit,
2728 5026 2781 5070 et
2808 5015 2948 5085 quod
2976 5023 3061 5068 est
3088 5011 3411 5076 maximum,

1849 5106 2100 5161 habitatus
2120 5106 2172 5160 in
2203 5106 2427 5177 regione
2453 5106 2719 5171 Ausitide,
2749 5106 2799 5158 id
2824 5104 3222 5171 est,impiorum
3247 5110 3411 5169 atque

1846 5199 2175 5263 inﬁdelium,
2206 5200 2563 5253 obscenorum
2595 5211 2811 5266 quoque
2843 5208 3007 5263 atque
3060 5194 3405 5261 injustorum.

1843 5292 1977 5346 Nam
2007 5306 2129 5346 cum
2177 5292 2285 5346 illic
2325 5300 2648 5356 moraretur,
2695 5306 2799 5343 non
2834 5289 3076 5358 potuisti,
3100 5302 3132 5342 o
3167 5283 3404 5349 diabolo,

1843 5386 2161 5450 immutare,
2195 5400 2367 5455 neque
2406 5397 2724 5439 convertere
2754 5397 2877 5435 eum
2931 5389 3046 5447 post
3096 5378 3288 5446 impios
3334 5378 3408 5432 ad

1844 5479 2198 5546 impietatem,
2231 5493 2407 5546 neque
2453 5486 2572 5545 post
2618 5474 2865 5530 inﬁdeles
2904 5475 2969 5528 ad
3004 5472 3409 5535 infidelitatem,

1845 5584 2020 5640 neque
2045 5579 2161 5640 post
2196 5571 2425 5639 injustos
2457 5571 2523 5624 ad
2552 5570 2892 5641 injustitiam,
2914 5569 3006 5624 sed
3033 5570 3174 5623 inter
3189 5580 3405 5629 omnes,

748 5756 791 5786 ¹⁶
814 5754 1013 5825 3lercm.
1036 5770 1089 5822 v,
1108 5755 1161 5809 8.
1240 5756 1280 5785 ¹¹
1316 5753 1503 5814 Matth.
1537 5766 1687 5822 unt,
1722 5756 1806 5810 55.
1889 5760 1927 5789 ¹²
1951 5756 2101 5813 Cant.
2130 5775 2186 5825 ll,
2213 5759 2295 5813 l5.
2376 5758 2414 5789 ¹³
2448 5758 2642 5815 Ezccli.
2676 5757 2857 5823 sunt.
2937 5756 2977 5787 ¹⁸
3014 5753 3141 5811 Luc.
3167 5764 3281 5817 snt,
3310 5752 3409 5807 3!.
