3992 6312
603 381 711 438 379

1702 369 2086 427 ANONYMUS
2125 366 2162 420 li

2264 365 2370 421 OB.
2411 396 2478 405 —
2518 361 2644 417 LIB.
2687 364 2730 418 l'.
3717 365 3806 415 380

606 508 662 554 et
689 497 831 568 apud
866 511 1054 552 omnes
1085 497 1319 566 injustos
1349 494 1654 564 permansit
1696 493 1901 561 justus,
1929 493 2069 546 sicut
2091 498 2170 542 te-
2201 494 2242 547 Α
2276 501 2462 539 verax.
2496 482 2631 536 Nam
2667 480 2818 535 nmlti
2865 477 3112 532 videnlur
3147 475 3281 546 justi
3316 489 3454 537 esse,
3484 474 3570 568 sed
3607 488 3708 530 non
3733 493 3811 534 ve-

607 600 784 644 Statur
809 603 931 641 mox
962 595 1356 655 consequenter
1387 584 1573 638 dicens
1605 602 1619 637 :
1658 582 1726 636 Et
1754 594 1864 638 erat
1914 583 2064 637 homo
2088 582 2175 635 ille

607 697 848 750 magnus,
894 677 1245 732 admirabilis.
1293 676 1492 730 Beatus
1547 676 1708 729 homo
1755 675 1844 729 ille
1871 675 1961 744 qui
2002 691 2031 728 a
2068 675 2174 731 Deo

605 771 976 826 testimonium
1012 769 1245 836 accepit,
1284 768 1373 837 qui
1423 768 1491 821 ab
1520 767 1728 838 angelis
1775 767 2031 838 praelatus
2067 777 2173 832 est,

605 861 696 930 qui
729 861 827 930 ipsi
859 859 1076 914 diabolo
1105 859 1158 913 in
1191 858 1607 912 admirationem
1655 858 1826 922 venit,
1853 868 2038 927 utpote
2080 858 2173 926 qui

604 949 1101 1004 vehementioribus
1139 950 1313 1018 plagis
1353 958 1514 1018 atque
1543 949 1864 1018 periculosis
1897 948 2173 1003 doloribus

607 1056 711 1094 non
743 1039 1053 1096 succubuit.
1098 1040 1195 1095 llic
1239 1056 1370 1110 ergo
1412 1040 1575 1095 homo
1617 1050 1736 1096 erat
1766 1040 1884 1094 sine
1927 1040 2168 1108 querela,

604 1140 792 1200 utpote
814 1133 882 1185 ab
905 1131 1052 1186 omni
1084 1131 1294 1186 macula
1326 1130 1583 1195 illibatus,
1606 1119 1794 1198 utpote
1821 1129 1889 1184 ab
1911 1129 2055 1183 omni
2087 1143 2174 1183 re-

602 1223 965 1292 prehensione
1011 1236 1220 1276 exsors.
1249 1222 1381 1277 Erat
1429 1221 1546 1276 sine
1589 1221 1808 1290 querela
1847 1237 2031 1275 coram
2063 1221 2171 1276 Deo

601 1321 656 1366 et
686 1312 1014 1374 hominibus,
1049 1327 1236 1366 coram
1266 1310 1474 1380 angelis
1502 1317 1558 1364 et
1589 1309 1871 1380 spiritibus
1899 1308 2170 1377 corrupti-

599 1401 801 1457 bilibus
827 1410 882 1455 et
929 1401 1447 1471 iueorruptibilibus.
1480 1401 1613 1454 Erat
1662 1401 1779 1455 sine
1807 1401 2051 1469 querela,
2086 1409 2172 1455 ut-

598 1502 726 1561 pote
757 1491 987 1546 formam
1014 1492 1068 1545 in
1098 1507 1156 1547 se
1182 1494 1473 1547 ostendens
1503 1507 1654 1547 novae
1690 1492 1900 1560 gratiae,
1931 1491 2020 1546 ubi
2051 1491 2168 1560 cpi-

598 1598 824 1652 scopum
856 1583 1386 1652 irreprehensibiletn
1433 1599 1554 1638 esse
1591 1593 1823 1653 oportet.
1875 1582 2011 1638 Erat
2051 1584 2169 1637 sine

599 1672 818 1741 querela
857 1674 910 1728 in
942 1675 1124 1730 animo
1155 1684 1209 1728 et
1246 1689 1492 1742 corpore,
1545 1675 1596 1729 in
1631 1675 1874 1731 consiliis
1921 1685 1976 1730 et
2022 1675 2170 1744 cogi-

603 1765 918 1830 tationibus,
945 1766 1002 1821 in
1029 1767 1209 1820 verbis
1235 1775 1395 1834 atque
1412 1768 1692 1835 operibus,
1709 1768 1761 1821 in
1787 1767 1985 1822 studiis
2007 1776 2168 1837 atque

2279 578 2493 639 raciter,
2531 575 2627 629 sed
2682 571 2968 633 fallaciter,
3004 584 3110 622 non
3160 568 3335 636 juste,
3367 569 3459 620 sed
3493 567 3695 635 injuste.
3719 586 3808 624 non

2280 670 2437 739 plane
2477 669 2570 722 sed
2613 666 2823 721 lictitie.
2883 663 3077 718 Merito
3125 676 3268 715 nunc
3313 660 3440 713 istic
3486 675 3606 713 cum
3633 659 3810 727 justum

2275 762 2483 816 diceret
2510 762 2725 814 beatum
2759 756 2884 819 Job,
2915 755 3109 824 adjecit
3151 755 3322 807 etiam
3374 752 3476 805 hoc
3500 754 3635 818 quod
3669 767 3810 808 verax

2274 855 2455 908 fuerit.
2485 851 2566 908 Ob
2594 867 2758 922 quam
2815 849 2963 902 rem?
2994 846 3073 902 Ob
3124 847 3250 908 hoc,
3286 853 3345 898 ut
3377 843 3680 897 ostenderet
3706 846 3814 913 quia

2268 947 2478 1015 justitia
2503 947 2622 1016 ejus
2648 961 2772 1001 vera
2803 953 2941 998 erat.
2980 941 3095 996 Non
3134 951 3260 997 erat
3292 939 3547 1001 mendax,
3575 954 3675 993 non
3714 949 3816 994 erat

2273 1037 2545 1105 simulata,
2571 1038 2664 1092 sed
2701 1038 2910 1109 integra
2939 1047 3082 1104 erat,
3117 1046 3286 1104 atque
3321 1033 3434 1089 Deo
3475 1032 3814 1101 acceptabilis.

2271 1129 2352 1185 0b
2379 1130 2482 1186 hoc
2507 1145 2636 1200 ergo
2653 1129 2806 1194 dicit,
2838 1145 3024 1184 verax.
3054 1127 3277 1184 Sciebat
3302 1141 3539 1195 namque
3560 1128 3722 1194 justus
3740 1127 3816 1181 ille

2273 1220 2356 1273 vir
2382 1220 2524 1289 quod
2555 1218 2815 1272 veritates
2855 1219 3085 1287 requirit
3125 1215 3416 1271 Dominus.
3451 1213 3646 1268 Idcirco
3675 1228 3820 1270 verax

2271 1323 2412 1379 erat,
2437 1327 2617 1380 verus,
2647 1327 2833 1382 pur-us,
2858 1311 3109 1380 simplex,
3143 1325 3251 1364 non
3285 1310 3467 1364 (ictus.
3499 1307 3614 1362 Non
3637 1317 3743 1363 erat
3768 1310 3814 1364 in

2271 1407 2361 1460 illo
2381 1405 2672 1461 haesitatio.
2699 1405 2812 1458 Non
2830 1403 3150 1474 loquebatur
3167 1401 3323 1455 aliud
3347 1401 3401 1454 in
3425 1399 3690 1464 ore,aliud
3706 1415 3816 1456 vero

2271 1499 2543 1566 cogitabat
2587 1499 2638 1552 in
2687 1499 2894 1552 animo.
2927 1495 3045 1550 Non
3094 1494 3240 1548 aliud
3289 1491 3509 1547 dicebat
3557 1492 3741 1556 verbis,
3769 1501 3817 1546 et

2270 1590 2413 1644 aliud
2443 1590 2711 1661 cogitabat
2735 1589 2920 1643 corde.
2956 1586 3078 1642 Non
3099 1598 3262 1642 erant
3311 1585 3629 1660 verbaLejus
3658 1582 3815 1639 mollia

2269 1682 2322 1736 in
2359 1683 2536 1747 labiis,
2586 1681 2766 1751 jacula
2809 1696 2942 1736 vero
2997 1681 3050 1734 in
3100 1678 3338 1742 occulto,
3387 1677 3811 1748 quemadmodum

2272 1791 2414 1830 nunc
2444 1784 2570 1829 sunt
2593 1775 2974 1845 plurimorum,
3016 1772 3480 1843 quemadmodum
3519 1779 3639 1826 sunt
3677 1771 3814 1826 innu-

591 1857 1124 1914 .conversationibus.
1147 1858 1200 1911 lu
1230 1859 1375 1912 omni
1408 1859 1758 1914 nihilominus
1785 1859 1898 1914 vita
1926 1874 2022 1914 sua
2048 1868 2167 1914 erat
2197 1849 2240 1904 Β
2269 1867 2632 1931 merabilium,
2663 1867 2730 1922 de
2759 1867 2954 1936 quibus
2988 1865 3187 1920 dicitur
3217 1884 3231 1918 ε
3261 1861 3452 1917 Molles
3487 1861 3686 1930 fuerunt
3719 1879 3815 1917 ser-

591 1951 715 2005 sine
741 1949 980 2018 querela.
1033 1949 1111 2004 lta
1149 1951 1353 2004 dictum
1385 1960 1468 2006 est
1498 1960 1619 2020 post
1652 1951 1755 2005 hoc
1803 1954 1869 2004 de
1917 1951 2167 2006 Samuele

596 2045 652 2096 in
689 2041 941 2098 laudibus
962 2053 1174 2113 patrum
1205 2062 1218 2097 :
1253 2043 1319 2097 Et
1343 2061 1444 2097 non
1471 2044 1793 2112 reprehendit
1817 2044 1970 2097 homo
1990 2044 2163 2109 illum,

595 2132 651 2187 id
698 2142 802 2197 est,
860 2148 964 2188 non
1000 2135 1316 2189 criminatus
1359 2144 1444 2188 est
1472 2135 1621 2188 illum
1676 2137 1857 2202 humo,
1891 2139 2019 2206 quia
2049 2149 2168 2193 erat

593 2223 715 2279 sine
741 2226 982 2295 querela,
1017 2228 1156 2282 sicut
1189 2238 1243 2283 et
1271 2228 1398 2282 olim
1420 2227 1543 2282 Job.
1571 2227 1636 2280 Et
1667 2229 1810 2284 unde
1841 2229 2167 2298 iuveuithoc

591 2314 694 2373 Job
718 2329 774 2372 ut
800 2331 946 2375 esset
973 2321 1089 2376 sine
1114 2321 1378 2376 crimine?
1405 2321 1480 2374 Ex
1509 2321 1610 2376 hoc
1634 2321 1868 2385 invenit,
1891 2323 2016 2390 quia
2045 2332 2166 2377 erat

589 2409 791 2478 justus.
827 2412 902 2465 Ex
940 2413 1040 2468 hoc
1073 2415 1299 2479 invenit,
1331 2414 1454 2482 quia
1488 2429 1515 2466 a
1539 2411 1753 2480 justitia
1785 2429 1891 2468 non
1923 2415 2164 2469 declina-

590 2505 690 2558 vit.
729 2503 806 2558 Ex
844 2506 947 2559 hoc
978 2506 1202 2571 invenit,
1230 2507 1355 2574 quia
1395 2506 1658 2572 justitiam
1710 2521 1819 2561 non
1852 2505 2160 2575 dereliquit,

591 2595 719 2661 quia
752 2610 779 2647 a
802 2594 1013 2662 justitia
1044 2612 1146 2652 non
1179 2599 1448 2662 discessit,
1480 2597 1886 2666 quiajustitiam
1933 2617 2037 2656 non
2065 2606 2153 2658 de-

590 2688 790 2753 epexit.
822 2687 1029 2743 Idcirco
1065 2701 1350 2759 postquam
1395 2694 1512 2746 sine
1541 2692 1762 2761 querela
1798 2693 1946 2748 illum
1977 2707 2164 2752 osten-

593 2777 688 2840 dit,
709 2790 830 2847 pOSt
855 2779 958 2834 hoc
987 2781 1341 2837 nihilominus
1361 2783 1526 2836 etiam
1545 2783 1751 2852 justum
1777 2784 1924 2838 illum
1939 2787 2164 2842 demon-

589 2877 773 2924 stratis
824 2871 978 2937 dicit,
1017 2872 1136 2927 sine
1167 2873 1389 2942 querela
1438 2873 1635 2944 justus.
1667 2873 1854 2932 Justus
1893 2887 2010 2932 erat
2036 2880 2162 2948 quia

590 2959 710 3016 sine
747 2963 979 3019 crimine
1010 2974 1153 3030 erat,
1185 2975 1239 3019 et
1271 2966 1387 3019 sine
1413 2967 1632 3035 querela
1661 2977 1802 3034 erat,
1826 2970 1949 3039 quia
1981 2969 2161 3038 justus

590 3065 933 3123 nuncupatus
955 3065 1058 3112 est.
1084 3057 1160 3111 .Et
1186 3066 1306 3110 erat
1333 3057 1494 3111 homo
1520 3057 1609 3113 ille
1643 3061 1762 3114 sine
1791 3063 2010 3130 querela
2071 3063 2160 3132 ju-

2266 1977 2445 2014 mones
2469 1977 2631 2029 super
2655 1960 2849 2027 oleum,
2874 1971 2920 2013 et
2949 1960 3054 2025 ipsi
3077 1967 3199 2013 sunt
3221 1955 3418 2027 jacula
3443 1958 3510 2012 ¹¹.
3537 1956 3600 2010 Et
3623 1957 3805 2013 adhuc:

2271 2053 2522 2106 Proximo
2557 2070 2651 2106 suo
2685 2054 2916 2123 loquitur
2945 2054 3103 2117 bona,
3136 2061 3187 2106 et
3217 2054 3364 2104 intra
3397 2068 3452 2104 se
3491 2053 3636 2104 habet
3669 2053 3807 2110 mala.

2268 2145 2332 2198 Et
2355 2146 2525 2200 alibi:
2559 2145 2624 2198 In
2663 2145 2816 2199 labiis
2851 2146 2959 2198 suis
3004 2145 3231 2197 blandus
3285 2143 3532 2197 obdulcat
3573 2144 3808 2207 inimicus,

2265 2239 2318 2291 in
2351 2237 2504 2292 corde
2545 2253 2640 2290 suo
2684 2253 2800 2290 vero
2856 2236 3142 2289 insidiatur
3165 2237 3236 2290 ".
3273 2235 3382 2290 Sed
3436 2243 3682 2288 nouerat
3705 2235 3808 2288 talis

2265 2328 2457 2382 beatus
2481 2327 2603 2394 Job,
2633 2328 2726 2381 sed
2747 2342 2912 2381 verax
2942 2338 3083 2392 erat,
3098 2342 3267 2382 verax
3302 2336 3491 2396 utpote
3516 2341 3695 2380 servus
3710 2326 3808 2392 ejus

2265 2421 2330 2475 de
2376 2435 2486 2489 quo
2536 2420 2757 2482 dicitur,
2791 2419 2876 2474 Sit
2909 2419 3046 2474 Deus
3098 2437 3260 2475 veras:
3286 2421 3332 2453 ⁸³
3365 2439 3378 2474 :
3425 2430 3672 2488 tanquam
3704 2434 3811 2473 vere

2265 2526 2454 2567 servus
2485 2511 2628 2566 illius
2655 2512 2720 2566 de
2749 2527 2857 2581 quo
2885 2512 3089 2566 dictum
3121 2522 3207 2567 est
3237 2526 3254 2566 :
3297 2511 3426 2566 Haec
3456 2523 3529 2564 est
3565 2512 3664 2564 vita
3682 2520 3814 2563 teter-

2265 2617 2356 2666 na,
2397 2612 2451 2655 ut
2494 2612 2808 2672 cognoscant
2857 2614 2905 2656 te
2947 2602 3116 2656 soluat
3161 2620 3353 2658 verum
3395 2603 3582 2667 Deum,
3605 2612 3650 2656 et
3685 2617 3812 2670 quem

2264 2695 2452 2748 misisti
2493 2693 2677 2748 Jesum
2705 2695 2971 2748 Christum
2995 2696 3062 2752 “.
3099 2694 3235 2750 Cum
3277 2711 3414 2765 ergo
3437 2705 3578 2748 esset
3606 2694 3706 2748 veri
3735 2691 3812 2748 De't

2265 2803 2454 2848 servus
2477 2802 2680 2852 verax,
2712 2798 2831 2842 erat
2876 2803 3068 2855 verax,
3094 2804 3192 2844 nec
3225 2790 3354 2858 ipse
3397 2789 3683 2852 mentiens,
3727 2801 3812 2842 nec

2262 2881 2558 2938 mendaciis
2596 2881 3034 2947 communicatis,
3076 2897 3176 2935 nec
3233 2881 3360 2951 ipse
3416 2880 3690 2944 mentiens,
3729 2894 3812 2934 nec

2263 2973 2384 3028 aliis
2416 2972 2700 3028 mendacia
2732 2987 3032 3041 congruere
3063 2973 3415 3040 permittens.
3443 2972 3614 3026 Verax
3640 2972 3687 3024 in
3707 2985 3809 3034 ore,

2260 3067 2506 3136 verax'jn
2534 3067 2718 3129 corde,
2741 3079 2906 3120 verax
2938 3066 2989 3118 in
3019 3065 3448 3136 cogitationibus
3479 3075 3533 3120 et
3585 3079 3736 3119 verax
3763 3064 3808 3117 in

590 3159 710 3204 stus
744 3148 798 3202 in
825 3147 1068 3217 judiciis,
1097 3147 1278 3215 justus
1333 3148 1386 3201 in
1431 3151 1632 3215 causis,
1649 3150 1828 3218 justus
1857 3153 2156 3224 inlegibus,
2187 3188 2228 3245 ο
2264 3157 2730 3226 responsionibus,
2756 3171 2919 3211 verax
2955 3157 3011 3211 in
3048 3156 3228 3212 verbis
3269 3166 3334 3212 et
3385 3173 3546 3213 verax
3575 3157 3624 3210 in
3656 3155 3808 3215 lactis,

586 3241 764 3309 justus
810 3241 864 3294 in
921 3241 1367 3297 ordinationibus.
1415 3243 1548 3297 Nam
1605 3260 1725 3299 cum
1779 3254 1914 3300 esset
1957 3249 2064 3301 dux
2093 3263 2161 3305 ac

590 3333 846 3403 panceps
873 3333 1163 3401 provinciae
1193 3349 1328 3400 sure,
1361 3345 1417 3388 et
1440 3338 1586 3406 leges
1628 3338 1832 3403 sanxit,
1867 3351 1920 3393 et
1957 3339 2158 3409 judicia

585 3423 874 3494 judicavit.
907 3423 1012 3478 Sed
1038 3423 1226 3492 procul
1255 3425 1419 3480 dubio
1439 3428 1585 3495 quod
1601 3429 1782 3481 omnia
1807 3427 1953 3499 juste
1979 3433 2161 3503 dispo-

591 3517 763 3571 suerit
785 3524 840 3571 et
863 3515 1210 3585 judicaverit,
1231 3527 1396 3586 atque
1413 3518 1841 3577 misericorditer
1863 3524 2156 3594 delinierit,

590 3622 697 3660 non
731 3608 996 3662 reveritus
1027 3623 1461 3678 personam,non
1486 3612 1762 3681 accipiens
1784 3628 2028 3682 munera,
2054 3632 2158 3672 non

590 3699 871 3755 ambulans
902 3709 1021 3766 post
1050 3700 1580 3769 retributiones,non
1605 3703 1912 3774 despiciens
1936 3722 2162 3778 oppres-

589 3805 733 3855 sum,
763 3804 868 3844 n'on
897 3806 1158 3860 spernens
1184 3793 1423 3861 viduam,
1467 3811 1574 3850 non
1604 3796 1934 3854 obliviscens
1959 3801 2162 3872 orpha-

592 3897 721 3935 num
749 3897 765 3937 :
797 3897 894 3950 pro
925 3882 1010 3934 his
1042 3896 1172 3949 ergo
1216 3885 1498 3951 omnibus,
1534 3895 1588 3941 et
1637 3903 1704 3942 ex
1752 3888 1837 3943 his
1887 3893 2158 3958 omnibus,

592 3983 758 4042 atque
793 3988 888 4041 per
920 3973 1034 4026 haec
1059 3985 1256 4036 cuncta
1285 3986 1404 4030 erat
1432 3977 1616 4046 justus
1651 3991 1908 4051 tanquam
1941 3999 2159 4041 omnem

591 4062 914 4133 iujustitiam
945 4066 1292 4131 conculcans,
1321 4076 1576 4136 tanquam
1597 4086 1813 4128 omnem
1842 4072 2160 4143 iujustitiam

591 4156 898 4224 eradicans,
927 4165 1181 4227 tanquam
1212 4172 1426 4214 omnem
1484 4159 1743 4230 injustum
1784 4165 2076 4223 huntilians
2107 4177 2162 4224 et

590 4265 696 4304 non
730 4251 1049 4319 permittens
1078 4265 1376 4322 emergere.
1408 4252 1539 4307 Erat
1569 4255 1770 4324 justus,
1801 4269 1986 4329 utpote
2017 4262 2160 4332 inju-

589 4343 753 4397 stitiae
771 4359 874 4400 non
894 4345 1320 4410 communicans,
1343 4347 1817 4416 utpoteiujustitia:
1841 4367 1946 4406 non
1968 4369 2163 4424 appro-

586 4433 879 4521 pinquans,
908 4445 1094 4504 utpote
1119 4435 1458 4504 injustitiat-n,
1491 4439 1615 4493 odio
1641 4439 1844 4521 habens
1873 4452 2033 4512 atque
2062 4446 2162 4500 ab-

2262 3263 2428 3303 verax
2455 3263 2576 3301 cum
2616 3247 2930 3302 hominibus
2965 3255 3019 3300 et
3047 3262 3208 3301 verax
3249 3262 3378 3302 cum
3407 3245 3627 3316 angelis,
3665 3259 3814 3299 verax

2261 3341 2315 3396 itt
2368 3339 2714 3409 corruptione
2764 3348 2820 3393 et
2888 3354 3050 3392 verax
3104 3339 3158 3392 in
3207 3338 3716 3408 incorruptionibus,
3763 3346 3811 3390 et

2259 3436 2401 3504 quod
2442 3444 2526 3488 est
2566 3433 2806 3488 omnium
2850 3433 3168 3496 maximum,
3228 3447 3408 3487 verax
3455 3433 3506 3486 in
3549 3436 3808 3500 conspectu

2259 3525 2440 3578 omnia
2474 3522 2802 3592 inquirentis
2844 3521 2958 3574 Dei.
2987 3519 3068 3576 Ob
3107 3520 3212 3573 hoc
3243 3521 3395 3574 enim
3430 3519 3621 3574 dicitur
3655 3536 3668 3572 :
3703 3515 3815 3574 Non

2259 3618 2488 3689 peccavit
2527 3615 2629 3670 Job
2651 3617 2704 3669 in
2740 3625 3016 3684 conspectu
3044 3612 3277 3676 Domini,
3313 3624 3364 3666 et
3401 3629 3506 3666 non
3533 3611 3665 3665 dedit
3696 3609 3810 3663 insi-

2259 3713 2512 3781 pientiam
2541 3709 2647 3764 Deo
2668 3710 2736 3761 ’³.
2764 3707 2931 3762 David
2967 3709 3139 3762 bonus
3172 3708 3422 3776 aspectui
3456 3705 3657 3761 Domini
3683 3717 3806 3757 nun-

2261 3810 2507 3871 cupatur,
2539 3798 2642 3853 Job
2678 3815 2805 3853 vero
2835 3813 2998 3852 verax
3037 3799 3088 3852 in
3116 3807 3421 3866 conspectu
3458 3796 3553 3851 Dei
3593 3790 3808 3849 ostendi—

2262 3903 2369 3958 tur,
2403 3909 2565 3947 verax
2614 3893 2666 3946 iu
2703 3891 2820 3962 lege
2869 3905 2995 3945 ante
3029 3891 3227 3960 legem,
3263 3906 3434 3946 verax
3481 3891 3534 3946 in
3567 3883 3810 3944 mandatis

2261 3994 2390 4039 ante
2427 3984 2704 4049 mandata,
2731 3998 2898 4038 verax
2930 3984 2983 4038 in
3014 3983 3394 4043 misericordia
3435 3993 3491 4039 et
3535 3984 3587 4037 in
3631 3975 3808 4050 justiti-

2261 4077 2564 4132 cationibus
2593 4085 2721 4130 ante
2756 4076 3052 4145 Scriptura;
3072 4075 3433 4132 sanctionem.
3454 4075 3648 4131 Horum
3674 4085 3809 4124 nam-

2261 4178 2365 4232 que
2390 4165 3228 4221 omniumcommemorationem
3261 4183 3387 4222 cum
3417 4170 3470 4222 in
3509 4176 3690 4220 natura
3720 4161 3800 4214 ba-

2260 4256 2415 4310 beret
2444 4257 2810 4326 conscriptam
2837 4273 2867 4310 a
2901 4256 3183 4323 Creatore,
3207 4269 3404 4314 cuncta
3429 4259 3544 4312 haec
3566 4252 3810 4336 veraciter

2261 4345 2600 4416 adimplevit,
2646 4360 2844 4403 cuncta
2873 4349 2987 4404 haec
3023 4349 3292 4403 veraciter
3339 4349 3590 4420 perfecit.
3623 4345 3809 4400 Idcirco

2261 4442 2531 4492 veraciter
2567 4453 2732 4493 verax
2780 4439 2977 4494 dicitur
3031 4449 3192 4508 atque
3239 4441 3647 4511 comprobatur.
3699 4432 3804 4487 Pri-

587 4516 860 4579 omitians.
904 4523 1038 4580 Erat
1082 4525 1260 4594 justus
1311 4531 1567 4598 quoniam
1589 4530 1734 4586 illum
1769 4516 2048 4604 diligebat,
2095 4537 2161 4591 de
2193 4547 2409 4604 omum
2443 4531 2662 4600 quidem
2715 4531 2832 4586 sine
2869 4529 3125 4601 querela,
3172 4540 3360 4600 utpote
3410 4531 3464 4585 in
3513 4525 3804 4592 semetipso-

588 4630 698 4684 quo
746 4616 947 4670 dicitur
990 4618 1044 4672 in
1095 4621 1374 4689 prophetis
1403 4640 1417 4676 :
1449 4619 1515 4675 Et
1543 4633 1615 4676 est
1646 4624 1861 4693 justitia
1890 4629 2154 4682 accinctus

585 4707 791 4764 lumbos
823 4710 889 4766 ¹⁸.
917 4711 1046 4765 Erat
1062 4711 1262 4779 justus,
1289 4716 1411 4782 quia
1446 4716 1497 4770 in
1526 4717 1636 4771 Deo
1655 4720 1932 4787 sperabat,
1962 4723 2028 4776 de
2049 4737 2157 4790 quo

585 4800 789 4857 dicitur
820 4819 834 4856 :
865 4799 1053 4858 Justus
1080 4803 1359 4871 Dominus,
1385 4819 1434 4862 et
1467 4809 1715 4878 justitias
1747 4811 1953 4875 dilexit,
1984 4815 2156 4884 a’qui-

587 4903 747 4947 tatem
776 4894 904 4949 vidit
949 4895 1120 4949 vultus
1169 4896 1283 4966 eius
1308 4899 1373 4950 η.
1399 4900 1491 4954 Sic
1539 4916 1770 4972 namque
1797 4913 1914 4960 erat
1952 4905 2150 4974 justus.

586 4984 679 5039 Sic
713 4995 832 5040 erat
873 4985 1075 5055 justus,
1112 4997 1171 5042 ut
1217 4991 1328 5057 ipse
1359 4989 1496 5044 Deus
1527 4991 1622 5059 qui
1664 4996 2152 5063 cognoscitcorda,

586 5083 942 5131 attestaretur
961 5077 1187 5146 justitias
1206 5082 1342 5149 ejus.
1379 5081 1452 5134 Ita
1487 5095 1604 5138 erat
1629 5084 1828 5153 justus,
1860 5096 1920 5142 ut
1949 5089 2061 5158 ipse
2088 5090 2156 5146 de

587 5170 878 5237 semetipso
913 5171 1158 5226 diceret:
1191 5171 1412 5226 Iustitia
1455 5191 1598 5229 eram
1641 5179 1878 5245 indutus,
1912 5192 1960 5234 et
1994 5184 2154 5235 vesti-

586 5265 672 5311 tus
689 5259 896 5328 judicio
927 5273 1178 5333 tanquam
1203 5266 1520 5319 vestimento.
1549 5267 1798 5338 Confregi
1817 5271 1986 5326 molas
2009 5276 2156 5344 inju-

587 5358 809 5415 storum,
837 5352 899 5404 de
933 5353 1102 5407 medio
1130 5364 1303 5408 autem
1345 5357 1577 5410 dentium
1630 5362 1843 5429 rapinas
1870 5364 2061 5417 abstuli
2083 5366 2151 5418 ¹⁰.

587 5441 680 5497 Sic
711 5443 890 5514 itaque
915 5460 1032 5500 erat
1073 5449 1275 5517 justus,
1300 5457 1359 5501 ut
1384 5447 1614 5503 formam
1642 5459 1803 5519 atque
1847 5456 2149 5524 exemplum

587 5530 802 5589 Domini
833 5534 924 5589 Dei
956 5535 1007 5589 in
1049 5553 1106 5591 se
1152 5537 1488 5607 adimpleret,
1523 5537 1640 5605 ejus
1665 5543 1756 5608 qui
1797 5556 1918 5594 cum
1955 5543 2025 5597 sit
2063 5542 2152 5612 ju-

587 5635 731 5692 Stus,
757 5627 998 5697 justitias
1026 5629 1232 5685 dilexit.
1262 5631 1394 5687 Cum
1421 5643 1600 5687 autem
1629 5635 1807 5702 justus
1845 5646 2006 5702 esset,
2036 5649 2152 5693 erat

2263 4624 2470 4679 Deinde
2501 4623 2705 4692 justus,
2737 4633 2920 4692 utpote
2948 4621 3094 4677 circa
3117 4636 3330 4677 omnes.
3355 4621 3488 4677 Item
3518 4632 3671 4674 verax
3697 4624 3806 4668 tan-

2262 4729 2424 4784 quam
2457 4714 2508 4768 in
2526 4722 2816 4783 conspectu
2842 4713 2955 4769 Dei.
2985 4712 3278 4781 Propterea
3302 4724 3423 4783 post
3442 4713 3553 4768 haec
3577 4709 3806 4763 universa

2262 4807 2317 4862 in
2350 4804 2703 4860 conclusione
2725 4805 2966 4859 omnium
3000 4819 3098 4874 pro
3128 4805 3514 4859 universorum
3557 4797 3806 4866 recapitu-

2263 4899 2466 4953 latioue
2523 4897 2787 4966 adjicieus
2830 4897 3003 4951 dicit:
3047 4895 3145 4950 Dei
3184 4896 3360 4950 cultor
3385 4909 3404 4947 :
3437 4894 3562 4965 quia
3605 4899 3802 4946 omnem

2262 4988 2629 5053 sanctitatem,
2655 4999 2710 5043 et
2742 5001 2960 5041 onmem
2990 4987 3282 5054 justitiam,
3308 4994 3364 5041 et
3389 4997 3546 5043 omne
3563 4993 3692 5051 opus
3713 4976 3803 5030 bo—

2262 5096 2392 5136 num
2423 5079 2566 5149 quod
2602 5079 2704 5134 visi
2749 5078 2953 5133 fuerint
2988 5078 3237 5136 homines
3267 5077 3471 5142 facere,
3512 5071 3614 5129 nisi
3637 5069 3688 5122 in
3717 5063 3804 5120 Dei

2261 5173 2494 5241 cultura,
2527 5173 2631 5228 nisi
2658 5172 2712 5226 in
2751 5172 2844 5227 Dei
2872 5171 3152 5241 agnitione
3183 5181 3346 5241 atque
3387 5166 3714 5227 confessione
3734 5159 3800 5212 [θα

2260 5269 2456 5332 eerint,
2493 5268 2611 5323 sine
2637 5281 2797 5320 causa
2833 5263 3042 5320 faciunt
3075 5274 3239 5336 atque
3283 5272 3630 5334 supervacue.
3654 5252 3716 5308 Et
3751 5257 3806 5302 ut

2259 5361 2500 5414 breviter
2525 5367 2689 5426 atque
2725 5359 2989 5412 audenter
3037 5357 3236 5424 dicam,
3282 5356 3460 5411 omnia
3491 5356 3800 5422 quaecunque

2257 5451 2490 5508 fecerint
2524 5450 2770 5505 homines
2813 5450 2928 5504 sive
2975 5451 3026 5503 in
3071 5449 3401 5520 virginitate,
3430 5447 3540 5502 sive
3569 5442 3618 5496 in
3646 5433 3789 5490 absti-

2258 5543 2463 5607 nentia,
2487 5542 2604 5596 sive
2631 5541 2683 5595 in
2709 5542 2952 5610 corporis
2981 5544 3254 5604 castitate,
3286 5541 3400 5596 sive
3425 5539 3476 5593 in
3501 5530 3668 5589 carnis
3694 5537 3798 5580 suae

2259 5636 2656 5701 combustione,
2680 5635 2794 5690 sive
2817 5634 2870 5688 in
2897 5634 3162 5688 bonorum
3183 5649 3404 5688 suorum
3422 5621 3793 5687 distributione,

659 5737 704 5817 '_"
738 5741 840 5796 lsa.
881 5757 955 5802 xt,
984 5741 1037 5817 ὃς
1117 5745 1156 5774 ’θ’
1183 5742 1321 5817 Psal.
1353 5745 1484 5817 x,g87.
1565 5746 1606 5777 '°
1638 5745 1735 5802 Job
1774 5764 1924 5817 xxix,
1955 5750 2036 5817 li,
2074 5751 2155 5808 l7.

2264 5754 2276 5784 ¹
2305 5750 2447 5807 Psal.
2483 5765 2590 5814 LIV,
2613 5748 2703 5804 ΞΕ.
2782 5749 2823 5780 ²²
2854 5747 3009 5803 Prov.
3040 5763 3185 5816 xxvi,
3221 5748 3311 5806 24.
3388 5747 3430 5779 ³³
3461 5743 3604 5798 Rom.
3639 5751 3711 5799 ιιι,
3740 5730 3794 5790 4..

585 5805 633 5841 ’⁵
658 5807 815 5868 Joan.
849 5829 980 5874 xvn,
1012 5816 1064 5868 5.
1141 5817 1184 5848 ⁸³
1217 5813 1313 5870 Job
1340 5805 1495 5874 n22.
