3992 6312
243 355 340 411 38!

1335 366 1717 428 ANONYMUS
1755 371 1821 426 IN
1859 373 2006 430 JOB.
2050 408 2115 418 —
2151 376 2278 435 LIB.
2319 380 2357 435 l.

3378 387 3487 447 382

244 475 429 529 omnia
469 477 649 545 gratis
679 478 902 548 faciunt,
940 482 984 538 si
1022 497 1124 537 non
1168 484 1221 539 in
1271 484 1376 540 ﬁde
1420 488 1669 552 fecerint,
1704 492 1821 547 sine
1851 499 1893 554 A
1921 498 2267 553 ctadorclur.
2293 499 2443 554 Nihil
2466 499 2568 555 hoc
2590 500 2787 570 justius
2810 516 2981 573 neque
3007 503 3480 575 veracius,quam,

240 583 407 623 causa
445 580 615 641 agunt
644 574 747 629 nisi
778 575 827 628 in
857 577 1126 646 agnitione
1149 578 1307 633 unius
1331 580 1555 651 ingeniti
1588 583 1680 637 Dci
1711 583 1814 637 Pa-

246 663 374 727 tris,
406 672 455 717 et
478 663 530 717 in
561 664 901 722 confessione
931 668 1088 724 unius
1118 670 1377 738 nnigeniti
1416 671 1535 725 Filii
1566 672 1684 741 ejus
1707 674 1813 728 Do-

236 752 384 805 mini
416 754 581 808 nostri
626 753 751 809 Jesu
798 756 1016 823 Christi,
1045 769 1100 813 et
1151 759 1548 817 illuminatinne
1578 766 1817 831 Spiritus

242 846 428 899 sancti
454 845 696 915 gloriosi,
722 863 783 903 ac
814 850 1136 905 venerabilis
1163 851 1449 918 Paracleti,
1481 857 1571 925 qui
1595 856 1816 924 adjuvat

236 936 619 992 inﬁrmitatem
652 952 854 1009 nostra:
879 944 1165 1009 orationis,
1195 945 1246 997 in
1269 960 1377 1014 quo
1407 947 1600 1017 signati
1626 963 1815 1006 sumus

238 1026 303 1081 in
337 1030 429 1084 die
480 1032 865 1101 redemptionis
906 1045 1127 1100 nostrae,
1160 1038 1260 1091 hoc
1312 1039 1556 1094 fecerint.
1587 1039 1811 1097 Omnem

238 1131 386 1185 ergo
414 1120 764 1186 sanctitatem,
796 1134 852 1176 et
883 1140 1101 1179 onmem
1132 1126 1450 1193 iujustitiam
1472 1144 1632 1199 quam
1668 1132 1811 1187 fece-

240 1210 323 1263 rit
351 1210 473 1279 quis
498 1210 631 1265 foris
661 1228 688 1265 a
715 1226 840 1266 vera
892 1213 986 1267 Dei
1038 1216 1247 1269 cultura
1288 1227 1452 1288 atque
1496 1237 1627 1277 vera
1680 1224 1811 1292 ﬁde,

243 1303 424 1369 gratis
445 1302 595 1368 facit,
617 1304 670 1357 in
702 1303 1005 1372 perditione
1028 1308 1183 1373 facit,
1216 1324 1319 1363 non
1354 1313 1573 1379 prodest
1602 1316 1676 1379 ei,
1705 1332 1810 1371 non

246 1392 470 1460 adjuvat
500 1408 622 1447 eum
663 1394 717 1448 in
757 1395 844 1449 die
895 1395 1012 1463 ira,
1046 1413 1152 1453 non
1197 1399 1447 1455 liberabit
1482 1418 1602 1458 eum
1639 1405 1695 1460 in
1725 1408 1815 1463 die

246 1483 517 1571 interitus.
557 1487 637 1542 Ad
685 1488 826 1557 quod
876 1498 953 1544 est
997 1492 1151 1547 testis
1194 1492 1483 1561 Apostolus
1516 1498 1608 1565 qui
1642 1499 1810 1556 dicit:

244 1574 421 1631 0mm
437 1578 571 1647 quod
599 1594 663 1645 ea:
706 1580 811 1648 ﬁde
843 1597 943 1635 non
969 1593 1067 1649 est,
1099 1597 1370 1652 peccatum
1402 1596 1479 1640 est
1503 1588 1570 1645 ¹⁶.
1601 1588 1819 1655 Quare?

240 1666 387 1734 Quia
411 1667 545 1724 bona
586 1670 835 1741 videntur
888 1672 1082 1729 fecisse
1132 1690 1237 1730 non
1269 1678 1493 1745 quaesita
1547 1678 1671 1745 ﬁde,
1710 1696 1813 1736 non

239 1762 477 1827 quaesita
506 1766 781 1834 agnitione
816 1765 933 1835 ejus
964 1775 1196 1836 propter
1236 1784 1396 1835 quem
1428 1770 1533 1825 hoc
1563 1769 1815 1826 iecerint.

1921 596 1976 639 ut
2012 587 2061 641 ei
2097 589 2187 656 qui
2216 597 2298 642 est
2332 590 2577 643 omnium
2617 591 2757 645 Deus
2782 602 2835 645 et
2860 594 3127 659 conditor,
3156 603 3321 663 atque
3351 608 3481 662 pro-

1919 677 2087 741 visor,
2122 674 2378 733 credatur
2404 690 2463 733 ut
2510 690 2745 751 oportet,
2774 690 2828 735 et
2857 681 3198 747 conﬁteatur,
3228 693 3281 736 et
3314 683 3481 751 proﬁ-

1923 777 2120 823 teatur.
2166 767 2307 823 Nihil
2342 784 2470 839 ergo
2501 772 2726 841 suscipit
2765 773 2910 826 Deus
2937 772 3140 842 absque
3186 774 3305 829 ﬁdei
3339 776 3483 830 veri-

1923 869 2051 914 tate.
2084 859 2200 915 Non
2218 862 2359 915 enim
2388 862 2587 933 indiget
2607 865 2691 919 his
2712 881 2831 934 qua:
2859 876 3040 921 nostra
3067 877 3211 933 sunt,
3232 868 3330 922 nisi
3354 868 3484 922 solis

1920 954 2203 1010 animabus
2221 957 2418 1010 nostris
2444 956 2495 1009 in
2522 957 2751 1012 veritate
2774 957 2898 1013 ﬁdei
2925 958 3356 1027 persistentibus,
3380 960 3481 1014 nisi

1921 1040 2031 1093 sola
2072 1042 2406 1095 conscientia
2442 1053 2622 1097 nostra
2661 1045 2711 1097 in
2758 1047 2987 1100 veritate
3016 1047 3134 1100 ﬁdei
3168 1048 3268 1102 sibi
3311 1050 3484 1103 confi-

1920 1139 2081 1185 lente.
2112 1130 2237 1186 Haec
2266 1148 2500 1202 namque
2526 1135 2702 1189 sciens
2731 1136 2918 1190 beatus
2940 1135 3042 1192 Job
3062 1138 3332 1207 justitiam
3356 1142 3486 1192 aedi—

1920 1220 2122 1286 ﬁcavit,
2177 1224 2457 1280 veritatem
2496 1224 2761 1281 fundavit.
2813 1227 2918 1282 Sed
2954 1229 3068 1285 haec
3112 1231 3363 1284 universa
3396 1232 3487 1286 Dei

1919 1313 2149 1379 cultura,
2178 1316 2280 1370 hoc
2302 1325 2405 1380 est,
2438 1316 2541 1371 ﬁde
2564 1319 2909 1373 concinnavit
2931 1329 3094 1390 atque
3120 1324 3272 1387 texit,
3298 1323 3491 1378 obdul-

1919 1408 2059 1461 cavit
2089 1416 2249 1476 atque
2290 1409 2534 1477 perfecit.
2568 1409 2661 1463 Sic
2710 1420 2925 1478 oportet
2961 1413 3124 1466 etiam
3156 1427 3274 1479 nos,
3308 1429 3343 1469 0
3389 1415 3487 1470 viri

1920 1497 2097 1564 periti.
2125 1498 2178 1551 in
2215 1498 2319 1552 ﬁde
2345 1498 2649 1565 ambulare,
2678 1499 2731 1552 in
2762 1500 2867 1555 ﬁde
2900 1510 3066 1566 stare,
3090 1503 3143 1557 in
3175 1503 3280 1558 ﬁde
3306 1518 3492 1573 perse-

1920 1602 2133 1653 verare,
2179 1590 2483 1646 inﬁdcltitati
2516 1602 2675 1661 atque
2722 1593 3024 1649 inﬁdelibus
3053 1609 3160 1649 non
3197 1599 3490 1665 appropin-

1921 1692 2110 1747 quare,
2160 1695 2332 1748 neque
2390 1684 2830 1751 communicare,
2873 1699 3047 1753 neque
3099 1686 3489 1740 conventiculis

1920 1783 2129 1826 eorum.
2160 1785 2335 1839 neque
2386 1772 2642 1838 collectis,
2673 1784 2730 1827 ut
2767 1785 2958 1828 cuncta
3009 1791 3129 1843 qute
3170 1774 3402 1829 facimus
3433 1775 3485 1828 in

238 1852 287 1907 Δ
318 1870 432 1922 quo
463 1857 605 1910 enim
650 1856 884 1926 accipiet
917 1858 1267 1912 mercedem?
1301 1860 1386 1913 Ab
1417 1877 1481 1915 eo
1506 1875 1673 1929 quem
1709 1877 1815 1916 non
1843 1839 1888 1914 ,Β
1919 1858 2025 1913 ﬁde
2058 1859 2165 1914 Dco
2194 1862 2544 1931 acceptabilia
2590 1866 2697 1918 sint
2729 1882 2742 1917 :
2778 1865 2913 1920 sicut
2952 1876 3007 1920 et
3026 1839 3131 1919 illa
3164 1880 3285 1934 qum
3328 1866 3489 1936 paulo

239 1948 552 2014 requisivit,
611 1963 773 2016 quem
830 1963 935 2002 non
991 1951 1237 2019 agnovit,
1286 1951 1372 2005 cui
1409 1966 1515 2005 non
1564 1953 1816 2021 credidit,

236 2054 408 2104 quem
441 2054 546 2093 non
572 2050 655 2093 est
675 2037 980 2103 confessus,
1006 2054 1182 2108 neque
1199 2039 1473 2108 professus
1494 2042 1634 2097 sicut
1660 2057 1819 2111 opor-

237 2128 375 2191 tuit,
403 2141 507 2181 non
541 2128 770 2196 accipiet
798 2129 866 2183 ab
898 2143 961 2183 eo
996 2131 1512 2194 remunerationem,
1541 2132 1642 2185 nisi
1672 2132 1818 2198 judi-

231 2221 395 2274 cium
429 2230 485 2274 et
515 2220 649 2275 iram
682 2224 748 2275 ad
794 2221 1324 2276 condemnationem.
1357 2220 1511 2277 Sicut
1537 2224 1679 2277 enim
1725 2224 1819 2293 qui

231 2310 486 2365 aediﬁcat
510 2312 629 2365 sine
656 2311 1032 2379 fundamento,
1080 2313 1215 2367 nihil
1259 2314 1472 2382 proﬁcit
1513 2315 1615 2369 nisi
1649 2316 1818 2370 detri-

233 2417 491 2462 mentum
519 2416 576 2463 et
611 2408 874 2475 laborem,
906 2419 960 2462 et
987 2408 1232 2464 dolorem
1262 2429 1276 2466 :
1304 2410 1384 2464 sic
1426 2410 1681 2464 similiter
1726 2412 1816 2479 qui

236 2500 376 2555 boni
404 2499 610 2567 aliquid
640 2499 849 2555 videtur
868 2501 1069 2567 facere,
1103 2503 1147 2556 si
1175 2502 1291 2557 sine
1316 2502 1422 2557 ﬁde
1442 2503 1655 2567 fecerit,
1683 2502 1817 2559 nihil

236 2592 481 2661 proﬁcit.
511 2593 667 2648 Sicut
700 2594 844 2647 enim
874 2593 1117 2648 credenti
1148 2594 1329 2648 omnia
1364 2602 1490 2649 sunt
1517 2594 1814 2664 possibilia,

239 2693 308 2737 ut
353 2683 591 2739 salvetur
640 2693 805 2754 atque
860 2684 1202 2754 refrigerium
1237 2686 1476 2740 inveniat
1517 2687 1655 2756 apud
1691 2701 1815 2740 eum

243 2778 342 2832 cui
396 2777 663 2833 credidit:
691 2778 770 2832 sic
811 2792 918 2832 non
968 2778 1213 2833 credenti
1243 2779 1377 2833 nihil
1421 2786 1504 2833 est
1538 2779 1814 2849 possibile;

245 2884 424 2938 neque
452 2881 513 2925 ut
542 2870 723 2926 salvus
746 2868 859 2937 ﬁat,
885 2884 1061 2939 neque
1090 2881 1149 2924 ut
1182 2870 1531 2941 refrigerium
1554 2872 1815 2939 inveniat,

246 2981 424 3035 neque
452 2977 508 3021 ut
539 2966 593 3020 in
624 2966 789 3020 vitam
825 2971 1079 3018 introeat.
1113 2961 1228 3018 Non
1260 2972 1345 3018 est
1376 2964 1520 3019 enim
1540 3016 1541 3019 η
1562 2967 1819 3020 mentitus

244 3058 459 3125 quiait:
480 3054 711 3122 Quaerite
736 3054 1041 3120 Dominum,
1067 3054 1349 3110 etinveniet
1366 3055 1545 3109 anima
1558 3057 1816 3113 vestra“.

246 3152 405 3216 Quod
441 3152 486 3205 si
516 3166 620 3206 non
653 3151 972 3221 quaesieritis
1016 3150 1069 3203 in
1096 3149 1220 3215 ﬁde,
1255 3166 1363 3205 non
1393 3152 1616 3219 potestis
1652 3153 1703 3205 in
1732 3153 1816 3205 vi-

246 3259 358 3299 tam
388 3245 637 3308 introire,
665 3245 716 3299 id
755 3253 855 3311 est,
889 3245 1086 3298 anima:
1124 3259 1229 3299 non
1283 3245 1639 3299 credentium.
1668 3244 1821 3300 Sicut

242 3339 393 3392 enim
426 3337 511 3392 sol
555 3338 656 3391 nisi
685 3336 979 3391 vihraverit
1007 3350 1168 3408 super
1199 3336 1393 3391 faciem
1433 3345 1615 3402 terrm,
1639 3336 1822 3392 nullus

241 3447 311 3485 ex
360 3430 634 3486 fructibus
677 3429 793 3498 ejus
832 3430 1054 3495 crescit,
1100 3444 1278 3499 neque
1314 3429 1599 3493 adolescit,
1646 3445 1822 3499 neque

244 3523 596 3588 maturescit,
630 3522 709 3577 sic
755 3522 1008 3578 similiter
1038 3520 1141 3576 nisi
1172 3536 1270 3591 per
1296 3522 1452 3575 ﬁdem
1494 3523 1697 3575 veritas
1732 3535 1821 3576 re-

245 3615 465 3669 I’ulserit
496 3615 555 3669 in
589 3613 877 3668 animabus
905 3614 1206 3677 hominum,
1238 3626 1515 3681 nunquam
1541 3622 1697 3666 erunt
1726 3628 1822 3668 ac-

244 3705 550 3777 ceptabiles
576 3720 758 3760 coram
790 3705 921 3759 Deo.
947 3703 1101 3770 Quod
1127 3711 1306 3757 autem
1331 3704 1376 3757 si
1403 3703 1487 3758 sol
1515 3717 1619 3757 non
1645 3704 1822 3758 radia-

244 3801 388 3854 verit
419 3814 586 3869 super
613 3800 823 3854 fructus
851 3805 1036 3862 terrm,
1058 3812 1163 3852 non
1200 3798 1467 3863 oriuntur,
1504 3811 1679 3867 neque
1709 3813 1822 3853 ma-

243 3892 532 3947 turescere
562 3891 1003 3960 comprobantur,
1036 3887 1384 3942 manifestum
1415 3898 1497 3941 est
1522 3890 1662 3957 apud
1687 3887 1817 3942 Noe.

238 3984 382 4038 Nam
414 4000 513 4054 per
536 3998 736 4037 annum
769 3982 918 4035 illum
948 3996 1056 4050 quo
1092 3979 1202 4035 Noe
1235 3978 1334 4034 fuit
1358 3981 1409 4034 in
1434 3981 1689 4057 arca,sol
1714 3996 1819 4035 non

239 4077 452 4132 cﬁ'ulsit
486 4091 650 4145 super
687 4086 907 4139 terram,
941 4074 1134 4144 partim
1171 4086 1302 4127 sane
1344 4074 1410 4128 ab
1445 4074 1588 4129 aeris
1632 4075 1821 4129 turba-

241 4172 399 4225 tione
446 4170 734 4229 coercitus,
788 4167 984 4236 partim
1039 4174 1223 4219 autem
1279 4165 1407 4234 quia
1456 4167 1525 4222 ab
1557 4181 1820 4235 aquarum

245 4261 601 4317 multitudine
621 4268 739 4315 erat
765 4270 907 4313 terra
933 4268 1209 4327 cooperta.
1233 4258 1444 4313 Idcirco
1470 4259 1679 4313 fructus
1713 4268 1822 4314 ter-

244 4371 323 4408 ra:
349 4369 496 4408 anno
519 4352 610 4409 illo
632 4366 805 4421 neque
820 4352 1286 4421 germinaverunt,
1314 4365 1489 4421 neque
1510 4361 1817 4415 creverunt,

246 4464 430 4519 neque
456 4456 828 4501 maturescere
848 4444 1182 4514 comprobati
1210 4454 1356 4506 sunt,
1378 4446 1519 4499 sicut
1542 4446 1595 4498 in
1625 4444 1821 4500 Genesi

1846 3198 1887 3257 C

1919 1949 2166 2020 postJob
2211 1951 2405 2007 fecisse
2453 1955 2737 2019 asseritur,
2769 1956 3123 2023 acceptabilia
3166 1955 3303 2010 facta
3338 1969 3485 2019 sunt,

1918 2044 2043 2110 quia
2076 2043 2339 2098 abstinuit
2362 2059 2420 2099 se
2450 2047 2518 2099 ab
2548 2046 2701 2099 omni
2728 2061 2784 2100 re
2821 2047 2982 2113 mala,
3010 2057 3068 2100 ut
3090 2047 3197 2102 Deo
3236 2056 3485 2116 accepta-

1917 2136 2041 2188 bilis
2074 2135 2227 2188 ﬁeret
2260 2136 2506 2206 religiosa
2538 2135 2655 2205 ejus
2683 2137 2914 2204 cultura,
2947 2149 3004 2192 ut
3027 2139 3157 2192 nihil
3179 2147 3319 2193 esset
3343 2139 3491 2207 quod

1917 2227 1966 2282 ei
1999 2237 2401 2297 perstreperet,
2437 2230 2520 2284 vel
2558 2232 2880 2299 praepediret
2924 2231 3069 2285 circa
3114 2230 3206 2284 Dei
3261 2231 3490 2298 c0njun‘

1918 2322 2158 2375 ctionem
2189 2333 2348 2389 atque
2377 2321 2824 2386 familiaritatem,
2851 2332 3035 2391 utpote
3065 2323 3113 2376 ei
3145 2322 3497 2390 quieratsine

1917 2413 2156 2477 querela,
2192 2413 2367 2483 justus
2419 2428 2636 2483 quoque
2671 2429 2733 2468 ac
2782 2429 2939 2468 verax
2975 2414 3065 2467 Dei
3112 2415 3290 2468 cultor
3328 2422 3492 2482 atque

1918 2504 2192 2558 abstinens
2218 2518 2279 2558 se
2316 2503 2383 2557 ab
2410 2506 2555 2558 omni
2602 2519 2661 2559 re
2693 2505 2853 2559 mala.
2902 2506 3100 2573 Dignos
3124 2505 3288 2559 etiam
3320 2503 3494 2558 faciat

1919 2612 2015 2650 nos
2064 2595 2225 2661 Deus,
2270 2605 2328 2650 ut
2374 2598 2548 2665 ipsum
2582 2597 2859 2651 imitantes
2885 2598 2937 2650 in
2992 2597 3105 2665 ejus
3142 2596 3492 2651 beatitudinis

1920 2688 2162 2758 vestigiis
2184 2688 2450 2756 requiem,
2469 2702 2534 2742 ac
2559 2686 2897 2758 refrigerium
2924 2688 3257 2751 accipiamus
3278 2687 3332 2741 in
3356 2695 3490 2742 tem-

1919 2795 2052 2849 pore
2082 2780 2520 2835 resurrectionis.

1992 2874 2188 2928 llahuit
2219 2885 2400 2929 autem
2442 2874 2580 2927 ﬁlios
2607 2882 2813 2941 septem
2846 2881 2900 2925 et
2931 2871 3070 2925 ﬁlias
3101 2880 3230 2935 tres,
3253 2870 3346 2925 sed
3380 2885 3484 2924 nou

1920 2985 1982 3023 ex
2033 2969 2322 3035 adulterio,
2355 2983 2530 3037 neque
2588 2982 2652 3021 ex
2708 2966 3060 3034 impudicitia,
3089 2966 3182 3019 sed
3231 2979 3298 3017 ex
3341 2964 3488 3019 licito

1921 3074 2081 3131 atque
2125 3062 2468 3117 immaculato
2541 3061 2883 3116 matrimonio
2980 3059 3195 3114 Sciebat
3254 3074 3489 3127 namque

1922 3157 2108 3210 beatus
2141 3154 2241 3210 Job
2271 3156 2399 3224 quia
2424 3169 2489 3209 ex
2526 3154 2718 3207 illicito
2764 3163 2887 3206 toro
2930 3153 3025 3205 ﬁlii
3057 3155 3146 3222 qui
3192 3163 3490 3207 nascuntur.

1923 3258 2087 3302 testes
2114 3257 2273 3301 erunt
2301 3247 2606 3314 iniquitatis
2636 3246 2893 3300 adversus
2923 3254 3177 3313 Parentes
3206 3260 3333 3299 suos
3363 3260 3488 3298 cum

1922 3337 2340 3406 interrogantur.
2368 3333 2575 3389 Idcirco
2602 3336 2872 3388 veraciter
2899 3334 3033 3387 dicit
3058 3350 3072 3387 :
3103 3332 3171 3386 Et
3197 3335 3242 3388 si
3279 3343 3493 3388 secutus

1920 3437 1995 3481 est
2024 3429 2206 3482 oculus
2237 3444 2382 3482 meus
2404 3442 2624 3481 uxorem
2674 3427 2772 3479 viri
2813 3426 3059 3489 alterius,
3100 3435 3262 3493 atque
3305 3426 3389 3479 his
3416 3426 3491 3479 si-

1923 3521 2088 3575 milia.
2113 3520 2246 3574 Cum
2265 3535 2394 3590 ergo
2417 3518 2597 3573 omnia
2617 3519 2851 3572 obscena
2874 3528 2928 3571 et
2949 3516 3305 3571 exsecrabilia
3330 3524 3492 3583 atque

1922 3614 2108 3667 illicita
2140 3613 2456 3678 declinaret,
2489 3616 2696 3679 septem
2721 3611 2912 3664 habuit
2932 3611 3091 3674 ﬁlios,
3119 3617 3174 3663 et
3198 3609 3337 3662 ﬁlias
3358 3617 3493 3672 tres,

1921 3714 2109 3761 sancte
2158 3716 2211 3760 et
2241 3706 2434 3776 pudice
2471 3703 2767 3759 secundum
2798 3701 3032 3757 oﬁicium
3080 3709 3309 3765 naturae,
3341 3708 3494 3755 caste

1922 3816 1988 3854 ac
2018 3799 2287 3854 veraciter
2314 3800 2468 3868 juxta
2486 3796 2763 3853 Creatoris
2787 3794 3222 3865 promissionem.
3251 3793 3493 3848 Fuerunt

1921 3902 2100 3947 autem
2134 3891 2207 3945 illi
2232 3891 2327 3945 ﬁlii
2367 3899 2669 3960 septem,et
2699 3888 2823 3943 ﬁliae
2853 3897 2965 3943 tres
2993 3886 3209 3941 fuerunt
3231 3884 3328 3939 ili.
3357 3882 3495 3938 Cui?-

1920 3982 2021 4037 ἔοι)
2038 3981 2206 4052 justo,
2232 3983 2349 4037 sine
2371 3983 2613 4054 querela,
2653 3996 2781 4036 vero
2808 3980 2905 4035 Dei
2940 3978 3160 4034 cultori.
3191 3976 3331 4033 Huic
3360 3990 3493 4045 ergo

1923 4076 2140 4130 fuerunt
2165 4074 2260 4129 ﬁlii
2296 4085 2500 4144 septem
2530 4086 2583 4131 et
2603 4074 2725 4129 ﬁliae
2756 4083 2884 4129 tres.
2911 4074 3019 4128 Deo
3047 4070 3331 4140 largiente,
3362 4083 3493 4138 pro-

1921 4168 2141 4221 vidente
2166 4164 2449 4229 Creatore,
2485 4166 2701 4221 volente
2732 4165 2975 4222 omnium
3007 4163 3226 4235 Opiﬁce,
3271 4162 3492 4216 fuerunt

1923 4258 1998 4310 illi
2022 4258 2113 4311 ﬁlii
2135 4268 2340 4326 septem
2363 4267 2418 4312 et
2455 4257 2577 4312 ﬁliae
2604 4267 2735 4314 tres.
2753 4257 2970 4325 Septem
2997 4255 3091 4309 ﬁlii
3109 4255 3260 4324 juxta
3290 4251 3492 4306 hebdo-

1923 4348 2134 4401 madam
2151 4349 2358 4403 dierum
2383 4349 2589 4413 saeculi,
2610 4356 2703 4401 aut
2720 4345 2872 4416 juxta
2893 4343 3285 4399 hebdomadam
3304 4356 3494 4395 eorum

1922 4440 2012 4509 qui
2036 4440 2105 4495 ab
2130 4440 2454 4510 apostolisin
2474 4454 2623 4494 novat
2642 4440 2830 4508 gratiae
2854 4437 3048 4492 sarcqu
3077 4444 3204 4490 sunt
3230 4433 3489 4497 ordinati,

249 4542 564 4595 scribentes
604 4542 957 4593 asseruimus.
983 4537 1109 4593 Ηωο
1139 4551 1372 4605 namque
1401 4537 1648 4592 universa
1676 4537 1821 4591 dixi-
1852 4541 1898 4595 Ι)
1926 4540 2019 4586 aut
2039 4530 2191 4599 juxta
2225 4541 2430 4600 septem
2472 4531 2655 4586 stellas
2692 4545 2810 4599 qua
2847 4528 3085 4597 quotidie
3113 4531 3492 4596 pertranseunt

251 4649 395 4697 mus,
424 4632 552 4702 quia
602 4633 792 4686 beatus
839 4630 940 4686 Job
976 4645 1097 4685 cum
1138 4630 1405 4701 justitiam
1439 4640 1495 4685 et
1535 4630 1819 4686 veritatem

252 4724 505 4791 haberet,
537 4724 703 4778 etiam
736 4724 826 4778 Dei
858 4723 1144 4790 culturam,
1173 4724 1273 4777 hoc
1294 4731 1378 4776 est
1408 4721 1564 4777 ﬁdem
1597 4721 1707 4776 Deo
1728 4720 1823 4775 de-

252 4813 580 4878 lectabilem,
623 4813 912 4882 pretiosam
952 4827 1169 4882 quoque
1217 4812 1265 4866 ei
1324 4821 1487 4880 atque
1516 4809 1824 4878 acceptabi-

257 4906 357 4960 lem
399 4905 661 4960 habebat.
698 4904 851 4959 Sicut
893 4904 1037 4958 enim
1081 4904 1218 4957 nihil
1251 4912 1334 4957 est
1368 4888 1687 4957 delectabile
1721 4902 1822 4955 ho~

258 4997 495 5051 minibus
514 4997 631 5051 sine
656 4997 791 5058 luce,
818 4997 896 5049 sic
929 4995 1182 5049 similiter
1209 4996 1343 5048 nihil
1369 5002 1451 5049 est
1477 4992 1818 5059 delectabile,

258 5106 435 5159 neque
478 5097 757 5158 acceptum
800 5088 928 5154 Deo,
955 5089 1157 5157 absque
1187 5088 1308 5141 ﬁdei
1338 5086 1559 5141 lumine.
1605 5086 1686 5141 Ob
1718 5087 1822 5141 hoc

258 5193 386 5247 ergo
430 5179 557 5233 dicit
595 5178 663 5233 de
712 5174 834 5241 Job,
886 5177 979 5231 Dei
1031 5178 1226 5242 cultor,
1254 5178 1399 5246 juste
1451 5191 1516 5230 ac
1556 5177 1822 5230 veraciter

260 5271 443 5325 colens
466 5270 651 5325 Deum.
686 5270 801 5326 Non
834 5280 1053 5341 propter
1094 5270 1314 5325 divitias
1350 5278 1512 5339 atque
1542 5271 1819 5338 pecunias,
1852 5300 1853 5305 η

264 5364 399 5416 sicut
427 5362 675 5417 diabolus
704 5365 1036 5417 mendaciter
1063 5363 1257 5417 detulit
1281 5362 1429 5416 illum
1457 5363 1596 5431 apud
1627 5360 1817 5428 Deum,

265 5455 354 5507 sed
383 5462 606 5523 propter
624 5453 890 5521 justitiam
917 5468 981 5507 ac
1009 5454 1290 5508 veritatem
1316 5454 1479 5507 coluit
1511 5454 1700 5507 Deum.
1729 5452 1821 5507 Ni-

265 5544 334 5597 hil
366 5546 467 5599 hoc
495 5545 694 5615 justius
732 5559 796 5599 ac
846 5545 1118 5610 veracius,
1149 5558 1309 5613 quam
1345 5554 1406 5599 ut
1436 5544 1661 5599 Creator
1700 5546 1820 5600 uni-

265 5650 536 5692 versorum
584 5652 647 5693 ac
675 5637 988 5693 benefactor
1026 5638 1268 5692 omnium
1300 5637 1567 5693 veraciter
1612 5637 1820 5694 colatur

757 5798 786 5813 '-

338 5797 379 5827 “
404 5798 556 5855 lion].
586 5815 694 5863 xiv,
718 5798 809 5854 ‘25.
892 5798 931 5828 ’⁷
964 5796 1106 5856 I’sal.
1142 5813 1333 5861 vaut,
1367 5798 1453 5852 55.

1920 4623 2095 4692 spatia
2110 4622 2256 4679 coeli.
2272 4622 2502 4677 Fuerunt
2522 4622 2570 4675 ei
2586 4630 2787 4691 septem
2801 4622 2895 4674 lilii
2923 4630 2978 4675 et
3006 4621 3125 4674 ﬁliae
3154 4629 3283 4683 tres,
3302 4631 3492 4673 omnes

1923 4714 2083 4770 simul
2104 4714 2312 4779 decem,
2334 4713 2624 4769 serundum
2653 4716 2834 4768 decem
2855 4712 3019 4766 verba
3043 4712 3199 4781 legis,
3220 4725 3340 4779 quae
3369 4715 3492 4779 post

1925 4805 2027 4859 hoc
2044 4803 2166 4859 ﬁliis
2182 4804 2346 4859 Israel
2365 4810 2490 4858 sunt
2504 4802 2717 4856 tradita.
2735 4802 2875 4872 Ergo
2892 4802 3016 4870 quia
3027 4816 3089 4856 ea
3103 4816 3223 4871 quae
3236 4800 3287 4854 in
3307 4800 3491 4854 decem

1927 4895 2105 4949 verbis
2142 4894 2270 4966 legis
2290 4904 2416 4949 sunt
2436 4903 2719 4964 praecepta,
2750 4893 2927 4948 omnia
2948 4892 3257 4960 adimplevit
3278 4889 3400 4954 .lob,
3435 4897 3491 4944 et

1927 4996 2050 5040 ante
2073 4987 2268 5056 legem,
2290 4996 2344 5041 et
2367 4995 2521 5040 extra
2540 4986 2730 5054 legem,
2756 4985 2954 5040 idcirco
2980 4995 3033 5038 et
3062 4983 3161 5052 ipsi
3191 4983 3407 5051 quidem
3435 4981 3489 5035 in

1928 5077 2156 5131 formam
2175 5087 2337 5148 atque
2355 5078 2693 5143 memoriam,
2724 5078 2829 5131 illis
2860 5089 2988 5130 vero
3012 5075 3103 5143 qui
3133 5083 3252 5142 post
3269 5075 3369 5128 hoc
3388 5073 3487 5128 sub

1929 5171 2044 5242 lege
2081 5171 2251 5240 legem
2281 5187 2385 5227 non
2416 5172 2859 5241 adimpleverunt,
2878 5169 2944 5223 ad
2970 5168 3383 5235 correptionem,
3419 5165 3491 5221 ad
3561 5185 3569 5195 ·

1929 5267 2445 5332 condemnationem,
2464 5266 2649 5321 decem
2667 5265 2817 5321 liberi
2835 5266 2945 5320 dati
2966 5272 3090 5320 sunt
3103 5262 3174 5328 ei,
3195 5270 3379 5329 utpote
3393 5260 3491 5328 qui

1927 5361 2150 5430 singulis
2202 5375 2387 5415 eorum
2441 5359 2774 5431 singulorum
2829 5372 3034 5412 memor
3099 5362 3487 5425 prmceptorum

1927 5453 2107 5509 omnia
2124 5454 2514 5524 adimpleverit.
2545 5453 2651 5509 Sed
2671 5452 2801 5507 dicit
2814 5450 3008 5520 aliquis
3030 5467 3043 5504 :
3064 5449 3232 5504 Porro
3254 5462 3352 5502 cur
3378 5460 3487 5499 non

1927 5545 2075 5599 dedit
2089 5546 2137 5600 ei
2171 5546 2432 5601 masculos
2454 5554 2678 5610 tantum,
2702 5544 2795 5599 sed
2818 5542 3010 5612 partim
3032 5540 3244 5612 quidem
3271 5552 3484 5591 mascu-

1926 5638 2025 5705 los,
2047 5638 2243 5709 partim
2266 5646 2442 5695 autem
2465 5638 2725 5695 feminas?
2743 5637 2905 5693 Audi.
2937 5633 3018 5691 Ob
3042 5634 3143 5691 hoc
3172 5631 3319 5687 dedit
3361 5643 3491 5699 [ηας
