3992 6312
592 364 699 422 385

1678 362 2059 419 ANONYMUS
2096 361 2161 417 IN
2198 359 2334 417 JOB.
2377 390 2442 400 ——
2483 357 2610 419 LIB.
2653 361 2691 415 1.

3698 367 3790 422 584

592 484 797 538 miscue
849 490 903 538 et
953 482 1093 538 ﬁlios
1124 491 1179 539 et
1220 482 1358 537 ﬁlias
1398 483 1523 552 quia
1563 497 1591 535 a
1650 483 1846 537 sarculo
1881 484 1954 537 ita
2010 483 2158 537 dedit
2186 485 2228 541 Α
2263 481 2497 538 Fuerunt
2530 523 2546 549 ,
2602 479 2811 548 inquit,
2867 477 2946 531 illi
3002 478 3099 546 ﬁlii
3155 488 3349 545 septem
3378 477 3446 532 “.
3479 478 3679 534 Certum
3726 494 3796 539 est

592 574 863 627 omnibus.
896 571 1107 639 Genuil,
1144 572 1338 641 inquit,
1368 572 1508 641 ﬁlios
1545 582 1590 626 et
1621 572 1764 640 ﬁlias
1790 571 1855 625 ’⁸.
1887 573 1950 626 ΕΙ.
1982 572 2159 625 adhuc

593 664 664 717 oh
688 664 791 722 hoc
823 664 1127 732 promiscue
1170 672 1225 717 et
1273 663 1415 718 ﬁlios
1446 671 1502 717 et
1540 662 1680 718 ﬁlias
1731 662 1898 727 dedit,
1928 662 2050 731 quia
2083 661 2159 715 ita

593 756 909 810 desiderant
945 755 1185 809 omnium
1236 765 1467 818 mentes,
1489 756 1617 823 quia
1664 756 1766 809 hoc
1803 755 2032 823 requirit
2062 755 2157 809 bo-

596 846 762 899 minis
795 845 1145 912 desiderium,
1181 855 1237 899 ut
1275 847 1584 915 promiscue
1629 857 1883 917 utrosque
1931 856 1985 903 et
2017 847 2159 903 ﬁlios

592 946 643 991 et
676 937 810 990 ﬁlias
842 936 1098 991 habeant.
1128 938 1205 991 Ad
1252 937 1694 994 satisfaciendum
1743 955 1874 1011 ergo
1908 942 2161 997 humanis

592 1029 865 1092 sensibus,
898 1030 1206 1097 promiscue
1235 1030 1385 1084 dedit
1419 1030 1525 1085 illis
1546 1042 1601 1086 et
1631 1034 1721 1087 dat
1751 1034 1891 1089 ﬁlios
1918 1042 1973 1089 et
1999 1034 2156 1088 ﬁlias.

592 1117 659 1171 Et
694 1118 871 1172 adhuc
892 1120 962 1174 ob
991 1123 1094 1175 hoc
1120 1120 1213 1174 dat
1239 1122 1571 1190 promiscue,
1590 1134 1649 1178 ut
1674 1126 1966 1181 concordia
1998 1136 2160 1195 atque

590 1208 899 1276 coniunctio
929 1211 1213 1266 hominum
1235 1212 1627 1284 multiplicetur
1640 1231 1737 1286 per
1762 1218 2159 1274 connubiorum

592 1301 983 1370 cepulationes.
1016 1302 1116 1358 Ubi
1145 1305 1288 1359 enim
1324 1306 1575 1362 dederint
1617 1307 1754 1363 ﬁlias
1785 1323 1912 1365 suas
1946 1310 1998 1365 in
2029 1326 2162 1367 con-

587 1392 820 1464 juginm,
866 1405 920 1449 et
947 1397 1255 1465 acceperint
1287 1397 1415 1454 ﬁliis
1446 1400 1560 1455 suis
1588 1414 1806 1468 uxores,
1848 1402 1957 1458 illic
1994 1419 2160 1475 copu-

592 1483 723 1541 latio
755 1486 813 1541 ﬁt
846 1487 1121 1545 connubii.
1153 1490 1352 1544 crescit
1378 1491 1710 1561 eonjunctio,
1734 1495 1847 1549 sive
1867 1496 2005 1564 apud
2030 1512 2160 1566 pau-

591 1590 774 1645 peres,
809 1578 928 1631 sive
970 1580 1111 1648 apud
1160 1580 1377 1635 divites.
1407 1582 1559 1649 Quod
1602 1585 1649 1638 si
1694 1599 1830 1641 sane
1872 1586 2035 1641 alicui
2064 1589 2159 1643 ﬁlii

592 1676 800 1722 tantum
830 1681 1207 1737 nascerentur,
1239 1672 1329 1726 alii
1361 1683 1540 1728 autem
1568 1676 1709 1737 tiliae,
1747 1692 1869 1732 cum
1911 1693 2004 1734 eas
2030 1682 2161 1736 viris

588 1771 777 1813 omnes
814 1760 1076 1827 traderet,
1116 1762 1331 1817 domum
1358 1779 1583 1820 vacuam
1633 1768 1959 1839 relinqueret
1997 1782 2160 1842 atque

2261 577 2400 645 quod
2441 575 2687 644 religioso
2716 570 2971 640 religiosi,
2997 578 3052 625 et
3085 586 3145 624 sa
3162 579 3287 625 nclo
3327 572 3533 636 sancti,
3568 583 3617 624 et
3671 574 3792 630 bono

2259 678 2384 723 sunt
2403 666 2551 731 boni,
2580 667 2718 721 sicut
2745 673 2799 720 et
2836 664 2886 718 in
2912 663 3075 733 priori
3101 663 3515 719 demonstravit.
3542 662 3663 719 Nam
3684 682 3790 722 cum

2260 769 2447 815 saneta
2487 768 2634 814 esset
2662 757 2811 811 radix
2833 796 2849 820 ,
2876 756 3044 810 sancti
3071 764 3369 810 creverunt
3394 763 3449 807 et
3468 755 3618 814 rami.
3645 766 3785 823 atque

2259 852 2414 907 bona:
2436 859 2640 906 exortae
2669 855 2796 904 sunt
2821 847 3166 917 propagines.
3194 848 3333 902 Cum
3366 848 3667 901 memoratis
3692 850 3792 903 istis

2259 954 2464 1016 septem
2493 942 2618 997 ﬁliis
2636 941 2737 997 Job
2785 939 3007 993 fuerunt
3026 946 3079 993 et
3103 947 3212 993 tres
3235 938 3379 994 ﬁlia‘.
3404 936 3568 992 Erant
3590 955 3798 1010 namque

2259 1047 2313 1091 et
2345 1038 2473 1105 ipsa:
2514 1034 2636 1088 lilia:
2665 1033 2793 1103 ipsis
2837 1031 2963 1086 ﬁliis
3003 1029 3281 1093 similiter,
3324 1038 3511 1098 utpote
3550 1029 3666 1085 ﬁliae
3688 1030 3797 1097 Job,

2261 1138 2423 1198 atque
2446 1127 2563 1197 ejus
2602 1125 2833 1179 ﬁliorum
2857 1137 3081 1178 suorum
3111 1136 3243 1176 vero
3274 1135 3647 1191 germanorum
3672 1135 3803 1181 certe

2259 1232 2474 1275 sorores
2506 1218 2559 1271 in
2587 1216 2732 1270 omni
2763 1214 2903 1269 bona
2937 1214 3312 1283 religiositate.
3362 1211 3475 1267 Nisi
3509 1214 3645 1267 enim
3689 1216 3799 1284 ipsa:

2259 1326 2444 1368 eorum
2472 1322 2693 1364 sorores
2718 1306 2852 1360 tales
2882 1306 3243 1366 exstitissent,
3279 1319 3385 1359 non
3415 1306 3597 1374 utique
3620 1308 3799 1373 pariter

2259 1417 2380 1459 cum
2406 1402 2684 1469 germanis
2710 1399 2823 1453 suis
2852 1412 3066 1466 semper
3096 1395 3368 1460 fuissent,
3400 1397 3544 1451 sicut
3571 1398 3622 1450 in
3652 1399 3798 1466 priori

2260 1495 2375 1549 haec
2406 1492 2688 1561 Scriptura
2720 1488 3135 1545 demonstravit.
3169 1487 3277 1543 Sed
3298 1488 3477 1542 adhuc
3506 1488 3706 1542 fuerunt
3734 1489 3802 1544 illi

2259 1593 2466 1651 septem
2501 1582 2594 1635 ﬁlii
2638 1589 2690 1635 et
2725 1590 2837 1634 tres
2870 1579 3032 1643 tiliae,
3093 1592 3327 1632 numero
3377 1580 3592 1644 decem,
3640 1579 3803 1634 animo

2260 1688 2389 1729 vero
2418 1689 2555 1727 unus
2582 1679 2757 1729 erant.
2793 1669 3031 1725 Numero
3065 1669 3287 1738 plurimi
3330 1678 3521 1735 erant;
3562 1684 3803 1725 consensu

2261 1776 2442 1819 autem
2498 1773 2660 1833 atque
2707 1762 3001 1817 concordia
3034 1761 3190 1832 quasi
3240 1776 3428 1827 unus;
3478 1760 3801 1816 unanimitate

589 1848 961 1905 btercditatem
998 1866 1147 1905 suam
1176 1853 1492 1908 desolatam.
1518 1854 1669 1911 Nunc
1695 1831 1825 1913 ver-0
1862 1858 1998 1914 ﬁlias
2025 1831 2154 1915 suas
2188 1831 2232 1887 Β
2261 1868 2425 1928 atque
2457 1831 2748 1912 dilectione
2770 1855 2923 1923 quasi
2956 1831 3117 1910 idem.
3169 1852 3295 1907 Non
3331 1852 3616 1921 separabat
3643 1863 3801 1907 autem

585 1958 719 1999 sane
752 1942 846 1998 dat
873 1945 1039 2009 foras,
1075 1945 1201 2000 ﬁliis
1234 1957 1413 2002 autem
1448 1951 1593 2003 intus
1627 1951 1825 2020 accipit
1854 1967 2155 2018 uxores,ae

588 2055 685 2109 per
704 2041 805 2094 hoc
832 2048 885 2095 et
917 2041 1259 2096 extrinsecus
1287 2042 1449 2097 habet
1473 2045 1851 2114 cognationem
1880 2054 1935 2101 et
1958 2045 2151 2099 intrin-

586 2144 747 2185 secus
785 2132 1174 2189 hzereditatem.
1212 2132 1336 2188 Haac
1389 2134 1639 2190 videlicet
1678 2136 1931 2191 universa
1970 2136 2150 2191 divina

585 2223 891 2279 eﬁiciuntur
943 2226 1279 2295 providentia
1334 2236 1499 2297 atque
1557 2229 1894 2297 operatione,
1944 2230 2150 2286 utiliter

584 2325 753 2386 atque
792 2318 1097 2374 necessarie
1127 2319 1437 2376 hominibus
1469 2321 1543 2374 ita
1579 2319 1649 2374 ab
1688 2320 1845 2376 initio
1874 2322 2148 2379 ordinata.

584 2407 674 2464 Sic
706 2425 941 2480 namque
961 2421 1015 2467 et
1048 2410 1149 2467 Job
1184 2413 1403 2466 fuerunt
1430 2423 1632 2482 septem
1660 2413 1751 2468 ﬁlii
1782 2424 1835 2469 et
1863 2413 1983 2469 ﬁliae
2013 2425 2146 2482 tres,

582 2509 782 2555 utcum
822 2502 964 2571 ipsas
986 2518 1116 2557 sane
1153 2505 1288 2558 tilias
1338 2504 1481 2558 foras
1517 2506 1751 2561 traderet
1789 2505 1939 2569 viris,
1979 2506 2146 2561 babe-

582 2602 665 2646 ret
700 2593 1038 2648 extrinsecus
1092 2593 1231 2649 ﬁlios
1262 2595 1547 2664 adoptivos
1576 2616 1588 2651 :
1618 2605 1671 2651 et
1714 2612 1834 2652 cum
1884 2597 2007 2652 ﬁliis
2035 2598 2150 2653 suis

580 2684 646 2737 de
674 2683 804 2737 foris
836 2684 1106 2752 acciperet
1137 2700 1353 2750 uxores,
1409 2686 1633 2742 haberet
1656 2690 1819 2742 etiam
1848 2690 1898 2742 in
1939 2689 2021 2742 his
2046 2705 2146 2744 εις

584 2774 850 2829 trinsecus
908 2775 1187 2845 ad0ptivas
1238 2778 1394 2832 ﬁlias.
1427 2777 1582 2849 Smpe
1627 2780 1769 2835 enim
1822 2782 2030 2850 generi,
2064 2782 2147 2836 vel

582 2880 752 2920 nurus
802 2866 926 2921 ﬁliis
974 2867 1300 2923 sinceriores
1343 2869 1694 2939 reperiuntur
1722 2873 1864 2927 circa
1901 2888 2143 2941 soceros,

578 2956 664 3011 vel
694 2972 887 3013 socrus
914 2974 1064 3022 suas,
1091 2960 1195 3015 illae
1229 2976 1348 3031 quae
1377 2962 1469 3015 Dei
1506 2962 1755 3016 timorem
1795 2978 1859 3018 ac
1887 2966 2143 3033 pietatem

577 3047 889 3105 habuerunt
911 3053 1197 3107 animabus
1219 3055 1351 3107 suis.
1375 3054 1523 3108 Talis
1540 3054 1640 3108 fuit
1664 3054 1753 3109 illa
1786 3057 1943 3111 beata
1974 3056 2140 3124 Ruth,

577 3157 700 3211 quae
732 3144 804 3197 ita
839 3144 1029 3199 detulit
1074 3147 1252 3200 socrui
1292 3162 1401 3200 sum
1428 3158 1717 3214 veteranae,
1749 3159 1807 3205 ut
1858 3164 2029 3220 usque
2074 3153 2142 3206 ad

578 3247 807 3290 mortem
838 3253 940 3290 non
996 3250 1143 3293 esset
1177 3254 1330 3309 passa
1375 3254 1495 3293 eam
1556 3241 1885 3310 relinquere.
1938 3241 2143 3297 Idcirco

576 3342 709 3382 sane
738 3329 790 3382 in
838 3328 1116 3399 Scriptura
1174 3334 1225 3385 in
1275 3343 1533 3403 perpetuo
1568 3335 1962 3401 magniﬁcalur,
2002 3338 2145 3408 apud

578 3420 745 3473 Deum
777 3435 903 3477 vero
937 3422 989 3476 in
1023 3423 1231 3477 inﬁnita
1264 3424 1461 3478 srecula
1494 3425 1855 3491 beatilicatur,
1880 3428 2145 3497 judicabit

577 3511 927 3569 nihilominus
968 3525 1131 3585 atque
1186 3516 1570 3571 condemnabit
1630 3517 1684 3570 in
1749 3521 2145 3577 resurrectione

570 3619 765 3662 omnes
818 3606 1081 3678 malignas
1110 3616 1165 3663 et
1208 3608 1399 3676 impias
1453 3624 1641 3675 nurus,
1678 3627 1796 3678 quae
1829 3612 2031 3667 soceris
2059 3612 2145 3667 vel

571 3699 824 3753 secribus
850 3700 962 3754 suis
996 3700 1377 3754 contumeliam
1407 3703 1488 3756 vel
1514 3703 1765 3770 injuriam
1798 3705 2142 3773 ingesserint,

575 3802 680 3842 non
715 3790 1124 3845 reminiscentes
1155 3796 1295 3860 quod
1332 3794 1429 3863 ipsi
1461 3796 1539 3849 eis
1566 3795 1710 3850 viros
1742 3799 2029 3865 genuerint
2059 3811 2143 3852 at-

573 3894 681 3947 que
720 3882 1032 3947 nutrierint,
1064 3893 1119 3937 et
1159 3899 1253 3952 pro
1283 3888 1583 3941 substantia
1633 3897 1688 3942 et
1728 3904 1827 3956 pro
1858 3891 1999 3944 victu
2040 3891 2145 3947 illis

576 3971 817 4026 laborem
854 3975 1228 4043 acquisierint.
1260 3976 1314 4031 Si
1362 3978 1525 4047 igitur
1560 3979 1732 4050 diligis
1758 3981 1932 4035 virum
1970 3993 2142 4049 tuum,

576 4075 611 4115 ο
642 4062 857 4127 mulier,
882 4064 1042 4134 dilige
1062 4075 1116 4121 et
1149 4082 1243 4121 eos
1268 4069 1357 4138 qui
1384 4079 1683 4136 genuerunt
1707 4085 1830 4125 eum
1848 4081 1902 4125 et
1932 4073 2144 4127 nutrie-

576 4165 703 4209 runt
732 4156 837 4211 sibi
881 4157 1070 4224 ﬁlium,
1102 4161 1196 4214 tibi
1250 4173 1373 4215 vero
1418 4161 1695 4216 maritum.
1729 4162 1844 4219 Noli
1890 4180 2144 4234 separare

574 4250 743 4307 ﬁlium
776 4268 804 4304 a
840 4261 993 4320 patre
1025 4254 1105 4307 vel
1136 4264 1330 4307 matre.
1362 4253 1478 4307 Noli
1511 4256 1834 4323 compellere
1862 4258 2027 4311 lilium
2052 4276 2145 4327 pa-

570 4352 709 4398 trem
746 4354 836 4397 aut
873 4352 1098 4397 matrem
1135 4346 1481 4409 inhonorare,
1520 4360 1587 4400 ne
1640 4347 1692 4399 in
1741 4349 2144 4407 condemnatio-

574 4451 694 4489 nem
728 4436 935 4489 incidas
971 4438 1110 4505 apud
1144 4437 1433 4492 Dominum
1470 4439 1634 4493 Deum
1669 4440 1721 4494 in
1759 4441 1844 4496 die
1884 4443 2142 4499 terribilis

2259 1964 2352 2006 eos
2381 1949 2553 2015 zelus,
2583 1964 2687 2003 non
2716 1948 3042 2003 dissociabat
3071 1962 3165 2002 eos
3194 1946 3424 2009 invidia,
3456 1945 3592 1999 sicut
3617 1944 3799 2012 pridem

2258 2041 2457 2095 fratres
2480 2038 2703 2108 Joseph.
2729 2039 2945 2106 Quare?
2989 2038 3125 2106 Quia
3164 2053 3275 2093 non
3320 2046 3509 2091 exorta
3552 2046 3630 2091 est
3659 2035 3704 2089 in
3729 2036 3801 2089 eis

2257 2131 2636 2202 pmvaricatio
2658 2170 2671 2194 ,
2714 2143 2891 2198 neque
2919 2129 3328 2198 coinquinatio,
3363 2128 3503 2183 sicut
3536 2127 3587 2180 in
3614 2126 3799 2187 Ruben,

2256 2238 2433 2295 neque
2464 2224 2615 2278 furor
2642 2223 2996 2289 interﬁciens,
3021 2223 3161 2278 sicut
3191 2222 3247 2277 in
3272 2222 3493 2277 Simeon
3515 2220 3641 2275 etin
3667 2219 3797 2282 Levi,

2254 2330 2431 2386 neque
2457 2316 2640 2369 odium
2670 2314 2925 2369 fraterna:
2966 2312 3394 2373 maledictionis,
3422 2311 3563 2366 sicut
3592 2309 3641 2362 in
3663 2317 3799 2362 crete-

2256 2411 2333 2466 ris
2363 2409 2488 2464 ﬁliis
2518 2406 2687 2463 Jacob
2718 2421 2733 2461 :
2761 2406 2857 2461 sed
2887 2417 3045 2462 erant
3085 2419 3279 2461 omnes
3313 2404 3599 2458 unanimes
3627 2400 3798 2468 ia-pie~

2256 2510 2389 2567 tate,
2429 2501 2639 2572 paciﬁci
2687 2501 2740 2553 in
2778 2498 2988 2568 Justitia
3037 2504 3202 2566 atque
3235 2512 3298 2551 in
3336 2496 3431 2551 Dei
3465 2494 3652 2549 timore
3686 2504 3799 2543 con--

2252 2596 2467 2662 cordes,
2526 2603 2711 2663 utpote
2770 2590 2872 2647 Job
2925 2592 3071 2657 ﬁlii,
3115 2602 3169 2647 et
3214 2604 3335 2645 non
3380 2599 3628 2654 tanquam
3674 2582 3797 2637 Esau

2255 2698 2495 2757 nepotes.
2532 2687 2674 2741 Esau
2704 2688 2848 2741 enim
2892 2700 3013 2740 cum
3046 2698 3211 2739 unum
3245 2681 3486 2737 sufferre
3517 2694 3615 2735 non
3644 2684 3799 2746 posset

2253 2796 2568 2851 germanum
2597 2779 2817 2834 fratrem
2850 2776 3043 2843 Jacob,
3081 2774 3398 2830 interﬁcere
3420 2787 3537 2828 eum
3553 2766 3793 2841 quzesivit.

2253 2877 2471 2947 Septem
2505 2890 2636 2930 vero
2685 2873 2777 2928 ﬁlii
2817 2871 2919 2928 Job
2960 2880 3016 2925 et
3065 2882 3185 2939 tres
3230 2869 3368 2923 lilia:
3420 2877 3660 2934 tanquam
3705 2874 3796 2913 una

2250 2970 2431 3022 anima
2460 2967 2675 3021 indivisi
2702 2965 3065 3019 convixerunt
3089 2962 3142 3018 in
3176 2960 3427 3023 unitate,
3464 2967 3518 3011 et
3550 2963 3686 3008 tanta
3710 2950 3797 3005 fuit

2251 3059 2583 3112 unanimitas
2603 3054 2950 3110 laudabilium
2972 3053 3204 3106 liliorum
3224 3047 3360 3115 Job,
3386 3056 3441 3101 ut
3488 3053 3542 3100 et
3562 3042 3798 3108 malignus

2252 3161 2413 3222 atque
2441 3152 2653 3206 invidus
2678 3150 2885 3204 daemon
2923 3146 3135 3201 facilius
3162 3158 3363 3198 omnes
3402 3140 3599 3211 pariter
3623 3133 3794 3191 indivi-

2251 3258 2346 3301 sos
2398 3243 2739 3305 interﬁcere,
2784 3255 2950 3309 quam
3010 3236 3253 3291 dividere
3317 3244 3481 3303 atque
3530 3225 3799 3284 dissociare

2246 3337 2536 3405 benignam
2565 3344 2729 3404 atque
2756 3348 2942 3388 veram
2967 3344 3156 3386 eorum
3181 3327 3593 3383 unanirnitalem
3616 3326 3792 3392 posset.

2244 3430 2440 3484 Audite
2481 3429 2613 3492 hiec,
2672 3440 2705 3481 o
2768 3425 2863 3480 ﬁlii
2906 3424 3322 3495 religiosorum,
3382 3420 3562 3473 audite
3603 3415 3724 3476 haec,
3765 3424 3793 3464 ο

2245 3523 2358 3577 nati
2387 3522 2657 3587 fidelium,
2692 3518 2874 3573 audite
2918 3526 2971 3571 et
3010 3514 3299 3571 imitamini
3341 3514 3550 3583 piorum
3589 3506 3792 3560 fratrum

2247 3615 2696 3677 unanimitatem,
2732 3611 2822 3680 qui
2872 3610 2985 3664 veri
3028 3609 3299 3663 veraciter
3338 3606 3392 3660 in
3427 3604 3532 3657 vita
3564 3615 3654 3653 sua
3678 3594 3796 3695 indi-

2245 3706 2345 3761 visi
2380 3705 2629 3772 fuerunt,
2660 3716 2715 3759 et
2749 3706 2801 3757 in
2852 3710 3028 3757 morte
3067 3715 3162 3756 sua
3201 3713 3311 3753 non
3362 3704 3488 3752 sunt
3521 3689 3794 3748 dissociati.

2246 3796 2362 3851 Non
2401 3796 2477 3850 sit
2522 3796 2665 3849 inter
2718 3808 3013 3865 germanos
3067 3792 3155 3856 lis,
3193 3790 3287 3845 sed
3325 3785 3628 3854 benignitas
3652 3788 3796 3848 atque

2247 3886 2557 3945 concordia.
2610 3883 2729 3938 Non
2768 3885 2833 3939 sit
2876 3883 3019 3937 inter
3064 3881 3265 3935 fratres
3306 3876 3613 3938 contentio,
3642 3882 3795 3938 neque

2247 3979 2562 4045 divortium,
2592 3977 2684 4032 sed
2721 3991 2822 4045 pax
2872 3984 2928 4028 et
2974 3973 3343 4036 unanirnitas,
3380 3972 3473 4027 sed
3534 3964 3795 4021 sinceritas

2246 4080 2409 4138 atque
2457 4069 2685 4137 puritas.
2753 4066 2869 4120 Non
2928 4064 3271 4122 subintroeat
3322 4059 3659 4117 adversarius
3711 4065 3794 4122 per

2248 4162 2511 4216 malorum
2554 4159 2833 4215 hominum
2879 4172 3012 4219 ora,
3060 4170 3167 4211 non
3218 4155 3504 4225 perturbet
3551 4147 3793 4216 malignus

2246 4270 2343 4325 per
2368 4268 2479 4308 sua:
2520 4251 2781 4321 nequitiae
2814 4249 3093 4304 ministros
3130 4248 3231 4317 pia:
3274 4242 3643 4317 germanitatis
3679 4250 3792 4292 cou-

2244 4348 2509 4403 cordiam.
2546 4344 2697 4399 Multi
2724 4345 2942 4399 fuerunt
2970 4343 3065 4397 ﬁlii
3100 4341 3265 4397 David
3289 4341 3441 4407 olim,
3471 4353 3590 4395 cum
3622 4333 3792 4388 adver-

2247 4454 2340 4494 sus
2389 4454 2448 4493 se
2482 4439 2709 4492 invicem
2756 4437 3220 4503 iusurrexissent,
3280 4444 3446 4505 atque
3492 4431 3625 4501 patri
3660 4425 3792 4495 jusw

573 4528 941 4597 inquisitionis
979 4538 1139 4597 atque
1174 4530 1387 4599 judicii.
1421 4530 1666 4585 Suﬁiciat
1706 4532 1822 4602 tibi,
1858 4549 1892 4588 o
1919 4535 2136 4602 mulier,
2170 4548 2213 4603 D
2246 4533 2469 4587 rebelles
2500 4531 2856 4595 exstitissent,
2889 4531 3064 4584 Amor:
3091 4538 3144 4581 et
3176 4529 3441 4594 Absalon,
3473 4537 3525 4583 et
3552 4518 3789 4579 Adouias,

571 4621 696 4690 quia
724 4621 970 4691 possides
996 4621 1169 4675 virum
1198 4638 1356 4691 quem
1392 4638 1497 4677 non
1529 4623 1765 4688 nutristi,
1800 4633 1855 4680 et
1893 4626 2144 4681 substan-

572 4712 700 4767 tiam
758 4726 918 4781 quam
973 4726 1074 4765 non
1131 4712 1429 4781 acquisisti,
1481 4714 1603 4782 quia
1645 4716 1795 4769 venis
1828 4717 1880 4770 in
1925 4716 2141 4772 domum

569 4818 730 4875 quam
768 4818 872 4857 non
902 4805 1177 4858 aadiiicasti
1212 4814 1267 4859 et
1293 4807 1405 4861 eris
1434 4807 1675 4873 domina,
1708 4820 1870 4875 atque
1898 4818 2139 4877 potesta-

569 4909 676 4953 tem
710 4899 877 4952 habes
924 4896 1167 4950 laborum
1212 4898 1534 4962 alienorum,
1568 4914 1665 4967 pro
1696 4902 1892 4970 quibus
1922 4911 1978 4955 tu
2021 4905 2137 4956 nul-

568 4987 779 5043 latenus
810 4988 1086 5043 laborasti.
1119 4986 1236 5041 Noli
1280 5004 1379 5059 ego
1412 4992 1712 5047 retribuere
1742 4991 1880 5045 mala
1928 4994 2014 5049 his
2042 4998 2135 5065 qui

570 5081 666 5134 tibi
700 5089 1143 5151 prazparaverunt
1174 5090 1336 5149 atque
1381 5097 1480 5135 suo
1526 5082 1711 5136 labore
1759 5083 2137 5153 acquisierunt

567 5174 771 5240 omnia,
811 5175 927 5229 sive
970 5174 1167 5239 virum,
1202 5172 1318 5227 sive
1348 5173 1740 5238 substantiam,
1778 5175 1893 5229 sive
1924 5189 2135 5230 resum-

566 5264 873 5333 ptionem,o
904 5266 1114 5331 mulier,
1138 5282 1203 5320 ne
1226 5266 1478 5319 ascendat
1500 5281 1659 5335 super
1693 5277 1743 5321 te
1763 5267 2077 5322 maledictio
2108 5283 2136 5321 a

566 5359 791 5413 Domino
821 5361 947 5415 Deo.
987 5360 1091 5415 Sed
1128 5361 1241 5415 hare
1285 5374 1450 5429 pauca
1492 5374 1589 5425 per
1632 5360 1970 5413 occasionem
2002 5361 2136 5415 ﬁlio-

566 5464 685 5504 rum
708 5448 809 5505 Job
844 5467 870 5504 a
902 5450 1059 5506 nobis
1090 5462 1217 5505 sunt
1248 5452 1385 5505 dicta
1407 5466 1503 5521 pro
1534 5452 2001 5505 commendatione
2038 5467 2137 5504 nu-

564 5556 745 5607 ruum,
798 5544 861 5596 ad
896 5547 1294 5612 corrcptionem
1351 5558 1480 5598 vero
1525 5553 1578 5597 et
1626 5544 2133 5599 condemnationem

565 5636 824 5691 malarum
858 5645 910 5691 et
962 5636 1249 5691 impiarum
1294 5647 1455 5705 atque
1512 5635 1805 5693 crudelium
1862 5639 2128 5693 omnium.

635 5795 681 5827 "
712 5794 848 5852 Gen.
888 5812 937 5860 v,
973 5794 1053 5849 l0.
1134 5796 1300 5853 "Joh
1333 5798 1454 5862 1,2.

2245 4627 2335 4696 qui
2367 4626 2545 4679 adhuc
2576 4625 2696 4679 vivo
2732 4624 2985 4694 religioso
3026 4632 3199 4692 patre,
3234 4623 3397 4692 impie
3422 4631 3583 4689 atque
3613 4613 3789 4680 injuste

2244 4731 2466 4785 regnum
2521 4716 2639 4786 ejus
2682 4730 2957 4783 occupare
3005 4724 3169 4783 atque
3216 4729 3407 4783 rapere
3449 4709 3784 4766 tentaveruul.

2242 4808 2376 4863 Nam
2404 4824 2525 4863 cum
2561 4820 2746 4865 essent
2779 4809 3027 4863 scelerati
3060 4817 3224 4877 atque
3255 4808 3467 4876 iujusti,
3497 4806 3546 4858 in
3582 4802 3785 4854 damna-

2243 4904 2443 4958 tionem
2470 4911 2633 4971 atque
2667 4902 2721 4955 in
2764 4901 3042 4955 interitum
3075 4900 3221 4969 juste
3250 4917 3279 4954 a
3322 4901 3429 4954 Deo
3451 4904 3573 4951 sunt
3599 4886 3786 4987 traditi.

2243 4993 2346 5050 Sed
2386 5010 2491 5050 non
2530 4994 2662 5049 tales
2702 4994 2919 5049 fuerunt
2947 4994 3028 5048 vel
3061 4994 3396 5048 exstiterunt
3425 4998 3621 5059 septem
3655 4982 3783 5036 beati

2239 5084 2340 5139 .lob
2363 5083 2482 5149 ﬁlii,
2525 5086 2619 5139 sed
2646 5094 2902 5154 tanquam
2943 5097 3151 5155 septem
3178 5085 3295 5138 dies
3327 5079 3558 5143 indivisi,
3598 5084 3648 5129 et
3678 5079 3786 5123 tan-

2241 5190 2400 5245 quam
2436 5176 2769 5230 hebdomada
2804 5175 3161 5231 indissociati.
3190 5173 3305 5229 Non
3342 5171 3673 5227 certaverunt
3694 5171 3783 5228 pro

2243 5266 2533 5336 elegantia,
2592 5280 2697 5319 non
2744 5264 3097 5334 litigaverunt
3158 5281 3258 5334 pro
3311 5258 3653 5318 fortitudine.
3687 5261 3781 5302 ηοιι

2244 5360 2641 5414 contenderunt
2674 5373 2770 5428 pro
2805 5360 3042 5423 divitiis,
3082 5374 3185 5412 nou
3228 5344 3667 5414 suntconturbati
3693 5352 3782 5435 ιηςθ

2246 5468 2428 5523 regno,
2482 5453 2574 5505 sed
2610 5465 2733 5506 cum
2774 5460 2958 5505 essent
3006 5450 3313 5515 unanimes,
3366 5455 3555 5503 cuncta
3586 5442 3781 5507 prqu'“

2244 5546 2473 5599 invicem
2518 5544 2621 5598 sibi
2658 5545 3005 5599 metimabant
3038 5542 3366 5597 communia.
3418 5540 3543 5594 Erat
3571 5531 3779 5621 nainll'le

2246 5655 2369 5693 vere
2394 5652 2485 5693 cor
2509 5652 2696 5694 eorum
2726 5653 2777 5695 et
2799 5640 2975 5694 anima
3003 5655 3125 5693 una.
3155 5635 3436 5705 Propterea
3457 5643 3570 5685 cum
3595 5621 3777 5678 sanctis
