3992 6312
206 396 326 453 385

1309 370 1693 439 ANONYMUS
1728 378 1795 433 ΙΝ
1833 375 1971 433 JOB.
2012 410 2080 419 —
2116 376 2243 435 LIB.
2288 376 2325 431 l.

3349 374 3454 432 386

211 512 269 563 in
321 519 589 581 perpetuo
626 510 993 571 nominantur,
1045 511 1328 574 propterea
1380 517 1501 555 cum
1535 499 1699 570 justis
1734 498 1787 552 in
1814 503 1863 560 Α
1892 499 2255 562 saurizarent,
2299 506 2557 568 quantum
2609 498 2662 552 in
2709 496 2998 567 pecoribus
3038 503 3095 552 et
3126 496 3183 550 iu
3214 498 3456 566 quadru-

205 613 483 658 selernum
518 603 903 672 requiescunt,
926 605 1208 667 propterea
1240 608 1364 647 cum
1396 592 1605 662 angelis
1637 590 1788 644 inde-

208 697 473 751 licieuter
498 693 887 747 laudabuntur.
921 690 995 744 De
1033 689 1150 742 istis
1182 701 1313 757 ergo
1340 686 1471 740 dicit
1500 701 1514 737 :
1546 682 1789 737 Fuerunt

204 788 296 841 illi
351 796 539 857 septem
574 785 696 853 ﬁlii,
729 793 777 837 et
813 782 942 850 ﬁliae
966 790 1091 834 tres.
1137 777 1273 834 Tres
1324 789 1580 847 tanquam
1634 775 1786 838 fides,

203 894 368 948 spes,
394 879 669 941 charitas,
700 885 951 941 tanquam
982 887 1181 939 corpus
1212 881 1265 926 et
1305 871 1487 923 anima
1532 877 1587 921 et
1618 868 1784 937 spiri-

204 979 333 1036 tus,
364 970 629 1032 indivisa',
659 966 1043 1029 indissociatze,
1080 963 1450 1015 intaminatze.
1496 960 1628 1013 Nam
1658 958 1786 1028 quia

204 1064 409 1123 tidem,
441 1074 586 1128 spem
614 1066 668 1111 et
696 1058 1020 1111 charitatem
1039 1055 1185 1109 circa
1216 1052 1383 1107 Deum
1407 1062 1786 1115 servaverunt,

203 1164 505 1221 prOpterea
520 1160 574 1205 et
590 1164 808 1217 corpus,
825 1160 878 1202 et
902 1148 1161 1209 animam,
1180 1154 1233 1197 et
1250 1145 1497 1213 spiritum
1518 1144 1785 1199 illibatum

202 1246 617 1299 custodierunt.
652 1241 780 1296 Post
822 1255 1055 1309 quorum
1097 1238 1334 1291 omnium
1369 1236 1785 1305 disputationem

201 1350 386 1407 atque
408 1336 774 1391 ostensioncm
815 1333 1081 1402 adjicieus
1111 1332 1243 1384 dicit
1270 1349 1283 1384 :
1320 1330 1386 1383 Et
1426 1341 1573 1384 erant
1600 1346 1787 1397 pecora

200 1429 337 1499 ejus
357 1430 522 1483 ovium
546 1436 738 1495 septem
761 1426 953 1487 millia,
968 1426 1261 1478 secundum
1283 1438 1566 1476 numerum
1584 1431 1787 1491 septem

204 1521 484 1581 ﬁliorum;
525 1518 716 1573 cameli
745 1519 849 1570 tria
882 1516 1050 1569 millia
1077 1514 1143 1582 '°,
1173 1515 1471 1569 secundum
1506 1527 1788 1567 numerum

209 1614 386 1665 trium
442 1612 698 1666 ﬁliarum.
753 1608 925 1664 Simul
961 1623 1146 1663 omnes
1204 1607 1363 1662 liberi
1405 1606 1524 1676 ejus
1568 1607 1789 1670 decem,

206 1704 479 1758 similiter
505 1704 689 1759 omnia
719 1705 923 1772 pariter
960 1702 1072 1755 haec
1102 1699 1264 1754 millia
1307 1699 1520 1754 decem.
1570 1698 1791 1768 Septem

212 1798 372 1860 liliis,
405 1805 607 1866 septem
640 1796 803 1851 millia
837 1795 1057 1858 ovium;
1104 1802 1158 1847 et
1190 1793 1363 1848 tribus
1394 1792 1611 1847 tiliabus
1635 1831 1651 1858 ,
1687 1792 1789 1844 tria

1890 592 2138 658 pedibus.
2166 591 2283 645 Non
2316 591 2460 645 enim
2493 598 2651 643 erant
2673 590 2749 643 ita
2785 592 2901 643 auri
2945 590 3276 660 expetitores
3314 590 3459 644 sicut

1888 694 2078 734 sumus
2114 694 2303 733 omnes
2334 691 2454 741 nos,
2492 692 2598 730 non
2632 677 2984 732 intendebant
3023 687 3145 747 post
3175 693 3366 732 aurum
3403 689 3459 734 et

1890 780 2171 838 argentum
2213 768 2291 822 illi
2326 777 2453 821 tunc
2480 777 2745 836 quantum
2779 782 2878 822 nos
2910 784 3051 823 nunc
3097 769 3455 824 intendimus.

1888 862 2042 916 Nunc
2070 864 2311 917 omnium
2347 869 2591 913 nostrum
2621 859 2834 914 animus
2866 870 2987 928 post
3023 875 3211 915 aurum
3243 862 3457 916 detine-

1890 961 1978 1007 tur
1999 965 2165 1021 atque
2194 961 2482 1022 argentum
2515 950 2709 1014 inhiat,
2744 961 2801 1005 et
2830 952 2963 1005 nihil
2997 960 3184 1020 putant
3211 953 3456 1010 homines

1887 1060 2034 1100 nunc
2076 1060 2173 1115 pro
2203 1045 2409 1098 divitiis
2461 1044 2561 1097 nisi
2618 1044 2789 1098 solum
2827 1059 3019 1096 aurum
3050 1033 3107 1098 ct
3145 1056 3453 1113 argentum.

1888 1137 2040 1191 Nunc
2090 1136 2237 1199 enim
2291 1145 2417 1190 sunt
2461 1136 2752 1203 adimpleta
2812 1143 3054 1203 tempora
3105 1136 3194 1189 illa
3237 1152 3357 1205 quae
3394 1140 3460 1192 de

1890 1229 2049 1298 longe
2102 1228 2391 1296 designans
2444 1227 2734 1295 Apostolus
2795 1228 2925 1281 dicit
2972 1244 2986 1278 :
3033 1226 3101 1280 In
3166 1229 3457 1281 novissimis

1888 1320 2067 1372 diebus
2099 1320 2375 1371 advenient
2417 1317 2544 1369 anni
2581 1316 2898 1384 periculosi,
2939 1328 2987 1370 et
3034 1327 3181 1370 erunt
3224 1318 3461 1371 homines

1887 1412 2081 1480 seipsos
2099 1410 2391 1480 diligentes,
2418 1409 2596 1476 cupidi
2635 1408 2702 1473 “,
2729 1420 2784 1463 et
2816 1419 3013 1463 caetera
3053 1410 3303 1464 universa
3341 1425 3463 1479 quae

1891 1517 2034 1556 nunc
2079 1503 2129 1555 in
2180 1501 2487 1555 hominibus
2525 1501 2766 1555 videmus
2804 1500 3014 1569 impleri
3052 1502 3260 1555 omnia.
3326 1503 3462 1555 Nam

1889 1593 2016 1663 quia
2057 1592 2110 1645 in
2146 1591 2251 1646 line
2290 1602 2373 1646 est
2397 1590 2508 1658 jam
2545 1592 2633 1646 hic
2664 1592 2928 1655 mundus,
2964 1601 3019 1646 et
3068 1604 3317 1648 mortuus
3375 1604 3462 1650 est

1887 1685 2000 1755 jam
2029 1699 2324 1754 properans
2355 1686 2422 1738 ad
2449 1682 2739 1747 delectum,
2769 1683 2974 1739 idcirco
2993 1699 3143 1739 mens
3172 1685 3457 1741 hominum

1895 1776 2069 1829 inhiat
2115 1776 2169 1829 in
2209 1776 2293 1830 his
2334 1791 2455 1845 quae
2492 1786 2704 1829 mortua
2738 1784 2897 1839 sunt,
2948 1791 3072 1830 cum
3107 1776 3254 1831 sicut
3286 1778 3458 1833 stella

208 1890 391 1944 millia
418 1857 787 1956 camelorum;
836 1887 1061 1958 singulis
1094 1886 1591 1955 liliis‘appmpriata
1619 1857 1788 1938 mille.
1822 1857 1867 1913 Β
1894 1866 2163 1922 immite"
2190 1867 2581 1929 τθοοηάηηίυτν
2615 1877 2780 1934 alque
2822 1867 3284 1923 lhesaufilanmro
3314 1868 3457 1958 Olim

210 1976 303 2033 Ita
337 1978 446 2034 Deo
484 1979 797 2043 ordinante,
826 1986 988 2045 atque
1023 1984 1175 2044 patre
1203 1975 1274 2027 ita
1305 1983 1426 2043 post
1450 1974 1790 2043 disponente,

211 2068 271 2121 in
315 2077 558 2138 tempore
586 2065 1077 2123 consummationis
1115 2064 1360 2119 divident
1397 2064 1791 2118 hmreditatem.

213 2157 278 2211 In
343 2167 589 2230 tempore
634 2172 764 2212 vero
810 2156 934 2211 vitae
988 2155 1126 2211 sicut
1181 2155 1381 2224 cogitat
1424 2155 1492 2210 de
1544 2155 1795 2209 omnibus

213 2259 407 2317 pater,
450 2251 521 2305 ita
566 2260 619 2305 et
656 2256 976 2319 potestatem
1026 2248 1190 2302 habet
1233 2258 1386 2317 pater
1414 2247 1467 2301 in
1490 2247 1791 2302 omnibus:

210 2341 374 2394 sicut
407 2357 591 2395 curant
630 2342 768 2411 gerit
798 2342 866 2397 de
916 2340 1207 2405 universis,
1260 2340 1336 2395 ita
1385 2349 1442 2395 et
1487 2340 1795 2394 dominatur

217 2432 462 2484 cunctis.
490 2431 691 2487 Deinde
725 2433 900 2487 adhuc
933 2433 1062 2501 juga
1092 2419 1254 2487 boum
1288 2431 1583 2501 quingenta
1604 2438 1657 2485 et
1685 2429 1794 2484 asi-

219 2537 307 2575 na:
362 2525 613 2590 pastoria:
651 2525 977 2595 quingentae,
1031 2534 1262 2594 utraque
1304 2523 1563 2578 similiter
1619 2522 1788 2577 mille.

220 2612 617 2670 Ordinabiliter
666 2617 828 2672 etiam
877 2619 979 2673 hoc
1011 2658 1027 2683 ,
1077 2627 1241 2687 atque
1289 2626 1411 2684 apte
1454 2614 1686 2686 singulis
1727 2617 1794 2669 de

225 2706 414 2785 decem
456 2708 583 2763 liliis
614 2708 1004 2781 quinquaginta
1040 2709 1172 2781 juga
1204 2711 1400 2775 boum,
1436 2717 1490 2763 et
1521 2708 1792 2777 quinqua~

226 2799 376 2869 ginta
405 2801 591 2856 asinae.
624 2799 817 2857 Omnia
860 2818 991 2858 sane
1018 2804 1187 2873 patris
1216 2810 1336 2857 sunt
1367 2802 1434 2855 ad
1473 2799 1789 2871 regendum,

226 2889 292 2942 ad
338 2890 772 2960 gubernandum,
824 2893 888 2948 ad
941 2895 1364 2956 intendendum,
1412 2902 1465 2949 et
1521 2906 1688 2962 usque
1738 2892 1791 2946 in

224 2978 391 3034 linem
437 2981 563 3036 vitae
592 2998 703 3037 sua;
733 2985 1159 3051 possidendum,
1207 2994 1327 3055 post
1381 2986 1623 3054 requiem
1664 3000 1792 3040 vero

222 3074 397 3142 patris
433 3074 811 3129 ordinabiliter
837 3085 1126 3146 supputata
1159 3076 1316 3147 juxta
1342 3091 1623 3130 numerum
1655 3074 1793 3127 lilio-

222 3181 370 3220 nun.
405 3166 514 3222 Sed
548 3165 725 3222 adhuc
755 3177 911 3224 erant
940 3182 1134 3236 pecora
1163 3169 1298 3239 ejus.
1351 3165 1543 3222 Omnia
1587 3166 1792 3236 pariter

220 3270 427 3326 pecora
450 3258 701 3328 appellat,
728 3259 843 3314 sive
864 3274 1015 3323 oves,
1041 3259 1155 3315 sive
1184 3258 1371 3323 boves,
1397 3257 1509 3312 sive
1533 3256 1791 3324 camelos,

220 3349 344 3403 sive
362 3349 573 3416 asinos,
601 3350 850 3405 universa
877 3365 1071 3421 pecora
1094 3359 1393 3420 nuncupat,
1428 3351 1554 3420 quia
1577 3350 1794 3406 diversa

223 3442 532 3507 peculiaria
560 3455 723 3514 atque
749 3445 901 3499 utilia
948 3445 1167 3500 luerunt
1201 3444 1512 3499 hominibus
1554 3452 1608 3497 et
1641 3450 1791 3506 sunt,

218 3544 280 3590 et
308 3534 438 3592 istis
468 3537 562 3606 qui
595 3551 741 3593 nunc
769 3546 929 3604 sunt,
959 3549 1015 3593 et
1050 3536 1156 3591 illis
1188 3535 1280 3605 qui
1311 3545 1439 3591 tunc
1474 3535 1696 3590 fuerunt
1740 3541 1797 3589 et

220 3627 327 3696 ipsi
357 3628 520 3683 beato
539 3626 725 3683 Jacob.
756 3627 899 3685 Oves
921 3628 1141 3698 quidem
1159 3628 1314 3694 vivae,
1341 3642 1442 3698 pro
1471 3626 1612 3682 lacte
1634 3634 1796 3695 atque

220 3718 366 3775 lana
402 3721 603 3775 vestitu
633 3737 647 3775 :
682 3720 879 3778 occisa
929 3735 1062 3777 vero
1108 3736 1208 3792 pro
1240 3736 1370 3777 esca
1420 3730 1583 3790 atque
1610 3719 1796 3775 carnis

220 3812 589 3868 eomestione.
623 3812 887 3867 Similiter
913 3812 1078 3868 boves
1118 3812 1247 3878 vivi,
1294 3813 1361 3868 ad
1398 3811 1671 3867 culturam
1695 3851 1712 3877 ,
1743 3817 1798 3865 et

222 3907 387 3973 panis
434 3905 921 3970 commoditatem;
951 3902 1183 3975 jugulati
1230 3918 1380 3971 vero,
1405 3916 1504 3973 pro
1538 3902 1797 3959 carnibus

223 4010 278 4053 et
316 4014 475 4061 esca,
517 4007 678 4066 atque
721 3998 916 4067 pedum
956 3996 1355 4052 calceamentis.
1384 3993 1583 4051 Cameli
1616 4003 1795 4049 autem

222 4107 325 4161 pro
352 4090 507 4146 omni
534 4104 700 4145 onere
724 4089 993 4158 portando
1047 4098 1212 4157 atque
1238 4087 1466 4142 levando
1486 4088 1557 4141 de
1584 4085 1798 4155 longin-

228 4193 338 4248 quo
362 4189 419 4234 et
437 4179 504 4233 de
529 4178 794 4247 proximo.
818 4175 944 4231 Post
970 4190 1088 4245 quae
1116 4176 1372 4231 universa
1400 4176 1538 4230 asini
1562 4176 1629 4230 ad
1658 4173 1795 4229 levia

229 4271 453 4340 negotia
487 4269 792 4339 peragenda
822 4278 878 4323 et
907 4266 1205 4331 aﬂerenda,
1233 4277 1288 4322 et
1310 4268 1495 4334 eundi,
1521 4277 1575 4321 et
1598 4266 1798 4321 veloci-

235 4374 316 4418 ter
363 4361 647 4418 redeundi.
706 4362 858 4428 Quod
898 4359 1041 4416 enim
1070 4375 1214 4415 nunc
1248 4363 1372 4430 equi
1396 4367 1451 4415 et
1482 4360 1610 4415 muli
1641 4358 1799 4429 perli-

230 4455 403 4520 ciunt,
428 4455 532 4511 hoc
560 4452 908 4509 nihilominus
930 4452 1069 4508 asini
1090 4452 1472 4524 adimplebant,
1496 4451 1795 4521 praesertim

1892 1975 2047 2024 vero,
2110 1968 2295 2029 utpote
2338 1958 2516 2011 adhuc
2563 1958 2855 2026 incipiente
2910 1960 3126 2025 saeculo,
3181 1970 3237 2014 et
3276 1956 3464 2030 utpote

1893 2053 2078 2107 adhuc
2108 2052 2324 2106 vivente
2365 2051 2567 2105 mundo
2607 2050 2732 2115 hoc,
2775 2050 2899 2103 viva
2949 2062 3113 2121 atque
3157 2056 3464 2110 crescentia

1893 2146 2187 2214 cupiebant
2253 2144 2506 2198 homines
2573 2156 2807 2210 pecora,
2876 2144 3246 2213 quadrupedia
3298 2156 3465 2215 atque

1894 2233 2288 2305 agriculturam
2371 2246 2471 2302 pro
2529 2232 2673 2286 victu
2729 2230 3142 2288 l‘ructilicantia.
3206 2234 3466 2289 Sciebant

1893 2341 2129 2396 namque
2155 2326 2296 2393 quod
2323 2340 2514 2379 aurum
2546 2335 2602 2378 et
2645 2337 2932 2394 argentum
2978 2324 3314 2379 reconditum
3334 2366 3350 2391 ,
3399 2342 3465 2383 ac

1895 2419 2357 2484 thesaurizatum,
2387 2427 2550 2485 atque
2593 2417 2659 2470 ad
2695 2431 2890 2471 usuras
2932 2416 3143 2481 datum,
3183 2428 3466 2486 peccatum

1893 2508 2188 2565 conferret.
2230 2508 2496 2561 Pecorum
2528 2522 2658 2560 vero
2705 2516 2868 2575 atque
2918 2516 3077 2562 terrae
3128 2522 3314 2573 usura,
3361 2508 3469 2564 hoc

1894 2608 1977 2654 est
2009 2614 2266 2668 pecorum
2297 2597 2436 2653 fetus
2480 2596 2907 2665 multiplicatus,
2944 2608 3001 2652 et
3038 2597 3249 2654 fructus
3302 2607 3466 2655 terra:

1894 2698 2238 2759 augmentum
2266 2688 2330 2741 ad
2360 2698 2645 2757 peccatum
2676 2702 2781 2743 non
2821 2685 3154 2753 conferrent,
3180 2689 3274 2744 sed
3298 2688 3468 2755 justi-

1895 2783 2045 2835 tiam.
2107 2780 2243 2834 Nam
2301 2780 2565 2835 habentes
2617 2782 2908 2836 nutriunt:
2944 2789 2999 2836 et
3030 2790 3144 2836 'eos
3208 2782 3300 2850 qui
3357 2796 3465 2837 non

1893 2873 2205 2938 habuerint,
2239 2888 2361 2927 cum
2398 2873 2467 2927 ab
2497 2873 2582 2927 his
2623 2875 2710 2942 qui
2762 2874 2962 2929 habent
3000 2874 3126 2929 data
3162 2873 3365 2928 fuerint
3400 2888 3466 2928 ac

1893 2968 2207 3032 distributa,
2241 2966 2569 3035 gubernant.
2626 2965 2785 3023 Tales
2826 2982 2960 3033 ergo
3005 2965 3226 3021 divitias
3272 2966 3466 3021 habuit

1896 3056 2185 3111 laudabilis
2221 3056 2310 3110 ille
2332 3054 2456 3120 Job,
2477 3064 2683 3122 castas,
2718 3057 2969 3123 mundas,
2999 3057 3461 3126 incoiuquiuatas,

1896 3146 2372 3201 incontaminatas.
2408 3146 2482 3200 De
2519 3147 2621 3201 hoc
2676 3162 2911 3216 namque
2967 3148 3171 3202 dictum
3209 3158 3295 3203 est
3338 3149 3462 3213 bov,

1895 3246 2059 3307 atque
2082 3239 2148 3292 de
2176 3237 2448 3295 similibus
2476 3237 2621 3292 illius
2652 3253 2821 3308 usque
2844 3239 2898 3293 in
2926 3248 3189 3295 aeternum
3224 3257 3238 3293 :
3267 3239 3465 3295 Beatus

1894 3332 1986 3399 qui
2016 3333 2252 3387 inventus
2282 3332 2440 3402 fuerit
2471 3334 2613 3388 dives
2636 3332 2815 3402 justus
2837 3372 2854 3398 ,
2885 3333 2976 3401 qui
3002 3343 3115 3403 post
3141 3349 3331 3388 aurum
3359 3349 3466 3388 non

1895 3424 2278 3491 ambulaverit,
2342 3440 2505 3491 neque
2552 3425 2837 3493 speraverit
2891 3425 2946 3478 in
2995 3426 3204 3493 argenti
3265 3425 3466 3494 reposi-

1897 3517 2037 3571 tione
2090 3518 2158 3572 ³¹.
2210 3515 2348 3573 Vere
2402 3518 2549 3573 enim
2591 3516 2987 3573 inaestimabilis
3042 3526 3207 3584 atque
3256 3525 3464 3571 aeterna

1896 3608 2174 3663 beatitudo
2216 3622 2319 3674 est,
2382 3618 2438 3663 ut
2490 3624 2615 3663 cum
2665 3609 2788 3677 quis
2834 3607 2985 3661 dives
3019 3608 3244 3662 eliectus
3277 3609 3461 3669 fuerit,

1900 3717 2004 3758 non
2036 3701 2274 3758 conﬁdat
2310 3703 2361 3756 in
2412 3716 2586 3767 auro,
2637 3715 2813 3769 neque
2863 3699 3106 3754 intendat
3153 3700 3206 3753 in
3251 3702 3465 3770 argenti

1898 3792 2246 3862 repositione,
2276 3791 2373 3846 sed
2417 3791 2679 3845 recondat
2706 3791 2821 3845 lucc
2860 3790 2913 3844 in
2956 3791 3216 3845 mandato
3246 3791 3468 3846 Altissi-

1896 3884 1993 3943 mi.
2023 3891 2077 3938 et
2106 3884 2196 3936 det
2234 3898 2296 3937 ea
2326 3883 2378 3935 in
2411 3882 2755 3951 eleemosyna
2786 3882 3136 3949 pauperibus,
3174 3881 3268 3937 sed
3299 3883 3465 3937 semi—

1896 3984 1990 4029 net
2018 3984 2184 4042 atque
2214 3985 2433 4043 spargat
2463 3988 2529 4028 ea
2564 3972 2674 4026 late
2705 3988 2802 4042 per
2841 3972 3056 4028 animas
3106 3974 3464 4045 miserorum,

1895 4079 1992 4134 per
2020 4078 2115 4118 ora
2161 4063 2541 4126 esurientium,
2603 4060 2688 4115 vel
2746 4076 2845 4130 per
2895 4076 2993 4117 ora
3040 4064 3318 4130 debilium,
3369 4081 3467 4135 per

1897 4158 2185 4212 destitutos
2223 4166 2388 4224 atque
2434 4155 2664 4209 miseros
2698 4170 2712 4207 :
2737 4152 2893 4222 juxta
2945 4154 3047 4209 hoc
3082 4140 3224 4224 quod
3254 4157 3464 4212 dictum

1897 4259 2013 4306 est:
2050 4248 2313 4303 Sentinate
2346 4248 2483 4302 vobis
2506 4250 2574 4301 ad
2594 4248 2893 4316 justitiam,
2913 4255 2969 4300 ut
2996 4249 3204 4302 metatis
3232 4248 3464 4316 fructum

1899 4348 2021 4402 vita:
2054 4344 2119 4398 ⁸³.
2155 4345 2220 4397 Ει
2244 4362 2257 4398 :
2280 4342 2553 4412 Dispersit,
2586 4344 2728 4397 dedit
2750 4343 3088 4412 pauperibus,
3110 4344 3328 4411 justitia
3347 4342 3465 4412 ejus

1897 4448 2069 4491 manet
2107 4438 2162 4490 in
2193 4446 2445 4489 wternum
2494 4435 2558 4491 ³⁵.
2613 4434 2886 4503 Ejusmodi
2930 4447 3055 4488 vero
3088 4444 3255 4487 metet
3281 4433 3467 4488 multi-

236 4550 368 4604 tales
399 4547 592 4617 quales
621 4557 749 4600 sunt
797 4546 849 4600 in
898 4546 1120 4613 regione
1145 4523 1358 4601 Arabia:
1399 4551 1454 4599 et
1480 4541 1797 4598 Palaestino-

1900 4528 2113 4597 pliciter
2162 4527 2216 4581 in
2266 4526 2352 4581 die
2409 4525 2845 4581 resurrectionis.
2906 4523 3178 4593 Ejusmodi
3237 4524 3466 4592 recipiet

235 4657 349 4695 rum
376 4639 545 4702 asini,
575 4637 668 4707 qui
704 4637 920 4692 veloces
944 4653 1072 4691 sunt
1109 4636 1363 4693 similiter
1395 4644 1454 4688 ut
1490 4634 1635 4703 equi.
1668 4632 1797 4687 Om-

238 4746 354 4787 nem
379 4746 513 4801 ergo
546 4744 770 4785 censum
794 4728 935 4783 beati
961 4725 1063 4784 Job
1089 4735 1345 4799 supputat
1371 4726 1421 4781 in
1451 4733 1655 4795 septem
1680 4723 1797 4777 mil-

236 4826 375 4881 libus
408 4827 618 4893 ovium,
662 4832 716 4879 et
758 4824 930 4879 tribus
966 4820 1301 4877 camelorum
1328 4828 1381 4875 et
1409 4818 1462 4873 in
1486 4817 1798 4887 quingentis

235 4921 375 4991 jugls
408 4920 594 4981 boum,
625 4928 679 4974 et
716 4917 769 4973 in
799 4916 1112 4987 quingentis
1141 4913 1311 4970 asinis
1347 4910 1623 4982 pastoriis.
1660 4908 1794 4963 Auri

236 5029 361 5070 vero
386 5023 444 5069 et
472 5012 705 5082 argenti,
734 5020 895 5081 atque
913 5011 1141 5066 vestium
1168 5022 1272 5062 non
1297 5003 1561 5060 meminit.
1591 5001 1797 5069 Quare!

241 5111 316 5167 οι)
349 5110 455 5165 hoc
484 5118 546 5163 ut
573 5107 845 5169 reticeret,
873 5120 941 5160 an
968 5105 1037 5159 ob
1063 5102 1169 5157 hoc
1200 5098 1343 5168 quod
1382 5094 1485 5150 Job
1524 5110 1714 5151 aurum
1741 5103 1797 5150 et

243 5213 524 5272 argentum
579 5214 685 5253 non
724 5193 1044 5252 habuisset?
1081 5191 1164 5250 0b
1207 5191 1313 5247 hoc
1361 5185 1553 5256 procul
1607 5185 1795 5250 dubio,

243 5293 358 5362 quia
392 5306 498 5345 non
535 5290 739 5345 habuit.
777 5289 893 5356 Quo
919 5295 1055 5342 teste
1079 5298 1268 5338 aurum
1293 5290 1348 5336 et
1374 5288 1657 5349 argentum
1690 5292 1794 5331 non

244 5383 523 5439 habuerit?
572 5383 690 5452 Ipso
723 5381 826 5437 Job
868 5381 1121 5435 dicente:
1157 5374 1224 5429 Et
1280 5373 1325 5427 si
1386 5368 1797 5438 conﬁdebantin

244 5478 433 5530 dii-iliis
463 5476 662 5537 multis.
701 5485 749 5529 et
792 5475 838 5527 si
877 5477 943 5527 ad
989 5463 1405 5524 innumerabilia
1433 5462 1552 5515 misi
1583 5475 1796 5513 manum

243 5587 423 5635 meam,
453 5580 510 5624 et
554 5569 659 5622 alia
688 5568 772 5621 bis
801 5565 1020 5620 similia.
1060 5562 1193 5619 Erat
1232 5571 1466 5625 namque
1498 5554 1601 5608 hoc
1648 5566 1794 5619 vere,

246 5672 298 5717 ut
327 5667 535 5732 priores
572 5677 676 5716 non
714 5667 925 5714 tantum
959 5656 1011 5709 in
1044 5667 1180 5707 auro
1206 5659 1263 5705 et
1291 5655 1519 5717 argento
1542 5644 1647 5701 sibi
1679 5642 1799 5698 the-

311 5820 351 5852 “
380 5812 478 5875 Job
514 5834 550 5876 I.
578 5816 632 5869 3.
706 5815 747 5845 ³¹
781 5811 822 5867 ll
847 5811 986 5864 Tim.
1041 5826 1119 5874 ιιι,
1155 5807 1206 5861 l.

1900 4617 2329 4674 inaestimabilem
2406 4616 2790 4671 beatitudinem
2855 4616 2909 4668 in
2967 4615 3056 4669 die
3115 4616 3462 4671 visitationis.

1900 4710 2178 4781 Ejusmodi
2199 4709 2670 4779 eleemosynarum
2694 4706 3173 4776 justiticationibus
3204 4717 3466 4776 tanquam

1900 4804 1991 4858 lux
2040 4800 2262 4871 ell'ulget
2297 4814 2482 4855 coram
2517 4798 2728 4865 angelis
2762 4797 2877 4852 Dei.
2935 4796 3084 4854 Talis
3132 4797 3237 4853 luit
3276 4800 3468 4855 beatus

1898 4895 2021 4959 Job,
2071 4894 2210 4963 apud
2255 4908 2417 4962 quem
2476 4893 2672 4960 hospes
2726 4904 3001 4959 nunquam
3058 4890 3190 4947 loris
3240 4892 3465 4955 mansit,

1899 4988 2052 5058 cujus
2068 4987 2239 5058 janua
2266 4985 2412 5040 omni
2447 4984 2754 5039 advenienti
2786 4981 3000 5052 patuit,
3048 4996 3208 5051 quem
3242 4980 3465 5041 invalidi

1900 5094 2173 5149 nunquam
2212 5076 2677 5149 praetermiserunt
2726 5077 2793 5130 de
2841 5074 2908 5129 iis
2940 5089 3059 5143 quae
3085 5074 3222 5142 opus
3263 5072 3466 5128 habue-

1900 5185 2048 5241 runt,
2074 5171 2165 5242 qui
2198 5186 2305 5225 non
2337 5169 2545 5225 dimisit
2574 5180 2863 5237 pauperem
2904 5165 3056 5220 exire
3085 5165 3150 5219 de
3176 5162 3339 5217 domo
3365 5178 3465 5219 sua

1901 5282 2153 5332 vacuum,
2178 5266 2245 5319 ad
2269 5264 2420 5333 cujus
2453 5273 2733 5318 tonsuram
2756 5261 2961 5325 ovium,
2990 5258 3231 5314 omnium
3264 5271 3466 5327 paupe-

1904 5377 2022 5417 rum
2049 5357 2287 5427 scapula:
2313 5355 2589 5413 calefacta:
2619 5362 2765 5409 sunt.
2803 5352 2883 5409 Ob
2924 5354 3025 5409 hoc
3050 5352 3193 5405 enim
3221 5359 3276 5405 et
3305 5349 3464 5404 istam

1904 5452 2307 5510 multitudinem
2338 5462 2590 5518 pecorum
2617 5444 2875 5511 nutrivit,
2904 5453 2959 5499 et
2986 5442 3279 5496 maximam
3313 5441 3461 5510 agri.

1905 5546 2169 5603 culturam
2201 5541 2479 5604 exercuit,
2506 5546 2567 5593 ut
2601 5535 2844 5608 plurimis
2880 5533 3219 5603 impertiret,
3249 5539 3307 5585 ut
3343 5529 3466 5599 plu-

1906 5642 2059 5698 rimis
2116 5633 2477 5699 benel'aceret,
2522 5641 2580 5688 ut
2615 5628 2972 5700 plurimorum
3024 5642 3234 5684 memor
3287 5632 3467 5689 esset;

1284 5807 1326 5837 ³³
1357 5802 1526 5859 Eccli.
1555 5814 1708 5868 uxr,
1741 5798 1795 5857 8.
1870 5797 1914 5831 ³³
1939 5795 2124 5852 Jacob.
2158 5808 2238 5861 ιιι,
2276 5791 2358 5845 18.
2436 5791 2482 5821 ³⁸
2509 5788 2644 5844 Psal.
2690 5802 2799 5851 cxi,
2831 5786 2885 5842 9.
