3992 6312
543 323 646 380 587

1622 313 1998 372 ANONYMUS
2032 317 2096 369 IN
2136 317 2272 372 JOB.
2311 348 2382 358 -
2417 314 2541 370 ΜΒ.
2583 317 2624 371 1.

3705 321 3804 375 588

547 455 655 494 non
695 446 916 509 prOpter
942 452 1004 492 os
1034 450 1188 508 suum
1221 442 1451 497 tantum,
1499 433 1592 488 sed
1634 442 1694 488 ut
1741 434 1939 488 multos
1986 450 2109 490 esu-
2139 440 2187 498 Α
2218 451 2334 488 rum
2369 436 2634 490 instantia
2666 444 2827 502 atque
2858 435 3124 498 studium,
3161 435 3275 488 hoc
3310 441 3442 486 erat
3468 433 3612 502 quod
3643 433 3710 489 ab
3731 438 3808 492 eis

549 540 755 592 rientes
782 544 1075 599 saturaret,
1109 542 1269 602 atque
1298 531 1558 600 plurimos
1585 531 1756 584 nudos
1786 535 2027 594 vestiret,
2058 540 2113 586 et

550 627 738 683 multis
770 625 1167 681 miserabilibus
1199 632 1362 690 atque
1390 621 1700 676 infelicibus
1741 623 2110 692 refrigeraret.

551 721 632 776 0b
679 720 782 773 hoc
831 717 978 772 enim
1034 728 1232 783 pecora
1279 713 1394 782 ejus
1447 714 1628 768 ovium
1675 723 1880 781 septem
1926 713 2110 774 millia,

549 808 742 864 cameli
776 808 878 860 tria
904 804 1093 869 millia,
1129 802 1260 872 juga
1291 803 1451 855 boum
1487 801 1782 870 quingenta
1804 839 1819 864 ,
1864 812 1917 854 et
1953 801 2114 854 asinae

548 900 800 972 pastoria:
833 897 1160 967 quingentae.
1215 894 1282 947 Et
1330 895 1684 947 ministerium
1737 894 1891 947 nimis
1939 894 2114 961 capio-

547 1007 665 1044 sum
711 989 776 1040 ³⁸.
818 988 1039 1044 Certum
1089 995 1173 1041 est
1207 987 1350 1053 quod
1392 993 1447 1038 et
1493 999 1691 1038 mensa:
1740 985 1898 1052 ejus,
1955 993 2116 1052 atque

549 1083 707 1137 sedes
734 1081 874 1147 ejus,
899 1088 954 1132 et
979 1079 1341 1132 ministerium
1372 1076 1690 1144 copiosum,
1724 1077 1816 1130 sed
1851 1075 1967 1142 plus
1999 1084 2118 1127 erat

550 1172 908 1227 ministerium
941 1174 1217 1240 cepiosum
1245 1169 1384 1237 quod
1435 1168 1780 1223 ministrabat
1812 1168 2115 1236 hospitibus

545 1274 601 1320 et
631 1262 1062 1325 advenientibus,
1098 1260 1329 1315 inﬁrmis
1359 1269 1413 1312 et
1456 1260 1859 1322 miserantibus.
1892 1260 2117 1314 destitu-

547 1357 619 1410 tis
652 1363 708 1409 et
751 1352 1090 1424 peregrinis,
1138 1350 1470 1420 pauperibus
1521 1362 1576 1405 et
1633 1350 1958 1406 infelicibus.
2013 1353 2117 1407 Pro

547 1448 740 1502 horum
771 1459 900 1514 ergo
926 1445 1166 1497 omnium
1197 1444 1561 1513 susceptione,
1591 1444 1814 1497 nimium
1838 1445 2115 1512 copiosum

549 1537 742 1593 habuit
776 1534 1141 1590 ministerium
1174 1548 1187 1585 :
1218 1544 1350 1602 puto
1405 1537 1547 1602 quod
1583 1545 1637 1589 et
1692 1536 1743 1589 in
1795 1538 1932 1592 cmlo
1970 1545 2026 1591 et
2064 1537 2116 1591 in

550 1628 782 1684 excelsis
809 1628 1085 1695 copiosum
1123 1627 1282 1682 nimis
1307 1629 1560 1681 habuerit
1584 1629 1963 1688 ministerium.
1993 1630 2118 1684 Plu-

550 1730 673 1783 rimi
711 1728 1161 1783 ministraverunt
1189 1726 1234 1780 ei
1259 1740 1419 1794 super
1448 1735 1645 1778 terram
1674 1738 1770 1793 pro
1797 1724 2116 1777 miserorum

553 1820 917 1890 susceptione,
961 1817 1056 1872 sed
1099 1821 1279 1888 plures
1316 1819 1699 1872 ministrabant
1752 1817 1800 1870 ei
1841 1817 1895 1868 in
1943 1815 2115 1878 caelis,

551 1913 799 1969 caelestes
834 1911 1032 1981 angeli,
1071 1909 1512 1978 incorruptibiles
1539 1909 1934 1978 eieemosynas,
1957 1919 2121 1976 atque

554 2007 693 2059 bona
723 2019 886 2074 opera
914 2007 1031 2075 ejus
1065 2005 1119 2059 in
1152 2002 1472 2057 memoriam
1501 2016 1684 2055 coram
1712 2001 1821 2054 Deo
1843 2001 1896 2053 in
1924 1999 2120 2054 caelum

553 2095 880 2162 deferentes,
917 2098 1058 2152 sicut
1088 2097 1292 2152 dictum
1318 2104 1402 2149 est
1422 2095 1486 2149 ad
1515 2094 1821 2149 Cornelium
1856 2112 1868 2146 :
1909 2091 2124 2146 Oratio-

554 2205 645 2244 nes
683 2201 787 2244 tua:
837 2200 882 2245 et
932 2190 1273 2259 eleemosynw
1308 2199 1412 2241 tute
1454 2187 1795 2241 ascenderunt
1830 2201 2041 2239 sursum
2070 2187 2124 2238 in

552 2289 859 2342 memoriam
892 2303 1074 2340 caram
1106 2287 1211 2340 Deo
1239 2285 1305 2342 '°.
1328 2284 1708 2339 Ascenderunt
1740 2281 1927 2350 procul
1962 2282 2124 2335 dubio

555 2379 625 2433 ab
657 2379 861 2448 angelis
920 2388 1086 2448 atque
1120 2375 1452 2446 spiritalibus
1491 2374 1756 2428 ministris
1793 2375 2006 2428 delatae.
2053 2373 2126 2427 De

555 2471 755 2539 quibus
791 2470 993 2526 dicitur
1023 2487 1036 2524 :
1073 2470 1267 2525 Omnes
1323 2477 1441 2521 sunt
1493 2466 1867 2520 ministeriales
1906 2467 2124 2534 spiritus

552 2562 699 2616 missi
720 2577 817 2630 pro
841 2563 924 2615 his
951 2563 1041 2632 qui
1075 2562 1299 2618 szlutem
1330 2562 1386 2615 in
1430 2561 1788 2615 ha'reditatem
1814 2559 2025 2626 capiunt
2055 2557 2120 2612 ³⁷.

554 2657 625 2709 Ει
652 2657 808 2710 alibi:
833 2655 933 2720 Qui
954 2655 1080 2724 facit
1117 2654 1328 2723 angelos
1358 2670 1480 2707 suos
1508 2655 1753 2721 spiritus,
1777 2660 1825 2705 et
1854 2650 2122 2704 ministros

554 2763 677 2800 suos
714 2749 884 2813 ignem
933 2746 1199 2799 ardentem
1227 2745 1292 2798 ⁸⁸.
1330 2746 1404 2799 De
1438 2747 1554 2799 istis
1595 2759 1826 2812 namque
1865 2741 2126 2796 minlstris

557 2854 696 2894 Iunis
731 2848 850 2892 erat
875 2839 964 2907 qui
999 2838 1208 2893 locutus
1234 2847 1318 2893 est
1347 2839 1414 2892 ad
1457 2837 1680 2892 Tobiam
1725 2838 1909 2890 dicens
1940 2854 1954 2889 :
1988 2833 2123 2888 Cum

557 2947 740 2985 orares
765 2942 821 2983 tu
845 2941 890 2984 et
917 2929 1051 2985 Sara
1074 2931 1186 2997 ﬁlia
1213 2929 1480 2999 Raguelis,
1513 2945 1604 2998 ego
1629 2929 1785 2981 attuli
1817 2927 2124 2980 memoriam

561 3021 816 3074 orationis
846 3032 1026 3075 vestra:
1057 3023 1112 3073 in
1151 3032 1482 3088 conspectum
1518 3020 1699 3088 glorire
1726 3019 1915 3071 summi
1939 3017 2031 3070 Dei
2055 3015 2118 3068 ³³.

2216 527 2504 581 thesaurus
2532 527 2905 596 reputabatur,
2936 541 3063 582 area
3103 536 3163 581 et
3212 527 3488 590 torcular,
3522 527 3718 582 oliveta
3758 539 3809 583 et

2216 619 2393 684 ficeta,
2435 627 2490 674 et
2527 621 2776 674 universa
2823 636 2984 689 opera
3030 636 3155 691 qua!
3196 629 3338 674 sunt
3375 619 3432 670 in
3480 633 3650 686 agro,
3699 636 3809 690 quae

2215 728 2336 766 cum
2363 713 2547 766 labore
2577 723 2740 781 atque
2762 713 2958 768 sudore
2981 725 3148 782 atque
3184 727 3464 766 manuum
3495 711 3810 766 callositati-

2216 803 2316 857 bus
2368 803 2725 870 aequirnntur
2769 820 2890 857 cum
2930 802 3182 872 justitia,
3227 803 3398 872 juxta
3434 804 3686 857 ordinem
3724 805 3809 860 Dei

2216 894 2479 948 dicentis:
2511 894 2577 948 In
2608 900 2798 949 sudore
2821 896 2992 948 vultus
3032 898 3105 948 tui
3142 896 3278 949 edes
3322 911 3522 962 panem
3555 909 3703 946 tuum
3745 896 3808 950 ⁸⁸.

2217 986 2341 1040 Haec
2387 986 2596 1041 scilicet
2642 1003 2807 1056 opera
2847 1004 3040 1058 magna
3083 989 3320 1043 fuerunt
3379 985 3488 1040 Job
3535 988 3589 1040 in
3638 989 3810 1050 terris,

2219 1080 2340 1134 ideo
2365 1090 2418 1133 et
2451 1080 2686 1149 plurimo
2711 1080 2987 1148 indigebat
3016 1081 3344 1135 ministerio
3382 1081 3453 1133 ad
3496 1081 3810 1144 curandum,

2218 1172 2282 1226 ad
2324 1171 2753 1238 intendendum,
2802 1172 2866 1225 ad
2921 1172 3417 1234 circumeundam,
3470 1171 3708 1240 itemque
3749 1175 3809 1225 ad

2217 1266 2480 1328 dandum,
2528 1265 2593 1318 ad
2632 1263 3108 1329 distribuendum,
3147 1265 3222 1318 ad
3276 1264 3709 1317 ministrandum
3756 1265 3806 1316 in

2219 1356 2484 1427 gentibus,
2514 1358 2579 1410 ad
2615 1356 3002 1412 defendendum
3040 1371 3394 1426 oppressos,
3436 1356 3506 1408 ad
3540 1356 3809 1424 opitulan-

2218 1452 2345 1505 dum
2373 1451 2724 1519 pauperibus,
2751 1451 2819 1505 ad
2841 1449 3305 1504 benefac’iendum
3343 1450 3529 1504 viduis
3553 1460 3606 1504 et
3627 1451 3811 1520 orpha-

2222 1544 2325 1598 nis.
2365 1543 2468 1596 Pro
2491 1544 2574 1598 his
2603 1547 2856 1599 nimirum
2890 1547 3173 1599 universis
3210 1556 3394 1612 opera
3432 1558 3630 1611 magna
3663 1557 3811 1597 erant

2222 1637 2294 1690 illi
2322 1637 2373 1690 in
2409 1637 2569 1691 terris
2598 1647 2654 1692 et
2688 1633 3050 1692 ministerium
3079 1637 3379 1704 copiosum
3409 1677 3426 1699 ,
3466 1636 3595 1702 quia
3624 1650 3806 1704 magna

2220 1739 2569 1796 erantOpera
2613 1731 2930 1785 meritorum
2979 1739 3034 1785 et
3080 1729 3384 1798 copiosum
3431 1727 3807 1785 ministerium.

2223 1818 2328 1874 Sed
2360 1832 2489 1889 puto
2527 1830 2647 1889 post
2679 1823 2793 1875 huic
2825 1837 2945 1890 quae
2982 1822 3209 1875 recitata
3264 1826 3400 1873 sunt
3449 1833 3643 1886 magna
3675 1819 3809 1873 illius

2219 1927 2403 1981 Opera.
2460 1921 2583 1982 post
2637 1914 3024 1981 agriculturam
3075 1924 3250 1981 atque
3305 1911 3589 1981 pecudum
3647 1913 3808 1964 nutri-

2222 2013 2433 2068 menta,
2493 2013 2552 2058 et
2604 2014 2799 2058 etetera
2856 2006 3147 2068 universa,
3212 2004 3451 2058 fuerunt
3493 2005 3659 2056 etiam
3709 2005 3805 2056 alia

2223 2111 2417 2165 magna
2445 2104 2604 2165 opera
2633 2095 2737 2150 Job
2776 2097 2827 2150 in
2869 2080 3245 2162 terris,'fldes,
3301 2097 3487 2165 pietas
3512 2134 3527 2159 ,
3578 2093 3802 2162 justitia,

2225 2189 2512 2249 Sanctitas,
2561 2189 2894 2253 constantia,
2938 2190 3246 2257 patientia,
3295 2187 3618 2249 tolerantia,
3655 2195 3802 2254 atque

2223 2280 2307 2334 his
2361 2279 2562 2333 similia
2615 2281 2891 2343 universa,
2927 2291 2984 2334 et
3011 2297 3208 2336 omnes
3249 2294 3380 2349 qua:
3429 2279 3685 2346 superius
3720 2277 3806 2331 de-

2224 2384 2540 2430 monstrata:
2564 2385 2694 2428 sunt
2722 2375 2969 2438 virtutes,
2995 2386 3157 2445 atque
3190 2377 3400 2430 merita
3426 2384 3483 2428 et
3504 2374 3798 2441 eleemosy-

2225 2484 2304 2522 nae
2335 2483 2524 2536 opera.
2564 2467 2688 2520 Haec
2717 2481 2952 2535 namque
2981 2476 3109 2522 sunt
3140 2483 3350 2536 magna
3386 2467 3478 2520 illa
3509 2480 3670 2534 opera
3693 2478 3801 2532 qua:

2223 2572 2379 2615 erant
2416 2563 2485 2614 ita
2519 2575 2712 2630 magna
2749 2570 2807 2612 ut
2834 2574 3003 2628 usque
3047 2560 3114 2614 ad
3150 2561 3365 2614 caelum
3419 2559 3798 2627 pertingerent.

2223 2662 2278 2705 et
2309 2666 2481 2720 usque
2507 2652 2574 2704 ad
2602 2652 2768 2704 Deum
2796 2651 3160 2718 pervenirent.
3212 2651 3294 2704 Ita
3323 2660 3487 2704 erant
3515 2663 3723 2718 magna,
3748 2657 3798 2699 ut

2225 2746 2277 2798 in
2310 2745 2656 2814 corruptione
2683 2753 2991 2812 perpetrata
3031 2744 3081 2796 in
3119 2743 3553 2810 incorruptione
3581 2742 3796 2794 fuissent

2226 2839 2538 2908 praedicata.
2582 2837 2728 2890 Inter
2754 2836 3000 2890 homines
3026 2836 3200 2898 facta,
3244 2838 3395 2889 inter
3426 2834 3648 2904 angelos
3682 2839 3797 2886 sunt

2227 2927 2529 2982 mirificata.
2555 2927 2701 2990 llaec,
2734 2928 2978 2994 inquam,
3007 2927 3224 2980 fuerunt
3256 2926 3367 2980 Job
3400 2940 3596 2989 magna
3623 2937 3797 2993 opera.

2229 3019 2294 3073 Et
2330 3023 2415 3074 ubi
2449 3023 2559 3076 haec
2593 3021 2843 3075 fuerunt?
2868 3022 2922 3074 ln
2957 3030 3121 3082 terra,
3161 3020 3372 3089 inquit.
3401 3019 3461 3072 in
3495 3032 3600 3086 qua
3625 3015 3802 3070 terra?

560 3113 691 3166 Tale
718 3127 848 3182 ergo
876 3123 993 3166 erat
1023 3113 1383 3166 ministerium
1429 3110 1532 3166 Job
1572 3111 1796 3165 nimium
1822 3111 2121 3179 copiosum.
2153 3117 2194 3175 C
2226 3115 2466 3168 Primum
2493 3116 2710 3182 quidem
2745 3115 2794 3167 in
2825 3127 2886 3165 ea
2915 3127 3034 3180 quae
3056 3114 3153 3164 sub
3183 3113 3342 3167 caelo
3369 3121 3455 3165 est
3489 3121 3652 3164 terra.
3685 3107 3800 3160 Item

563 3207 868 3262 Secundum
931 3205 1330 3260 multitudinem
1382 3206 1526 3259 enim
1584 3205 1849 3258 bonorum
1902 3219 2122 3273 operum

559 3301 699 3370 ejus,
741 3297 1081 3368 multiplicati
1115 3307 1244 3351 sunt
1279 3297 1527 3351 etelestes
1557 3296 1792 3351 ministri
1821 3305 1985 3365 atque
2026 3311 2125 3348 an-

558 3391 664 3461 geli
699 3391 788 3460 qui
840 3390 892 3444 in
930 3397 1220 3458 conspectu
1272 3387 1366 3442 Dei
1421 3396 1809 3444 atteStarentur
1848 3388 2126 3443 beneficiis

559 3482 727 3537 illius.
757 3481 909 3538 Unus
934 3497 1066 3537 sane
1093 3480 1364 3535 devotioni
1407 3482 1570 3535 animi
1604 3483 1717 3549 ejus
1745 3482 2123 3543 attestabatur,

561 3573 701 3627 alius
743 3585 920 3629 autem
969 3573 1333 3642 eleemosynis
1374 3573 1490 3640 ejus
1539 3587 1602 3626 ac
1658 3573 2122 3634 miserationibus,

563 3666 703 3721 alius
759 3667 1108 3722 nihilominus
1168 3667 1414 3721 sollicitis
1473 3666 1743 3735 precibus,
1815 3665 1953 3720 alius
2003 3679 2127 3718 vero

558 3759 1014 3828 justitiazjudieii,
1046 3762 1320 3828 patientiae
1347 3777 1564 3830 quoque
1605 3776 1668 3815 ac
1729 3757 2123 3828 longanimitati

565 3859 729 3916 atque
760 3850 1047 3903 eharitatis
1083 3849 1419 3917 plenitudini.
1452 3851 1651 3903 Otones
1683 3849 1892 3903 scilicet
1918 3848 2128 3901 cunctis

565 3941 685 4003 ejus
717 3938 1008 3993 virtutibus
1064 3941 1464 3992 attestabantur
1515 3941 1565 3993 in
1611 3951 1898 4008 conspectu
1947 3940 2126 3991 omnia

567 4030 901 4098 praescientis
932 4028 1046 4082 Dei.
1079 4026 1341 4081 Omnibus
1361 4029 1540 4096 itaque
1566 4029 1738 4082 modis
1770 4026 2128 4078 ministerium

567 4123 844 4192 copiosum
871 4132 988 4176 erat
1025 4124 1186 4177 beato
1223 4122 1344 4178 Job.
1386 4121 1553 4187 Quale
1582 4129 1744 4189 putas
1777 4119 1851 4172 illi
1881 4118 1996 4173 fieri
2033 4119 2129 4172 ob-

566 4215 813 4283 sequium
862 4215 928 4268 ad
983 4216 1407 4284 susceptionem,
1468 4221 1520 4264 et
1573 4211 1866 4280 gloriosum
1914 4223 2128 4277 quoque

571 4307 855 4370 honorem,
876 4319 908 4357 o
925 4305 1116 4370 amice,
1140 4318 1262 4358 cum
1294 4303 1469 4355 anima
1494 4301 1609 4370 ejus
1635 4300 1824 4355 exiens
1842 4301 1906 4354 de
1936 4315 2131 4370 corpo-

569 4414 632 4452 re
660 4400 726 4452 ad
761 4397 886 4452 illud
917 4397 1170 4452 saeculum
1207 4397 1480 4458 transiret,
1517 4410 1636 4448 cum
1669 4393 1741 4448 illi
1779 4402 2134 4447 occurrerent

575 4505 763 4544 omnes
791 4490 990 4559 angeli,
1019 4489 1237 4558 quando
1261 4491 1455 4558 gavisae
1497 4495 1621 4541 sunt
1659 4487 1724 4538 ad
1747 4500 1867 4538 eum
1896 4484 2136 4538 omnium
2169 4474 2212 4528 D

573 4592 883 4638 sanctorum
917 4583 1133 4644 animae,
1151 4583 1363 4650 quando
1385 4593 1573 4634 omnes
1599 4578 1789 4631 anima:
1817 4577 2135 4630 miserorum

570 4687 735 4746 atque
797 4676 1035 4745 inopum,
1081 4675 1275 4744 quibus
1333 4688 1492 4743 super
1548 4681 1748 4726 terram
1788 4669 2135 4730 benefecerit,

569 4767 846 4824 beneficiis
905 4768 1020 4835 ejus
1055 4776 1318 4821 attestatte
1370 4766 1536 4821 sunt?
1583 4763 1710 4830 Quae
1773 4763 2037 4815 universa:
2085 4764 2134 4812 in

571 4863 748 4916 lucem
795 4861 904 4914 illic
946 4861 1301 4929 procedentes
1339 4859 1586 4929 gloriosa:
1639 4864 1934 4910 occurrunt
1978 4861 2140 4920 atque

572 4964 776 5010 sanctae
803 4961 1125 5006 attestantur
1158 4967 1261 5006 non
1293 4951 1463 5004 solum
1497 4950 1661 5004 solius
1696 4949 1796 5003 Job
1820 4947 2132 5008 virtutibus,

574 5044 666 5097 sed
711 5053 764 5097 et
801 5044 1052 5097 omnibus
1102 5041 1194 5110 qui
1247 5041 1496 5095 similiter
1539 5051 1598 5094 ut
1635 5039 1734 5094 Job
1763 5040 2136 5108 eleemosynas

576 5135 787 5189 miseris
823 5150 888 5190 ac
946 5134 1209 5188 beneficia
1270 5131 1576 5186 infelicibus
1617 5132 1958 5200 impertiant.
2015 5128 2140 5182 Haec

578 5225 852 5285 universa,
887 5226 1009 5294 quia
1040 5225 1191 5288 dicit,
1223 5223 1290 5276 Et
1319 5224 1666 5276 ministerium
1705 5224 1927 5275 nimium
1963 5221 2139 5290 capio-

578 5331 715 5368 sum.
771 5316 1004 5386 Postque
1035 5317 1316 5388 iadjieieus
1380 5316 1550 5369 dicit:
1583 5313 1747 5368 Erant
1794 5329 1949 5382 opera
1997 5313 2139 5366 illius

578 5424 768 5476 magna
791 5411 842 5460 in
867 5412 1041 5463 terris.
1074 5409 1313 5462 Primum
1347 5421 1480 5462 sane
1508 5420 1669 5473 opera
1701 5421 1891 5474 magna
1923 5407 2142 5460 fuerunt

583 5499 682 5559 illi,
709 5499 757 5550 id
797 5508 898 5562 est,
939 5499 1051 5568 agri
1093 5509 1149 5553 et
1186 5500 1371 5561 vineit,
1426 5495 1623 5549 fruteta
1668 5502 1720 5550 et
1772 5496 1988 5550 oliveta.
2045 5493 2138 5549 lla:

583 5605 813 5658 uanique
840 5601 994 5644 erant
1023 5593 1362 5660 antiquorum
1390 5590 1618 5655 divitiae,
1649 5589 1766 5643 haec
1790 5599 1910 5644 erat
1941 5589 2139 5658 prisco-

658 5705 701 5736 ³⁵
744 5705 843 5757 Job
893 5721 929 5767 ι,
967 5705 1018 5758 5.
1118 5705 1162 5735 ³⁸
1187 5705 1304 5758 Act.
1338 5720 1393 5767 χ,
1425 5702 1474 5757 4.
1555 5703 1596 5734 ⁸⁷
1628 5701 1790 5758 Hebr.
1818 5705 1964 5770 1,14.

584 5777 626 5807 δ’
656 5775 810 5830 1ἰ·υν.
841 5791 953 5831 xiv.
1028 5774 1071 5806 ”
1103 5773 1201 5829 Job
1241 5790 1278 5838 ι,
1306 5775 1358 5827 5.

2043 5705 2086 5737 ³⁸
2114 5703 2254 5761 Psal.
2286 5723 2393 5772 cm,
2417 5709 2470 5761 4.

2234 3208 2287 3260 in
2319 3215 2532 3259 terreno
2575 3207 2691 3274 ejus
2735 3219 2980 3272 corpore.
3039 3203 3281 3257 Omnem
3343 3205 3490 3257 enim
3541 3201 3798 3260 virtutem,

2233 3314 2448 3354 omnem
2470 3298 2931 3367 justifieationem,
2953 3311 3112 3349 omne
3134 3311 3280 3364 opus
3303 3304 3582 3357 sanctum,
3603 3304 3800 3345 omnem

2235 3390 2578 3444 tolerantiam
2606 3405 2726 3443 cum
2752 3389 3044 3458 gratiarum
3078 3389 3402 3441 actionibus
3431 3425 3445 3450 ,
3478 3386 3720 3438 universa
3750 3381 3797 3432 in

2235 3481 2338 3534 hoc
2369 3494 2598 3548 corpore
2627 3489 2840 3532 terreno
2869 3478 3112 3546 perfecit,
3162 3487 3216 3531 et
3257 3475 3612 3545 supportavit
3651 3481 3798 3539 atque

2236 3572 2511 3627 sustinuit.
2546 3571 2720 3624 Testis
2741 3579 2826 3624 est
2849 3572 2964 3639 ipse
2997 3571 3181 3625 dicens
3203 3571 3269 3624 de
3307 3571 3515 3623 virtute
3539 3567 3628 3620 Dei
3653 3573 3800 3633 atque

2236 3664 2608 3733 magnitudine
2644 3682 2655 3716 :
2689 3662 2792 3728 Qui
2847 3665 3197 3716 suscitaturus
3254 3672 3337 3716 est
3391 3662 3580 3730 pellem
3617 3670 3795 3720 meam,

2235 3777 2350 3830 quae
2374 3761 2547 3812 hausit
2578 3760 2687 3810 limo
2719 3757 2859 3811 mala
2893 3759 2957 3811 “.
3009 3758 3243 3823 P05tque
3299 3757 3558 3810 universa
3582 3797 3595 3816 ,
3639 3764 3795 3820 opera

2236 3867 2427 3921 magna
2471 3851 2771 3905 erautJob.
2828 3851 2972 3904 Ubi?
3017 3853 3072 3904 In
3109 3860 3276 3913 terra,
3345 3849 3544 3918 inquit.
3595 3846 3648 3899 In
3697 3860 3793 3912 qua

2239 3945 2422 3998 terra?
2450 3943 2504 3996 In
2535 3953 2674 3996 terra
2703 3943 3123 4010 incorruptibili,
3147 3943 3198 3995 in
3227 3954 3379 3996 terra
3409 3936 3715 4000 immortali,
3741 3935 3791 3987 in

2239 4043 2382 4088 terra
2419 4035 2737 4097 viventium,
2765 4035 2816 4088 in
2851 4033 3210 4088 tabernaculis
3235 4032 3509 4099 justorum
3534 4071 3549 4094 ,
3578 4028 3663 4082 ubi
3694 4039 3790 4080 non

2238 4137 2320 4179 est
2357 4125 2645 4179 infirmitas
2705 4140 2880 4193 neque
2934 4140 3080 4179 mors
3106 4165 3120 4189 ,
3183 4127 3327 4178 unde
3369 4123 3509 4192 fugit
3555 4119 3703 4175 dolor
3743 4123 3794 4170 et

2242 4219 2459 4270 tristitia
2519 4226 2679 4284 atque
2727 4218 2975 4287 gemitus.
3036 4217 3147 4271 Illic
3205 4232 3337 4287 ergo
3403 4227 3593 4284 magna
3649 4213 3791 4264 erant

2239 4323 2400 4378 opera
2454 4308 2579 4374 Job,
2630 4309 2739 4361 illic
2789 4309 3160 4364 demonstrata
3193 4319 3321 4362 sunt
3359 4319 3523 4376 atque
3561 4313 3788 4361 ostensa,

2241 4403 2352 4456 illic
2386 4401 2647 4456 distincta
2678 4412 2842 4470 atque
2871 4403 3237 4456 manifestata.
3270 4403 3371 4456 Hic
3403 4400 3658 4471 perfecta,
3687 4393 3788 4448 illic

2241 4504 2421 4548 autem
2495 4494 2899 4560 demonstrata;
2969 4495 3059 4548 hic
3117 4496 3422 4559 seminata,
3495 4491 3602 4545 illic
3670 4499 3789 4540 vero

2239 4601 2414 4640 messa
2445 4602 2460 4650 ;
2492 4587 2583 4641 hic
2617 4587 2888 4657 dispersa,
2913 4587 3021 4640 illic
3053 4597 3233 4640 autem
3265 4587 3496 4640 collecta
3525 4601 3539 4643 :
3574 4581 3659 4635 hic
3686 4577 3784 4631 Deo

2240 4678 2502 4740 fenerata.
2529 4681 2636 4735 illic
2683 4697 2810 4735 vero
2841 4698 2959 4735 cum
2997 4676 3165 4751 gloria
3214 4697 3241 4737 a
3284 4682 3394 4737 Deo
3435 4672 3786 4734 fenerautibus

2241 4772 2535 4825 redhibita.
2577 4772 2678 4838 Qui
2735 4776 2876 4827 enim
2915 4774 3202 4828 miseretur
3252 4774 3503 4845 pauperis
3529 4810 3545 4834 ,
3590 4769 3784 4822 fenerat

2242 4862 2351 4915 Deo
2381 4863 2445 4916 “.
2480 4864 2793 4920 Secundum
2826 4873 3004 4921 autem
3034 4867 3217 4921 datum
3251 4867 3395 4921 illius
3423 4862 3678 4919 retribuet
3711 4852 3780 4907 illi

2246 4953 2526 5010 Dominus.

2259 5078 2266 5088 ι
2321 5046 2447 5101 Post
2490 5049 2604 5102 bmc
2635 5057 2812 5101 autem
2841 5048 3092 5102 universa
3119 5088 3133 5110 ,
3166 5048 3508 5101 novissimam
3540 5038 3776 5092 virtutem

2242 5136 2342 5192 Job
2366 5139 2734 5204 demonstrat,
2764 5138 2950 5192 dicens
2987 5156 3001 5191 :
3033 5135 3157 5189 Fuit
3199 5149 3372 5190 autem
3416 5135 3500 5186 hic
3537 5135 3682 5182 homo
3717 5120 3778 5173 de

2244 5245 2427 5298 genere
2452 5230 2668 5297 Optimo,
2697 5244 2760 5281 ex
2786 5229 3026 5295 partibus
3061 5229 3290 5282 Orientis
3336 5229 3398 5280 “.
3442 5224 3565 5277 Item
3611 5223 3774 5269 autem

2245 5331 2298 5374 et
2329 5319 2449 5373 istic
2481 5317 2832 5388 singulariter
2859 5317 3011 5371 illum
3039 5319 3282 5387 designat
3332 5326 3487 5385 atque
3510 5308 3765 5364 memorat.

2247 5409 2343 5464 llic
2372 5412 2535 5465 homo
2566 5409 2875 5480 singularis,
2905 5421 3165 5474 semoms,
3194 5410 3283 5477 qui
3310 5409 3360 5462 in
3389 5417 3542 5460 carne
3570 5405 3767 5464 separa-

2247 5502 2406 5556 vitea
2439 5517 2557 5571 quae
2593 5502 2778 5565 carnis
2812 5511 2976 5565 sunt,
3028 5501 3117 5569 qui
3159 5502 3299 5553 inter
3340 5495 3573 5553 homines
3623 5491 3769 5549 super

2247 5592 2495 5647 homines
2527 5592 2648 5656 fuit,
2680 5593 2848 5662 quiin
2885 5593 3046 5648 terris
3073 5603 3209 5655 erat,
3242 5601 3294 5646 et
3315 5586 3542 5645 cmlestia
3567 5576 3766 5646 agebal;

2550 5709 2592 5739 ³³
2624 5707 2759 5764 Τοι).
2789 5725 2884 5764 xu.
2961 5709 3006 5740 ⁴⁰
3029 5709 3163 5762 Gen.
3193 5723 3273 5771 Ill,
3309 5706 3390 5760 l9.
3481 5700 3518 5730 “
3541 5693 3631 5750 Job
3661 5699 3762 5741 nx.
