3992 6312
184 398 278 451 589

1254 392 1633 451 ANONYMUS
1671 385 1737 447 IN
1776 386 1914 449 JOB.
1956 425 2024 435 —
2060 390 2186 449 LIB.
2228 392 2269 449 1.

3310 395 3414 451 590

186 510 260 566 hic
312 511 478 567 homo
534 512 651 568 sine
694 511 907 583 querela
956 518 1153 580 Justus,
1214 528 1375 569 verus
1412 514 1505 569 Dei
1551 515 1745 579 cultor,
1775 520 1823 574 Α
1851 515 2138 578 bertatem,
2174 523 2229 569 et
2256 514 2413 583 digne
2439 514 2577 568 bene
2606 522 2762 568 natus
2791 514 3018 569 dicitur:
3046 514 3133 568 hic
3154 527 3287 567 sane
3318 529 3413 568 ve-

182 602 457 660 abstineus
482 620 543 659 se
569 605 637 659 ab
661 605 805 660 omni
833 619 892 658 re
935 605 1111 670 mala;
1156 604 1248 660 hic
1291 621 1419 676 ergo
1449 606 1516 661 de
1544 620 1743 675 genere

178 695 395 762 Optimo,
433 712 501 751 ex
532 697 779 765 partibus
807 695 1045 751 Orientis
1072 737 1087 761 ,
1132 707 1385 766 tanquam
1428 696 1473 751 si
1514 697 1745 761 diceret,

179 788 418 841 omnibus
455 789 552 856 qui
588 798 715 842 sunt
769 788 823 841 in
870 788 1119 857 partibus
1158 788 1394 843 Orientis
1434 789 1746 857 generosior

176 887 325 947 atque
358 879 560 933 melior
611 878 736 940 fuit.
796 880 1031 934 nobilior
1095 880 1184 935 hic
1241 888 1407 950 atque
1461 880 1745 935 sublimior

174 980 299 1025 erat.
357 969 475 1026 Hoc
508 986 746 1040 namque
784 972 1165 1026 demonstrans
1205 973 1335 1026 dicit
1366 990 1379 1025 :
1410 972 1537 1026 Fuit
1571 983 1743 1027 autent

173 1065 249 1115 hic
279 1064 437 1115 homo
468 1066 538 1116 de
562 1079 744 1132 genere
773 1065 993 1131 optimo,
1018 1078 1084 1117 ea:
1106 1066 1341 1132 partibus
1364 1064 1610 1120 Orientis.
1637 1068 1761 1122 Sed'

174 1156 321 1210 liceat
353 1156 698 1225 respondere
727 1156 1013 1222 scribenti,
1039 1168 1094 1211 et
1120 1158 1302 1211 dicere
1326 1173 1339 1208 :
1368 1159 1518 1214 Unde
1546 1158 1645 1215 Job
1675 1161 1743 1215 de

173 1261 363 1315 genere
399 1248 657 1317 optimo?
705 1248 762 1302 Si
811 1263 879 1303 ex
929 1249 1104 1302 Adam
1137 1259 1189 1303 et
1218 1250 1361 1315 Eva,
1405 1252 1742 1320 przevaricati

174 1346 407 1404 suntper
438 1339 893 1394 inobedientiam.
925 1339 982 1393 Si
1005 1355 1069 1393 ex
1089 1339 1250 1403 Esau,
1270 1342 1371 1395 sub
1400 1342 1742 1397 maledictum

174 1430 419 1483 redactus
449 1439 537 1484 est
565 1429 862 1485 aviditatis.
892 1428 950 1484 Si
974 1446 1039 1485 ex
1071 1431 1195 1485 ﬁliis
1214 1431 1376 1497 Esau,
1412 1435 1556 1502 impii
1583 1437 1747 1490 exsti-

175 1526 347 1571 terunt
399 1521 576 1574 etiam
637 1519 676 1574 ii
737 1530 956 1589 propter
1012 1523 1412 1579 contumeliam.
1468 1526 1745 1592 Quomodo

170 1624 291 1679 ergo
318 1611 389 1664 de
413 1625 617 1679 genere
640 1612 843 1681 optimo
871 1623 992 1667 erat
1020 1617 1109 1682 qui
1140 1616 1207 1668 de
1244 1616 1444 1671 talibus
1476 1620 1745 1672 nasceba-

173 1700 291 1751 tur?
322 1699 530 1755 Ruben
560 1701 953 1771 primogenitus
979 1702 1163 1768 Jacob,
1193 1715 1249 1758 et
1269 1705 1487 1760 Simeon
1516 1717 1569 1762 et
1596 1707 1747 1770 Levi,

169 1789 253 1858 qui
275 1807 345 1844 ex
384 1792 555 1846 lsrael
583 1802 710 1848 sunt
741 1794 1030 1863 progeniti.
1062 1797 1126 1848 de
1162 1811 1363 1865 genere
1405 1798 1609 1867 optimo
1642 1814 1746 1852 non

168 1882 437 1936 dicuntur
470 1883 609 1938 :Job
647 1899 776 1938 vera
804 1885 896 1952 qui
928 1901 992 1938 ex
1024 1887 1205 1954 impiis
1232 1899 1386 1942 ortus
1412 1898 1522 1954 est,
1553 1890 1603 1943 id
1642 1899 1745 1950 est,

166 1985 228 2025 ex
262 1973 406 2028 ﬁliis
440 1975 605 2039 Esau,
634 1976 723 2043 qui
758 1990 824 2029 ex
856 1977 1101 2043 prosapia
1133 1978 1299 2031 Ednm
1342 1990 1497 2033 natus
1526 1990 1628 2041 est,
1661 1982 1750 2036 hic

165 2063 229 2118 de
261 2081 480 2134 genere
504 2068 713 2136 optimo
742 2068 944 2121 dicitur
982 2084 996 2116 :
1034 2070 1162 2136 Ego,
1196 2071 1390 2139 inquit,
1414 2088 1518 2125 non
1552 2088 1748 2127 carna-

163 2155 273 2207 lem
325 2158 679 2211 nativitatem
729 2173 936 2227 quaero,
993 2174 1097 2212 non
1145 2161 1415 2215 carnalem
1443 2164 1752 2230 generatio-

162 2260 297 2299 nem
332 2247 608 2313 siguiﬁco,
644 2264 747 2301 non
784 2261 1096 2316 pereuntem
1124 2253 1542 2319 generositatem
1570 2255 1747 2309 laudo.

160 2338 312 2391 Nam
352 2340 472 2393 haec
502 2340 638 2409 apud
668 2341 829 2393 Demn
865 2357 968 2392 non
1005 2343 1181 2408 magni
1218 2344 1545 2411 penduntur,
1578 2347 1690 2401 haec
1720 2366 1749 2403 a

165 2430 446 2484 Creatore
488 2448 591 2485 non
618 2434 986 2501 requiruntur.
1032 2433 1184 2487 Sicut
1212 2436 1359 2487 enim
1402 2452 1507 2490 non
1536 2450 1751 2495 constat

171 2523 316 2589 apud
349 2521 519 2576 Deum
557 2538 799 2592 personae
829 2525 1017 2591 gloria,
1041 2526 1119 2578 sic
1139 2539 1237 2580 nec
1279 2528 1573 2594 requiritur
1600 2532 1666 2584 ab
1687 2546 1751 2585 eo

175 2613 424 2665 carnalis
455 2615 813 2679 generositas.
853 2613 1044 2667 Merito
1077 2615 1142 2666 de
1171 2628 1370 2681 genere
1395 2617 1598 2682 optimo
1622 2616 1752 2671 dici-

178 2712 262 2757 tur
284 2702 414 2757 Job.
447 2703 561 2756 Non
596 2720 662 2759 ex
700 2704 873 2769 Esau,
910 2720 1083 2772 neque
1116 2720 1181 2759 ex
1208 2706 1523 2774 posteritate
1559 2707 1751 2773 Edom,

179 2797 269 2850 sed
294 2797 363 2850 de
392 2812 595 2864 genere
628 2797 833 2866 optimo
862 2798 1062 2851 dicitur
1094 2797 1191 2852 Iob
1214 2839 1230 2864 ,
1260 2812 1328 2852 ex
1376 2800 1666 2855 sanctitate
1694 2809 1749 2854 et

175 2888 412 2956 iustitia,
462 2904 528 2943 ex
577 2890 803 2958 pietate,
835 2905 899 2943 ex
932 2889 1055 2952 ﬁde,
1106 2905 1171 2943 ex
1224 2890 1632 2960 misericordia,
1685 2909 1751 2947 ex

184 2979 269 3033 Dei
299 2978 541 3042 cultura,
565 2993 630 3032 ex
657 2995 784 3033 vero
808 2981 1013 3045 animo,
1043 2996 1108 3033 ex
1140 2980 1301 3035 corde
1319 2996 1475 3049 puro,
1507 2997 1573 3036 ex
1597 2983 1750 3039 bonis

182 3071 629 3140 cogitationibus.
678 3071 752 3125 Ex
796 3072 913 3126 istis
958 3087 1084 3142 ergo
1128 3074 1378 3128 omnibus
1416 3073 1552 3127 bene
1596 3082 1752 3130 natus

181 3178 292 3219 esse
320 3165 536 3219 dicitur
564 3164 665 3220 Job
689 3206 704 3231 ,
753 3180 818 3219 ex
850 3166 967 3219 istis
1000 3165 1250 3220 omnibus
1281 3162 1593 3237 generosiOr
1632 3182 1752 3223 esse

182 3265 489 3325 reputatur,
528 3257 682 3323 quasi
714 3259 766 3309 in
802 3257 893 3309 Dei
928 3257 1297 3313 familiaritate
1319 3300 1333 3323 ,
1368 3258 1520 3326 quasi
1554 3259 1604 3312 in
1657 3259 1751 3314 Dei

184 3348 428 3404 dientela
459 3389 473 3415 ,
521 3358 778 3419 tanquam
816 3351 907 3420 qui
948 3352 1057 3406 Deo
1107 3352 1269 3407 fuerit
1317 3351 1488 3407 afﬁnis
1534 3366 1754 3424 propter

186 3446 417 3500 animam
457 3462 642 3502 veram
670 3456 725 3500 et
766 3446 938 3501 ﬁdem;
983 3455 1144 3517 atque
1172 3447 1434 3517 justitiam
1465 3450 1747 3519 integram.

185 3534 533 3592 Benenatqu
561 3554 682 3592 eum
730 3539 1083 3593 reddiditnon
1126 3541 1319 3595 terreni
1346 3550 1545 3609 patres,
1580 3556 1754 3611 neque

186 3629 258 3682 avi
292 3630 574 3695 carnales,
613 3631 705 3685 sed
738 3645 903 3699 Opera
962 3632 1243 3699 veritatis,
1306 3642 1469 3700 atque
1521 3632 1751 3687 oﬁicium

188 3722 510 3787 sanctitatis,
552 3736 649 3777 nec
691 3737 796 3775 non
844 3731 900 3776 et
945 3722 1163 3775 sincera
1200 3722 1345 3775 circa
1390 3722 1555 3776 Deum
1606 3738 1748 3791 spes.

188 3813 303 3879 Quis
333 3826 467 3870 erat
497 3814 727 3869 nobilior
778 3814 862 3867 vel
917 3814 1234 3883 generosior
1276 3814 1445 3868 Cham
1492 3815 1599 3869 ﬁlio
1639 3813 1752 3869 Noe

188 3911 459 3972 mediano,
506 3908 596 3977 qui
626 3917 679 3961 et
721 3922 788 3961 ex
822 3908 991 3977 patris
1046 3908 1331 3963 nobilitate
1368 3922 1483 3963 erat
1534 3908 1748 3972 nobilis,

189 4010 235 4052 et
282 4016 347 4055 ex
414 3999 512 4053 Dei
561 3999 941 4053 benedictione
990 4008 1155 4068 atque
1224 4000 1491 4067 colloquio
1556 3999 1750 4053 nobilis

190 4102 290 4144 erat
335 4101 402 4146 et
450 4090 716 4144 illustris?
783 4088 888 4144 Sed
952 4090 1086 4144 nihil
1134 4090 1273 4160 juvit
1341 4089 1528 4153 illum,
1577 4103 1750 4157 neque

191 4182 270 4237 Dei
354 4181 691 4250 colloquium
727 4220 743 4245 ,
823 4193 998 4250 neque
1059 4180 1334 4235 Creatoris
1397 4180 1744 4246 benedictio,

190 4287 351 4343 neque
412 4274 584 4343 patris
635 4273 882 4341 iustitia,
938 4287 1060 4326 cum
1116 4272 1232 4341 ipse
1292 4271 1643 4327 declinaverit
1716 4286 1746 4325 a

187 4362 397 4429 iustitia
422 4375 479 4418 ut
509 4365 838 4433 impietatem
867 4365 1154 4432 arriperet,
1185 4373 1407 4433 propter
1424 4378 1581 4431 quam
1603 4362 1748 4432 juste

193 4456 500 4511 humiliatus
528 4457 775 4511 redactus
799 4466 882 4510 est
910 4456 961 4509 in
988 4454 1330 4508 maledictum
1365 4463 1525 4523 atque
1556 4454 1607 4506 in
1632 4468 1747 4507 ser-

1850 607 2046 661 raciter
2078 621 2373 675 generosus
2402 616 2765 672 nuncupatur,
2790 608 2913 674 quia
2933 608 3233 661 libertatem
3268 606 3411 660 illam

1848 713 1967 764 quae
2003 699 2071 751 ab
2098 698 2252 751 initio
2286 697 2611 751 naturaliter
2633 708 2714 751 est
2742 713 3019 761 concessa,
3056 708 3279 767 peccato
3307 715 3413 752 non

1848 786 2082 851 vitiavit,
2120 800 2295 855 neque
2347 786 2548 841 delicto
2580 788 2889 841 maculavit.
2918 786 3063 841 Talis
3119 805 3248 860 ergo
3296 798 3415 843 erat

1847 880 2039 935 beatus
2072 877 2196 943 Job,
2229 878 2363 932 foris
2394 881 2463 932 ab
2489 881 2636 933 omni
2692 881 2919 934 crimine
2980 879 3161 945 justus
3183 918 3201 945 ,
3248 896 3413 935 verax

1848 971 1942 1026 Dei
1974 971 2173 1036 cultor,
2203 970 2485 1025 abstinens
2509 986 2568 1025 se
2594 971 2662 1024 ab
2692 971 2841 1024 muni
2867 985 2925 1023 re
2941 970 3105 1023 mala.
3131 971 3268 1041 Ergo
3290 974 3415 1038 quia

1846 1062 1974 1117 talis
2007 1071 2127 1116 erat
2153 1077 2337 1116 coram
2378 1061 2508 1125 Deo,
2553 1062 2748 1115 merito
2798 1062 2958 1131 digne
2998 1062 3196 1116 dicitur
3225 1063 3289 1117 de
3321 1078 3415 1133 ge-

1846 1171 1973 1211 nere
2000 1170 2122 1211 esse
2153 1156 2383 1225 optimo.
2409 1155 2543 1209 Nam
2578 1155 2701 1223 quis
2751 1145 2891 1209 vere'
2912 1155 3053 1209 bene
3082 1156 3186 1207 erit
3217 1164 3374 1208 natus
3397 1192 3413 1217 ,

1847 1248 1949 1303 nisi
1981 1248 2027 1302 is
2061 1248 2151 1317 qui
2175 1248 2413 1301 divinam
2447 1247 2784 1299 nativitatem
2834 1255 2997 1314 atque
3047 1245 3415 1299 conditionem

1847 1339 2115 1406 integram
2145 1336 2590 1391 conservaverit?
2625 1334 2777 1389 Sicut
2809 1336 3151 1390 admirabilis
3174 1334 3265 1388 ille
3293 1333 3413 1397 Job,
3469 1343 3476 1359 ‘

1848 1430 1937 1498 qui
1967 1430 2127 1499 digne
2150 1444 2214 1484 ac
2246 1428 2394 1496 juste
2423 1430 2561 1482 bene
2592 1436 2751 1482 natus
2782 1426 3110 1495 appellatur,
3155 1442 3260 1481 non
3290 1428 3417 1496 quia

1848 1535 1913 1574 ex
1962 1520 2104 1575 Esau
2148 1520 2501 1590 generatione
2531 1518 2825 1571 carnaliter
2863 1517 3027 1571 fuerit
3070 1531 3229 1571 orsus
3257 1557 3272 1581 ,
3324 1518 3417 1571 sed

1848 1614 1976 1682 quia
2006 1614 2276 1667 Abraham
2304 1626 2403 1680 per
2426 1611 2535 1665 Deo
2565 1610 2818 1665 dilectam
2850 1608 3006 1663 ﬁdem
3038 1618 3122 1663 est
3153 1608 3416 1671 imitatus,

1849 1713 1904 1758 et
1929 1704 2057 1772 quia
2091 1702 2240 1757 Isaac
2267 1704 2319 1756 in
2349 1701 2636 1755 verissima
2670 1702 2927 1755 castitate
2956 1710 3038 1754 est
3066 1708 3301 1755 sectatus
3321 1739 3336 1763 ,
3364 1708 3419 1753 et

1851 1794 2015 1848 Israel
2040 1794 2091 1847 in
2120 1795 2408 1863 perspicua
2434 1792 2614 1846 cordis
2644 1792 2876 1861 puritate
2919 1791 3369 1861 appropinquavit
3396 1831 3412 1852 ,

1849 1896 1903 1940 et
1931 1884 2321 1939 Melchisedech
2346 1884 2401 1937 in
2431 1883 2660 1935 ﬁliorum
2699 1883 3089 1948 immolatione,
3132 1893 3187 1938 et
3210 1881 3414 1951 Joseph

1852 1976 1905 2029 in
1942 1976 2209 2039 castitate,
2241 1984 2296 2028 et
2336 1973 2504 2044 Moysi
2532 1974 2584 2026 in
2630 1976 3063 2037 mansuetudine,
3094 1983 3148 2027 et
3177 1973 3416 2027 Samueli

1854 2067 1907 2120 in
1932 2066 2164 2135 justitia,
2180 2075 2234 2121 et
2252 2067 2459 2120 Lazaro
2482 2064 2535 2118 in
2558 2065 2812 2134 passione
2827 2065 3039 2134 iudicii.
3061 2071 3224 2135 atque
3244 2064 3417 2120 omni-

1850 2156 1953 2210 bus
1975 2158 2179 2211 sanctis
2206 2157 2257 2209 in
2290 2156 2550 2210 omnibus
2582 2155 2902 2220 virtutibus,
2931 2156 3004 2210 ita
3048 2166 3106 2210 ut
3135 2157 3306 2225 possit
3333 2156 3417 2211 di-

1851 2263 1975 2303 cere
1995 2249 2160 2303 etiam
2196 2249 2311 2317 ipse
2345 2264 2471 2302 cum
2504 2257 2695 2303 sancto
2749 2248 2918 2302 David
2953 2266 2966 2301 :
3007 2248 3272 2316 Particeps
3324 2264 3416 2317 ego

1850 2357 1964 2394 sum
1994 2342 2225 2393 omnium
2245 2341 2538 2392 timentium
2562 2350 2631 2402 te,
2660 2350 2705 2393 et
2734 2340 3140 2393 custodientium
3169 2340 3418 2391 mandata

1852 2443 1941 2484 tua
1970 2431 2036 2483 “.
2097 2432 2236 2499 Ergo
2270 2431 2399 2500 quia
2443 2433 2689 2485 omnium
2750 2441 3068 2488 sanctorum
3116 2430 3420 2484 sanctitatis

1850 2523 2121 2592 particeps
2152 2522 2378 2578 elfectus
2411 2534 2492 2579 est
2521 2524 2713 2579 beatus
2758 2522 2891 2587 Job,
2933 2521 3137 2575 ideirco
3160 2521 3419 2590 dignere:

1851 2629 2047 2684 genere
2091 2616 2299 2685 optimo
2332 2615 2503 2671 fuisse
2551 2617 2729 2671 dictus
2758 2625 2862 2680 est,
2910 2624 3097 2684 utpote
3150 2616 3313 2670 totius
3336 2615 3419 2681 ju-

1852 2706 2015 2760 stitiae
2062 2709 2400 2762 nobilitatem
2449 2709 2502 2763 in
2541 2723 2599 2763 se
2628 2719 2883 2776 gestans,
2940 2716 3125 2776 utpote
3174 2710 3418 2762 omnium

1852 2801 2157 2855 amicorum
2193 2798 2404 2853 Domini
2438 2798 2737 2853 libertatem
2771 2799 2827 2851 in
2860 2812 2917 2852 se
2948 2798 3250 2852 continens.
3299 2794 3416 2849 Non

1851 2893 2106 2947 dicuntur
2136 2894 2309 2946 Amon
2334 2892 2420 2946 vel
2450 2892 2687 2947 Absalon
2712 2893 2849 2947 bene
2887 2891 2994 2945 nati
3029 2909 3042 2945 :
3080 2898 3418 2959 negaverunt

1852 2987 2021 3051 enim,
2049 2995 2105 3041 et
2135 2986 2506 3043 discesserunt
2536 2997 2693 3055 atque
2719 2984 3028 3039 ceciderunt
3069 2998 3099 3037 a
3133 2982 3416 3037 sanctitate

1852 3091 1906 3133 et
1932 3079 2193 3148 dignitate
2227 3078 2395 3133 David
2433 3080 2600 3149 patris
2637 3078 2759 3133 sui:
2802 3086 2858 3131 et
2889 3076 2978 3129 alii
3031 3075 3308 3129 innumeri
3341 3075 3415 3128 si-

1780 3202 1821 3257 c
1854 3170 2056 3225 militer
2079 3181 2138 3224 ut
2187 3170 2221 3224 ii
2265 3172 2426 3240 primi
2457 3182 2509 3226 et
2542 3168 2840 3234 novissimi,
2886 3169 2976 3239 qui
3010 3182 3223 3223 omnem
3253 3167 3417 3237 justi-

1857 3262 1944 3316 tiar
1976 3262 2277 3317 libertatem
2311 3264 2623 3317 amittentes
2654 3272 2709 3315 et
2740 3262 2878 3316 servi
2930 3260 3106 3315 elfecti
3156 3259 3363 3330 peccati
3399 3298 3414 3321 ,

1853 3355 2040 3409 aeterni
2072 3355 2319 3425 supplicii
2354 3354 2496 3423 apud
2524 3352 2730 3408 inferos
2757 3352 3183 3421 comprobantur
3204 3350 3415 3405 famuli.

1854 3445 1963 3500 Nos
1989 3461 2117 3499 vero
2158 3446 2348 3513 dignos
2373 3459 2556 3498 omnes
2586 3444 2781 3497 habeat
2804 3451 3021 3496 sanctos
3043 3442 3283 3495 omnium
3314 3441 3418 3495 Do-

1853 3536 2054 3599 minus,
2089 3547 2147 3588 ut
2189 3536 2326 3590 bene
2359 3535 2469 3587 nati
2514 3536 2567 3587 in
2600 3542 2792 3587 sancta
2847 3531 3263 3599 regeneratione
3290 3544 3417 3597 per-

1855 3641 2192 3683 severemus.
2224 3625 2499 3680 Concedat
2534 3622 2884 3676 nihilominus
2914 3620 3027 3688 ipse
3058 3618 3214 3673 nobis
3257 3618 3419 3671 cmic-

1853 3722 1951 3775 stis
1985 3719 2267 3781 Dominus,
2310 3727 2365 3770 ut
2414 3717 2469 3770 in
2503 3713 2897 3783 iucorruptibili
2930 3712 3292 3782 generositate
3317 3709 3419 3763 illi-

1852 3813 1977 3866 bata
2018 3824 2476 3880 permaneamus,
2527 3822 2637 3861 non
2690 3805 2871 3860 carnis
2914 3812 3120 3857 tantum
3170 3803 3419 3856 libertate

1850 3904 2172 3973 gloriantes,
2207 3901 2299 3955 sed
2334 3901 2528 3952 animus
2560 3897 2831 3959 castitate,
2887 3896 2991 3950 ﬁde
3036 3904 3200 3963 atque
3234 3893 3416 3948 omnia

1850 4012 2031 4052 coram
2069 3994 2175 4048 Deo
2198 4002 2251 4046 et
2278 3996 2480 4049 sanctis
2534 3991 2738 4061 angelis
2788 3990 2903 4056 ejus
2938 3990 3411 4043 demonstrantes:

1838 4096 1929 4152 'ut,
1952 4085 2097 4139 liberi
2125 4088 2189 4137 ab
2211 4083 2461 4139 omnibus
2487 4082 2721 4153 peccatis
2745 4090 2799 4135 et
2824 4079 3057 4145 delictis,
3087 4078 3138 4130 in
3157 4087 3415 4131 aeternam

1849 4182 2072 4254 gloriam
2128 4194 2190 4234 ac
2234 4193 2455 4248 regnum
2508 4176 2745 4230 crelestis
2805 4172 2983 4227 Patris
3017 4171 3187 4225 nostri
3233 4170 3413 4239 regis,

1848 4291 1969 4331 cum
2008 4272 2211 4327 sanctis
2236 4271 2353 4325 sine
2392 4267 2711 4323 difﬁcultate
2742 4266 3096 4324 introeamus,
3127 4259 3302 4316 sancti
3328 4269 3416 4313 at-

1846 4383 1951 4437 que
1976 4363 2277 4419 intaminati
2310 4360 2405 4415 lilii
2444 4360 2585 4430 ejus,
2626 4364 3035 4427 perseverantes
3055 4353 3109 4405 in
3134 4349 3415 4419 praeceptis

1846 4457 1963 4525 ejus
1993 4470 2169 4525 usque
2217 4453 2268 4506 in
2312 4453 2494 4515 linem,
2528 4460 2580 4504 et
2605 4449 2909 4503 libertatem
2940 4444 3010 4499 ab
3036 4457 3100 4498 eo
3125 4442 3281 4497 nobis
3320 4442 3415 4496 do-

192 4548 428 4603 vitutem.
457 4546 588 4601 Nam
619 4547 734 4617 ipse
769 4557 922 4615 pater
958 4544 1091 4612 Noe,
1128 4546 1219 4613 qui
1277 4544 1393 4614 ejus
1440 4545 1746 4600 libertatem
1780 4537 1826 4597 ί)
1853 4561 2032 4605 natam
2063 4559 2225 4618 atque
2257 4546 2597 4600 nobilitatem
2638 4539 3043 4595 immaculalam
3071 4536 3270 4607 iugiter
3313 4549 3411 4588 cu.

192 4647 338 4709 atque
364 4641 785 4710 generositatem
814 4647 933 4692 erat
964 4638 1313 4701 defensurus,
1345 4637 1459 4705 ipse
1477 4637 1626 4707 justo
1653 4635 1746 4690 Dei

189 4728 378 4796 judicio
415 4734 469 4785 in
500 4732 848 4785 maledictum
884 4740 1046 4796 atque
1083 4728 1396 4783 servitutem
1427 4743 1548 4781 eum
1582 4727 1751 4782 dona~

193 4824 276 4879 vit.
304 4824 424 4878 Non
454 4825 601 4878 enim
625 4831 743 4877 erat
777 4822 968 4893 dignus
1020 4832 1078 4875 ut
1102 4821 1274 4891 patris
1303 4820 1550 4874 libertate
1582 4829 1745 4889 atque

195 4916 468 4969 nobilitate
498 4914 837 4984 fungeretur,
860 4927 1023 4981 quem
1055 4920 1117 4965 ut
1162 4909 1450 4979 ignobilem
1486 4910 1654 4978 impie
1680 4911 1746 4963 ad

196 5004 506 5058 derisionem
528 5004 801 5072 perduxit.
820 5003 1167 5072 Nequaquam
1189 5002 1499 5071 ergajuvat,
1515 5017 1546 5055 o
1567 5002 1749 5067 amici,

194 5106 392 5161 patrum
428 5095 639 5162 justitia
677 5096 904 5163 injustos
954 5106 1116 5165 atque
1141 5096 1337 5165 impios
1373 5095 1546 5151 ﬁlios:
1577 5105 1633 5150 et
1662 5096 1747 5148 ni-

197 5186 259 5241 hil
285 5189 436 5244 obest
460 5190 566 5258 piis
595 5198 761 5257 atque
785 5188 991 5243 sanctis
1022 5188 1147 5243 ﬁliis
1170 5196 1454 5257 parentum
1486 5187 1748 5255 iniustitia

199 5282 644 5350 atqueimpietas.
680 5281 808 5336 Sive
839 5282 983 5337 enim
1018 5293 1236 5351 patres,
1272 5283 1390 5336 sive
1434 5282 1574 5335 inter
1611 5279 1748 5335 ﬁlios

199 5371 304 5436 quis
333 5372 523 5426 fecerit
547 5383 850 5442 peccatum,
889 5373 979 5427 hic
1005 5388 1196 5428 servus
1253 5383 1337 5427 est
1384 5372 1592 5441 peccati
1624 5388 1636 5425 :
1694 5379 1748 5426 et

200 5474 305 5514 cum
335 5478 523 5518 servus
558 5466 631 5519 sit
674 5465 882 5534 peccati
910 5504 924 5527 ,
958 5464 1092 5519 liber
1127 5464 1210 5518 vel
1265 5464 1402 5517 bene
1438 5472 1593 5517 natus
1626 5477 1747 5517 esse

203 5566 290 5604 non
322 5557 723 5622 COlllpl'Oballll'.
763 5555 893 5609 Item
932 5555 1185 5609 similiter
1218 5556 1307 5625 qui
1340 5556 1482 5609 liber
1511 5565 1596 5609 est
1624 5568 1748 5623 pec-

202 5652 329 5709 tato,
356 5646 445 5701 hic
478 5648 645 5702 habet
699 5648 984 5717 ingenuam
1014 5659 1177 5717 atque
1218 5649 1436 5718 dignam
1468 5648 1659 5702 anima:
1685 5646 1750 5702 li—

265 5806 304 5836 “
331 5807 465 5860 i‘sal.
501 5822 694 5872 cxvm,
725 5806 814 5858 65.

1850 4642 2165 4697 stodientcs.
2210 4637 2300 4692 Sic
2344 4638 2527 4704 itaque
2558 4633 2811 4687 omnibus
2848 4628 3022 4682 modis
3067 4627 3204 4682 bene
3256 4633 3413 4678 natus

1852 4733 2042 4785 beatus
2073 4728 2171 4782 Job
2204 4741 2326 4781 esse
2354 4723 2712 4795 dignoscitur.
2738 4718 2887 4773 Beati
2928 4714 3235 4784 omnesqui
3262 4714 3414 4765 illum

1850 4821 2058 4875 fuerint
2090 4816 2307 4871 imitati.
2348 4813 2496 4869 Beati
2548 4824 2738 4865 omnes
2772 4809 2860 4877 qui
2888 4807 3004 4875 ejus
3034 4806 3215 4860 divina
3246 4801 3415 4856 vesti-

1853 4914 1937 4982 gia
1969 4910 2171 4965 fuerint
2202 4907 2394 4962 secuti.
2424 4902 2660 4957 lli‘euim
2694 4914 2880 4953 omnes
2905 4897 3062 4952 simul
3088 4905 3144 4949 ut
3170 4892 3409 4982 illeglo-
3460 4956 3461 4959 η

1854 5006 1931 5059 ria
1965 5001 2102 5071 apud
2131 4999 2296 5054 Deum
2327 4997 2469 5066 digni
2506 4993 2864 5049 habebuntur.
2906 4988 3011 5043 Sed
3046 4985 3223 5039 adhuc
3262 4981 3411 5048 fuit,

1852 5095 2051 5164 inquit,
2082 5094 2170 5147 hic
2196 5094 2359 5145 homo
2386 5090 2452 5143 de
2482 5099 2678 5156 genere
2706 5082 2929 5153 optimo.
2962 5080 3027 5132 Et
3081 5091 3186 5130 non
3237 5075 3412 5130 solum

1851 5188 2078 5257 optimo,
2104 5184 2200 5239 sed
2232 5198 2297 5235 ex
2334 5179 2581 5251 partibus
2632 5174 2887 5230 Orientis.
2946 5169 3097 5225 Unde
3143 5167 3300 5237 igitur
3330 5175 3445 5233 est_

1850 5276 2137 5333 delectatio
2162 5272 2419 5327 luminis?
2439 5268 2593 5324 Unde
2615 5268 2781 5320 etiam
2807 5262 2939 5315 radii
2964 5257 3414 5326 pulchritudinis?

1854 5369 2006 5423 Unde
2034 5376 2185 5421 ortus
2234 5360 2518 5419 sanitatis?
2574 5358 2647 5411 Ex
2693 5355 2935 5425 partibus
2973 5350 3230 5405 Orientis.
3262 5348 3414 5403 Unde

1853 5473 1934 5517 est
1967 5460 2247 5514 hominum
2300 5451 2553 5509 initium?
2584 5448 2741 5504 Unde
2787 5446 3001 5499 fuerunt
3035 5443 3217 5497 mundi
3265 5441 3412 5509 prio-

1857 5551 1986 5606 res?
2039 5548 2137 5603 Ubi
2177 5557 2259 5602 est
2312 5544 2595 5615 paradisus
2646 5535 3045 5609 jucunditatis?
3094 5533 3363 5587 Plantavit
3395 5570 3410 5593 ,

1857 5644 2052 5715 inquit,
2088 5640 2394 5713 paradisum
2426 5632 2700 5704 voluptatis
2730 5633 2783 5685 in
2810 5631 2980 5697 Eden,
3002 5639 3188 5682 contra
3235 5627 3411 5678 orien-
