3992 6312
572 379 670 434 ’591

1661 370 2044 429 ANONYMUS
2082 368 2147 422 IN
2184 364 2322 424 JOB.
2361 396 2428 407 -—
2466 360 2595 422 LIB.
2637 359 2680 424 Ι.

3695 366 3789 430 392

574 507 676 550 tem
714 497 779 548 ".
814 494 940 548 lude
973 493 1227 547 nimirum
1254 487 1590 544 admirabilis
1620 487 1720 543 Job
1744 484 2140 542 diciturfuisse.
2172 510 2218 568 Α
2250 496 2441 537 manas
2470 481 2867 537 conveniebant
2899 483 2963 537 ad
2992 484 3247 545 invicem.
3302 479 3493 538 Νιιῑιιιε
3539 484 3797 554 iudicabat

575 590 840 658 Ob-quam
878 585 1032 639 rem?
1062 584 1197 650 Quia
1239 581 1451 635 refulsit
1472 580 1703 635 veritate
1727 587 1782 635 et
1808 576 2143 645 resplenduit

579 681 685 734 fide
714 695 778 733 ac
806 678 1026 747 pietate,
1054 682 1217 745 atque
1274 673 1556 729 tolerantia
1579 711 1592 735 ,
1643 679 1699 726 et
1747 669 1999 724 omnibus
2032 670 2142 722 vir-

575 779 747 823 tutum
788 768 1000 823 studiis.
1031 765 1110 821 Ob
1133 765 1235 820 hoc
1264 778 1393 832 ergo
1419 763 1579 831 digne
1606 777 1671 816 ex
1702 774 1900 831 genere
1932 760 2141 829 optimo

573 873 629 916 et
671 877 736 914 ex
787 860 1029 929 partibus
1081 857 1308 911 orientis
1363 854 1526 909 fuisse
1565 854 1782 909 dicitur.
1819 852 1954 907 Nam
2003 852 2144 908 sicut

571 965 762 1003 Omnes
812 948 1058 1002 homines
1109 947 1213 1000 diei
1274 946 1397 1000 luce
1448 944 1735 1013 incipiente
1779 944 1845 997 ad
1879 944 2139 997 orientem

570 1055 723 1094 suam
760 1038 1026 1094 extollunt
1054 1037 1315 1091 visionem
1336 1077 1351 1100 ,
1378 1036 1776 1105 pulcherrimos
1804 1034 1935 1088 solis
1954 1035 2143 1089 radios

571 1140 929 1202 properantes
963 1128 1270 1198 respicere;
1326 1129 1403 1183 sic
1455 1127 1729 1189 similiter,
1761 1127 1845 1180 vel
1889 1128 1994 1181 imo
2048 1143 2142 1196 po-

570 1225 677 1278 tius
711 1222 890 1277 omnis
924 1221 1007 1289 pia
1035 1236 1100 1274 ac
1129 1221 1381 1289 religiosa
1411 1230 1572 1288 atque
1601 1220 1832 1273 credens
1863 1219 2042 1273 anima
2086 1220 2139 1272 in

570 1316 715 1368 omni
752 1323 993 1381 tempore
1033 1314 1098 1366 ad
1131 1312 1593 1379 incorruptibilem
1643 1311 1932 1371 orientem,
1960 1325 2139 1364 veram

570 1405 869 1474 Spiritalem
901 1404 1109 1458 extollit
1140 1403 1427 1461 visionem,
1455 1410 1512 1455 ttt
1546 1402 1687 1456 Solis
1708 1400 1931 1466 iustitia:
1965 1402 2140 1454 adrui-

570 1493 773 1545 rabiles
800 1490 981 1544 radios
1012 1489 1206 1544 exinde
1231 1490 1363 1543 oriri
1399 1490 1719 1557 conspiciat.
1749 1489 1859 1543 Hoc
1889 1493 2143 1545 monebat

569 1590 625 1637 et
651 1583 751 1635 hoc
802 1581 1164 1651 signiﬁcabat,
1194 1590 1248 1635 et
1275 1582 1378 1635 hoc
1411 1582 1641 1637 docebat
1685 1596 1876 1636 omnes
1928 1582 2020 1636 ille
2048 1583 2140 1651 qui

569 1676 645 1727 ait
673 1673 719 1705 ⁸⁵
744 1691 757 1728 :
783 1673 1007 1727 Psatlile
1030 1673 1134 1727 Deo
1150 1675 1239 1743 qui
1265 1675 1500 1728 ascendit
1520 1692 1675 1742 super
1696 1676 1880 1730 caelum
1896 1676 2141 1729 caelorum

568 1766 640 1821 ad
680 1765 951 1819 orientem.
994 1764 1087 1820 Sic
1131 1780 1362 1834 namque
1402 1765 1607 1819 Danieli
1640 1766 1886 1820 adoranti
1922 1766 2089 1820 Deum
2125 1806 2139 1825 .

570 1868 737 1926 atque
768 1858 1079 1926 deprecanti
1109 1868 1295 1913 contra
1326 1856 1627 1913 Jerusalem
1652 1860 2035 1927 aperiebantur
2065 1858 2137 1913 fe-

570 1959 773 2005 nestrae
794 1941 870 2004 ⁸⁷.’
894 1950 986 2004 Illo
1011 1951 1156 2004 enim
1192 1951 1282 2004 ubi
1308 1960 1426 2006 erat
1452 1964 1516 2004 ex
1566 1949 1839 2022 Babylone
1865 1951 1929 2003 ad
1958 1950 2139 2005 orien-

573 2052 701 2107 tem,
729 2041 852 2095 inde
875 2050 994 2096 erat
1022 2041 1151 2096 solis
1176 2050 1330 2095 ortus
1361 2039 1428 2095 ad
1451 2039 1811 2111 Babylonem.
1840 2040 1980 2108 Ergo
2010 2042 2137 2111 quia

568 2147 691 2185 cum
715 2131 766 2184 in
804 2129 1172 2199 Hierosolyma
1204 2141 1346 2184 esset
1370 2129 1437 2183 ad
1464 2130 1727 2184 orientem
1752 2131 2032 2193 adorabat,
2057 2130 2141 2183 id-

565 2229 718 2281 circo
740 2236 793 2283 et
818 2241 938 2280 cum
972 2233 1113 2279 esset
1142 2224 1194 2277 in
1218 2223 1513 2293 Babylonia
1540 2235 1794 2291 tanquam
1829 2222 1891 2275 ad
1918 2221 2142 2277 Jerusa-

568 2318 677 2373 lem
715 2331 904 2373 versus
934 2316 1002 2371 ad
1043 2315 1307 2371 orientem
1337 2315 1600 2369 adorabat
1633 2314 1797 2367 Deum
1825 2322 1881 2367 et
1929 2324 2140 2366 creato-

568 2427 683 2466 rem
715 2411 979 2467 omnium.
1009 2408 1090 2463 Ad
1120 2408 1384 2463 orientem
1429 2405 1691 2461 adorabat
1718 2420 1842 2458 eum
1865 2443 1881 2467 ,
1929 2420 1995 2461 ex
2028 2420 2137 2474 quo

564 2511 650 2558 est
682 2502 844 2556 totius
869 2497 1116 2553 beneﬁcii
1150 2512 1213 2552 ac
1243 2497 1454 2561 salutis,
1482 2495 1675 2565 gratiae
1705 2510 1923 2564 quoque
1947 2509 2013 2550 ac
2038 2496 2138 2548 mi-

560 2592 881 2649 sericordiae
910 2598 1088 2645 ortus.
1141 2589 1233 2644 Sic
1270 2602 1506 2657 namque
1534 2597 1588 2640 et
1623 2602 1762 2640 nunc
1808 2602 1908 2641 nos
1949 2602 2138 2643 omnes

566 2686 872 2747 credentes,
905 2682 1110 2743 sanctis
1136 2681 1387 2736 similiter
1418 2678 1763 2734 credentibus
1800 2680 2138 2734 concordan-

571 2787 651 2830 tes
680 2776 745 2828 ad
772 2775 1037 2829 orientem
1061 2772 1346 2826 adoramus
1365 2768 1651 2825 Dominum
1673 2768 1840 2827 Deum
1866 2778 2133 2835 nostrum,

567 2868 660 2935 qui
695 2874 915 2935 propter
940 2872 1182 2919 nostram
1213 2861 1442 2917 salutem
1500 2868 1662 2929 atque
1713 2862 2136 2931 redemptionem

569 2972 735 3027 super
763 2971 1022 3011 occasum
1071 2969 1201 3008 sane
1238 2953 1537 3017 descendit,
1568 2961 1753 3023 utpote
1777 2953 1830 3007 in
1862 2954 2134 3023 passione,

568 3063 634 3103 ac
670 3056 842 3102 morte
872 3059 1192 3109 occasurus,
1226 3046 1291 3097 ad
1322 3044 1587 3100 orientem
1611 3059 1740 3098 vero
1776 3044 2022 3099 ascendit
2050 3051 2136 3097 ut-

570 3150 693 3211 pote
718 3154 745 3192 a
779 3138 1009 3193 mortuis
1036 3145 1158 3205 post
1191 3136 1496 3206 passionem
1528 3149 1837 3206 resurgens,
1861 3142 1916 3189 et
1942 3135 1994 3189 in
2026 3147 2136 3189 coe-

566 3232 679 3287 lum
708 3237 831 3300 post
874 3228 1329 3283 resurrectionem
1378 3230 1443 3282 ad
1495 3228 1763 3283 orientem
1815 3225 2132 3281 ascendens.

572 3323 774 3379 llornm
810 3338 1045 3392 namque
1082 3321 1326 3376 omnium
1359 3321 1588 3392 ﬁguram
1620 3319 1919 3389 adimplens
1947 3318 2137 3375 beatus

566 3411 691 3481 Job,
727 3428 793 3469 ex
818 3414 1066 3483 partibus
1105 3411 1333 3468 orientis
1378 3427 1500 3467 esse
1531 3412 1753 3477 dicitur,
1784 3412 1910 3481 quia
1961 3410 2137 3467 omnis

569 3506 831 3561 sanctitas
853 3516 908 3561 et
931 3504 1106 3575 pietas
1134 3514 1297 3576 atque
1327 3504 1460 3560 ﬁdes
1492 3519 1663 3573 usque
1689 3503 1745 3558 in
1774 3502 1935 3559 ﬁnem
1958 3504 2010 3557 in
2047 3501 2137 3557 illo

558 3608 685 3654 orta
717 3606 821 3653 est.

639 3690 768 3746 Post
793 3690 909 3746 haec
940 3696 1115 3744 autem
1153 3688 1405 3743 universa
1454 3688 1718 3759 adjiciens
1755 3688 1926 3743 dicit:
1995 3686 2137 3742 Con-

568 3784 825 3838 venientes
856 3796 976 3850 ergo
1006 3780 1106 3849 ﬁlii
1151 3781 1262 3843 eius
1292 3783 1359 3833 ad
1393 3781 1635 3845 invicem,
1656 3781 1943 3849 potationes
1969 3780 2136 3849 facie-

571 3878 692 3927 bant
724 3889 811 3941 per
837 3873 1070 3941 singulos
1116 3873 1230 3925 dies
1262 3872 1330 3924 ⁸⁸.
1390 3871 1512 3926 Filii
1556 3873 1718 3927 illius.
1776 3871 1982 3941 Cujus?
2009 3870 2130 3926 Joh.

568 3964 688 4020 Filii
724 3964 864 4017 illius
895 3964 987 4032 qui
1023 3963 1221 4017 dudum
1250 3974 1380 4019 sunt
1425 3965 1689 4035 designati
1720 3964 1804 4020 vel
1830 3964 2133 4020 memorati.

567 4055 687 4110 Filii
721 4055 814 4123 qui
856 4064 1059 4125 septem
1084 4052 1305 4109 fuerunt
1339 4070 1590 4119 numero,
1645 4065 1701 4110 et
1732 4069 1892 4110 unam
1927 4056 2134 4109 habue-

566 4155 695 4201 runt
721 4146 980 4200 animam.
1012 4145 1230 4215 Septem
1282 4144 1504 4200 fuerunt
1534 4160 1780 4215 personae
1803 4186 1820 4210 ,
1873 4153 1929 4200 et
1966 4159 2133 4198 unum

566 4245 687 4291 erat
712 4236 793 4290 eis
817 4249 931 4290 cor.
994 4233 1096 4300 Qui
1150 4232 1440 4288 dissimiles
1492 4241 1650 4287 erant
1706 4240 1924 4301 aspectu
1974 4238 2137 4298 atque

568 4328 726 4395 facie,
757 4326 965 4382 similes
995 4340 1121 4381 vero
1153 4335 1210 4382 et
1258 4325 1544 4379 unanimes
1588 4322 1787 4379 mentis
1842 4321 2136 4377 concordia

568 4431 733 4489 atque
761 4418 979 4488 pietatis
1026 4416 1428 4473 communione.
1482 4414 1572 4468 lsti
1623 4427 1754 4485 ergo
1798 4421 2006 4483 septem
2036 4411 2131 4466 ﬁlii

2170 1846 2211 1902 Β

2161 3191 2206 3250 C

2246 575 2386 627 inter
2417 588 2533 638 eos,
2564 588 2665 629 nec
2698 576 2991 644 quidquam
3028 592 3189 632 suum
3241 592 3366 631 esse
3413 578 3664 646 dicebat,
3714 588 3797 639 sed

2244 673 2399 717 erant
2430 665 2533 719 illis
2561 667 2741 720 omnia
2773 669 3102 731 communia,
3129 678 3185 723 et
3210 683 3462 735 munera,
3490 680 3543 722 et
3568 672 3800 730 substano

2244 759 2338 822 tia,
2373 768 2428 812 et
2457 759 2678 823 divitiae,
2705 769 2761 813 et
2788 761 3139 827 unanimitas,
3161 772 3221 817 et
3254 763 3521 830 pecunia,
3560 775 3612 818 et
3637 766 3800 821 chari-

2243 858 2347 917 tas,
2380 851 2559 905 omnia
2591 861 2750 906 erant
2801 853 2904 907 illis
2939 855 3271 911 communia.
3309 853 3804 930 Convrniebantque

2247 942 2316 997 ad
2339 943 2567 998 invicem
2592 944 2689 1013 ipsi
2706 944 2933 1013 priores,
2958 946 3324 1015 adimplentes
3345 948 3448 1002 hoc
3467 951 3604 1017 quod
3619 950 3802 1009 dictum

2242 1044 2365 1089 est:
2402 1034 2533 1090 Ecce
2564 1054 2721 1107 quam
2756 1040 2968 1101 bonum,
2994 1049 3042 1093 et
3076 1057 3235 1109 quam
3262 1042 3562 1109 jucundum
3587 1045 3805 1104 habitare

2242 1128 2434 1196 fratres
2472 1131 2527 1183 in
2553 1146 2711 1184 unum
2738 1131 2783 1162 ‘9
2809 1147 2822 1185 :
2855 1132 2952 1200 ipsi
2989 1133 3196 1202 priores
3216 1135 3588 1190 observantes
3610 1138 3657 1191 id
3677 1146 3803 1208 quod

2243 1227 2367 1287 post
2399 1220 2467 1273 ab
2498 1220 2760 1288 apostolis
2815 1221 3163 1277 observatum
3195 1234 3287 1279 est
3330 1233 3387 1277 et
3416 1238 3445 1276 a
3481 1227 3804 1284 credentibus

2243 1306 2541 1375 perfectum
2596 1319 2761 1377 atque
2816 1309 3192 1379 adimpletum,
3228 1313 3377 1366 sicut
3413 1314 3612 1369 dicitur
3640 1335 3653 1370 :
3686 1317 3802 1372 Erat

2243 1415 2335 1452 cor
2373 1409 2419 1452 et
2455 1400 2632 1453 anima
2663 1401 2892 1454 omnium
2924 1404 3253 1457 credentium
3288 1420 3400 1457 una
3425 1407 3494 1462 δ”.
3524 1405 3670 1463 Hanc
3710 1412 3802 1466 sci-

2242 1489 2372 1544 licet
2400 1491 2546 1559 piam
2598 1492 3010 1548 unanimitatem
3042 1496 3407 1552 ostendentes
3456 1507 3619 1566 atque
3644 1501 3801 1555 since-

2245 1598 2359 1636 ram
2406 1582 2749 1636 concordiam
2792 1583 3232 1641 demonstrantes
3272 1588 3419 1641 beati
3480 1589 3557 1644 illi
3598 1591 3687 1645 ﬁlii
3713 1591 3803 1649 Job

2243 1672 2645 1727 conveniebant
2690 1674 3037 1738 adinvicem.
3072 1677 3149 1731 Ita
3179 1689 3404 1748 oportet
3429 1684 3591 1736 etiam
3638 1682 3802 1741 facere

2248 1766 2526 1835 religiosos
2553 1766 2774 1829 fratres,
2802 1768 2872 1821 ita
2901 1778 3116 1837 oportet
3146 1772 3319 1827 etiam
3355 1787 3505 1828 nunc
3535 1775 3802 1832 ostendere

2242 1872 2396 1912 veros
2420 1872 2731 1926 germanos,
2759 1860 2984 1915 blandos
3020 1872 3184 1932 atque
3221 1863 3389 1918 mites
3411 1879 3536 1921 esse
3565 1865 3798 1934 invicem,

2242 1950 2515 2004 modestos
2538 1964 2753 2018 quoque
2777 1961 2833 2004 et
2872 1953 3180 2008 unanimes.
3213 1952 3335 2007 Non
3368 1966 3585 2024 oportet
3603 1966 3800 2013 conten-

2243 2038 2439 2093 tionem
2490 2040 2575 2093 vel
2633 2040 2924 2096 divortium
2961 2058 3081 2098 cum
3130 2045 3369 2102 invicem
3416 2046 3636 2102 habere.
3695 2048 3796 2104 Non

2240 2141 2452 2202 oportet
2474 2146 2569 2186 eos
2602 2132 2859 2188 invidiam
2890 2144 3056 2203 atque
3079 2138 3259 2193 zelum
3296 2139 3567 2196 adversus
3594 2141 3796 2198 invicem

2242 2222 2499 2278 retinere.
2531 2221 2644 2278 Non
2677 2233 2893 2293 oportet
2919 2240 3014 2282 eos
3054 2228 3325 2282 malitiam
3358 2230 3443 2283 vei
3473 2230 3792 2301 iniquitatem

2240 2312 2307 2366 ad
2332 2312 2561 2367 invicem
2593 2328 2891 2378 reservare,
2917 2315 3061 2371 sicut
3086 2317 3215 2373 olim
3248 2319 3393 2374 Esau
3423 2322 3657 2375 servavit
3683 2337 3796 2376 c0n-

2240 2410 2319 2455 tra
2350 2401 2517 2457 Jacob
2573 2403 2804 2458 dicens:
2869 2405 3097 2471 Quando
3148 2411 3647 2478 appropinquabant
3697 2413 3793 2464 dies

2238 2497 2418 2549 mortis
2438 2497 2603 2564 patris
2632 2498 2755 2562 mei,
2778 2498 3089 2568 interﬁciant
3114 2501 3284 2554 Jacob
3307 2502 3533 2571 fratrem
3560 2505 3797 2559 meum“.

2240 2583 2346 2641 Sed
2380 2587 2628 2643 similiter
2649 2600 2706 2643 ut
2734 2589 2809 2643 illi
2837 2590 3075 2662 religiosi
3107 2593 3200 2648 ﬁlii
3229 2592 3344 2647 Joh
3376 2610 3437 2650 se
3467 2594 3688 2651 invicem
3716 2597 3797 2652 dc-

2240 2675 2610 2746 bentdiligere
2643 2678 2873 2747 puriter,
2912 2689 3078 2749 atque
3110 2682 3265 2737 since
3279 2684 3417 2738 riter
3466 2686 3687 2741 invicem
3713 2688 3797 2740 de-

2236 2765 2367 2821 bent
2394 2769 2620 2835 sentire,
2647 2784 2798 2826 suam
2832 2771 3058 2841 gloriam
3090 2783 3257 2843 atque
3294 2775 3556 2834 honorem
3588 2780 3681 2834 sibi
3721 2779 3795 2833 in-

2237 2858 2410 2914 vicem
2438 2859 2675 2928 deferre,
2704 2862 2846 2916 sicut
2885 2862 3013 2918 dicit
3034 2863 3336 2933 Apostolus
3364 2885 3376 2921 :
3415 2868 3479 2923 Si
3502 2868 3796 2936 honoriﬁca-

2239 2959 2349 3003 tum
2367 2966 2525 3005 unum
2549 2951 2709 3021 fuerit
2731 2955 3044 3023 membrum,
3076 2961 3419 3027 congaudent
3440 2962 3614 3015 omnia
3648 2976 3793 3016 ment-

2238 3042 2330 3096 bra
2353 3044 2420 3097 ".
2437 3043 2553 3099 Non
2578 3055 2789 3114 Oportet
2808 3048 3041 3103 invicem
3063 3052 3320 3108 mordere
3349 3064 3514 3123 atque
3536 3054 3793 3109 criminari

2237 3149 2305 3189 ne
2319 3134 2387 3190 ad
2410 3134 2641 3192 invicem
2667 3149 3057 3195 consumantur
3090 3159 3105 3196 :
3136 3142 3282 3198 sicut
3314 3144 3456 3201 Esau
3479 3146 3570 3203 ille
3596 3147 3794 3217 nequis-

2243 3225 2430 3294 simus,
2464 3227 2554 3297 qui
2588 3238 2809 3298 propter
2848 3231 3163 3287 aviditatem
3202 3235 3503 3303 primatum
3533 3238 3792 3303 amittens,

2240 3326 2362 3387 post
2392 3321 2505 3374 hac
2556 3321 2817 3378 adversus
2844 3336 3163 3393 germanum
3195 3326 3431 3385 fratrem
3463 3344 3614 3387 suum
3642 3329 3792 3384 Jacob

2238 3408 2545 3481 insurgens,
2575 3411 2769 3468 divina:
2791 3417 2982 3485 gratia:
3006 3430 3198 3474 exsors
3228 3419 3461 3478 effectus
3482 3433 3581 3479 est.
3607 3421 3709 3477 Sed
3733 3420 3789 3474 ﬁ-

2238 3496 2431 3554 liorum
2453 3498 2555 3557 Job
2583 3501 2786 3557 imitari
2825 3505 3025 3562 debent
3050 3510 3341 3579 benignam
3371 3512 3515 3568 illam
3538 3512 3789 3583 germani-

2240 3599 2289 3645 ta
2301 3599 2430 3656 tem,
2462 3603 2622 3664 atque
2648 3596 2759 3650 Deo
2781 3595 3031 3653 dilectam
3062 3600 3594 3674 fraternitatem,qui
3620 3618 3790 3661 omnes

2237 3692 2494 3754 tanquam
2528 3701 2592 3741 ex
2625 3697 2814 3743 sancta
2849 3690 3034 3748 radice
3064 3695 3237 3753 sancti
3278 3706 3576 3752 creverunt
3623 3696 3747 3752 rami
3774 3733 3789 3757 ι

2238 3775 2327 3843 qui
2358 3790 2545 3831 omnes
2577 3779 2829 3848 tanquam
2857 3795 2925 3835 ex
2964 3792 3150 3837 sancta
3183 3785 3386 3842 arbore
3409 3794 3648 3840 sanctum
3676 3800 3789 3854 pro-

2237 3865 2507 3921 duxerunt
2529 3877 2584 3922 et
2613 3866 2867 3925 fructum.
2894 3871 2968 3927 De
2994 3873 3112 3927 istis
3137 3890 3267 3945 ergo
3310 3877 3437 3933 istic
3468 3878 3632 3933 dicit:
3659 3876 3785 3931 Con-

2238 3955 2497 4011 oenientes
2530 3969 2703 4012 autem
2736 3958 2835 4027 ﬁlii
2863 3961 2977 4029 ejus
3000 3967 3069 4015 ad
3090 3964 3309 4021 invicem
3341 4007 3357 4034 ,
3385 3969 3675 4035 potationes
3712 3967 3789 4034 fa-

2236 4046 2439 4100 ciebant
2466 4064 2557 4115 per
2578 4050 2815 4119 singulos
2840 4053 2950 4107 dies
2980 4055 3072 4108 δ”.
3110 4055 3424 4115 Potationes
3445 4058 3702 4114 faciebant
3740 4055 3786 4111 id

2237 4147 2320 4193 est
2345 4140 2615 4204 convivia,
2656 4139 3019 4209 festivitates,
3068 4146 3339 4219 laetitiam,
3384 4150 3783 4218 jucunditatem.

2239 4230 2343 4284 Sed
2376 4247 2480 4285 non
2510 4231 2610 4286 sibi
2648 4243 2859 4289 tantum
2895 4235 3201 4304 bujusmodi
3254 4239 3571 4309 faciebant,
3615 4239 3705 4296 sed
3736 4248 3785 4291 et

2236 4322 2515 4377 sororibus
2540 4324 2673 4379 suis.
2708 4324 3052 4395 Convocatis,
3109 4331 3325 4402 inquit,
3369 4337 3440 4390 ad
3469 4353 3523 4391 se
3564 4345 3610 4389 et
3636 4333 3785 4387 tribus

2236 4415 2504 4467 sororibus
2531 4417 2660 4483 suis,
2682 4425 2737 4469 ut
2760 4434 2933 4474 secum
2956 4422 3360 4490 manducarent,
3387 4438 3433 4482 et
3457 4428 3678 4481 biberent
3700 4421 3780 4472 ³⁸⁸.

567 4509 668 4567 Job
691 4510 1075 4565 convenientes
1107 4509 1174 4563 ad
1193 4506 1445 4563 invicem.
1476 4504 1597 4560 Non
1619 4513 1737 4560 erat
1764 4504 1906 4559 inter
1926 4516 2019 4558 eos
2047 4517 2133 4557 su-
2163 4522 2207 4578 ι)
2240 4500 2546 4558 Potationes
2573 4505 2860 4575 faciebant,
2892 4509 2986 4565 sed
3010 4526 3116 4566 non
3153 4524 3379 4583 propter
3408 4515 3779 4576 ebriositatem,

567 4604 776 4675 perbia,
807 4616 980 4671 neque
1008 4600 1341 4670 arrogantia,
1376 4612 1549 4668 neque
1575 4595 1798 4659 inﬂatio,
1826 4609 1998 4665 neque
2018 4593 2130 4648 cla-

571 4695 666 4751 tio.
698 4692 816 4747 Non
844 4690 1225 4747 contemnebat
1272 4690 1480 4760 primus
1506 4687 1858 4743 novissimum
1879 4725 1895 4752 ,
1930 4700 2037 4740 non
2071 4698 2130 4738 se

565 4784 882 4851 extollebat,
914 4797 1017 4837 non
1038 4780 1313 4837 exultabat
1330 4779 1506 4849 major
1531 4793 1693 4849 super
1716 4778 2003 4843 minorem,
2034 4775 2128 4831 sed

564 4890 949 4949 germanorum
977 4873 1127 4929 circa
1167 4871 1401 4928 invicem
1436 4878 1828 4925 conservantes
1854 4867 2125 4923 unanimi-

568 4976 757 5032 tatem,
781 4963 1180 5020 conveniebant
1207 4962 1273 5017 ad
1293 4958 1967 5018 invicem.Conveniebant
1996 4972 2129 5029 pure

565 5065 731 5128 atque
761 5057 992 5122 sincere,
1024 5052 1419 5111 conveniebant
1438 5050 1779 5106 concorditer
1800 5057 1964 5127 atque
1995 5062 2129 5102 una-

566 5149 805 5204 nimiter.
828 5146 1020 5203 Junior
1039 5142 1224 5213 majori
1248 5143 1567 5213 obsequium
1585 5140 1865 5206 reddebat,
1894 5138 2131 5194 novissi-

568 5253 690 5292 tnus
717 5243 891 5310 primo
932 5252 1057 5293 cum
1089 5235 1326 5306 primatu
1366 5234 1625 5289 honorem
1658 5230 1951 5287 exhibebat
1978 5247 1990 5283 :
2023 5244 2129 5283 non

568 5327 845 5381 invidebat
869 5328 1008 5382 alter
1033 5326 1219 5391 alteri,
1249 5324 1391 5381 sicut
1422 5324 1516 5377 ﬁlii
1544 5321 1712 5378 Jacob
1744 5321 1965 5391 Joseph.
2013 5320 2129 5374 Non

567 5418 856 5473 resistebat
883 5419 1022 5475 alter
1048 5418 1227 5483 alteri,
1256 5417 1395 5473 sicut
1420 5415 1656 5471 Absalon
1686 5417 1884 5480 Amon,
1918 5421 1973 5469 ct
1990 5414 2133 5470 sicut

566 5511 803 5565 Adonias
819 5510 1099 5576 Salomon,
1129 5511 1222 5566 sed
1244 5508 1635 5566 conveniebant
1656 5508 1721 5561 ad
1738 5506 1991 5571 invicem,
2018 5514 2134 5559 tan-

569 5617 729 5671 quam
771 5602 963 5658 fratres
992 5602 1057 5657 ad
1083 5602 1310 5669 fratres,
1343 5609 1593 5671 tanquam
1626 5600 1871 5672 germani
1909 5597 1975 5653 ad
2012 5612 2134 5671 ger-

640 5742 684 5773 “
709 5741 843 5798 Gen.
870 5760 927 5806 tt,
962 5744 1014 5798 8.
1119 5743 1164 5774 ⁸⁸
1194 5741 1517 5803 Psal.vau,
1582 5740 1672 5795 55.

570 5815 608 5844 ⁵⁸
642 5814 777 5869 Gen.
811 5830 977 5880 xxvtt,
1008 5814 1092 5867 41.
1169 5814 1213 5845 "
1247 5812 1420 5869 ICOI‘o
1452 5828 1548 5877 XII,
1572 5811 1668 5865 ἐ’-δ·

1779 5739 1823 5770 "
1866 5738 1999 5793 Dan.
2034 5754 2109 5795 Vl.

2237 4609 2413 4664 neque
2436 4611 2532 4665 pro
2563 4597 2800 4666 luxuria,
2854 4618 3025 4670 neque
3064 4619 3160 4674 pro
3214 4608 3547 4677 turpitudine
3570 4646 3585 4673 ,
3623 4617 3782 4673 neque

2236 4701 2333 4755 pro
2359 4687 2775 4757 intemperantia
2801 4726 2818 4755 ,
2858 4708 3032 4761 neque
3079 4710 3178 4764 pro
3217 4696 3423 4753 illicitis
3454 4694 3784 4755 scurrilitati-

2240 4779 2361 4843 bus,
2389 4793 2567 4850 neque
2590 4796 2686 4850 pro
2718 4783 3070 4841 desideriosis
3110 4788 3272 4857 locis,
3309 4806 3482 4861 neque
3512 4804 3603 4859 pro
3628 4788 3784 4856 impu-

2236 4869 2374 4925 dicis
2427 4871 2712 4942 colloquiis
2770 4886 2929 4946 atque
2982 4878 3255 4935 obscenis.
3302 4882 3360 4938 Si
3395 4884 3535 4939 enim
3594 4875 3780 4947 aliquid

2228 4960 2433 5031 horum
2488 4964 2628 5031 apud
2676 4979 2770 5020 eos
2817 4966 3052 5036 fuisset,
3085 4972 3133 5025 si
3161 4971 3363 5042 aliquid
3393 4974 3459 5030 de
3491 4963 3777 5039 bujusmodi

2236 5051 2379 5107 beati
2408 5052 2481 5107 illi
2518 5055 2609 5109 ﬁlii
2641 5054 2743 5112 Job
2772 5069 3018 5129 agerent,
3050 5077 3156 5119 non
3191 5066 3378 5135 utique
3410 5076 3619 5122 sorores
3661 5069 3778 5114 suas

2239 5154 2420 5196 secum
2452 5156 2864 5215 convocassent,
2911 5159 2970 5202 ut
2999 5165 3122 5206 cum
3154 5157 3431 5212 sororibus
3454 5154 3562 5210 suis
3604 5145 3776 5205 illicita

2234 5246 2397 5305 atque
2419 5235 2692 5308 impudica
2710 5253 2951 5312 agerent,
2985 5247 3067 5301 vel
3086 5247 3533 5319 colloquerentur.
3550 5245 3619 5299 At
3645 5250 3776 5296 nunc

2234 5343 2363 5383 vero
2390 5330 2513 5398 quia
2535 5345 2697 5400 opera
2732 5347 2921 5389 eorum
2949 5377 2964 5401 ,
3001 5349 3057 5392 et
3094 5340 3282 5407 verba,
3312 5351 3367 5397 et
3390 5343 3673 5398 conventus
3697 5336 3775 5380 al-

2235 5436 2343 5490 que
2381 5424 2623 5479 convivia
2658 5425 2742 5493 pia
2780 5442 2842 5483 ac
2868 5431 3059 5497 pudica
3087 5442 3263 5498 erant,
3286 5434 3485 5491 decora
3510 5438 3660 5497 atque
3686 5419 3773 5475 de-

2234 5510 2398 5579 lecta,
2434 5525 2584 5571 casta
2621 5516 2975 5575 nihilominus
3002 5531 3053 5575 et
3087 5525 3305 5591 munda,
3338 5523 3528 5582 merito
3555 5520 3603 5573 in
3627 5509 3773 5567 ιῑεειίσι

2238 5606 2475 5660 monium
2503 5610 2837 5681 purgationis
2869 5624 3171 5684 suanatque
3201 5617 3477 5673 munditia:
3508 5613 3773 5683 germanas

2231 5738 2408 5817 _J_ob
2444 5759 2482 5807 ι,
2534 5743 2579 5797 ι.
2704 5745 2748 5785 ⁸ο
2779 5746 2918 5803 Psal.
2956 5765 3159 5817 cxxxtt,
3203 5753 3254 5805 l.
3375 5754 3419 5784 ⁵ο
3450 5750 3563 5804 Act.
3590 5759 3654 5808 ιν,
3681 5734 3765 5794 32'

1748 5810 1812 5841 ιι·
1838 5808 1939 5864 Jul)
1969 5825 2006 5876 ι,
2032 5810 2085 5863 4.
2159 5808 2202 5839 δε
2240 5811 2371 5863 ibid.
