3992 6312
209 397 307 452 595

1325 402 1708 457 ANONYML'S
1747 401 1809 455 IN
1850 401 1988 455 1οΒ.
2033 435 2097 442 -
2138 402 2260 456 LIB.
2306 403 2343 457 Ι.

3353 415 3456 467 SM

207 531 418 569 sorores
454 532 584 570 suas
606 532 787 571 secum
825 518 1215 584 convocabant,
1237 529 1296 573 ιιι
1325 521 1643 577 innocentes
1668 538 1785 577 scc-
1819 523 1861 577 Α
1892 516 2035 570 lalm‘
2063 520 2207 572 enim
2238 530 2414 574 locum
2450 520 2708 576 υοηὶίηυε
2736 522 2878 579 "cus
2909 533 3031 579 Ιυυε
3070 542 3166 594 PCI'
3215 529 3456 598 impelli.

206 610 373 662 terum
399 623 589 663 coram
623 620 773 679 patre
815 626 914 663 suo
966 621 1129 679 atque
1173 614 1429 667 omnibus
1454 625 1782 670 attestaren-

205 713 305 757 tur.
342 701 428 758 Oh
484 705 586 759 hoc
633 719 762 775 ergo
798 708 1176 761 convocabant
1215 709 1282 761 ad
1331 724 1390 763 se
1420 719 1533 763 tres
1567 725 1783 765 sorores

201 808 326 847 suas
353 804 413 848 ut
438 808 618 850 secum
650 796 1044 851 mamlucarent
1082 808 1138 851 et
1186 798 1477 862 biberent,
1529 808 1586 852 ut
1638 800 1783 855 sicut

199 897 378 938 secum
414 888 805 941 manducarent
860 899 916 942 et
970 888 1259 954 biberent,
1290 890 1369 945 sic
1399 900 1451 945 et
1499 891 1779 946 collauda-

200 986 339 1041 rent,
374 988 436 1032 et
470 978 890 1034 ltonoriticarent
925 996 1112 1035 secum
1140 982 1424 1037 Dominum
1459 983 1740 1040 ctelestem
1761 1025 1777 1048 ,

195 1068 271 1123 sic
300 1080 357 1124 et
392 1072 708 1133 adorarent.
742 1082 799 1127 et
829 1068 1038 1137 gratias
1070 1086 1294 1143 agerent
1337 1091 1468 1131 vero
1498 1075 1774 1140 Creatori,

195 1160 269 1216 sic
296 1170 353 1217 et
385 1161 683 1219 adorarent
715 1173 769 1218 et
800 1164 1230 1233 deprecarentur
1265 1177 1527 1223 mternnm
1566 1184 1773 1239 regem.

194 1251 272 1307 οι)
304 1252 414 1307 hoc
450 1269 581 1323 ergo
625 1256 1004 1311 convocabant
1031 1271 1214 1313 secum
1242 1270 1351 1315 tres
1379 1275 1597 1316 sorores
1625 1276 1773 1328 snas,

193 1356 247 1399 ut
268 1345 470 1403 fierent
502 1364 694 1403 omnes
729 1349 890 1404 simul
918 1350 1147 1406 ecclesia
1182 1365 1516 1418 sanctorum,
1547 1370 1776 1431 congre-

193 1438 331 1507 gatio
368 1440 777 1509 religiosorum,
820 1456 1125 1499 conventus
1160 1444 1670 1513 itntnaculatorum,
1719 1461 1775 1504 et

194 1529 728 1599 incoinqninalorum
762 1542 927 1602 atque
976 1545 1276 1589 castorum.
1307 1538 1401 1591 Sic
1431 1538 1616 1607 itaque
1644 1556 1775 1593 con-

191 1622 475 1678 venientes
513 1625 816 1679 adinvicem
859 1628 1165 1695 potationes
1202 1629 1477 1684 faciebant
1526 1646 1621 1701 per
1664 1633 1775 1686 sin-

191 1714 347 1781 gulos
373 1716 517 1770 dies.
551 1715 667 1770 Non
696 1732 793 1783 per
834 1718 1079 1787 singulos
1110 1722 1225 1775 dies
1259 1722 1424 1776 totius
1468 1723 1589 1777 vita:
1616 1739 1730 1778 sua:
1758 1764 1774 1789 ,

190 1804 281 1857 sed
306 1820 411 1873 per
431 1807 675 1876 singulos
697 1808 814 1861 dies
838 1809 1174 1877 septimame.
1202 1809 1417 1880 Septem
1438 1827 1558 1864 cuin
1594 1822 1778 1866 essent

189 1897 311 1962 lilii,
350 1909 564 1969 septem
596 1900 791 1955 diebus
818 1900 954 1955 festa
993 1903 1364 1958 celebrabant.
1398 1904 1491 1959 Sic
1541 1922 1777 1975 namque

184 1997 239 2043 et
272 1988 364 2045 lex
394 2002 516 2060 post
546 1993 662 2047 hate
693 1994 938 2063 prmcipit
969 2005 1175 2066 septem
1223 1998 1417 2053 diebus
1444 2014 1631 2070 agere,
1663 2002 1777 2056 sive

185 2082 437 2148 paschae,
470 2083 585 2138 sive
609 2084 1093 2150 hebdomadarum,
1118 2088 1237 2143 sive
1259 2091 1615 2160 scenopegiac.
1652 2092 1778 2148 llaec

182 2173 389 2244 itaque
419 2175 647 2245 implere
669 2177 1031 2246 anticipantes
1065 2179 1158 2233 lilii
1187 2179 1311 2243 Job,
1349 2184 1431 2235 vel
1467 2182 1631 2237 etiam
1662 2185 1778 2253 ipse

178 2262 293 2319 Job
319 2267 418 2335 qui
447 2282 543 2323 eos
570 2268 775 2333 docuit,
803 2270 1113 2338 potationes
1162 2271 1435 2327 faciebant
1492 2289 1591 2343 per
1645 2276 1778 2331 isms

180 2368 411 2425 septem
440 2359 556 2413 dies
581 2398 597 2423 ,
656 2362 1021 2429 unusquisque
1068 2374 1254 2415 eorum
1288 2364 1426 2431 apttd
1480 2380 1541 2419 se
1572 2365 1777 2421 habens

180 2461 296 2499 una
356 2448 447 2503 die
494 2464 685 2505 omnes
746 2449 942 2505 fratres
972 2466 1130 2515 suos,
1163 2460 1217 2505 et
1251 2468 1472 2508 sorores
1500 2492 1517 2517 ,
1568 2455 1777 2523 primos

184 2538 459 2606 primum,
489 2543 761 2597 secundus
789 2544 1114 2609 secundum,
1145 2555 1200 2599 et
1242 2545 1316 2598 ita
1376 2560 1778 2617 consequenter

189 2643 289 2698 per
324 2631 575 2686 ordinem
611 2649 801 2688 omnes
834 2650 1005 2703 usque
1036 2636 1101 2689 ad
1133 2639 1653 2694 consummationem
1678 2640 1776 2695 ho-

191 2736 311 2775 ram
335 2733 546 2791 septem
582 2723 818 2780 dierum.
844 2725 949 2781 Per
978 2728 1113 2783 istos
1136 2743 1265 2798 ergo
1293 2730 1534 2802 singulos
1565 2743 1772 2800 septem

193 2815 308 2871 dies
348 2818 664 2886 potationes
691 2818 990 2881 faciebant,
1023 2820 1074 2874 id
1099 2832 1183 2876 est
1213 2821 1356 2877 diem
1391 2823 1609 2891 festum,
1644 2838 1777 2880 con-

192 2907 432 2972 vivium,
476 2910 716 2977 epulum,
768 2912 1185 2982 iucunditatem.
1242 2915 1349 2972 Sed
1386 2918 1573 2986 procul
1612 2918 1775 2974 dubio

194 3002 337 3069 quod
365 3016 479 3056 non
506 3003 607 3057 sibi
644 3012 875 3072 tantum,
920 3020 1096 3074 neque
1125 3006 1257 3062 solis
1300 3009 1581 3063 sororibus
1616 3012 1732 3065 suis
1756 3051 1772 3076 ,

196 3092 284 3145 sed
314 3100 374 3146 et
401 3094 584 3147 servis
613 3103 668 3148 et
697 3093 903 3161 liberis,
941 3106 995 3153 et
1023 3100 1371 3168 pauperibus,
1402 3108 1456 3154 et
1480 3103 1690 3170 egenis,
1721 3111 1777 3157 et

1886 617 1939 660 et
1968 624 2264 677 panpermn
2292 628 2407 675 ora,
2437 615 2526 683 qui
2565 614 2640 666 ait
2666 633 2678 667 :
2718 614 3077 686 Quodcunque
3102 623 3331 687 feceritis
3362 626 3455 677 nui

1885 699 1950 751 tle
1998 701 2232 754 minimis
2275 704 2392 756 istis
2448 704 2871 768 miserabilibus,
2901 707 3027 761 mihi
3067 709 3265 777 fecistis
3305 712 3454 766 "-".

1954 791 2083 845 Post
2114 794 2225 847 hinc
2250 794 2497 849 universa
2538 796 2673 849 dicit
2703 813 2715 848 :
2745 795 2813 848 Et
2842 815 2957 851 cum
2982 800 3120 869 ﬁniti
3149 815 3318 858 essent
3343 806 3456 859 dies

1882 886 2211 952 potationum
2244 886 2310 938 ⁵⁸.
2345 886 2597 943 Ostendit
2630 891 2912 946 evidenter
2961 893 3082 949 istic
3108 896 3247 964 quod
3297 913 3455 966 supe-

1882 975 1995 1029 rius
2021 976 2223 1030 dictum
2254 988 2339 1033 est
2369 994 2553 1033 verum
2581 979 2771 1048 fuisse,
2797 981 2924 1050 quia
2952 998 3057 1037 non
3088 1000 3299 1055 semper
3323 1004 3457 1057 epu-

1880 1063 2155 1132 labantur,
2185 1068 2309 1135 quia
2353 1083 2457 1122 non
2506 1070 2748 1138 quotidie
2782 1073 3093 1141 potationes
3142 1074 3455 1146 faciebant,

1880 1157 1998 1211 sed'
2026 1160 2193 1213 certis
2230 1160 2440 1227 diebus,
2498 1160 2591 1215 sed
2636 1162 2755 1217 istis
2783 1164 2974 1219 diebus
3028 1166 3121 1236 qui
3169 1172 3457 1226 memorati

1879 1260 2007 1303 sunt
2040 1264 2253 1321 septem
2303 1267 2531 1309 numero
2573 1257 2873 1310 secundum
2911 1272 3199 1313 numerum
3249 1272 3456 1332 septem

1877 1337 2109 1396 ﬁliorum
2141 1341 2265 1408 Job,
2297 1347 2597 1401 secundum
2630 1347 2751 1402 illos
2773 1359 2982 1418 septem
3012 1352 3105 1420 qui
3138 1352 3191 1405 in
3226 1351 3343 1423 lege
3375 1370 3458 1410 ce-

1878 1432 2075 1488 lebrati
2102 1447 2248 1491 sunt.
2280 1437 2411 1494 Cum
2441 1454 2570 1512 ergo
2600 1441 2688 1496 isti
2717 1441 3024 1509 finirentur,
3058 1454 3181 1513 post
3204 1446 3306 1502 hoc
3332 1463 3455 1502 cum

1881 1525 2136 1580 transiret
2168 1528 2509 1597 solemnitas,
2534 1549 2657 1587 cum
2698 1534 2990 1589 finirentur
3023 1539 3331 1605 potationes
3364 1556 3454 1595 se-

1879 1619 2112 1673 cundum
2151 1619 2464 1678 festivitatis
2491 1628 2965 1683 consuetudinem.
3001 1627 3118 1684 Non
3144 1632 3289 1684 enim
3323 1648 3459 1701 quo-

1883 1706 2011 1761 tidie
2034 1711 2341 1775 potationes
2375 1715 2646 1769 faciebant
2680 1716 2772 1770 lilii
2816 1717 2961 1773 illius
2988 1719 3129 1773 beati
3167 1721 3305 1788 viri,
3363 1739 3458 1777 ne—
3486 1778 3487 1781 η

1880 1812 1986 1866 que
2010 1814 2225 1870 semper
2276 1804 2325 1857 in
2363 1806 2660 1869 calicibus,
2690 1817 2744 1861 et
2776 1810 2979 1877 pliialis
3009 1812 3215 1869 dabant
3265 1817 3457 1872 oculos

1810 1872 1852 1926 Β
1883 1906 2032 1957 suos,
2076 1909 2180 1947 non
2218 1905 2377 1949 erant
2420 1898 2717 1964 vinolenti,
2752 1900 2893 1954 sicut
2926 1913 3053 1958 sunt
3083 1921 3227 1960 nunc
3262 1924 3456 1977 quam—

1883 1982 2122 2052 plurimi,
2153 1988 2245 2040 sed
2271 1989 2444 2041 saneti
2470 2002 2627 2044 erant
2654 1994 2982 2048 sanctissimi
3026 1996 3169 2051 illius
3202 1998 3292 2053 lilii
3329 1998 3449 2056 Job.

1881 2076 2016 2128 Cum
2043 2091 2172 2145 ergo
2197 2080 2371 2132 sancti
2407 2081 2504 2133 viri
2532 2093 2746 2149 essent,
2773 2088 2950 2141 sancti
2987 2089 3040 2141 in
3090 2091 3455 2145 solemnitati-

1882 2164 1985 2218 bus
2020 2167 2156 2229 suis,
2192 2169 2259 2222 de
2295 2170 2545 2227 castitate
2584 2182 2650 2226 ac
2698 2177 2992 2231 sanctitate
3019 2216 3034 2240 ,
3076 2178 3141 2231 tle
3191 2180 3453 2233 munditia

1882 2272 2098 2326 quoque
2128 2274 2191 2313 ac
2221 2262 2481 2328 pudicitia
2508 2272 2560 2317 et
2589 2278 2775 2319 secum
2804 2267 3034 2322 invicem
3062 2279 3117 2322 ct
3150 2285 3269 2323 cum
3304 2285 3456 2326 soro-

1885 2351 2033 2404 ribus
2062 2353 2173 2406 suis
2208 2354 2493 2422 loquentes
2514 2395 2529 2419 ,
2574 2354 2730 2423 juxta
2761 2358 2876 2413 haec
2909 2375 3029 2430 qua:
3067 2362 3314 2431 superius
3341 2378 3455 2416 me-

1882 2459 2088 2503 morata
2118 2461 2245 2504 sunt
2286 2451 2566 2507 universa.
2590 2451 2884 2524 Postquam
2908 2470 3041 2524 ergo
3063 2457 3144 2511 sic
3171 2456 3309 2511 finiti
3333 2466 3458 2511 sunt

1880 2542 1995 2595 dies
2025 2544 2359 2610 potationum
2416 2544 2469 2597 in
2514 2547 2766 2600 castitate
2792 2588 2807 2614 ,
2848 2557 2903 2602 et
2960 2549 3012 2602 in
3047 2549 3247 2617 pietate
3295 2558 3459 2618 atque

1880 2633 2162 2699 pudicitia,
2208 2642 2328 2704 post
2354 2635 2457 2690 hoc
2487 2637 2745 2690 nimirum
2766 2640 2893 2707 quid
2923 2637 3127 2693 factum
3161 2650 3245 2693 est
3273 2653 3457 2695 osten-

1879 2728 1957 2789 dit
1989 2730 2178 2782 dicens
2209 2747 2223 2783 :
2260 2729 2504 2784 Mittebat
2530 2730 2630 2784 Job
2662 2740 2709 2785 et
2739 2733 3026 2785 mandabat
3073 2734 3197 2787 illos
3220 2734 3285 2795 ⁸⁸,
3333 2736 3456 2787 mit-

1884 2820 2029 2873 tebat
2065 2820 2131 2872 ad
2155 2834 2251 2874 eos
2306 2820 2397 2890 qui
2436 2820 2697 2889 pietatem
2752 2824 3130 2888 admonerent,
3167 2838 3256 2892 qut
3287 2824 3453 2891 justi-

1880 2910 2008 2965 tiam
2041 2911 2402 2977 instruerent,
2424 2913 2513 2983 qui
2544 2913 2634 2968 Dei
2669 2915 2915 2968 timorem
2942 2918 3221 2983 docerent,
3252 2919 3344 2988 qui
3376 2929 3457 2974 te-

1878 3000 2252 3056 stificarentur
2287 3004 2382 3057 Dei
2407 3003 2672 3070 judicium
2717 3006 2959 3063 terribile
2992 3007 3042 3061 in
3068 3024 3175 3078 quo
3204 3011 3449 3066 omnium

1878 3103 1931 3147 et
1959 3095 2371 3151 manifestorum
2413 3112 2660 3167 operum,
2692 3106 2748 3152 et
2779 3099 3068 3155 verborum
3101 3103 3239 3158 ratio
3269 3102 3452 3171 inqui-

198 3181 591 3252 iudigentibus,
619 3195 675 3240 et
704 3202 809 3241 non
862 3187 1190 3244 habentibus
1219 3190 1471 3244 omnibus
1503 3191 1776 3246 faciebant
1805 3211 1851 3271 ς
1885 3187 2023 3240 ritur
2054 3198 2220 3259 atque
2266 3188 2533 3255 redditur,
2568 3189 2620 3243 in
2676 3204 2785 3258 quo
2837 3191 3076 3247 vindicta
3110 3193 3453 3263 impatienter

196 3276 439 3344 epulum,
488 3279 750 3334 omnibus
801 3279 1136 3335 exhibebant
1163 3282 1586 3351 jucunditatem,
1618 3294 1781 3353 atque

197 3368 534 3423 convivium.
568 3366 684 3425 Non
716 3372 859 3426 enim
897 3383 1148 3442 poterant
1199 3374 1252 3428 in
1296 3384 1450 3443 parte
1491 3392 1624 3431 sane
1653 3377 1777 3430 imi-

201 3462 293 3515 tari
325 3461 535 3532 legent,
576 3465 630 3517 in
670 3476 827 3534 parte
857 3475 1038 3523 autem
1087 3482 1218 3521 non.
1265 3467 1383 3521 Non
1432 3477 1686 3536 poterant
1725 3466 1779 3523 in

201 3552 295 3608 boc
328 3555 541 3609 imitari
577 3556 749 3625 legent
783 3566 843 3611 ut
874 3569 1082 3629 septem
1122 3559 1321 3615 diebus
1356 3558 1495 3615 festa
1542 3560 1780 3615 celebra-

200 3656 334 3713 rent,
368 3650 431 3703 itt
474 3650 576 3705 hoc
596 3660 775 3705 autem
804 3667 909 3707 non
942 3652 1167 3718 imitari,
1198 3662 1257 3706 ut
1285 3668 1391 3707 non
1425 3654 1779 3723 epularentur

200 3752 311 3793 cum
342 3740 464 3794 illis
493 3742 659 3803 servi,
690 3751 858 3812 atque
905 3742 1139 3810 ancillae,
1170 3758 1236 3797 ac
1287 3745 1464 3813 egeni.
1514 3742 1777 3814 Prazcepit

202 3843 436 3902 namque
468 3833 521 3885 in
553 3834 669 3902 lege
709 3844 765 3887 et
803 3833 937 3888 dicit
967 3851 981 3887 :
1020 3832 1233 3903 Septem
1270 3834 1454 3887 diebus
1494 3834 1776 3889 celebrabis

202 3923 558 3994 dimicatum
595 3925 823 3981 Domino
850 3926 959 3981 Deo
983 3938 1097 3994 tuo,
1128 3936 1179 3982 et
1223 3928 1513 3996 epulaberis
1538 3937 1593 3981 tu
1626 3938 1673 3982 et
1707 3930 1775 3996 ﬁ-

202 4020 291 4073 lius
312 4030 468 4083 tuus,
500 4029 547 4074 et
575 4020 689 4088 ﬁlia
713 4029 827 4084 tua,
859 4032 906 4073 et
934 4038 1114 4075 servus
1154 4030 1299 4087 tuus,
1342 4032 1391 4075 et
1429 4020 1624 4074 ancilia
1660 4031 1772 4083 tua,

204 4124 243 4165 et
272 4115 479 4169 advena
518 4114 609 4184 qui
660 4120 735 4167 est
778 4112 832 4166 in
865 4124 936 4177 te,
980 4123 1028 4167 et
1071 4130 1261 4183 egenus
1289 4115 1457 4183 gentis
1486 4124 1614 4170 tute.
1644 4114 1773 4181 Qua:

205 4218 319 4275 ergo
340 4209 398 4261 in
433 4206 552 4275 lege
584 4217 700 4275 post
752 4207 866 4261 haec
889 4216 1160 4276 praecepta
1192 4215 1340 4269 sunt,
1373 4208 1485 4261 haec
1516 4207 1771 4261 nimirum

206 4298 506 4368 anticipans
537 4295 662 4362 Job,
718 4308 774 4352 et
833 4298 950 4366 ipse
982 4295 1246 4366 implevit,
1279 4306 1333 4350 et
1383 4297 1522 4349 lilios
1550 4296 1774 4365 implere

206 4386 409 4453 docuit,
446 4399 502 4443 et
554 4386 1002 4457 hospitalitatem,
1042 4398 1097 4442 et
1135 4386 1560 4457 eleemosynam,
1590 4396 1645 4440 et
1674 4389 1771 4442 iiii-

207 4479 559 4534 serlcordiam
610 4490 665 4533 et
713 4492 1013 4549 pauperum
1061 4487 1117 4532 et
1156 4479 1475 4533 miserorum
1513 4478 1770 4532 beneﬁcia

1883 3279 2137 3333 omnibus
2166 3280 2452 3335 animabus
2480 3281 2733 3346 infertur,
2766 3284 2819 3338 in
2851 3298 2959 3352 quo
2995 3286 3073 3338 ira
3136 3287 3187 3341 in
3233 3286 3452 3342 flamma

1885 3370 2025 3439 ignis
2051 3372 2308 3426 omnibus
2336 3372 2516 3441 impiis
2542 3373 2831 3442 irrogatur.
2862 3373 3054 3431 Verbis
3090 3392 3219 3447 ergo
3248 3380 3452 3435 doctri-

1883 3480 1987 3527 nas,
2014 3464 2311 3532 disciplina:
2349 3476 2508 3535 atque
2541 3468 2956 3535 admonitionis,
2983 3470 3280 3524 mundabat
3311 3472 3452 3535 illos,

1883 3555 1996 3610 sive
2021 3570 2115 3622 per
2142 3570 2240 3609 eos
2263 3570 2399 3624 quos
2432 3556 2685 3611 mittebat
2712 3556 2778 3610 ad
2813 3556 2951 3621 illos,
2993 3559 3109 3613 sive
3132 3574 3227 3626 per
3253 3573 3454 3616 semet-

1884 3645 2059 3714 ipsum
2091 3647 2157 3698 ad
2207 3660 2267 3698 se
2292 3660 2600 3699 convocans
2632 3644 2775 3699 illos.
2812 3645 2917 3700 Sed
2950 3646 3227 3711 mittebat,
3260 3649 3454 3718 inquit,

1882 3748 1937 3792 et
1958 3737 2388 3792 mundabateos.
2419 3737 2559 3804 Quid
2581 3740 2827 3793 mittebat
2857 3738 2940 3792 vel
2969 3742 3243 3808 quomodo
3272 3743 3454 3797 initte-

1879 3830 2013 3885 bat?
2040 3831 2120 3883 Ad
2160 3831 2443 3884 Dominum
2476 3831 2745 3894 mittebat,
2772 3839 2831 3903 et,
2859 3834 2924 3885 ad
2971 3830 3284 3889 Creatorem
3317 3835 3453 3890 diri-

1880 3923 2060 3992 gebat.
2087 3921 2227 3988 Quid
2259 3921 2540 3977 mittebat?
2560 3920 2848 3977 Orationes
2884 3938 2947 3979 ac
2983 3938 3174 3992 preces
3202 3940 3332 3983 suas
3354 3942 3450 3996 pro

1878 4016 1979 4080 eis,
2003 4016 2398 4071 confessionem
2427 4030 2643 4084 quoque
2667 4027 2828 4085 atque
2857 4018 3156 4088 gratiarum
3180 4020 3451 4076 actionem

1878 4123 1976 4177 pro
2008 4108 2134 4163 illis.
2164 4106 2288 4161 Haec
2325 4108 2533 4163 scilicet
2583 4108 2831 4163 universa
2861 4113 3111 4165 mittebat
3139 4120 3191 4167 et
3222 4113 3448 4166 munda-

1879 4203 1972 4258 bat
1993 4218 2108 4257 eos.
2142 4201 2436 4256 Mundabat
2475 4212 2570 4256 eos
2620 4201 2958 4256 orationibus
2995 4202 3129 4267 suis,
3158 4204 3454 4259 mandabat

1860 4309 1971 4348 eos
2002 4294 2252 4363 precibus
2276 4307 2339 4347 ac
2361 4291 2837 4361 postulationibus,
2857 4294 3153 4347 mandabat
3184 4308 3281 4348 eos
3311 4294 3453 4347 sicut

1877 4386 2090 4456 Moyses
2113 4386 2251 4439 ﬁlios
2278 4385 2439 4439 Israel
2472 4399 2569 4453 pro
2593 4385 2700 4439 illis
2718 4386 2772 4439 in
2794 4386 3010 4439 deserto
3034 4386 3263 4450 orando,
3295 4401 3451 4440 mun-

1877 4480 2039 4534 dabat
2071 4494 2166 4533 cos
2190 4478 2331 4533 sicut
2368 4476 2588 4532 Samuel
2635 4477 2917 4531 universos
2966 4477 3102 4532 filios
3134 4478 3297 4532 Israel
3345 4479 3447 4532 ad-

210 4579 357 4640 atque
388 4572 816 4635 consolationes,
849 4586 968 4640 quae
992 4581 1120 4625 sunt
1147 4570 1257 4625 Deo
1304 4571 1461 4624 valde
1514 4580 1768 4640 arci-pta-

1881 4586 2069 4627 versus
2088 4571 2397 4643 allopltylos
2418 4582 2743 4642 pugnantes,
2766 4570 3109 4625 orationibus
3142 4572 3255 4627 suis
3282 4571 3449 4626 Deum

211 4662 333 4717 biles
356 4679 490 4719 cum
522 4664 625 4717 lide
650 4673 971 4732 perpetratae
1009 4672 1171 4730 atque
1200 4660 1470 4730 perfectae.
1504 4663 1578 4716 lta
1605 4664 1768 4718 debe-

212 4770 317 4810 mus
336 4756 505 4811 etiam
541 4770 661 4821 nos,
689 4769 723 4809 o
753 4756 937 4819 amici,
969 4755 1023 4807 in
1057 4755 1247 4809 diebus
1277 4755 1432 4809 festis
1460 4755 1660 4810 nostris
1683 4766 1769 4809 at-

212 4863 305 4919 que
328 4849 764 4921 iucunditatibus
805 4864 911 4903 non
961 4848 1139 4904 solum
1175 4848 1276 4904 hoc
1311 4850 1605 4918 respicere,
1636 4864 1756 4919 quo

215 4942 357 4997 modo
390 4958 493 4998 nos
518 4941 618 4999 soli
644 4940 927 5012 epulemur
950 4949 1116 5010 atque
1140 4940 1633 5009 jucundemus,sed
1668 4943 1771 4995 hoc

213 5036 500 5103 prmsertim
535 5034 792 5089 debemus
819 5032 1097 5087 intendere
1114 5041 1172 5086 ut
1194 5031 1768 5102 epulenturnobiscum

216 5135 263 5179 et
292 5129 562 5183 celebrent
614 5126 752 5180 diem
787 5125 984 5181 festum
1017 5133 1259 5181 nostrum
1293 5124 1434 5179 servi
1489 5123 1661 5177 nostri
1714 5132 1769 5176 et

218 5218 426 5284 ancillae,
446 5225 501 5273 et
530 5216 756 5273 clientes
785 5216 977 5281 nostri,
1001 5224 1055 5270 et
1080 5216 1261 5285 egeni,
1285 5223 1340 5268 et
1362 5227 1626 5283 pauperes
1652 5213 1768 5265 tini-

217 5313 370 5376 versi,
403 5322 453 5366 et
479 5311 821 5367 celebremus
854 5308 998 5363 diem
1036 5308 1228 5362 festum
1278 5306 1503 5360 Domino
1534 5304 1641 5358 Deo
1675 5317 1771 5357 no-

220 5410 340 5461 stro.
374 5402 429 5459 Si
461 5405 605 5459 enim
638 5402 1038 5458 celebraverint
1071 5410 1244 5456 tecum
1275 5400 1416 5454 dietn
1467 5398 1684 5462 festum,
1717 5406 1773 5451 et

222 5495 452 5562 epulatus
486 5506 667 5551 tecum
711 5493 876 5549 fuerit
908 5507 1097 5546 servus
1137 5502 1281 5554 tuus,
1312 5502 1368 5547 et
1403 5490 1600 5546 ancilla
1656 5499 1770 5555 tua,

223 5594 269 5639 et
286 5602 562 5657 pauperes,
594 5598 649 5641 et
670 5585 852 5654 egeni,
878 5593 1042 5652 atque
1068 5585 1276 5654 inopes,
1311 5599 1409 5654 pro
1429 5594 1583 5639 certo
1608 5581 1769 5644 scito,

225 5684 350 5747 quod
386 5682 612 5740 Domino
651 5681 761 5735 Deo
796 5689 890 5735 tuo
923 5677 1065 5732 diem
1097 5678 1293 5733 festum
1325 5678 1590 5734 celebras.
1628 5676 1770 5745 Epu-

288 5842 403 5883 η-ει
432 5844 621 5899 Matth.
661 5858 788 5903 ω,
822 5843 906 5896 to.
986 5840 1148 5895 ιιιοιι
1183 5858 1243 5907 ι,
1421 5840 1467 5872 ιι
1496 5839 1624 5895 ibid.

526 5948 797 6005 Pnam.
844 5945 962 6004 (in.
1011 5942 1210 6003 XVII.

1879 4663 1985 4718 illis
2009 4663 2279 4732 placando
2300 4672 2462 4732 atque
2492 4664 2787 4717 exorando.
2809 4661 2901 4715 Sic
2932 4677 3064 4733 ergo
3085 4675 3138 4717 et
3160 4665 3247 4719 hic
3272 4664 3449 4755 justus

1877 4751 1977 4808 Job
2009 4752 2136 4807 ol‘im
2172 4752 2311 4808 filios
2340 4768 2467 4807 suos
2499 4751 2813 4808 ntundabat.
2859 4750 3011 4817 Quod
3044 4765 3221 4807 autem
3246 4750 3449 4808 oratio-

1880 4845 2039 4900 nibus
2093 4854 2258 4914 atque
2310 4842 2777 4900 satisfactionibus
2813 4859 2909 4899 eos
2952 4846 3318 4909 mundarerit,
3354 4859 3448 4912 per

1877 4950 1939 4988 ea
1959 4950 2079 5003 qua:
2112 4942 2416 5004 sequuntur
2432 4934 2672 4990 ostendit
2689 4934 2877 4989 dicens
2900 4949 2915 4987 :
2947 4932 3183 5004 Surgens
3206 4948 3358 4986 mane
3376 4932 3442 4985 ⁸⁷.

1876 5025 1999 5081 Mox
2026 5028 2093 5081 ad
2124 5027 2292 5081 Deum
2330 5028 2608 5091 currebat,
2639 5040 2760 5079 mox
2792 5025 2861 5079 ad
2904 5024 3067 5079 Deum
3096 5023 3441 5094 procedebat,

1877 5136 1974 5184 pro
2007 5135 2066 5175 se
2093 5132 2147 5175 et
2178 5120 2303 5175 liliis
2330 5121 2444 5176 suis
2476 5120 2641 5174 Deum
2665 5134 2897 5175 exorans
2926 5127 3091 5188 atque
3122 5118 3442 5187 deprecans,

1879 5228 2044 5268 orans
2069 5228 2282 5284 quoque
2317 5222 2480 5282 atque
2502 5212 2782 5282 postulans
2807 5212 3107 5268 terribilem
3131 5210 3225 5265 Dei
3251 5210 3441 5264 faciem

1879 5316 1935 5361 et
1964 5306 2065 5359 sibi
2101 5315 2155 5360 et
2192 5306 2299 5359 illis
2345 5305 2706 5375 repropitiare
2761 5305 3062 5360 festinans:
3113 5316 3213 5357 nec
3244 5316 3348 5357 non
3392 5312 3447 5356 et

1879 5399 2102 5461 docens,
2136 5407 2192 5452 et
2218 5399 2517 5453 admonens
2548 5406 2713 5466 atque
2765 5397 2995 5452 formam
3026 5394 3340 5458 ostendens,
3392 5404 3448 5447 et

1880 5499 2008 5545 tunc
2038 5491 2161 5546 liliis
2186 5490 2322 5556 suis,
2356 5498 2411 5545 et
2438 5506 2579 5545 nunc
2602 5489 2855 5545 omnibus
2878 5489 3033 5545 nobis
3056 5489 3107 5543 itt
3132 5496 3453 5558 perpetuum

1879 5590 1938 5636 ut
1967 5582 2251 5637 confestim
2282 5582 2520 5638 diluculo
2554 5597 2621 5638 ex
2651 5582 2827 5638 noctis
2863 5582 3050 5652 requie
3070 5586 3447 5650 exsurgentes,

1879 5684 2007 5731 ante
2032 5690 2192 5732 omne
2227 5690 2362 5746 opus
2392 5675 2474 5731 vel
2505 5675 2749 5743 verbum,
2772 5684 2901 5730 ante
2929 5689 3088 5733 omne
3117 5669 3445 5743 colloquium

1700 5840 1742 5870 ³⁷
1768 5838 1893 5896 ibid.

3059 5931 3133 5987 1‘3
