3992 6312
508 382 615 438 595

1637 381 2015 437 ANONYMUS
2053 379 2118 435 ΙΝ
2159 381 2297 435 JOB.
2342 413 2406 420 ——
2444 370 2574 435 LIB.
2617 382 2659 437 l.
3240 400 3241 403 ‘
3641 386 3736 443 396

510 510 595 562 vel
629 510 1071 576 conventionem,
1107 507 1379 576 primitias
1430 506 1854 562 resurrectionis
1885 514 2089 560 nostra
2116 509 2163 564 Α
2198 505 2361 558 rendo
2389 515 2558 574 atque
2593 505 2824 568 hostias,
2858 518 3035 560 nomne
3070 503 3241 559 multo
3268 504 3444 575 magis
3471 506 3746 561 secundum

510 598 623 655 Deo
646 599 1001 655 exhibeamus
1028 601 1079 655 in
1124 599 1352 655 sinceris
1376 600 1717 654 orationibus
1755 609 1921 669 atque
1954 613 2081 668 pre-

510 694 688 756 cibus,
722 694 777 747 in
824 693 1105 748 matutinis
1154 692 1630 760 deprecationibus
1674 702 1838 762 atque
1885 692 2086 759 gratia-

512 802 632 841 rum
665 787 997 842 actionibus.
1054 784 1207 839 Hanc
1251 784 1437 854 itaque
1469 784 1691 854 pietatis
1722 798 1786 837 ac
1818 783 2085 853 religiosi—

514 878 642 932 tatis
669 875 899 931 formam
924 875 1078 931 nobis
1106 873 1359 930 omnibus
1390 876 1773 931 demonstrans
1804 872 1926 940 Job,
1954 873 2088 928 Sur-

508 970 659 1037 gebat
689 985 861 1033 mane,
895 976 944 1022 et
970 969 1383 1031 mundabateos,
1401 970 1622 1037 oﬂerens
1638 984 1733 1037 pro
1761 968 1835 1022 eis
1859 968 2086 1021 hostiam

509 1062 799 1116 secundum
837 1077 1115 1115 numerum
1167 1061 1381 1115 illorum
1414 1062 1507 1115 "'.
1540 1060 1723 1115 Primo
1763 1059 2083 1125 mundabat,

510 1155 850 1221 puriﬁcabat,
880 1152 1279 1220 sanctiﬁcabat,
1311 1164 1368 1209 et
1416 1154 1493 1209 ita
1526 1154 1739 1208 demum
1767 1168 1864 1223 pro
1892 1153 1970 1208 eis
1996 1152 2089 1206 ho-

509 1247 668 1300 stiam
708 1244 992 1310 oil‘erebat,
1010 1244 1300 1300 utcunctis
1322 1245 1716 1316 inperpetuum
1747 1244 2085 1305 ostenderet,

509 1341 635 1407 quia
674 1340 925 1403 mundos,
977 1347 1159 1393 castos
1201 1347 1365 1408 atque
1411 1345 1633 1392 sanctos
1676 1336 1976 1390 condecent
2002 1348 2090 1386 sa-

508 1431 739 1495 criﬁcia,
784 1442 845 1484 ut
879 1440 1069 1485 sancte
1125 1440 1289 1501 atque
1318 1431 1477 1499 digne
1531 1428 1810 1483 immolata
1844 1467 1859 1493 ,
1901 1436 2087 1481 sancte

509 1532 675 1591 atque
719 1522 880 1592 digne
913 1536 943 1575 a
988 1523 1193 1577 sanctis
1221 1522 1582 1592 accipiantur.
1618 1522 1710 1575 Sic
1746 1533 1979 1588 namque
2029 1526 2086 1572 et

506 1615 797 1686 Apostolus
826 1625 948 1685 post
976 1617 1091 1671 haec
1121 1616 1250 1670 dicit
1283 1633 1297 1670 :
1349 1613 1544 1668 Probet
1567 1615 1793 1684 seipsum
1820 1614 1976 1666 homo
2013 1611 2083 1676 ⁸⁸,

508 1707 616 1760 hoc
643 1716 726 1760 est
753 1706 976 1761 muudet
1006 1706 1376 1774 semetipsum,
1413 1713 1467 1760 et
1491 1705 1565 1759 ita
1614 1705 1679 1759 de
1726 1700 2088 1759 sanctissimis

511 1795 724 1849 Domini
752 1796 1038 1851 sacriﬁciis
1061 1794 1293 1850 fruatur.
1320 1795 1412 1849 Sic
1438 1805 1493 1849 et
1517 1792 1620 1849 Job
1643 1794 1850 1864 pridem
1877 1792 2087 1848 faciens

2195 614 2479 653 numerum
2504 613 2713 660 eorum.
2741 607 2795 652 et
2822 599 3121 653 secundum
3151 612 3420 667 personas
3435 599 3633 655 hostias
3659 602 3752 656 im-

2195 695 2410 750 molabo
2446 695 2471 749 ‘t
2515 696 2624 750 Cur
2670 706 2853 749 autem
2903 710 3070 750 unum
3122 695 3356 749 vitulum
3391 710 3492 765 pro
3519 697 3754 755 omnibus

2194 786 2519 841 sacriﬁcas?
2555 787 2663 841 Cur
2688 802 2855 840 unum
2879 786 3106 841 vitulum
3140 787 3512 842 communiter
3534 802 3626 856 pro
3645 803 3753 844 om-

2196 880 2355 933 nibus
2388 879 2674 933 animabus
2712 878 2928 948 jngulas
2967 879 2992 932 ?
3047 877 3128 934 Ob
3177 879 3304 942 hoc,
3360 878 3552 947 inquit,
3601 895 3749 935 unum

2196 970 2420 1025 vitulum
2451 968 2810 1025 communiter
2836 983 2935 1037 pro
2966 968 3205 1023 omnium
3236 970 3526 1023 animabus
3565 982 3748 1035 macto.

2196 1072 2252 1115 ut
2280 1061 2718 1117 communionem
2744 1069 2910 1130 atque
2945 1060 3321 1124 concordiam,
3354 1061 3752 1118 unanimitatem

2194 1164 2359 1223 atque
2402 1168 2730 1208 consensum
2783 1162 3011 1209 cunctos
3060 1152 3181 1208 illos
3228 1153 3483 1219 doceam,
3534 1164 3591 1208 ut
3640 1170 3751 1211 cum

2195 1260 2338 1300 unus
2364 1245 2566 1300 vitulus
2600 1261 2699 1315 pro
2724 1246 2976 1300 omnibus
3000 1245 3306 1315 jugulatur,
3334 1245 3614 1301 unanimes
3642 1260 3756 1303 esse

2194 1337 2428 1393 invicem
2472 1331 2661 1393 omnes
2701 1337 3040 1405 judicentur.
3075 1336 3271 1391 Merito
3315 1351 3451 1408 ergo
3504 1352 3598 1407 pro
3642 1354 3751 1393 om-

2195 1431 2346 1484 nium
2393 1429 2678 1483 animabus
2727 1444 2894 1483 unum
2949 1428 3173 1483 vitulum
3227 1429 3593 1485 communiter
3644 1446 3751 1485 ma-

2195 1518 2359 1573 ctavi.
2400 1516 2506 1573 Sed
2537 1520 2739 1581 adhuc,
2760 1519 2905 1587 quod
2933 1528 3018 1572 est
3050 1519 3246 1573 horum
3279 1519 3596 1585 maximum,
3626 1523 3750 1575 vitu-

2194 1610 2327 1676 lum,
2365 1611 2563 1680 inquit,
2601 1627 2763 1663 unum
2792 1627 2890 1679 pro
2934 1611 3163 1677 peccatis
3191 1611 3499 1664 animorum
3535 1612 3749 1670 illorum.

2198 1702 2310 1768 Dic,
2339 1718 2372 1757 ο
2400 1705 2558 1758 beate
2588 1702 2711 1768 Job,
2757 1704 2881 1773 quis
2918 1712 2972 1758 te
2998 1702 3187 1757 docuit
3245 1702 3481 1756 vitulum
3532 1716 3753 1760 mactare

2196 1810 2295 1864 pro
2328 1794 2631 1847 animarum
2667 1795 2907 1863 peccatis
2948 1811 2964 1849 :
3017 1795 3141 1864 quis
3173 1794 3365 1850 dOClHl
3412 1797 3482 1848 ita
3516 1795 3579 1849 de
3615 1796 3753 1866 longe

488 1874 744 1958 'primum
767 1889 1060 1943 mundabat
1084 1903 1196 1953 eos,
1217 1888 1357 1943 etita
1383 1888 1598 1942 demum
1626 1902 1726 1957 pro
1751 1887 1831 1943 eis
1852 1887 2084 1941 hostiam
2120 1869 2163 1927 Β
2195 1889 2423 1957 ﬁguram
2453 1886 2752 1955 adimplere
2786 1887 3004 1941 illorum
3036 1901 3160 1956 quae
3205 1887 3538 1957 perﬁcienda
3565 1899 3679 1942 sunt
3704 1890 3751 1942 iu

509 1978 772 2035 offerebat
797 1982 1094 2036 secundum
1116 1994 1398 2034 numerum
1418 1993 1627 2044 eorum,
1644 1980 1941 2034 secundum
1968 1992 2091 2048 per-

510 2088 675 2128 sonas
707 2087 919 2128 eorum.
972 2070 1155 2139 Quare
1202 2071 1500 2126 secundum
1546 2085 1832 2126 numerum
1857 2071 2090 2125 eorum?

510 2158 740 2228 Propter
788 2160 1009 2215 nimiam
1057 2161 1427 2215 sinceritatem
1471 2175 1635 2230 quam
1679 2160 1920 2215 habebat
1944 2161 2087 2215 circa

513 2253 653 2321 illos,
679 2262 843 2324 atque
893 2253 1139 2308 devotam
1184 2252 1634 2308 castiﬁcationem
1665 2267 1827 2321 quam
1853 2252 2090 2308 habebat

510 2346 656 2402 circa
672 2345 811 2400 illos.
831 2344 1042 2417 Singuli
1056 2344 1395 2416 itidemquea
1415 2346 1523 2400 Deo
1536 2345 1704 2400 creati
1721 2354 1872 2411 sunt,
1892 2345 2090 2415 sigilla-

513 2439 607 2493 tim
626 2453 693 2493 ex
713 2448 867 2492 utero
890 2437 1083 2491 matris
1107 2436 1379 2503 exierunt,
1406 2436 1687 2506 sigillatim
1705 2437 1926 2492 totidem
1948 2438 2087 2492 idem

512 2531 564 2585 in
605 2530 1024 2595 resurrectione,
1049 2537 1211 2600 atque
1231 2529 1283 2582 in
1308 2528 1660 2598 inquisitione
1675 2527 1861 2598 judicii
1898 2543 2090 2584 exsur-

510 2632 658 2694 gent.
678 2623 759 2678 Ob
789 2624 914 2689 hoc,
934 2622 1129 2692 inquit,
1160 2637 1290 2694 ergo
1314 2637 1414 2693 pro
1442 2623 1667 2693 singulis
1696 2638 1881 2679 eorum
1904 2640 2092 2679 secun-

510 2717 639 2769 dum
664 2730 947 2771 numerum
967 2715 1176 2769 illorum
1201 2714 1435 2770 hostiam
1460 2714 1648 2781 oﬂero,
1671 2723 1730 2770 ut
1760 2725 1815 2771 et
1844 2717 1942 2784 ipsi
1973 2718 2089 2772 haec

511 2807 785 2871 videntes,
838 2807 1026 2861 eadem
1079 2822 1179 2877 pro
1224 2808 1533 2878 semetipsis
1579 2808 1847 2878 perﬁcere
1894 2825 2090 2881 prope-

511 2910 657 2966 rent,
694 2900 799 2956 hoc
833 2901 1095 2967 scientes,
1140 2902 1267 2968 quia
1300 2901 1680 2972 unusquisque
1721 2904 1963 2958 omnium
1993 2906 2090 2960 ho-

511 2991 717 3046 minum
750 3007 850 3063 pro
880 2993 1178 3062 semetipso
1204 2992 1353 3049 solus
1394 2996 1446 3047 in
1474 2994 1677 3063 judicio
1726 3006 2003 3068 resurget,
2034 3008 2091 3053 et

514 3081 663 3137 solus
690 3082 758 3138 ad
785 3081 1200 3152 inquisitionem
1234 3082 1436 3149 veniet,
1478 3091 1535 3137 et
1567 3085 1717 3140 solus
1755 3100 1856 3155 pro
1883 3102 1943 3141 se
1970 3086 2090 3142 solo

513 3190 834 3245 responsum
876 3176 932 3231 in
983 3176 1297 3232 visitatione
1362 3178 1671 3234 animarum
1743 3180 1915 3235 dabit.
1971 3179 2085 3234 Non
2116 3212 2162 3273 ο

514 3268 660 3323 enim
692 3267 945 3323 liberabit
975 3268 1146 3323 frater
1170 3266 1421 3334 fratrem,
1455 3283 1629 3337 neque
1662 3268 1917 3325 defendet
1944 3270 2085 3326 ullus

512 3359 677 3414 alium
710 3360 763 3414 in
795 3358 1021 3428 iudicio.
1047 3358 1240 3415 Merito
1275 3375 1406 3431 ergo
1443 3362 1741 3419 secundum
1798 3379 2084 3435 numerum

510 3466 701 3508 eorum
727 3449 991 3507 oﬁ'erebat
1016 3467 1118 3523 pro
1140 3454 1220 3510 eis
1242 3454 1472 3521 hostias,
1500 3455 1628 3510 item
1658 3454 1885 3510 vitulum
1918 3472 2086 3513 mium

512 3558 612 3612 pro
638 3544 879 3615 peccatis
906 3546 1214 3601 animarum
1258 3546 1497 3603 illorum.
1522 3548 1656 3615 Quis
1678 3559 1857 3604 autem
1889 3547 2088 3623 oﬁcre-g

511 3636 605 3691 bat
635 3637 852 3693 easdem
881 3636 1090 3693 hostias
1115 3638 1383 3694 tCertum
1411 3649 1497 3695 est
1528 3641 1670 3711 quod
1702 3642 1823 3711 ipse
1866 3640 1991 3698 Job.
2028 3644 2086 3699 Si

511 3729 655 3784 enim
690 3740 811 3800 post
849 3730 952 3785 hoc
988 3745 1087 3799 pro
1116 3732 1307 3787 amicis
1345 3732 1460 3787 suis
1505 3734 1620 3802 ipse
1653 3733 1843 3802 jussus
1885 3745 1969 3790 est
2004 3735 2087 3791 of-

512 3823 677 3886 ferre,
707 3833 870 3891 atque
902 3822 1111 3877 hostias
1139 3823 1445 3889 immolare,
1481 3824 1654 3883 multo
1682 3827 1855 3899 magis
1889 3842 1989 3898 pro
2017 3826 2088 3882 ﬁ-

513 3914 601 3968 liis
629 3913 741 3968 suis
793 3914 908 3982 ipse
945 3912 1207 3968 oll'erehat
1237 3917 1508 3983 sinceras,
1536 3926 1702 3989 atque
1750 3920 1889 3976 adeo
1932 3935 2090 3976 acce-

512 4004 742 4075 ptahiles
792 4005 1020 4063 hostias.
1054 4005 1224 4061 Erant
1259 4008 1612 4063 nihilominus
1666 4011 1825 4066 etiam
1853 4027 1915 4068 ea
1948 4023 2087 4068 tem-

512 4099 725 4162 pestate
779 4093 1091 4149 sacerdotes
1140 4096 1367 4149 necdum
1398 4097 1577 4153 adhuc
1616 4116 1643 4153 a
1686 4099 1804 4171 lege
1826 4103 2086 4171 ordinati,

510 4184 607 4240 sed
622 4184 855 4239 naturali
880 4186 1149 4256 sapientia
1171 4189 1275 4243 hoc
1311 4189 1628 4260 requirente
1654 4206 1719 4246 ac
1746 4194 2085 4262 perﬁciente.

511 4279 593 4334 Ita
621 4278 926 4334 sacerdotio
960 4278 1180 4336 {uinctus
1206 4290 1291 4337 est
1321 4280 1455 4338 Noe.
1491 4281 1569 4339 lta
1615 4285 1927 4341 sacerdotio
1961 4287 2090 4342 fun-

512 4382 633 4427 ctus
661 4379 745 4427 est
774 4371 1075 4427 Abraham.
1126 4373 1204 4429 lta
1237 4375 1605 4430 sacerdotium
1646 4378 1819 4448 gessit
1862 4378 2087 4435 Melchi-

514 4467 737 4525 scdech.
773 4468 849 4524 Ita
877 4478 931 4524 et
961 4469 1075 4538 ipse
1099 4466 1201 4524 Joh
1230 4478 1353 4540 post
1378 4468 1500 4525 illos
1524 4471 1834 4527 sacerdotio
1858 4471 2084 4530 functus

2191 1980 2492 2035 novissimo
2527 1980 2817 2050 tempore?
2846 1981 3110 2051 Spiritus,
3141 1982 3343 2051 inquit,
3384 1991 3603 2049 sanctus
3633 1980 3751 2036 mihi

2191 2073 2476 2137 revelavit,
2510 2074 2748 2143 Spiritus
2781 2085 3006 2129 sanctus
3054 2090 3141 2129 me
3188 2075 3402 2139 docuit,
3454 2074 3748 2129 utvitulum

2191 2181 2290 2236 pro
2340 2166 2628 2221 animabus
2676 2165 2905 2221 offeram
2942 2167 2995 2221 in
3028 2168 3260 2238 figuram
3316 2167 3464 2222 illius
3505 2166 3653 2221 vituli
3689 2166 3749 2221 de

2190 2276 2296 2330 quo
2325 2261 2529 2316 dictum
2551 2270 2635 2315 est
2663 2279 2675 2314 :
2710 2259 2827 2315 Cito
2850 2260 3095 2314 adducite
3116 2260 3351 2315 uitulum
3379 2261 3669 2329 saginatum
3688 2259 3750 2322 ",

2190 2362 2244 2408 et
2277 2352 2584 2406 utvitulum
2632 2368 2730 2423 pro
2776 2352 3019 2422 peccatis
3057 2351 3312 2420 iugulem
3347 2352 3401 2406 in
3457 2361 3583 2422 typo
3627 2351 3755 2407 illius

2192 2445 2258 2499 de
2290 2460 2397 2514 quo
2427 2445 2631 2499 dictum
2668 2454 2751 2498 est
2784 2462 2796 2497 :
2830 2443 2963 2498 Ecce
2998 2443 3181 2514 Agnus
3219 2444 3352 2511 Dei,
3380 2461 3494 2498 ecce
3526 2445 3612 2515 qui
3632 2443 3753 2497 toltit

2190 2548 2403 2606 peccata
2431 2538 2611 2590 mundi
2639 2537 2704 2591 ‘°.
2739 2538 2878 2607 Ipse,
2920 2538 3121 2606 inquit,
3153 2536 3245 2607 Spi
3271 2538 3407 2592 ritus
3439 2546 3651 2591 sanctus
3680 2550 3754 2591 me

2192 2629 2380 2683 docuit
2407 2629 2634 2683 vitnlmn
2683 2643 2781 2697 pro
2807 2630 3051 2697 peccatis
3081 2629 3401 2683 animarum
3438 2626 3646 2690 otIerre,
3682 2636 3754 2681 at-

2191 2734 2298 2788 que
2349 2719 2415 2774 de
2464 2719 2627 2789 longe
2652 2718 2881 2789 figuram
2912 2717 3143 2788 implere
3181 2719 3361 2784 illius,
3393 2720 3482 2789 qui
3518 2730 3752 2787 tanquam

2192 2812 2392 2867 vitulus
2422 2815 2716 2884 saginatus
2751 2827 2850 2882 pro
2884 2813 3087 2868 mundo
3119 2813 3454 2868 mactandas
3480 2823 3560 2866 est
3585 2815 3631 2865 in
3659 2825 3750 2865 no-

2193 2907 2419 2961 vissimo
2445 2914 2709 2976 tempore,
2758 2906 2847 2976 qui
2889 2915 3149 2975 tanquam
3182 2921 3365 2975 agnus
3392 2904 3749 2960 immaculatus

2193 3016 2291 3071 pro
2347 2999 2562 3054 mundis
2612 2999 2716 3054 erit
2768 2998 3149 3054 inunoiandus.
3208 2998 3321 3066 Qui
3371 3000 3514 3052 enim
3583 2998 3748 3052 docuit

2193 3091 2387 3146 Isaiam
2418 3090 2598 3144 dicere
2627 3086 2807 3143 :Sicut
2832 3090 2939 3143 ovis
2970 3090 3038 3142 ad
3070 3090 3345 3144 victimam
3377 3091 3558 3144 ductus
3583 3098 3673 3152 est,
3703 3095 3750 3141 (ε

2193 3182 2335 3237 sicut
2372 3196 2543 3250 agnus
2574 3195 2751 3233 coram
2777 3174 3035 3233 tondente
3055 3195 3110 3233 se
3134 3180 3247 3234 sine
3286 3195 3434 3245 voce,
3464 3189 3513 3233 et
3551 3188 3745 3248 peccata

2193 3281 2374 3328 nostra
2420 3272 2531 3340 ipse
2572 3270 2824 3337 portavit,
2872 3282 2919 3323 et
2962 3280 3176 3339 propter
3216 3270 3518 3339 impietate:
3558 3278 3747 3322 nostra:

2191 3367 2445 3420 deductus
2489 3372 2565 3417 est
2599 3363 2667 3416 ad
2702 3374 2919 3416 mortem
2965 3362 3052 3427 ⁸¹;
3104 3361 3196 3431 qui
3246 3362 3442 3417 docuit
3477 3360 3746 3415 Jercmiam

2190 3458 2375 3512 dicere
2414 3473 2428 3509 ε
2486 3455 2600 3525 Ego
2650 3465 2825 3507 autent
2874 3463 3129 3524 tanquam
3176 3470 3355 3525 agnus
3401 3454 3746 3508 immaculata:

2191 3550 2379 3603 ductus
2419 3552 2487 3602 ad
2521 3547 2905 3601 immolandum
2951 3546 3019 3611 ⁸⁸,
3070 3546 3290 3617 aliaque
3343 3548 3620 3602 innumera
3670 3544 3745 3596 his

2191 3638 2387 3693 similia
2417 3656 2431 3692 :
2467 3637 2556 3707 qui
2589 3650 2721 3707 ergo
2752 3650 2947 3690 omnes
2977 3636 3098 3691 illos
3127 3637 3317 3691 docuit
3350 3638 3531 3693 dicere
3556 3645 3606 3690 et
3633 3647 3747 3704 pro~

2191 3730 2419 3801 phetare
2462 3732 2527 3785 de
2571 3744 2659 3793 eo,
2705 3728 2793 3797 qui
2842 3737 2962 3782 erat
2992 3738 3283 3794 venturus,
3317 3731 3457 3784 idem
3503 3727 3631 3797 ipse,
3673 3728 3745 3779 in-

2191 3826 2329 3895 quit,
2355 3824 2519 3879 etiam
2550 3838 2636 3879 me
2672 3822 3015 3887 illuminavit,
3050 3831 3109 3875 ut
3139 3823 3370 3877 vitulum
3404 3837 3501 3893 pro
3528 3818 3744 3891 peccatis

2190 3916 2467 3981 offerrem,
2503 3925 2557 3971 et
2590 3926 2775 3987 typum
2825 3915 2992 3970 futuri
3042 3914 3195 3968 vituli
3230 3925 3397 3987 atque
3440 3914 3557 3985 agni
3586 3911 3740 3965 adim-

2191 4008 2418 4078 plerem.
2465 4007 2659 4063 Merito
2700 4022 2829 4077 ergo
2880 4005 3111 4060 vitulum
3144 4021 3313 4059 unum
3370 4021 3471 4076 pro
3519 3999 3741 4074 peccatis

2189 4101 2493 4156 animarum
2530 4100 2744 4154 illorum
2786 4098 3000 4163 obtullt,
3036 4108 3091 4152 ut
3136 4096 3225 4151 illa
3277 4112 3423 4152 nunc
3462 4094 3729 4165 perﬁceret

2188 4204 2244 4248 et
2270 4194 2451 4248 futura
2482 4194 2814 4249 ostenderet.
2867 4191 2971 4246 Sed
3003 4200 3060 4246 et
3087 4190 3259 4245 adhuc
3302 4199 3583 4261 propterea
3607 4183 3738 4236 vitu-

2193 4286 2299 4339 lum
2331 4284 2480 4339 iI-lum
2513 4299 2698 4339 coram
2743 4283 2868 4338 ﬁliis
2914 4283 3030 4339 suis
3066 4297 3166 4352 pro
3218 4282 3463 4352 peccatis
3492 4274 3741 4349 iugulavit

2192 4389 2250 4435 ut
2281 4379 2525 4435 videntes
2557 4379 2659 4448 ipsi
2693 4377 2787 4432 ﬁlii
2842 4378 2985 4448 quod
3035 4391 3132 4446 pro
3173 4376 3371 4431 alienis
3400 4373 3631 4447 peccatis
3657 4369 3739 4422 ille

2193 4470 2682 4541 vitulusjugulatus
2713 4478 3037 4533 moreretur,
3077 4476 3381 4522 metuentes
3411 4482 3473 4521 ac
3501 4474 3737 4535 paventes

513 4576 619 4620 est.
674 4563 781 4619 Sed
830 4562 1047 4618 interim
1086 4563 1253 4633 (sicut
1282 4562 1543 4636 diximus)
1574 4574 1737 4621 erant
1780 4567 1947 4622 etiam
1993 4584 2086 4623 sa-
2120 4566 2162 4619 Ι)
2196 4565 2263 4619 ab
2288 4563 2542 4618 omnibus
2569 4560 2808 4631 peccatis
2844 4572 2968 4628 quae
3016 4557 3233 4611 animas
3273 4556 3540 4625 perimunt
3584 4547 3737 4604 decli-

514 4657 761 4714 cerdotes
792 4670 887 4726 per
914 4654 1034 4709 loca
1064 4655 1156 4722 qui
1187 4669 1285 4723 pro
1312 4655 1679 4726 indigentibus
1712 4659 1918 4715 hostias
1951 4658 2086 4715 olfe-

515 4750 709 4806 rebant
754 4747 979 4803 Domino
1024 4760 1121 4815 per
1150 4746 1365 4801 diversa
1405 4754 1675 4819 tempora.
1714 4749 1866 4816 Quod
1903 4762 2082 4808 autem

516 4843 718 4899 fuerint
756 4854 854 4910 pro
882 4846 1032 4894 certo
1065 4837 1159 4892 illo
1193 4848 1435 4908 tempore
1464 4840 1806 4907 sacerdotes,
1843 4845 2087 4900 ostendit

513 4937 631 5004 ipse
658 4931 761 4988 Joh
789 4933 1014 4988 dicens:
1044 4928 1149 4996 Qui
1182 4930 1343 4985 mittit
1383 4934 1681 4987 sacerdotes
1724 4936 1954 5004 captivos
1988 4936 2081 4995 ⁵⁸⁸.

513 5028 639 5082 Sive
662 5041 793 5097 ergo
812 5024 1095 5080 memorati
1125 5023 1462 5090 sacerdotes,
1485 5025 1600 5081 sive
1624 5027 1739 5097 ipse
1769 5042 1865 5095 per
1885 5037 2085 5085 semet-

513 5121 691 5190 ipsum
716 5117 818 5175 .lob
848 5116 1111 5174 oﬂ‘erebat
1142 5116 1353 5172 hostias
1380 5131 1481 5187 pro
1524 5118 1633 5174 illis
1664 5119 1963 5175 secundum
1992 5136 2086 5176 nu-

517 5226 725 5266 merum
775 5211 1012 5268 illorum.
1045 5209 1103 5266 Si
1134 5209 1531 5277 hereditatem,
1573 5212 1772 5284 inquit,
1803 5208 1933 5271 illis‘
1961 5214 2079 5272 dis-

516 5305 835 5370 tribuerem,
866 5305 911 5360 si
939 5305 1079 5359 dona
1128 5303 1239 5360 illis
1287 5303 1528 5373 ingentia
1562 5305 1847 5373 donarem,
1898 5322 2084 5365 nonne

510 5394 810 5454 secundum
838 5409 1123 5450 numerum
1153 5392 1365 5449 illorum
1398 5393 1695 5451 dividerem
1717 5397 1742 5451 1
1766 5396 1958 5453 Nonne
1994 5412 2084 5454 se-

511 5487 749 5545 cundum
780 5502 1040 5555 personas
1090 5500 1283 5542 eorum
1336 5486 1565 5541 darem?
1597 5486 1747 5543 Nunc
1776 5503 1907 5544 vero
1956 5503 2081 5545 cum

513 5576 835 5649 spiritalem,
866 5578 1060 5648 inquit,
1093 5578 1199 5633 illis
1238 5576 1610 5633 hereditatem
1643 5580 1880 5636 dividam
1918 5592 2084 5650 atque

513 5671 697 5726 divina
746 5669 850 5726 illis
893 5671 1035 5725 dona
1085 5670 1308 5741 largiar,
1354 5669 1625 5734 sacriﬁcia
1670 5687 1769 5742 pro
1804 5672 1910 5729 illis
1953 5671 2086 5729 olfe-

2196 4666 2386 4709 narent
2424 4663 2478 4707 ct
2517 4653 2802 4707 universas
2850 4647 3065 4704 animas
3122 4648 3517 4708 interﬁcerent,
3552 4643 3599 4696 id
3643 4645 3734 4696 esi.

2188 4748 2489 4818 juventutis
2524 4744 2862 4816 ignorantias
2907 4758 2936 4797 a
2980 4756 3039 4797 se
3088 4740 3502 4795 mortiﬁcarent.
3537 4733 3613 4789 Ob
3644 4730 3738 4784 hoc

2190 4856 2320 4913 ergo
2350 4839 2577 4895 vitulum
2610 4853 2774 4893 unum
2812 4840 2863 4891 in
2895 4837 3118 4905 ﬁguram
3168 4835 3329 4891 unius
3374 4824 3643 4887 memorati
3678 4820 3737 4875 il-

2191 4937 2296 4990 lius
2329 4932 2480 4987 vituli
2514 4931 2771 4986 mactavit
2801 4945 2898 4997 pro
2928 4927 3167 4999 peccatis
3201 4928 3502 4981 animarum
3539 4929 3731 4974 eorum.

2190 5026 2317 5082 Haec
2358 5024 2618 5079 nimirum
2666 5022 2919 5076 universa
2957 5018 3087 5072 fecit
3136 5018 3329 5072 beatus
3353 5014 3453 5070 Job
3480 5010 3737 5080 sapienter

2190 5118 2545 5175 considerans
2597 5121 2893 5179 sancteque
2940 5110 3210 5180 cogitans.
3264 5100 3643 5162 Dicebatenim
3684 5097 3732 5148 in

2189 5209 2481 5278 semetipso
2530 5203 2632 5261 Job
2682 5201 2813 5258 :Ne
2865 5200 2999 5271 forte
3054 5200 3156 5269 ﬁlii
3221 5200 3329 5253 mei
3373 5192 3505 5251 ntali
3545 5183 3732 5257 aliquid

2188 5306 2243 5358 in
2267 5304 2420 5357 corde
2446 5316 2542 5355 suo
2569 5296 2915 5367 cogitaverim
2958 5294 3211 5348 adversus
3240 5291 3405 5345 Deum
3452 5287 3516 5340 ⁸³.
3548 5282 3592 5338 0
3626 5278 3730 5367 sint

2191 5396 2391 5453 ceritas
2420 5390 2672 5463 patris,o
2702 5387 2923 5446 dilectio
2966 5382 3233 5455 parentis,
3265 5398 3299 5438 ο
3326 5378 3555 5437 studium
3591 5366 3730 5439 geni-

2193 5485 2354 5541 toris!
2382 5481 2500 5539 Non
2535 5480 2680 5538 enim
2708 5488 2917 5534 tantum
2953 5491 3051 5548 pro
3067 5490 3295 5545 corpore
3325 5469 3583 5530 sollicitus
3600 5466 3728 5556 erat:

2189 5577 2282 5633 sed
2314 5575 2431 5647 plus
2466 5577 2534 5630 de
2573 5572 2756 5627 anima
2792 5568 3087 5639 cogitabat.
3117 5564 3195 5621 Ne
3223 5566 3388 5633 forte,
3426 5548 3731 5647 inquit._ﬁlii

2192 5668 2297 5725 mei
2315 5642 2421 5739 qui
2452 5667 2508 5721 in
2536 5664 2822 5735 disciplina
2847 5663 3037 5717 nutriti
3069 5668 3215 5724 sunt,
3247 5659 3339 5729 qui
3371 5659 3427 5713 in
3452 5642 3732 5708 eruditione

508 5828 558 5870 ςι-
673 5791 775 5848 Job
810 5807 850 5855 ι,
885 5791 1260 5870 5.ῌ⁵⁸1ρρςη·Γ
1294 5791 1491 5870 xl,_28.
1565 5794 1633 5829 ”'
1662 5793 1762 5853 Job
1792 5812 1887 5870 xu,
1926 5798 2009 5855 l9.

2192 5812 2296 5855 .uc.
2328 5809 2416 5861 xv,
2440 5791 2535 5848 25.
2614 5793 2659 5825 ⁸⁸
2692 5789 2846 5847 Joan.
2879 5805 2917 5856 ι,
2943 5786 3033 5842 29.
3113 5787 3153 5817 ⁵⁸
3182 5784 3283 5841 lsa.
3314 5797 3429 5847 Lm,
3458 5778 3485 5830 7
3511 5780 3559 5829 et
3580 5775 3725 5836 sc'l‘P

504 5846 559 5897 δ’
584 5846 781 5920 Jcrcm.
812 5846 909 5929 ίιξ
938 5863 1024 5919 l9.
1102 5862 1146 5895 “
1172 5862 1270 5919 Job
1295 5876 1336 5926 ι,
1356 5846 1424 5919 ’5.
