3992 6312
194 363 293 419 597

1318 356 1699 414 ANONYMUS
1737 355 1802 411 IN
1839 356 1980 411 JOB.
2021 386 2084 394 —
2126 353 2252 411 LIB.
2293 354 2335 411 I.

3344 353 3449 409 sos
3470 328 3475 333 ’

197 514 507 572 creverunt,
553 506 645 576 qui
697 507 748 561 in
798 505 890 560 Dei
950 505 1148 560 timore
1194 505 1480 560 exercitati
1519 512 1669 569 sunt,
1706 518 1774 556 ne
1806 508 1846 561 Α
1880 501 2098 555 teritum
2136 498 2384 561 tradunt,
2418 506 2473 551 et
2499 496 2826 567 semetipsos
2867 496 2922 551 in
2973 495 3213 552 furorem
3257 496 3451 565 judicii

198 600 333 653 forte
364 599 458 653 lilii
491 600 598 654 mei
635 601 830 669 quibus
856 599 995 654 vivis
1020 614 1120 670 ego
1150 599 1361 669 gaudeo
1400 598 1448 653 si
1488 598 1591 667 ipsi
1618 597 1770 651 vixe-

196 691 295 743 rint
334 689 467 756 Deo,
502 690 700 759 quibus
728 691 862 745 vivis
895 706 995 762 ego
1024 690 1265 761 gratulor
1291 691 1337 745 si
1370 690 1467 759 ipsi
1501 691 1569 744 ad
1601 688 1769 742 Deum

193 783 546 850 intenderim,
566 783 609 837 si
645 782 741 854 ipsi
773 783 882 837 Dco
913 782 1232 847 servierint,
1258 782 1303 835 si
1325 783 1424 850 ipsi
1457 782 1769 836 aCreatore

190 888 293 928 non
344 875 701 938 recesserint,
737 888 805 927 ne
840 874 983 928 forte
1026 873 1122 927 ﬁlii
1152 873 1254 929 mei
1281 874 1334 927 in
1368 875 1534 929 corde
1559 890 1678 938 suo,
1715 876 1768 928 in

188 974 390 1030 mente,
446 968 497 1020 in
531 968 734 1030 animo,
770 966 826 1019 in
867 981 1058 1031 sensu,
1106 966 1160 1019 in
1193 967 1528 1035 cogitatione
1564 966 1768 1036 aliquid

185 1058 556 1125 cogitaverint
581 1067 769 1112 centra
799 1057 995 1111 Deum.
1026 1057 1107 1111 Ac
1142 1058 1186 1111 si
1238 1058 1483 1113 diceret:
1519 1056 1597 1111 Ne
1628 1059 1770 1112 forte

184 1147 361 1218 aliqua
397 1149 542 1204 mala
576 1150 834 1218 cogitatio
866 1148 919 1202 in
956 1163 1051 1202 cor
1076 1163 1264 1203 eorum
1299 1150 1768 1220 ascenderit,qu:e

185 1253 212 1291 a
238 1238 349 1294 Deo
393 1240 558 1310 longe
588 1241 746 1306 facit,
776 1256 897 1309 quae
924 1255 953 1293 a
985 1241 1276 1295 sanctitate
1323 1243 1601 1310 pervertit,
1646 1259 1769 1313 quae

184 1348 211 1384 a
239 1333 508 1388 castitate
544 1342 781 1403 separat,
812 1348 931 1404 qua:
959 1349 987 1387 a
1016 1334 1225 1405 pietate
1262 1334 1553 1390 abstrahit.
1590 1336 1703 1400 Die,
1736 1352 1769 1390 ο

182 1426 337 1481 beate
369 1425 504 1493 Job,
539 1428 816 1496 quomodo
852 1426 1201 1497 permitteres
1231 1436 1290 1481 ut
1319 1428 1524 1497 aliquid
1558 1428 1684 1483 mali
1706 1429 1769 1482 ﬁ-

183 1511 266 1565 liis
315 1514 434 1567 tuis
483 1514 537 1567 in
586 1515 770 1569 verbis
821 1526 981 1584 atque
1036 1516 1295 1586 operibus
1339 1517 1769 1573 evidentioribus

179 1606 488 1673 excideret,
517 1609 608 1677 qui
640 1623 738 1678 pro
767 1608 1000 1663 occultis
1049 1618 1103 1663 et
1140 1608 1365 1675 abditis,
1406 1619 1501 1663 aut
1543 1611 1771 1664 omnino

182 1696 420 1753 forsitan
476 1716 581 1756 non
624 1701 1036 1765 exsiStentibus,
1092 1702 1163 1754 ita
1216 1702 1443 1755 nimium
1505 1701 1771 1757 sollicitus

182 1788 358 1843 fueris
400 1798 568 1859 atque
612 1806 800 1845 curam
833 1792 1108 1860 gesseris:
1145 1792 1235 1862 qui
1289 1792 1558 1848 sollicitus
1607 1803 1772 1863 atque

1873 596 2213 660 demergunt.
2266 590 2457 646 Omnia
2502 590 2646 644 enim
2697 604 2817 658 quae
2860 589 3190 660 deliquerint
3237 591 3332 655 ﬁlii
3386 591 3454 645 de
3498 652 3515 661 Μ

1871 683 2189 753 parentibus
2218 681 2593 752 requiruntur,
2639 682 2731 749 qui
2769 694 2873 732 non
2904 681 3222 747 erudierint,
3278 698 3454 753 neque

1871 774 2234 843 corripuerint
2266 773 2407 829 ﬁlios
2452 788 2598 828 suos.
2654 771 2828 839 Hujus
2875 774 3097 828 evidens
3138 775 3449 845 exemplum

1872 866 1925 920 in
1961 865 2078 920 lleli
2129 866 2438 920 ostenditur
2462 875 2519 917 et
2557 865 2609 917 in
2657 863 2785 918 ﬁliis
2833 865 2971 933 ejus,
3008 875 3171 933 atque
3222 854 3294 920 iui
3328 867 3451 922 aliis

1870 959 2022 1013 alibi.
2072 956 2195 1012 llaec
2238 959 2416 1013 sciens
2451 957 2722 1027 gloriosus
2762 955 2856 1011 Dei
2908 956 3141 1011 famulus
3183 957 3303 1023 Job,
3341 976 3451 1015 non

1871 1047 2044 1102 solum
2078 1063 2107 1101 a
2161 1046 2467 1102 manifestis
2525 1046 2765 1116 peccatis
2811 1045 3072 1101 observat
3115 1047 3254 1101 filios
3300 1063 3453 1114 suos,

1871 1140 1965 1191 scd
1995 1148 2050 1192 et
2078 1141 2146 1193 ab
2177 1140 2432 1206 occultis,
2464 1155 2530 1193 ne
2562 1138 2687 1191 mali
2720 1137 2923 1209 aliquid
2956 1139 3006 1193 in
3039 1141 3202 1194 corde
3234 1156 3331 1195 suo
3360 1156 3455 1195 co-

1870 1232 2121 1298 gitarent.
2157 1233 2371 1287 Primus
2401 1231 2593 1286 beatus
2644 1229 2734 1283 ille
2790 1233 3090 1287 ostendens
3128 1232 3289 1288 factis
3324 1240 3452 1299 hoc,

1871 1324 2012 1393 quod
2052 1334 2175 1393 post
2205 1325 2306 1378 hoc
2339 1325 2544 1379 dictum
2574 1331 2658 1377 est
2688 1321 2869 1376 verbis
2898 1340 2909 1375 :
2947 1323 3026 1376 Ab
3070 1323 3297 1381 occultis
3325 1326 3457 1381 meis

1871 1414 2069 1465 munda
2097 1431 2178 1467 me
2210 1413 2293 1466 “z
2332 1429 2429 1483 pro
2472 1414 2709 1469 occultis
2758 1413 3137 1479 nihilominus,
3192 1424 3358 1483 atque
3400 1416 3457 1471 in

1872 1504 2180 1574 ignorantia
2242 1508 2571 1574 perpetratis
2645 1507 2860 1564 delictis
2919 1506 3159 1560 ﬁliorum
3225 1522 3453 1562 suorum

1874 1596 2109 1651 sollicite
2137 1599 2435 1653 mundahat
2460 1613 2574 1663 cos,
2613 1608 2668 1654 et
2718 1586 2833 1655 non.
2884 1609 3097 1655 tantum
3126 1613 3226 1671 pro
3256 1615 3456 1671 perpe-

1875 1689 2033 1743 tratis
2085 1698 2251 1758 atque
2295 1691 2481 1755 certis,
2512 1701 2776 1761 quantum
2828 1708 2928 1762 pro
2978 1694 3204 1748 incertis
3244 1704 3299 1748 et
3348 1708 3456 1748 non

1877 1785 2285 1839 exsistentibus.
2307 1783 2420 1839 lloc
2450 1785 2709 1838 nimirum
2731 1784 2968 1840 faciebat
3001 1784 3096 1841 ille
3126 1784 3319 1839 beatus
3346 1784 3454 1839 vir.

178 1888 440 1935 metuens
468 1881 652 1935 dixisti
684 1881 800 1935 :Ne
832 1880 967 1949 forte
992 1881 1090 1949 ﬁlii
1124 1885 1221 1936 mei
1251 1883 1306 1936 in
1329 1884 1485 1936 corde
1509 1899 1605 1937 suo
1639 1881 1769 1934 mali
1799 1863 1850 1923 Β
1878 1873 1993 1929 Νοη
2020 1876 2184 1930 semel
2220 1886 2312 1929 aut
2340 1876 2600 1940 secundo,
2634 1890 2807 1944 neque
2849 1892 2957 1931 uno
3002 1892 3145 1930 anno
3174 1884 3267 1930 aut
3317 1875 3455 1930 duo-

176 1968 394 2039 aliquid
424 1972 765 2040 cogitaverim
802 1972 1053 2025 adversus
1092 1970 1283 2037 Deum,
1314 1988 1380 2026 ne
1410 1972 1550 2027 forte
1578 1974 1645 2027 de
1671 1971 1774 2026 im-

176 2063 456 2130 pudicitia
497 2063 881 2133 cogitaverint,
928 2077 995 2118 ne
1017 2062 1158 2117 forte
1190 2063 1258 2118 ad
1299 2065 1634 2134 impietatem
1678 2065 1777 2119 de-

174 2156 547 2224 clinaverint,
577 2172 646 2211 ne
674 2157 813 2212 forte
856 2165 975 2225 post
1012 2167 1235 2225 peccata
1262 2157 1664 2225 oberraverint,
1706 2171 1775 2211 ne

173 2246 341 2300 forte
379 2246 562 2301 illicita
594 2247 833 2301 meditati
870 2245 1091 2308 fuerint,
1128 2261 1197 2301 ne
1237 2247 1381 2301 forte
1414 2247 1614 2317 injusta
1638 2262 1775 2302 con-

170 2342 491 2409 cupierint,
527 2357 591 2397 ne
618 2342 758 2398 forte
786 2342 969 2412 aliqua
1004 2343 1158 2397 radix
1193 2345 1578 2399 amaritudinis
1608 2355 1774 2415 atque

174 2432 338 2488 fellis
373 2443 563 2488 exorta
611 2434 664 2488 in
705 2436 903 2488 animis
931 2450 1122 2490 eorum
1164 2435 1297 2504 ipsis
1330 2436 1775 2494 nocuerit‘illzec

176 2524 407 2580 scilicet
440 2534 605 2595 atque
636 2526 720 2580 his
748 2527 948 2581 similia
985 2527 1214 2597 plurima
1245 2528 1387 2581 intra
1419 2529 1772 2598 semetipsum

182 2626 442 2673 tractans
487 2620 682 2675 beatus
732 2619 834 2675 Job
880 2621 1058 2675 dixit:
1107 2617 1190 2672 Ne
1233 2621 1370 2687 forte
1417 2619 1521 2688 ﬁlii
1573 2620 1672 2673 mei
1717 2621 1774 2672 in

180 2712 346 2765 corde
369 2729 468 2766 suo
500 2715 629 2766 mali
656 2716 859 2784 aliquid
895 2715 1244 2783 cogitaverim
1285 2715 1537 2768 adversus
1580 2713 1771 2767 Deum.

182 2803 261 2859 Ne
293 2804 468 2871 forte,
506 2806 702 2875 inquit,
738 2807 1151 2878 confringantur
1190 2809 1325 2861 rami
1367 2808 1495 2871 mei,
1525 2822 1593 2861 ne
1632 2806 1775 2861 forte

183 2896 504 2952 evellantur
533 2900 860 2969 propagines
891 2916 1043 2963 mere,
1074 2917 1141 2955 ne
1169 2899 1305 2954 forte
1324 2900 1537 2955 excidat
1565 2901 1774 2955 fruetus

186 3004 372 3054 meus,
427 3005 590 3058 quem
628 3006 728 3059 ego
768 2993 821 3046 in
869 2992 1083 3061 jUStitia
1128 2993 1309 3059 genui,
1359 3008 1518 3061 quem
1565 2994 1617 3045 in
1671 2991 1779 3047 ﬁde

186 3083 429 3151 produxi
460 3100 475 3138 :
518 3081 603 3136 Ne
634 3084 769 3153 forte
802 3084 904 3152 ﬁlii
942 3087 1042 3139 mei
1074 3086 1129 3138 in
1169 3087 1330 3138 corde
1381 3102 1476 3139 suo
1510 3086 1637 3139 mali
1670 3087 1775 3138 ali-

185 3175 311 3243 quid
351 3178 700 3246 cogitaverint
731 3177 983 3231 adversus
1009 3177 1196 3231 Deum.
1268 3176 1346 3231 Ne
1381 3177 1525 3231 forte
1580 3177 1776 3232 oblivi-
1801 3213 1849 3276 Ο

188 3279 425 3322 seantur
452 3268 644 3334 Deum,
678 3278 735 3323 et
768 3270 1087 3324 recedentes
1134 3284 1166 3323 a
1203 3271 1398 3324 timore
1420 3271 1560 3339 ejus,
1613 3279 1776 3339 atque

190 3363 642 3430 derelinquentes
663 3361 779 3430 ejus
814 3362 1101 3429 beneﬁcia,
1131 3363 1314 3417 dicant
1348 3364 1399 3417 in
1434 3365 1603 3419 corde
1641 3379 1772 3418 suo:

188 3454 300 3510 Non
363 3465 449 3510 est
491 3456 649 3519 Deus,
704 3472 809 3510 non
844 3464 927 3511 est
949 3457 1186 3527 justitia,
1236 3472 1344 3511 non
1380 3467 1463 3512 est
1488 3458 1777 3527 judicium,

192 3563 290 3603 non
327 3559 424 3602 est
455 3550 805 3614 resurrectio,
840 3565 1016 3619 neque
1049 3551 1354 3619 inquisitio,
1387 3565 1564 3619 neque
1612 3550 1777 3604 retri-

192 3640 370 3698 butio.
404 3639 602 3696 Omnia
645 3657 879 3712 namque
915 3644 1031 3697 haec
1072 3643 1212 3697 mala
1242 3653 1393 3709 sunt,
1427 3651 1483 3697 et
1512 3644 1621 3697 Deo
1646 3659 1778 3697 con-

196 3738 388 3802 traria,
418 3746 474 3792 et
500 3752 529 3791 a
555 3737 666 3792 Deo
699 3739 992 3809 longinqua
1024 3747 1078 3792 et
1108 3738 1216 3792 Deo
1243 3738 1465 3793 odibilia
1508 3755 1522 3791 :
1557 3747 1614 3792 et
1657 3753 1778 3792 om-

197 3831 274 3885 nis
301 3831 482 3886 homo
513 3832 602 3899 qui
642 3833 757 3886 haec
788 3830 1131 3901 cogitaverit,
1173 3830 1259 3885 vel
1306 3831 1659 3901 disposuerit,
1696 3828 1782 3885 vel

197 3921 413 3988 iecerit,
457 3924 543 3978 vel
587 3924 954 3994 proposuerit,
1005 3924 1261 3978 inimicus
1308 3932 1395 3978 est
1444 3924 1562 3989 Dei,
1616 3931 1782 3993 atque

197 4014 444 4070 odibilis.
487 4014 576 4068 Sic
612 4017 796 4083 itaque
842 4013 1155 4067 omnimode
1196 4013 1492 4067 sanissime
1537 4013 1783 4084 cogitans

200 4122 291 4177 pro
325 4109 618 4163 animabus
660 4108 891 4163 ﬁliorum
924 4122 1147 4162 suorum
1175 4104 1277 4161 Job
1301 4107 1479 4161 dixit:
1526 4104 1610 4159 Ne
1645 4105 1783 4174 forte

202 4202 294 4268 ﬁlii
330 4201 435 4255 mei
465 4202 519 4254 in
547 4201 703 4254 corde
744 4217 840 4253 suo
874 4198 1002 4252 mali
1034 4197 1241 4268 aliquid
1287 4197 1633 4267 cogitaverim
1684 4196 1784 4248 ad-

202 4310 381 4348 versus
418 4292 606 4348 Deum.
639 4292 740 4359 Qui
779 4293 923 4346 cnim
958 4291 1099 4345 mala
1120 4289 1489 4360 cogitaverint
1518 4289 1783 4343 adversus

208 4385 395 4452 Deum,
427 4387 540 4441 cito
576 4384 869 4449 intercuu’l,
910 4397 964 4439 et
1000 4384 1053 4438 in
1100 4394 1366 4454 perpetuo
1411 4383 1783 4437 c0ndemnan-

208 4488 311 4544 tur,
349 4479 789 4548 intercipiuntur,
824 4476 1212 4546 impediuntur,
1239 4484 1406 4543 atque
1435 4472 1485 4526 in
1517 4470 1783 4541 profundo

1878 1970 1999 2035 bus,
2049 1971 2142 2024 sed
2175 1972 2254 2024 sic
2294 1970 2515 2038 faciebat
2548 1970 2648 2024 Job
2684 1971 2925 2022 omnibus
2970 1950 3155 2025 diebus
3201 1970 3321 2023 vita:
3368 1985 3456 2023 eo-

1881 2077 1998 2113 rum
2029 2059 2119 2115 “‘.
2164 2059 2277 2114 Non
2317 2060 2654 2128 quiescebat,
2701 2074 2807 2113 non
2838 2059 3087 2115 liduciam
3121 2060 3455 2125 rcsmnebat,

1880 2169 1987 2207 non
2024 2152 2446 2218 obdormitabat,
2498 2168 2675 2221 neque
2717 2153 3164 2219 obliviscebatur,
3194 2169 3302 2210 non
3338 2159 3459 2211 erat

1879 2247 2193 2317 negligens,
2240 2263 2346 2301 non
2390 2257 2509 2302 erat
2568 2247 2912 2314 fastidiosus,
2964 2249 3059 2304 sed
3111 2249 3184 2303 ita
3223 2248 3460 2305 faciebat

1878 2340 2086 2393 cunctis
2123 2339 2314 2395 diebus
2343 2341 2467 2394 vita:
2499 2354 2713 2406 eorum,
2746 2353 2874 2396 ante
2904 2340 3178 2411 aposmlos
3218 2357 3284 2396 ea
3333 2357 3459 2414 qua

1877 2431 2246 2499 apostolorum
2281 2443 2410 2486 sunt
2444 2432 2771 2501 adimplcns,
2805 2433 2950 2486 sicut
2994 2432 3127 2487 dicit
3168 2450 3182 2486 :
3218 2430 3323 2499 Qui
3365 2449 3463 2487 εω-

1876 2522 1949 2581 pit
1987 2522 2042 2573 in
2088 2523 2230 2574 vobis
2279 2538 2409 2590 opus
2460 2524 2675 2589 bonum,
2724 2523 2961 2591 perﬁciet
3012 2539 3177 2593 usque
3226 2527 3283 2577 in
3322 2524 3461 2577 diem

1877 2613 2079 2667 Christi
2118 2615 2206 2667 "z
2255 2624 2309 2668 et
2346 2626 2471 2670 ante
2519 2615 2813 2669 adventum
2857 2616 3095 2680 Domini,
3128 2628 3459 2687 praeceptum

1877 2705 2088 2760 Domini
2144 2706 2450 2775 adimplens
2482 2706 2714 2761 dicentis
2758 2726 2771 2761 :
2823 2707 2927 2773 Qui
2965 2708 3265 2763 toleraverit
3295 2724 3460 2779 usque

1876 2797 1934 2848 in
1966 2796 2125 2864 ﬁnem
2159 2797 2245 2851 hic
2270 2797 2449 2852 salvus
2475 2799 2577 2852 erit
2611 2798 2676 2853 ⁸⁵.
2721 2797 2811 2853 Sic
2854 2800 3041 2870 itaque
3074 2800 3314 2855 faciebat
3357 2799 3460 2855 Job

1877 2889 2131 2943 omnibus
2176 2889 2367 2944 diebus
2414 2891 2540 2945 vita:
2572 2905 2782 2953 eorum,
2836 2906 3091 2960 magnum
3143 2892 3457 2947 thesaurum

1880 2993 1939 3033 se
1972 2981 2203 3035 credens
2235 2980 2436 3035 habere
2462 2981 2517 3034 in
2558 2995 2728 3051 regno
2753 2981 3042 3047 caelorum,
3076 2991 3135 3036 ut
3167 2981 3460 3038 inviolatos

1880 3081 2044 3140 atque
2075 3072 2453 3127 immaculatos
2501 3071 2642 3126 ﬁlios
2686 3089 2814 3128 suos
2846 3074 3154 3141 exhiberet,
3185 3086 3241 3129 et
3264 3077 3331 3129 ad
3370 3089 3459 3129 re:

1881 3179 2044 3232 gnum
2078 3164 2336 3219 caelorum
2367 3179 2463 3219 eos
2495 3167 2753 3219 mitteret.
2788 3166 2898 3231 Sic,
2939 3166 3188 3236 inquam,
3223 3166 3462 3223 faciebat

1881 3257 1983 3312 Job
2017 3256 2273 3312 omnibus
2305 3257 2500 3313 diebus
2524 3259 2647 3313 vita:
2679 3274 2891 3313 eorum.
2921 3258 3014 3314 Sic
3047 3258 3289 3313 faciebat
3316 3259 3462 3314 sicut

1882 3350 2022 3404 alter
2051 3353 2203 3419 prior
2239 3351 2330 3405 illo
2359 3366 2465 3405 non
2497 3350 2648 3418 fecit,
2687 3353 2830 3407 sicut
2862 3352 3006 3408 alter
3055 3353 3146 3406 illo
3183 3354 3462 3422 antiquior

1883 3455 1990 3496 non
2037 3444 2225 3512 gessit.
2258 3443 2485 3512 Magnus
2530 3453 2650 3496 erat
2692 3444 2967 3497 Abraham
3008 3444 3062 3497 in
3090 3445 3214 3507 lide,
3238 3446 3331 3498 sed
3363 3459 3463 3497 ex-

1885 3530 2033 3585 cellit
2066 3531 2219 3585 illum
2250 3530 2352 3586 Job
2393 3533 2447 3585 in
2480 3532 2787 3586 tolerantia.
2818 3532 3045 3602 Magnus
3074 3546 3186 3586 erat
3213 3532 3379 3588 Jacob
3404 3534 3458 3589 in

1887 3623 2071 3677 cordis
2119 3624 2414 3687 munditia,
2460 3623 2554 3677 sed
2609 3638 2713 3676 non
2760 3620 2863 3676 fuit
2910 3623 3006 3677 illo
3043 3624 3220 3677 minor
3259 3622 3362 3676 .lob
3403 3625 3460 3680 in

1885 3717 2284 3771 misericordia.
2321 3718 2600 3770 Adversus
2644 3727 2875 3771 caeteros
2923 3732 3110 3771 omnes
3159 3718 3369 3787 priores
3408 3724 3465 3772 el.

1885 3808 2237 3873 novissimos,
2306 3822 2414 3860 non
2471 3804 2763 3859 succubuit
2807 3805 2859 3862 in
2909 3809 3175 3859 virtutum
3239 3806 3460 3865 studiis.

1884 3902 2021 3956 Cum
2055 3900 2297 3954 omnium
2317 3900 2613 3953 virtutibus
2644 3899 3099 3962 communicaret,
3131 3910 3186 3953 et
3217 3901 3463 3954 omnium

1885 3991 2070 4055 ﬁdem,
2136 4000 2191 4045 et
2260 3992 2520 4061 pietatem
2576 4000 2740 4060 atque
2796 3989 3067 4058 justitiam
3129 3990 3463 4057 imitaretur,

1889 4083 2228 4138 transcendit
2259 4092 2508 4148 cunctos,
2539 4091 2703 4152 atque
2750 4082 3010 4151 praacellit
3050 4081 3336 4137 tolerantia
3372 4097 3464 4138 ve-

1887 4181 2221 4235 hementiqu
2268 4178 2542 4247 dolorum,
2572 4178 2767 4233 Merito
2810 4177 2972 4249 digne
3014 4176 3215 4232 dicitur
3251 4179 3315 4233 de
3346 4178 3464 4235 solo

1886 4270 1987 4326 Job
2016 4289 2029 4325 :
2065 4272 2192 4340 quia
2224 4270 2295 4324 ita
2322 4270 2559 4326 faciebat
2590 4271 2737 4325 sicut
2770 4283 2877 4323 non
2909 4268 3040 4324 fecit
3067 4268 3225 4326 alter.
3265 4270 3458 4326 Omnia

1886 4366 2027 4420 enim
2081 4379 2200 4434 quze
2240 4364 2488 4418 fecerunt
2539 4364 2716 4417 sancti
2769 4362 2902 4416 fecit
2946 4361 3111 4415 etiam
3154 4361 3275 4418 Job.
3309 4363 3462 4431 Quod

1884 4467 2071 4512 autem
2096 4458 2353 4512 sustinuit
2377 4457 2478 4513 Job
2503 4472 2625 4512 cum
2660 4459 2964 4526 gratiarum
2997 4458 3332 4523 actionibus,
3360 4458 3464 4512 hoc

211 4571 404 4628 inferni
445 4572 499 4626 in
538 4581 802 4626 :cternum
833 4576 1181 4636 torquentur.
1230 4564 1336 4619 Sed
1388 4563 1638 4633 plerique
1685 4561 1777 4615 ho-

1888 4550 2242 4604 nihilominus
2294 4548 2476 4603 nullus
2528 4548 2670 4602 alius
2725 4549 3007 4604 sustinuit.
3042 4550 3306 4605 Omnibus
3335 4564 3464 4619 ergo

214 4666 418 4719 minum
457 4665 572 4718 hare
615 4678 722 4716 non
777 4661 1223 4721 reminiscuntur,
1255 4657 1345 4725 qui
1392 4655 1531 4709 ﬁlios
1559 4668 1685 4708 suos
1716 4654 1784 4707 ab

215 4758 441 4813 infantia
486 4754 876 4817 exterminant,
911 4751 1000 4820 qui
1037 4748 1175 4803 ﬁlios
1209 4762 1340 4802 suos
1384 4754 1439 4799 et
1480 4744 1623 4799 ﬁlias
1655 4758 1784 4798 snas

217 4855 278 4906 ab
322 4847 666 4906 incunabulis
709 4861 814 4900 non
847 4844 1120 4904 erudiunt,
1158 4856 1263 4895 non
1311 4839 1612 4904 corripiunt
1638 4851 1667 4889 a
1692 4836 1785 4904 ju-

216 4953 453 5007 ventute,
482 4956 584 4995 neu
619 4938 912 5008 prohibent
950 4936 1115 4999 mala,
1153 4948 1258 4988 non
1301 4932 1495 4986 odiunt
1527 4929 1783 4998 pessima,

220 5052 318 5091 non
343 5045 603 5090 coercent
635 5032 849 5096 illicita,
902 5045 1007 5083 non
1049 5028 1346 5083 admonent
1386 5026 1637 5078 timorem
1670 5021 1788 5086 Dei,

224 5142 322 5180 non
383 5125 788 5181 columinautur
847 5120 1111 5190 judicium
1168 5118 1455 5188 gehennae,
1507 5130 1617 5169 non
1665 5114 1791 5167 vitae

222 5228 434 5272 aeterna:
485 5214 769 5269 introitum
803 5213 1018 5267 docent.
1071 5209 1188 5264 Non
1241 5208 1383 5262 enim
1415 5207 1649 5260 educant
1693 5217 1792 5259 nos

226 5309 276 5362 in
339 5307 618 5376 disciplina
674 5314 839 5373 atque
889 5302 1201 5356 eruditione
1250 5296 1488 5361 Dumini,
1541 5295 1633 5364 qui
1683 5310 1791 5349 non

227 5411 447 5469 egerunt
483 5415 670 5455 curam
701 5410 798 5465 pro
829 5393 1115 5449 animabus
1152 5406 1363 5453 eorum,
1415 5401 1592 5455 neque
1644 5386 1792 5441 solli-

232 5492 317 5546 citi
368 5503 493 5548 sunt
540 5506 638 5562 pro
669 5489 864 5554 salute,
903 5485 991 5541 vel
1021 5484 1328 5555 perditione
1378 5480 1635 5535 ﬁliorum.
1674 5476 1790 5531 Hu-

232 5582 455 5651 jusmodi
482 5598 605 5638 cum
635 5596 739 5637 non
770 5579 1041 5643 erudiunt,
1078 5590 1255 5646 neque
1297 5571 1605 5642 corripiunt
1653 5569 1794 5625 ﬁlios

237 5690 372 5743 suos,
404 5685 460 5732 et
485 5676 731 5746 ipsorum
752 5673 961 5727 animas
995 5669 1105 5740 igni
1145 5663 1574 5734 inexstinguibili
1611 5662 1664 5717 in
1709 5661 1792 5715 in-

287 5811 344 5843 '“
371 5811 511 5871 Psal.
549 5826 706 5875 xvnt,
760 5802 847 5863 ἰδέ
921 5805 988 5839 ⁸⁸⁸
1018 5803 1115 5861 Jcb
1152 5820 1190 5868 ι,
1229 5803 1281 5857 5.

1893 4642 2072 4696 modis
2114 4641 2383 4695 veraciter
2429 4638 2650 4704 dicitur,
2702 4640 2778 4693 sic
2821 4640 3051 4709 faciebat
3099 4642 3201 4696 Job
3259 4644 3464 4696 cunctis

1893 4730 2078 4784 diebus
2116 4732 2235 4784 vita,
2258 4745 2465 4784 eorum.
2495 4728 2590 4783 Sic
2619 4726 2879 4795 faciebat,
2910 4732 3063 4798 quasi
3088 4731 3292 4800 justus,
3323 4732 3461 4800 pius,

1894 4822 2048 4892 quasi
2098 4821 2207 4876 Deo
2257 4820 2525 4885 dilectus,
2580 4820 2736 4889 quasi
2773 4822 3023 4877 credens.
3088 4824 3182 4878 Sic
3232 4823 3467 4877 faciebat

1893 4918 2032 4969 sicut
2064 4914 2173 4969 Deo
2202 4913 2471 4983 placebat,
2533 4913 2675 4968 sicut
2705 4913 2952 4969 Creatori
3009 4914 3221 4969 libitum
3268 4917 3464 4983 fuerat,

1893 5011 2032 5063 sicut
2074 5024 2166 5064 rex
2202 5018 2425 5062 sanctus
2456 5006 2693 5064 volebat.

1966 5100 2071 5157 Sed
2115 5118 2239 5156 cum
2278 5102 2352 5155 ita
2402 5100 2611 5157 faceret
2660 5101 2785 5167 Job,
2841 5110 3003 5171 atque
3052 5100 3170 5154 htec
3209 5099 3467 5157 universa

1893 5191 2034 5247 bona
2066 5193 2374 5264 perﬁceret,
2408 5209 2515 5249 non
2550 5195 2812 5251 sustinuit
2855 5193 3153 5261 malignus,
3188 5208 3294 5247 non
3327 5194 3463 5248 tole-

1894 5288 2038 5340 ravit
2070 5287 2451 5357 nequissimus,
2503 5289 2598 5343 sed
2648 5288 2833 5342 zelans
2885 5286 3214 5356 malignatus
3261 5296 3367 5351 est,
3410 5297 3469 5344 et

1898 5377 2145 5434 invidens
2168 5394 2464 5435 succensus
2511 5387 2614 5434 est.
2668 5378 2834 5446 Quid,
2886 5379 3085 5447 inquit,
3119 5377 3194 5432 illi
3244 5376 3466 5441 faciam,

1900 5473 2171 5540 quomodo
2200 5473 2482 5543 aggrediar
2503 5472 2526 5525 3
2542 5470 2824 5541 Quomodo
2839 5472 3264 5526 circumveniant
3282 5471 3305 5524 ?
3322 5462 3469 5535 Quo-

1900 5571 2061 5622 modo
2114 5568 2508 5637 supplantem?
2560 5568 2843 5635 Quomodo
2888 5566 3219 5636 praevaricer
3255 5563 3281 5619 ?
3319 5562 3469 5631 Quo-

1901 5659 2063 5714 modo
2092 5658 2361 5727 ajustitia
2399 5660 2707 5715 abducam?
2761 5659 3056 5716 Praesentia
3088 5672 3192 5712 non
3230 5663 3469 5725 reputat,

1361 5803 1405 5833 ⁸⁸
1440 5799 1671 5871 Philipp.
1711 5814 1750 5866 1,
1781 5797 1832 5852 6.
1911 5796 1954 5828 ⁶⁶
1984 5795 2175 5853 Matth.
2213 5812 2266 5866 κ,
2291 5759 2391 5853 92.
