3992 6312
470 313 576 370 399

1606 308 1984 366 ANONYMUS
2021 308 2090 363 IN
2131 307 2274 363 JOB.
2313 337 2382 349 —-—
2422 305 2548 361 LIB.
2591 308 2634 361 l.

3660 307 3757 362 400

469 427 712 483 visibilia
744 440 848 481 non
882 425 1138 496 requirit,
1175 425 1269 480 sed
1294 425 1472 478 futura
1508 434 1716 494 sperat,
1758 422 2053 478 invisibilia
2083 426 2124 482 Α
2160 431 2404 476 tumaces
2432 420 2704 489 patienter
2732 422 3073 486 sustinendo,
3105 421 3522 492 spernentibus
3557 439 3615 478 se
3656 424 3762 479 cle-

470 528 778 590 exspectat,
830 519 1015 574 divina
1065 517 1340 573 desiderat
1401 525 1565 586 atque
1613 515 2054 585 incorruptibitia

441 612 726 682 ,requirit.
781 609 1034 678 Undique
1091 607 1301 678 justitia
1356 605 1578 660 indutus
1643 616 1749 668 est,
1811 605 2056 672 undique

472 705 768 760 sanctitate
791 715 874 758 est
906 701 1156 765 vestitus,
1193 698 1248 752 in
1286 698 1517 754 veritate
1552 699 1834 764 fundatus,
1871 697 1925 751 in
1950 696 2055 751 ﬁde

471 807 559 855 est
589 797 966 854 conﬁrmatus.
1015 793 1142 848 Haec
1197 793 1458 848 nimirum
1492 792 1743 863 cogitans
1785 789 2057 860 ncquissi-

473 906 598 945 mus
638 890 871 954 tlaemon,
909 887 1023 940 haec.
1056 886 1201 956 apud
1248 887 1606 956 semetipsum
1657 885 1930 939 meditans
1965 883 2055 938 ille

470 986 566 1055 qui
599 986 670 1039 ab
704 983 859 1037 initio
887 981 1149 1036 adversus
1180 989 1401 1036 sanctos
1429 980 1635 1035 bellum
1667 979 1837 1050 gessit
1867 977 2057 1032 diabo-

474 1079 580 1144 lus,
615 1076 790 1130 dixit:
841 1072 1201 1128 Consideravi
1254 1073 1381 1144 quid
1435 1071 1656 1136 faciant,
1701 1072 1766 1124 ad
1818 1069 2054 1140 priorem

474 1171 620 1225 illam
674 1183 852 1223 meam
905 1165 1208 1235 nequitiam
1247 1163 1586 1233 confugiam,
1634 1161 1920 1232 principali
1963 1160 2053 1215 illa

476 1263 670 1318 fraude
713 1271 859 1324 utar,
895 1259 1171 1313 accusabo
1197 1258 1342 1328 apud
1386 1257 1556 1310 Deum
1598 1253 1722 1319 Job,
1758 1253 1899 1309 sicut
1926 1252 2054 1307 olim

475 1356 643 1409 Deum
675 1352 819 1424 apud
848 1351 1043 1416 Adam,
1081 1350 1367 1404 detraham
1399 1347 1502 1403 Job
1527 1348 1667 1419 apud
1689 1347 1884 1410 Deum,
1913 1346 2080 1430 sicut

474 1464 502 1500 a
538 1447 842 1518 primordio
876 1447 1044 1500 Adam
1076 1444 1267 1516 (habet
1295 1442 1457 1498 etiam
1485 1441 1587 1497 Job
1620 1441 1934 1512 paradisum
1974 1441 2057 1494 di-

472 1541 754 1604 vitiarum,
809 1538 950 1592 sicut
1001 1548 1057 1592 et
1095 1537 1223 1592 olim
1271 1535 1492 1605 Adam),
1521 1550 1586 1589 eo
1619 1535 1762 1604 quod
1807 1533 2056 1590 invidens

468 1634 571 1689 tibi
602 1632 769 1695 Deus,
808 1645 874 1685 ne
897 1629 1154 1686 elliciaris
1183 1630 1324 1684 sicut
1357 1630 1502 1683 Deus
1536 1642 1642 1682 non
1682 1621 1930 1697 permisit
1953 1641 2054 1696 gu-

472 1735 623 1780 stare
660 1735 714 1777 te
754 1723 818 1776 de
846 1721 992 1792 ligno
1021 1719 1266 1775 scientiae
1311 1736 1324 1772 :
1361 1719 1540 1773 dicam
1582 1733 1728 1771 nunc
1755 1717 1821 1772 ad
1859 1719 2053 1782 Deum,

473 1818 599 1886 quia
634 1830 740 1869 non
798 1824 1023 1883 propter
1075 1811 1452 1876 dilectionem,
1487 1811 1581 1865 sed
1618 1819 1842 1881 propter
1887 1823 2054 1880 pecu-

473 1907 621 1962 niam
671 1908 854 1961 colere
915 1902 1129 1959 videtur
1163 1914 1212 1958 te
1245 1901 1369 1958 Job.
1400 1902 1506 1957 Sed
1537 1918 1659 1957 eum
1696 1903 1815 1956 haec
1842 1901 2052 1970 cogita-

473 2011 560 2054 ret
590 1999 959 2068 nequissimus
1005 2007 1169 2066 atque
1203 1997 1318 2051 haec
1364 2011 1550 2052 secum
1600 1995 1940 2065 loqueretur,
1969 1997 2053 2065 [a-

473 2111 616 2153 ctum
661 2112 761 2158 est,
809 2096 1008 2166 inquit,
1054 2095 1208 2165 quasi
1237 2095 1331 2149 illa
1367 2096 1479 2149 dies
1509 2095 1580 2148 δ”.
1606 2094 1736 2162 Qua:
1772 2093 1888 2150 dies
1918 2094 2055 2150 illa?

475 2188 603 2243 Dies
627 2202 748 2258 quae
777 2185 978 2242 diaboli
1007 2185 1305 2255 nequitiam
1347 2184 1643 2255 redarguit,
1693 2199 1817 2254 quae
1844 2184 1943 2239 Dei
1967 2185 2056 2254 ju-

475 2284 681 2340 stitiam
710 2279 1103 2345 tnauifestavit,
1149 2294 1269 2348 quae
1317 2278 1418 2334 Job
1467 2279 1813 2333 tolerantiam
1845 2281 2055 2349 patel’e-

474 2377 572 2438 cit.
608 2373 698 2429 Illa
737 2376 855 2428 dies
881 2387 999 2442 quae
1031 2371 1122 2426 Dei
1159 2370 1657 2440 longauitnitatem,
1711 2379 1768 2425 et
1813 2369 1915 2424 Job
1946 2369 2056 2423 ala-

475 2468 752 2529 critatem,
786 2475 838 2519 et
870 2463 1067 2519 diaboli
1088 2463 1386 2531 nequitiam
1419 2461 1717 2532 publicavit
1746 2480 1760 2516 :
1794 2461 2059 2532 quemad-

474 2561 697 2616 modum
731 2558 820 2612 ille
851 2556 969 2610 dies
1002 2554 1396 2621 manilestabit,
1448 2554 1540 2623 qui
1578 2554 1631 2608 iu
1690 2554 1818 2623 igne
1842 2553 2056 2608 revela-

476 2657 647 2716 bitur,
681 2655 760 2708 sic
789 2652 876 2706 ille
904 2651 1022 2705 dies
1054 2648 1358 2718 publicavit
1388 2660 1604 2701 onmem
1660 2646 2055 2716 nequissimum

475 2743 679 2800 diaboli
704 2742 905 2808 zelum,
939 2750 1102 2809 atque
1128 2739 1439 2794 universam
1469 2737 1695 2810 maligni
1727 2737 1949 2793 Satanae
1973 2739 2057 2792 in-

474 2837 703 2895 vidiam.
763 2832 876 2888 Hoc
922 2847 1160 2900 namque
1207 2831 1592 2886 demonstrans
1618 2830 1794 2885 dicit:
1826 2828 2056 2884 Factum

475 2936 558 2984 est
593 2926 747 2998 quasi
800 2927 906 2978 dies
931 2923 1046 2988 illa,
1078 2933 1127 2977 et
1153 2932 1399 2977 venerunt
1429 2932 1485 2976 ut
1507 2921 1682 2992 anget'i
1714 2921 1813 2976 Dei
1856 2930 2057 2976 starent

480 3032 603 3076 ante
647 3019 812 3074 Deum
861 3015 927 3072 ⁸⁸.
979 3015 1260 3070 Venerunt
1289 3030 1394 3070 non
1423 3017 1490 3070 de
1515 3015 1632 3070 loco
1666 3016 1719 3069 in
1763 3014 1942 3070 locum
1968 3030 2058 3071 ce-

480 3117 693 3179 dentes,
729 3123 905 3180 neque
940 3108 1138 3163 eximie
1169 3106 1451 3162 venientes
1479 3107 1571 3162 ubi
1602 3107 1745 3161 Deus
1786 3121 1894 3160 non
1940 3105 2059 3160 fue-

480 3207 554 3262 rit
581 3217 840 3275 przesens,
867 3202 958 3257 illo
988 3210 1168 3255 autem
1209 3199 1516 3264 venientes,
1557 3198 1645 3254 tibi
1694 3198 1866 3253 Deum
1903 3198 2058 3256 inve—

479 3302 685 3370 nirent,
721 3299 806 3356 vel
849 3297 1118 3354 viderent.
1163 3295 1374 3352 Caelum
1418 3296 1587 3360 enim,
1618 3304 1672 3349 et
1699 3303 1928 3360 terram,
1967 3309 2058 3350 su-

479 3410 662 3466 peros,
711 3404 766 3450 et
809 3391 1037 3458 inferos,
1091 3390 1525 3460 corruptionem,
1556 3389 2057 3459 incorruptionem,

481 3496 539 3543 et
575 3486 830 3541 universa
860 3482 976 3552 ejus
1009 3482 1178 3553 replet
1212 3481 1516 3546 beatitudo,
1548 3481 1802 3536 universa
1829 3481 2062 3536 circum-
2088 3543 2091 3548 _

480 3580 574 3634 dat
621 3577 818 3641 virtus,
868 3584 1061 3631 cuncta
1108 3572 1228 3643 ejus
1281 3574 1532 3628 continet
1584 3573 1899 3645 magnitudo
1944 3589 1958 3625 :
2004 3581 2059 3628 et

481 3671 620 3726 nihil
653 3679 738 3725 est
770 3678 925 3723 extra
974 3682 1120 3724 eum.
1169 3666 1455 3733 Quomodo
1511 3680 1644 3736 ergo
1697 3673 1968 3720 venerunt
2008 3670 2063 3718 et

481 3766 625 3820 unde
658 3773 930 3820 venerunt
954 3773 1083 3818 ante
1116 3761 1312 3816 faciem
1345 3760 1462 3825 Dei,
1495 3759 1588 3829 qui
1630 3759 1813 3815 omnia
1844 3756 2062 3826 replet?

480 3856 627 3911 Bene
653 3855 1042 3924 intelligamus,
1076 3868 1111 3908 o
1137 3853 1324 3918 amici,
1353 3860 1406 3906 et
1428 3859 1639 3917 sancte,
1671 3859 1726 3906 et
1755 3849 1864 3906 Deo
1894 3849 2063 3920 digne

481 3949 664 4004 omnia
695 3962 815 4017 qua:
839 3948 982 4002 dicta
1012 3945 1100 4000 vel
1129 3945 1330 4015 scripta
1358 3953 1524 3998 sunt:
1558 3943 1654 3998 Dei
1681 3943 1829 3999 enim
1857 3957 2063 3997 sermo-

482 4056 584 4096 nes
615 4047 670 4093 et
699 4038 924 4094 consilia
959 4037 1122 4107 digne
1159 4037 1268 4090 Deo
1299 4035 1655 4105 percipienda
1697 4043 1847 4090 sunt.
1883 4034 2063 4090 Vene-

485 4140 615 4188 runt
647 4129 822 4202 angeli
854 4129 950 4184 Dei
998 4137 1057 4182 ut
1111 4136 1323 4183 starent
1371 4136 1500 4181 ante
1557 4127 1748 4192 Deum,
1799 4136 2064 4182 venerunt

484 4240 598 4282 non
628 4224 874 4294 vestigiis
901 4221 1236 4286 carnalibus,
1270 4235 1450 4290 neque
1499 4219 1812 4275 incessibus
1866 4233 2060 4287 (τοι-ρο-

485 4317 712 4382 ralibus,
745 4316 840 4372 sed
889 4315 1122 4385 spiritali
1170 4328 1401 4368 accessu
1435 4322 1601 4384 atque
1653 4307 2061 4379 incorruptibili

487 4421 636 4468 statu
668 4409 902 4465 ctelesti.
933 4409 1216 4465 Venerunt
1241 4408 1548 4471 laudantes,
1601 4402 2061 4468 honoriﬁcantes,

486 4503 924 4573 magniﬁcantes,
979 4502 1326 4566 conlitentes,
1385 4499 1594 4572 gratias
1650 4504 1898 4567 agentes.
1963 4492 2066 4548 Per

490 4598 596 4651 hoc
624 4595 771 4649 enim
808 4594 949 4664 quod
977 4595 1193 4650 venisse
1241 4593 1391 4654 dicit.
1437 4606 1537 4662 per
1572 4591 1675 4645 hoc
1705 4586 2064 4643 nihilominus

490 4687 764 4758 signiﬁcat
815 4686 958 4756 quod
1007 4686 1079 4741 sit
1125 4700 1281 4756 Opus,
1329 4683 1411 4739 vel
1452 4682 1693 4738 studium
1744 4687 2096 4754 sanctorutn‘

493 4780 835 4849 angelorum,
865 4779 1010 4848 quod
1041 4778 1259 4832 assidue
1287 4776 1563 4832 cceleslem
1615 4773 1904 4828 Dominum
1949 4771 2068 4823 latt—

495 4873 644 4936 dent,
674 4873 818 4942 quod
849 4879 1052 4925 aeterno
1081 4871 1188 4922 Deo
1215 4869 1424 4940 gratias
1469 4876 1659 4938 agant,
1690 4865 1834 4936 quod
1877 4874 2069 4918 sancto

494 4960 609 5015 Deo
638 4961 1015 5018 indesinenter
1046 4959 1274 5028 gloriam
1323 4974 1421 5030 pro
1447 4957 1729 5014 beneﬁciis
1765 4954 1882 5022 ejus
1924 4953 2066 5008 refe--

498 5061 639 5121 rant,
671 5069 770 5122 pro
796 5054 970 5123 gratia
1013 5052 1152 5123 ejus,
1203 5067 1300 5120 pro
1352 5049 1728 5105 misericordia
1778 5047 1917 5117 ejus,
1969 5062 2067 5116 pro

498 5143 839 5201 mirabilibus
861 5144 1003 5213 ejus,
1038 5157 1159 5213 qua:
1206 5141 1450 5212 impertit
1490 5141 1678 5212 generi
1731 5141 1971 5195 humano
2015 5141 2067 5194 in

498 5236 645 5290 omni
671 5236 825 5301 hora,
872 5238 926 5292 in
967 5235 1116 5292 omni
1167 5243 1434 5303 tempore,
1476 5235 1728 5302 plurima,
1765 5240 1821 5287 et
1855 5247 2068 5302 magna,

501 5338 665 5394 atque
690 5329 926 5396 diversa,
959 5328 1254 5399 aliquando
1287 5327 1352 5381 de
1384 5326 1641 5393 periculis
1672 5324 1933 5390 liberans,
1972 5325 2070 5379 ali-

501 5422 718 5490 quando
743 5423 808 5476 de
834 5421 1247 5476 discriminibus
1280 5417 1542 5488 eripiens,
1583 5430 1972 5486 nonnunquam
2003 5430 2066 5469 ex

502 5515 770 5583 angustiis
818 5513 1053 5580 salvans,
1112 5511 1461 5582 peccantibus
1513 5508 1900 5580 longanimiter
1949 5523 2072 5576 par—

503 5605 696 5672 cendo,
729 5605 1058 5675 ptenitentes
1090 5603 1519 5660 misericorditer
1549 5600 1918 5670 suscipiendo,
1943 5615 2072 5655 con-

574 5723 739 5779 “7Joli
792 5741 831 5789 t,
873 5724 926 5777 6.
1033 5723 1078 5754 ⁸⁸
1105 5723 1234 5776 ibid.
1340 5722 1383 5754 θ’
1410 5720 1552 5777 Psal.
1597 5734 1860 5787 cxxxvttt,
1887 5717 1939 5775 8.

502 5795 737 5864 ’³11ἱ‹“ς.
793 5813 830 5861 t,
870 5795 954 5849 Η.
1032 5794 1076 5823 ’⁷⁸
1102 5791 1242 5846 Psal.
1280 5809 1350 5859 CI,
1386 5794 1434 5845 1.

2030 5719 2074 5750 ’θ
2099 5715 2165 5774 ΙΙΙ
2207 5719 2339 5790 Reg.
2375 5740 2534 5788 xvm,
2566 5726 2650 5779 15.

2159 516 2498 571 mentissime
2552 516 2898 582 miserando,
2959 517 3182 590 aliaque
3233 517 3548 572 ineﬂabilia
3606 531 3765 591 atque

2160 606 2593 678 inexcogitabilia
2659 608 2922 664 benelicia
2979 611 3130 665 circa
3209 625 3398 678 genus
3470 611 3764 670 humanum

2158 702 2509 769 perﬁciendo.
2541 701 2672 770 Quae
2705 703 2960 760 universa
2997 704 3261 774 quotidie
3295 704 3558 759 videntes
3591 710 3764 763 sancti

2159 795 2332 864 angeli
2365 803 2574 850 stantes
2609 797 2661 848 in
2700 804 2993 866 conspectu
3025 796 3172 863 ejus,
3210 796 3474 860 laudant,
3513 807 3568 850 et
3601 799 3766 854 bono-

2161 885 2396 952 rilicant,
2434 885 2784 955 magniticaut
2835 902 3048 956 quoque
3081 889 3267 943 Deum
3304 899 3484 958 atque
3525 889 3604 943 illi
3641 907 3764 960 gra-

2161 977 2266 1032 tias
2289 988 2460 1048 agunt
2487 993 2585 1047 pro
2621 979 3097 1036 inmstimabilibus
3143 981 3276 1051 ejus
3314 980 3651 1048 beneﬁciis,
3688 995 3766 1040 at-

2158 1085 2264 1136 que
2300 1070 2690 1124 misericordia:
2727 1071 2868 1138 ejus,
2915 1088 3033 1142 qua:
3072 1074 3492 1130 demonstrans
3538 1076 3662 1132 istic
3691 1080 3768 1133 di-

2159 1161 2266 1213 cit:
2312 1158 2574 1215 Venerunt
2627 1165 2800 1233 angeli
2855 1163 2972 1228 Dei,
3015 1174 3073 1218 ut
3123 1175 3348 1220 starent
3402 1179 3533 1222 ante
3583 1167 3764 1225 Deum.

2161 1249 2404 1306 llumana
2449 1269 2580 1307 usus
2625 1257 3047 1325 consuetudine,
3097 1272 3164 1312 ac
3212 1257 3554 1326 proverbio,
3607 1270 3767 1332 atque

2159 1343 2454 1412 locutione,
2506 1345 2639 1402 dicit
2685 1363 2955 1405 venerunt
3008 1359 3134 1404 ante
3178 1351 3390 1416 Deum,
3443 1354 3538 1422 qui
3589 1359 3764 1410 omnia

2160 1435 2349 1504 replet,
2400 1438 2490 1505 qui
2541 1439 2742 1510 ubique
2789 1457 3029 1510 praesens
3075 1452 3184 1510 est,
3219 1453 3280 1499 et
3337 1460 3454 1499 non
3497 1456 3584 1499 est
3617 1446 3766 1504 locus

2157 1541 2334 1596 neque
2361 1527 2414 1580 iu
2449 1529 2606 1597 οωΙο,
2643 1546 2817 1601 neque
2851 1533 2901 1586 in
2939 1543 3107 1598 terra,
3137 1551 3332 1604 neque
3387 1537 3448 1590 itt
3512 1539 3761 1604 excelsis,

2158 1634 2334 1690 neque
2367 1621 2507 1691 apud
2539 1621 2742 1678 inferos
2776 1625 2870 1680 ubi
2895 1642 2999 1681 nou
3031 1628 3102 1682 sit
3133 1642 3399 1698 praesens
3441 1629 3606 1684 Deus.
3655 1631 3764 1688 ilnc

2159 1715 2366 1770 sciebat
2397 1717 2486 1770 ille
2515 1718 2604 1786 qui
2639 1719 2714 1772 ait
2745 1735 2758 1771 :
2798 1716 2857 1772 Si
2895 1721 3266 1775 ascenderoin
3300 1721 3526 1785 coelum,
3577 1734 3630 1777 tu
3658 1725 3764 1778 illic

2157 1825 2231 1873 es,
2262 1819 2309 1863 et
2341 1811 2387 1863 εἰ
2421 1811 2735 1864 descendere
2773 1813 2843 1865 ad
2873 1813 3139 1884 infernum
3177 1817 3316 1868 ades
3365 1815 3440 1872 ‘9.
3485 1815 3602 1871 Hoc
3629 1819 3762 1872 scie-

2157 1902 2250 1956 bat
2281 1903 2450 1969 Elias,
2484 1904 2629 1974 quod
2655 1915 2708 1959 et
2737 1906 2963 1974 caelum,
2994 1919 3051 1962 et
3079 1919 3228 1961 terra
3281 1919 3461 1977 atque
3513 1910 3762 1965 universa

2158 2011 2280 2065 quae
2310 2006 2436 2051 sunt
2466 1997 2518 2050 in
2552 1998 2655 2061 eis,
2685 1997 2740 2052 in
2769 2012 3062 2068 conspectu
3099 2000 3198 2054 Dei
3233 2011 3393 2056 sunt.
3428 2001 3625 2056 Merito
3647 2018 3762 2057 cum

2159 2098 2305 2145 esset
2335 2105 2501 2160 super
2535 2101 2767 2153 terram,
2807 2102 2942 2146 ante
2987 2092 3157 2147 Deum
3218 2109 3285 2149 se
3335 2103 3495 2149 stare
3547 2096 3763 2148 demon-

2159 2182 2376 2247 stravit,
2406 2183 2599 2238 diceus
2627 2201 2639 2237 :
2689 2181 2826 2238 Vivit
2860 2183 3116 2240 Dominus
3176 2188 3269 2241 cui
3311 2198 3435 2241 asto
3470 2187 3528 2241 in
3553 2204 3761 2256 conspe-

2159 2286 2245 2328 ctu
2274 2275 2388 2345 ejus
2417 2275 2483 2329 ⁷ο.
2519 2275 2783 2331 Similiter
2811 2289 2867 2331 et
2907 2277 3136 2348 angelus
3182 2279 3422 2334 Gabriel
3467 2298 3482 2336 :
3536 2279 3640 2346 Qui
3678 2297 3763 2334 as-

2159 2369 2289 2420 sisto
2331 2369 2386 2420 in
2433 2380 2720 2439 conspectu
2766 2369 2880 2440 ejus
2907 2380 2956 2426 et
2991 2370 3092 2424 Dei
3133 2372 3203 2425 ⁷¹.
3252 2373 3326 2428 Ει
3351 2373 3510 2427 Elius
3548 2387 3679 2442 ergo
3709 2374 3759 2426 in

2160 2477 2393 2530 corpore
2445 2477 2610 2532 super
2665 2473 2890 2527 terrain,
2930 2472 2986 2520 et.
3033 2464 3268 2520 Gabriel
3357 2466 3486 2520 sine
3541 2479 3766 2534 corpore

2161 2551 2213 2604 iu
2248 2551 2424 2618 caelis,
2457 2562 2684 2623 uterque
2715 2555 2968 2611 similiter
3001 2557 3283 2612 assistere
3326 2571 3387 2610 se
3421 2557 3680 2610 dixerunt
3709 2557 3756 2609 in

2159 2653 2455 2715 conspectu
2491 2645 2626 2701 Dei:
2670 2648 2871 2717 ubique
2903 2659 2991 2704 est
3024 2649 3168 2704 enim
3221 2650 3418 2706 Facies
3475 2647 3593 2711 Dei,
3643 2658 3757 2702 lan-

2163 2747 2274 2791 tum
2309 2738 2450 2792 mala
2485 2740 2672 2794 videre
2716 2757 2824 2795 non
2874 2741 2987 2796 vult
3021 2742 3208 2813 justus
3234 2752 3305 2798 et
3340 2753 3572 2798 Sanctus
3601 2741 3753 2808 Deus,

2165 2830 2286 2885 ideo
2315 2831 2487 2888 dicit:
2522 2833 2670 2888 Mala
2697 2835 2873 2890 videre
2907 2852 3010 2891 non
3035 2837 3145 2891 vult
3172 2836 3472 2891 Dominus.
3499 2837 3565 2891 Et
3595 2835 3750 2890 alibi:

2162 2923 2231 2977 Et
2261 2941 2352 2994 ego
2377 2934 2426 2979 te
2457 2927 2636 2980 videns
2663 2928 2968 2996 despiciam.
3015 2928 3082 2983 Et
3115 2929 3308 2984 adhuc
3346 2948 3361 2984 :
3413 2927 3551 2984 Cum
3581 2939 3751 2982 :xten-

2162 3018 2348 3072 deritis
2375 3036 2562 3074 manus
2595 3029 2794 3075 vestras
2826 3023 2895 3074 ad
2920 3039 3020 3087 me,
3047 3033 3291 3078 avertam
3315 3023 3515 3094 [aciem
3537 3038 3702 3076 meum
3722 3038 3753 3074 a

2087 3119 2131 3178 (ζ
2166 3111 2306 3166 vobis
2337 3114 2405 3168 τ’.
2435 3113 2618 3169 Sancti
2652 3129 2781 3185 ergo
2809 3115 2980 3186 digni,
3010 3132 3074 3169 ac
3105 3116 3263 3185 justi,
3309 3127 3484 3187 atque
3528 3117 3750 3170 creden-

2165 3213 2267 3269 tes,
2307 3204 2444 3260 casti
2482 3219 2700 3275 quoque
2730 3221 2795 3261 ac
2829 3222 3071 3273 veraces,
3104 3208 3219 3263 sive
3254 3209 3316 3264 in
3346 3224 3582 3280 corpore
3623 3208 3748 3271 sint,

2162 3297 2279 3352 sive
2313 3307 2465 3353 extra
2499 3314 2720 3369 corpus,
2749 3301 2866 3355 sive
2896 3301 2950 3355 in
2978 3309 3147 3368 terra,
3181 3301 3306 3358 sive
3349 3303 3404 3357 in
3437 3302 3599 3367 caelo,
3642 3301 3748 3355 sive

2162 3391 2338 3462 angeli
2373 3392 2618 3464 gloriosi,
2647 3395 2761 3448 sive
2797 3397 2970 3450 sancti
3014 3396 3143 3461 viri,
3182 3396 3400 3466 jugiter
3433 3413 3500 3452 ac
3551 3394 3750 3450 indesi-

2165 3493 2355 3538 nenter
2391 3492 2557 3553 atque
2587 3484 3072 3540 indissociabiliter
3117 3495 3308 3540 astant
3361 3487 3415 3540 in
3460 3491 3745 3553 conspectu

2165 3577 2278 3632 Dei.
2321 3575 2524 3633 Venire
2559 3587 2740 3631 autem
2792 3579 3052 3632 dicuntur
3101 3587 3227 3632 ante
3271 3579 3447 3633 Deum
3486 3577 3744 3636 homines.

2162 3667 2290 3723 dttut
2335 3682 2460 3723 cum
2509 3667 2699 3738 majori
2753 3668 3040 3724 devotione
3081 3677 3245 3740 atque
3299 3670 3488 3726 studio
3541 3669 3746 3722 animas

2162 3773 2288 3814 suas
2319 3758 2611 3815 effuderint
2649 3761 2700 3815 in
2735 3761 2986 3816 oratione
3019 3769 3146 3815 ante
3173 3763 3370 3828 Deum,
3417 3763 3563 3817 sicut
3596 3763 3745 3813 Anna

2163 3857 2338 3904 mater
2377 3850 2666 3916 Samuelis,
2709 3867 2833 3905 eum
2889 3852 2942 3905 in
2992 3852 3179 3907 dolore
3229 3854 3401 3907 animi
3454 3851 3744 3908 elTunderet

2165 3940 2470 3996 orationem
2499 3956 2654 3995 suam
2701 3941 2754 3995 in
2785 3953 3079 4010 conspectu
3113 3943 3332 3998 Domini
3357 3944 3405 3975 ⁷³
3443 3961 3456 3998 :
3501 3943 3637 3996 sicut
3663 3939 3744 3993 il!e

2163 4035 2230 4088 de
2268 4048 2376 4103 quo
2403 4034 2607 4088 dictum
2641 4043 2760 4088 est:
2788 4034 2972 4089 Oratio
3001 4037 3268 4102 pauperis,
3293 4055 3415 4090 eum
3448 4038 3743 4091 anziaretur

2163 4137 2210 4180 et
2243 4129 2298 4180 in
2333 4137 2609 4196 conspectu
2637 4127 2850 4180 Donnni
2893 4128 3181 4197 e/Iunderet
3224 4133 3525 4185 orationem
3554 4129 3619 4184 ".
3658 4128 3742 4181 Sic

2165 4219 2346 4289 itaque
2375 4221 2638 4274 assistunt
2671 4231 2796 4272 ante
2825 4219 2990 4272 Deum
3021 4234 3210 4275 omnes
3229 4223 3322 4289 qui
3355 4222 3590 4276 soliicite
3622 4233 3737 4272 cum

2165 4313 2415 4366 oratione
2474 4311 2847 4366 adoraverint.
2931 4311 3023 4366 Sic
3102 4312 3279 4382 angeli
3353 4329 3480 4369 euut
3543 4309 3740 4382 gratias

2171 4413 2392 4473 agentes
2433 4404 2839 4458 misericordias
2871 4403 2988 4472 ejus
3027 4405 3388 4472 conﬁtentur,
3423 4416 3586 4474 atque
3622 4417 3739 4470 gra-

2097 4469 2141 4524 D
2173 4496 2274 4550 tias
2308 4495 2382 4550 illi
2412 4511 2512 4565 pro
2540 4496 2658 4567 ejus
2706 4497 2987 4554 beneﬁciis
3023 4510 3214 4568 agunt,
3261 4469 3383 4568 qute
3436 4469 3523 4554 ille
3569 4469 3738 4550 inces‘

2171 4597 2359 4642 santer
2409 4589 2652 4657 impertit
2708 4587 2834 4644 ﬁliis
2883 4587 3196 4656 hominum,
3233 4601 3329 4644 aut
3359 4607 3482 4646 cum
3519 4584 3740 4642 viderint

2173 4689 2488 4734 sanctorum
2538 4681 2770 4736 virtutes
2809 4683 3073 4749 virorum,
3114 4683 3352 4750 insignia
3387 4683 3622 4737 virorum
3662 4673 3739 4728 ni-

2174 4773 2468 4830 hilominus
2503 4773 2598 4829 Dei
2631 4791 2934 4842 servorum,
2975 4775 3364 4839 constantiam,
3415 4786 3575 4843 atque
3616 4782 3736 4835 ago-

2173 4881 2292 4931 nes,
2329 4877 2457 4921 tunc
2495 4869 2748 4922 nimirum
2784 4884 2906 4922 eum
2957 4868 3151 4936 gaudio
3181 4878 3346 4936 atque
3381 4863 3735 4921 exsultatione

2178 4960 2447 5014 assistunt
2473 4970 2597 5014 ante
2630 4961 2813 5022 Deum.
2874 4975 3061 5014 revera
3093 4971 3148 5012 et
3176 4971 3235 5012 ttt
3269 4959 3436 5013 Deum
3484 4951 3732 5010 honoriﬁ-

2177 5061 2324 5119 cent,
2357 5063 2518 5122 atque
2549 5052 2767 5107 laudent
2796 5053 2861 5106 de
2892 5051 3120 5106 victoria
3161 5067 3444 5106 servorum
3496 5047 3606 5112 Dei,
3643 5055 3734 5095 nec

2179 5159 2286 5197 non
2326 5156 2383 5196 ut
2415 5143 2496 5199 eis
2522 5145 2614 5214 qui
2653 5155 2875 5214 propter
2922 5143 3091 5198 Deum
3122 5145 3426 5214 patiuntur,
3472 5134 3734 5206 patientia!

2183 5237 2521 5290 tolerantiam
2582 5247 2745 5306 atque
2797 5247 3040 5292 sanetam
3103 5235 3616 5295 consummationem
3670 5223 3730 5275 ab

2180 5329 2372 5383 eodem
2401 5329 2674 5399 postulent
2708 5330 2838 5384 Deo.
2895 5329 2985 5384 Sic
3039 5329 3225 5398 itaque
3276 5331 3538 5382 venerunt
3567 5329 3620 5372 et
3646 5329 3750 5381 ver

2178 5420 2334 5474 niunt
2362 5421 2533 5492 angeli
2571 5420 2687 5487 Dei,
2718 5430 2774 5475 ut
2813 5430 3026 5476 starent
3053 5430 3179 5474 ante
3213 5421 3404 5474 Deum.
3436 5416 3521 5472 Sic
3553 5409 3724 5466 astite-

2181 5520 2307 5564 runt
2337 5527 2457 5565 cum
2481 5513 2643 5567 totius
2663 5514 2845 5573 mundi
2871 5519 3018 5568 salus
3042 5514 3108 5567 ad
3134 5513 3380 5567 homines
3412 5509 3620 5565 veniens
3635 5497 3724 5553 ini—

2182 5603 2316 5656 tium
2346 5605 2599 5674 sumpsit,
2631 5624 2697 5662 ex
2729 5605 2948 5677 Virgine
2987 5614 3112 5662 nato
3145 5604 3437 5676 Uuigeuilo
3462 5603 3582 5662 Πύον
3612 5604 3721 5654 cum

2761 5727 2802 5758 ⁷¹
2832 5725 2960 5780 Luc.
2992 5740 3028 5790 t,
3077 5724 3162 5778 19.
3268 5725 3311 5756 ’⁸
3344 5723 3444 5779 [5a.
3473 5714 3592 5785 1,14
3616 5722 3717 5774 580-
