3992 6312
208 362 311 418 401

1352 361 1738 419 ANONYMUS
1775 361 1843 418 IN
1881 360 2020 416 JOB.
2063 393 2132 401 —
2171 359 2299 417 LIB.
2343 360 2383 415 I.

3374 356 3479 415 402

214 483 393 539 subito
417 479 564 535 facta
583 491 668 539 est
689 482 974 538 multitudo
996 481 1337 539 exercituum
1350 480 1655 537 cmlestium
1676 479 1795 533 lau-
1824 482 1870 539 Α
1897 476 1998 534 Job
2024 478 2487 548 appropinquare,
2520 475 2604 530 vel
2638 490 2759 529 eam
2791 484 3017 547 tangere
3037 472 3339 545 permissus
3371 488 3477 527 non

216 578 460 633 dantium
483 586 651 647 atque
675 576 1136 648 magnillcantium
1167 577 1337 631 Deum
1367 591 1468 646 pro
1501 574 1686 628 mundi
1709 590 1798 627 sa-

216 670 347 725 lute’.
371 667 463 724 Sic
491 670 781 725 astiterunt
812 669 865 723 in
889 667 1158 738 principio
1187 669 1357 724 totius
1382 676 1667 733 creaturae,
1691 667 1798 723 sic-

223 773 287 817 ut
319 761 447 816 dicit
478 760 639 831 paulo
661 770 780 831 post
801 758 919 830 ipse
937 759 1081 815 Deus
1098 760 1162 815 ad
1180 759 1285 816 Job
1300 761 1628 829 depromens
1645 769 1699 813 et
1716 760 1798 812 di-

223 870 383 909 cens':
403 852 535 907 Cum
565 854 746 923 ﬁerent
774 853 945 909 stella:
973 852 1327 908 laudauerunt
1362 871 1440 907 me
1465 870 1585 908 voce
1602 869 1798 923 magna

215 947 391 1017 angeli
421 947 541 1012 mei,
573 957 622 1001 et
663 950 914 1018 hymnum
944 948 1217 1001 dixerunt.
1256 945 1314 1002 Si
1362 956 1489 1002 tunc
1536 948 1796 1001 laudave-

217 1050 345 1093 runt
392 1038 606 1106 quando
652 1040 965 1093 inanimatae
1018 1038 1190 1095 stella:
1241 1039 1399 1093 facta:
1443 1048 1594 1103 sunt,
1626 1038 1797 1093 multo

217 1131 391 1201 magis
410 1131 918 1185 tunclaudaverunt
948 1131 1167 1199 quando
1196 1120 1448 1185 animata:
1475 1140 1531 1185 ct
1564 1142 1798 1186 sensatte

219 1224 385 1278 statim
428 1223 584 1279 laeta:
632 1232 781 1289 sunt,
815 1224 868 1278 id
916 1234 1002 1279 est
1031 1226 1226 1279 anima:
1272 1235 1589 1279 sanctorum
1631 1236 1797 1294 atque

232 1329 499 1373 .ustorum.
546 1316 624 1371 De
664 1318 862 1387 quibus
909 1315 1087 1372 stellis
1120 1316 1414 1373 dicendum
1465 1328 1592 1373 est:
1628 1317 1796 1372 Stella

234 1408 354 1461 vniat
391 1424 421 1461 α
464 1408 619 1462 stella
673 1408 852 1477 di/fcrt
898 1408 955 1461 in
1007 1406 1273 1472 claritate,
1298 1408 1375 1461 ita
1406 1416 1455 1461 et
1484 1410 1796 1462 resurrectio

223 1497 642 1551 mortuorum".
675 1497 744 1551 Et
774 1498 902 1552 alibi
935 1515 948 1550 :
981 1496 1129 1552 Tunc
1161 1497 1434 1568 fulgebunt
1458 1499 1593 1568 justi
1621 1507 1675 1551 ut
1714 1499 1797 1552 lu-

221 1589 449 1643 minaria
502 1589 642 1656 caeli,
684 1599 734 1643 et
785 1590 922 1644 sicut
968 1589 1134 1644 stella
1178 1590 1233 1643 in
1286 1589 1672 1659 perpetuum".
1706 1588 1799 1644 Sic

220 1681 401 1751 itaque
433 1699 463 1737 a
494 1682 697 1739 satculo
727 1692 782 1739 et
816 1696 989 1752 usque
1034 1682 1086 1736 in
1141 1691 1407 1737 azternum
1456 1693 1634 1737 astant
1683 1682 1798 1736 sin-

217 1773 339 1843 gula
392 1773 658 1831 beneﬁcia
711 1774 1049 1846 operationis
1097 1775 1334 1840 Domini,
1391 1790 1511 1843 qua:
1566 1774 1618 1828 in
1651 1774 1796 1835 omni

1901 572 2025 624 est?
2052 570 2337 637 Quomodo
2366 570 2581 624 veniret
2608 568 2673 620 ad
2709 566 2874 621 caelos
2910 568 2954 621 is
2987 567 3076 635 qui
3105 577 3209 619 non
3241 575 3328 619 est
3354 581 3479 635 per-

1901 662 2101 715 missus
2148 661 2375 714 introire
2431 660 2482 711 in
2532 659 2880 728 paradisum?
2913 656 2969 711 Si
3002 658 3146 710 enim
3178 658 3243 710 ad
3273 657 3478 713 ostium

1902 754 2138 826 paradisi
2196 754 2597 808 observandum
2648 752 2931 806 cherubim
2996 752 3203 820 positus
3258 759 3364 815 est,
3420 758 3478 805 et

1902 847 2211 916 rltompbaea
2260 846 2530 911 ﬂammea,
2572 855 2629 897 ut
2665 845 2830 898 homo
2865 843 2951 897 ille
2979 844 3070 912 qui
3104 841 3300 896 exinde
3346 841 3475 895 olim

1900 940 2117 1005 cecidit,
2162 939 2215 993 id
2266 947 2349 992 est
2403 938 2600 999 Adam,
2631 936 2771 990 ultra
2827 936 3049 989 introire
3093 950 3197 989 non
3248 940 3469 1003 posset:

1874 1034 2089 1103 quales
2117 1042 2368 1103 putamus
2406 1046 2525 1085 esse
2558 1040 2775 1084 sanctas
2822 1028 3137 1097 angelorum
3172 1030 3471 1093 custodias,

1899 1127 2240 1196 virtutesque
2290 1123 2579 1186 caelorum,
2605 1137 2727 1190 qua:
2778 1121 3096 1175 custodiunt
3125 1130 3305 1190 portas
3330 1122 3476 1190 illas,

1898 1221 1964 1275 ad
1994 1236 2129 1288 quas
2153 1218 2354 1273 dictum
2385 1228 2499 1273 est:
2521 1216 2711 1269 Tollite
2729 1225 2930 1283 portas,
2958 1215 3239 1284 principes,
3258 1228 3476 1282 vestras,

1898 1322 1947 1366 et
1976 1324 2028 1365 ut
2063 1313 2288 1365 introeat
2308 1326 2400 1364 rex
2433 1309 2715 1380 gloriae"?
2749 1322 2884 1378 quas
2918 1310 3152 1361 transire
3182 1308 3262 1361 vel
3302 1320 3478 1362 trans-

1900 1403 2046 1474 gredi
2105 1404 2172 1457 ad
2232 1404 2428 1457 ccelum
2471 1402 2807 1472 nequissimo
2865 1400 3085 1455 diabolo
3146 1399 3480 1469 impossibile

1900 1507 2039 1561 erat,
2071 1506 2124 1550 et
2158 1505 2260 1551 est.
2288 1495 2420 1549 Nam
2457 1510 2576 1549 cunt
2608 1495 2673 1550 de
2702 1493 2858 1549 etelis
2889 1502 3107 1563 propter
3135 1493 3476 1560 iniquitatem

1902 1589 2205 1653 ceciderit,
2262 1604 2538 1657 nunquam
2604 1602 2793 1642 rursus
2839 1586 3090 1641 introibit
3135 1586 3189 1639 itt
3257 1584 3471 1646 ratium,

1902 1691 2180 1745 nunquam
2217 1676 2393 1729 denuo
2425 1686 2728 1730 revertetur
2781 1677 2844 1729 ad
2894 1675 3046 1730 illud.
3092 1673 3149 1729 Si
3207 1676 3353 1729 enim
3409 1677 3478 1729 ad

1905 1770 2098 1839 impios
2134 1780 2298 1839 atque
2328 1768 2623 1823 sceleratos
2658 1769 2790 1823 dicit
2825 1769 2985 1834 Deus,
3023 1766 3246 1822 Calcare
3294 1769 3476 1821 aulam

218 1877 460 1936 tempore
489 1867 735 1937 impertit
764 1868 892 1923 liliis
924 1868 1229 1936 hominum,
1260 1868 1605 1934 eonlitentia,
1632 1878 1799 1937 atque
1828 1859 1875 1915 Β
1904 1879 2072 1916 meam
2120 1879 2222 1915 non
2259 1861 2544 1930 adjicietis,
2580 1875 2758 1913 nonne
2807 1859 2977 1914 multo
3021 1860 3194 1927 magis
3227 1858 3476 1913 diabolus

215 1961 548 2025 invocantia,
575 1970 630 2016 et
661 1963 867 2031 gratias
893 1961 1106 2030 agentia
1128 1960 1451 2015 beatitudini
1470 1962 1658 2015 aeterni
1678 1960 1793 2015 Dei.

216 2051 328 2107 Sed
383 2052 604 2108 interim
659 2055 960 2107 secundum
1015 2052 1301 2106 historiam
1352 2061 1623 2107 steterunt
1668 2061 1797 2107 tunc

212 2154 346 2199 ante
382 2144 550 2199 Deum
584 2144 767 2214 angeli
800 2146 1140 2211 conﬁtentes,
1174 2152 1227 2198 et
1256 2144 1462 2214 gratias
1489 2145 1536 2197 ei
1575 2153 1798 2214 agentes

212 2246 444 2306 propter
488 2236 835 2291 sanctitatem
892 2235 1016 2303 Job,
1065 2251 1131 2290 ac
1181 2236 1464 2302 meritum,
1525 2236 1796 2305 justitiam

205 2343 458 2398 quoque,
496 2343 559 2384 ac
591 2328 868 2397 pietatem,
903 2327 1272 2383 innocentiam
1317 2335 1486 2397 atque
1514 2328 1797 2396 integrita-

216 2430 353 2485 tem,
400 2421 691 2476 maximam
732 2421 834 2475 sibi
864 2419 1091 2491 gloriam
1126 2429 1441 2489 reputantes
1468 2431 1595 2475 ante
1627 2421 1793 2476 Deum

215 2512 359 2567 beati
384 2510 488 2567 Job
521 2513 893 2567 innocentiam
930 2521 1092 2582 atque
1120 2512 1490 2567 sanctitatem.
1516 2511 1621 2566 Sed
1652 2511 1796 2581 quod

218 2620 316 2675 pro
338 2604 538 2672 gaudio
572 2612 732 2673 atque
766 2603 940 2674 gloria
968 2606 1175 2658 sanctis
1202 2603 1430 2674 angelis,
1468 2604 1570 2659 hoc
1601 2604 1798 2658 nihilo-

223 2697 396 2752 minus
416 2698 483 2751 ad
518 2696 999 2753 inﬂammationem
1026 2708 1190 2768 atque
1222 2697 1397 2752 zelum
1432 2698 1652 2767 prolicit
1677 2715 1795 2753 ma-

222 2787 362 2857 ligno
397 2800 454 2845 et
481 2790 801 2845 adversario
855 2791 1093 2847 diabolo.
1126 2789 1422 2859 PrOpterea
1476 2806 1600 2846 cum
1650 2791 1797 2845 veni-

222 2890 340 2935 rent
386 2882 560 2952 angeli
610 2882 815 2952 gratias
864 2898 1047 2956 agere,
1096 2899 1162 2940 ac
1210 2884 1462 2940 confiteri
1504 2899 1604 2954 pro
1649 2884 1796 2951 justo

221 2972 338 3037 Job,
366 2976 516 3030 venit
544 2975 795 3031 diabolus
816 2976 1158 3046 malignitate
1182 2986 1348 3046 atque
1372 2976 1799 3031 inﬂammatione

224 3065 471 3134 repletus
516 3066 782 3123 adversus
830 3060 1195 3124 memoratum
1253 3068 1378 3124 Job.
1443 3066 1798 3123 V'enientibus

224 3158 474 3214 videlicet
512 3160 742 3230 angelis,
785 3162 936 3216 venit
984 3167 1041 3217 et
1072 3160 1323 3215 diabolus
1373 3168 1434 3215 ut
1477 3168 1648 3214 staret
1672 3169 1798 3213 ante

225 3254 532 3309 Dominum.
573 3255 761 3327 Angeli
796 3264 1065 3311 venerunt
1124 3267 1182 3311 ttt
1233 3257 1434 3327 gratias
1469 3265 1711 3329 agerent,
1745 3265 1800 3310 et

222 3355 637 3423 conﬁterentur,
675 3368 730 3411 et
760 3355 1091 3411 laudarent:
1123 3356 1374 3411 diabolus
1410 3371 1538 3412 vero
1573 3356 1719 3411 venit
1745 3367 1802 3411 ut

222 3450 571 3515 mentiretur,
614 3458 669 3505 et
708 3459 1015 3513 accusaret,
1046 3460 1212 3517 atque
1243 3448 1511 3518 culparet.
1565 3448 1630 3503 Et
1675 3465 1802 3504 vere

224 3540 373 3607 quasi
400 3538 620 3594 duabus
649 3540 897 3610 personis
928 3548 1086 3593 utens
1114 3538 1428 3609 angelorum
1476 3548 1533 3592 et
1573 3538 1799 3602 diaboli,

224 3632 536 3702 angelorum
565 3646 695 3687 sane
744 3631 1043 3685 bonitatem
1078 3628 1343 3691 ostendit,
1372 3638 1423 3680 et
1457 3628 1655 3682 diaboli
1707 3644 1803 3681 ne-

223 3725 453 3795 quitiam
504 3724 801 3794 redarguit,
829 3733 992 3791 atque
1042 3720 1407 3789 nequissimus
1441 3719 1804 3789 cogitationes

223 3818 339 3885 q‘us
364 3817 587 3887 detegit,
613 3818 812 3888 quibus
859 3816 1112 3886 nequiter
1143 3825 1304 3883 atque
1339 3813 1562 3882 indigne
1592 3813 1802 3882 cogita-

224 3912 301 3967 vit
336 3912 483 3981 apud
522 3912 871 3980 semetipsum
898 3908 1089 3978 procul
1137 3908 1298 3962 dubio
1332 3916 1595 3971 tractans,
1626 3920 1690 3960 ac
1720 3906 1802 3959 di-

228 4020 353 4061 cens
385 4024 400 4062 :
436 4003 570 4071 Quis
614 4003 745 4057 milii
782 4002 932 4056 dabit
983 4013 1041 4055 ut
1070 4000 1272 4070 possim
1300 3999 1489 4053 venire
1523 4008 1652 4051 ante
1673 4012 1802 4052 con-

228 4109 470 4169 spectum
516 4097 650 4152 Dei?
680 4096 813 4163 Quis
838 4094 966 4147 mibi
1009 4093 1159 4147 dabit
1182 4090 1460 4161 utpossitn
1498 4099 1645 4143 stare
1674 4098 1801 4143 ante

231 4194 421 4248 faciem
474 4190 621 4247 illius
664 4186 892 4243 :eterni?
938 4186 1093 4241 Hanc
1154 4184 1366 4240 scilicet
1421 4180 1803 4251 cogitationem

232 4286 445 4352 diaboli,
475 4293 531 4340 et
567 4284 741 4354 ipsum
781 4280 897 4349 ejus
927 4280 1283 4341 desiderium,
1318 4277 1474 4346 quasi
1509 4275 1804 4328 adventum

232 4393 542 4436 memorans
594 4379 859 4446 scriptor,
910 4373 1081 4427 dicit:
1113 4366 1183 4425 Et
1242 4368 1486 4423 diabolus
1549 4365 1688 4421 venit
1748 4373 1805 4418 ut

231 4484 389 4529 staret
438 4482 561 4525 ante
615 4468 893 4524 Dominum
908 4467 977 4520 ττ.
1014 4463 1196 4529 Venit,
1228 4462 1322 4518 sed
1350 4475 1457 4514 non
1485 4460 1538 4513 in
1572 4472 1811 4529 praesen-

1903 1955 1994 2025 qui
2047 1964 2130 2008 est
2183 1954 2345 2008 totius
2376 1953 2676 2021 iniquitatis
2711 1963 2921 2015 auctor,
2954 1960 3010 2007 et
3039 1953 3214 2005 omnis
3254 1951 3477 2005 sceleris

1900 2056 2057 2118 pater
2106 2056 2270 2116 atque
2303 2046 2576 2108 inventor,
2610 2043 2675 2096 ad
2719 2044 2996 2097 caelestem
3041 2043 3215 2096 aulam
3253 2058 3319 2097 ex
3370 2057 3474 2111 qua

1903 2149 2094 2210 sponte
2119 2138 2337 2203 cecidit,
2374 2152 2646 2205 nunquam
2675 2138 2872 2189 iterum
2902 2136 3179 2201 ascendet,
3201 2149 3481 2204 nunquam

1904 2233 2083 2287 denuo
2113 2229 2459 2285 revertetur?
2488 2227 2543 2282 Si
2577 2228 2722 2282 enim
2768 2227 2992 2296 Spiritus
3044 2226 3231 2280 exiens
3280 2230 3473 2280 iterum

1902 2339 2014 2379 non
2062 2324 2375 2388 revertitur,
2433 2336 2608 2391 neque
2664 2328 2951 2375 revocatur
3001 2318 3186 2371 anima
3247 2318 3474 2371 ablata:

1900 2429 2083 2472 nonne
2111 2414 2281 2469 multo
2303 2414 2538 2484 amplius
2565 2413 2611 2468 is
2644 2411 2735 2481 qui
2784 2419 3009 2479 propter
3043 2409 3384 2479 iniquitatem
3413 2409 3479 2463 de

1902 2508 2041 2564 cmlo
2075 2508 2263 2575 exivit,
2297 2520 2570 2576 nunquam
2603 2520 2796 2559 rursus
2832 2503 2960 2557 illuc
2993 2510 3321 2566 revertetur,
3353 2511 3408 2557 et
3432 2502 3480 2556 is

1901 2600 1993 2670 qui
2019 2610 2241 2669 propter
2296 2600 2725 2668 impcenitentem
2768 2596 3070 2666 nequitiam
3100 2594 3373 2665 projectus
3397 2604 3480 2650 est

1902 2708 1968 2749 ex
2003 2693 2185 2748 choris
2230 2702 2541 2747 sanctorum
2577 2689 2914 2757 angelorum,
2942 2703 3217 2756 nunquam
3258 2703 3479 2758 prorsus

1903 2785 1969 2839 ad
1993 2786 2373 2854 ptenitentiam
2414 2782 2796 2839 revocabitur?
2827 2781 3005 2836 Stabit
3040 2783 3182 2835 enim
3220 2791 3475 2851 tanquam

1902 2878 2230 2947 incomptus,
2264 2889 2426 2947 atque
2474 2876 2731 2931 indomita
2766 2874 3078 2930 aversione.
3106 2874 3173 2928 Et
3200 2876 3399 2941 adhuc,
3430 2877 3475 2930 si

1902 2973 2029 3028 olim
2060 2972 2192 3027 Cain
2226 2987 2348 3025 cum
2377 2971 2552 3025 exiret
2605 2984 2636 3023 a
2694 2968 2831 3023 facie
2887 2967 3101 3021 Domini
3154 2982 3253 3036 pro
3298 2968 3477 3037 impiis

1903 3064 2145 3128 ausibus,
2183 3079 2456 3133 nunquam
2497 3071 2626 3116 ante
2645 3074 2992 3132 conSpectum
3027 3061 3240 3117 Domini
3270 3060 3362 3115 Dei
3395 3073 3479 3116 est

1906 3170 2161 3211 reversus
2187 3172 2200 3208 :
2226 3169 2406 3210 nonne
2434 3154 2604 3209 multo
2635 3155 2867 3225 amplius
2890 3155 2981 3210 hic
3012 3153 3263 3208 diabolus
3290 3152 3381 3223 qui
3411 3155 3475 3204 ad

1903 3263 2119 3303 omnem
2149 3247 2531 3302 crudelitatem
2580 3245 2682 3300 fuit
2710 3246 2971 3316 magister
3003 3245 3142 3316 ejus,
3173 3244 3264 3313 qui
3295 3254 3349 3297 et
3380 3244 3477 3296 lto-

1906 3341 2102 3395 micida
2132 3341 2199 3394 ab
2226 3338 2543 3407 initiojuste
2571 3347 2653 3393 est
2677 3347 3021 3407 nuncupatus
3041 3353 3069 3390 a
3097 3337 3237 3392 facie
3264 3336 3478 3391 Domini

1907 3430 2278 3500 Dei‘tanquam
2304 3430 2536 3499 injustus
2555 3428 2701 3497 juste
2730 3426 3025 3497 proiectus,
3053 3442 3327 3495 nunquam
3353 3434 3480 3479 ante

1906 3522 2099 3578 faciem
2132 3522 2348 3576 Domini
2386 3523 2568 3575 veniet
2608 3520 2865 3589 amplius,
2918 3533 3192 3586 nunquam
3244 3518 3295 3570 in
3352 3532 3481 3571 con-

1906 3627 2093 3687 spectu
2149 3626 2352 3672 sancta:
2424 3614 2606 3686 gloriae
2656 3622 2963 3667 revertetur
3022 3610 3280 3665 ulterius?
3328 3609 3479 3679 juxta

1907 3714 2011 3766 ltoc
2058 3709 2201 3779 quod
2248 3708 2450 3761 dictum
2488 3714 2610 3760 est:
2643 3704 2936 3772 Auferatur
2974 3702 3166 3771 impius
3208 3716 3271 3754 ne
3308 3701 3481 3754 videat

1905 3805 2129 3874 gloriam
2164 3800 2462 3857 Domini".
2494 3798 2750 3853 Etadbuc
2776 3815 2790 3851 :
2818 3794 2872 3849 Si
2899 3796 3046 3865 impii
3085 3811 3187 3849 non
3216 3805 3481 3864 resurgant

1906 3898 1960 3951 in
1989 3896 2221 3966 judicio,
2258 3902 2304 3946 et
2353 3904 2650 3962 peccatores
2689 3891 2743 3943 in
2792 3889 3009 3943 consilio
3054 3887 3324 3957 justorum
3375 3902 3483 3941 non

1908 3985 2336 4058 apparebunt“,
2368 3986 2639 4055 quomodo
2684 3984 2773 4039 ille
2803 3982 2896 4052 qui
2942 3990 3096 4052 pater
3138 3980 3348 4035 exstitit
3379 3981 3482 4033 im—

1908 4083 2194 4151 pietatum,
2224 4089 2280 4133 et
2328 4080 2543 4149 genitor
2574 4085 2951 4147 peccatorum,
2987 4074 3040 4129 id
3073 4083 3156 4128 est
3210 4072 3481 4133 diabolus,

1909 4174 1962 4228 in
1996 4183 2285 4242 conspectu
2314 4183 2518 4226 sanctae
2545 4170 2728 4237 gloriae
2764 4167 2857 4221 Dei
2901 4165 3218 4236 apparebit?
3249 4164 3481 4231 Quomo-

1910 4266 1980 4321 do
2022 4280 2168 4320 mors
2212 4265 2336 4318 vita:
2373 4261 2735 4318 conveniret?
2767 4258 3049 4327 Quomodo
3080 4257 3302 4313 stabunt
3332 4266 3485 4309 tene-

1908 4356 2022 4411 brae
2077 4355 2131 4409 in
2185 4364 2479 4423 conspectu
2537 4352 2676 4405 lucis
2725 4346 3157 4404 inaccessibilis?
3206 4346 3489 4412 Quomodo

1914 4446 2224 4501 sustineant
2265 4443 2490 4512 stipula,
2526 4444 2712 4497 fenum
2762 4451 2927 4510 atque
2977 4453 3105 4492 cera
3150 4436 3485 4491 vicinitatem

231 4569 322 4629 tia,
357 4582 465 4621 non
498 4577 743 4626 accessu,
780 4572 956 4629 neque
996 4556 1242 4621 introitu,
1285 4553 1380 4609 sed
1410 4551 1559 4607 venit
1590 4552 1803 4619 cogita-
1839 4568 1889 4623 Ι)
1914 4539 2052 4608 ignis
2091 4536 2507 4607 insuperabilis;
2546 4535 2613 4589 de
2637 4550 2745 4603 quo
2766 4534 2970 4587 dicitur
2999 4550 3013 4586 :
3042 4530 3189 4629 Sicut
3215 4529 3339 4629 [luit

235 4665 405 4728 tione,
435 4658 663 4725 consilio
710 4665 766 4710 et
821 4652 1110 4709 desiderio.
1147 4648 1280 4703 Nam
1314 4648 1455 4703 sicut
1486 4646 1607 4714 quis
1638 4646 1806 4699 latro-

233 4771 355 4810 num
391 4754 600 4825 positus
647 4750 699 4803 in
734 4760 955 4802 carcere
986 4758 1050 4799 ac
1087 4739 1321 4794 vinculis
1348 4738 1464 4791 vult
1487 4735 1807 4806 frequenter

231 4859 286 4905 et
313 4858 466 4916 optat
497 4855 557 4898 ut
590 4842 662 4897 sit
678 4843 824 4894 foras
856 4838 909 4892 in
943 4834 1218 4890 montibus
1246 4831 1339 4887 ubi
1365 4831 1572 4902 pridem
1603 4830 1804 4892 fuerat,

232 4941 328 4993 sed
378 4953 487 4991 non
532 4937 646 5005 ipse
677 4941 760 4987 est
789 4930 924 4993 illic,
956 4928 1051 4983 sed
1085 4940 1279 4981 sensus
1326 4933 1490 4992 atque
1548 4920 1806 4992 cogitatio

235 5033 367 5100 ejus,
402 5039 460 5084 et
491 5026 640 5081 venit
695 5022 765 5077 illi
820 5018 1079 5091 cogitatio
1126 5013 1623 5072 commonefaciens
1656 5026 1715 5066 se
1743 5011 1809 5065 de

237 5125 300 5180 iis
325 5138 447 5195 qua:
480 5121 587 5176 illic
609 5128 736 5175 sunt
763 5116 896 5171 locis
923 5123 979 5168 et
1007 5110 1356 5173 stationibus,
1388 5105 1550 5160 factis
1570 5117 1807 5173 quoque,

239 5230 398 5289 atque
439 5214 677 5271 studiis:
709 5211 780 5265 ita
820 5206 1088 5271 diabolus,
1132 5219 1255 5258 cum
1289 5196 1710 5255 commonefacit
1751 5207 1811 5248 se

239 5312 481 5383 priorum
513 5307 780 5367 omnium,
813 5310 868 5357 et
910 5298 1187 5354 desiderat
1228 5293 1313 5349 illa
1347 5307 1469 5362 quae
1516 5298 1643 5383 sunt
1685 5297 1811 5340 ante

242 5378 431 5469 Deum,
478 5406 534 5453 et
574 5396 723 5450 vadit
772 5392 897 5445 illuc
927 5404 1089 5443 sensu
1136 5396 1301 5456 atque
1334 5378 1682 5451 c03itatione,
1716 5389 1811 5429 vc-

246 5496 386 5549 uisse
419 5467 640 5545 dicitur
682 5497 807 5541 ante
854 5483 1046 5546 Deum,
1082 5494 1209 5534 cum
1263 5491 1370 5531 non
1431 5473 1547 5543 ipse
1593 5467 1813 5539 proprie

244 5585 472 5650 venerit,
503 5583 596 5639 sed
655 5595 817 5635 sensu
872 5584 926 5631 et
971 5573 1318 5645 cogitatione.
1350 5567 1486 5622 Nam
1541 5561 1813 5635 quomodo

249 5678 456 5732 veniret
498 5681 625 5728 ante
662 5678 1011 5738 conspectum
1041 5662 1137 5719 Dei
1168 5662 1231 5721 is.
1265 5659 1357 5729 qui
1388 5664 1589 5713 sancta:
1615 5652 1810 5707 animae

313 5772 407 5825 ⁷⁸1
440 5770 572 5825 Cor.
602 5783 693 5832 xv,
724 5767 813 5832 Μ,
852 5763 938 5819 42.
1016 5760 1062 5792 ⁷⁸
1086 5760 1218 5813 Dan.
1254 5773 1347 5822 xu,
1379 5754 1431 5808 5.

253 5848 292 5877 ⁸¹
325 5844 468 5901 Psal.
500 5856 671 5904 vatt,
709 5844 760 5891 5.

1548 5752 1591 5783 ⁷⁷
1617 5749 1716 5806 Job
1747 5764 1785 5815 ι,
1815 5745 1867 5801 6.

1913 4649 1946 4684 α
1984 4630 2121 4699 facie
2161 4630 2318 4698 ignis,
2346 4628 2421 4680 sic
2468 4636 2682 4695 pereant
2728 4634 3026 4691 peccatores
3065 4639 3096 4675 a
3139 4622 3274 4691 facie
3299 4619 3390 4673 Dei
3409 4617 3490 4669 lu?

1912 4721 2197 4789 Quomodo
2225 4734 2414 4773 vocem
2450 4717 2543 4771 Dei
2590 4716 2842 4780 audiens,
2884 4714 3215 4785 respomleat
3259 4711 3336 4764 illi
3385 4712 3488 4761 im-

1916 4815 2170 4879 mundus,
2201 4825 2365 4883 atquc
2407 4810 2759 4868 exsecrabilis
2794 4809 2978 4877 refuga
3028 4806 3296 4870 diabolus,
3329 4818 3488 4872 quem

1914 4923 2015 4962 nec
2073 4906 2245 4962 sancti
2296 4905 2473 4975 angeli
2536 4904 2754 4973 dignum
2792 4903 2994 4956 habent
3040 4916 3138 4957 suo
3186 4894 3491 4964 colloquio?

1917 4998 2084 5066 Cujus
2133 4995 2571 5064 cunjunctionem
2626 4994 2806 5049 nullus
2856 5001 3169 5047 sanctorum
3225 4986 3487 5054 suscepit,

1854 5112 1862 5118 ·
1919 5106 2094 5161 neque
2125 5090 2403 5158 amplexus
2435 5089 2555 5142 est?
2588 5088 2742 5155 Quod
2777 5083 2975 5140 claruit
3028 5083 3082 5137 in
3136 5081 3294 5135 beato
3325 5076 3492 5131 Paulo

1919 5193 1974 5239 et
2004 5181 2139 5246 Sila,
2174 5182 2371 5249 quibus
2402 5179 2558 5234 valde
2595 5178 2883 5233 molestum
2928 5174 3028 5228 luit
3061 5173 3202 5242 quod
3248 5171 3493 5226 diabolus

1918 5291 2015 5347 per
2051 5276 2197 5330 illius
2240 5273 2534 5327 divinantis
2565 5271 2753 5341 puellae
2794 5286 2857 5324 os
2906 5268 2960 5322 in
2995 5266 3372 5335 Philippenses
3404 5279 3493 5318 se-

1920 5379 2151 5438 quentes
2194 5380 2289 5420 eos
2329 5364 2671 5427 clamaverit,
2712 5373 2993 5430 usquequo
3052 5373 3157 5412 non
3217 5359 3496 5412 sustinens

1919 5464 2122 5519 Paulus
2147 5459 2414 5517 confusus
2439 5457 2572 5513 illud
2611 5454 2935 5509 daemonium
2972 5451 3198 5522 pepulit.
3227 5448 3495 5505 Omnibus

1924 5555 2110 5624 itaque
2158 5551 2332 5607 modis
2375 5548 2791 5620 comprobatum
2830 5554 2942 5611 est,
2990 5544 3116 5614 quia
3160 5539 3413 5597 diabolus
3463 5554 3497 5590 a

1923 5647 2131 5703 sanctis
2177 5646 2368 5715 pulsus
2418 5652 2525 5706 est,
2570 5649 2735 5709 atque
2782 5649 3092 5693 sanctorum
3149 5631 3498 5703 pra2sentiam

1946 5746 1993 5776 ⁷⁸
2033 5744 2175 5800 Psal.
2216 5757 2370 5808 smn,
2406 5739 2456 5793 7.
2521 5738 2566 5771 ⁷⁹
2598 5736 2698 5793 lsa.
2752 5749 2900 5803 Μῖνι,
2931 5733 3017 5788 l0.
3096 5730 3141 5761 ⁸⁰
3170 5727 3312 5783 Psal.
3362 5740 3398 5789 I,
3438 5722 3494 5777 4,
