3992 6312
524 334 632 394 405

1652 331 2034 390 ANONYMUS
2070 330 2140 387 IN
2175 331 2317 388 JOB.
2356 361 2426 371 —
2462 330 2591 387 LIB.
2628 332 2671 386 Ι.

3672 318 3767 387 104

530 474 636 513 non
690 455 983 519 sustinuit,
1013 454 1149 510 'sive
1187 452 1536 522 angelorum,
1586 451 1702 506 sive
1760 451 2038 505 hominum
2074 468 2087 503 :
2123 451 2249 510 Ain
2297 450 2510 517 spiritu,
2561 454 2748 518 utpote
2801 458 2906 499 non
2960 441 3233 508 carnalia,
3282 441 3381 497 sed
3431 440 3687 513 spiritalia
3717 445 3768 499 in

527 552 698 605 multo
734 549 904 617 magis
947 549 1240 602 terribilem
1286 546 1376 599 Dei
1422 546 1760 615 praesentiam
1794 558 1899 597 non
1925 543 2093 597 susti-s

524 640 694 701 nebit.
732 653 911 709 neque
957 648 1083 692 ante
1125 636 1419 706 gloriosam
1470 635 1564 690 Dei
1619 634 1812 689 faciem
1849 635 2086 689 accedet.

471 786 477 792 ,
526 731 582 785 Si
620 730 765 785 enim
791 744 912 785 cum
941 728 1007 782 ad
1044 738 1215 781 terras
1244 727 1455 781 veniret
1484 724 1835 794 Unigenitus,
1870 724 2093 778 Deitatis

528 822 582 877 in
627 838 687 877 se
729 821 981 877 virtutem
1033 827 1196 887 atque
1247 832 1525 873 accessum
1563 832 1667 870 non
1705 817 1996 878 sustinens,
2026 830 2093 869 ne

528 920 892 981 torqueretur,
927 909 1135 978 rogavit
1166 925 1180 961 ε
1214 910 1484 977 quomodo
1528 907 1595 961 ad
1627 907 2093 975 incorruptionem

527 1003 812 1064 accedens,
842 1009 970 1055 ante
999 999 1144 1053 illam
1176 996 1578 1053 intolerabilem
1605 1008 1768 1067 atque
1796 998 2094 1052 inaccessi-

528 1094 689 1148 hilem
745 1091 837 1146 Dei
884 1088 1085 1146 faciem
1130 1089 1315 1153 stabit,
1352 1097 1407 1143 et
1451 1102 1638 1143 vocem
1668 1086 1957 1142 verborum
1994 1102 2095 1141 au-

526 1184 703 1249 diens,
734 1197 1055 1253 responsum
1091 1190 1255 1251 atque
1280 1181 1694 1251 replicationem
1723 1181 1911 1236 dabit?
1944 1180 2098 1247 Quod

524 1288 609 1331 εει
633 1276 887 1329 omnibus
920 1275 1093 1329 modis
1121 1286 1176 1329 et
1212 1275 1479 1337 illicitum,
1505 1283 1556 1328 et
1588 1274 1937 1343 impossibile.
1967 1273 2098 1328 Post

525 1384 646 1439 quae
681 1369 960 1435 universa,
983 1383 1017 1424 o
1048 1369 1229 1432 amici,
1265 1380 1326 1424 ut
1369 1369 1621 1438 superius
1662 1368 1793 1430 dixi,
1832 1366 2099 1436 intelliga-

524 1475 647 1514 mus
677 1459 837 1514 verba
864 1467 1067 1515 sanctae
1096 1459 1414 1529 Scriptum.

599 1549 826 1604 Venisse
864 1549 1109 1605 diabolus
1158 1550 1362 1605 dicitur
1415 1558 1540 1605 ante
1594 1549 1779 1615 Deum,
1807 1558 1863 1601 et
1887 1549 2099 1602 audisse

528 1658 558 1695 a
600 1641 729 1706 Deo,
768 1649 824 1695 et
869 1642 1214 1711 reapondisse
1265 1641 1396 1704 Deo,
1430 1656 1537 1694 non
1576 1639 1715 1708 quod
1754 1640 2021 1711 malignus
2047 1647 2102 1694 et

527 1732 839 1786 immundus
879 1741 1045 1801 atque
1098 1731 1418 1787 tenebrosus
1454 1731 1703 1786 diabolus
1743 1730 1883 1786 facie
1908 1733 1974 1785 ad
2020 1732 2101 1785 fa-

525 1822 663 1875 ciem
703 1823 915 1877 steterit
946 1832 1072 1876 ante
1118 1823 1304 1876 Deum.
1348 1822 1547 1877 Absit:
1580 1823 1704 1892 quis
1753 1823 1896 1877 enim
1931 1825 2099 1878 durus
2131 1792 2177 1852 Β

526 1914 754 1969 effectus
804 1916 1099 1980 sustineat,
1130 1914 1327 1985 inquit,
1371 1917 1714 1985 praesentiam
1746 1914 1898 1983 ejus?
1936 1914 2101 1970 Paulo

529 2018 647 2076 post
673 2008 723 2060 in
751 2006 940 2061 eodem
965 2006 1126 2069 libro,
1166 2006 1267 2061 hoc
1299 2017 1405 2071 est,
1432 2007 1555 2075 quis
1584 2007 1754 2062 durus
1780 2007 2002 2062 effectus
2035 2007 2103 2062 ad

530 2115 635 2154 nou
680 2099 1075 2166 paenitendum,
1121 2098 1370 2164 timorem
1427 2108 1590 2167 atque
1643 2100 1897 2153 virtutem
1932 2098 2104 2155 susti-

528 2199 655 2244 neat
703 2188 882 2243 vultus
922 2188 1080 2258 ejus?
1125 2188 1272 2257 Ideo,
1310 2197 1370 2243 ut
1414 2191 1662 2259 superius
1706 2190 1964 2257 diximus,
1995 2202 2104 2243 non

529 2283 583 2337 in
618 2296 847 2353 persona
874 2283 1024 2336 venit
1067 2281 1440 2351 nequissimus
1473 2283 1727 2337 diabolus
1748 2294 1877 2337 ante
1907 2283 2101 2345 Deum,

527 2377 625 2430 sed
666 2374 936 2441 consiliis,
964 2383 1019 2428 et
1050 2374 1492 2444 cogitationibus,
1525 2384 1688 2443 atque
1715 2374 1968 2445 nequitiae
1994 2389 2104 2429 suae

531 2466 970 2522 meditationibus
997 2481 1012 2517 :
1036 2475 1090 2520 et
1138 2480 1256 2534 quae
1288 2466 1545 2536 cogitavit
1571 2470 1636 2521 de
1669 2480 1754 2532 eo,
1789 2481 1908 2535 qua:
1940 2467 2103 2521 etiam

527 2558 596 2612 de
637 2550 737 2611 Job
790 2554 962 2625 justo,
1014 2556 1129 2610 haec
1175 2563 1444 2610 venerunt
1495 2563 1624 2609 ante
1676 2554 1869 2622 Deum,
1912 2556 2103 2609 horum

530 2649 795 2703 memoria
826 2648 978 2703 venit
1023 2649 1075 2701 iu
1116 2657 1411 2718 conspectu
1461 2648 1649 2702 aeterni
1682 2647 1797 2701 Dci.
1837 2646 1963 2703 Haec
1993 2664 2105 2703 me-

531 2757 751 2797 morans
773 2739 986 2812 Moyses
1020 2755 1281 2811 personas
1312 2740 1463 2811 ponit
1493 2750 1655 2808 atque
1689 2741 1940 2794 ostendit.
1977 2740 2106 2795 Per-

533 2831 685 2887 sonis
712 2833 906 2903 quibus
928 2832 1133 2887 utitur?
1165 2832 1469 2902 Aliquando
1494 2831 1831 2901 angelorum,
1854 2831 2106 2900 aliquan-

533 2928 604 2980 do
638 2925 858 2991 diaboli,
887 2939 1283 2994 nonnunquam
1320 2933 1500 2979 autem
1527 2924 1643 2987 Dei,
1683 2931 1740 2977 ut
1766 2937 1864 2992 per
1889 2921 2104 2989 signiﬁ-

532 3018 774 3072 cationes
810 3032 1162 3087 personarum
1208 3032 1270 3070 ea
1319 3030 1442 3085 qua:
1474 3016 1806 3083 contigerint
1836 3017 2107 3084 designet,

532 3123 589 3165 et
638 3126 759 3179 quae
810 3110 953 3166 facta
1014 3119 1140 3166 sunt
1185 3109 1516 3165 manifestet.
1581 3108 1824 3175 Quorum
1884 3094 2106 3163 evidens

535 3203 840 3272 exemplum
902 3202 954 3256 in
1012 3201 1168 3257 nobis
1231 3200 1611 3271 reperimus,o
1670 3200 1852 3254 amici.
1884 3199 2015 3254 Nam
2050 3209 2107 3255 et

534 3295 847 3363 frequenter
872 3293 1122 3348 sensibus
1153 3293 1352 3346 nostris
1385 3292 1476 3346 illo
1518 3293 1817 3361 pergimus,
1846 3291 1932 3345 ubi
1965 3307 2105 3345 nun-

529 3403 696 3457 quam
730 3401 959 3457 corpore
994 3395 1293 3456 praesentes
1334 3384 1555 3448 fuimus,
1580 3386 1697 3439 sive
1728 3385 1781 3438 in
1810 3384 2006 3438 coelum
2037 3386 2105 3437 ad

533 3478 727 3546 Deum,
758 3480 874 3534 sive
899 3479 952 3533 in
981 3488 1181 3533 terram
1217 3479 1283 3532 ad
1330 3478 1597 3532 homines.
1631 3478 1785 3548 Saepe
1812 3479 1878 3533 ad
1909 3478 2106 3532 absen-

537 3571 913 3643 tes'tanquam
948 3572 1014 3625 ad
1056 3580 1357 3643 praesentes
1399 3570 1699 3641 loquimur,
1733 3580 1787 3625 et
1826 3571 2108 3641 cogitatio-

535 3666 697 3720 nibus
727 3665 930 3721 nostris
958 3680 1080 3719 cum
1104 3664 1211 3719 illis
1234 3665 1328 3733 qui
1359 3664 1515 3719 valde
1544 3664 1701 3735 longe
1733 3672 1860 3718 sunt
1886 3674 2107 3718 conten-

532 3758 734 3824 dimus,
765 3771 821 3813 et
850 3758 1203 3824 altercamur,
1234 3768 1508 3813 certamus
1543 3772 1759 3827 quoque
1784 3768 1838 3812 et
1879 3759 2108 3828 replica-

534 3865 681 3916 mus,
725 3858 779 3903 et
812 3863 880 3903 ex
932 3848 1144 3903 illorum
1190 3838 1423 3917 persona
1469 3851 1891 3915 controversias,
1943 3860 2107 3920 atque

536 3942 940 4012 replicationes,
968 3942 1126 3997 nobis
1160 3941 1293 4011 ipsis
1324 3943 1573 3998 facimus.
1606 3941 1759 4011 Saepe
1780 3946 1945 3998 etiam
1970 3953 2027 3999 et
2056 3944 2107 3997 in

533 4033 737 4090 omium
787 4035 856 4089 ad
897 4034 1063 4087 Deum
1112 4034 1460 4088 ascendimus
1498 4046 1553 4089 et
1583 4044 1845 4104 tanquam
1895 4035 1949 4089 in
1977 4051 2110 4090 con-

539 4138 732 4197 Spectu
771 4126 862 4182 Dei
891 4127 945 4181 in
978 4126 1212 4182 excelsis
1240 4126 1407 4180 animi
1434 4125 1667 4191 visione,
1700 4137 1862 4196 atque
1885 4127 2109 4195 spiritus

537 4217 846 4275 elevatione
877 4231 1106 4284 stamus,
1138 4228 1194 4275 et
1222 4222 1289 4273 ad
1326 4219 1492 4273 Deum
1534 4218 1831 4287 loquimur,
1856 4228 1910 4273 et
1943 4234 1971 4272 a
2000 4219 2110 4273 Deo

538 4314 806 4375 audimus,
837 4323 1001 4383 atque
1032 4312 1141 4366 Deo
1167 4326 1484 4381 responsum
1517 4311 1727 4366 damus.
1754 4310 1818 4365 Et
1845 4311 1958 4365 haec
1986 4310 2109 4365 uni-

538 4419 700 4459 versa
732 4403 960 4458 dicimus
1004 4402 1183 4456 adhuc
1223 4404 1274 4455 iu
1314 4415 1543 4471 corpore
1571 4402 1756 4471 positi,
1784 4410 1949 4469 atque
1987 4415 2111 4455 car-

2192 542 2337 597 omni
2389 551 2633 612 tempore
2681 541 3008 611 cogitantes,
3044 551 3319 610 tanquam
3353 541 3502 592 inter
3538 538 3772 595 homines

2193 650 2356 704 super
2386 644 2585 689 terram
2616 634 2740 697 visi,
2769 633 2936 687 animi
2973 647 3103 687 vero
3136 630 3335 686 studio
3372 639 3503 683 ante
3531 629 3691 684 Deum
3719 631 3771 686 in

2194 728 2332 783 cmlo
2370 725 2537 780 fuisse
2564 723 2919 794 comprobati.
2954 722 3236 790 Ejusmodi
3279 720 3472 774 dicunt
3498 734 3620 774 cum
3651 720 3775 773 lidu-

2194 820 2281 874 cia
2306 836 2320 874 :
2351 817 2644 880 Habitatio,
2674 816 2754 870 vel
2773 815 3097 869 conversatio
3125 822 3323 869 nostra
3359 812 3420 864 in
3452 811 3594 864 curiis
3621 819 3693 865 est
3713 812 3774 865 ⁸⁸.

2197 912 2256 965 Si
2287 912 2452 980 igitur
2478 909 2727 964 homines
2759 923 2925 962 carne
2968 908 3167 971 induti,
3201 915 3263 960 et
3287 903 3651 973 corruptione
3680 904 3781 958 cir-

2196 1000 2435 1057 cumdati
2469 999 2525 1053 in
2550 998 2704 1054 caelis
2727 1008 2855 1052 ante
2886 998 3052 1052 Deum
3082 1006 3235 1051 stare
3265 1004 3326 1050 et
3357 1008 3487 1048 esse
3519 993 3780 1059 dicuntur,

2197 1108 2302 1147 non
2335 1100 2525 1146 natura
2553 1091 2682 1145 illuc
2705 1088 2959 1159 profecti,
2983 1073 3076 1143 scd
3096 1087 3399 1142 voluntate
3424 1093 3483 1140 et
3498 1083 3778 1149 desiderio,

2199 1184 2367 1239 animi
2399 1182 2749 1239 meditatione
2765 1182 2965 1248 evecti,
2996 1181 3122 1250 quid
3156 1194 3433 1250 magnum
3469 1179 3516 1232 si
3549 1178 3781 1233 diabolus

2197 1293 2320 1332 cum
2348 1277 2418 1331 sit
2446 1276 2667 1346 spiritus
2692 1285 2746 1330 et
2774 1273 3269 1343 incorruptibiliter
3290 1286 3485 1326 aerem
3515 1281 3781 1340 pertrans-

2200 1370 2315 1424 ieus
2355 1379 2410 1421 et
2452 1368 2694 1437 pelagus,
2734 1374 2857 1422 ante
2910 1367 3078 1420 Deum
3123 1365 3352 1419 venisse
3402 1360 3640 1414 dicitur?
3676 1360 3781 1413 Non

2199 1456 2342 1525 quod
2368 1456 2481 1522 ipse
2508 1455 2676 1518 venit,
2700 1454 2795 1509 sed
2835 1464 3100 1508 venerunt
3123 1450 3479 1506 immortales
3511 1450 3785 1517 cogitatus-

2199 1562 2298 1601 nes
2318 1545 2434 1615 ejus
2460 1564 2474 1600 :
2509 1555 2669 1615 atque
2699 1545 3046 1615 nequissima:
3075 1543 3457 1613 cogitationes
3492 1540 3629 1610 ejus.
3662 1541 3782 1593 Nam

2200 1640 2342 1694 sicut
2371 1639 2436 1693 ad
2461 1638 2771 1693 Cornelium
2798 1638 3000 1693 dictum
3033 1638 3098 1692 de
3123 1636 3293 1690 bonis
3322 1649 3339 1688 :
3368 1634 3652 1687 Orationes
3684 1642 3783 1687 tua:

2202 1744 2250 1787 et
2282 1734 2619 1801 eleemosyna:
2650 1740 2755 1785 tua:
2781 1732 3123 1785 ascenderunt
3142 1731 3200 1784 in
3226 1727 3550 1782 memoriam
3584 1727 3635 1779 in
3663 1742 3784 1780 con-

2204 1836 2383 1895 spectu
2436 1825 2644 1889 Deis“,
2680 1826 2760 1879 sic
2790 1835 2843 1878 ct
2866 1824 3066 1878 dictum
3095 1830 3182 1876 est
3236 1818 3463 1875 diabolo
3510 1820 3575 1874 de
3617 1819 3782 1881 malis,

2206 1917 2577 1986 malignitates
2608 1927 2713 1970 tuae
2757 1926 2922 1985 atque
2956 1915 3281 1983 iniquitates
3333 1911 3701 1966 ascenderunt
3736 1911 3783 1964 in

2205 2011 2527 2065 memoriam
2576 2010 2627 2064 iu
2684 2016 2978 2077 conspectu
3019 2006 3136 2061 Dei.
3190 2003 3493 2071 Quomodo
3542 2003 3785 2057 ascende-

2205 2103 2367 2157 runt?
2405 2103 2447 2156 A
2478 2102 2684 2156 sanctis
2709 2100 2918 2169 angelis
2943 2099 3158 2154 oblatae.
3199 2098 3366 2153 Sicut
3391 2096 3541 2150 enim
3564 2094 3784 2150 offerunt

2205 2194 2376 2250 sancti
2424 2194 2601 2264 angeli
2650 2193 2970 2247 memoriam
2994 2190 3299 2259 justorum,
3340 2200 3511 2258 atque
3531 2190 3783 2259 justitica-

2207 2287 2384 2339 tiones
2431 2301 2619 2339 eorum
2668 2294 2795 2338 ante
2845 2284 3061 2339 Deum:
3098 2283 3181 2338 sic
3235 2282 3505 2338 similiter
3558 2280 3789 2336 deferunt

2205 2375 2367 2430 iidem
2432 2374 2605 2445 angeli
2654 2376 2967 2430 memoriam
3021 2374 3281 2438 malitiae,
3346 2382 3517 2442 atque
3554 2371 3788 2440 nequitia!

2206 2468 2432 2533 diaboli,
2464 2468 2652 2522 livoris
2683 2480 2894 2536 quoque
2925 2466 3042 2536 ejus
3079 2476 3135 2521 et
3171 2465 3411 2519 invidia:
3440 2480 3602 2533 quam
3640 2463 3788 2517 habet

2207 2559 2352 2614 circa
2416 2567 2635 2613 sanctos
2685 2558 2736 2612 in
2789 2565 3081 2624 conspectu
3148 2555 3431 2609 terribilis
3481 2553 3597 2609 Dei.
3645 2554 3784 2620 Quod

2206 2661 2385 2705 autem
2417 2648 2653 2704 oﬂ‘erunt
2682 2649 2901 2717 gloriosi
2929 2647 3103 2718 angeli
3142 2648 3194 2701 in
3230 2654 3547 2715 conspectu
3584 2645 3783 2699 Domini

2207 2744 2323 2798 haac
2358 2744 2636 2807 universa,
2673 2743 2765 2795 Dei
2818 2740 3056 2810 Rapbael
3099 2741 3338 2794 nuntius
3375 2740 3531 2793 testis
3563 2749 3663 2801 est,
3697 2739 3781 2805 qui

2208 2838 2422 2891 locutus
2455 2844 2539 2891 est
2582 2835 2649 2888 ad
2696 2833 2920 2889 Tobiam
2963 2836 3153 2889 dicens
3185 2848 3198 2887 :
3228 2833 3379 2887 Cum
3415 2847 3597 2885 orares
3648 2840 3720 2889 tu.
3738 2839 3782 2881 et

2209 2929 2350 2984 Sara
2380 2930 2494 2998 ﬁlia
2534 2928 2808 2999 Ragnelis,
2843 2944 2935 2996 ego
2968 2927 3133 2981 obtuli
3168 2925 3495 2980 memoriam
3542 2922 3780 2977 orationis

2209 3033 2419 3086 vestrm,
2465 3033 2511 3076 et
2552 3022 2785 3089 legitima
2824 3021 2937 3090 ejus
2975 3022 3028 3074 in
3059 3031 3351 3088 conspectu
3397 3018 3584 3088 gloria
3613 3015 3778 3070 Dei".

2135 3151 2177 3209 α
2210 3113 2459 3169 Oﬁ’erunt
2505 3112 2858 3166 nihilominus
2906 3111 3085 3166 sancti
3134 3111 3325 3181 angeli
3365 3110 3459 3165 Dei
3506 3123 3608 3164 non
3635 3107 3781 3177 quasi

2215 3205 2424 3260 nesciat
2463 3205 2508 3259 is
2538 3205 2627 3273 qui
2684 3205 2866 3259 omnia
2908 3204 3059 3259 novit
3086 3214 3390 3273 antequam
3430 3204 3582 3265 ﬁant,
3614 3200 3703 3255 sed
3730 3209 3782 3252 ut

2216 3309 2379 3352 testes
2404 3295 2710 3351 efﬁciantur
2734 3296 3046 3351 sanctitatis
3069 3306 3232 3364 atque
3258 3293 3776 3365 pietatisjustorum.

2215 3390 2414 3444 lterum
2448 3400 2702 3457 tanquam
2731 3387 2986 3443 deﬂentes
3023 3389 3365 3457 impietates,
3393 3398 3557 3456 atque
3582 3383 3775 3450 injusti-

2217 3483 2317 3536 tias
2372 3481 2725 3551 iujustorum,
2788 3489 2883 3533 aut
2936 3480 3101 3534 etiam
3160 3480 3340 3549 ipsius
3385 3477 3609 3534 diaboli.
3668 3474 3779 3528 Harc

2216 3587 2453 3643 namque
2511 3573 2890 3626 demonstrans
2935 3580 3099 3639 atque
3146 3572 3474 3639 signiﬁcans
3532 3567 3778 3622 Dominus

2215 3668 2351 3721 dicit
2384 3667 2449 3721 de
2491 3665 2597 3720 illis
2629 3664 2786 3718 bonis
2812 3666 2983 3719 servis
3014 3665 3141 3733 (hoc
3168 3673 3250 3718 est
3280 3665 3350 3718 de
3377 3659 3640 3732 angelis):
3680 3655 3770 3709 Ve-

2217 3762 2411 3814 nientes
2453 3769 2627 3812 autent
2662 3756 3038 3810 nuntiaverunt
3066 3757 3280 3810 domino
3327 3773 3428 3810 suo
3467 3753 3641 3807 omnia
3670 3762 3777 3820 qui:

2215 3854 2360 3923 facta
2383 3853 2591 3921 fuerant
2624 3850 2715 3907 η’.

2289 3947 2379 4000 Sic
2426 3946 2610 4015 itaque
2648 3946 2958 4001 omnimode
3000 3953 3278 3998 ostensum
3314 3953 3422 4007 est,
3452 3949 3509 3997 et
3534 3955 3630 4011 per
3656 3951 3776 3991 san-

2217 4050 2427 4095 ctorum
2478 4041 2664 4105 verba,
2717 4047 2881 4109 atque
2923 4038 3202 4101 historias,
3229 4045 3285 4090 et
3334 4050 3434 4104 per
3479 4031 3772 4102 angelorum

2218 4134 2382 4195 dicta,
2408 4132 2535 4201 quia
2581 4147 2689 4185 non
2731 4146 2965 4201 persona
2989 4145 3084 4183 sua
3117 4128 3204 4181 illa
3233 4142 3399 4191 sazva,
3432 4122 3653 4186 crudeli,
3686 4120 3776 4174 ob-

2218 4240 2403 4289 scena,
2460 4233 2622 4293 atque
2676 4221 3023 4282 exsecrabili,
3058 4221 3344 4276 tenebrosa
3378 4230 3593 4289 quoque
3618 4222 3773 4280 atque

2219 4316 2587 4379 abominabili,
2633 4315 2846 4370 venerit
2893 4314 3141 4367 diabolus
3193 4312 3247 4365 in
3289 4317 3586 4380 conspectu
3610 4302 3771 4359 sancti

2218 4422 2283 4463 ac
2311 4407 2529 4478 gloriosi
2561 4408 2678 4471 Dei,
2714 4409 2808 4462 sed
2848 4405 3101 4474 nequitiae
3136 4405 3490 4468 revelatione,
3524 4400 3615 4457 sed
3647 4400 3771 4451 livo-

540 4499 628 4553 nis
653 4497 1001 4565 corruptione
1033 4509 1197 4565 super
1224 4505 1424 4550 terram
1453 4496 1796 4551 circumdati.
1825 4495 1976 4562 Quod
2007 4511 2108 4549 au-
2140 4514 2186 4569 D
2221 4501 2296 4555 ris
2321 4510 2485 4569 atque
2513 4498 2731 4554 invidia:
2774 4498 3189 4569 approbatione,
3222 4507 3277 4551 et
3308 4495 3588 4567 injustitia:
3612 4491 3772 4545 increo

544 4600 652 4645 tem
686 4589 760 4643 ita
790 4590 883 4653 sit,
916 4598 1116 4642 norunt
1147 4589 1180 4642 ii
1211 4589 1302 4657 qui
1346 4589 1545 4642 sinceri
1592 4600 1721 4642 sunt
1748 4589 1891 4643 circa
1920 4588 2113 4651 Deum,

542 4682 621 4739 illi
650 4682 743 4751 qui
773 4680 972 4735 animis
994 4681 1106 4735 suis
1131 4681 1197 4734 ad
1224 4679 1660 4750 incorruptibilia
1696 4690 1859 4748 atque
1892 4678 2109 4734 excelsa

542 4789 760 4845 semper
785 4774 1090 4828 intendunt.
1110 4772 1202 4827 Sic
1234 4773 1446 4828 locutus
1476 4781 1559 4827 est
1583 4775 1650 4826 ad
1680 4772 1849 4826 Deum
1879 4770 2113 4841 Moyses,

543 4869 765 4938 quando
800 4866 1077 4937 respondit
1108 4865 1185 4919 illi
1211 4866 1352 4919 Deus
1378 4866 1566 4920 dicens
1595 4882 1610 4919 :
1643 4862 1783 4930 Quid
1824 4864 2022 4917 clamas
2046 4864 2114 4915 ad

542 4976 625 5014 me
645 4959 729 5014 "?
758 4960 851 5015 Sic
885 4957 1035 5014 stetit
1062 4967 1188 5012 ante
1231 4957 1400 5011 Deum
1432 4956 1580 5011 Elias
1604 4971 1724 5010 cum
1757 4957 1981 5020 diceret,
2022 4953 2113 5007 Vi—

545 5056 619 5108 vit
649 5052 906 5107 Dominus
941 5052 1027 5104 cui
1058 5060 1174 5104 asto
1217 5050 1271 5102 in
1318 5059 1596 5117 conspectu
1636 5047 1751 5117 ejus
1772 5048 1841 5103 ⁸³.
1892 5047 1959 5101 Ει
2021 5046 2111 5100 alii

545 5143 975 5199 innumerabiles
1029 5142 1392 5197 ostenduntur
1449 5155 1514 5194 ex
1570 5140 1885 5208 Scripturis,
1932 5145 1987 5193 et
2044 5139 2112 5192 ad

545 5238 715 5293 Deum
768 5236 934 5292 locuti
982 5236 1174 5298 fuisse,
1202 5243 1256 5289 et
1289 5250 1317 5287 a
1346 5232 1543 5288 saeculo
1566 5234 1803 5297 audisse,
1827 5244 1882 5287 et
1913 5232 2109 5287 identi-

548 5331 671 5385 dem
691 5328 803 5384 Deo
836 5329 1200 5392 resoondisse,
1230 5342 1336 5381 non
1359 5339 1592 5396 corpore
1614 5335 1792 5380 tamen
1829 5326 1882 5380 in
1913 5324 2115 5380 ccelum

547 5422 607 5477 in
661 5429 958 5490 conspectu
996 5421 1091 5476 Dei
1137 5419 1475 5483 ascendisse,
1509 5418 1603 5472 sed
1649 5417 1875 5488 spiritali
1924 5416 2118 5470 animae

552 5512 866 5569 sinceritate
901 5522 1028 5567 ante
1052 5512 1221 5567 Deum
1250 5511 1481 5574 venisse.
1509 5509 1669 5565 Tales
1702 5510 1921 5565 fuerunt
1944 5509 2019 5564 illi
2052 5510 2119 5564 ad

554 5620 687 5675 quos
720 5606 849 5660 dicit
888 5606 1178 5675 Apostolus
1193 5606 1238 5638 ⁸⁸
1268 5626 1282 5661 :
1322 5604 1421 5660 Vos
1451 5621 1553 5659 non
1582 5604 1708 5658 estis
1739 5604 1795 5655 in
1816 5618 1994 5667 carne,
2030 5602 2120 5656 sed

622 5702 668 5732 ³³
697 5702 864 5758 Exod.
904 5719 1018 5774 Juv,
1055 5703 1141 5757 15,
1226 5697 1520 5774 ⁸³111Βθε.
1545 5715 1711 5774 Δξγμι,
1743 5701 1832 5753 15.
1902 5698 1957 5774 ff
1985 5699 2119 5755 Rom

559 5788 654 5836 xu,
692 5774 778 5829 12.
855 5776 921 5806 ⁸⁸·
975 5773 1163 5827 Matth.
1198 5786 1352 5841 xvnt,
1380 5768 1496 5827 3l.'
1540 5771 1582 5805 ⁸⁷
1612 5769 1720 5826 Jer.
1756 5785 1867 5837 xiv,
1896 5768 1983 5822 10.

2128 5736 2142 5753 .
2175 5713 2293 5765 vui,
2321 5700 2377 5755 9.
2450 5699 2496 5732 ⁸⁸
2522 5697 2759 5771 Philipp.
2796 5712 2881 5768 tu,
2902 5695 2994 5753 20.

2219 4591 2455 4661 patione,
2486 4590 2794 4657 iniquarum
2823 4587 3177 4669 nihilominus
3199 4596 3253 4641 et
3276 4584 3768 4656 malignissimarum

2218 4684 2605 4755 cogitationum
2644 4668 3089 4738 manilestatione
3124 4690 3286 4751 atque
3310 4668 3769 4735 commemoratio-

2220 4792 2308 4832 ne.
2343 4773 2545 4830 Horum
2583 4777 2793 4832 scilicet
2840 4779 3081 4832 omnium
3136 4771 3583 4831 commemoratio
3620 4772 3770 4831 atque

2221 4867 2481 4923 memoria
2509 4869 2656 4921 venit
2694 4869 2747 4923 in
2797 4880 3088 4938 conspectu
3122 4869 3239 4925 Dei.
3274 4870 3366 4924 Sic
3392 4874 3618 4932 namque
3648 4854 3770 4910 dicit

2220 4970 2344 5033 post
2373 4961 2488 5017 haec
2515 4979 2528 5015 :
2554 4960 2709 5015 Nunc
2763 4962 3079 5015 recordabar
3132 4962 3458 5030 impietatum
3497 4965 3687 5011 eorum.
3721 4950 3767 4997 ει

2218 5054 2491 5108 vindicabo
2517 5063 2732 5121 peccata
2766 5053 2979 5106 illorum
3015 5053 3082 5119 ⁸⁷,
3105 5067 3212 5106 non
3240 5052 3393 5121 quasi
3420 5047 3612 5104 oblitus
3635 5049 3766 5093 nunc

2219 5147 2560 5209 recordetur,
2614 5144 2709 5198 sed
2753 5142 2877 5211 quia
2930 5158 3073 5198 nunc
3104 5144 3379 5197 vindicare
3402 5130 3764 5209 justejudica—

2220 5235 2384 5289 verit.
2442 5235 2604 5290 Juxta
2652 5235 2755 5289 hoc
2807 5234 2980 5302 ipsum
3017 5233 3322 5302 exemplum
3381 5240 3521 5284 nunc
3570 5218 3761 5274 venisse

2224 5326 2425 5382 dicitur
2465 5327 2519 5380 in
2564 5333 2859 5393 conspectu
2908 5323 3006 5379 Dei
3053 5325 3326 5391 diabolus,
3360 5336 3461 5377 non
3506 5312 3640 5386 quod
3673 5320 3760 5361 ne-

2224 5420 2519 5491 quissimus
2574 5416 2662 5472 ille
2702 5417 2912 5471 venerit
2947 5417 3003 5472 in
3048 5426 3343 5487 conspectu
3391 5398 3761 5491 boniDei,sed

2225 5511 2381 5581 quasi
2443 5509 2803 5579 cogitationes
2854 5507 2972 5576 ejus
3032 5507 3277 5563 crudeles
3327 5521 3392 5562 ac
3448 5490 3767 5585 nequissimae

2225 5602 2475 5656 venerint
2518 5601 2574 5656 in
2626 5601 2946 5654 memoriam
2993 5600 3047 5654 in
3094 5606 3381 5666 conspectu
3418 5589 3529 5647 Dei.
3563 5583 3672 5638 llaec
3695 5583 3767 5628 ni-

3072 5693 3137 5728 w
3166 5696 3286 5750 Act.
3317 5710 3371 5765 κ,
3397 5688 3491 5747 5t.
3570 5681 3612 5714 ιι
3644 5674 3761 5730 τοι).
