3992 6312
260 275 379 332 405

1408 281 1782 341 ANONYMUS
1816 283 1883 337 IN
1920 282 2060 341 JOB.
2099 315 2166 326 —
2202 284 2328 340 LIB.
2364 284 2404 340 l.

3417 277 3520 332 406

258 393 484 450 mirum
520 394 903 450 demonstrans
937 394 990 448 in
1024 396 1126 449 hac
1166 394 1447 466 Scriptura
1484 398 1730 466 personis
1757 398 1863 453 uti-
1888 403 1937 460 Λ
1966 400 2053 454 tiae
2083 400 2220 470 ejus,
2250 412 2414 467 atque
2458 396 2808 464 correptione
2850 396 3126 465 injustitia:
3175 394 3337 450 illius.
3382 392 3521 449 Nam

261 493 382 550 utr,
424 495 490 541 et
537 502 918 556 nonnunquam
968 500 1035 540 ex
1088 487 1316 541 adverso
1359 487 1461 541 sibi
1498 488 1729 543 invicem
1764 504 1858 545 eas

260 586 532 633 statuens
588 579 764 633 dicit:
812 576 1072 632 Venerunt
1136 577 1313 646 angeli
1368 586 1427 631 ut
1479 589 1679 632 starent
1733 589 1857 634 ante

256 668 474 734 Deum,
502 681 549 724 et
582 669 823 725 diabolus
866 670 1006 724 venit
1038 686 1156 723 cum
1181 670 1291 722 illis
1333 681 1388 723 ut
1419 680 1579 725 staret
1604 672 1714 737 ipse
1737 682 1859 728 ante

254 760 446 815 Deum
464 762 561 820 ⁸⁷⁸.
603 761 726 816 Haec
751 770 930 816 autem
955 760 1024 815 ob
1063 761 1164 815 hoc
1190 760 1324 815 dicit
1352 769 1409 814 ut
1432 760 1630 815 diaboli
1664 760 1859 831 iniqui-

255 864 440 909 tatem
486 856 854 923 redargueret,
887 861 942 907 et
971 850 1074 907 Job
1134 850 1475 906 tolerantiam
1522 853 1853 918 ostenderet,

252 956 315 999 et
368 944 485 1001 Dei
524 946 792 1012 justitiam
831 946 1234 1000 demonstraret
1270 959 1286 995 :
1326 940 1605 1008 Venerunt,
1654 945 1852 1015 inquit,

251 1039 447 1105 angeli
494 1038 589 1092 Dei
627 1047 681 1090 ut
727 1045 927 1090 starent
967 1046 1091 1089 ante
1125 1032 1314 1087 Deum.
1353 1031 1631 1089 Venerunt
1674 1044 1857 1104 utpote

253 1129 463 1197 sancti,
514 1144 580 1184 ac
636 1128 882 1199 gloriosi,
943 1136 1128 1197 utpote
1172 1127 1517 1182 sanctissime
1569 1127 1664 1182 Dei
1715 1126 1855 1183 facie

258 1220 416 1289 digni
459 1220 654 1275 habiti.
701 1219 979 1276 Venerunt
1024 1217 1200 1287 angeli
1236 1230 1547 1273 sanctorum
1576 1219 1853 1278 sanctitati

265 1314 553 1376 ittestari,
586 1311 859 1381 justorum
909 1311 1155 1367 diversas
1201 1326 1264 1365 ac
1305 1312 1483 1367 varias
1516 1313 1766 1380 virtutes,
1799 1321 1853 1367 et

252 1419 468 1457 coram
501 1403 610 1458 Deo
633 1403 1049 1457 demonstrare:
1084 1401 1475 1459 Melchisedech
1506 1405 1613 1459 Deo
1636 1407 1852 1473 dignum

257 1498 662 1550 sacerdotium
717 1511 732 1550 :
785 1495 1017 1548 Abraha:
1067 1493 1397 1550 immobilem
1464 1497 1645 1560 fidem,
1707 1498 1855 1551 Isaac

252 1600 449 1639 unum
492 1585 828 1655 conjugium,
866 1583 1029 1638 Israel
1076 1585 1258 1639 cordis
1308 1586 1625 1655 puritatem,
1655 1586 1854 1656 .loseplt

252 1678 625 1742 castitatem,
655 1676 822 1746 Moysi
854 1675 1343 1742 mansuetudinem,
1363 1676 1632 1745 justitiam
1656 1679 1760 1735 Job
1791 1695 1855 1734 ac

255 1766 364 1822 Dei
403 1768 697 1822 culturam.
735 1765 861 1820 lstis
901 1779 1131 1833 namque
1165 1768 1497 1835 temporibus
1522 1776 1640 1821 erat
1665 1770 1852 1823 beatus

249 1858 399 1916 Job.
437 1859 542 1915 Ista
570 1859 752 1928 itaque
786 1857 1051 1922 conﬁteri,
1081 1872 1145 1912 ac
1185 1859 1451 1928 profiteri,
1475 1869 1638 1929 atque
1666 1861 1853 1914 testiﬁ-

257 1950 426 2013 cari,
457 1960 533 2013 et,
565 1958 625 2003 ut
659 1948 731 2001 ita
763 1946 962 2008 dicam,
992 1946 1057 2000 de
1102 1946 1218 2001 istis
1265 1946 1483 2017 gloriari
1527 1963 1711 2003 coram
1748 1950 1855 2005 Deo

259 2046 559 2093 venerunt
604 2034 775 2090 sancti
828 2034 1024 2102 angeli.
1083 2032 1173 2090 Sic
1229 2044 1284 2091 et
1328 2052 1472 2091 nunc
1501 2048 1554 2091 et
1591 2054 1763 2109 usque
1799 2042 1854 2094 in

258 2127 455 2183 ﬁnem
484 2127 669 2182 sa.qu
696 2127 939 2189 venient,
970 2126 1125 2181 unius
1162 2126 1369 2197 jejunio
1411 2143 1517 2182 non
1551 2129 1702 2197 ficto,
1729 2130 1858 2187 alte-

258 2219 406 2274 rius
438 2216 683 2272 sollicitis
717 2216 1075 2282 orationibus,
1104 2216 1336 2272 alterius
1378 2233 1527 2287 purac
1582 2220 1855 2289 pteniten~

264 2309 378 2362 tiae
408 2318 569 2377 atque
603 2324 706 2363 nou
742 2305 1006 2362 simulalze
1029 2307 1193 2373 bono,
1224 2308 1450 2363 alterius
1468 2294 1856 2368 sincerissimis

260 2398 668 2469 eleemosynis,
702 2405 755 2453 et
787 2412 1086 2467 pauperum
1118 2397 1494 2469 largitatibus,
1529 2417 1592 2456 ac
1622 2404 1853 2458 misera-

265 2489 531 2543 tionibus
556 2488 952 2544 instantissime
981 2490 1035 2544 in
1062 2501 1355 2561 conspectu
1381 2490 1476 2547 Dei
1503 2501 1853 2552 attestantes.

259 2582 383 2636 Pro
455 2580 541 2636 his
603 2581 819 2649 inquam
874 2583 1124 2637 omnibus
1180 2591 1481 2649 venerunt,
1537 2593 1593 2640 et
1640 2568 1856 2643 venient

263 2671 457 2741 angeli
517 2681 640 2726 ante
687 2672 875 2739 Deum,
917 2686 972 2728 et
1021 2674 1268 2730 diabolus
1304 2675 1451 2729 venit
1481 2691 1600 2730 cum
1654 2677 1764 2734 illis
1799 2689 1857 2733 ut

261 2773 593 2830 accusaret,
649 2770 706 2817 ut
780 2765 1126 2830 detraheret,
1175 2777 1234 2822 ut
1295 2769 1747 2839 reprehenderet,
1801 2779 1859 2826 ut

261 2856 562 2910 mendacio
604 2854 908 2921 simularet,
934 2867 991 2912 ut
1028 2869 1268 2924 vexaret,
1307 2871 1366 2914 ut
1393 2860 1727 2917 luctaretur:
1763 2878 1856 2919 ve-

261 2947 350 3000 nit
388 2956 443 3003 et
463 2961 603 3002 nunc
643 2956 700 3001 ut
742 2948 1009 3018 luctetur,
1042 2959 1101 3004 ut
1151 2951 1398 3019 tribulet,
1427 2963 1484 3006 ut
1530 2955 1867 3021 perseeutio-

1884 1737 1927 1793 Β

1960 491 2006 546 si
2039 492 2125 546 hic
2156 506 2319 559 super
2357 500 2557 545 terram
2585 505 2746 545 nemo
2771 489 2836 545 de
2864 490 3007 543 veris
3038 504 3102 543 ac
3128 487 3290 558 justis
3311 486 3520 556 princi-

1958 579 2116 648 pibus
2162 588 2325 648 atque
2364 578 2662 648 iudicibus,
2710 578 3032 644 homicidas,
3081 588 3174 633 aut
3226 576 3371 633 fures
3428 584 3522 630 aut

1957 670 2121 724 etiam
2174 668 2506 725 facinorosos
2537 669 2776 724 latrones
2807 669 3135 723 confabulari
3181 682 3387 735 secum,
3435 666 3523 722 vel

1958 763 2230 818 consiliari
2280 762 2437 829 facit,
2476 776 2544 816 ne
2584 760 2779 816 similis
2821 760 2929 815 illis
2962 760 3233 830 judicet’ur
3265 776 3281 817 :
3313 766 3521 828 quanto

1958 855 2132 924 magis
2162 854 2343 922 justus
2367 864 2423 908 et
2448 868 2611 909 verus
2632 860 2794 921 atque
2827 852 3086 907 terribilis
3112 850 3269 916 Deus,
3294 850 3518 920 impium

1958 945 2106 1000 illum
2161 945 2451 1012 latronem.
2504 955 2669 1015 atque
2716 943 3045 999 homicidam
3107 941 3376 998 diabolum
3419 957 3522 1011 pro

1955 1038 2225 1108 colloquio
2276 1053 2376 1093 suo
2422 1045 2550 1091 ante
2597 1035 2891 1106 gloriosam
2940 1035 3088 1089 illam
3138 1048 3289 1089 suam
3322 1034 3518 1088 faciem

1956 1145 2230 1199 nunquam
2263 1130 2451 1184 venire
2477 1128 2765 1198 permittit,
2791 1141 2965 1196 neque
2998 1126 3099 1183 hoc
3138 1124 3524 1194 amplectitur?

1956 1222 2010 1276 Si
2040 1222 2184 1292 enim
2220 1236 2342 1276 cum
2371 1221 2439 1276 ad
2481 1230 2654 1275 terras
2683 1220 2892 1275 veniret
2919 1220 2971 1273 in
3004 1232 3231 1288 corpore
3257 1217 3522 1287 Unigenic

1958 1323 2060 1376 tus,
2100 1312 2250 1383 loqui
2292 1327 2415 1367 eum
2457 1327 2641 1367 coram
2693 1325 2751 1366 se
2797 1326 2903 1365 non
2948 1310 3221 1379 permisit,
3259 1309 3354 1366 sed
3400 1324 3520 1366 cum

1956 1402 2326 1473 increpatione
2378 1402 2514 1457 dixit
2567 1403 2634 1456 ad
2671 1417 2792 1458 eum
2820 1418 2833 1454 :
2864 1400 3182 1457 Conticesce
3232 1409 3289 1456 et
3330 1400 3522 1457 obmu-

1958 1504 2101 1548 tesce
2137 1494 2448 1562 :quomodo
2498 1494 2550 1547 in
2606 1502 2831 1563 aspectu
2882 1491 3069 1563 gloria:
3116 1507 3228 1546 sua:
3292 1490 3523 1547 Deitatis

1956 1583 2191 1652 colloqui
2235 1598 2359 1640 cum
2406 1583 2643 1653 maligno
2683 1591 2886 1638 statuat
2937 1580 3175 1647 diabolo,
3215 1596 3340 1636 cum
3393 1581 3533 1639 dicit

1957 1675 2024 1729 ad
2069 1691 2194 1732 euzzt
2229 1685 2283 1729 et
2332 1675 2655 1743 respondet,.
2687 1681 2741 1727 et
2780 1688 3097 1743 responsum
3141 1672 3331 1727 audire.
3364 1672 3430 1727 ab
3459 1687 3526 1727 eo

1957 1768 2184 1834 patitur,
2210 1768 2293 1823 vel
2319 1767 2607 1838 dignatur?
2631 1764 2737 1820 Sed
2765 1766 2903 1837 dixit
2933 1764 2999 1819 ad
3027 1764 3300 1819 diabolum
3339 1764 3524 1819 occul-

1958 1868 2009 1912 ta
2058 1858 2448 1926 increpatione,
2486 1865 2653 1925 atque
2717 1854 3091 1909 confutatione
3135 1855 3363 1910 occulta:
3404 1853 3523 1922 ejus

1957 1950 2336 2021 malignitatis,
2378 1958 2434 2003 et
2471 1948 2596 2014 zeli,
2650 1958 2815 2016 atque
2857 1948 3107 2016 pessima:
3145 1947 3532 2018 cogitationis..

1956 2040 2089 2097 Nam
2120 2050 2169 2097 ct
2204 2055 2344 2111 saepe
2376 2040 2656 2109 Scriptura
2686 2054 2749 2093 ea
2778 2054 2895 2108 quat
2935 2054 3043 2093 non
3089 2039 3276 2095 dicunt
3313 2038 3532 2093 dixisse-

1956 2135 2109 2198 dicit,
2154 2141 2211 2187 et
2262 2147 2323 2185 ea
2365 2146 2483 2200 qua;
2527 2144 2633 2184 non
2683 2129 2914 2183 audiunt
2956 2129 3195 2197 audisse,
3225 2138 3278 2184 et
3307 2143 3369 2183 ea
3401 2143 3527 2197 qua:

1956 2241 2062 2280 non
2102 2223 2407 2292 intelligunt
2439 2237 2537 2276 nec
2562 2221 2751 2274 vivunt
2789 2219 3135 2274 infremuisse
3168 2236 3181 2273 :
3215 2220 3357 2274 sicut
3396 2235 3519 2274 cum

1956 2316 2116 2370 dicit:
2137 2316 2285 2369 Dixit
2304 2314 2644 2376 mare,virtus
2659 2322 2831 2367 autem
2852 2312 3015 2364 maris
3036 2312 3199 2364 dixit:
3219 2309 3521 2375 aut,Terra.

1955 2407 2082 2460 audi
2105 2408 2311 2461 verbum
2343 2406 2575 2472 Domini,
2608 2405 2710 2469 vel,
2732 2402 3017 2473 Infremuit
3034 2412 3172 2456 terra
3194 2417 3347 2470 super
3366 2401 3519 2454 inha-

1956 2501 2183 2554 bitantes
2219 2500 2271 2552 in
2293 2497 2435 2551 ea".
2476 2496 2821 2551 Manifestum
2872 2508 3108 2562 namque
3156 2501 3238 2547 est
3272 2492 3397 2562 quia
3431 2506 3531 2545 ne-.

1957 2604 2060 2657 que
2111 2602 2279 2653 mare,
2324 2600 2497 2657 neque
2534 2585 2709 2639 virtus
2759 2585 2945 2653 maris,
2988 2586 3091 2639 hoc
3136 2593 3218 2637 est
3238 2580 3536 2647 ﬂuctuum,

1958 2680 2248 2751 aliquando
2283 2679 2440 2743 dixit,
2474 2676 2555 2732 vel
2585 2677 2762 2732 locuta
2785 2686 2890 2743 est,
2916 2691 3091 2744 neque
3113 2686 3254 2729 terra
3277 2674 3525 2744 aliquan-

1958 2775 2028 2829 do
2057 2772 2286 2836 audivit,
2318 2784 2492 2839 neque
2537 2768 2838 2822 infremuit.
2872 2766 2987 2821 Non
3017 2766 3160 2820 enim
3193 2764 3325 2819 dicit
3351 2778 3527 2835 neque

1961 2864 2090 2919 vivit
2111 2874 2274 2930 terra,
2303 2878 2421 2917 cum
2441 2862 2510 2915 sit
2529 2860 2842 2922 inanimata,
2864 2858 2957 2913 sed
2980 2872 3097 2913 mos
3121 2866 3203 2912 est
3226 2854 3541 2927 Scriptura-i

1960 2973 2104 3023 rum,
2130 2957 2204 3011 ita
2239 2956 2307 3011 de
2341 2952 2758 3024 quamplurimis
2779 2951 2983 3007 dicere.
3015 2951 3105 3005 Sic
3138 2962 3373 3018 namque
3401 2947 3528 3001 illud

262 3055 443 3104 nem,
488 3050 542 3095 et
576 3040 988 3107 tribulationcs,
1042 3052 1203 3112 atque
1256 3044 1553 3113 angustias,
1596 3054 1649 3101 et
1690 3047 1858 3103 mole-
1888 3077 1932 3134 α
1967 3050 2096 3106 dicit
2136 3048 2440 3119 Scriptura,
2488 3045 2629 3116 quod
2680 3044 2823 3099 Deus
2858 3044 2923 3098 ad
2959 3054 3139 3098 cetum
3194 3041 3527 3109 loqueretur,

262 3133 415 3186 stias
456 3131 657 3187 sanctis
698 3147 760 3186 ac
799 3132 958 3199 justis
994 3132 1209 3189 excitet.
1242 3133 1321 3189 0b
1354 3135 1453 3189 hoc
1486 3151 1613 3208 ergo
1646 3141 1860 3197 venisse

261 3221 481 3276 dicitur
529 3230 784 3292 tanquam
843 3222 1060 3293 angelus
1093 3226 1304 3289 mortis,
1343 3235 1592 3297 tanquam
1641 3236 1861 3301 angelus

260 3325 467 3381 pinnas
509 3313 781 3381 irrogans,
813 3326 974 3383 atque
1004 3328 1347 3385 exspectans,
1382 3321 1597 3386 quando
1647 3322 1719 3375 illi
1768 3325 1857 3391 qui

265 3421 437 3476 paena
477 3407 621 3478 digni
668 3417 793 3461 sunt
819 3408 867 3461 ei
905 3409 1203 3474 tradantur,
1249 3418 1301 3464 et
1336 3410 1657 3481 deputentur
1690 3429 1862 3483 paena:

267 3506 443 3568 atque
502 3497 827 3566 perditioni,
871 3498 1012 3553 sicut
1048 3498 1138 3554 ille
1185 3501 1248 3556 de
1297 3515 1406 3570 quo
1453 3502 1675 3557 dicitur:
1731 3504 1861 3558 Tra-

266 3591 400 3646 dere
468 3589 769 3659 Imjusmodi
838 3588 1054 3645 Salano:
1126 3592 1180 3645 in
1238 3593 1503 3648 interitum
1574 3599 1745 3653 carnis
1791 3599 1856 3665 ⁸⁸,

268 3684 421 3739 sicut
453 3685 614 3740 etiam
660 3687 737 3740 illi
787 3688 854 3741 de
888 3687 1084 3756 quibus
1128 3688 1330 3743 dictum
1376 3701 1460 3745 est
1501 3711 1513 3745 :
1555 3691 1696 3758 Quos
1744 3707 1857 3749 tra-

269 3777 391 3833 didi
452 3776 688 3843 Satanae,
724 3788 781 3832 ut
820 3780 1027 3833 discant
1086 3796 1188 3835 non
1235 3781 1589 3852 blaspltemare
1614 3786 1678 3840 ⁸³.
1728 3785 1857 3842 Om-

274 3884 377 3923 nes
421 3868 566 3924 enim
611 3868 924 3935 facinorosi,
977 3869 1245 3938 infideles,
1289 3871 1460 3941 impii,
1506 3873 1716 3943 injusti,
1764 3874 1854 3929 isti

275 3978 473 4017 omnes
504 3962 759 4033 malignis
796 3974 964 4033 atque
1000 3965 1255 4032 pessimis
1286 3966 1482 4020 diaboli
1510 3969 1715 4038 angelis
1749 3979 1854 4022 tra-

277 4053 485 4107 duntur
511 4068 576 4107 ac
605 4053 931 4123 deputantur
960 4053 1066 4109 illis
1094 4055 1162 4108 de
1190 4054 1391 4124 quibus
1423 4056 1625 4110 dicitur
1652 4075 1668 4114 :
1703 4056 1856 4111 Misit

276 4145 333 4197 in
363 4160 453 4198 eos
486 4145 625 4197 iram
684 4145 1090 4213 indignationis,
1118 4146 1465 4200 immissiones
1506 4163 1597 4216 per
1642 4149 1854 4218 angelos

282 4238 447 4292 malos
464 4238 546 4305 9°;
574 4238 680 4292 illis
714 4238 781 4293 de
805 4240 1002 4307 quibus
1024 4239 1225 4294 dicitur
1251 4239 1378 4293 alibi
1410 4255 1423 4291 :
1457 4239 1534 4293 De
1563 4241 1717 4295 domo
1739 4243 1853 4314 ejus

279 4330 544 4383 abstrahet
590 4346 706 4383 eum
741 4329 955 4399 angelus
994 4331 1197 4384 mortis.
1240 4330 1334 4385 Isti
1374 4346 1504 4401 ergo
1528 4334 1773 4399 veniunt,
1797 4343 1853 4389 et

283 4430 410 4475 tunc
441 4431 708 4474 venerunt
740 4420 1070 4489 temporibus
1100 4420 1223 4477 Job.
1250 4422 1355 4477 Sed
1394 4440 1498 4479 non
1539 4436 1671 4479 ante
1718 4425 1847 4481 bea-
1884 4448 1927 4503 υ

284 4521 392 4564 tam
424 4511 516 4566 Dei
545 4510 736 4565 faciem
768 4511 994 4566 veniunt
1020 4512 1094 4566 illi
1120 4512 1474 4579 damnabiles,
1503 4515 1596 4569 sed
1623 4516 1847 4571 consilia

285 4611 338 4656 et
368 4601 723 4672 cogitationes
747 4616 960 4669 eorum,
996 4602 1259 4658 desideria
1290 4620 1509 4678 quoque
1540 4622 1759 4673 eorum,
1798 4616 1853 4662 et

284 4693 640 4763 cogitationes
670 4694 916 4765 maligna:
944 4704 999 4748 et
1028 4697 1276 4765 pessima:
1296 4708 1459 4767 atque
1483 4700 1850 4768 nequissimze,

283 4793 337 4838 et
363 4785 589 4839 istarum
623 4787 881 4842 memoria
907 4785 1205 4841 olferturin
1226 4800 1523 4857 conspectu
1552 4791 1670 4857 Dei,
1697 4792 1851 4861 juxta

284 4881 464 4933 omnia
485 4895 605 4949 quae
635 4888 928 4933 memorata
954 4889 1118 4948 atque
1139 4889 1353 4933 ostensa
1374 4891 1519 4936 sunt.

357 4971 487 5026 Post
536 4971 650 5026 haec
697 4974 952 5027 universa
1002 4974 1268 5028 dicitzEt
1310 4976 1447 5028 dixit
1499 4975 1753 5028 Dominus
1783 4977 1853 5029 ad

286 5064 636 5120 diabolum”.
664 5062 799 5118 Nam
834 5065 975 5119 sicut
1008 5065 1260 5122 diabolus
1295 5082 1400 5121 non
1432 5082 1665 5137 persona
1702 5069 1855 5122 venit

274 5166 409 5236 ante
440 5156 634 5222 Deum,
666 5157 759 5211 sed
789 5157 1117 5226 cogitatione
1160 5169 1217 5215 et
1245 5158 1538 5223 desiderio,
1564 5169 1725 5229 atque
1742 5175 1847 5214 ue-

287 5248 477 5317 quitia,
506 5249 621 5304 sive
652 5248 1006 5305 meditatione
1035 5266 1048 5303 :
1077 5252 1148 5305 ita
1181 5260 1237 5305 et
1264 5252 1408 5305 Deus
1441 5266 1548 5305 non
1579 5266 1673 5306 ore
1702 5252 1851 5307 locu-

288 5349 372 5395 tus
416 5349 503 5396 est
528 5342 594 5395 ad
632 5341 931 5409 diabolum,
966 5357 1142 5410 neque
1176 5345 1403 5398 verbum
1444 5344 1676 5398 contulit
1724 5359 1849 5399 cum

288 5430 487 5502 iniquo,
507 5434 603 5489 sed
630 5435 844 5491 occulta
860 5444 1023 5504 atque
1046 5436 1228 5491 abdita
1258 5437 1638 5505 increpatione
1658 5438 1853 5508 nequi.-

1964 3152 2014 3199 et
2041 3142 2107 3196 ad
2138 3141 2497 3201 cucurbitam,
2529 3146 2583 3193 et
2613 3140 2680 3191 ad
2721 3152 2955 3192 vermem
2987 3133 3333 3195 matutinum,
3375 3139 3430 3183 et
3459 3128 3526 3181 ad

1965 3232 2214 3303 spiritum
2276 3228 2510 3283 incendii
2560 3229 3013 3288 comburentem,
3067 3224 3211 3278 sicut
3263 3219 3530 3289 scriptum

1962 3336 2046 3378 est
2073 3339 2086 3375 :
2117 3320 2185 3375 Et
2215 3322 2458 3390 prwcepit
2493 3319 2627 3372 Deus
2664 3319 2766 3372 ceti
2795 3332 2984 3385 magno
3025 3325 3077 3367 ut
3130 3312 3408 3382 deglutirel
3433 3308 3528 3363 Jo-

1963 3414 2164 3467 nam”.
2194 3412 2291 3467 Cui
2317 3412 2472 3475 dixit,
2507 3410 2589 3463 vel
2634 3409 2718 3463 cui
2751 3405 3028 3477 przecepit,
3067 3403 3151 3457 vel
3192 3417 3294 3471 qua
3343 3401 3531 3469 lingua

1963 3507 2027 3560 ad
2073 3513 2250 3560 cetum
2299 3503 2508 3559 locutus
2552 3501 2672 3557 est?
2706 3499 3017 3559 Hominum,
3064 3510 3131 3548 an
3171 3492 3529 3564 angelorum?

1962 3597 2094 3651 Nam
2125 3598 2304 3667 pisces
2349 3609 2525 3664 neque
2559 3594 2822 3663 linguam,
2852 3603 3027 3657 neque
3067 3603 3255 3641 vocem
3304 3585 3525 3641 habent.

1964 3688 2056 3745 Vel
2105 3689 2377 3759 quomodo
2426 3686 2627 3741 dicitur
2671 3683 2874 3737 dixisse
2910 3681 2976 3734 ad
3012 3678 3377 3746 cucurbitam,
3409 3693 3527 3747 qum

1961 3797 2061 3837 nec
2104 3780 2251 3835 ‘vivit
2311 3794 2412 3835 nec
2479 3776 2687 3847 spirat?
2736 3774 3017 3842 Quomodo
3070 3772 3381 3838 loqueretur
3447 3771 3527 3826 vel

1960 3874 2089 3944 quid
2130 3873 2316 3929 dicens
2361 3871 2682 3942 praeciperet
2728 3868 2940 3939 spiritui
2997 3864 3237 3922 incendii
3281 3864 3373 3941 qui
3426 3879 3533 3923 nec

1961 3968 2224 4031 auditum,
2275 3981 2374 4019 nec
2428 3962 2760 4018 intellectum
2816 3960 3019 4026 habet,
3080 3967 3141 4012 ut
3192 3958 3528 4025 incenderet,

1959 4072 2120 4131 atque
2175 4065 2483 4130 percuteret
2516 4056 2568 4109 in
2628 4053 2807 4124 capite
2856 4050 3045 4106 Jonas?
3085 4048 3346 4105 Universa
3379 4048 3523 4103 enim

1958 4154 2075 4209 haec
2136 4166 2259 4206 cum
2334 4165 2441 4205 non
2522 4147 2757 4203 habeant
2819 4144 3107 4201 scientiam
3163 4142 3525 4213 naturaliter,

1956 4253 2245 4301 vertuntur
2297 4254 2462 4311 atque
2515 4247 2801 4295 moventur
2847 4237 2953 4291 huc
3005 4242 3168 4305 atque
3210 4233 3334 4287 illuc
3365 4230 3529 4291 Crea-

1960 4338 2093 4393 toris
2119 4334 2427 4391 eﬂicientia.
2466 4333 2619 4387 Sicut
2652 4346 2783 4401 ergo
2822 4330 2942 4389 istis
2974 4328 3229 4384 omnibus
3264 4334 3320 4381 et
3354 4326 3526 4380 dixis-

1959 4444 2017 4484 se
2042 4469 2058 4495 ,
2096 4438 2150 4483 et
2189 4428 2399 4482 locutus
2455 4424 2623 4480 fuisse
2647 4463 2664 4491 ,
2713 4432 2767 4478 et
2805 4423 3149 4492 praecepisse,
3195 4427 3362 4488 atque
3407 4417 3527 4487 justo

1955 4521 2095 4574 sisse
2144 4518 2343 4574 dicitur
2378 4515 2519 4569 Deus
2560 4529 2667 4568 non
2710 4527 2843 4567 voce
2872 4514 3291 4581 dicens,.neque
3342 4510 3525 4586 lingua

1955 4613 2198 4681 loquens,
2230 4622 2404 4677 neque
2437 4607 2489 4660 in
2518 4615 2863 4676 conspectum
2888 4620 3044 4660 suum
3079 4607 3142 4659 ad
3168 4603 3405 4659 coelestia
3433 4616 3527 4656 eos

1958 4702 2267 4765 sublevans,
2298 4698 2390 4753 sed
2414 4696 2639 4753 occultae
2665 4712 2773 4752 suae
2800 4698 3126 4766 Operationis
3153 4697 3354 4751 virtute
3393 4710 3523 4749 ver-

1958 4805 2077 4849 tens
2108 4802 2166 4845 ut
2193 4787 2490 4844 necessitas
2516 4786 2602 4841 vel
2629 4787 2768 4843 ratio
2796 4788 3100 4863 poposcerit
3127 4802 3143 4839 :
3173 4787 3250 4841 sic
3275 4785 3525 4840 similiter

1956 4883 2109 4950 juxta
2142 4879 2445 4950 exemplum
2475 4878 2666 4932 horum
2695 4894 2812 4948 quae
2845 4889 3143 4934 memorata
3184 4885 3331 4944 sunt,
3358 4878 3521 4932 etiam

1961 4974 2185 5039 dixisse,
2216 4981 2271 5026 et
2296 4972 2507 5028 locutus
2536 4969 2721 5033 fuisse,
2748 4979 2802 5024 et
2833 4969 3066 5034 audisse,
3102 4978 3156 5024 et
3184 4968 3526 5038 respondisse

1960 5065 2175 5126 dicitur,
2222 5071 2276 5118 et
2314 5063 2365 5115 in
2394 5060 2736 5133 praesentiam
2766 5060 3098 5129 suscepisse,
3145 5073 3319 5128 neque
3367 5058 3529 5139 dictis

1959 5158 2249 5228 quidquam
2280 5156 2347 5210 ad
2371 5171 2495 5209 eum
2529 5155 2873 5227 (lc-promens,
2902 5167 3074 5221 neque
3101 5152 3276 5229 lingua
3307 5152 3370 5207 ad
3398 5167 3522 5205 eum

1959 5251 2207 5319 loquens,
2252 5263 2426 5317 neque
2473 5248 2538 5302 ad
2585 5247 2797 5302 excelsa
2834 5254 3022 5300 sancta
3074 5244 3127 5298 in
3175 5252 3519 5313 conspectum

1959 5361 2114 5402 suum
2159 5343 2547 5414 nequissimum
2580 5340 2850 5397 diabolum
2890 5337 3130 5402 elevans,
3167 5352 3288 5391 cum
3338 5335 3521 5390 occul—

1960 5448 2069 5494 tam
2103 5446 2263 5509 atque
2285 5435 2519 5492 abditam
2549 5433 2664 5502 ejus
2691 5432 2985 5501 nequitiam
3018 5430 3219 5499 detegit
3250 5444 3311 5482 ac
3342 5443 3523 5497 repre-

352 5593 418 5669 "f
442 5593 544 5650 Job
573 5610 613 5660 ι,
642 5595 697 5649 6.
773 5595 824 5669 ’ἦ
849 5596 1017 5669 l_tlor.
1053 5613 1104 5657 v.
1138 5598 1190 5652 5.
1268 5602 1313 5635 ⁸³
1341 5601 1359 5655 l
1383 5599 1524 5659 Tim.
1546 5617 1583 5669 ι,
1610 5600 1700 5657 20.
1776 5600 1856 5658 "l

1958 5602 1987 5657 l.
2022 5617 2230 5669 Lxxvu,
2261 5600 2346 5657 49.
2423 5601 2463 5633 θ’
2496 5597 2596 5655 Job
2628 5613 2669 5662 ι,
2692 5596 2808 5652 7."
2830 5591 3180 5664 Isa.1,2;Job
3205 5594 3517 5657 sxum”;

288 5660 423 5721 Psal.
458 5682 620 5732 Lxxv,
652 5670 705 5721 υ.
784 5667 830 5700 ⁸³
858 5665 976 5723 Jon.
1011 5669 1141 5734 ",1.
