3992 6312
422 266 523 323 607
1551 262 1933 319 ANONYMUS
1971 262 2023 317 11‘

2127 262 2217 319 )B.
2258 294 2324 303 —
2364 261 2496 318 LIB.
2538 263 2582 318 ι.
3609 252 3708 307 ιο8

420 383 636 447 hcndit,
664 393 826 454 atque
853 385 1054 441 revelat
1081 386 1353 440 omnibus.
1381 384 1510 450 Quae
1540 383 1697 439 nobis
1723 384 2005 439 evidenter
2032 388 2076 444 Α
2106 385 2368 439 abdicans
2418 399 2635 453 quoque
2669 392 2827 453 atque
2862 381 3234 452 redargucns,
3274 382 3333 428 et
3364 371 3711 442 iniqnitatem

423 478 664 534 ostendit
690 478 805 532 haec
830 494 973 534 nunc
997 493 1426 533 commemorans
1456 480 1736 548 Scriptura
1769 481 1955 533 dicens
1983 494 1998 530 :
2104 477 2219 545 ejus
2245 487 2411 547 atque
2456 477 2820 545 apostasiam,
2870 475 3297 545 malignumque
3329 466 3453 535 ejus
3487 464 3711 518 livorem

426 568 498 623 Et
533 570 663 623 dixit
702 569 958 624 Dominus
1005 572 1075 622 ad
1117 568 1433 625 diabolum:
1464 569 1615 626 Unde
1655 573 1796 626 venis
1850 571 2006 625 tu“?
2105 573 2253 626 circa
2283 569 2405 633 Job.
2458 580 2513 623 et
2564 571 2710 625 circa
2757 583 2950 624 omnes
2995 578 3233 622 sanctos
3296 561 3714 626 demonstrans,

427 661 496 716 Et
528 663 827 733 interrogat
861 663 947 717 ille
984 662 1072 729 qui
1115 663 1375 727 praescius
1401 673 1502 726 est,
1533 672 1695 732 atque
1728 666 2003 733 providus,
2106 665 2287 719 dixit:
2318 662 2466 719 Unde
2512 665 2655 719 venis
2703 664 2804 717 tu?
2842 663 2953 719 Non
2990 661 3135 717 dixit
3183 660 3298 714 hoc
3350 653 3420 709 ad
3474 652 3717 721 angelos,

429 756 820 824 nequissimum
846 752 1115 808 diabolum
1140 755 1282 808 umle
1311 756 1541 819 veniret,
1572 756 1717 809 illurn
1745 757 2004 827 injustum

428 846 696 918 refugam,
722 846 860 901 unde
893 858 1330 915 appropcrasset.
1361 848 1452 902 Sic
1480 848 1836 917 interrogavit
1874 851 2003 904 olim

427 940 622 1006 Adam,
651 938 755 994 Ubi
795 956 847 993 es
878 938 1049 991 Adam
1075 938 1183 992 '5'?
1221 939 1336 994 Non
1363 952 1425 995 ut
1455 941 1678 1006 inscius,
1706 942 1798 997 sed
1828 942 2008 997 sciens

430 1034 798 1101 praescienter,
826 1043 879 1086 et
912 1040 1037 1085 tunc
1070 1031 1135 1085 ad
1170 1032 1366 1095 Adam,
1402 1043 1454 1088 et
1488 1049 1631 1089 nunc
1664 1034 1731 1089 ad
1764 1034 1891 1089 Adae
1917 1049 2007 1088 se-

430 1126 731 1188 ductorem,
762 1125 855 1179 sed
882 1122 984 1178 Job
1016 1140 1118 1178 non
1157 1125 1590 1195 supplantautem
1620 1145 1633 1181 :
1672 1129 1737 1181 ad
1764 1142 1885 1181 eum
1914 1130 2006 1197 qui

428 1217 598 1273 Adam
652 1217 1029 1283 circumvenit,
1074 1221 1165 1273 sed
1201 1217 1302 1273 Job
1346 1234 1451 1272 non
1500 1221 1800 1289 superavit.
1870 1220 2009 1291 Ergo

429 1307 554 1375 quia
586 1307 636 1360 in
670 1316 904 1376 utroque
959 1308 1201 1375 ejusdem
1259 1308 1572 1378 nequissimi
1626 1309 1829 1364 malitia
1890 1310 2005 1374 fuit,

429 1400 624 1454 merito
670 1400 735 1453 ad
786 1408 1076 1470 utrumque
1110 1402 1300 1455 eodem
1337 1417 1467 1455 usus
1497 1410 1579 1455 est
1616 1404 1782 1457 verbo
1816 1420 1830 1455 :
1874 1403 2011 1456 dixit

430 1492 497 1545 ad
524 1490 693 1544 Adam
721 1491 871 1550 olim.
908 1489 1008 1545 Ubi
1041 1509 1094 1547 es
1125 1492 1339 1546 Adam?
1366 1490 1431 1545 ad
1479 1493 1751 1546 diabolum
1782 1504 1965 1562 pOSIea
1992 1512 2007 1546 :

432 1581 585 1637 Unde
608 1582 747 1636 venis
777 1584 869 1639 tu?
905 1581 1011 1637 Sed
1043 1599 1147 1636 non
1180 1593 1235 1636 ιιι
1261 1583 1464 1637 inscius
1492 1585 1842 1654 interrogavit
1868 1586 2011 1641 unde

428 1676 694 1739 venisset,
724 1675 862 1730 sicut
893 1690 991 1731 nec
1016 1677 1186 1730 Adam
1218 1675 1367 1742 olim,
1396 1676 1484 1731 ubi
1515 1687 1680 1743 esset,
1712 1679 1805 1732 sed
1831 1680 2012 1734 occul-

2109 772 2284 829 neque
2311 760 2376 812 ad
2407 769 2623 813 sanctas
2650 758 2897 820 virtutes,
2926 771 3030 811 non
3069 749 3469 820 interrogavit
3502 745 3718 816 specia-

2108 853 2187 907 les
2222 852 2499 906 miuistros
2536 851 2680 905 unde
2707 849 3003 915 venissent,
3035 849 3119 904 vel
3161 847 3321 901 unde
3358 842 3615 898 veniant.
3664 841 3719 896 ιιι

2059 1003 2064 1008 .
2110 945 2223 1014 ipso
2266 944 2412 998 enim
2461 950 2623 1013 atque
2672 942 2725 996 in
2773 942 2890 1013 ejus
2924 941 3236 1007 voluntate,
3288 937 3348 992 iu
3410 933 3722 989 visionibus

2108 1036 2225 1104 ejus
2277 1046 2438 1106 atque
2476 1035 2910 1092 ordinationibus
2953 1044 3008 1091 et
3055 1042 3198 1089 eunt
3250 1040 3313 1087 et
3364 1029 3621 1095 veniunt,
3670 1041 3727 1083 et

2111 1130 2289 1182 omnia
2326 1128 2616 1196 perficiunt
2648 1138 2813 1198 atque
2838 1128 3017 1182 omnia
3049 1123 3376 1194 adimplent
3400 1163 3416 1187 ,
3445 1131 3505 1176 ct
3530 1131 3723 1177 cuncta

2111 1208 2404 1272 secuudum
2452 1219 2569 1288 ejus
2617 1218 2949 1272 voluntatem
3003 1225 3344 1287 operantur,
3399 1213 3562 1284 juxta
3622 1213 3725 1267 hoc

2112 1314 2251 1383 quod
2298 1313 2498 1367 dictum
2539 1322 2623 1366 est
2655 1327 2671 1365 :
2708 1311 3007 1365 Benedicite
3040 1310 3370 1374 Dominum,
3410 1323 3594 1360 omnes
3627 1323 3723 1358 an-

2113 1407 2215 1475 geli
2243 1406 2374 1472 eius.
2410 1406 2639 1459 ministri
2664 1405 2800 1473 ejus,
2831 1404 2921 1475 qui
2942 1402 3121 1472 facitis
3147 1400 3503 1456 voluntatem
3523 1400 3639 1467 ejus
3657 1398 3721 1452 ".

2114 1500 2256 1568 Ergo
2292 1498 2415 1565 quia
2448 1498 2579 1553 tales
2602 1506 2728 1551 sunt
2759 1498 2932 1552 sancti
2961 1495 3162 1566 angeli,
3196 1503 3259 1548 et
3292 1491 3490 1546 taliter
3518 1491 3727 1545 faciunt

2115 1594 2449 1647 voluntatem
2476 1591 2593 1655 Dei,
2624 1590 2754 1645 etin
2785 1591 2900 1661 ipso
2925 1601 3076 1653 eunt,
3106 1597 3164 1643 et
3196 1587 3466 1647 veniunt,
3491 1594 3548 1639 et
3570 1594 3722 1639 extra

2117 1685 2290 1754 ipsum
2326 1699 2599 1752 nunquam
2638 1692 2785 1749 sunt,
2834 1681 3029 1735 merito
3075 1694 3212 1748 ergo
3247 1678 3381 1733 illos
3419 1691 3532 1730 non
3561 1676 3725 1729 inter-

433 1780 544 1823 tam
572 1776 737 1837 atque
759 1769 991 1822 abditam
1018 1770 1402 1839 cogitationem
1433 1771 1550 1838 ejus
1574 1771 1825 1841 detegere
1848 1783 2012 1840 atque
2042 1756 2085 1811 Β
2122 1786 2275 1847 rogat
2306 1777 2446 1831 unde
2498 1776 2722 1831 veniant
2748 1793 2760 1826 :
2799 1774 3092 1842 malignum
3131 1783 3330 1826 autem
3382 1767 3541 1823 illum
3583 1768 3724 1822 refu-

431 1862 710 1933 publicare
749 1861 934 1916 voluit.
980 1861 1193 1917 Latenti
1242 1864 1385 1918 enim
1432 1863 1604 1917 livore
1627 1863 1886 1919 adversus
1914 1862 2014 1919 Job

432 1956 802 2010 inflammatus
858 1964 959 2017 est,
1008 1953 1196 2009 latenti
1244 1955 1571 2026 cogitatione
1623 1955 1786 2009 Deum
1836 1971 2017 2025 repre-

433 2046 643 2112 hendit,
675 2048 827 2117 quasi
866 2046 961 2103 Job
992 2046 1390 2114 defendentem,
1420 2057 1475 2101 et
1500 2046 1897 2101 multitudinem
1926 2049 2014 2101 di-

432 2140 687 2196 vitiarum
715 2141 788 2195 illi
819 2141 1162 2195 continenter
1196 2140 1538 2211 largientem.
1585 2140 1730 2194 Dixit.
1782 2156 2017 2210 namque

437 2234 579 2287 intra
601 2235 947 2303 semetipsum
976 2232 1067 2288 :Si
1098 2233 1227 2288 mihi
1253 2243 1400 2289 tanta
1423 2235 1562 2289 bona
1588 2234 1827 2289 dedisset
1851 2248 2018 2303 super

438 2333 661 2391 terram,
712 2327 954 2396 profecto
998 2337 1053 2382 et
1088 2342 1189 2397 ego
1240 2326 1469 2382 colerem
1523 2325 1671 2380 illum
1719 2326 1773 2378 in
1830 2327 2016 2393 terris,

438 2418 579 2472 sicut
631 2417 751 2474 Job.
794 2419 947 2475 Nunc
986 2435 1114 2490 ergo
1149 2420 1272 2490 quis
1321 2418 1451 2472 mihi
1493 2418 1642 2473 dabit
1696 2428 1755 2472 ut
1816 2419 2017 2488 possim

437 2513 731 2567 ascendere
764 2529 886 2568 cum
933 2514 1142 2584 angelis
1171 2515 1226 2567 in
1257 2514 1477 2579 coelum,
1524 2522 1579 2566 et
1609 2523 1755 2567 stare
1794 2515 1845 2567 in
1887 2528 2014 2568 cono

437 2616 624 2676 specto
652 2605 748 2659 Dei
784 2606 838 2659 in
868 2606 1046 2661 medio
1084 2619 1296 2671 eorum,
1337 2612 1392 2658 et
1417 2614 1736 2673 potestatem
1769 2604 2019 2673 accipere

436 2713 470 2753 a
510 2699 618 2754 Deo
657 2699 900 2753 omnium
939 2699 1055 2769 ejus
1085 2697 1387 2753 bonorum?
1419 2695 1485 2751 Et
1513 2699 1857 2753 ostenderem
1893 2713 2017 2751 eum

440 2810 537 2849 sua
565 2796 702 2851 bona
733 2796 1052 2865 perdidisse,
1081 2797 1207 2866 quia
1234 2784 1454 2850 nonest
1480 2795 1685 2861 utilior,
1724 2813 1899 2866 neque
1928 2800 2020 2851 tir—

440 2887 581 2942 tnior
610 2886 713 2942 Job
735 2889 947 2943 caeteris
976 2889 1281 2943 hominibus
1308 2887 1595 2954 universis,
1620 2891 1743 2959 quia
1772 2906 1874 2943 non
1899 2905 2022 2959 pro-

439 2990 563 3049 pter
606 2981 950 3046 charitatem,
1006 2996 1180 3051 neque
1232 2982 1484 3051 pietatem
1530 2980 1628 3037 Job
1660 2983 1791 3037 colit
1826 2983 2018 3048 Deum,

442 3072 538 3127 sed
570 3084 792 3142 propter
824 3071 1066 3141 pecuniae
1113 3073 1511 3128 multitudinem
1562 3085 1728 3144 atque
1756 3076 2018 3129 bonorum
2048 3106 2091 3165 ο

442 3164 853 3219 abundantiam.
904 3166 1021 3219 Nisi
1074 3167 1219 3221 enim
1270 3181 1366 3233 pro
1415 3168 1606 3220 horum
1652 3167 2023 3222 blandimento

441 3258 674 3313 serviret
702 3260 832 3324 Deo,
860 3257 1101 3327 perfecto
1126 3275 1231 3312 non
1263 3267 1409 3314 esset
1439 3260 1629 3314 nzelior
1651 3261 1791 3314 Esau
1825 3262 2024 3316 tritavo

444 3363 562 3405 suo.
598 3347 755 3405 hunc
780 3365 912 3404 vero
946 3359 1199 3421 tanquam
1230 3350 1332 3406 flos
1369 3350 1585 3405 videtur
1606 3368 1673 3405 ex
1708 3353 1877 3422 spinis
1908 3354 2022 3406 ori-

443 3440 489 3493 ri
523 3436 625 3494 Job
657 3456 723 3494 ex
754 3441 1074 3509 posteritate
1105 3441 1247 3497 Esau
1289 3461 1301 3496 :
1346 3443 1441 3497 sed
1477 3443 1521 3497 si
1556 3444 1860 3498 denudetur
1890 3443 2027 3498 divi-

442 3533 556 3597 tiis,
589 3531 833 3601 profecto
869 3534 1127 3589 continuo
1158 3536 1522 3590 denudabitur
1571 3537 1735 3590 etiam
1782 3538 1876 3592 Dei
1913 3537 2027 3591 cul-

445 3634 604 3692 tura;
633 3625 678 3679 si
713 3624 991 3680 auferatur
1014 3627 1081 3681 ab
1111 3626 1201 3680 illo
1225 3628 1476 3697 pecunia,
1505 3626 1747 3696 profecto
1774 3644 1878 3682 non
1897 3628 2028 3683 olfe-

444 3727 529 3772 ret
560 3718 675 3789 ipse
705 3720 1003 3787 gratiarum
1025 3721 1271 3774 actiones
1299 3720 1430 3775 Deo.
1468 3720 1612 3792 Ergo
1638 3722 1761 3792 quia
1796 3723 1908 3777 lucc
1937 3738 2029 3776 co-

442 3811 637 3883 gitavit
665 3812 912 3866 diabolus
948 3827 1067 3865 cum
1104 3814 1359 3881 nequiter
1387 3814 1582 3869 invidit
1609 3814 1731 3880 Job,
1762 3822 1816 3870 et
1844 3815 2028 3869 illicite

446 3901 797 3970 reprehendit
831 3902 1022 3965 Deum,
1060 3901 1258 3968 injuste
1287 3903 1642 3958 nihilominus
1675 3914 1839 3972 atque
1889 3904 2030 3958 indi—

445 4008 551 4063 gue
586 3996 885 4061 ingressum
920 4008 1043 4049 cum
1073 3994 1280 4063 angelis
1305 3995 1623 4050 desiderans
1670 4007 1801 4049 ante
1837 3997 2027 4061 Deum,

448 4104 660 4144 necnon
706 4100 762 4143 et
786 4091 890 4144 hoc
916 4091 1059 4159 quod
1093 4090 1284 4145 illicite
1318 4088 1576 4144 deferens
1614 4088 1737 4156 Job,
1790 4092 2032 4160 pecuniae

448 4190 615 4250 atque
664 4181 899 4236 filiorum
945 4181 1063 4250 ejus
1102 4191 1428 4251 potestatem
1477 4181 1728 4250 accipere
1765 4191 2030 4247 cuperet,

448 4288 781 4348 acceptaque
829 4276 1008 4330 omnia
1063 4275 1245 4330 subito
1300 4274 1571 4345 perderet,
1605 4282 1661 4328 et
1695 4288 1816 4328 cum
1853 4273 2033 4343 perdi-

449 4375 641 4435 disset,
674 4379 769 4425 aut
802 4378 953 4425 certe
980 4367 1083 4423 Job
1114 4384 1143 4422 a
1173 4367 1284 4423 Deo
1322 4367 1684 4429 abstraheret,
1747 4374 1841 4419 aut
1864 4365 2029 4419 etiam

2120 1889 2240 1943 gam
2270 1882 2433 1941 atque
2465 1878 2765 1939 apostatam
2802 1870 3119 1936 interrogat,
3158 1877 3442 1936 tanquam
3468 1863 3728 1933 alienige-

2122 1979 2271 2025 nam.
2301 1973 2555 2032 tanquam
2581 1971 2852 2026 exterum,
2882 1968 3132 2028 tanquam
3159 1955 3588 2019 adversarium,
3612 1963 3727 2007 tan-

2119 2070 2280 2124 quam
2320 2054 2596 2107 inimicum
2646 2053 2886 2106 omnium
2923 2052 3218 2106 bonorum.
3258 2048 3431 2103 Hunc
3484 2060 3621 2113 ergo
3650 2042 3733 2098 in-

2124 2156 2409 2215 terrogans
2442 2143 2573 2199 dicit
2608 2142 2794 2198 :Unde
2831 2144 2970 2197 venis
3022 2143 3120 2196 tu?
3167 2142 3264 2196 Ab
3303 2135 3649 2198 homicidiis,
3699 2151 3727 2189 a

2120 2236 2494 2305 sanguinibus,
2539 2237 2607 2292 ab
2638 2235 2942 2300 adulteriis,
2982 2249 3012 2287 a
3058 2232 3259 2297 furtis,
3308 2247 3341 2286 a
3399 2228 3727 2291 mendaciis,

2126 2341 2382 2403 tauquam
2419 2328 2719 2393 homicida,
2755 2338 2810 2383 et
2841 2337 3094 2396 tanquam
3126 2324 3417 2381 mendacii
3456 2332 3638 2395 pater,
3673 2330 3727 2375 et

2123 2427 2316 2480 horum
2361 2432 2552 2479 auctor
2572 2430 2735 2490 atque
2769 2421 3020 2474 inventor
3051 2419 3341 2473 exsistens
3390 2430 3564 2486 super
3623 2424 3728 2467 ter-

2122 2533 2285 2573 ram:
2328 2514 2476 2570 Unde
2521 2514 2659 2568 venis
2702 2513 2797 2567 tu?
2833 2512 2912 2567 Ab
2961 2510 3351 2566 internecione
3384 2506 3546 2572 Abel,
3594 2522 3621 2559 a
3649 2505 3727 2573 gi-

2122 2616 2345 2679 gantum
2376 2605 2710 2677 impudicitia
2744 2613 2906 2674 atque
2938 2603 3157 2659 interitu
3209 2602 3472 2668 illorum,
3520 2614 3552 2653 a
3582 2608 3727 2651 turre

2124 2701 2481 2757 contumaciae
2522 2708 2688 2769 atque
2729 2697 3082 2767 dispersione,
3126 2697 3195 2751 ab
3252 2695 3406 2750 Esau
3461 2692 3724 2748 aviditate

2124 2805 2287 2864 atque
2312 2792 2498 2848 fratris
2525 2790 3009 2854 circumventione.
3043 2805 3072 2844 a
3115 2787 3441 2843 Pharaonis
3484 2785 3723 2856 pertina-

2123 2888 2209 2943 cia
2240 2895 2401 2955 atque
2436 2884 2774 2955 perditione,
2804 2883 2874 2939 ab
2907 2882 3073 2939 Israel
3109 2883 3160 2936 in
3191 2883 3426 2936 deserto
3455 2878 3720 2933 idolium

2125 2979 2334 3035 cultura
2382 2987 2545 3047 atque
2576 2976 2754 3042 ruina,
2797 2990 2827 3028 a
2872 2974 3261 3045 pmphetarum
3311 2965 3720 3043 persecutione,

2125 3074 2193 3127 ab
2225 3072 2604 3128 interfectioue
2647 3067 2893 3133 Joannis,
2929 3083 2959 3122 a
3004 3066 3323 3123 Judmorum
3366 3061 3718 3125 crudelitate,

2125 3179 2181 3223 et
2209 3168 2277 3224 ab
2314 3167 2557 3222 omnium
2583 3180 2613 3219 a
2645 3164 2845 3220 saaculo
2870 3171 2924 3218 et
2954 3178 3125 3233 usque
3172 3163 3225 3216 in
3254 3160 3529 3218 sacculum
3555 3156 3723 3211 malo-

2128 3278 2246 3315 rum
2289 3258 2649 3328 perfectione.
2704 3256 2917 3325 Omnia,
2960 3256 3157 3325 inquit,
3202 3255 3349 3309 mala
3403 3267 3528 3322 quae
3564 3263 3721 3318 super

2131 3365 2327 3409 terram
2357 3366 2546 3408 exorta
2596 3361 2742 3414 sunt.
2780 3367 2848 3406 ex
2880 3360 2934 3405 te
2982 3351 3192 3405 initium
3234 3351 3623 3416 sumpserunt,
3670 3349 3723 3394 et

2129 3462 2224 3515 per
2257 3455 2308 3500 te
2338 3447 2436 3501 sub
2479 3445 2620 3500 ccclo
2655 3443 3005 3499 disseminata
3053 3450 3203 3504 sunt,
3237 3450 3294 3493 et
3325 3448 3383 3493 tu
3416 3451 3501 3500 es,
3532 3450 3566 3489 ο
3608 3433 3719 3487 dia—

2131 3539 2276 3603 bole,
2303 3539 2547 3592 omnium
2579 3537 2771 3591 borum
2815 3534 3011 3599 factor,
3036 3542 3089 3587 et
3122 3530 3487 3602 suffragator,
3522 3535 3581 3580 et
3620 3522 3723 3577 ini-

2131 3632 2289 3692 tium.
2320 3640 2375 3685 et
2400 3630 2544 3684 finis.
2572 3628 2803 3691 Obhaec,
2833 3625 3025 3695 inquit,
3055 3642 3086 3680 ο
3114 3622 3361 3689 diabole,
3397 3631 3453 3674 et
3476 3632 3626 3673 mors
3651 3614 3724 3668 vi-

2129 3720 2227 3784 vit,
2259 3729 2313 3774 et
2337 3718 2581 3773 inferntts
2604 3715 2780 3782 ﬂoret,
2803 3726 2856 3769 et
2887 3715 3123 3769 tenebra:
3149 3712 3422 3783 gaudent,
3447 3719 3503 3763 et
3531 3707 3723 3763 obscu-

2132 3814 2267 3868 ritas
2294 3826 2398 3866 non
2445 3809 2770 3872 minoratur,
2802 3817 2856 3861 et
2884 3805 3138 3875 iniquitas
3165 3820 3271 3858 nou
3301 3801 3529 3865 deﬁcit,
3561 3808 3615 3852 et
3636 3796 3719 3866 ju-

2132 3904 2235 3957 dcx
2266 3900 2453 3954 tnortis
2485 3899 2762 3953 victoriam
2796 3897 3014 3965 accipit.
3042 3896 3177 3949 Cum
3212 3910 3342 3963 ergo
3385 3895 3718 3959 interrogem

2136 4003 2187 4047 te
2216 3994 2357 4048 unde
2391 3990 2600 4055 venias,
2639 4004 2743 4044 non
2784 3988 2941 4058 quasi
2980 3987 3228 4041 nesciens
3285 3987 3595 4052 interrogo,
3630 3994 3721 4034 ne-

2133 4102 2238 4157 que
2267 4095 2323 4139 ut
2354 4085 2570 4151 ignarus
2597 4084 2868 4146 sciscitor,
2899 4081 2993 4136 sed
3030 4090 3089 4134 ut
3122 4079 3536 4149 reprehendens
3561 4084 3720 4142 atque

2135 4182 2412 4250 detegens,
2448 4179 2779 4233 convincens
2818 4186 2984 4245 atque
3032 4174 3388 4242 redarguens,
3424 4166 3719 4227 Ostendens

2136 4285 2353 4341 quoque
2387 4280 2553 4339 atque
2581 4268 2965 4323 demonstrans
2994 4266 3136 4334 quod
3170 4264 3238 4319 ab
3267 4264 3417 4318 oumi
3471 4258 3719 4329 impieta-

2138 4362 2207 4417 tis
2252 4372 2414 4431 atque
2468 4360 2749 4431 injustitize
2794 4357 3132 4428 perfectione
3181 4366 3345 4423 atque
3397 4348 3716 4423 operatione

451 4478 575 4518 cum
614 4461 820 4529 justqu
862 4459 962 4516 Job
994 4460 1278 4515 tormentis
1306 4456 1581 4523 alliceret,
1621 4457 1880 4528 nequitiae
1920 4470 2033 4511 suae
2066 4453 2110 4508 D
2137 4454 2345 4509 venies.
2370 4453 2464 4508 Dic
2492 4452 2636 4506 unde
2666 4450 2819 4506 venis
2849 4459 2926 4517 ιιι,
2952 4448 3067 4503 zelo
3087 4462 3406 4512 succensus,
3435 4440 3715 4511 iniquitate

450 4556 815 4613 Satist'aceret.
871 4553 1012 4625 Ergo
1066 4553 1190 4623 quia
1239 4562 1299 4608 ut
1346 4553 1457 4608 dixi
1507 4550 1778 4606 desiderio
1821 4565 1921 4605 suo
1966 4566 2032 4605 ac

449 4647 682 4703 consilio
710 4647 783 4700 ita
818 4647 964 4700 venit
993 4646 1358 4716 nequissimus
1391 4643 1641 4699 diabolus
1681 4652 1809 4697 ante
1838 4642 2029 4709 Deum,

451 4743 508 4797 in
539 4740 717 4795 medio
747 4739 1067 4808 angelorum
1109 4740 1305 4793 merito
1329 4737 1543 4793 venisse
1571 4752 1693 4791 eum
1722 4736 1886 4803 dicit,
1925 4752 2030 4790 non

451 4832 595 4900 quod
631 4831 745 4898 ipse
771 4830 1003 4893 venerit,
1033 4829 1128 4884 sed
1157 4828 1491 4883 desiderium
1540 4826 1660 4897 ejus
1694 4838 1860 4898 atque
1886 4828 2033 4896 cogi-

453 4920 592 4974 tatio
629 4921 796 4975 venit.
842 4920 1117 4974 Adversus
1150 4935 1312 4989 quam
1367 4919 1751 4990 cogitationem
1808 4932 2036 4988 respon-

454 5010 600 5066 disse
627 5013 825 5066 dicitur
857 5012 1018 5079 Deus,
1052 5022 1106 5065 et
1136 5011 1503 5078 interrogasse
1543 5010 1844 5074 diabolum,
1892 5011 2037 5065 unde

453 5104 685 5158 veniret.
720 5103 855 5157 Nam
894 5120 1023 5159 vero
1062 5120 1167 5158 non
1217 5109 1470 5173 poterant
1518 5102 1633 5157 haic
1681 5102 2039 5156 historialiter

457 5195 648 5260 scribi,
681 5212 856 5266 neque
883 5197 1040 5251 aliter
1074 5197 1231 5249 nobis
1267 5192 1508 5258 recitari,
1544 5195 1645 5249 nisi
1682 5204 1740 5248 ut
1789 5210 2035 5263 personae

456 5286 817 5342 recitarentur
854 5288 1005 5356 quasi
1038 5288 1104 5341 ad
1136 5284 1363 5339 invicem
1394 5285 1807 5351 respoadeutes,
1840 5286 1909 5339 ob
1933 5285 2037 5338 hoc

453 5380 589 5437 dicit
617 5399 631 5435 ι
667 5379 732 5432 Et
781 5381 914 5433 dixit
959 5380 1099 5434 Deus
1145 5381 1213 5433 ad
1254 5378 1522 5432 diabolum
1552 5374 1739 5431 :Unde
1770 5377 1909 5431 venis
1941 5379 2038 5432 tu?

458 5474 576 5527 Non
611 5473 766 5543 quasi
808 5474 1172 5544 interrogans,
1210 5472 1294 5527 vel
1322 5485 1596 5541 quaerens,
1635 5469 1714 5522 vel
1748 5469 2039 5523 sciscitans

460 5564 663 5620 dixerit
693 5578 709 5619 :
744 5564 893 5618 Unde
934 5567 1071 5618 venis
1120 5566 1215 5618 tu?
1256 5563 1350 5619 scd
1394 5564 1644 5631 culpans,
1677 5570 1733 5615 et
1761 5561 2039 5631 detegens,

534 5725 578 5757 "
607 5724 705 5781 Job
737 5741 772 5792 ι,
810 5724 859 5779 7.
940 5723 1175 5790 9"‘.Gcn.
1211 5740 1287 5789 ιιι,
1324 5722 1377 5778 9.

1454 5722 1497 5753 9”
1545 5719 1685 5774 Paul.
1723 5734 1815 5783 CLI,
1850 5718 1936 5783 20,
1969 5716 2059 5771 ‘21.

2138 4558 2416 4611 oneratus,
2447 4544 2648 4599 invidia
2683 4543 2913 4613 plenus?
2955 4542 3086 4613 Ego,
3123 4541 3322 4608 inquit,
3354 4538 3477 4593 dedi
3511 4533 3632 4596 Job,
3663 4538 3714 4581 el

2140 4648 2193 4692 tu
2230 4636 2458 4691 invides.
2496 4635 2607 4706 Ego
2633 4635 2801 4705 adjeci
2830 4634 2929 4699 illi,
2959 4643 3013 4687 et
3044 4643 3096 4685 ttt
3120 4629 3411 4685 aunularis.
3440 4629 3551 4696 Ego
3582 4623 3714 4677 mul-

2142 4726 2409 4798 tiplicari,
2432 4734 2489 4779 tu
2523 4741 2650 4781 vero
2675 4725 2912 4780 fluescis.
2945 4724 3056 4793 Ego
3079 4722 3304 4791 largitus
3334 4739 3475 4785 sum,
3509 4731 3561 4772 tu
3590 4729 3714 4770 vero

2143 4817 2361 4873 auferre
2391 4817 2629 4871 conaris.
2656 4814 3075 4885 Apprchendam
3110 4818 3255 4867 enim
3286 4821 3358 4877 te,
3390 4824 3445 4866 et
3470 4812 3708 4877 detegant

2141 4910 2327 4965 divina
2366 4908 2735 4978 Providentia,
2791 4918 3046 4976 tanquam
3100 4906 3272 4960 furem
3320 4905 3512 4959 alienis
3562 4896 3710 4954 bonis

2138 5003 2463 5068 inhiantem,
2501 5011 2555 5058 et
2584 5010 2894 5071 sperantem
2927 5000 3074 5069 quod
3106 5014 3201 5068 per
3232 4999 3345 5052 haec
3383 4997 3583 5065 justum
3612 4986 3707 5040 Job

2139 5096 2463 5149 subvertere
2490 5093 2685 5163 possis.
2726 5093 2833 5148 Sed
2861 5108 2986 5163 ego,
3019 5092 3232 5160 inquit,
3267 5098 3320 5144 et
3349 5099 3489 5144 tuam
3518 5078 3707 5148 iniqui-

2142 5196 2304 5240 tatem
2337 5189 2685 5257 redarguam,
2714 5186 2850 5239 bona
2881 5183 2981 5240 Job
3015 5182 3107 5237 tibi
3140 5183 3423 5246 tradendo,
3454 5190 3509 5233 ut
3536 5184 3585 5229 et
3610 5168 3703 5224 10b

2131 5277 2334 5346 justum
2368 5278 2732 5331 demonstrem
2764 5290 2861 5343 per
2885 5273 3230 5329 tolerantiam
3265 5269 3542 5324 victoriam
3571 5263 3632 5316 de
3657 5267 3704 5308 te

2137 5377 2464 5423 sumentem.
2496 5364 2575 5420 0b
2611 5367 2712 5419 hoc
2746 5379 2875 5435 ergo
2903 5374 3158 5433 tanquam
3193 5363 3530 5430 interrogans
3556 5353 3698 5404 dico:

2141 5459 2293 5514 Unde
2324 5460 2463 5513 venis
2492 5459 2591 5513 tu?
2644 5457 2712 5512 Ut
2751 5460 2963 5513 occulta
2999 5470 3087 5513 tua
3123 5455 3402 5510 meditatio
3435 5450 3704 5522 appareat.

2142 5565 2199 5610 ut
2228 5555 2524 5612 vehemens
2570 5564 2658 5611 tua
2710 5556 2948 5625 nequitia
2994 5552 3247 5610 omnibus
3292 5545 3701 5606 demonstretur,
