  <div class='ocr_page' id='page_1' title='image "/cluster/home/n/w/nwhite01/storage/ocr_20150623/17/mdp.39015031604831/210.png"; bbox 0 0 3992 6312; ppageno 0'>
   <div class='ocr_carea' id='block_1_1' title="bbox 251 348 1892 406">
    <p class='ocr_par' dir='ltr' id='par_1_1' title="bbox 251 348 1892 406">
     <span class='ocr_line' id='line_1_1' title="bbox 251 348 1892 406; baseline 0 -4"><span class='ocrx_word' id='word_1_1' title='bbox 251 348 352 406; x_wconf 68' lang='grc' dir='ltr'><strong>ωε)</strong></span> <span class='ocrx_word' id='word_1_2' title='bbox 1401 349 1788 406; x_wconf 75' lang='lat' dir='ltr'><strong>ANONYMUS</strong></span> <span class='ocrx_word' id='word_1_3' title='bbox 1828 349 1892 404; x_wconf 87' lang='lat' dir='ltr'><strong>IN</strong></span> 
     </span>
    </p>
   </div>
   <div class='ocr_carea' id='block_1_2' title="bbox 1933 349 3525 407">
    <p class='ocr_par' dir='ltr' id='par_1_2' title="bbox 1933 349 3525 407">
     <span class='ocr_line' id='line_1_2' title="bbox 1933 349 3525 407; baseline 0.001 -3"><span class='ocrx_word' id='word_1_4' title='bbox 1933 349 2075 406; x_wconf 86' lang='lat' dir='ltr'><strong>JOB.</strong></span> <span class='ocrx_word' id='word_1_5' title='bbox 2114 381 2175 389; x_wconf 95' lang='lat'><em>—</em></span> <span class='ocrx_word' id='word_1_6' title='bbox 2220 349 2347 407; x_wconf 86' lang='lat' dir='ltr'><strong>LIB.</strong></span> <span class='ocrx_word' id='word_1_7' title='bbox 2391 349 2432 404; x_wconf 87' lang='grc'><strong>1.</strong></span> <span class='ocrx_word' id='word_1_8' title='bbox 3429 353 3525 406; x_wconf 70' lang='lat'><strong>“0</strong></span> 
     </span>
    </p>
   </div>
   <div class='ocr_carea' id='block_1_3' title="bbox 250 465 3524 542">
    <p class='ocr_par' dir='ltr' id='par_1_3' title="bbox 250 465 3524 542">
     <span class='ocr_line' id='line_1_3' title="bbox 250 465 3524 542; baseline 0.002 -24"><span class='ocrx_word' id='word_1_9' title='bbox 250 478 305 519; x_wconf 78' lang='grc' dir='ltr'><strong>ιιι</strong></span> <span class='ocrx_word' id='word_1_10' title='bbox 339 465 648 523; x_wconf 85' lang='lat' dir='ltr'><strong>malitiosns</strong></span> <span class='ocrx_word' id='word_1_11' title='bbox 699 478 824 522; x_wconf 91' lang='lat' dir='ltr'><strong>tuus</strong></span> <span class='ocrx_word' id='word_1_12' title='bbox 867 468 1007 522; x_wconf 84' lang='lat' dir='ltr'><strong>livor</strong></span> <span class='ocrx_word' id='word_1_13' title='bbox 1057 468 1312 522; x_wconf 89' lang='lat' dir='ltr'><strong>omnibus</strong></span> <span class='ocrx_word' id='word_1_14' title='bbox 1351 469 1679 527; x_wconf 75' lang='lat' dir='ltr'><strong>innotescat.</strong></span> <span class='ocrx_word' id='word_1_15' title='bbox 1736 474 1843 528; x_wconf 87' lang='lat' dir='ltr'><strong>Pro</strong></span> <span class='ocrx_word' id='word_1_16' title='bbox 1872 479 1920 532; x_wconf 83' lang='grc' dir='ltr'><strong>Α</strong></span> <span class='ocrx_word' id='word_1_17' title='bbox 1948 488 2053 541; x_wconf 89' lang='lat' dir='ltr'><strong>que</strong></span> <span class='ocrx_word' id='word_1_18' title='bbox 2085 482 2169 526; x_wconf 89' lang='lat' dir='ltr'><strong>est</strong></span> <span class='ocrx_word' id='word_1_19' title='bbox 2199 487 2443 542; x_wconf 74' lang='lat' dir='ltr'><strong>praesens</strong></span> <span class='ocrx_word' id='word_1_20' title='bbox 2486 481 2647 540; x_wconf 80' lang='lat' dir='ltr'><strong>atque</strong></span> <span class='ocrx_word' id='word_1_21' title='bbox 2686 481 2860 525; x_wconf 91' lang='lat' dir='ltr'><strong>totum</strong></span> <span class='ocrx_word' id='word_1_22' title='bbox 2901 471 3158 526; x_wconf 90' lang='lat' dir='ltr'><strong>mundum</strong></span> <span class='ocrx_word' id='word_1_23' title='bbox 3185 471 3364 526; x_wconf 88' lang='lat' dir='ltr'><strong>subito</strong></span> <span class='ocrx_word' id='word_1_24' title='bbox 3403 488 3524 542; x_wconf 82' lang='lat' dir='ltr'><strong>per-</strong></span> 
     </span>
    </p>
   </div>
   <div class='ocr_carea' id='block_1_4' title="bbox 250 559 1842 630">
    <p class='ocr_par' dir='ltr' id='par_1_4' title="bbox 250 559 1842 630">
     <span class='ocr_line' id='line_1_4' title="bbox 250 559 1842 630; baseline 0.004 -16"><span class='ocrx_word' id='word_1_25' title='bbox 250 560 337 614; x_wconf 87' lang='lat' dir='ltr'><strong>his</strong></span> <span class='ocrx_word' id='word_1_26' title='bbox 370 575 497 630; x_wconf 87' lang='lat' dir='ltr'><strong>ergo</strong></span> <span class='ocrx_word' id='word_1_27' title='bbox 530 562 790 616; x_wconf 89' lang='lat' dir='ltr'><strong>omnibus</strong></span> <span class='ocrx_word' id='word_1_28' title='bbox 832 563 953 616; x_wconf 90' lang='lat' dir='ltr'><strong>dico</strong></span> <span class='ocrx_word' id='word_1_29' title='bbox 986 578 1000 613; x_wconf 91' lang='lat'><strong>:</strong></span> <span class='ocrx_word' id='word_1_30' title='bbox 1047 559 1195 615; x_wconf 83' lang='lat' dir='ltr'><strong>Unde</strong></span> <span class='ocrx_word' id='word_1_31' title='bbox 1231 565 1376 616; x_wconf 81' lang='lat' dir='ltr'><strong>venis</strong></span> <span class='ocrx_word' id='word_1_32' title='bbox 1417 566 1512 618; x_wconf 85' lang='lat' dir='ltr'><strong>tu?</strong></span> <span class='ocrx_word' id='word_1_33' title='bbox 1565 566 1842 620; x_wconf 84' lang='lat' dir='ltr'><strong>Adversus</strong></span> 
     </span>
    </p>
   </div>
   <div class='ocr_carea' id='block_1_5' title="bbox 248 649 1841 716">
    <p class='ocr_par' dir='ltr' id='par_1_5' title="bbox 248 649 1841 716">
     <span class='ocr_line' id='line_1_5' title="bbox 248 649 1841 716; baseline 0.006 -18"><span class='ocrx_word' id='word_1_34' title='bbox 248 663 378 714; x_wconf 69' lang='lat' dir='ltr'><strong>qua:</strong></span> <span class='ocrx_word' id='word_1_35' title='bbox 403 650 734 716; x_wconf 86' lang='lat' dir='ltr'><strong>respondens</strong></span> <span class='ocrx_word' id='word_1_36' title='bbox 758 649 1006 704; x_wconf 83' lang='lat' dir='ltr'><strong>diabolus</strong></span> <span class='ocrx_word' id='word_1_37' title='bbox 1035 651 1164 704; x_wconf 89' lang='lat' dir='ltr'><strong>dicit</strong></span> <span class='ocrx_word' id='word_1_38' title='bbox 1193 668 1207 704; x_wconf 88' lang='lat'><strong>:</strong></span> <span class='ocrx_word' id='word_1_39' title='bbox 1239 651 1473 708; x_wconf 79' lang='lat' dir='ltr'><strong>Circuivi</strong></span> <span class='ocrx_word' id='word_1_40' title='bbox 1499 672 1706 710; x_wconf 83' lang='lat' dir='ltr'><strong>omnem</strong></span> <span class='ocrx_word' id='word_1_41' title='bbox 1735 668 1841 710; x_wconf 87' lang='lat' dir='ltr'><strong>ter-</strong></span> 
     </span>
    </p>
   </div>
   <div class='ocr_carea' id='block_1_6' title="bbox 249 740 1842 821">
    <p class='ocr_par' dir='ltr' id='par_1_6' title="bbox 249 740 1842 821">
     <span class='ocr_line' id='line_1_6' title="bbox 249 740 1842 821; baseline 0.011 -30"><span class='ocrx_word' id='word_1_42' title='bbox 249 756 368 794; x_wconf 85' lang='lat' dir='ltr'><strong>ram</strong></span> <span class='ocrx_word' id='word_1_43' title='bbox 396 759 508 810; x_wconf 69' lang='lat' dir='ltr'><strong>quia</strong></span> <span class='ocrx_word' id='word_1_44' title='bbox 542 740 639 795; x_wconf 91' lang='lat' dir='ltr'><strong>sub</strong></span> <span class='ocrx_word' id='word_1_45' title='bbox 672 741 797 795; x_wconf 74' lang='grc' dir='ltr'><strong>εωιο</strong></span> <span class='ocrx_word' id='word_1_46' title='bbox 830 752 928 809; x_wconf 81' lang='lat' dir='ltr'><strong>est,</strong></span> <span class='ocrx_word' id='word_1_47' title='bbox 953 755 999 797; x_wconf 85' lang='lat' dir='ltr'><strong>et</strong></span> <span class='ocrx_word' id='word_1_48' title='bbox 1027 745 1139 800; x_wconf 81' lang='lat' dir='ltr'><strong>veni</strong></span> <span class='ocrx_word' id='word_1_49' title='bbox 1169 746 1238 800; x_wconf 72' lang='grc'><strong>⁸⁸.</strong></span> <span class='ocrx_word' id='word_1_50' title='bbox 1275 744 1643 817; x_wconf 84' lang='lat' dir='ltr'><strong>Magniloquio</strong></span> <span class='ocrx_word' id='word_1_51' title='bbox 1678 762 1842 821; x_wconf 88' lang='lat' dir='ltr'><strong>atque</strong></span> 
     </span>
    </p>
   </div>
   <div class='ocr_carea' id='block_1_7' title="bbox 248 834 1841 912">
    <p class='ocr_par' dir='ltr' id='par_1_7' title="bbox 248 834 1841 912">
     <span class='ocr_line' id='line_1_7' title="bbox 248 834 1841 912; baseline 0.009 -27"><span class='ocrx_word' id='word_1_52' title='bbox 248 834 564 904; x_wconf 77' lang='lat' dir='ltr'><strong>arrogantia</strong></span> <span class='ocrx_word' id='word_1_53' title='bbox 619 835 810 900; x_wconf 90' lang='lat' dir='ltr'><strong>uteris,</strong></span> <span class='ocrx_word' id='word_1_54' title='bbox 868 850 902 890; x_wconf 95' lang='lat' dir='ltr'><strong>o</strong></span> <span class='ocrx_word' id='word_1_55' title='bbox 953 836 1265 912; x_wconf 85' lang='lat' dir='ltr'><strong>miserrime</strong></span> <span class='ocrx_word' id='word_1_56' title='bbox 1317 838 1551 907; x_wconf 89' lang='lat' dir='ltr'><strong>diabole,</strong></span> <span class='ocrx_word' id='word_1_57' title='bbox 1603 841 1841 900; x_wconf 83' lang='lat' dir='ltr'><strong>elatione</strong></span> 
     </span>
    </p>
   </div>
   <div class='ocr_carea' id='block_1_8' title="bbox 245 927 1838 1001">
    <p class='ocr_par' dir='ltr' id='par_1_8' title="bbox 245 927 1838 1001">
     <span class='ocr_line' id='line_1_8' title="bbox 245 927 1838 1001; baseline 0.009 -24"><span class='ocrx_word' id='word_1_58' title='bbox 245 942 468 997; x_wconf 85' lang='lat' dir='ltr'><strong>quoque</strong></span> <span class='ocrx_word' id='word_1_59' title='bbox 492 939 654 997; x_wconf 89' lang='lat' dir='ltr'><strong>atque</strong></span> <span class='ocrx_word' id='word_1_60' title='bbox 679 927 967 996; x_wconf 88' lang='lat' dir='ltr'><strong>jactantia,</strong></span> <span class='ocrx_word' id='word_1_61' title='bbox 995 939 1054 982; x_wconf 91' lang='lat' dir='ltr'><strong>ut</strong></span> <span class='ocrx_word' id='word_1_62' title='bbox 1081 929 1154 983; x_wconf 89' lang='lat' dir='ltr'><strong>ita</strong></span> <span class='ocrx_word' id='word_1_63' title='bbox 1183 941 1446 998; x_wconf 87' lang='lat' dir='ltr'><strong>appareat</strong></span> <span class='ocrx_word' id='word_1_64' title='bbox 1473 935 1618 1001; x_wconf 90' lang='lat' dir='ltr'><strong>quod</strong></span> <span class='ocrx_word' id='word_1_65' title='bbox 1646 951 1838 991; x_wconf 91' lang='lat' dir='ltr'><strong>omnes</strong></span> 
     </span>
    </p>
   </div>
   <div class='ocr_carea' id='block_1_9' title="bbox 246 1017 1840 1096">
    <p class='ocr_par' dir='ltr' id='par_1_9' title="bbox 246 1017 1840 1096">
     <span class='ocr_line' id='line_1_9' title="bbox 246 1017 1840 1096; baseline 0.009 -26"><span class='ocrx_word' id='word_1_66' title='bbox 246 1018 607 1089; x_wconf 86' lang='lat' dir='ltr'><strong>magniloqui,</strong></span> <span class='ocrx_word' id='word_1_67' title='bbox 635 1017 997 1086; x_wconf 77' lang='lat' dir='ltr'><strong>jacmnticuli,</strong></span> <span class='ocrx_word' id='word_1_68' title='bbox 1022 1031 1370 1091; x_wconf 80' lang='lat' dir='ltr'><strong>arrogantes,</strong></span> <span class='ocrx_word' id='word_1_69' title='bbox 1403 1033 1456 1078; x_wconf 92' lang='lat' dir='ltr'><strong>et</strong></span> <span class='ocrx_word' id='word_1_70' title='bbox 1485 1027 1704 1096; x_wconf 87' lang='lat' dir='ltr'><strong>superbi</strong></span> <span class='ocrx_word' id='word_1_71' title='bbox 1731 1036 1840 1084; x_wconf 75' lang='lat' dir='ltr'><strong>tua:</strong></span> 
     </span>
    </p>
   </div>
   <div class='ocr_carea' id='block_1_10' title="bbox 245 1107 1837 1189">
    <p class='ocr_par' dir='ltr' id='par_1_10' title="bbox 245 1107 1837 1189">
     <span class='ocr_line' id='line_1_10' title="bbox 245 1107 1837 1189; baseline 0.01 -30"><span class='ocrx_word' id='word_1_72' title='bbox 245 1110 511 1178; x_wconf 68' lang='lat' dir='ltr'><strong>nequitiae</strong></span> <span class='ocrx_word' id='word_1_73' title='bbox 539 1109 646 1163; x_wconf 92' lang='lat' dir='ltr'><strong>sint</strong></span> <span class='ocrx_word' id='word_1_74' title='bbox 667 1107 945 1178; x_wconf 87' lang='lat' dir='ltr'><strong>discipuli,</strong></span> <span class='ocrx_word' id='word_1_75' title='bbox 969 1120 1025 1165; x_wconf 92' lang='lat' dir='ltr'><strong>et</strong></span> <span class='ocrx_word' id='word_1_76' title='bbox 1048 1112 1190 1180; x_wconf 87' lang='lat' dir='ltr'><strong>apud</strong></span> <span class='ocrx_word' id='word_1_77' title='bbox 1224 1120 1279 1167; x_wconf 93' lang='lat' dir='ltr'><strong>te</strong></span> <span class='ocrx_word' id='word_1_78' title='bbox 1307 1113 1600 1170; x_wconf 90' lang='lat' dir='ltr'><strong>didicerint</strong></span> <span class='ocrx_word' id='word_1_79' title='bbox 1625 1132 1688 1172; x_wconf 91' lang='lat' dir='ltr'><strong>ea</strong></span> <span class='ocrx_word' id='word_1_80' title='bbox 1714 1133 1837 1189; x_wconf 68' lang='lat' dir='ltr'><strong>quae</strong></span> 
     </span>
    </p>
   </div>
   <div class='ocr_carea' id='block_1_11' title="bbox 247 1202 1834 1277">
    <p class='ocr_par' dir='ltr' id='par_1_11' title="bbox 247 1202 1834 1277">
     <span class='ocr_line' id='line_1_11' title="bbox 247 1202 1834 1277; baseline 0.009 -25"><span class='ocrx_word' id='word_1_81' title='bbox 247 1202 363 1254; x_wconf 87' lang='lat' dir='ltr'><strong>Deo</strong></span> <span class='ocrx_word' id='word_1_82' title='bbox 401 1211 526 1256; x_wconf 91' lang='lat' dir='ltr'><strong>sunt</strong></span> <span class='ocrx_word' id='word_1_83' title='bbox 567 1202 845 1256; x_wconf 88' lang='lat' dir='ltr'><strong>contraria</strong></span> <span class='ocrx_word' id='word_1_84' title='bbox 894 1218 906 1254; x_wconf 91' lang='lat'><strong>:</strong></span> <span class='ocrx_word' id='word_1_85' title='bbox 959 1203 1101 1257; x_wconf 84' lang='lat' dir='ltr'><strong>Deus</strong></span> <span class='ocrx_word' id='word_1_86' title='bbox 1143 1205 1283 1258; x_wconf 88' lang='lat' dir='ltr'><strong>enim</strong></span> <span class='ocrx_word' id='word_1_87' title='bbox 1325 1208 1565 1276; x_wconf 84' lang='lat' dir='ltr'><strong>superbis</strong></span> <span class='ocrx_word' id='word_1_88' title='bbox 1612 1211 1834 1277; x_wconf 76' lang='lat' dir='ltr'><strong>resistit,</strong></span> 
     </span>
    </p>
   </div>
   <div class='ocr_carea' id='block_1_12' title="bbox 242 1294 1834 1364">
    <p class='ocr_par' dir='ltr' id='par_1_12' title="bbox 242 1294 1834 1364">
     <span class='ocr_line' id='line_1_12' title="bbox 242 1294 1834 1364; baseline 0.009 -19"><span class='ocrx_word' id='word_1_89' title='bbox 242 1294 536 1348; x_wconf 72' lang='lat' dir='ltr'><strong>humilibus</strong></span> <span class='ocrx_word' id='word_1_90' title='bbox 565 1303 738 1349; x_wconf 79' lang='lat' dir='ltr'><strong>autem</strong></span> <span class='ocrx_word' id='word_1_91' title='bbox 765 1295 858 1348; x_wconf 83' lang='lat' dir='ltr'><strong>dat</strong></span> <span class='ocrx_word' id='word_1_92' title='bbox 884 1297 1118 1364; x_wconf 82' lang='lat' dir='ltr'><strong>gratiam</strong></span> <span class='ocrx_word' id='word_1_93' title='bbox 1153 1298 1217 1350; x_wconf 75' lang='grc'><strong>⁸⁷.</strong></span> <span class='ocrx_word' id='word_1_94' title='bbox 1251 1297 1344 1353; x_wconf 86' lang='lat' dir='ltr'><strong>llis</strong></span> <span class='ocrx_word' id='word_1_95' title='bbox 1387 1302 1639 1356; x_wconf 81' lang='lat' dir='ltr'><strong>similiter</strong></span> <span class='ocrx_word' id='word_1_96' title='bbox 1669 1305 1834 1359; x_wconf 88' lang='lat' dir='ltr'><strong>etiam</strong></span> 
     </span>
    </p>
   </div>
   <div class='ocr_carea' id='block_1_13' title="bbox 242 1387 1835 1464">
    <p class='ocr_par' dir='ltr' id='par_1_13' title="bbox 242 1387 1835 1464">
     <span class='ocr_line' id='line_1_13' title="bbox 242 1387 1835 1464; baseline 0.008 -25"><span class='ocrx_word' id='word_1_97' title='bbox 242 1388 403 1440; x_wconf 75' lang='lat' dir='ltr'><strong>Anna</strong></span> <span class='ocrx_word' id='word_1_98' title='bbox 446 1396 618 1441; x_wconf 92' lang='lat' dir='ltr'><strong>mater</strong></span> <span class='ocrx_word' id='word_1_99' title='bbox 662 1387 938 1443; x_wconf 84' lang='lat' dir='ltr'><strong>Samuelis</strong></span> <span class='ocrx_word' id='word_1_100' title='bbox 973 1389 1104 1443; x_wconf 88' lang='lat' dir='ltr'><strong>dicit</strong></span> <span class='ocrx_word' id='word_1_101' title='bbox 1137 1406 1152 1444; x_wconf 88' lang='lat'>:</span> <span class='ocrx_word' id='word_1_102' title='bbox 1189 1389 1374 1444; x_wconf 87' lang='lat' dir='ltr'><strong>Nolite</strong></span> <span class='ocrx_word' id='word_1_103' title='bbox 1420 1392 1564 1462; x_wconf 82' lang='lat' dir='ltr'><strong>loqui</strong></span> <span class='ocrx_word' id='word_1_104' title='bbox 1612 1397 1835 1464; x_wconf 83' lang='lat' dir='ltr'><strong>superba</strong></span> 
     </span>
    </p>
   </div>
   <div class='ocr_carea' id='block_1_14' title="bbox 242 1479 1833 1554">
    <p class='ocr_par' dir='ltr' id='par_1_14' title="bbox 242 1479 1833 1554">
     <span class='ocr_line' id='line_1_14' title="bbox 242 1479 1833 1554; baseline 0.008 -23"><span class='ocrx_word' id='word_1_105' title='bbox 242 1482 296 1531; x_wconf 83' lang='lat' dir='ltr'><strong>in</strong></span> <span class='ocrx_word' id='word_1_106' title='bbox 342 1479 608 1545; x_wconf 78' lang='lat' dir='ltr'><strong>superbia,</strong></span> <span class='ocrx_word' id='word_1_107' title='bbox 651 1491 832 1535; x_wconf 81' lang='lat' dir='ltr'><strong>etnon</strong></span> <span class='ocrx_word' id='word_1_108' title='bbox 875 1492 1022 1535; x_wconf 75' lang='lat' dir='ltr'><strong>exeat</strong></span> <span class='ocrx_word' id='word_1_109' title='bbox 1061 1483 1482 1554; x_wconf 85' lang='lat' dir='ltr'><strong>magniloquium</strong></span> <span class='ocrx_word' id='word_1_110' title='bbox 1522 1503 1586 1541; x_wconf 75' lang='lat' dir='ltr'><strong>ex</strong></span> <span class='ocrx_word' id='word_1_111' title='bbox 1629 1505 1717 1542; x_wconf 84' lang='lat' dir='ltr'><strong>ore</strong></span> <span class='ocrx_word' id='word_1_112' title='bbox 1750 1507 1833 1543; x_wconf 83' lang='lat' dir='ltr'><strong>ve-</strong></span> 
     </span>
    </p>
   </div>
   <div class='ocr_carea' id='block_1_15' title="bbox 243 1571 1834 1642">
    <p class='ocr_par' dir='ltr' id='par_1_15' title="bbox 243 1571 1834 1642">
     <span class='ocr_line' id='line_1_15' title="bbox 243 1571 1834 1642; baseline 0.009 -20"><span class='ocrx_word' id='word_1_113' title='bbox 243 1580 356 1624; x_wconf 86' lang='lat' dir='ltr'><strong>stro</strong></span> <span class='ocrx_word' id='word_1_114' title='bbox 388 1573 452 1628; x_wconf 74' lang='grc'><strong>⁸⁸.</strong></span> <span class='ocrx_word' id='word_1_115' title='bbox 484 1571 588 1626; x_wconf 90' lang='lat' dir='ltr'><strong>Sed</strong></span> <span class='ocrx_word' id='word_1_116' title='bbox 614 1572 805 1628; x_wconf 90' lang='lat' dir='ltr'><strong>horum</strong></span> <span class='ocrx_word' id='word_1_117' title='bbox 843 1573 1128 1628; x_wconf 88' lang='lat' dir='ltr'><strong>immemor</strong></span> <span class='ocrx_word' id='word_1_118' title='bbox 1164 1575 1436 1642; x_wconf 88' lang='lat' dir='ltr'><strong>diabolus,</strong></span> <span class='ocrx_word' id='word_1_119' title='bbox 1465 1587 1520 1632; x_wconf 90' lang='lat' dir='ltr'><strong>et</strong></span> <span class='ocrx_word' id='word_1_120' title='bbox 1562 1579 1698 1634; x_wconf 90' lang='lat' dir='ltr'><strong>alios</strong></span> <span class='ocrx_word' id='word_1_121' title='bbox 1732 1582 1834 1635; x_wconf 85' lang='lat' dir='ltr'><strong>do-</strong></span> 
     </span>
    </p>
   </div>
   <div class='ocr_carea' id='block_1_16' title="bbox 244 1665 1834 1737">
    <p class='ocr_par' dir='ltr' id='par_1_16' title="bbox 244 1665 1834 1737">
     <span class='ocr_line' id='line_1_16' title="bbox 244 1665 1834 1737; baseline 0.008 -21"><span class='ocrx_word' id='word_1_122' title='bbox 244 1665 384 1726; x_wconf 90' lang='lat' dir='ltr'><strong>cuit,</strong></span> <span class='ocrx_word' id='word_1_123' title='bbox 425 1675 480 1718; x_wconf 85' lang='lat' dir='ltr'><strong>et</strong></span> <span class='ocrx_word' id='word_1_124' title='bbox 534 1666 652 1736; x_wconf 90' lang='lat' dir='ltr'><strong>ipse</strong></span> <span class='ocrx_word' id='word_1_125' title='bbox 683 1682 874 1737; x_wconf 85' lang='lat' dir='ltr'><strong>magna</strong></span> <span class='ocrx_word' id='word_1_126' title='bbox 913 1667 1122 1722; x_wconf 86' lang='lat' dir='ltr'><strong>locutus</strong></span> <span class='ocrx_word' id='word_1_127' title='bbox 1170 1668 1307 1723; x_wconf 77' lang='lat' dir='ltr'><strong>dixit</strong></span> <span class='ocrx_word' id='word_1_128' title='bbox 1346 1687 1360 1723; x_wconf 90' lang='lat'><strong>:</strong></span> <span class='ocrx_word' id='word_1_129' title='bbox 1399 1669 1637 1725; x_wconf 85' lang='lat' dir='ltr'><strong>Circuiui</strong></span> <span class='ocrx_word' id='word_1_130' title='bbox 1671 1685 1834 1728; x_wconf 84' lang='lat' dir='ltr'><strong>totam</strong></span> 
     </span>
    </p>
   </div>
   <div class='ocr_carea' id='block_1_17' title="bbox 244 1757 1832 1832">
    <p class='ocr_par' dir='ltr' id='par_1_17' title="bbox 244 1757 1832 1832">
     <span class='ocr_line' id='line_1_17' title="bbox 244 1757 1832 1832; baseline 0.006 -26"><span class='ocrx_word' id='word_1_131' title='bbox 244 1768 443 1807; x_wconf 81' lang='lat' dir='ltr'><strong>terram</strong></span> <span class='ocrx_word' id='word_1_132' title='bbox 480 1773 596 1826; x_wconf 76' lang='lat' dir='ltr'><strong>qua:</strong></span> <span class='ocrx_word' id='word_1_133' title='bbox 641 1759 735 1810; x_wconf 82' lang='lat' dir='ltr'><strong>sub</strong></span> <span class='ocrx_word' id='word_1_134' title='bbox 770 1757 900 1812; x_wconf 80' lang='lat' dir='ltr'><strong>caelo</strong></span> <span class='ocrx_word' id='word_1_135' title='bbox 945 1768 1044 1811; x_wconf 80' lang='lat' dir='ltr'><strong>est.</strong></span> <span class='ocrx_word' id='word_1_136' title='bbox 1085 1757 1376 1825; x_wconf 90' lang='lat' dir='ltr'><strong>lntendite,</strong></span> <span class='ocrx_word' id='word_1_137' title='bbox 1426 1775 1460 1815; x_wconf 94' lang='lat' dir='ltr'><strong>o</strong></span> <span class='ocrx_word' id='word_1_138' title='bbox 1490 1763 1680 1827; x_wconf 90' lang='lat' dir='ltr'><strong>amicl,</strong></span> <span class='ocrx_word' id='word_1_139' title='bbox 1706 1764 1832 1832; x_wconf 83' lang='lat' dir='ltr'><strong>quia</strong></span> 
     </span>
    </p>
   </div>
   <div class='ocr_carea' id='block_1_18' title="bbox 244 1849 1833 1922">
    <p class='ocr_par' dir='ltr' id='par_1_18' title="bbox 244 1849 1833 1922">
     <span class='ocr_line' id='line_1_18' title="bbox 244 1849 1833 1922; baseline 0.006 -23"><span class='ocrx_word' id='word_1_140' title='bbox 244 1849 510 1904; x_wconf 88' lang='lat' dir='ltr'><strong>circuisse</strong></span> <span class='ocrx_word' id='word_1_141' title='bbox 544 1865 603 1905; x_wconf 91' lang='lat' dir='ltr'><strong>se</strong></span> <span class='ocrx_word' id='word_1_142' title='bbox 635 1850 766 1906; x_wconf 90' lang='lat' dir='ltr'><strong>dicit</strong></span> <span class='ocrx_word' id='word_1_143' title='bbox 802 1860 973 1906; x_wconf 89' lang='lat' dir='ltr'><strong>totam</strong></span> <span class='ocrx_word' id='word_1_144' title='bbox 1019 1861 1220 1907; x_wconf 91' lang='lat' dir='ltr'><strong>terram</strong></span> <span class='ocrx_word' id='word_1_145' title='bbox 1249 1867 1370 1922; x_wconf 64' lang='lat' dir='ltr'><strong>quae</strong></span> <span class='ocrx_word' id='word_1_146' title='bbox 1420 1855 1523 1909; x_wconf 89' lang='lat' dir='ltr'><strong>sub</strong></span> <span class='ocrx_word' id='word_1_147' title='bbox 1557 1854 1697 1909; x_wconf 59' lang='lat' dir='ltr'><strong>caelo</strong></span> <span class='ocrx_word' id='word_1_148' title='bbox 1727 1864 1833 1921; x_wconf 90' lang='lat' dir='ltr'><strong>est,</strong></span> 
     </span>
    </p>
   </div>
   <div class='ocr_carea' id='block_1_19' title="bbox 245 1943 1834 2019">
    <p class='ocr_par' dir='ltr' id='par_1_19' title="bbox 245 1943 1834 2019">
     <span class='ocr_line' id='line_1_19' title="bbox 245 1943 1834 2019; baseline 0.006 -25"><span class='ocrx_word' id='word_1_149' title='bbox 245 1943 336 1995; x_wconf 86' lang='lat' dir='ltr'><strong>sed</strong></span> <span class='ocrx_word' id='word_1_150' title='bbox 375 1957 478 1995; x_wconf 90' lang='lat' dir='ltr'><strong>non</strong></span> <span class='ocrx_word' id='word_1_151' title='bbox 514 1943 830 1998; x_wconf 87' lang='lat' dir='ltr'><strong>carnalibus</strong></span> <span class='ocrx_word' id='word_1_152' title='bbox 875 1944 1142 2013; x_wconf 82' lang='lat' dir='ltr'><strong>vestigiis,</strong></span> <span class='ocrx_word' id='word_1_153' title='bbox 1170 1960 1345 2015; x_wconf 89' lang='lat' dir='ltr'><strong>neque</strong></span> <span class='ocrx_word' id='word_1_154' title='bbox 1386 1949 1834 2019; x_wconf 88' lang='lat' dir='ltr'><strong>corruptibilibus</strong></span> 
     </span>
    </p>
   </div>
   <div class='ocr_carea' id='block_1_20' title="bbox 244 2035 1834 2110">
    <p class='ocr_par' dir='ltr' id='par_1_20' title="bbox 244 2035 1834 2110">
     <span class='ocr_line' id='line_1_20' title="bbox 244 2035 1834 2110; baseline 0.005 -23"><span class='ocrx_word' id='word_1_155' title='bbox 244 2035 544 2099; x_wconf 75' lang='lat' dir='ltr'><strong>gressibus,</strong></span> <span class='ocrx_word' id='word_1_156' title='bbox 574 2036 667 2090; x_wconf 92' lang='lat' dir='ltr'><strong>sed</strong></span> <span class='ocrx_word' id='word_1_157' title='bbox 702 2035 934 2106; x_wconf 82' lang='lat' dir='ltr'><strong>spiritali</strong></span> <span class='ocrx_word' id='word_1_158' title='bbox 971 2044 1310 2104; x_wconf 89' lang='lat' dir='ltr'><strong>transcursu,</strong></span> <span class='ocrx_word' id='word_1_159' title='bbox 1346 2048 1509 2110; x_wconf 89' lang='lat' dir='ltr'><strong>atque</strong></span> <span class='ocrx_word' id='word_1_160' title='bbox 1540 2042 1593 2095; x_wconf 91' lang='lat' dir='ltr'><strong>in</strong></span> <span class='ocrx_word' id='word_1_161' title='bbox 1637 2057 1834 2096; x_wconf 85' lang='lat' dir='ltr'><strong>cornn-</strong></span> 
     </span>
    </p>
   </div>
   <div class='ocr_carea' id='block_1_21' title="bbox 247 2126 1835 2200">
    <p class='ocr_par' dir='ltr' id='par_1_21' title="bbox 247 2126 1835 2200">
     <span class='ocr_line' id='line_1_21' title="bbox 247 2126 1835 2200; baseline 0.008 -22"><span class='ocrx_word' id='word_1_162' title='bbox 247 2126 339 2181; x_wconf 92' lang='lat' dir='ltr'><strong>rali</strong></span> <span class='ocrx_word' id='word_1_163' title='bbox 394 2129 631 2184; x_wconf 88' lang='lat' dir='ltr'><strong>transitu</strong></span> <span class='ocrx_word' id='word_1_164' title='bbox 684 2129 940 2184; x_wconf 89' lang='lat' dir='ltr'><strong>universa</strong></span> <span class='ocrx_word' id='word_1_165' title='bbox 977 2146 1098 2200; x_wconf 74' lang='lat' dir='ltr'><strong>qua:</strong></span> <span class='ocrx_word' id='word_1_166' title='bbox 1143 2133 1244 2186; x_wconf 87' lang='lat' dir='ltr'><strong>sub</strong></span> <span class='ocrx_word' id='word_1_167' title='bbox 1283 2134 1424 2188; x_wconf 71' lang='lat' dir='ltr'><strong>coelo</strong></span> <span class='ocrx_word' id='word_1_168' title='bbox 1483 2146 1612 2188; x_wconf 90' lang='lat' dir='ltr'><strong>sunt</strong></span> <span class='ocrx_word' id='word_1_169' title='bbox 1658 2137 1835 2191; x_wconf 83' lang='lat' dir='ltr'><strong>subito</strong></span> 
     </span>
    </p>
   </div>
   <div class='ocr_carea' id='block_1_22' title="bbox 244 2221 1830 2294">
    <p class='ocr_par' dir='ltr' id='par_1_22' title="bbox 244 2221 1830 2294">
     <span class='ocr_line' id='line_1_22' title="bbox 244 2221 1830 2294; baseline 0.006 -22"><span class='ocrx_word' id='word_1_170' title='bbox 244 2221 538 2288; x_wconf 86' lang='lat' dir='ltr'><strong>pervolans</strong></span> <span class='ocrx_word' id='word_1_171' title='bbox 567 2229 727 2290; x_wconf 88' lang='lat' dir='ltr'><strong>atque</strong></span> <span class='ocrx_word' id='word_1_172' title='bbox 767 2236 1085 2292; x_wconf 80' lang='lat' dir='ltr'><strong>peragrans.</strong></span> <span class='ocrx_word' id='word_1_173' title='bbox 1129 2223 1285 2278; x_wconf 87' lang='lat' dir='ltr'><strong>Sicut</strong></span> <span class='ocrx_word' id='word_1_174' title='bbox 1319 2238 1451 2294; x_wconf 89' lang='lat' dir='ltr'><strong>ergo</strong></span> <span class='ocrx_word' id='word_1_175' title='bbox 1500 2241 1607 2280; x_wconf 93' lang='lat' dir='ltr'><strong>non</strong></span> <span class='ocrx_word' id='word_1_176' title='bbox 1641 2242 1830 2281; x_wconf 91' lang='lat' dir='ltr'><strong>corru-</strong></span> 
     </span>
    </p>
   </div>
   <div class='ocr_carea' id='block_1_23' title="bbox 243 2313 1834 2389">
    <p class='ocr_par' dir='ltr' id='par_1_23' title="bbox 243 2313 1834 2389">
     <span class='ocr_line' id='line_1_23' title="bbox 243 2313 1834 2389; baseline 0.006 -26"><span class='ocrx_word' id='word_1_177' title='bbox 243 2313 533 2380; x_wconf 81' lang='lat' dir='ltr'><strong>ptibitibus</strong></span> <span class='ocrx_word' id='word_1_178' title='bbox 565 2313 860 2383; x_wconf 86' lang='lat' dir='ltr'><strong>gressibus,</strong></span> <span class='ocrx_word' id='word_1_179' title='bbox 903 2329 1082 2384; x_wconf 87' lang='lat' dir='ltr'><strong>neque</strong></span> <span class='ocrx_word' id='word_1_180' title='bbox 1112 2315 1427 2372; x_wconf 89' lang='lat' dir='ltr'><strong>carnalibus</strong></span> <span class='ocrx_word' id='word_1_181' title='bbox 1455 2319 1704 2389; x_wconf 78' lang='lat' dir='ltr'><strong>vestigiis</strong></span> <span class='ocrx_word' id='word_1_182' title='bbox 1727 2320 1834 2374; x_wconf 88' lang='lat' dir='ltr'><strong>cir-</strong></span> 
     </span>
    </p>
   </div>
   <div class='ocr_carea' id='block_1_24' title="bbox 241 2404 1830 2481">
    <p class='ocr_par' dir='ltr' id='par_1_24' title="bbox 241 2404 1830 2481">
     <span class='ocr_line' id='line_1_24' title="bbox 241 2404 1830 2481; baseline 0.008 -25"><span class='ocrx_word' id='word_1_183' title='bbox 241 2404 414 2457; x_wconf 85' lang='lat' dir='ltr'><strong>cuivit</strong></span> <span class='ocrx_word' id='word_1_184' title='bbox 455 2406 718 2472; x_wconf 87' lang='lat' dir='ltr'><strong>diabolus,</strong></span> <span class='ocrx_word' id='word_1_185' title='bbox 753 2407 846 2462; x_wconf 90' lang='lat' dir='ltr'><strong>sed</strong></span> <span class='ocrx_word' id='word_1_186' title='bbox 882 2406 932 2460; x_wconf 94' lang='lat' dir='ltr'><strong>in</strong></span> <span class='ocrx_word' id='word_1_187' title='bbox 967 2407 1372 2478; x_wconf 88' lang='lat' dir='ltr'><strong>incorruptibilt</strong></span> <span class='ocrx_word' id='word_1_188' title='bbox 1417 2421 1582 2481; x_wconf 89' lang='lat' dir='ltr'><strong>atque</strong></span> <span class='ocrx_word' id='word_1_189' title='bbox 1614 2414 1830 2469; x_wconf 87' lang='lat' dir='ltr'><strong>occulto</strong></span> 
     </span>
    </p>
   </div>
   <div class='ocr_carea' id='block_1_25' title="bbox 245 2499 1830 2573">
    <p class='ocr_par' dir='ltr' id='par_1_25' title="bbox 245 2499 1830 2573">
     <span class='ocr_line' id='line_1_25' title="bbox 245 2499 1830 2573; baseline 0.008 -26"><span class='ocrx_word' id='word_1_190' title='bbox 245 2507 568 2551; x_wconf 89' lang='lat' dir='ltr'><strong>transcursu</strong></span> <span class='ocrx_word' id='word_1_191' title='bbox 626 2517 641 2556; x_wconf 88' lang='lat'>:</span> <span class='ocrx_word' id='word_1_192' title='bbox 699 2499 778 2555; x_wconf 92' lang='lat' dir='ltr'><strong>sic</strong></span> <span class='ocrx_word' id='word_1_193' title='bbox 834 2499 1088 2554; x_wconf 84' lang='lat' dir='ltr'><strong>similiter</strong></span> <span class='ocrx_word' id='word_1_194' title='bbox 1143 2516 1268 2558; x_wconf 90' lang='lat' dir='ltr'><strong>cum</strong></span> <span class='ocrx_word' id='word_1_195' title='bbox 1323 2503 1457 2558; x_wconf 88' lang='lat' dir='ltr'><strong>dicit</strong></span> <span class='ocrx_word' id='word_1_196' title='bbox 1507 2506 1653 2573; x_wconf 92' lang='lat' dir='ltr'><strong>quod</strong></span> <span class='ocrx_word' id='word_1_197' title='bbox 1703 2517 1830 2560; x_wconf 88' lang='lat' dir='ltr'><strong>ante</strong></span> 
     </span>
    </p>
   </div>
   <div class='ocr_carea' id='block_1_26' title="bbox 245 2589 1830 2656">
    <p class='ocr_par' dir='ltr' id='par_1_26' title="bbox 245 2589 1830 2656">
     <span class='ocr_line' id='line_1_26' title="bbox 245 2589 1830 2656; baseline 0.007 -15"><span class='ocrx_word' id='word_1_198' title='bbox 245 2589 411 2642; x_wconf 86' lang='lat' dir='ltr'><strong>Dettnt</strong></span> <span class='ocrx_word' id='word_1_199' title='bbox 445 2593 681 2656; x_wconf 86' lang='lat' dir='ltr'><strong>steterit,</strong></span> <span class='ocrx_word' id='word_1_200' title='bbox 711 2608 819 2648; x_wconf 93' lang='lat' dir='ltr'><strong>non</strong></span> <span class='ocrx_word' id='word_1_201' title='bbox 858 2593 997 2649; x_wconf 81' lang='lat' dir='ltr'><strong>facie</strong></span> <span class='ocrx_word' id='word_1_202' title='bbox 1024 2596 1089 2649; x_wconf 89' lang='lat' dir='ltr'><strong>ad</strong></span> <span class='ocrx_word' id='word_1_203' title='bbox 1115 2594 1314 2652; x_wconf 81' lang='lat' dir='ltr'><strong>faciem</strong></span> <span class='ocrx_word' id='word_1_204' title='bbox 1347 2611 1532 2652; x_wconf 89' lang='lat' dir='ltr'><strong>coratn</strong></span> <span class='ocrx_word' id='word_1_205' title='bbox 1581 2599 1690 2654; x_wconf 91' lang='lat' dir='ltr'><strong>Deo</strong></span> <span class='ocrx_word' id='word_1_206' title='bbox 1717 2609 1830 2654; x_wconf 91' lang='lat' dir='ltr'><strong>ste-</strong></span> 
     </span>
    </p>
   </div>
   <div class='ocr_carea' id='block_1_27' title="bbox 245 2683 1829 2760">
    <p class='ocr_par' dir='ltr' id='par_1_27' title="bbox 245 2683 1829 2760">
     <span class='ocr_line' id='line_1_27' title="bbox 245 2683 1829 2760; baseline 0.009 -27"><span class='ocrx_word' id='word_1_207' title='bbox 245 2683 326 2747; x_wconf 86' lang='lat' dir='ltr'><strong>tit,</strong></span> <span class='ocrx_word' id='word_1_208' title='bbox 368 2685 460 2738; x_wconf 90' lang='lat' dir='ltr'><strong>sed</strong></span> <span class='ocrx_word' id='word_1_209' title='bbox 493 2685 727 2741; x_wconf 89' lang='lat' dir='ltr'><strong>occultis</strong></span> <span class='ocrx_word' id='word_1_210' title='bbox 750 2688 1203 2757; x_wconf 82' lang='lat' dir='ltr'><strong>cogitationibus,</strong></span> <span class='ocrx_word' id='word_1_211' title='bbox 1249 2698 1304 2744; x_wconf 93' lang='lat' dir='ltr'><strong>et</strong></span> <span class='ocrx_word' id='word_1_212' title='bbox 1336 2692 1687 2760; x_wconf 84' lang='lat' dir='ltr'><strong>nequissimis</strong></span> <span class='ocrx_word' id='word_1_213' title='bbox 1717 2709 1829 2747; x_wconf 86' lang='lat' dir='ltr'><strong>me-</strong></span> 
     </span>
    </p>
   </div>
   <div class='ocr_carea' id='block_1_28' title="bbox 241 2777 1831 2852">
    <p class='ocr_par' dir='ltr' id='par_1_28' title="bbox 241 2777 1831 2852">
     <span class='ocr_line' id='line_1_28' title="bbox 241 2777 1831 2852; baseline 0.008 -22"><span class='ocrx_word' id='word_1_214' title='bbox 241 2777 601 2835; x_wconf 89' lang='lat' dir='ltr'><strong>ditationibus</strong></span> <span class='ocrx_word' id='word_1_215' title='bbox 632 2789 757 2836; x_wconf 89' lang='lat' dir='ltr'><strong>ante</strong></span> <span class='ocrx_word' id='word_1_216' title='bbox 788 2780 956 2836; x_wconf 91' lang='lat' dir='ltr'><strong>Deum</strong></span> <span class='ocrx_word' id='word_1_217' title='bbox 981 2784 1199 2839; x_wconf 84' lang='lat' dir='ltr'><strong>venisse</strong></span> <span class='ocrx_word' id='word_1_218' title='bbox 1226 2785 1445 2852; x_wconf 91' lang='lat' dir='ltr'><strong>dicitur,</strong></span> <span class='ocrx_word' id='word_1_219' title='bbox 1480 2787 1585 2842; x_wconf 94' lang='lat' dir='ltr'><strong>hoc</strong></span> <span class='ocrx_word' id='word_1_220' title='bbox 1619 2798 1702 2841; x_wconf 81' lang='lat' dir='ltr'><strong>e5t</strong></span> <span class='ocrx_word' id='word_1_221' title='bbox 1734 2804 1831 2842; x_wconf 86' lang='lat' dir='ltr'><strong>nc-</strong></span> 
     </span>
    </p>
   </div>
   <div class='ocr_carea' id='block_1_29' title="bbox 237 2868 1830 2946">
    <p class='ocr_par' dir='ltr' id='par_1_29' title="bbox 237 2868 1830 2946">
     <span class='ocr_line' id='line_1_29' title="bbox 237 2868 1830 2946; baseline 0.008 -25"><span class='ocrx_word' id='word_1_222' title='bbox 237 2869 524 2936; x_wconf 76' lang='lat' dir='ltr'><strong>quissitna:</strong></span> <span class='ocrx_word' id='word_1_223' title='bbox 568 2868 688 2938; x_wconf 89' lang='lat' dir='ltr'><strong>ejus</strong></span> <span class='ocrx_word' id='word_1_224' title='bbox 728 2873 1091 2942; x_wconf 83' lang='lat' dir='ltr'><strong>cogitationes</strong></span> <span class='ocrx_word' id='word_1_225' title='bbox 1135 2890 1234 2944; x_wconf 91' lang='lat' dir='ltr'><strong>pro</strong></span> <span class='ocrx_word' id='word_1_226' title='bbox 1278 2876 1397 2946; x_wconf 83' lang='lat' dir='ltr'><strong>ejus</strong></span> <span class='ocrx_word' id='word_1_227' title='bbox 1457 2880 1830 2946; x_wconf 88' lang='lat' dir='ltr'><strong>increpatione</strong></span> 
     </span>
    </p>
   </div>
   <div class='ocr_carea' id='block_1_30' title="bbox 233 2966 1830 3040">
    <p class='ocr_par' dir='ltr' id='par_1_30' title="bbox 233 2966 1830 3040">
     <span class='ocr_line' id='line_1_30' title="bbox 233 2966 1830 3040; baseline 0.006 -22"><span class='ocrx_word' id='word_1_228' title='bbox 233 2973 515 3018; x_wconf 88' lang='lat' dir='ltr'><strong>steterunt</strong></span> <span class='ocrx_word' id='word_1_229' title='bbox 554 2973 680 3019; x_wconf 87' lang='lat' dir='ltr'><strong>ante</strong></span> <span class='ocrx_word' id='word_1_230' title='bbox 713 2966 902 3020; x_wconf 90' lang='lat' dir='ltr'><strong>Deum.</strong></span> <span class='ocrx_word' id='word_1_231' title='bbox 933 2966 1040 3022; x_wconf 92' lang='lat' dir='ltr'><strong>Sed</strong></span> <span class='ocrx_word' id='word_1_232' title='bbox 1066 2967 1307 3035; x_wconf 90' lang='lat' dir='ltr'><strong>interim,</strong></span> <span class='ocrx_word' id='word_1_233' title='bbox 1361 2969 1560 3040; x_wconf 87' lang='lat' dir='ltr'><strong>inquit,</strong></span> <span class='ocrx_word' id='word_1_234' title='bbox 1596 2973 1830 3027; x_wconf 75' lang='lat' dir='ltr'><strong>Circuivi</strong></span> 
     </span>
    </p>
   </div>
   <div class='ocr_carea' id='block_1_31' title="bbox 226 3059 1830 3130">
    <p class='ocr_par' dir='ltr' id='par_1_31' title="bbox 226 3059 1830 3130">
     <span class='ocr_line' id='line_1_31' title="bbox 226 3059 1830 3130; baseline 0.007 -20"><span class='ocrx_word' id='word_1_235' title='bbox 226 3067 400 3111; x_wconf 78' lang='lat' dir='ltr'><strong>totum</strong></span> <span class='ocrx_word' id='word_1_236' title='bbox 437 3067 633 3112; x_wconf 85' lang='lat' dir='ltr'><strong>terram</strong></span> <span class='ocrx_word' id='word_1_237' title='bbox 658 3075 776 3127; x_wconf 68' lang='lat' dir='ltr'><strong>quae</strong></span> <span class='ocrx_word' id='word_1_238' title='bbox 823 3059 916 3112; x_wconf 89' lang='lat' dir='ltr'><strong>sub</strong></span> <span class='ocrx_word' id='word_1_239' title='bbox 956 3059 1080 3114; x_wconf 76' lang='lat' dir='ltr'><strong>ewlo</strong></span> <span class='ocrx_word' id='word_1_240' title='bbox 1125 3071 1222 3130; x_wconf 83' lang='lat' dir='ltr'><strong>est,</strong></span> <span class='ocrx_word' id='word_1_241' title='bbox 1257 3072 1304 3118; x_wconf 82' lang='lat' dir='ltr'><strong>et</strong></span> <span class='ocrx_word' id='word_1_242' title='bbox 1336 3065 1471 3117; x_wconf 86' lang='lat' dir='ltr'><strong>veni.</strong></span> <span class='ocrx_word' id='word_1_243' title='bbox 1526 3063 1653 3130; x_wconf 89' lang='lat' dir='ltr'><strong>Sed,</strong></span> <span class='ocrx_word' id='word_1_244' title='bbox 1690 3068 1830 3122; x_wconf 86' lang='lat' dir='ltr'><strong>male</strong></span> 
     </span>
    </p>
   </div>
   <div class='ocr_carea' id='block_1_32' title="bbox 224 3149 1902 3231">
    <p class='ocr_par' dir='ltr' id='par_1_32' title="bbox 224 3149 1902 3231">
     <span class='ocr_line' id='line_1_32' title="bbox 224 3149 1902 3231; baseline 0.007 -32"><span class='ocrx_word' id='word_1_245' title='bbox 224 3149 530 3219; x_wconf 76' lang='lat' dir='ltr'><strong>gloriaris;</strong></span> <span class='ocrx_word' id='word_1_246' title='bbox 574 3159 630 3204; x_wconf 90' lang='lat' dir='ltr'><strong>et</strong></span> <span class='ocrx_word' id='word_1_247' title='bbox 672 3151 812 3204; x_wconf 89' lang='lat' dir='ltr'><strong>mala</strong></span> <span class='ocrx_word' id='word_1_248' title='bbox 853 3159 936 3205; x_wconf 89' lang='lat' dir='ltr'><strong>est</strong></span> <span class='ocrx_word' id='word_1_249' title='bbox 982 3153 1096 3208; x_wconf 66' lang='lat' dir='ltr'><strong>haec</strong></span> <span class='ocrx_word' id='word_1_250' title='bbox 1148 3163 1236 3207; x_wconf 85' lang='lat' dir='ltr'><strong>tua</strong></span> <span class='ocrx_word' id='word_1_251' title='bbox 1281 3154 1549 3225; x_wconf 81' lang='lat' dir='ltr'><strong>gloriatio.</strong></span> <span class='ocrx_word' id='word_1_252' title='bbox 1604 3155 1828 3212; x_wconf 80' lang='lat' dir='ltr'><strong>Terram</strong></span> <span class='ocrx_word' id='word_1_253' title='bbox 1860 3175 1902 3231; x_wconf 75' lang='grc' dir='ltr'>ο</span> 
     </span>
    </p>
   </div>
   <div class='ocr_carea' id='block_1_33' title="bbox 216 3240 1826 3318">
    <p class='ocr_par' dir='ltr' id='par_1_33' title="bbox 216 3240 1826 3318">
     <span class='ocr_line' id='line_1_33' title="bbox 216 3240 1826 3318; baseline 0.006 -23"><span class='ocrx_word' id='word_1_254' title='bbox 216 3241 466 3304; x_wconf 84' lang='lat' dir='ltr'><strong>circuis,</strong></span> <span class='ocrx_word' id='word_1_255' title='bbox 500 3243 595 3294; x_wconf 92' lang='lat' dir='ltr'><strong>sed</strong></span> <span class='ocrx_word' id='word_1_256' title='bbox 626 3241 691 3294; x_wconf 89' lang='lat' dir='ltr'><strong>ad</strong></span> <span class='ocrx_word' id='word_1_257' title='bbox 738 3240 936 3296; x_wconf 65' lang='lat' dir='ltr'><strong>caelum</strong></span> <span class='ocrx_word' id='word_1_258' title='bbox 967 3259 1072 3298; x_wconf 91' lang='lat' dir='ltr'><strong>non</strong></span> <span class='ocrx_word' id='word_1_259' title='bbox 1109 3249 1418 3302; x_wconf 84' lang='lat' dir='ltr'><strong>reverteris.</strong></span> <span class='ocrx_word' id='word_1_260' title='bbox 1460 3249 1530 3302; x_wconf 85' lang='lat' dir='ltr'><strong>Ea</strong></span> <span class='ocrx_word' id='word_1_261' title='bbox 1563 3265 1683 3318; x_wconf 69' lang='lat' dir='ltr'><strong>quae</strong></span> <span class='ocrx_word' id='word_1_262' title='bbox 1726 3253 1826 3304; x_wconf 90' lang='lat' dir='ltr'><strong>sub</strong></span> 
     </span>
    </p>
   </div>
   <div class='ocr_carea' id='block_1_34' title="bbox 212 3328 1830 3404">
    <p class='ocr_par' dir='ltr' id='par_1_34' title="bbox 212 3328 1830 3404">
     <span class='ocr_line' id='line_1_34' title="bbox 212 3328 1830 3404; baseline 0.008 -22"><span class='ocrx_word' id='word_1_263' title='bbox 212 3328 376 3382; x_wconf 73' lang='lat' dir='ltr'><strong>caelo</strong></span> <span class='ocrx_word' id='word_1_264' title='bbox 415 3337 539 3381; x_wconf 89' lang='lat' dir='ltr'><strong>sunt</strong></span> <span class='ocrx_word' id='word_1_265' title='bbox 581 3343 867 3398; x_wconf 85' lang='lat' dir='ltr'><strong>peragras,</strong></span> <span class='ocrx_word' id='word_1_266' title='bbox 906 3335 1000 3386; x_wconf 90' lang='lat' dir='ltr'><strong>sed</strong></span> <span class='ocrx_word' id='word_1_267' title='bbox 1028 3333 1119 3386; x_wconf 89' lang='lat' dir='ltr'><strong>illa</strong></span> <span class='ocrx_word' id='word_1_268' title='bbox 1171 3352 1292 3404; x_wconf 64' lang='lat' dir='ltr'><strong>quae</strong></span> <span class='ocrx_word' id='word_1_269' title='bbox 1330 3338 1381 3391; x_wconf 93' lang='lat' dir='ltr'><strong>in</strong></span> <span class='ocrx_word' id='word_1_270' title='bbox 1429 3341 1659 3395; x_wconf 83' lang='lat' dir='ltr'><strong>excelsis</strong></span> <span class='ocrx_word' id='word_1_271' title='bbox 1702 3350 1830 3395; x_wconf 91' lang='lat' dir='ltr'><strong>sunt</strong></span> 
     </span>
    </p>
   </div>
   <div class='ocr_carea' id='block_1_35' title="bbox 209 3423 1826 3502">
    <p class='ocr_par' dir='ltr' id='par_1_35' title="bbox 209 3423 1826 3502">
     <span class='ocr_line' id='line_1_35' title="bbox 209 3423 1826 3502; baseline 0.006 -26"><span class='ocrx_word' id='word_1_272' title='bbox 209 3439 338 3476; x_wconf 78' lang='lat' dir='ltr'><strong>non</strong></span> <span class='ocrx_word' id='word_1_273' title='bbox 380 3424 710 3492; x_wconf 86' lang='lat' dir='ltr'><strong>possidebis.</strong></span> <span class='ocrx_word' id='word_1_274' title='bbox 761 3423 992 3479; x_wconf 88' lang='lat' dir='ltr'><strong>Circuivi</strong></span> <span class='ocrx_word' id='word_1_275' title='bbox 1047 3444 1251 3482; x_wconf 85' lang='lat' dir='ltr'><strong>omnem</strong></span> <span class='ocrx_word' id='word_1_276' title='bbox 1309 3441 1507 3484; x_wconf 86' lang='lat' dir='ltr'><strong>terram</strong></span> <span class='ocrx_word' id='word_1_277' title='bbox 1547 3449 1666 3502; x_wconf 70' lang='lat' dir='ltr'><strong>qua:</strong></span> <span class='ocrx_word' id='word_1_278' title='bbox 1729 3433 1826 3485; x_wconf 86' lang='lat' dir='ltr'><strong>sub</strong></span> 
     </span>
    </p>
   </div>
   <div class='ocr_carea' id='block_1_36' title="bbox 205 3516 1827 3590">
    <p class='ocr_par' dir='ltr' id='par_1_36' title="bbox 205 3516 1827 3590">
     <span class='ocr_line' id='line_1_36' title="bbox 205 3516 1827 3590; baseline 0.007 -22"><span class='ocrx_word' id='word_1_279' title='bbox 205 3517 364 3569; x_wconf 73' lang='lat' dir='ltr'><strong>calo</strong></span> <span class='ocrx_word' id='word_1_280' title='bbox 399 3526 496 3568; x_wconf 86' lang='lat' dir='ltr'><strong>est.</strong></span> <span class='ocrx_word' id='word_1_281' title='bbox 531 3516 795 3572; x_wconf 88' lang='lat' dir='ltr'><strong>Circuivit</strong></span> <span class='ocrx_word' id='word_1_282' title='bbox 819 3532 924 3573; x_wconf 92' lang='lat' dir='ltr'><strong>non</strong></span> <span class='ocrx_word' id='word_1_283' title='bbox 958 3520 1269 3574; x_wconf 84' lang='lat' dir='ltr'><strong>carnalibus</strong></span> <span class='ocrx_word' id='word_1_284' title='bbox 1302 3524 1564 3590; x_wconf 81' lang='lat' dir='ltr'><strong>vestigiis,</strong></span> <span class='ocrx_word' id='word_1_285' title='bbox 1591 3523 1685 3578; x_wconf 89' lang='lat' dir='ltr'><strong>sed</strong></span> <span class='ocrx_word' id='word_1_286' title='bbox 1717 3526 1827 3579; x_wconf 93' lang='lat' dir='ltr'><strong>cir-</strong></span> 
     </span>
    </p>
   </div>
   <div class='ocr_carea' id='block_1_37' title="bbox 201 3607 1828 3688">
    <p class='ocr_par' dir='ltr' id='par_1_37' title="bbox 201 3607 1828 3688">
     <span class='ocr_line' id='line_1_37' title="bbox 201 3607 1828 3688; baseline 0.005 -26"><span class='ocrx_word' id='word_1_287' title='bbox 201 3607 579 3662; x_wconf 78' lang='lat' dir='ltr'><strong>cuitinnibus</strong></span> <span class='ocrx_word' id='word_1_288' title='bbox 607 3609 935 3678; x_wconf 87' lang='lat' dir='ltr'><strong>iniquitatis,</strong></span> <span class='ocrx_word' id='word_1_289' title='bbox 982 3628 1088 3666; x_wconf 93' lang='lat' dir='ltr'><strong>non</strong></span> <span class='ocrx_word' id='word_1_290' title='bbox 1125 3616 1357 3668; x_wconf 89' lang='lat' dir='ltr'><strong>terrenis</strong></span> <span class='ocrx_word' id='word_1_291' title='bbox 1399 3617 1700 3688; x_wconf 79' lang='lat' dir='ltr'><strong>gressibus,</strong></span> <span class='ocrx_word' id='word_1_292' title='bbox 1735 3617 1828 3670; x_wconf 91' lang='lat' dir='ltr'><strong>sed</strong></span> 
     </span>
    </p>
   </div>
   <div class='ocr_carea' id='block_1_38' title="bbox 205 3701 1830 3769">
    <p class='ocr_par' dir='ltr' id='par_1_38' title="bbox 205 3701 1830 3769">
     <span class='ocr_line' id='line_1_38' title="bbox 205 3701 1830 3769; baseline 0.005 -15"><span class='ocrx_word' id='word_1_293' title='bbox 205 3701 584 3769; x_wconf 85' lang='lat' dir='ltr'><strong>spiritalibus</strong></span> <span class='ocrx_word' id='word_1_294' title='bbox 630 3703 1071 3769; x_wconf 89' lang='lat' dir='ltr'><strong>seductionibus,</strong></span> <span class='ocrx_word' id='word_1_295' title='bbox 1143 3705 1375 3759; x_wconf 79' lang='lat' dir='ltr'><strong>Circuivi</strong></span> <span class='ocrx_word' id='word_1_296' title='bbox 1421 3717 1581 3761; x_wconf 80' lang='lat' dir='ltr'><strong>lotam</strong></span> <span class='ocrx_word' id='word_1_297' title='bbox 1634 3721 1830 3762; x_wconf 82' lang='lat' dir='ltr'><strong>terram</strong></span> 
     </span>
    </p>
   </div>
   <div class='ocr_carea' id='block_1_39' title="bbox 207 3794 1830 3869">
    <p class='ocr_par' dir='ltr' id='par_1_39' title="bbox 207 3794 1830 3869">
     <span class='ocr_line' id='line_1_39' title="bbox 207 3794 1830 3869; baseline 0.006 -24"><span class='ocrx_word' id='word_1_298' title='bbox 207 3812 352 3864; x_wconf 69' lang='lat' dir='ltr'><strong>quit:</strong></span> <span class='ocrx_word' id='word_1_299' title='bbox 381 3794 480 3846; x_wconf 84' lang='lat' dir='ltr'><strong>sub</strong></span> <span class='ocrx_word' id='word_1_300' title='bbox 504 3795 625 3849; x_wconf 67' lang='lat' dir='ltr'><strong>calo</strong></span> <span class='ocrx_word' id='word_1_301' title='bbox 661 3807 757 3850; x_wconf 84' lang='lat' dir='ltr'><strong>est.</strong></span> <span class='ocrx_word' id='word_1_302' title='bbox 788 3796 903 3852; x_wconf 84' lang='lat' dir='ltr'><strong>Non</strong></span> <span class='ocrx_word' id='word_1_303' title='bbox 937 3814 1034 3867; x_wconf 86' lang='lat' dir='ltr'><strong>per</strong></span> <span class='ocrx_word' id='word_1_304' title='bbox 1065 3807 1369 3868; x_wconf 88' lang='lat' dir='ltr'><strong>temporum</strong></span> <span class='ocrx_word' id='word_1_305' title='bbox 1405 3801 1576 3869; x_wconf 83' lang='lat' dir='ltr'><strong>Spatia</strong></span> <span class='ocrx_word' id='word_1_306' title='bbox 1627 3801 1830 3856; x_wconf 83' lang='lat' dir='ltr'><strong>circui-</strong></span> 
     </span>
    </p>
   </div>
   <div class='ocr_carea' id='block_1_40' title="bbox 212 3889 1832 3965">
    <p class='ocr_par' dir='ltr' id='par_1_40' title="bbox 212 3889 1832 3965">
     <span class='ocr_line' id='line_1_40' title="bbox 212 3889 1832 3965; baseline 0.007 -25"><span class='ocrx_word' id='word_1_307' title='bbox 212 3891 324 3952; x_wconf 79' lang='lat' dir='ltr'><strong>sti,</strong></span> <span class='ocrx_word' id='word_1_308' title='bbox 385 3889 479 3941; x_wconf 81' lang='lat' dir='ltr'><strong>sed</strong></span> <span class='ocrx_word' id='word_1_309' title='bbox 523 3889 721 3955; x_wconf 85' lang='lat' dir='ltr'><strong>subito,</strong></span> <span class='ocrx_word' id='word_1_310' title='bbox 757 3889 1012 3946; x_wconf 81' lang='lat' dir='ltr'><strong>celeriter</strong></span> <span class='ocrx_word' id='word_1_311' title='bbox 1063 3908 1128 3945; x_wconf 92' lang='lat' dir='ltr'><strong>ac</strong></span> <span class='ocrx_word' id='word_1_312' title='bbox 1185 3892 1448 3948; x_wconf 87' lang='lat' dir='ltr'><strong>velociter</strong></span> <span class='ocrx_word' id='word_1_313' title='bbox 1499 3895 1684 3948; x_wconf 84' lang='lat' dir='ltr'><strong>omnia</strong></span> <span class='ocrx_word' id='word_1_314' title='bbox 1711 3911 1832 3965; x_wconf 71' lang='lat' dir='ltr'><strong>qua:</strong></span> 
     </span>
    </p>
   </div>
   <div class='ocr_carea' id='block_1_41' title="bbox 217 3979 1832 4054">
    <p class='ocr_par' dir='ltr' id='par_1_41' title="bbox 217 3979 1832 4054">
     <span class='ocr_line' id='line_1_41' title="bbox 217 3979 1832 4054; baseline 0.004 -20"><span class='ocrx_word' id='word_1_315' title='bbox 217 3979 337 4034; x_wconf 78' lang='lat' dir='ltr'><strong>sub</strong></span> <span class='ocrx_word' id='word_1_316' title='bbox 394 3979 531 4033; x_wconf 68' lang='lat' dir='ltr'><strong>coelo</strong></span> <span class='ocrx_word' id='word_1_317' title='bbox 566 3991 690 4034; x_wconf 90' lang='lat' dir='ltr'><strong>sunt</strong></span> <span class='ocrx_word' id='word_1_318' title='bbox 736 3984 1060 4052; x_wconf 86' lang='lat' dir='ltr'><strong>peragrasti,</strong></span> <span class='ocrx_word' id='word_1_319' title='bbox 1107 3993 1160 4036; x_wconf 90' lang='lat' dir='ltr'><strong>et</strong></span> <span class='ocrx_word' id='word_1_320' title='bbox 1213 3985 1398 4037; x_wconf 86' lang='lat' dir='ltr'><strong>omnia</strong></span> <span class='ocrx_word' id='word_1_321' title='bbox 1445 4001 1564 4054; x_wconf 72' lang='lat' dir='ltr'><strong>qua:</strong></span> <span class='ocrx_word' id='word_1_322' title='bbox 1608 3985 1675 4051; x_wconf 72' lang='lat' dir='ltr'><strong>in,</strong></span> <span class='ocrx_word' id='word_1_323' title='bbox 1705 4002 1832 4041; x_wconf 87' lang='lat' dir='ltr'><strong>aere</strong></span> 
     </span>
    </p>
   </div>
   <div class='ocr_carea' id='block_1_42' title="bbox 223 4071 1832 4145">
    <p class='ocr_par' dir='ltr' id='par_1_42' title="bbox 223 4071 1832 4145">
     <span class='ocr_line' id='line_1_42' title="bbox 223 4071 1832 4145; baseline 0.004 -20"><span class='ocrx_word' id='word_1_324' title='bbox 223 4081 370 4126; x_wconf 89' lang='lat' dir='ltr'><strong>sunt</strong></span> <span class='ocrx_word' id='word_1_325' title='bbox 419 4071 772 4140; x_wconf 84' lang='lat' dir='ltr'><strong>pervolando,</strong></span> <span class='ocrx_word' id='word_1_326' title='bbox 815 4084 868 4128; x_wconf 92' lang='lat' dir='ltr'><strong>et</strong></span> <span class='ocrx_word' id='word_1_327' title='bbox 900 4084 1097 4128; x_wconf 88' lang='lat' dir='ltr'><strong>cuncta</strong></span> <span class='ocrx_word' id='word_1_328' title='bbox 1127 4091 1249 4145; x_wconf 72' lang='lat' dir='ltr'><strong>qua:</strong></span> <span class='ocrx_word' id='word_1_329' title='bbox 1281 4077 1381 4130; x_wconf 89' lang='lat' dir='ltr'><strong>sub</strong></span> <span class='ocrx_word' id='word_1_330' title='bbox 1419 4077 1558 4132; x_wconf 64' lang='lat' dir='ltr'><strong>caelo</strong></span> <span class='ocrx_word' id='word_1_331' title='bbox 1594 4089 1719 4132; x_wconf 91' lang='lat' dir='ltr'><strong>sunt</strong></span> <span class='ocrx_word' id='word_1_332' title='bbox 1748 4079 1832 4132; x_wconf 86' lang='lat' dir='ltr'><strong>itt-</strong></span> 
     </span>
    </p>
   </div>
   <div class='ocr_carea' id='block_1_43' title="bbox 226 4166 1829 4238">
    <p class='ocr_par' dir='ltr' id='par_1_43' title="bbox 226 4166 1829 4238">
     <span class='ocr_line' id='line_1_43' title="bbox 226 4166 1829 4238; baseline 0.004 -19"><span class='ocrx_word' id='word_1_333' title='bbox 226 4166 544 4234; x_wconf 85' lang='lat' dir='ltr'><strong>spiciendo,</strong></span> <span class='ocrx_word' id='word_1_334' title='bbox 575 4166 754 4220; x_wconf 78' lang='lat' dir='ltr'><strong>Subito</strong></span> <span class='ocrx_word' id='word_1_335' title='bbox 783 4167 848 4221; x_wconf 90' lang='lat' dir='ltr'><strong>ab</strong></span> <span class='ocrx_word' id='word_1_336' title='bbox 872 4168 1082 4222; x_wconf 87' lang='lat' dir='ltr'><strong>oriente</strong></span> <span class='ocrx_word' id='word_1_337' title='bbox 1106 4170 1172 4222; x_wconf 90' lang='lat' dir='ltr'><strong>ad</strong></span> <span class='ocrx_word' id='word_1_338' title='bbox 1196 4185 1448 4224; x_wconf 88' lang='lat' dir='ltr'><strong>occasum</strong></span> <span class='ocrx_word' id='word_1_339' title='bbox 1474 4174 1829 4238; x_wconf 89' lang='lat' dir='ltr'><strong>transeundo,</strong></span> 
     </span>
    </p>
   </div>
   <div class='ocr_carea' id='block_1_44' title="bbox 226 4256 1832 4333">
    <p class='ocr_par' dir='ltr' id='par_1_44' title="bbox 226 4256 1832 4333">
     <span class='ocr_line' id='line_1_44' title="bbox 226 4256 1832 4333; baseline 0.002 -20"><span class='ocrx_word' id='word_1_340' title='bbox 226 4269 286 4313; x_wconf 87' lang='lat' dir='ltr'><strong>et</strong></span> <span class='ocrx_word' id='word_1_341' title='bbox 318 4273 350 4309; x_wconf 92' lang='lat' dir='ltr'><strong>a</strong></span> <span class='ocrx_word' id='word_1_342' title='bbox 389 4256 693 4311; x_wconf 87' lang='lat' dir='ltr'><strong>meridiano</strong></span> <span class='ocrx_word' id='word_1_343' title='bbox 721 4260 788 4311; x_wconf 88' lang='lat' dir='ltr'><strong>ad</strong></span> <span class='ocrx_word' id='word_1_344' title='bbox 822 4259 1131 4328; x_wconf 90' lang='lat' dir='ltr'><strong>aquilonem</strong></span> <span class='ocrx_word' id='word_1_345' title='bbox 1160 4262 1510 4328; x_wconf 86' lang='lat' dir='ltr'><strong>pervolando,</strong></span> <span class='ocrx_word' id='word_1_346' title='bbox 1539 4273 1594 4317; x_wconf 92' lang='lat' dir='ltr'><strong>et</strong></span> <span class='ocrx_word' id='word_1_347' title='bbox 1615 4279 1678 4317; x_wconf 89' lang='lat' dir='ltr'><strong>ea</strong></span> <span class='ocrx_word' id='word_1_348' title='bbox 1711 4279 1832 4333; x_wconf 63' lang='lat' dir='ltr'><strong>quae</strong></span> 
     </span>
    </p>
   </div>
   <div class='ocr_carea' id='block_1_45' title="bbox 231 4352 1834 4425">
    <p class='ocr_par' dir='ltr' id='par_1_45' title="bbox 231 4352 1834 4425">
     <span class='ocr_line' id='line_1_45' title="bbox 231 4352 1834 4425; baseline 0.006 -25"><span class='ocrx_word' id='word_1_349' title='bbox 231 4366 337 4422; x_wconf 79' lang='lat' dir='ltr'><strong>per</strong></span> <span class='ocrx_word' id='word_1_350' title='bbox 372 4362 604 4419; x_wconf 86' lang='lat' dir='ltr'><strong>quatuor</strong></span> <span class='ocrx_word' id='word_1_351' title='bbox 636 4353 896 4406; x_wconf 88' lang='lat' dir='ltr'><strong>terminos</strong></span> <span class='ocrx_word' id='word_1_352' title='bbox 928 4352 1076 4407; x_wconf 90' lang='lat' dir='ltr'><strong>orbis</strong></span> <span class='ocrx_word' id='word_1_353' title='bbox 1105 4353 1157 4406; x_wconf 91' lang='lat' dir='ltr'><strong>in</strong></span> <span class='ocrx_word' id='word_1_354' title='bbox 1190 4356 1442 4409; x_wconf 89' lang='lat' dir='ltr'><strong>omnibus</strong></span> <span class='ocrx_word' id='word_1_355' title='bbox 1473 4357 1749 4425; x_wconf 86' lang='lat' dir='ltr'><strong>gentibus,</strong></span> <span class='ocrx_word' id='word_1_356' title='bbox 1780 4367 1834 4410; x_wconf 93' lang='lat' dir='ltr'><strong>ct</strong></span> 
     </span>
    </p>
   </div>
   <div class='ocr_carea' id='block_1_46' title="bbox 235 4443 1829 4518">
    <p class='ocr_par' dir='ltr' id='par_1_46' title="bbox 235 4443 1829 4518">
     <span class='ocr_line' id='line_1_46' title="bbox 235 4443 1829 4518; baseline 0.003 -20"><span class='ocrx_word' id='word_1_357' title='bbox 235 4443 569 4515; x_wconf 88' lang='lat' dir='ltr'><strong>provinciis,</strong></span> <span class='ocrx_word' id='word_1_358' title='bbox 628 4454 682 4499; x_wconf 90' lang='lat' dir='ltr'><strong>et</strong></span> <span class='ocrx_word' id='word_1_359' title='bbox 725 4446 1039 4516; x_wconf 88' lang='lat' dir='ltr'><strong>regionibus</strong></span> <span class='ocrx_word' id='word_1_360' title='bbox 1083 4456 1247 4516; x_wconf 87' lang='lat' dir='ltr'><strong>atque</strong></span> <span class='ocrx_word' id='word_1_361' title='bbox 1305 4448 1504 4518; x_wconf 87' lang='lat' dir='ltr'><strong>linguis</strong></span> <span class='ocrx_word' id='word_1_362' title='bbox 1544 4453 1699 4517; x_wconf 91' lang='lat' dir='ltr'><strong>liunt,</strong></span> <span class='ocrx_word' id='word_1_363' title='bbox 1749 4451 1829 4504; x_wconf 89' lang='lat' dir='ltr'><strong>vel</strong></span> 
     </span>
    </p>
   </div>
   <div class='ocr_carea' id='block_1_47' title="bbox 237 4526 1910 4607">
    <p class='ocr_par' dir='ltr' id='par_1_47' title="bbox 237 4526 1910 4607">
     <span class='ocr_line' id='line_1_47' title="bbox 237 4526 1910 4607; baseline 0.001 -14"><span class='ocrx_word' id='word_1_364' title='bbox 237 4542 504 4593; x_wconf 87' lang='lat' dir='ltr'><strong>dicuntur</strong></span> <span class='ocrx_word' id='word_1_365' title='bbox 544 4539 754 4603; x_wconf 87' lang='lat' dir='ltr'><strong>videns,</strong></span> <span class='ocrx_word' id='word_1_366' title='bbox 799 4550 851 4594; x_wconf 91' lang='lat' dir='ltr'><strong>et</strong></span> <span class='ocrx_word' id='word_1_367' title='bbox 897 4540 1146 4607; x_wconf 89' lang='lat' dir='ltr'><strong>audiens,</strong></span> <span class='ocrx_word' id='word_1_368' title='bbox 1191 4549 1246 4594; x_wconf 89' lang='lat' dir='ltr'><strong>et</strong></span> <span class='ocrx_word' id='word_1_369' title='bbox 1287 4542 1506 4605; x_wconf 90' lang='lat' dir='ltr'><strong>sciens,</strong></span> <span class='ocrx_word' id='word_1_370' title='bbox 1554 4557 1660 4596; x_wconf 89' lang='lat' dir='ltr'><strong>non</strong></span> <span class='ocrx_word' id='word_1_371' title='bbox 1715 4551 1832 4594; x_wconf 79' lang='lat' dir='ltr'><strong>tan-</strong></span> <span class='ocrx_word' id='word_1_372' title='bbox 1867 4526 1910 4580; x_wconf 80' lang='lat' dir='ltr'><strong>D</strong></span> 
     </span>
    </p>
   </div>
   <div class='ocr_carea' id='block_1_48' title="bbox 242 4619 1832 4704">
    <p class='ocr_par' dir='ltr' id='par_1_48' title="bbox 242 4619 1832 4704">
     <span class='ocr_line' id='line_1_48' title="bbox 242 4619 1832 4704; baseline 0.004 -20"><span class='ocrx_word' id='word_1_373' title='bbox 242 4648 409 4702; x_wconf 87' lang='lat' dir='ltr'><strong>quam</strong></span> <span class='ocrx_word' id='word_1_374' title='bbox 467 4633 517 4685; x_wconf 93' lang='lat' dir='ltr'><strong>in</strong></span> <span class='ocrx_word' id='word_1_375' title='bbox 560 4633 850 4702; x_wconf 60' lang='lat' dir='ltr'><strong>praesentia</strong></span> <span class='ocrx_word' id='word_1_376' title='bbox 892 4633 1123 4697; x_wconf 83' lang='lat' dir='ltr'><strong>habens,</strong></span> <span class='ocrx_word' id='word_1_377' title='bbox 1172 4619 1265 4688; x_wconf 85' lang='lat' dir='ltr'><strong>sed</strong></span> <span class='ocrx_word' id='word_1_378' title='bbox 1304 4643 1561 4704; x_wconf 90' lang='lat' dir='ltr'><strong>tanquam</strong></span> <span class='ocrx_word' id='word_1_379' title='bbox 1608 4636 1832 4704; x_wconf 89' lang='lat' dir='ltr'><strong>spiritus</strong></span> 
     </span>
    </p>
   </div>
   <div class='ocr_carea' id='block_1_49' title="bbox 244 4725 1831 4797">
    <p class='ocr_par' dir='ltr' id='par_1_49' title="bbox 244 4725 1831 4797">
     <span class='ocr_line' id='line_1_49' title="bbox 244 4725 1831 4797; baseline 0.003 -20"><span class='ocrx_word' id='word_1_380' title='bbox 244 4726 457 4788; x_wconf 82' lang='lat' dir='ltr'><strong>volans,</strong></span> <span class='ocrx_word' id='word_1_381' title='bbox 489 4733 543 4779; x_wconf 89' lang='lat' dir='ltr'><strong>et</strong></span> <span class='ocrx_word' id='word_1_382' title='bbox 565 4726 741 4779; x_wconf 90' lang='lat' dir='ltr'><strong>omnia</strong></span> <span class='ocrx_word' id='word_1_383' title='bbox 769 4741 889 4796; x_wconf 64' lang='lat' dir='ltr'><strong>quae</strong></span> <span class='ocrx_word' id='word_1_384' title='bbox 919 4741 1050 4780; x_wconf 88' lang='lat' dir='ltr'><strong>voce</strong></span> <span class='ocrx_word' id='word_1_385' title='bbox 1072 4725 1330 4780; x_wconf 89' lang='lat' dir='ltr'><strong>dicuntur</strong></span> <span class='ocrx_word' id='word_1_386' title='bbox 1353 4729 1601 4790; x_wconf 89' lang='lat' dir='ltr'><strong>audiens,</strong></span> <span class='ocrx_word' id='word_1_387' title='bbox 1631 4737 1684 4782; x_wconf 88' lang='lat' dir='ltr'><strong>et</strong></span> <span class='ocrx_word' id='word_1_388' title='bbox 1713 4744 1831 4797; x_wconf 80' lang='lat' dir='ltr'><strong>qua:</strong></span> 
     </span>
    </p>
   </div>
   <div class='ocr_carea' id='block_1_50' title="bbox 248 4818 1830 4886">
    <p class='ocr_par' dir='ltr' id='par_1_50' title="bbox 248 4818 1830 4886">
     <span class='ocr_line' id='line_1_50' title="bbox 248 4818 1830 4886; baseline -0.001 -14"><span class='ocrx_word' id='word_1_389' title='bbox 248 4819 507 4886; x_wconf 88' lang='lat' dir='ltr'><strong>operibus</strong></span> <span class='ocrx_word' id='word_1_390' title='bbox 555 4818 687 4871; x_wconf 85' lang='lat' dir='ltr'><strong>ﬁunt</strong></span> <span class='ocrx_word' id='word_1_391' title='bbox 743 4818 992 4871; x_wconf 87' lang='lat' dir='ltr'><strong>universa</strong></span> <span class='ocrx_word' id='word_1_392' title='bbox 1057 4818 1268 4882; x_wconf 89' lang='lat' dir='ltr'><strong>videns,</strong></span> <span class='ocrx_word' id='word_1_393' title='bbox 1328 4835 1390 4871; x_wconf 87' lang='lat' dir='ltr'><strong>ea</strong></span> <span class='ocrx_word' id='word_1_394' title='bbox 1446 4833 1576 4872; x_wconf 91' lang='lat' dir='ltr'><strong>vero</strong></span> <span class='ocrx_word' id='word_1_395' title='bbox 1625 4819 1830 4886; x_wconf 86' lang='lat' dir='ltr'><strong>qn:ein</strong></span> 
     </span>
    </p>
   </div>
   <div class='ocr_carea' id='block_1_51' title="bbox 250 4909 1831 4980">
    <p class='ocr_par' dir='ltr' id='par_1_51' title="bbox 250 4909 1831 4980">
     <span class='ocr_line' id='line_1_51' title="bbox 250 4909 1831 4980; baseline -0.001 -16"><span class='ocrx_word' id='word_1_396' title='bbox 250 4911 414 4965; x_wconf 89' lang='lat' dir='ltr'><strong>corde</strong></span> <span class='ocrx_word' id='word_1_397' title='bbox 448 4919 611 4980; x_wconf 88' lang='lat' dir='ltr'><strong>atque</strong></span> <span class='ocrx_word' id='word_1_398' title='bbox 643 4909 783 4963; x_wconf 88' lang='lat' dir='ltr'><strong>intra</strong></span> <span class='ocrx_word' id='word_1_399' title='bbox 820 4909 1062 4961; x_wconf 90' lang='lat' dir='ltr'><strong>animum</strong></span> <span class='ocrx_word' id='word_1_400' title='bbox 1100 4916 1430 4972; x_wconf 88' lang='lat' dir='ltr'><strong>tractantur,</strong></span> <span class='ocrx_word' id='word_1_401' title='bbox 1464 4909 1734 4962; x_wconf 86' lang='lat' dir='ltr'><strong>nesciens.</strong></span> <span class='ocrx_word' id='word_1_402' title='bbox 1772 4909 1831 4962; x_wconf 89' lang='lat' dir='ltr'><strong>Si</strong></span> 
     </span>
    </p>
   </div>
   <div class='ocr_carea' id='block_1_52' title="bbox 251 5002 1836 5074">
    <p class='ocr_par' dir='ltr' id='par_1_52' title="bbox 251 5002 1836 5074">
     <span class='ocr_line' id='line_1_52' title="bbox 251 5002 1836 5074; baseline -0.003 -13"><span class='ocrx_word' id='word_1_403' title='bbox 251 5005 393 5061; x_wconf 90' lang='lat' dir='ltr'><strong>enim</strong></span> <span class='ocrx_word' id='word_1_404' title='bbox 437 5004 715 5059; x_wconf 90' lang='lat' dir='ltr'><strong>hominum</strong></span> <span class='ocrx_word' id='word_1_405' title='bbox 757 5003 1115 5074; x_wconf 86' lang='lat' dir='ltr'><strong>cogitationes</strong></span> <span class='ocrx_word' id='word_1_406' title='bbox 1168 5003 1383 5066; x_wconf 86' lang='lat' dir='ltr'><strong>scisset,</strong></span> <span class='ocrx_word' id='word_1_407' title='bbox 1447 5002 1694 5072; x_wconf 78' lang='lat' dir='ltr'><strong>profecto</strong></span> <span class='ocrx_word' id='word_1_408' title='bbox 1723 5005 1836 5057; x_wconf 89' lang='lat' dir='ltr'><strong>nul-</strong></span> 
     </span>
    </p>
   </div>
   <div class='ocr_carea' id='block_1_53' title="bbox 252 5094 1834 5165">
    <p class='ocr_par' dir='ltr' id='par_1_53' title="bbox 252 5094 1834 5165">
     <span class='ocr_line' id='line_1_53' title="bbox 252 5094 1834 5165; baseline -0.001 -14"><span class='ocrx_word' id='word_1_409' title='bbox 252 5094 360 5151; x_wconf 87' lang='lat' dir='ltr'><strong>lum</strong></span> <span class='ocrx_word' id='word_1_410' title='bbox 406 5096 683 5151; x_wconf 88' lang='lat' dir='ltr'><strong>hominem</strong></span> <span class='ocrx_word' id='word_1_411' title='bbox 739 5096 950 5151; x_wconf 89' lang='lat' dir='ltr'><strong>salvum</strong></span> <span class='ocrx_word' id='word_1_412' title='bbox 1006 5095 1124 5150; x_wconf 83' lang='lat' dir='ltr'><strong>ﬁeri</strong></span> <span class='ocrx_word' id='word_1_413' title='bbox 1179 5094 1544 5164; x_wconf 83' lang='lat' dir='ltr'><strong>permisisset,</strong></span> <span class='ocrx_word' id='word_1_414' title='bbox 1592 5094 1834 5165; x_wconf 83' lang='lat' dir='ltr'><strong>nihilque</strong></span> 
     </span>
    </p>
   </div>
   <div class='ocr_carea' id='block_1_54' title="bbox 257 5188 1837 5260">
    <p class='ocr_par' dir='ltr' id='par_1_54' title="bbox 257 5188 1837 5260">
     <span class='ocr_line' id='line_1_54' title="bbox 257 5188 1837 5260; baseline -0.001 -18"><span class='ocrx_word' id='word_1_415' title='bbox 257 5189 376 5243; x_wconf 90' lang='lat' dir='ltr'><strong>boui</strong></span> <span class='ocrx_word' id='word_1_416' title='bbox 403 5193 690 5260; x_wconf 87' lang='lat' dir='ltr'><strong>perlicere,</strong></span> <span class='ocrx_word' id='word_1_417' title='bbox 725 5190 820 5244; x_wconf 89' lang='lat' dir='ltr'><strong>sed</strong></span> <span class='ocrx_word' id='word_1_418' title='bbox 853 5188 1034 5244; x_wconf 90' lang='lat' dir='ltr'><strong>omnia</strong></span> <span class='ocrx_word' id='word_1_419' title='bbox 1073 5188 1211 5244; x_wconf 88' lang='lat' dir='ltr'><strong>bona</strong></span> <span class='ocrx_word' id='word_1_420' title='bbox 1251 5203 1377 5242; x_wconf 78' lang='lat' dir='ltr'><strong>mox</strong></span> <span class='ocrx_word' id='word_1_421' title='bbox 1410 5199 1467 5242; x_wconf 92' lang='lat' dir='ltr'><strong>ut</strong></span> <span class='ocrx_word' id='word_1_422' title='bbox 1508 5188 1837 5258; x_wconf 86' lang='lat' dir='ltr'><strong>cogitatione</strong></span> 
     </span>
    </p>
   </div>
   <div class='ocr_carea' id='block_1_55' title="bbox 256 5279 1838 5352">
    <p class='ocr_par' dir='ltr' id='par_1_55' title="bbox 256 5279 1838 5352">
     <span class='ocr_line' id='line_1_55' title="bbox 256 5279 1838 5352; baseline -0.002 -17"><span class='ocrx_word' id='word_1_423' title='bbox 256 5293 429 5352; x_wconf 70' lang='lat' dir='ltr'><strong>empta</strong></span> <span class='ocrx_word' id='word_1_424' title='bbox 458 5282 708 5348; x_wconf 82' lang='lat' dir='ltr'><strong>fuissent,</strong></span> <span class='ocrx_word' id='word_1_425' title='bbox 739 5282 999 5338; x_wconf 84' lang='lat' dir='ltr'><strong>continuo</strong></span> <span class='ocrx_word' id='word_1_426' title='bbox 1032 5282 1359 5348; x_wconf 90' lang='lat' dir='ltr'><strong>destrueret,</strong></span> <span class='ocrx_word' id='word_1_427' title='bbox 1398 5279 1659 5334; x_wconf 91' lang='lat' dir='ltr'><strong>continuo</strong></span> <span class='ocrx_word' id='word_1_428' title='bbox 1717 5294 1838 5347; x_wconf 89' lang='lat' dir='ltr'><strong>per-</strong></span> 
     </span>
    </p>
   </div>
   <div class='ocr_carea' id='block_1_56' title="bbox 258 5372 1839 5444">
    <p class='ocr_par' dir='ltr' id='par_1_56' title="bbox 258 5372 1839 5444">
     <span class='ocr_line' id='line_1_56' title="bbox 258 5372 1839 5444; baseline -0.003 -16"><span class='ocrx_word' id='word_1_429' title='bbox 258 5379 415 5430; x_wconf 84' lang='lat' dir='ltr'><strong>licere</strong></span> <span class='ocrx_word' id='word_1_430' title='bbox 467 5391 574 5429; x_wconf 90' lang='lat' dir='ltr'><strong>non</strong></span> <span class='ocrx_word' id='word_1_431' title='bbox 621 5376 978 5444; x_wconf 88' lang='lat' dir='ltr'><strong>permisisset.</strong></span> <span class='ocrx_word' id='word_1_432' title='bbox 1018 5373 1174 5429; x_wconf 83' lang='lat' dir='ltr'><strong>Nunc</strong></span> <span class='ocrx_word' id='word_1_433' title='bbox 1203 5389 1331 5428; x_wconf 78' lang='lat' dir='ltr'><strong>vero</strong></span> <span class='ocrx_word' id='word_1_434' title='bbox 1361 5388 1423 5428; x_wconf 86' lang='lat' dir='ltr'><strong>ea</strong></span> <span class='ocrx_word' id='word_1_435' title='bbox 1470 5372 1688 5442; x_wconf 87' lang='lat' dir='ltr'><strong>quidem</strong></span> <span class='ocrx_word' id='word_1_436' title='bbox 1720 5386 1839 5440; x_wconf 65' lang='lat' dir='ltr'><strong>qua:</strong></span> 
     </span>
    </p>
   </div>
   <div class='ocr_carea' id='block_1_57' title="bbox 255 5468 1839 5540">
    <p class='ocr_par' dir='ltr' id='par_1_57' title="bbox 255 5468 1839 5540">
     <span class='ocr_line' id='line_1_57' title="bbox 255 5468 1839 5540; baseline -0.002 -17"><span class='ocrx_word' id='word_1_437' title='bbox 255 5472 576 5540; x_wconf 86' lang='lat' dir='ltr'><strong>cogitantur,</strong></span> <span class='ocrx_word' id='word_1_438' title='bbox 610 5470 692 5525; x_wconf 91' lang='lat' dir='ltr'><strong>vel</strong></span> <span class='ocrx_word' id='word_1_439' title='bbox 727 5479 1030 5524; x_wconf 88' lang='lat' dir='ltr'><strong>tractantur</strong></span> <span class='ocrx_word' id='word_1_440' title='bbox 1075 5470 1288 5540; x_wconf 90' lang='lat' dir='ltr'><strong>ignorat</strong></span> <span class='ocrx_word' id='word_1_441' title='bbox 1317 5487 1330 5523; x_wconf 88' lang='lat'><strong>:</strong></span> <span class='ocrx_word' id='word_1_442' title='bbox 1371 5486 1435 5525; x_wconf 93' lang='lat' dir='ltr'><strong>ea</strong></span> <span class='ocrx_word' id='word_1_443' title='bbox 1466 5485 1599 5524; x_wconf 88' lang='lat' dir='ltr'><strong>vero</strong></span> <span class='ocrx_word' id='word_1_444' title='bbox 1630 5483 1750 5538; x_wconf 81' lang='lat' dir='ltr'><strong>quae</strong></span> <span class='ocrx_word' id='word_1_445' title='bbox 1786 5468 1839 5521; x_wconf 91' lang='lat' dir='ltr'><strong>in</strong></span> 
     </span>
    </p>
   </div>
   <div class='ocr_carea' id='block_1_58' title="bbox 251 5561 1838 5634">
    <p class='ocr_par' dir='ltr' id='par_1_58' title="bbox 251 5561 1838 5634">
     <span class='ocr_line' id='line_1_58' title="bbox 251 5561 1838 5634; baseline -0.004 -16"><span class='ocrx_word' id='word_1_446' title='bbox 251 5565 503 5631; x_wconf 76' lang='lat' dir='ltr'><strong>operibus</strong></span> <span class='ocrx_word' id='word_1_447' title='bbox 533 5565 690 5630; x_wconf 82' lang='lat' dir='ltr'><strong>llunt,</strong></span> <span class='ocrx_word' id='word_1_448' title='bbox 725 5575 780 5618; x_wconf 89' lang='lat' dir='ltr'><strong>et</strong></span> <span class='ocrx_word' id='word_1_449' title='bbox 815 5580 912 5634; x_wconf 87' lang='lat' dir='ltr'><strong>per</strong></span> <span class='ocrx_word' id='word_1_450' title='bbox 942 5579 1130 5619; x_wconf 86' lang='lat' dir='ltr'><strong>vocent</strong></span> <span class='ocrx_word' id='word_1_451' title='bbox 1167 5564 1443 5628; x_wconf 85' lang='lat' dir='ltr'><strong>dicuntur,</strong></span> <span class='ocrx_word' id='word_1_452' title='bbox 1470 5563 1640 5627; x_wconf 89' lang='lat' dir='ltr'><strong>audit,</strong></span> <span class='ocrx_word' id='word_1_453' title='bbox 1670 5569 1727 5613; x_wconf 89' lang='lat' dir='ltr'><strong>et</strong></span> <span class='ocrx_word' id='word_1_454' title='bbox 1760 5561 1838 5611; x_wconf 86' lang='lat' dir='ltr'><strong>vi-</strong></span> 
     </span>
    </p>
   </div>
   <div class='ocr_carea' id='block_1_59' title="bbox 254 5653 1836 5727">
    <p class='ocr_par' dir='ltr' id='par_1_59' title="bbox 254 5653 1836 5727">
     <span class='ocr_line' id='line_1_59' title="bbox 254 5653 1836 5727; baseline -0.001 -18"><span class='ocrx_word' id='word_1_455' title='bbox 254 5657 366 5720; x_wconf 88' lang='lat' dir='ltr'><strong>det,</strong></span> <span class='ocrx_word' id='word_1_456' title='bbox 397 5667 582 5726; x_wconf 88' lang='lat' dir='ltr'><strong>utpote</strong></span> <span class='ocrx_word' id='word_1_457' title='bbox 609 5658 840 5727; x_wconf 87' lang='lat' dir='ltr'><strong>spiritus</strong></span> <span class='ocrx_word' id='word_1_458' title='bbox 873 5657 1106 5713; x_wconf 88' lang='lat' dir='ltr'><strong>callidus</strong></span> <span class='ocrx_word' id='word_1_459' title='bbox 1137 5672 1201 5712; x_wconf 91' lang='lat' dir='ltr'><strong>ac</strong></span> <span class='ocrx_word' id='word_1_460' title='bbox 1241 5657 1478 5721; x_wconf 87' lang='lat' dir='ltr'><strong>subtilis,</strong></span> <span class='ocrx_word' id='word_1_461' title='bbox 1508 5666 1563 5710; x_wconf 90' lang='lat' dir='ltr'><strong>et</strong></span> <span class='ocrx_word' id='word_1_462' title='bbox 1589 5655 1678 5724; x_wconf 89' lang='lat' dir='ltr'><strong>qui</strong></span> <span class='ocrx_word' id='word_1_463' title='bbox 1719 5653 1836 5707; x_wconf 90' lang='lat' dir='ltr'><strong>ubi-</strong></span> 
     </span>
    </p>
   </div>
   <div class='ocr_carea' id='block_1_60' title="bbox 330 5833 669 5901">
    <p class='ocr_par' dir='ltr' id='par_1_60' title="bbox 330 5833 669 5901">
     <span class='ocr_line' id='line_1_60' title="bbox 330 5833 669 5901; baseline 0.003 -14"><span class='ocrx_word' id='word_1_464' title='bbox 330 5835 374 5864; x_wconf 75' lang='lat'><strong>&quot;</strong></span> <span class='ocrx_word' id='word_1_465' title='bbox 421 5833 510 5888; x_wconf 68' lang='lat' dir='ltr'><strong>lui)</strong></span> <span class='ocrx_word' id='word_1_466' title='bbox 545 5853 582 5901; x_wconf 84' lang='grc' dir='ltr'><strong>Ι,</strong></span> <span class='ocrx_word' id='word_1_467' title='bbox 619 5834 669 5888; x_wconf 84' lang='lat'><strong>7.</strong></span> 
     </span>
    </p>
   </div>
   <div class='ocr_carea' id='block_1_61' title="bbox 748 5832 1731 5906">
    <p class='ocr_par' dir='ltr' id='par_1_61' title="bbox 748 5832 1731 5906">
     <span class='ocr_line' id='line_1_61' title="bbox 748 5832 1731 5906; baseline 0.004 -20"><span class='ocrx_word' id='word_1_468' title='bbox 748 5835 789 5866; x_wconf 62' lang='grc' dir='ltr'><strong>ετ</strong></span> <span class='ocrx_word' id='word_1_469' title='bbox 836 5834 850 5886; x_wconf 98' lang='lat'>|</span> <span class='ocrx_word' id='word_1_470' title='bbox 889 5832 1035 5889; x_wconf 85' lang='lat' dir='ltr'><strong>Petr.</strong></span> <span class='ocrx_word' id='word_1_471' title='bbox 1062 5851 1112 5902; x_wconf 83' lang='grc' dir='ltr'><strong>ν,</strong></span> <span class='ocrx_word' id='word_1_472' title='bbox 1274 5838 1315 5868; x_wconf 71' lang='grc'><strong>⁹¹⁴</strong></span> <span class='ocrx_word' id='word_1_473' title='bbox 1353 5835 1367 5888; x_wconf 97' lang='lat' dir='ltr'><strong>l</strong></span> <span class='ocrx_word' id='word_1_474' title='bbox 1403 5835 1530 5906; x_wconf 75' lang='lat' dir='ltr'><strong>Reg.</strong></span> <span class='ocrx_word' id='word_1_475' title='bbox 1576 5851 1633 5901; x_wconf 90' lang='lat' dir='ltr'><strong>tt,</strong></span> <span class='ocrx_word' id='word_1_476' title='bbox 1679 5835 1731 5890; x_wconf 83' lang='lat'><strong>5.</strong></span> 
     </span>
    </p>
   </div>
   <div class='ocr_carea' id='block_1_62' title="bbox 1869 1825 1909 1880">
    <p class='ocr_par' dir='ltr' id='par_1_62' title="bbox 1869 1825 1909 1880">
     <span class='ocr_line' id='line_1_62' title="bbox 1869 1825 1909 1880; baseline 0 0"><span class='ocrx_word' id='word_1_477' title='bbox 1869 1825 1909 1880; x_wconf 84' lang='grc' dir='ltr'>Β</span> 
     </span>
    </p>
   </div>
   <div class='ocr_carea' id='block_1_63' title="bbox 1937 565 3523 635">
    <p class='ocr_par' dir='ltr' id='par_1_63' title="bbox 1937 565 3523 635">
     <span class='ocr_line' id='line_1_63' title="bbox 1937 565 3523 635; baseline -0.001 -15"><span class='ocrx_word' id='word_1_478' title='bbox 1937 568 2156 621; x_wconf 77' lang='lat' dir='ltr'><strong>volans.</strong></span> <span class='ocrx_word' id='word_1_479' title='bbox 2209 567 2264 620; x_wconf 93' lang='lat' dir='ltr'><strong>Si</strong></span> <span class='ocrx_word' id='word_1_480' title='bbox 2295 567 2440 620; x_wconf 90' lang='lat' dir='ltr'><strong>enim</strong></span> <span class='ocrx_word' id='word_1_481' title='bbox 2472 566 2618 620; x_wconf 86' lang='lat' dir='ltr'><strong>venti</strong></span> <span class='ocrx_word' id='word_1_482' title='bbox 2655 565 2800 619; x_wconf 85' lang='lat' dir='ltr'><strong>aeris</strong></span> <span class='ocrx_word' id='word_1_483' title='bbox 2828 568 3077 635; x_wconf 87' lang='lat' dir='ltr'><strong>regiones</strong></span> <span class='ocrx_word' id='word_1_484' title='bbox 3112 580 3176 619; x_wconf 87' lang='lat' dir='ltr'><strong>ac</strong></span> <span class='ocrx_word' id='word_1_485' title='bbox 3208 566 3523 635; x_wconf 86' lang='lat' dir='ltr'><strong>provincias</strong></span> 
     </span>
    </p>
   </div>
   <div class='ocr_carea' id='block_1_64' title="bbox 1941 656 3522 729">
    <p class='ocr_par' dir='ltr' id='par_1_64' title="bbox 1941 656 3522 729">
     <span class='ocr_line' id='line_1_64' title="bbox 1941 656 3522 729; baseline -0.004 -13"><span class='ocrx_word' id='word_1_486' title='bbox 1941 661 2122 716; x_wconf 86' lang='lat' dir='ltr'><strong>subito</strong></span> <span class='ocrx_word' id='word_1_487' title='bbox 2156 657 2385 729; x_wconf 83' lang='lat' dir='ltr'><strong>perﬂant</strong></span> <span class='ocrx_word' id='word_1_488' title='bbox 2421 669 2586 728; x_wconf 89' lang='lat' dir='ltr'><strong>atque</strong></span> <span class='ocrx_word' id='word_1_489' title='bbox 2634 667 2940 721; x_wconf 89' lang='lat' dir='ltr'><strong>transeunt,</strong></span> <span class='ocrx_word' id='word_1_490' title='bbox 2988 672 3167 712; x_wconf 92' lang='lat' dir='ltr'><strong>nonne</strong></span> <span class='ocrx_word' id='word_1_491' title='bbox 3212 656 3379 711; x_wconf 88' lang='lat' dir='ltr'><strong>multo</strong></span> <span class='ocrx_word' id='word_1_492' title='bbox 3409 672 3522 710; x_wconf 85' lang='lat' dir='ltr'><strong>am-</strong></span> 
     </span>
    </p>
   </div>
   <div class='ocr_carea' id='block_1_65' title="bbox 1942 749 3522 822">
    <p class='ocr_par' dir='ltr' id='par_1_65' title="bbox 1942 749 3522 822">
     <span class='ocr_line' id='line_1_65' title="bbox 1942 749 3522 822; baseline -0.004 -16"><span class='ocrx_word' id='word_1_493' title='bbox 1942 753 2082 822; x_wconf 90' lang='lat' dir='ltr'><strong>plius</strong></span> <span class='ocrx_word' id='word_1_494' title='bbox 2125 752 2270 807; x_wconf 90' lang='lat' dir='ltr'><strong>aerei</strong></span> <span class='ocrx_word' id='word_1_495' title='bbox 2314 751 2559 820; x_wconf 91' lang='lat' dir='ltr'><strong>spiritus,</strong></span> <span class='ocrx_word' id='word_1_496' title='bbox 2607 750 2660 806; x_wconf 91' lang='lat' dir='ltr'><strong>id</strong></span> <span class='ocrx_word' id='word_1_497' title='bbox 2722 757 2810 803; x_wconf 88' lang='lat' dir='ltr'><strong>est</strong></span> <span class='ocrx_word' id='word_1_498' title='bbox 2864 749 3182 817; x_wconf 88' lang='lat' dir='ltr'><strong>nequissimi</strong></span> <span class='ocrx_word' id='word_1_499' title='bbox 3225 749 3522 812; x_wconf 68' lang='lat' dir='ltr'><strong>daemones,</strong></span> 
     </span>
    </p>
   </div>
   <div class='ocr_carea' id='block_1_66' title="bbox 1943 838 3522 910">
    <p class='ocr_par' dir='ltr' id='par_1_66' title="bbox 1943 838 3522 910">
     <span class='ocr_line' id='line_1_66' title="bbox 1943 838 3522 910; baseline -0.003 -15"><span class='ocrx_word' id='word_1_500' title='bbox 1943 841 2122 895; x_wconf 91' lang='lat' dir='ltr'><strong>subito</strong></span> <span class='ocrx_word' id='word_1_501' title='bbox 2173 840 2458 910; x_wconf 88' lang='lat' dir='ltr'><strong>pervolant</strong></span> <span class='ocrx_word' id='word_1_502' title='bbox 2494 849 2663 892; x_wconf 91' lang='lat' dir='ltr'><strong>totum</strong></span> <span class='ocrx_word' id='word_1_503' title='bbox 2721 838 3004 903; x_wconf 88' lang='lat' dir='ltr'><strong>mundum,</strong></span> <span class='ocrx_word' id='word_1_504' title='bbox 3049 838 3227 892; x_wconf 91' lang='lat' dir='ltr'><strong>subito</strong></span> <span class='ocrx_word' id='word_1_505' title='bbox 3267 838 3522 891; x_wconf 60' lang='lat' dir='ltr'><strong>univw‘sa</strong></span> 
     </span>
    </p>
   </div>
   <div class='ocr_carea' id='block_1_67' title="bbox 1941 929 3523 1002">
    <p class='ocr_par' dir='ltr' id='par_1_67' title="bbox 1941 929 3523 1002">
     <span class='ocr_line' id='line_1_67' title="bbox 1941 929 3523 1002; baseline -0.003 -15"><span class='ocrx_word' id='word_1_506' title='bbox 1941 940 2236 1002; x_wconf 88' lang='lat' dir='ltr'><strong>peragrant</strong></span> <span class='ocrx_word' id='word_1_507' title='bbox 2280 947 2400 999; x_wconf 75' lang='lat' dir='ltr'><strong>qua:</strong></span> <span class='ocrx_word' id='word_1_508' title='bbox 2446 931 2546 985; x_wconf 89' lang='lat' dir='ltr'><strong>sub</strong></span> <span class='ocrx_word' id='word_1_509' title='bbox 2590 930 2730 984; x_wconf 88' lang='lat' dir='ltr'><strong>coelo</strong></span> <span class='ocrx_word' id='word_1_510' title='bbox 2761 940 2909 994; x_wconf 93' lang='lat' dir='ltr'><strong>sunt,</strong></span> <span class='ocrx_word' id='word_1_511' title='bbox 2949 929 3129 986; x_wconf 88' lang='lat' dir='ltr'><strong>subito</strong></span> <span class='ocrx_word' id='word_1_512' title='bbox 3178 929 3372 997; x_wconf 89' lang='lat' dir='ltr'><strong>ubique</strong></span> <span class='ocrx_word' id='word_1_513' title='bbox 3399 937 3523 983; x_wconf 88' lang='lat' dir='ltr'><strong>sunt</strong></span> 
     </span>
    </p>
   </div>
   <div class='ocr_carea' id='block_1_68' title="bbox 1939 1021 3523 1094">
    <p class='ocr_par' dir='ltr' id='par_1_68' title="bbox 1939 1021 3523 1094">
     <span class='ocr_line' id='line_1_68' title="bbox 1939 1021 3523 1094; baseline -0.003 -15"><span class='ocrx_word' id='word_1_514' title='bbox 1939 1025 2271 1094; x_wconf 69' lang='lat' dir='ltr'><strong>praesentes?</strong></span> <span class='ocrx_word' id='word_1_515' title='bbox 2307 1024 2362 1078; x_wconf 94' lang='lat' dir='ltr'><strong>ln</strong></span> <span class='ocrx_word' id='word_1_516' title='bbox 2397 1024 2544 1078; x_wconf 91' lang='lat' dir='ltr'><strong>omni</strong></span> <span class='ocrx_word' id='word_1_517' title='bbox 2574 1023 2758 1092; x_wconf 71' lang='lat' dir='ltr'><strong>prtelio</strong></span> <span class='ocrx_word' id='word_1_518' title='bbox 2785 1021 2868 1077; x_wconf 85' lang='lat' dir='ltr'><strong>vel</strong></span> <span class='ocrx_word' id='word_1_519' title='bbox 2899 1037 3100 1092; x_wconf 89' lang='lat' dir='ltr'><strong>pugna,</strong></span> <span class='ocrx_word' id='word_1_520' title='bbox 3137 1024 3189 1075; x_wconf 88' lang='lat' dir='ltr'><strong>in</strong></span> <span class='ocrx_word' id='word_1_521' title='bbox 3223 1021 3367 1074; x_wconf 90' lang='lat' dir='ltr'><strong>omni</strong></span> <span class='ocrx_word' id='word_1_522' title='bbox 3401 1035 3523 1090; x_wconf 87' lang='lat' dir='ltr'><strong>per-</strong></span> 
     </span>
    </p>
   </div>
   <div class='ocr_carea' id='block_1_69' title="bbox 1941 1113 3523 1187">
    <p class='ocr_par' dir='ltr' id='par_1_69' title="bbox 1941 1113 3523 1187">
     <span class='ocr_line' id='line_1_69' title="bbox 1941 1113 3523 1187; baseline -0.001 -18"><span class='ocrx_word' id='word_1_523' title='bbox 1941 1115 2256 1170; x_wconf 87' lang='lat' dir='ltr'><strong>turbatione</strong></span> <span class='ocrx_word' id='word_1_524' title='bbox 2279 1125 2445 1187; x_wconf 89' lang='lat' dir='ltr'><strong>atque</strong></span> <span class='ocrx_word' id='word_1_525' title='bbox 2471 1116 2661 1170; x_wconf 91' lang='lat' dir='ltr'><strong>mortis</strong></span> <span class='ocrx_word' id='word_1_526' title='bbox 2689 1115 2869 1178; x_wconf 90' lang='lat' dir='ltr'><strong>ruina,</strong></span> <span class='ocrx_word' id='word_1_527' title='bbox 2905 1115 2958 1168; x_wconf 91' lang='lat' dir='ltr'><strong>in</strong></span> <span class='ocrx_word' id='word_1_528' title='bbox 2984 1114 3130 1168; x_wconf 90' lang='lat' dir='ltr'><strong>omni</strong></span> <span class='ocrx_word' id='word_1_529' title='bbox 3161 1113 3432 1167; x_wconf 87' lang='lat' dir='ltr'><strong>seditione</strong></span> <span class='ocrx_word' id='word_1_530' title='bbox 3460 1129 3523 1167; x_wconf 91' lang='lat' dir='ltr'><strong>ac</strong></span> 
     </span>
    </p>
   </div>
   <div class='ocr_carea' id='block_1_70' title="bbox 1941 1205 3524 1274">
    <p class='ocr_par' dir='ltr' id='par_1_70' title="bbox 1941 1205 3524 1274">
     <span class='ocr_line' id='line_1_70' title="bbox 1941 1205 3524 1274; baseline -0.003 -13"><span class='ocrx_word' id='word_1_531' title='bbox 1941 1208 2196 1274; x_wconf 89' lang='lat' dir='ltr'><strong>tumultu,</strong></span> <span class='ocrx_word' id='word_1_532' title='bbox 2230 1210 2284 1264; x_wconf 94' lang='lat' dir='ltr'><strong>in</strong></span> <span class='ocrx_word' id='word_1_533' title='bbox 2315 1209 2463 1264; x_wconf 90' lang='lat' dir='ltr'><strong>omni</strong></span> <span class='ocrx_word' id='word_1_534' title='bbox 2497 1208 2850 1263; x_wconf 90' lang='lat' dir='ltr'><strong>contentione</strong></span> <span class='ocrx_word' id='word_1_535' title='bbox 2879 1216 2934 1261; x_wconf 91' lang='lat' dir='ltr'><strong>et</strong></span> <span class='ocrx_word' id='word_1_536' title='bbox 2968 1207 3086 1272; x_wconf 92' lang='lat' dir='ltr'><strong>lite,</strong></span> <span class='ocrx_word' id='word_1_537' title='bbox 3135 1207 3189 1259; x_wconf 92' lang='lat' dir='ltr'><strong>in</strong></span> <span class='ocrx_word' id='word_1_538' title='bbox 3224 1205 3370 1258; x_wconf 90' lang='lat' dir='ltr'><strong>omni</strong></span> <span class='ocrx_word' id='word_1_539' title='bbox 3396 1221 3524 1258; x_wconf 89' lang='lat' dir='ltr'><strong>san-</strong></span> 
     </span>
    </p>
   </div>
   <div class='ocr_carea' id='block_1_71' title="bbox 1938 1295 3521 1376">
    <p class='ocr_par' dir='ltr' id='par_1_71' title="bbox 1938 1295 3521 1376">
     <span class='ocr_line' id='line_1_71' title="bbox 1938 1295 3521 1376; baseline -0.008 -17"><span class='ocrx_word' id='word_1_540' title='bbox 1938 1305 2099 1376; x_wconf 89' lang='lat' dir='ltr'><strong>gnine</strong></span> <span class='ocrx_word' id='word_1_541' title='bbox 2129 1313 2186 1358; x_wconf 91' lang='lat' dir='ltr'><strong>et</strong></span> <span class='ocrx_word' id='word_1_542' title='bbox 2222 1302 2540 1367; x_wconf 89' lang='lat' dir='ltr'><strong>homicidio,</strong></span> <span class='ocrx_word' id='word_1_543' title='bbox 2567 1310 2622 1355; x_wconf 91' lang='lat' dir='ltr'><strong>et</strong></span> <span class='ocrx_word' id='word_1_544' title='bbox 2652 1300 2797 1354; x_wconf 80' lang='lat' dir='ltr'><strong>furto</strong></span> <span class='ocrx_word' id='word_1_545' title='bbox 2829 1309 2994 1369; x_wconf 86' lang='lat' dir='ltr'><strong>atque</strong></span> <span class='ocrx_word' id='word_1_546' title='bbox 3021 1298 3312 1363; x_wconf 88' lang='lat' dir='ltr'><strong>adulterio,</strong></span> <span class='ocrx_word' id='word_1_547' title='bbox 3348 1295 3521 1350; x_wconf 83' lang='lat' dir='ltr'><strong>omni-</strong></span> 
     </span>
    </p>
   </div>
   <div class='ocr_carea' id='block_1_72' title="bbox 1937 1391 3520 1467">
    <p class='ocr_par' dir='ltr' id='par_1_72' title="bbox 1937 1391 3520 1467">
     <span class='ocr_line' id='line_1_72' title="bbox 1937 1391 3520 1467; baseline -0.006 -16"><span class='ocrx_word' id='word_1_548' title='bbox 1937 1413 2043 1467; x_wconf 92' lang='lat' dir='ltr'><strong>que</strong></span> <span class='ocrx_word' id='word_1_549' title='bbox 2067 1396 2400 1452; x_wconf 87' lang='lat' dir='ltr'><strong>lamentabili</strong></span> <span class='ocrx_word' id='word_1_550' title='bbox 2436 1395 2579 1450; x_wconf 91' lang='lat' dir='ltr'><strong>bello</strong></span> <span class='ocrx_word' id='word_1_551' title='bbox 2605 1394 2716 1449; x_wconf 90' lang='lat' dir='ltr'><strong>sive</strong></span> <span class='ocrx_word' id='word_1_552' title='bbox 2749 1394 2999 1458; x_wconf 90' lang='lat' dir='ltr'><strong>orientis,</strong></span> <span class='ocrx_word' id='word_1_553' title='bbox 3051 1393 3165 1447; x_wconf 85' lang='lat' dir='ltr'><strong>sive</strong></span> <span class='ocrx_word' id='word_1_554' title='bbox 3197 1391 3520 1454; x_wconf 90' lang='lat' dir='ltr'><strong>occidentis,</strong></span> 
     </span>
    </p>
   </div>
   <div class='ocr_carea' id='block_1_73' title="bbox 1938 1486 3523 1557">
    <p class='ocr_par' dir='ltr' id='par_1_73' title="bbox 1938 1486 3523 1557">
     <span class='ocr_line' id='line_1_73' title="bbox 1938 1486 3523 1557; baseline -0.006 -12"><span class='ocrx_word' id='word_1_555' title='bbox 1938 1491 2052 1546; x_wconf 89' lang='lat' dir='ltr'><strong>sive</strong></span> <span class='ocrx_word' id='word_1_556' title='bbox 2111 1488 2423 1554; x_wconf 91' lang='lat' dir='ltr'><strong>meridiani,</strong></span> <span class='ocrx_word' id='word_1_557' title='bbox 2471 1489 2587 1543; x_wconf 89' lang='lat' dir='ltr'><strong>sive</strong></span> <span class='ocrx_word' id='word_1_558' title='bbox 2636 1487 2927 1557; x_wconf 89' lang='lat' dir='ltr'><strong>aquilonis,</strong></span> <span class='ocrx_word' id='word_1_559' title='bbox 2975 1486 3176 1554; x_wconf 81' lang='lat' dir='ltr'><strong>ubique</strong></span> <span class='ocrx_word' id='word_1_560' title='bbox 3222 1493 3523 1552; x_wconf 62' lang='lat' dir='ltr'><strong>praesentes</strong></span> 
     </span>
    </p>
   </div>
   <div class='ocr_carea' id='block_1_74' title="bbox 1938 1574 3522 1650">
    <p class='ocr_par' dir='ltr' id='par_1_74' title="bbox 1938 1574 3522 1650">
     <span class='ocr_line' id='line_1_74' title="bbox 1938 1574 3522 1650; baseline -0.008 -13"><span class='ocrx_word' id='word_1_561' title='bbox 1938 1589 2068 1637; x_wconf 90' lang='lat' dir='ltr'><strong>sunt</strong></span> <span class='ocrx_word' id='word_1_562' title='bbox 2099 1579 2415 1650; x_wconf 89' lang='lat' dir='ltr'><strong>nequissimi</strong></span> <span class='ocrx_word' id='word_1_563' title='bbox 2460 1589 2628 1648; x_wconf 89' lang='lat' dir='ltr'><strong>atque</strong></span> <span class='ocrx_word' id='word_1_564' title='bbox 2654 1578 2802 1634; x_wconf 81' lang='lat' dir='ltr'><strong>aerei</strong></span> <span class='ocrx_word' id='word_1_565' title='bbox 2854 1579 3126 1633; x_wconf 67' lang='lat' dir='ltr'><strong>daemones</strong></span> <span class='ocrx_word' id='word_1_566' title='bbox 3157 1574 3276 1645; x_wconf 91' lang='lat' dir='ltr'><strong>plus</strong></span> <span class='ocrx_word' id='word_1_567' title='bbox 3303 1581 3522 1642; x_wconf 88' lang='lat' dir='ltr'><strong>pertur-</strong></span> 
     </span>
    </p>
   </div>
   <div class='ocr_carea' id='block_1_75' title="bbox 1938 1671 3518 1740">
    <p class='ocr_par' dir='ltr' id='par_1_75' title="bbox 1938 1671 3518 1740">
     <span class='ocr_line' id='line_1_75' title="bbox 1938 1671 3518 1740; baseline -0.007 -12"><span class='ocrx_word' id='word_1_568' title='bbox 1938 1676 2148 1740; x_wconf 88' lang='lat' dir='ltr'><strong>bantes,</strong></span> <span class='ocrx_word' id='word_1_569' title='bbox 2192 1682 2249 1726; x_wconf 92' lang='lat' dir='ltr'><strong>et</strong></span> <span class='ocrx_word' id='word_1_570' title='bbox 2294 1673 2692 1726; x_wconf 88' lang='lat' dir='ltr'><strong>succendentes</strong></span> <span class='ocrx_word' id='word_1_571' title='bbox 2726 1681 2890 1738; x_wconf 90' lang='lat' dir='ltr'><strong>atque</strong></span> <span class='ocrx_word' id='word_1_572' title='bbox 2926 1671 3177 1724; x_wconf 87' lang='lat' dir='ltr'><strong>universa</strong></span> <span class='ocrx_word' id='word_1_573' title='bbox 3212 1675 3518 1722; x_wconf 85' lang='lat' dir='ltr'><strong>moventes.</strong></span> 
     </span>
    </p>
   </div>
   <div class='ocr_carea' id='block_1_76' title="bbox 1939 1760 3521 1834">
    <p class='ocr_par' dir='ltr' id='par_1_76' title="bbox 1939 1760 3521 1834">
     <span class='ocr_line' id='line_1_76' title="bbox 1939 1760 3521 1834; baseline -0.006 -11"><span class='ocrx_word' id='word_1_574' title='bbox 1939 1768 2095 1823; x_wconf 92' lang='lat' dir='ltr'><strong>Unde</strong></span> <span class='ocrx_word' id='word_1_575' title='bbox 2129 1767 2489 1822; x_wconf 89' lang='lat' dir='ltr'><strong>divinationes</strong></span> <span class='ocrx_word' id='word_1_576' title='bbox 2525 1774 2673 1832; x_wconf 90' lang='lat' dir='ltr'><strong>sunt,</strong></span> <span class='ocrx_word' id='word_1_577' title='bbox 2711 1781 2776 1820; x_wconf 82' lang='lat' dir='ltr'><strong>ex</strong></span> <span class='ocrx_word' id='word_1_578' title='bbox 2833 1780 2940 1834; x_wconf 89' lang='lat' dir='ltr'><strong>quo</strong></span> <span class='ocrx_word' id='word_1_579' title='bbox 2971 1762 3351 1834; x_wconf 90' lang='lat' dir='ltr'><strong>malignissiml</strong></span> <span class='ocrx_word' id='word_1_580' title='bbox 3413 1760 3521 1814; x_wconf 76' lang='lat' dir='ltr'><strong>the-</strong></span> 
     </span>
    </p>
   </div>
   <div class='ocr_carea' id='block_1_77' title="bbox 1940 1855 3522 1927">
    <p class='ocr_par' dir='ltr' id='par_1_77' title="bbox 1940 1855 3522 1927">
     <span class='ocr_line' id='line_1_77' title="bbox 1940 1855 3522 1927; baseline -0.006 -14"><span class='ocrx_word' id='word_1_581' title='bbox 1940 1874 2151 1925; x_wconf 92' lang='lat' dir='ltr'><strong>mones,</strong></span> <span class='ocrx_word' id='word_1_582' title='bbox 2182 1859 2437 1927; x_wconf 88' lang='lat' dir='ltr'><strong>aereique</strong></span> <span class='ocrx_word' id='word_1_583' title='bbox 2463 1857 2688 1927; x_wconf 90' lang='lat' dir='ltr'><strong>spiritus</strong></span> <span class='ocrx_word' id='word_1_584' title='bbox 2719 1858 2898 1911; x_wconf 89' lang='lat' dir='ltr'><strong>subito</strong></span> <span class='ocrx_word' id='word_1_585' title='bbox 2927 1857 3071 1910; x_wconf 91' lang='lat' dir='ltr'><strong>hunc</strong></span> <span class='ocrx_word' id='word_1_586' title='bbox 3101 1855 3362 1908; x_wconf 88' lang='lat' dir='ltr'><strong>mundum</strong></span> <span class='ocrx_word' id='word_1_587' title='bbox 3394 1865 3522 1920; x_wconf 80' lang='lat' dir='ltr'><strong>per-</strong></span> 
     </span>
    </p>
   </div>
   <div class='ocr_carea' id='block_1_78' title="bbox 1936 1947 3522 2018">
    <p class='ocr_par' dir='ltr' id='par_1_78' title="bbox 1936 1947 3522 2018">
     <span class='ocr_line' id='line_1_78' title="bbox 1936 1947 3522 2018; baseline 0 -16"><span class='ocrx_word' id='word_1_588' title='bbox 1936 1950 2183 2004; x_wconf 73' lang='lat' dir='ltr'><strong>volantes</strong></span> <span class='ocrx_word' id='word_1_589' title='bbox 2237 1958 2400 2018; x_wconf 66' lang='lat' dir='ltr'><strong>Mque</strong></span> <span class='ocrx_word' id='word_1_590' title='bbox 2437 1947 2692 2002; x_wconf 90' lang='lat' dir='ltr'><strong>universa</strong></span> <span class='ocrx_word' id='word_1_591' title='bbox 2739 1963 2859 2016; x_wconf 77' lang='lat' dir='ltr'><strong>qua:</strong></span> <span class='ocrx_word' id='word_1_592' title='bbox 2889 1949 2940 2001; x_wconf 92' lang='lat' dir='ltr'><strong>in</strong></span> <span class='ocrx_word' id='word_1_593' title='bbox 2992 1949 3140 2001; x_wconf 90' lang='lat' dir='ltr'><strong>omni</strong></span> <span class='ocrx_word' id='word_1_594' title='bbox 3190 1947 3308 2003; x_wconf 92' lang='lat' dir='ltr'><strong>loco</strong></span> <span class='ocrx_word' id='word_1_595' title='bbox 3360 1950 3522 2016; x_wconf 84' lang='lat' dir='ltr'><strong>hujus</strong></span> 
     </span>
    </p>
   </div>
   <div class='ocr_carea' id='block_1_79' title="bbox 1937 2039 3522 2109">
    <p class='ocr_par' dir='ltr' id='par_1_79' title="bbox 1937 2039 3522 2109">
     <span class='ocr_line' id='line_1_79' title="bbox 1937 2039 3522 2109; baseline -0.003 -11"><span class='ocrx_word' id='word_1_596' title='bbox 1937 2059 2121 2098; x_wconf 80' lang='lat' dir='ltr'><strong>mnum</strong></span> <span class='ocrx_word' id='word_1_597' title='bbox 2181 2047 2320 2095; x_wconf 85' lang='lat' dir='ltr'><strong>nunt</strong></span> <span class='ocrx_word' id='word_1_598' title='bbox 2361 2039 2796 2107; x_wconf 85' lang='lat' dir='ltr'><strong>contemplantes</strong></span> <span class='ocrx_word' id='word_1_599' title='bbox 2843 2053 2856 2090; x_wconf 93' lang='lat'>:</span> <span class='ocrx_word' id='word_1_600' title='bbox 2899 2049 2952 2092; x_wconf 88' lang='lat' dir='ltr'><strong>et</strong></span> <span class='ocrx_word' id='word_1_601' title='bbox 2999 2056 3063 2094; x_wconf 87' lang='lat' dir='ltr'><strong>ea</strong></span> <span class='ocrx_word' id='word_1_602' title='bbox 3098 2055 3218 2109; x_wconf 74' lang='lat' dir='ltr'><strong>quze</strong></span> <span class='ocrx_word' id='word_1_603' title='bbox 3265 2041 3522 2096; x_wconf 89' lang='lat' dir='ltr'><strong>dicuntur</strong></span> 
     </span>
    </p>
   </div>
   <div class='ocr_carea' id='block_1_80' title="bbox 1937 2132 3524 2204">
    <p class='ocr_par' dir='ltr' id='par_1_80' title="bbox 1937 2132 3524 2204">
     <span class='ocr_line' id='line_1_80' title="bbox 1937 2132 3524 2204; baseline -0.002 -13"><span class='ocrx_word' id='word_1_604' title='bbox 1937 2137 2242 2199; x_wconf 88' lang='lat' dir='ltr'><strong>audientes,</strong></span> <span class='ocrx_word' id='word_1_605' title='bbox 2293 2135 2386 2204; x_wconf 88' lang='lat' dir='ltr'><strong>qui</strong></span> <span class='ocrx_word' id='word_1_606' title='bbox 2419 2133 2546 2188; x_wconf 90' lang='lat' dir='ltr'><strong>alibi</strong></span> <span class='ocrx_word' id='word_1_607' title='bbox 2579 2132 2891 2202; x_wconf 89' lang='lat' dir='ltr'><strong>ubicunque</strong></span> <span class='ocrx_word' id='word_1_608' title='bbox 2927 2132 3081 2201; x_wconf 89' lang='lat' dir='ltr'><strong>longe</strong></span> <span class='ocrx_word' id='word_1_609' title='bbox 3126 2134 3287 2202; x_wconf 92' lang='lat' dir='ltr'><strong>positi</strong></span> <span class='ocrx_word' id='word_1_610' title='bbox 3318 2133 3524 2188; x_wconf 74' lang='lat' dir='ltr'><strong>fuerint</strong></span> 
     </span>
    </p>
   </div>
   <div class='ocr_carea' id='block_1_81' title="bbox 1936 2222 3521 2297">
    <p class='ocr_par' dir='ltr' id='par_1_81' title="bbox 1936 2222 3521 2297">
     <span class='ocr_line' id='line_1_81' title="bbox 1936 2222 3521 2297; baseline -0.004 -14"><span class='ocrx_word' id='word_1_611' title='bbox 1936 2229 2036 2283; x_wconf 87' lang='lat' dir='ltr'><strong>sub</strong></span> <span class='ocrx_word' id='word_1_612' title='bbox 2069 2225 2323 2297; x_wconf 75' lang='lat' dir='ltr'><strong>nequitiae</strong></span> <span class='ocrx_word' id='word_1_613' title='bbox 2357 2224 2628 2279; x_wconf 89' lang='lat' dir='ltr'><strong>ministris</strong></span> <span class='ocrx_word' id='word_1_614' title='bbox 2659 2222 2905 2278; x_wconf 88' lang='lat' dir='ltr'><strong>revelant</strong></span> <span class='ocrx_word' id='word_1_615' title='bbox 2929 2234 3093 2292; x_wconf 89' lang='lat' dir='ltr'><strong>atque</strong></span> <span class='ocrx_word' id='word_1_616' title='bbox 3124 2225 3521 2290; x_wconf 87' lang='lat' dir='ltr'><strong>demonstrant,</strong></span> 
     </span>
    </p>
   </div>
   <div class='ocr_carea' id='block_1_82' title="bbox 1937 2314 3526 2386">
    <p class='ocr_par' dir='ltr' id='par_1_82' title="bbox 1937 2314 3526 2386">
     <span class='ocr_line' id='line_1_82' title="bbox 1937 2314 3526 2386; baseline -0.004 -12"><span class='ocrx_word' id='word_1_617' title='bbox 1937 2328 2046 2374; x_wconf 91' lang='lat' dir='ltr'><strong>tam</strong></span> <span class='ocrx_word' id='word_1_618' title='bbox 2076 2319 2129 2373; x_wconf 93' lang='lat' dir='ltr'><strong>iu</strong></span> <span class='ocrx_word' id='word_1_619' title='bbox 2173 2317 2380 2373; x_wconf 85' lang='lat' dir='ltr'><strong>somnis</strong></span> <span class='ocrx_word' id='word_1_620' title='bbox 2407 2331 2570 2386; x_wconf 89' lang='lat' dir='ltr'><strong>quam</strong></span> <span class='ocrx_word' id='word_1_621' title='bbox 2620 2316 2672 2370; x_wconf 92' lang='lat' dir='ltr'><strong>in</strong></span> <span class='ocrx_word' id='word_1_622' title='bbox 2726 2314 2954 2385; x_wconf 89' lang='lat' dir='ltr'><strong>vigiliis,</strong></span> <span class='ocrx_word' id='word_1_623' title='bbox 3004 2329 3103 2369; x_wconf 91' lang='lat' dir='ltr'><strong>nec</strong></span> <span class='ocrx_word' id='word_1_624' title='bbox 3128 2331 3231 2370; x_wconf 94' lang='lat' dir='ltr'><strong>non</strong></span> <span class='ocrx_word' id='word_1_625' title='bbox 3266 2318 3318 2369; x_wconf 91' lang='lat' dir='ltr'><strong>in</strong></span> <span class='ocrx_word' id='word_1_626' title='bbox 3355 2318 3526 2385; x_wconf 87' lang='lat' dir='ltr'><strong>phan-</strong></span> 
     </span>
    </p>
   </div>
   <div class='ocr_carea' id='block_1_83' title="bbox 1938 2406 3524 2478">
    <p class='ocr_par' dir='ltr' id='par_1_83' title="bbox 1938 2406 3524 2478">
     <span class='ocr_line' id='line_1_83' title="bbox 1938 2406 3524 2478; baseline -0.001 -13"><span class='ocrx_word' id='word_1_627' title='bbox 1938 2410 2278 2477; x_wconf 89' lang='lat' dir='ltr'><strong>tasmatibus,</strong></span> <span class='ocrx_word' id='word_1_628' title='bbox 2317 2418 2372 2464; x_wconf 91' lang='lat' dir='ltr'><strong>et</strong></span> <span class='ocrx_word' id='word_1_629' title='bbox 2393 2406 2550 2478; x_wconf 82' lang='lat' dir='ltr'><strong>juxta</strong></span> <span class='ocrx_word' id='word_1_630' title='bbox 2588 2409 2705 2463; x_wconf 61' lang='lat' dir='ltr'><strong>hac</strong></span> <span class='ocrx_word' id='word_1_631' title='bbox 2737 2422 2858 2477; x_wconf 63' lang='lat' dir='ltr'><strong>quae</strong></span> <span class='ocrx_word' id='word_1_632' title='bbox 2887 2409 3046 2473; x_wconf 88' lang='lat' dir='ltr'><strong>liunt,</strong></span> <span class='ocrx_word' id='word_1_633' title='bbox 3095 2407 3181 2462; x_wconf 92' lang='lat' dir='ltr'><strong>vel</strong></span> <span class='ocrx_word' id='word_1_634' title='bbox 3212 2421 3524 2476; x_wconf 86' lang='lat' dir='ltr'><strong>emergunt,</strong></span> 
     </span>
    </p>
   </div>
   <div class='ocr_carea' id='block_1_84' title="bbox 1934 2499 3528 2570">
    <p class='ocr_par' dir='ltr' id='par_1_84' title="bbox 1934 2499 3528 2570">
     <span class='ocr_line' id='line_1_84' title="bbox 1934 2499 3528 2570; baseline -0.001 -15"><span class='ocrx_word' id='word_1_635' title='bbox 1934 2503 2098 2556; x_wconf 88' lang='lat' dir='ltr'><strong>etiam</strong></span> <span class='ocrx_word' id='word_1_636' title='bbox 2146 2502 2252 2556; x_wconf 88' lang='lat' dir='ltr'><strong>alia</strong></span> <span class='ocrx_word' id='word_1_637' title='bbox 2279 2511 2443 2570; x_wconf 89' lang='lat' dir='ltr'><strong>atque</strong></span> <span class='ocrx_word' id='word_1_638' title='bbox 2477 2499 2583 2554; x_wconf 89' lang='lat' dir='ltr'><strong>alia</strong></span> <span class='ocrx_word' id='word_1_639' title='bbox 2610 2499 2796 2554; x_wconf 79' lang='lat' dir='ltr'><strong>futura</strong></span> <span class='ocrx_word' id='word_1_640' title='bbox 2829 2513 3057 2569; x_wconf 89' lang='lat' dir='ltr'><strong>sperare</strong></span> <span class='ocrx_word' id='word_1_641' title='bbox 3085 2509 3251 2569; x_wconf 88' lang='lat' dir='ltr'><strong>atque</strong></span> <span class='ocrx_word' id='word_1_642' title='bbox 3294 2500 3528 2569; x_wconf 89' lang='lat' dir='ltr'><strong>probare</strong></span> 
     </span>
    </p>
   </div>
   <div class='ocr_carea' id='block_1_85' title="bbox 1935 2592 3527 2665">
    <p class='ocr_par' dir='ltr' id='par_1_85' title="bbox 1935 2592 3527 2665">
     <span class='ocr_line' id='line_1_85' title="bbox 1935 2592 3527 2665; baseline -0.003 -13"><span class='ocrx_word' id='word_1_643' title='bbox 1935 2598 2152 2653; x_wconf 92' lang='lat' dir='ltr'><strong>docent.</strong></span> <span class='ocrx_word' id='word_1_644' title='bbox 2191 2596 2400 2652; x_wconf 83' lang='lat' dir='ltr'><strong>Exinde</strong></span> <span class='ocrx_word' id='word_1_645' title='bbox 2442 2594 2612 2665; x_wconf 78' lang='lat' dir='ltr'><strong>ccepit</strong></span> <span class='ocrx_word' id='word_1_646' title='bbox 2660 2593 3013 2649; x_wconf 88' lang='lat' dir='ltr'><strong>divinationis</strong></span> <span class='ocrx_word' id='word_1_647' title='bbox 3055 2608 3214 2648; x_wconf 90' lang='lat' dir='ltr'><strong>error</strong></span> <span class='ocrx_word' id='word_1_648' title='bbox 3253 2592 3395 2648; x_wconf 84' lang='lat' dir='ltr'><strong>ﬁlios</strong></span> <span class='ocrx_word' id='word_1_649' title='bbox 3428 2595 3527 2649; x_wconf 85' lang='lat' dir='ltr'><strong>ho-</strong></span> 
     </span>
    </p>
   </div>
   <div class='ocr_carea' id='block_1_86' title="bbox 1936 2685 3521 2754">
    <p class='ocr_par' dir='ltr' id='par_1_86' title="bbox 1936 2685 3521 2754">
     <span class='ocr_line' id='line_1_86' title="bbox 1936 2685 3521 2754; baseline -0.003 -12"><span class='ocrx_word' id='word_1_650' title='bbox 1936 2693 2138 2744; x_wconf 89' lang='lat' dir='ltr'><strong>minum</strong></span> <span class='ocrx_word' id='word_1_651' title='bbox 2179 2689 2233 2742; x_wconf 91' lang='lat' dir='ltr'><strong>in</strong></span> <span class='ocrx_word' id='word_1_652' title='bbox 2273 2687 2594 2743; x_wconf 88' lang='lat' dir='ltr'><strong>scandalum</strong></span> <span class='ocrx_word' id='word_1_653' title='bbox 2645 2687 2698 2740; x_wconf 90' lang='lat' dir='ltr'><strong>in</strong></span> <span class='ocrx_word' id='word_1_654' title='bbox 2735 2700 2829 2740; x_wconf 90' lang='lat' dir='ltr'><strong>eos</strong></span> <span class='ocrx_word' id='word_1_655' title='bbox 2856 2685 3058 2754; x_wconf 89' lang='lat' dir='ltr'><strong>quibus</strong></span> <span class='ocrx_word' id='word_1_656' title='bbox 3113 2699 3280 2753; x_wconf 88' lang='lat' dir='ltr'><strong>super</strong></span> <span class='ocrx_word' id='word_1_657' title='bbox 3319 2695 3521 2739; x_wconf 88' lang='lat' dir='ltr'><strong>terram</strong></span> 
     </span>
    </p>
   </div>
   <div class='ocr_carea' id='block_1_87' title="bbox 1932 2777 3525 2856">
    <p class='ocr_par' dir='ltr' id='par_1_87' title="bbox 1932 2777 3525 2856">
     <span class='ocr_line' id='line_1_87' title="bbox 1932 2777 3525 2856; baseline -0.003 -20"><span class='ocrx_word' id='word_1_658' title='bbox 1932 2793 2113 2836; x_wconf 89' lang='lat' dir='ltr'><strong>ortum</strong></span> <span class='ocrx_word' id='word_1_659' title='bbox 2145 2789 2249 2837; x_wconf 89' lang='lat' dir='ltr'><strong>est.</strong></span> <span class='ocrx_word' id='word_1_660' title='bbox 2277 2779 2372 2834; x_wconf 83' lang='lat' dir='ltr'><strong>His</strong></span> <span class='ocrx_word' id='word_1_661' title='bbox 2403 2793 2637 2849; x_wconf 87' lang='lat' dir='ltr'><strong>namque</strong></span> <span class='ocrx_word' id='word_1_662' title='bbox 2670 2778 2924 2856; x_wconf 87' lang='lat' dir='ltr'><strong>omnibus</strong></span> <span class='ocrx_word' id='word_1_663' title='bbox 2948 2777 3336 2832; x_wconf 86' lang='lat' dir='ltr'><strong>demonstratis</strong></span> <span class='ocrx_word' id='word_1_664' title='bbox 3361 2784 3525 2846; x_wconf 90' lang='lat' dir='ltr'><strong>atque</strong></span> 
     </span>
    </p>
   </div>
   <div class='ocr_carea' id='block_1_88' title="bbox 1936 2869 3522 2944">
    <p class='ocr_par' dir='ltr' id='par_1_88' title="bbox 1936 2869 3522 2944">
     <span class='ocr_line' id='line_1_88' title="bbox 1936 2869 3522 2944; baseline -0.003 -16"><span class='ocrx_word' id='word_1_665' title='bbox 1936 2873 2250 2930; x_wconf 89' lang='lat' dir='ltr'><strong>memoratis</strong></span> <span class='ocrx_word' id='word_1_666' title='bbox 2313 2871 2745 2944; x_wconf 88' lang='lat' dir='ltr'><strong>malignissimus</strong></span> <span class='ocrx_word' id='word_1_667' title='bbox 2805 2880 2970 2940; x_wconf 90' lang='lat' dir='ltr'><strong>atque</strong></span> <span class='ocrx_word' id='word_1_668' title='bbox 3017 2883 3208 2925; x_wconf 88' lang='lat' dir='ltr'><strong>aereus</strong></span> <span class='ocrx_word' id='word_1_669' title='bbox 3269 2869 3522 2924; x_wconf 87' lang='lat' dir='ltr'><strong>diabolus</strong></span> 
     </span>
    </p>
   </div>
   <div class='ocr_carea' id='block_1_89' title="bbox 1936 2962 3523 3033">
    <p class='ocr_par' dir='ltr' id='par_1_89' title="bbox 1936 2962 3523 3033">
     <span class='ocr_line' id='line_1_89' title="bbox 1936 2962 3523 3033; baseline -0.005 -10"><span class='ocrx_word' id='word_1_670' title='bbox 1936 2967 2106 3023; x_wconf 89' lang='lat' dir='ltr'><strong>dicit:</strong></span> <span class='ocrx_word' id='word_1_671' title='bbox 2147 2965 2377 3020; x_wconf 84' lang='lat' dir='ltr'><strong>Circuivi</strong></span> <span class='ocrx_word' id='word_1_672' title='bbox 2417 2974 2582 3018; x_wconf 85' lang='lat' dir='ltr'><strong>totam</strong></span> <span class='ocrx_word' id='word_1_673' title='bbox 2615 2973 2812 3018; x_wconf 86' lang='lat' dir='ltr'><strong>terram</strong></span> <span class='ocrx_word' id='word_1_674' title='bbox 2862 2979 2979 3033; x_wconf 72' lang='lat' dir='ltr'><strong>qua:</strong></span> <span class='ocrx_word' id='word_1_675' title='bbox 3028 2963 3121 3015; x_wconf 82' lang='lat' dir='ltr'><strong>sub</strong></span> <span class='ocrx_word' id='word_1_676' title='bbox 3173 2962 3300 3016; x_wconf 74' lang='lat' dir='ltr'><strong>cmlo</strong></span> <span class='ocrx_word' id='word_1_677' title='bbox 3338 2970 3436 3026; x_wconf 85' lang='lat' dir='ltr'><strong>est,</strong></span> <span class='ocrx_word' id='word_1_678' title='bbox 3473 2972 3523 3016; x_wconf 78' lang='lat' dir='ltr'><strong>et</strong></span> 
     </span>
    </p>
   </div>
   <div class='ocr_carea' id='block_1_90' title="bbox 1938 3057 3520 3129">
    <p class='ocr_par' dir='ltr' id='par_1_90' title="bbox 1938 3057 3520 3129">
     <span class='ocr_line' id='line_1_90' title="bbox 1938 3057 3520 3129; baseline -0.003 -14"><span class='ocrx_word' id='word_1_679' title='bbox 1938 3063 2072 3116; x_wconf 76' lang='lat' dir='ltr'><strong>veni.</strong></span> <span class='ocrx_word' id='word_1_680' title='bbox 2102 3061 2147 3116; x_wconf 93' lang='grc' dir='ltr'>Ο</span> <span class='ocrx_word' id='word_1_681' title='bbox 2174 3059 2509 3129; x_wconf 89' lang='lat' dir='ltr'><strong>nequissime</strong></span> <span class='ocrx_word' id='word_1_682' title='bbox 2536 3057 2871 3122; x_wconf 90' lang='lat' dir='ltr'><strong>adversarie,</strong></span> <span class='ocrx_word' id='word_1_683' title='bbox 2915 3073 2946 3112; x_wconf 93' lang='grc' dir='ltr'>ο</span> <span class='ocrx_word' id='word_1_684' title='bbox 2975 3057 3370 3128; x_wconf 87' lang='lat' dir='ltr'><strong>malignissime</strong></span> <span class='ocrx_word' id='word_1_685' title='bbox 3401 3058 3520 3111; x_wconf 89' lang='lat' dir='ltr'><strong>dia-</strong></span> 
     </span>
    </p>
   </div>
   <div class='ocr_carea' id='block_1_91' title="bbox 1935 3151 3522 3226">
    <p class='ocr_par' dir='ltr' id='par_1_91' title="bbox 1935 3151 3522 3226">
     <span class='ocr_line' id='line_1_91' title="bbox 1935 3151 3522 3226; baseline -0.006 -13"><span class='ocrx_word' id='word_1_686' title='bbox 1935 3158 2079 3223; x_wconf 88' lang='lat' dir='ltr'><strong>bole,</strong></span> <span class='ocrx_word' id='word_1_687' title='bbox 2103 3171 2266 3226; x_wconf 84' lang='lat' dir='ltr'><strong>quam</strong></span> <span class='ocrx_word' id='word_1_688' title='bbox 2299 3155 2571 3225; x_wconf 89' lang='lat' dir='ltr'><strong>malignus</strong></span> <span class='ocrx_word' id='word_1_689' title='bbox 2606 3168 2689 3217; x_wconf 90' lang='lat' dir='ltr'><strong>es,</strong></span> <span class='ocrx_word' id='word_1_690' title='bbox 2735 3161 2792 3206; x_wconf 89' lang='lat' dir='ltr'><strong>et</strong></span> <span class='ocrx_word' id='word_1_691' title='bbox 2821 3152 2887 3205; x_wconf 93' lang='lat' dir='ltr'><strong>ad</strong></span> <span class='ocrx_word' id='word_1_692' title='bbox 2935 3151 3118 3206; x_wconf 88' lang='lat' dir='ltr'><strong>omnia</strong></span> <span class='ocrx_word' id='word_1_693' title='bbox 3157 3151 3297 3205; x_wconf 92' lang='lat' dir='ltr'><strong>mala</strong></span> <span class='ocrx_word' id='word_1_694' title='bbox 3330 3167 3522 3205; x_wconf 82' lang='lat' dir='ltr'><strong>versu-</strong></span> 
     </span>
    </p>
   </div>
   <div class='ocr_carea' id='block_1_92' title="bbox 1935 3242 3522 3314">
    <p class='ocr_par' dir='ltr' id='par_1_92' title="bbox 1935 3242 3522 3314">
     <span class='ocr_line' id='line_1_92' title="bbox 1935 3242 3522 3314; baseline -0.004 -10"><span class='ocrx_word' id='word_1_695' title='bbox 1935 3261 2020 3304; x_wconf 90' lang='lat' dir='ltr'><strong>tus</strong></span> <span class='ocrx_word' id='word_1_696' title='bbox 2066 3258 2228 3314; x_wconf 88' lang='lat' dir='ltr'><strong>atque</strong></span> <span class='ocrx_word' id='word_1_697' title='bbox 2273 3245 2538 3301; x_wconf 86' lang='lat' dir='ltr'><strong>callidus!</strong></span> <span class='ocrx_word' id='word_1_698' title='bbox 2580 3245 2716 3300; x_wconf 83' lang='lat' dir='ltr'><strong>Cum</strong></span> <span class='ocrx_word' id='word_1_699' title='bbox 2765 3246 2911 3299; x_wconf 90' lang='lat' dir='ltr'><strong>enim</strong></span> <span class='ocrx_word' id='word_1_700' title='bbox 2948 3244 3015 3299; x_wconf 91' lang='lat' dir='ltr'><strong>ad</strong></span> <span class='ocrx_word' id='word_1_701' title='bbox 3048 3242 3214 3298; x_wconf 92' lang='lat' dir='ltr'><strong>Deum</strong></span> <span class='ocrx_word' id='word_1_702' title='bbox 3261 3242 3522 3312; x_wconf 90' lang='lat' dir='ltr'><strong>loqueris,</strong></span> 
     </span>
    </p>
   </div>
   <div class='ocr_carea' id='block_1_93' title="bbox 1935 3338 3524 3413">
    <p class='ocr_par' dir='ltr' id='par_1_93' title="bbox 1935 3338 3524 3413">
     <span class='ocr_line' id='line_1_93' title="bbox 1935 3338 3524 3413; baseline -0.003 -16"><span class='ocrx_word' id='word_1_703' title='bbox 1935 3344 2297 3398; x_wconf 85' lang='lat' dir='ltr'><strong>humilitatem</strong></span> <span class='ocrx_word' id='word_1_704' title='bbox 2352 3343 2584 3413; x_wconf 75' lang='lat' dir='ltr'><strong>(ingens,</strong></span> <span class='ocrx_word' id='word_1_705' title='bbox 2630 3351 2799 3396; x_wconf 86' lang='lat' dir='ltr'><strong>totam</strong></span> <span class='ocrx_word' id='word_1_706' title='bbox 2847 3349 3048 3394; x_wconf 86' lang='lat' dir='ltr'><strong>terram</strong></span> <span class='ocrx_word' id='word_1_707' title='bbox 3100 3353 3220 3408; x_wconf 87' lang='lat' dir='ltr'><strong>quae</strong></span> <span class='ocrx_word' id='word_1_708' title='bbox 3249 3338 3351 3392; x_wconf 92' lang='lat' dir='ltr'><strong>sub</strong></span> <span class='ocrx_word' id='word_1_709' title='bbox 3386 3338 3524 3393; x_wconf 84' lang='lat' dir='ltr'><strong>coelo</strong></span> 
     </span>
    </p>
   </div>
   <div class='ocr_carea' id='block_1_94' title="bbox 1932 3430 3523 3498">
    <p class='ocr_par' dir='ltr' id='par_1_94' title="bbox 1932 3430 3523 3498">
     <span class='ocr_line' id='line_1_94' title="bbox 1932 3430 3523 3498; baseline -0.006 -7"><span class='ocrx_word' id='word_1_710' title='bbox 1932 3445 2020 3491; x_wconf 90' lang='lat' dir='ltr'><strong>est</strong></span> <span class='ocrx_word' id='word_1_711' title='bbox 2061 3435 2327 3490; x_wconf 89' lang='lat' dir='ltr'><strong>circuisse</strong></span> <span class='ocrx_word' id='word_1_712' title='bbox 2364 3445 2415 3490; x_wconf 89' lang='lat' dir='ltr'><strong>te</strong></span> <span class='ocrx_word' id='word_1_713' title='bbox 2447 3435 2604 3498; x_wconf 88' lang='lat' dir='ltr'><strong>dicis,</strong></span> <span class='ocrx_word' id='word_1_714' title='bbox 2644 3442 2700 3487; x_wconf 89' lang='lat' dir='ltr'><strong>et</strong></span> <span class='ocrx_word' id='word_1_715' title='bbox 2730 3431 2853 3486; x_wconf 76' lang='lat' dir='ltr'><strong>cceli</strong></span> <span class='ocrx_word' id='word_1_716' title='bbox 2887 3447 2994 3485; x_wconf 92' lang='lat' dir='ltr'><strong>non</strong></span> <span class='ocrx_word' id='word_1_717' title='bbox 3032 3431 3349 3485; x_wconf 87' lang='lat' dir='ltr'><strong>meministi.</strong></span> <span class='ocrx_word' id='word_1_718' title='bbox 3389 3430 3523 3484; x_wconf 87' lang='lat' dir='ltr'><strong>Cum</strong></span> 
     </span>
    </p>
   </div>
   <div class='ocr_carea' id='block_1_95' title="bbox 1933 3522 3525 3594">
    <p class='ocr_par' dir='ltr' id='par_1_95' title="bbox 1933 3522 3525 3594">
     <span class='ocr_line' id='line_1_95' title="bbox 1933 3522 3525 3594; baseline -0.006 -10"><span class='ocrx_word' id='word_1_719' title='bbox 1933 3539 2115 3584; x_wconf 88' lang='lat' dir='ltr'><strong>autem</strong></span> <span class='ocrx_word' id='word_1_720' title='bbox 2139 3531 2205 3581; x_wconf 92' lang='lat' dir='ltr'><strong>ad</strong></span> <span class='ocrx_word' id='word_1_721' title='bbox 2231 3528 2480 3581; x_wconf 82' lang='lat' dir='ltr'><strong>homines</strong></span> <span class='ocrx_word' id='word_1_722' title='bbox 2506 3524 2767 3594; x_wconf 85' lang='lat' dir='ltr'><strong>loqueris,</strong></span> <span class='ocrx_word' id='word_1_723' title='bbox 2794 3533 2926 3576; x_wconf 90' lang='lat' dir='ltr'><strong>tunc</strong></span> <span class='ocrx_word' id='word_1_724' title='bbox 2951 3522 3303 3576; x_wconf 89' lang='lat' dir='ltr'><strong>nihilominus</strong></span> <span class='ocrx_word' id='word_1_725' title='bbox 3329 3536 3525 3587; x_wconf 89' lang='lat' dir='ltr'><strong>magna</strong></span> 
     </span>
    </p>
   </div>
   <div class='ocr_carea' id='block_1_96' title="bbox 1933 3611 3527 3687">
    <p class='ocr_par' dir='ltr' id='par_1_96' title="bbox 1933 3611 3527 3687">
     <span class='ocr_line' id='line_1_96' title="bbox 1933 3611 3527 3687; baseline -0.006 -15"><span class='ocrx_word' id='word_1_726' title='bbox 1933 3617 2162 3687; x_wconf 91' lang='lat' dir='ltr'><strong>loquens</strong></span> <span class='ocrx_word' id='word_1_727' title='bbox 2191 3626 2248 3670; x_wconf 92' lang='lat' dir='ltr'><strong>ut</strong></span> <span class='ocrx_word' id='word_1_728' title='bbox 2277 3617 2522 3671; x_wconf 90' lang='lat' dir='ltr'><strong>homines</strong></span> <span class='ocrx_word' id='word_1_729' title='bbox 2558 3615 2760 3685; x_wconf 81' lang='lat' dir='ltr'><strong>rapias,</strong></span> <span class='ocrx_word' id='word_1_730' title='bbox 2806 3613 2944 3667; x_wconf 90' lang='lat' dir='ltr'><strong>dicis</strong></span> <span class='ocrx_word' id='word_1_731' title='bbox 2977 3629 2989 3664; x_wconf 94' lang='lat'>:</span> <span class='ocrx_word' id='word_1_732' title='bbox 3021 3611 3089 3664; x_wconf 85' lang='lat' dir='ltr'><strong>In</strong></span> <span class='ocrx_word' id='word_1_733' title='bbox 3120 3611 3307 3665; x_wconf 80' lang='lat' dir='ltr'><strong>caelum</strong></span> <span class='ocrx_word' id='word_1_734' title='bbox 3343 3626 3527 3663; x_wconf 80' lang='lat' dir='ltr'><strong>ascen-</strong></span> 
     </span>
    </p>
   </div>
   <div class='ocr_carea' id='block_1_97' title="bbox 1933 3703 3526 3777">
    <p class='ocr_par' dir='ltr' id='par_1_97' title="bbox 1933 3703 3526 3777">
     <span class='ocr_line' id='line_1_97' title="bbox 1933 3703 3526 3777; baseline -0.006 -13"><span class='ocrx_word' id='word_1_735' title='bbox 1933 3713 2080 3775; x_wconf 79' lang='lat' dir='ltr'><strong>dam,</strong></span> <span class='ocrx_word' id='word_1_736' title='bbox 2126 3725 2282 3777; x_wconf 84' lang='lat' dir='ltr'><strong>super</strong></span> <span class='ocrx_word' id='word_1_737' title='bbox 2318 3707 2498 3761; x_wconf 82' lang='lat' dir='ltr'><strong>stellas</strong></span> <span class='ocrx_word' id='word_1_738' title='bbox 2540 3708 2653 3761; x_wconf 76' lang='lat' dir='ltr'><strong>cazli</strong></span> <span class='ocrx_word' id='word_1_739' title='bbox 2687 3722 2878 3776; x_wconf 86' lang='lat' dir='ltr'><strong>ponam</strong></span> <span class='ocrx_word' id='word_1_740' title='bbox 2909 3703 3080 3759; x_wconf 88' lang='lat' dir='ltr'><strong>sedem</strong></span> <span class='ocrx_word' id='word_1_741' title='bbox 3117 3719 3308 3770; x_wconf 82' lang='lat' dir='ltr'><strong>meum,</strong></span> <span class='ocrx_word' id='word_1_742' title='bbox 3343 3713 3390 3757; x_wconf 84' lang='lat' dir='ltr'><strong>et</strong></span> <span class='ocrx_word' id='word_1_743' title='bbox 3436 3718 3526 3756; x_wconf 77' lang='lat' dir='ltr'><strong>ero</strong></span> 
     </span>
    </p>
   </div>
   <div class='ocr_carea' id='block_1_98' title="bbox 1934 3796 3528 3861">
    <p class='ocr_par' dir='ltr' id='par_1_98' title="bbox 1934 3796 3528 3861">
     <span class='ocr_line' id='line_1_98' title="bbox 1934 3796 3528 3861; baseline -0.004 -5"><span class='ocrx_word' id='word_1_744' title='bbox 1934 3801 2122 3856; x_wconf 86' lang='lat' dir='ltr'><strong>similis</strong></span> <span class='ocrx_word' id='word_1_745' title='bbox 2150 3800 2422 3853; x_wconf 77' lang='lat' dir='ltr'><strong>Altissimo</strong></span> <span class='ocrx_word' id='word_1_746' title='bbox 2457 3799 2544 3852; x_wconf 70' lang='lat'><strong>’3‘.</strong></span> <span class='ocrx_word' id='word_1_747' title='bbox 2594 3798 2707 3854; x_wconf 74' lang='lat' dir='ltr'><strong>l-loc</strong></span> <span class='ocrx_word' id='word_1_748' title='bbox 2738 3797 2992 3851; x_wconf 90' lang='lat' dir='ltr'><strong>nimirum</strong></span> <span class='ocrx_word' id='word_1_749' title='bbox 3020 3797 3089 3850; x_wconf 89' lang='lat' dir='ltr'><strong>ob</strong></span> <span class='ocrx_word' id='word_1_750' title='bbox 3119 3797 3222 3850; x_wconf 86' lang='lat' dir='ltr'><strong>hoc</strong></span> <span class='ocrx_word' id='word_1_751' title='bbox 3254 3796 3393 3850; x_wconf 90' lang='lat' dir='ltr'><strong>dicis</strong></span> <span class='ocrx_word' id='word_1_752' title='bbox 3417 3835 3432 3861; x_wconf 89' lang='lat'><strong>,</strong></span> <span class='ocrx_word' id='word_1_753' title='bbox 3470 3804 3528 3849; x_wconf 90' lang='lat' dir='ltr'><strong>ut</strong></span> 
     </span>
    </p>
   </div>
   <div class='ocr_carea' id='block_1_99' title="bbox 1934 3887 3522 3965">
    <p class='ocr_par' dir='ltr' id='par_1_99' title="bbox 1934 3887 3522 3965">
     <span class='ocr_line' id='line_1_99' title="bbox 1934 3887 3522 3965; baseline -0.003 -17"><span class='ocrx_word' id='word_1_754' title='bbox 1934 3911 2032 3965; x_wconf 90' lang='lat' dir='ltr'><strong>pro</strong></span> <span class='ocrx_word' id='word_1_755' title='bbox 2051 3892 2330 3946; x_wconf 85' lang='lat' dir='ltr'><strong>Altissitno</strong></span> <span class='ocrx_word' id='word_1_756' title='bbox 2349 3890 2559 3944; x_wconf 88' lang='lat' dir='ltr'><strong>adorari</strong></span> <span class='ocrx_word' id='word_1_757' title='bbox 2580 3901 2742 3959; x_wconf 83' lang='lat' dir='ltr'><strong>atque</strong></span> <span class='ocrx_word' id='word_1_758' title='bbox 2763 3889 2869 3943; x_wconf 93' lang='lat' dir='ltr'><strong>coli</strong></span> <span class='ocrx_word' id='word_1_759' title='bbox 2899 3890 2964 3943; x_wconf 90' lang='lat' dir='ltr'><strong>ab</strong></span> <span class='ocrx_word' id='word_1_760' title='bbox 2989 3887 3300 3943; x_wconf 90' lang='lat' dir='ltr'><strong>hominibus</strong></span> <span class='ocrx_word' id='word_1_761' title='bbox 3321 3889 3522 3958; x_wconf 90' lang='lat' dir='ltr'><strong>possis.</strong></span> 
     </span>
    </p>
   </div>
   <div class='ocr_carea' id='block_1_100' title="bbox 2005 3982 3522 4054">
    <p class='ocr_par' dir='ltr' id='par_1_100' title="bbox 2005 3982 3522 4054">
     <span class='ocr_line' id='line_1_100' title="bbox 2005 3982 3522 4054; baseline -0.001 -13"><span class='ocrx_word' id='word_1_762' title='bbox 2005 3985 2270 4050; x_wconf 85' lang='lat' dir='ltr'><strong>Circuivi,</strong></span> <span class='ocrx_word' id='word_1_763' title='bbox 2320 3984 2516 4054; x_wconf 91' lang='lat' dir='ltr'><strong>inquit,</strong></span> <span class='ocrx_word' id='word_1_764' title='bbox 2565 3994 2728 4037; x_wconf 82' lang='lat' dir='ltr'><strong>totum</strong></span> <span class='ocrx_word' id='word_1_765' title='bbox 2760 3995 2956 4036; x_wconf 86' lang='lat' dir='ltr'><strong>terram</strong></span> <span class='ocrx_word' id='word_1_766' title='bbox 3000 4000 3116 4054; x_wconf 71' lang='lat' dir='ltr'><strong>qua:</strong></span> <span class='ocrx_word' id='word_1_767' title='bbox 3152 3982 3245 4036; x_wconf 88' lang='lat' dir='ltr'><strong>sub</strong></span> <span class='ocrx_word' id='word_1_768' title='bbox 3277 3983 3402 4035; x_wconf 74' lang='lat' dir='ltr'><strong>caelo</strong></span> <span class='ocrx_word' id='word_1_769' title='bbox 3425 3992 3522 4040; x_wconf 76' lang='lat' dir='ltr'><strong>est.</strong></span> 
     </span>
    </p>
   </div>
   <div class='ocr_carea' id='block_1_101' title="bbox 1935 4077 3527 4145">
    <p class='ocr_par' dir='ltr' id='par_1_101' title="bbox 1935 4077 3527 4145">
     <span class='ocr_line' id='line_1_101' title="bbox 1935 4077 3527 4145; baseline -0.004 -10"><span class='ocrx_word' id='word_1_770' title='bbox 1935 4079 2161 4135; x_wconf 90' lang='lat' dir='ltr'><strong>Terram</strong></span> <span class='ocrx_word' id='word_1_771' title='bbox 2199 4080 2424 4145; x_wconf 85' lang='lat' dir='ltr'><strong>circuis,</strong></span> <span class='ocrx_word' id='word_1_772' title='bbox 2444 4093 2476 4128; x_wconf 90' lang='lat' dir='ltr'><strong>o</strong></span> <span class='ocrx_word' id='word_1_773' title='bbox 2503 4078 2737 4142; x_wconf 88' lang='lat' dir='ltr'><strong>diabole,</strong></span> <span class='ocrx_word' id='word_1_774' title='bbox 2766 4077 2832 4130; x_wconf 88' lang='lat' dir='ltr'><strong>ad</strong></span> <span class='ocrx_word' id='word_1_775' title='bbox 2864 4077 3234 4139; x_wconf 87' lang='lat' dir='ltr'><strong>dcsolandum,</strong></span> <span class='ocrx_word' id='word_1_776' title='bbox 3256 4077 3320 4130; x_wconf 89' lang='lat' dir='ltr'><strong>ad</strong></span> <span class='ocrx_word' id='word_1_777' title='bbox 3347 4085 3527 4130; x_wconf 78' lang='lat' dir='ltr'><strong>exter-</strong></span> 
     </span>
    </p>
   </div>
   <div class='ocr_carea' id='block_1_102' title="bbox 1935 4169 3525 4240">
    <p class='ocr_par' dir='ltr' id='par_1_102' title="bbox 1935 4169 3525 4240">
     <span class='ocr_line' id='line_1_102' title="bbox 1935 4169 3525 4240; baseline -0.002 -14"><span class='ocrx_word' id='word_1_778' title='bbox 1935 4173 2248 4227; x_wconf 87' lang='lat' dir='ltr'><strong>minandum</strong></span> <span class='ocrx_word' id='word_1_779' title='bbox 2288 4189 2432 4226; x_wconf 91' lang='lat' dir='ltr'><strong>eam.</strong></span> <span class='ocrx_word' id='word_1_780' title='bbox 2467 4172 2537 4225; x_wconf 85' lang='lat' dir='ltr'><strong>Ea</strong></span> <span class='ocrx_word' id='word_1_781' title='bbox 2568 4187 2686 4240; x_wconf 59' lang='lat' dir='ltr'><strong>quae</strong></span> <span class='ocrx_word' id='word_1_782' title='bbox 2720 4169 2823 4224; x_wconf 87' lang='lat' dir='ltr'><strong>sub</strong></span> <span class='ocrx_word' id='word_1_783' title='bbox 2847 4170 2987 4224; x_wconf 62' lang='lat' dir='ltr'><strong>caelo</strong></span> <span class='ocrx_word' id='word_1_784' title='bbox 3017 4179 3142 4223; x_wconf 90' lang='lat' dir='ltr'><strong>sunt</strong></span> <span class='ocrx_word' id='word_1_785' title='bbox 3173 4183 3429 4238; x_wconf 86' lang='lat' dir='ltr'><strong>peragras</strong></span> <span class='ocrx_word' id='word_1_786' title='bbox 3458 4169 3525 4223; x_wconf 89' lang='lat' dir='ltr'><strong>ad</strong></span> 
     </span>
    </p>
   </div>
   <div class='ocr_carea' id='block_1_103' title="bbox 1936 4261 3524 4334">
    <p class='ocr_par' dir='ltr' id='par_1_103' title="bbox 1936 4261 3524 4334">
     <span class='ocr_line' id='line_1_103' title="bbox 1936 4261 3524 4334; baseline -0.003 -17"><span class='ocrx_word' id='word_1_787' title='bbox 1936 4264 2360 4334; x_wconf 80' lang='lat' dir='ltr'><strong>perturbandam</strong></span> <span class='ocrx_word' id='word_1_788' title='bbox 2391 4273 2445 4317; x_wconf 91' lang='lat' dir='ltr'><strong>et</strong></span> <span class='ocrx_word' id='word_1_789' title='bbox 2472 4263 2920 4332; x_wconf 86' lang='lat' dir='ltr'><strong>pervertendum,</strong></span> <span class='ocrx_word' id='word_1_790' title='bbox 2947 4269 3000 4314; x_wconf 89' lang='lat' dir='ltr'><strong>et</strong></span> <span class='ocrx_word' id='word_1_791' title='bbox 3023 4262 3088 4313; x_wconf 91' lang='lat' dir='ltr'><strong>ad</strong></span> <span class='ocrx_word' id='word_1_792' title='bbox 3121 4261 3364 4313; x_wconf 80' lang='lat' dir='ltr'><strong>furorem</strong></span> <span class='ocrx_word' id='word_1_793' title='bbox 3390 4275 3524 4313; x_wconf 90' lang='lat' dir='ltr'><strong>con-</strong></span> 
     </span>
    </p>
   </div>
   <div class='ocr_carea' id='block_1_104' title="bbox 1934 4354 3525 4427">
    <p class='ocr_par' dir='ltr' id='par_1_104' title="bbox 1934 4354 3525 4427">
     <span class='ocr_line' id='line_1_104' title="bbox 1934 4354 3525 4427; baseline -0.004 -16"><span class='ocrx_word' id='word_1_794' title='bbox 1934 4357 2178 4411; x_wconf 87' lang='lat' dir='ltr'><strong>citandas</strong></span> <span class='ocrx_word' id='word_1_795' title='bbox 2211 4365 2372 4427; x_wconf 90' lang='lat' dir='ltr'><strong>atque</strong></span> <span class='ocrx_word' id='word_1_796' title='bbox 2403 4354 2818 4410; x_wconf 85' lang='lat' dir='ltr'><strong>exacerbandas</strong></span> <span class='ocrx_word' id='word_1_797' title='bbox 2864 4363 3055 4422; x_wconf 89' lang='lat' dir='ltr'><strong>gentes</strong></span> <span class='ocrx_word' id='word_1_798' title='bbox 3093 4354 3363 4407; x_wconf 88' lang='lat' dir='ltr'><strong>adversus</strong></span> <span class='ocrx_word' id='word_1_799' title='bbox 3393 4367 3525 4421; x_wconf 83' lang='lat' dir='ltr'><strong>gen—</strong></span> 
     </span>
    </p>
   </div>
   <div class='ocr_carea' id='block_1_105' title="bbox 1939 4446 3527 4521">
    <p class='ocr_par' dir='ltr' id='par_1_105' title="bbox 1939 4446 3527 4521">
     <span class='ocr_line' id='line_1_105' title="bbox 1939 4446 3527 4521; baseline -0.003 -17"><span class='ocrx_word' id='word_1_800' title='bbox 1939 4463 2018 4506; x_wconf 89' lang='lat' dir='ltr'><strong>tes</strong></span> <span class='ocrx_word' id='word_1_801' title='bbox 2067 4460 2120 4506; x_wconf 89' lang='lat' dir='ltr'><strong>et</strong></span> <span class='ocrx_word' id='word_1_802' title='bbox 2147 4451 2414 4521; x_wconf 88' lang='lat' dir='ltr'><strong>regiones.</strong></span> <span class='ocrx_word' id='word_1_803' title='bbox 2444 4448 2550 4502; x_wconf 89' lang='lat' dir='ltr'><strong>Pro</strong></span> <span class='ocrx_word' id='word_1_804' title='bbox 2583 4448 2702 4503; x_wconf 86' lang='lat' dir='ltr'><strong>istis</strong></span> <span class='ocrx_word' id='word_1_805' title='bbox 2729 4462 2860 4513; x_wconf 82' lang='lat' dir='ltr'><strong>ergo</strong></span> <span class='ocrx_word' id='word_1_806' title='bbox 2887 4447 3160 4507; x_wconf 85' lang='lat' dir='ltr'><strong>omnibus,</strong></span> <span class='ocrx_word' id='word_1_807' title='bbox 3194 4446 3389 4514; x_wconf 89' lang='lat' dir='ltr'><strong>inquit,</strong></span> <span class='ocrx_word' id='word_1_808' title='bbox 3419 4446 3527 4499; x_wconf 86' lang='lat' dir='ltr'><strong>cir-</strong></span> 
     </span>
    </p>
   </div>
   <div class='ocr_carea' id='block_1_106' title="bbox 1939 4537 3524 4610">
    <p class='ocr_par' dir='ltr' id='par_1_106' title="bbox 1939 4537 3524 4610">
     <span class='ocr_line' id='line_1_106' title="bbox 1939 4537 3524 4610; baseline -0.006 -10"><span class='ocrx_word' id='word_1_809' title='bbox 1939 4544 2081 4600; x_wconf 92' lang='lat' dir='ltr'><strong>cuivi</strong></span> <span class='ocrx_word' id='word_1_810' title='bbox 2119 4553 2287 4597; x_wconf 89' lang='lat' dir='ltr'><strong>totam</strong></span> <span class='ocrx_word' id='word_1_811' title='bbox 2317 4551 2518 4594; x_wconf 89' lang='lat' dir='ltr'><strong>terram</strong></span> <span class='ocrx_word' id='word_1_812' title='bbox 2546 4555 2666 4610; x_wconf 71' lang='lat' dir='ltr'><strong>qua:</strong></span> <span class='ocrx_word' id='word_1_813' title='bbox 2695 4539 2794 4593; x_wconf 91' lang='lat' dir='ltr'><strong>sub</strong></span> <span class='ocrx_word' id='word_1_814' title='bbox 2835 4539 2974 4592; x_wconf 61' lang='lat' dir='ltr'><strong>coelo</strong></span> <span class='ocrx_word' id='word_1_815' title='bbox 3006 4547 3110 4604; x_wconf 87' lang='lat' dir='ltr'><strong>est,</strong></span> <span class='ocrx_word' id='word_1_816' title='bbox 3146 4548 3199 4591; x_wconf 89' lang='lat' dir='ltr'><strong>et</strong></span> <span class='ocrx_word' id='word_1_817' title='bbox 3235 4538 3378 4590; x_wconf 84' lang='lat' dir='ltr'><strong>veni.</strong></span> <span class='ocrx_word' id='word_1_818' title='bbox 3415 4537 3524 4591; x_wconf 84' lang='lat' dir='ltr'><strong>Sed</strong></span> 
     </span>
    </p>
   </div>
   <div class='ocr_carea' id='block_1_107' title="bbox 1940 4635 3524 4696">
    <p class='ocr_par' dir='ltr' id='par_1_107' title="bbox 1940 4635 3524 4696">
     <span class='ocr_line' id='line_1_107' title="bbox 1940 4635 3524 4696; baseline -0.004 -7"><span class='ocrx_word' id='word_1_819' title='bbox 1940 4638 2113 4690; x_wconf 90' lang='lat' dir='ltr'><strong>adhuc</strong></span> <span class='ocrx_word' id='word_1_820' title='bbox 2142 4636 2302 4689; x_wconf 88' lang='lat' dir='ltr'><strong>aliter</strong></span> <span class='ocrx_word' id='word_1_821' title='bbox 2327 4635 2548 4688; x_wconf 88' lang='lat' dir='ltr'><strong>circuivi</strong></span> <span class='ocrx_word' id='word_1_822' title='bbox 2579 4642 2747 4686; x_wconf 89' lang='lat' dir='ltr'><strong>totam</strong></span> <span class='ocrx_word' id='word_1_823' title='bbox 2777 4640 3003 4693; x_wconf 88' lang='lat' dir='ltr'><strong>terram,</strong></span> <span class='ocrx_word' id='word_1_824' title='bbox 3029 4646 3220 4684; x_wconf 89' lang='lat' dir='ltr'><strong>omnes</strong></span> <span class='ocrx_word' id='word_1_825' title='bbox 3251 4640 3524 4696; x_wconf 87' lang='lat' dir='ltr'><strong>terrenos,</strong></span> 
     </span>
    </p>
   </div>
   <div class='ocr_carea' id='block_1_108' title="bbox 1939 4716 3525 4796">
    <p class='ocr_par' dir='ltr' id='par_1_108' title="bbox 1939 4716 3525 4796">
     <span class='ocr_line' id='line_1_108' title="bbox 1939 4716 3525 4796; baseline -0.004 -13"><span class='ocrx_word' id='word_1_826' title='bbox 1939 4743 2033 4783; x_wconf 88' lang='lat' dir='ltr'><strong>eos</strong></span> <span class='ocrx_word' id='word_1_827' title='bbox 2078 4728 2172 4796; x_wconf 90' lang='lat' dir='ltr'><strong>qui</strong></span> <span class='ocrx_word' id='word_1_828' title='bbox 2223 4738 2440 4781; x_wconf 88' lang='lat' dir='ltr'><strong>terrena</strong></span> <span class='ocrx_word' id='word_1_829' title='bbox 2484 4725 2702 4792; x_wconf 91' lang='lat' dir='ltr'><strong>sapiunt</strong></span> <span class='ocrx_word' id='word_1_830' title='bbox 2759 4716 2992 4787; x_wconf 88' lang='lat' dir='ltr'><strong>tantum,</strong></span> <span class='ocrx_word' id='word_1_831' title='bbox 3041 4739 3134 4776; x_wconf 88' lang='lat' dir='ltr'><strong>eos</strong></span> <span class='ocrx_word' id='word_1_832' title='bbox 3164 4725 3253 4792; x_wconf 90' lang='lat' dir='ltr'><strong>qui</strong></span> <span class='ocrx_word' id='word_1_833' title='bbox 3309 4733 3525 4776; x_wconf 85' lang='lat' dir='ltr'><strong>terrena</strong></span> 
     </span>
    </p>
   </div>
   <div class='ocr_carea' id='block_1_109' title="bbox 1941 4813 3528 4887">
    <p class='ocr_par' dir='ltr' id='par_1_109' title="bbox 1941 4813 3528 4887">
     <span class='ocr_line' id='line_1_109' title="bbox 1941 4813 3528 4887; baseline -0.006 -14"><span class='ocrx_word' id='word_1_834' title='bbox 1941 4819 2053 4873; x_wconf 91' lang='lat' dir='ltr'><strong>sola</strong></span> <span class='ocrx_word' id='word_1_835' title='bbox 2085 4819 2349 4887; x_wconf 88' lang='lat' dir='ltr'><strong>cogitant,</strong></span> <span class='ocrx_word' id='word_1_836' title='bbox 2381 4828 2436 4871; x_wconf 86' lang='lat' dir='ltr'><strong>et</strong></span> <span class='ocrx_word' id='word_1_837' title='bbox 2480 4815 2839 4879; x_wconf 90' lang='lat' dir='ltr'><strong>meditantur,</strong></span> <span class='ocrx_word' id='word_1_838' title='bbox 2876 4813 3108 4884; x_wconf 89' lang='lat' dir='ltr'><strong>diligunt</strong></span> <span class='ocrx_word' id='word_1_839' title='bbox 3147 4825 3310 4883; x_wconf 86' lang='lat' dir='ltr'><strong>atque</strong></span> <span class='ocrx_word' id='word_1_840' title='bbox 3354 4814 3528 4881; x_wconf 84' lang='lat' dir='ltr'><strong>requi-</strong></span> 
     </span>
    </p>
   </div>
   <div class='ocr_carea' id='block_1_110' title="bbox 1943 4905 3529 4977">
    <p class='ocr_par' dir='ltr' id='par_1_110' title="bbox 1943 4905 3529 4977">
     <span class='ocr_line' id='line_1_110' title="bbox 1943 4905 3529 4977; baseline -0.006 -12"><span class='ocrx_word' id='word_1_841' title='bbox 1943 4918 2088 4965; x_wconf 91' lang='lat' dir='ltr'><strong>runt.</strong></span> <span class='ocrx_word' id='word_1_842' title='bbox 2122 4910 2259 4963; x_wconf 89' lang='lat' dir='ltr'><strong>Istos</strong></span> <span class='ocrx_word' id='word_1_843' title='bbox 2289 4925 2418 4977; x_wconf 76' lang='lat' dir='ltr'><strong>ergo</strong></span> <span class='ocrx_word' id='word_1_844' title='bbox 2447 4907 2668 4971; x_wconf 89' lang='lat' dir='ltr'><strong>circuis,</strong></span> <span class='ocrx_word' id='word_1_845' title='bbox 2710 4905 2991 4974; x_wconf 82' lang='lat' dir='ltr'><strong>exploras,</strong></span> <span class='ocrx_word' id='word_1_846' title='bbox 3018 4905 3266 4974; x_wconf 78' lang='lat' dir='ltr'><strong>evquiris</strong></span> <span class='ocrx_word' id='word_1_847' title='bbox 3306 4913 3360 4957; x_wconf 91' lang='lat' dir='ltr'><strong>et</strong></span> <span class='ocrx_word' id='word_1_848' title='bbox 3396 4920 3529 4956; x_wconf 87' lang='lat' dir='ltr'><strong>cott-</strong></span> 
     </span>
    </p>
   </div>
   <div class='ocr_carea' id='block_1_111' title="bbox 1940 4997 3525 5070">
    <p class='ocr_par' dir='ltr' id='par_1_111' title="bbox 1940 4997 3525 5070">
     <span class='ocr_line' id='line_1_111' title="bbox 1940 4997 3525 5070; baseline -0.006 -12"><span class='ocrx_word' id='word_1_849' title='bbox 1940 5003 2142 5067; x_wconf 87' lang='lat' dir='ltr'><strong>culcas,</strong></span> <span class='ocrx_word' id='word_1_850' title='bbox 2177 5003 2303 5070; x_wconf 89' lang='lat' dir='ltr'><strong>quia</strong></span> <span class='ocrx_word' id='word_1_851' title='bbox 2350 5001 2607 5054; x_wconf 90' lang='lat' dir='ltr'><strong>introitus</strong></span> <span class='ocrx_word' id='word_1_852' title='bbox 2639 5010 2694 5055; x_wconf 88' lang='lat' dir='ltr'><strong>et</strong></span> <span class='ocrx_word' id='word_1_853' title='bbox 2734 4999 2916 5054; x_wconf 80' lang='lat' dir='ltr'><strong>exitus</strong></span> <span class='ocrx_word' id='word_1_854' title='bbox 2950 4999 3093 5051; x_wconf 89' lang='lat' dir='ltr'><strong>viam</strong></span> <span class='ocrx_word' id='word_1_855' title='bbox 3149 5010 3311 5066; x_wconf 89' lang='lat' dir='ltr'><strong>atque</strong></span> <span class='ocrx_word' id='word_1_856' title='bbox 3342 4997 3444 5049; x_wconf 85' lang='lat' dir='ltr'><strong>iter</strong></span> <span class='ocrx_word' id='word_1_857' title='bbox 3474 4999 3525 5049; x_wconf 91' lang='lat' dir='ltr'><strong>in</strong></span> 
     </span>
    </p>
   </div>
   <div class='ocr_carea' id='block_1_112' title="bbox 1941 5087 3527 5161">
    <p class='ocr_par' dir='ltr' id='par_1_112' title="bbox 1941 5087 3527 5161">
     <span class='ocr_line' id='line_1_112' title="bbox 1941 5087 3527 5161; baseline -0.005 -13"><span class='ocrx_word' id='word_1_858' title='bbox 1941 5095 2022 5149; x_wconf 78' lang='lat' dir='ltr'><strong>eis</strong></span> <span class='ocrx_word' id='word_1_859' title='bbox 2049 5095 2236 5148; x_wconf 88' lang='lat' dir='ltr'><strong>habes.</strong></span> <span class='ocrx_word' id='word_1_860' title='bbox 2268 5093 2380 5160; x_wconf 89' lang='lat' dir='ltr'><strong>Sic,</strong></span> <span class='ocrx_word' id='word_1_861' title='bbox 2411 5094 2656 5161; x_wconf 87' lang='lat' dir='ltr'><strong>inquatn,</strong></span> <span class='ocrx_word' id='word_1_862' title='bbox 2691 5091 2890 5147; x_wconf 92' lang='lat' dir='ltr'><strong>circuis</strong></span> <span class='ocrx_word' id='word_1_863' title='bbox 2919 5101 3142 5154; x_wconf 90' lang='lat' dir='ltr'><strong>terram,</strong></span> <span class='ocrx_word' id='word_1_864' title='bbox 3161 5105 3192 5142; x_wconf 90' lang='grc' dir='ltr'><strong>ο</strong></span> <span class='ocrx_word' id='word_1_865' title='bbox 3216 5087 3448 5151; x_wconf 86' lang='lat' dir='ltr'><strong>diabole,</strong></span> <span class='ocrx_word' id='word_1_866' title='bbox 3476 5097 3527 5140; x_wconf 88' lang='lat' dir='ltr'><strong>et</strong></span> 
     </span>
    </p>
   </div>
   <div class='ocr_carea' id='block_1_113' title="bbox 1941 5177 3530 5255">
    <p class='ocr_par' dir='ltr' id='par_1_113' title="bbox 1941 5177 3530 5255">
     <span class='ocr_line' id='line_1_113' title="bbox 1941 5177 3530 5255; baseline -0.004 -16"><span class='ocrx_word' id='word_1_867' title='bbox 1941 5201 2205 5255; x_wconf 89' lang='lat' dir='ltr'><strong>peragras</strong></span> <span class='ocrx_word' id='word_1_868' title='bbox 2236 5201 2298 5239; x_wconf 89' lang='lat' dir='ltr'><strong>ea</strong></span> <span class='ocrx_word' id='word_1_869' title='bbox 2348 5200 2468 5254; x_wconf 71' lang='lat' dir='ltr'><strong>quae</strong></span> <span class='ocrx_word' id='word_1_870' title='bbox 2500 5184 2599 5238; x_wconf 89' lang='lat' dir='ltr'><strong>sub</strong></span> <span class='ocrx_word' id='word_1_871' title='bbox 2652 5183 2793 5238; x_wconf 76' lang='lat' dir='ltr'><strong>etnlo</strong></span> <span class='ocrx_word' id='word_1_872' title='bbox 2843 5193 2990 5237; x_wconf 92' lang='lat' dir='ltr'><strong>sunt.</strong></span> <span class='ocrx_word' id='word_1_873' title='bbox 3039 5183 3168 5249; x_wconf 82' lang='lat' dir='ltr'><strong>Quae</strong></span> <span class='ocrx_word' id='word_1_874' title='bbox 3199 5190 3324 5235; x_wconf 92' lang='lat' dir='ltr'><strong>sunt</strong></span> <span class='ocrx_word' id='word_1_875' title='bbox 3373 5177 3530 5234; x_wconf 68' lang='lat' dir='ltr'><strong>haec?</strong></span> 
     </span>
    </p>
   </div>
   <div class='ocr_carea' id='block_1_114' title="bbox 1943 5273 3529 5346">
    <p class='ocr_par' dir='ltr' id='par_1_114' title="bbox 1943 5273 3529 5346">
     <span class='ocr_line' id='line_1_114' title="bbox 1943 5273 3529 5346; baseline -0.004 -13"><span class='ocrx_word' id='word_1_876' title='bbox 1943 5278 2118 5333; x_wconf 88' lang='lat' dir='ltr'><strong>Corda</strong></span> <span class='ocrx_word' id='word_1_877' title='bbox 2149 5291 2270 5345; x_wconf 71' lang='lat' dir='ltr'><strong>qua:</strong></span> <span class='ocrx_word' id='word_1_878' title='bbox 2318 5291 2422 5329; x_wconf 89' lang='lat' dir='ltr'><strong>non</strong></span> <span class='ocrx_word' id='word_1_879' title='bbox 2452 5285 2578 5330; x_wconf 90' lang='lat' dir='ltr'><strong>sunt</strong></span> <span class='ocrx_word' id='word_1_880' title='bbox 2628 5276 2680 5329; x_wconf 93' lang='lat' dir='ltr'><strong>in</strong></span> <span class='ocrx_word' id='word_1_881' title='bbox 2730 5275 2893 5340; x_wconf 71' lang='lat' dir='ltr'><strong>caelo,</strong></span> <span class='ocrx_word' id='word_1_882' title='bbox 2922 5291 3042 5346; x_wconf 61' lang='lat' dir='ltr'><strong>qua}</strong></span> <span class='ocrx_word' id='word_1_883' title='bbox 3087 5275 3139 5328; x_wconf 92' lang='lat' dir='ltr'><strong>in</strong></span> <span class='ocrx_word' id='word_1_884' title='bbox 3173 5273 3368 5328; x_wconf 63' lang='lat' dir='ltr'><strong>malum</strong></span> <span class='ocrx_word' id='word_1_885' title='bbox 3399 5290 3529 5327; x_wconf 89' lang='lat' dir='ltr'><strong>nun-</strong></span> 
     </span>
    </p>
   </div>
   <div class='ocr_carea' id='block_1_115' title="bbox 1943 5369 3525 5441">
    <p class='ocr_par' dir='ltr' id='par_1_115' title="bbox 1943 5369 3525 5441">
     <span class='ocr_line' id='line_1_115' title="bbox 1943 5369 3525 5441; baseline -0.002 -18"><span class='ocrx_word' id='word_1_886' title='bbox 1943 5385 2106 5441; x_wconf 88' lang='lat' dir='ltr'><strong>quam</strong></span> <span class='ocrx_word' id='word_1_887' title='bbox 2139 5371 2529 5435; x_wconf 88' lang='lat' dir='ltr'><strong>ascenderunt,</strong></span> <span class='ocrx_word' id='word_1_888' title='bbox 2573 5385 2747 5438; x_wconf 88' lang='lat' dir='ltr'><strong>neque</strong></span> <span class='ocrx_word' id='word_1_889' title='bbox 2793 5369 2914 5422; x_wconf 81' lang='lat' dir='ltr'><strong>litlei</strong></span> <span class='ocrx_word' id='word_1_890' title='bbox 2964 5369 3301 5438; x_wconf 86' lang='lat' dir='ltr'><strong>integritate,</strong></span> <span class='ocrx_word' id='word_1_891' title='bbox 3348 5383 3525 5435; x_wconf 79' lang='lat' dir='ltr'><strong>neque</strong></span> 
     </span>
    </p>
   </div>
   <div class='ocr_carea' id='block_1_116' title="bbox 1945 5461 3527 5533">
    <p class='ocr_par' dir='ltr' id='par_1_116' title="bbox 1945 5461 3527 5533">
     <span class='ocr_line' id='line_1_116' title="bbox 1945 5461 3527 5533; baseline -0.004 -15"><span class='ocrx_word' id='word_1_892' title='bbox 1945 5465 2144 5518; x_wconf 79' lang='lat' dir='ltr'><strong>mentis</strong></span> <span class='ocrx_word' id='word_1_893' title='bbox 2192 5463 2486 5526; x_wconf 87' lang='lat' dir='ltr'><strong>desiderio,</strong></span> <span class='ocrx_word' id='word_1_894' title='bbox 2535 5479 2707 5533; x_wconf 89' lang='lat' dir='ltr'><strong>neque</strong></span> <span class='ocrx_word' id='word_1_895' title='bbox 2758 5461 2969 5516; x_wconf 89' lang='lat' dir='ltr'><strong>Domini</strong></span> <span class='ocrx_word' id='word_1_896' title='bbox 3020 5461 3306 5526; x_wconf 89' lang='lat' dir='ltr'><strong>memoria,</strong></span> <span class='ocrx_word' id='word_1_897' title='bbox 3351 5476 3527 5530; x_wconf 84' lang='lat' dir='ltr'><strong>neque</strong></span> 
     </span>
    </p>
   </div>
   <div class='ocr_carea' id='block_1_117' title="bbox 1947 5553 3522 5626">
    <p class='ocr_par' dir='ltr' id='par_1_117' title="bbox 1947 5553 3522 5626">
     <span class='ocr_line' id='line_1_117' title="bbox 1947 5553 3522 5626; baseline -0.003 -15"><span class='ocrx_word' id='word_1_898' title='bbox 1947 5557 2368 5612; x_wconf 80' lang='lat' dir='ltr'><strong>resurrectionis</strong></span> <span class='ocrx_word' id='word_1_899' title='bbox 2399 5557 2828 5626; x_wconf 84' lang='lat' dir='ltr'><strong>exspectatione,</strong></span> <span class='ocrx_word' id='word_1_900' title='bbox 2883 5553 3271 5624; x_wconf 84' lang='lat' dir='ltr'><strong>neqttejudicii</strong></span> <span class='ocrx_word' id='word_1_901' title='bbox 3309 5555 3522 5618; x_wconf 83' lang='lat' dir='ltr'><strong>timore,</strong></span> 
     </span>
    </p>
   </div>
   <div class='ocr_carea' id='block_1_118' title="bbox 1945 5649 3527 5721">
    <p class='ocr_par' dir='ltr' id='par_1_118' title="bbox 1945 5649 3527 5721">
     <span class='ocr_line' id='line_1_118' title="bbox 1945 5649 3527 5721; baseline -0.001 -17"><span class='ocrx_word' id='word_1_902' title='bbox 1945 5666 2119 5720; x_wconf 84' lang='lat' dir='ltr'><strong>neque</strong></span> <span class='ocrx_word' id='word_1_903' title='bbox 2149 5666 2244 5720; x_wconf 86' lang='lat' dir='ltr'><strong>spe</strong></span> <span class='ocrx_word' id='word_1_904' title='bbox 2270 5649 2456 5721; x_wconf 84' lang='lat' dir='ltr'><strong>gloriae</strong></span> <span class='ocrx_word' id='word_1_905' title='bbox 2484 5661 2717 5716; x_wconf 68' lang='lat' dir='ltr'><strong>att-ternae,</strong></span> <span class='ocrx_word' id='word_1_906' title='bbox 2751 5650 2844 5704; x_wconf 91' lang='lat' dir='ltr'><strong>sed</strong></span> <span class='ocrx_word' id='word_1_907' title='bbox 2879 5650 3070 5705; x_wconf 89' lang='lat' dir='ltr'><strong>horum</strong></span> <span class='ocrx_word' id='word_1_908' title='bbox 3131 5650 3371 5704; x_wconf 85' lang='lat' dir='ltr'><strong>omnium</strong></span> <span class='ocrx_word' id='word_1_909' title='bbox 3407 5664 3527 5718; x_wconf 75' lang='lat' dir='ltr'><strong>qua:</strong></span> 
     </span>
    </p>
   </div>
   <div class='ocr_carea' id='block_1_119' title="bbox 1810 5833 2268 5902">
    <p class='ocr_par' dir='ltr' id='par_1_119' title="bbox 1810 5833 2268 5902">
     <span class='ocr_line' id='line_1_119' title="bbox 1810 5833 2268 5902; baseline 0.011 -16"><span class='ocrx_word' id='word_1_910' title='bbox 1810 5834 1871 5866; x_wconf 66' lang='lat'><strong>9&quot;</strong></span> <span class='ocrx_word' id='word_1_911' title='bbox 1905 5833 2004 5890; x_wconf 82' lang='lat' dir='ltr'><strong>lsa.</strong></span> <span class='ocrx_word' id='word_1_912' title='bbox 2044 5849 2150 5902; x_wconf 81' lang='lat' dir='ltr'><strong>xiv,</strong></span> <span class='ocrx_word' id='word_1_913' title='bbox 2182 5833 2268 5891; x_wconf 77' lang='grc'><strong>15.</strong></span> 
     </span>
    </p>
   </div>
  </div>
