3992 6312
633 333 733 389 ιιι

1758 332 2139 389 ANONYMUS
2178 331 2241 386 IN
2276 333 2416 389 JOB.
2454 366 2519 375 —
2557 332 2685 388 LIB.
2726 334 2762 387 I.

3796 338 3895 392 lli

635 450 689 504 in
748 446 890 503 caelo
931 454 1097 515 sunt,
1129 445 1580 514 'obliviscuntur,
1632 448 1936 518 despiciunt
1991 463 2204 519 quoque
2231 454 2279 509 Α
2310 447 2514 513 Mosen,
2547 449 2614 503 de
2641 463 2751 519 quo
2776 447 2907 503 dicit
2937 446 3006 501 ad
3036 447 3225 502 Aason
3254 462 3269 498 :
3305 445 3437 499 Non
3480 447 3619 499 sicut
3673 444 3896 516 famulus

630 548 795 607 atque
827 537 1172 607 delinquunt.
1216 533 1366 592 Talia
1401 545 1529 593 sunt
1555 537 1718 592 corda
1768 537 2009 593 omnium
2058 538 2202 593 lem-

630 632 793 695 ciuiu,
824 629 1207 698 pertinacium,
1253 643 1441 684 eorum
1481 630 1571 698 qui
1598 644 1704 684 non
1736 638 1906 698 agunt
1931 631 2202 699 poeniten-

629 720 786 776 tiam.
839 718 1216 791 Huiuscemodi
1278 720 1423 775 enim
1482 721 1649 777 corda
1705 721 1902 777 circuit
1950 722 2199 779 diabolus

626 814 961 882 persuadens
988 821 1152 882 atque
1179 812 1483 881 inlatuans,
1505 814 1816 871 obtundens
1843 822 2007 885 atque
2032 816 2200 871 obdu-

626 919 773 966 rans.
803 920 987 960 eorum
1020 904 1119 975 qui
1144 920 1208 961 ea
1236 920 1355 976 quae
1377 922 1539 976 super
1563 908 1762 963 caelum
1788 919 1919 965 sunt
1943 912 1995 965 in
2021 910 2197 965 incor-

626 997 876 1065 ruptione
929 1012 1035 1052 non
1067 998 1305 1069 sapiunt,
1362 1000 1455 1054 sed
1485 1016 1549 1055 ea
1593 1000 1708 1055 sola
1755 1018 1877 1071 quae
1902 1003 2002 1058 sub
2056 1004 2197 1059 caelo

621 1096 749 1144 sunt
795 1089 847 1142 in
898 1091 1250 1161 corruptione
1301 1106 1465 1161 super
1510 1102 1713 1148 terram
1764 1095 2067 1163 requirunt.
2119 1094 2195 1151 De

622 1180 739 1236 istis
770 1194 899 1249 ergo
928 1182 1181 1237 omnibus
1211 1182 1341 1237 dicit
1374 1201 1387 1236 :
1421 1182 1650 1239 Circuivi
1674 1192 1841 1239 totum
1862 1196 2058 1239 terram
2078 1202 2194 1255 quia

617 1274 714 1326 sub
742 1272 871 1327 eozlo
907 1283 1008 1339 est,
1047 1286 1096 1330 et
1121 1276 1257 1332 ueni.
1301 1277 1345 1329 A
1376 1276 1534 1332 nobis
1560 1289 1744 1332 autem
1775 1278 2044 1334 avertitur
2069 1295 2190 1334 cum

619 1365 787 1421 donat
839 1365 983 1423 Deus
1018 1382 1115 1423 cor
1159 1369 1442 1435 mundum,
1492 1370 1730 1425 animam
1772 1381 1997 1436 castam,
2039 1386 2193 1426 men-

621 1466 836 1525 temque
865 1459 1033 1527 piam,
1072 1460 1231 1515 (idem
1263 1461 1551 1531 integram,
1598 1461 1809 1530 plenam
1841 1463 2187 1528 charitatem,

620 1548 1049 1606 misericordiam
1097 1552 1391 1617 sinceram,
1436 1555 1727 1623 puritatem
1768 1570 1873 1610 non
1922 1555 2097 1610 fictam
2134 1565 2189 1611 et

618 1657 768 1710 spem
824 1641 1176 1709 immobilem,
1227 1653 1285 1697 ut
1331 1660 1523 1700 omnes
1574 1647 1894 1714 nequissimi
1940 1647 2189 1702 incursus

621 1743 785 1802 atque
813 1748 1064 1790 accessus
1095 1734 1253 1805 longe
1294 1751 1324 1789 a
1370 1737 1523 1792 nobis
1559 1746 1894 1801 avertantur,
1928 1748 1984 1792 et
2010 1738 2188 1793 omnis

622 1827 860 1883 versutia
893 1827 1009 1895 ejus
1039 1827 1262 1883 confusa
1306 1838 1471 1897 atque
1500 1830 1747 1885 inellicax
1789 1832 2189 1900 COlllpl'ObellIl'.
2222 1809 2266 1867 Β

614 1918 730 1979 ,8θά
761 1919 976 1974 interim
1005 1935 1127 1976 cum
1160 1921 1273 1974 hazc
1294 1922 1497 1976 diceret
1521 1920 1768 1976 diabolus
1792 1923 1933 1993 quod
1963 1923 2192 1979 circuis-

622 2019 704 2065 set
754 2021 975 2077 terram,
1023 2022 1079 2067 et
1107 2022 1450 2082 peragrasset
1489 2026 1551 2070 ea
1582 2030 1705 2084 quae
1744 2015 1846 2070 sub
1874 2016 2015 2075 coelo
2042 2025 2189 2081 sunt,

616 2102 901 2171 respondit
928 2102 978 2158 ei
1009 2101 1172 2169 Deus,
1220 2104 1406 2159 dicens
1440 2119 1456 2159 :
1487 2102 1919 2160 Animadvertisli
1965 2105 2034 2159 ad
2064 2122 2190 2176 pue-

618 2210 737 2247 rum
769 2211 938 2248 meum
969 2194 1092 2260 Job,
1124 2196 1249 2265 quia
1272 2196 1461 2249 similis
1499 2197 1547 2251 ei
1577 2212 1679 2251 non
1712 2208 1786 2251 est
1825 2198 2103 2269 quisquam
2135 2199 2191 2253 in

614 2286 774 2340 terris
806 2286 884 2341 “‘2
915 2286 1194 2358 Tanquam
1222 2289 1267 2343 si
1308 2288 1515 2344 diceret
1544 2308 1556 2343 :
1587 2290 1723 2356 Quia
1754 2289 2009 2359 gloriaris
2046 2291 2189 2360 quod

618 2388 822 2433 terram
872 2378 1174 2443 circuieris,
1219 2389 1274 2435 et
1318 2395 1381 2437 ea
1424 2396 1547 2451 qua
1594 2383 1695 2438 sub
1728 2382 1865 2437 casio
1903 2393 2030 2437 sunt
2066 2398 2189 2452 per-

610 2471 913 2539 agraveris,
933 2471 1019 2526 dic
1042 2471 1194 2537 mihi,
1221 2472 1650 2527 animadvertisti
1676 2460 1740 2527 ad
1758 2488 1981 2542 puerum
2009 2490 2187 2530 meum

613 2558 751 2615 Job?
791 2560 946 2628 Quod
976 2564 1021 2617 si
1061 2563 1292 2619 forsitan
1324 2565 1547 2631 dixeris,
1588 2564 1775 2621 nescio
1804 2566 1924 2633 quis
1957 2566 2029 2621 sit
2064 2564 2184 2634 Joh,

614 2652 706 2707 hic
733 2663 839 2721 est,
862 2653 952 2710 cui
980 2670 1085 2709 non
1112 2666 1197 2711 est
1226 2657 1388 2711 homo
1412 2656 1607 2712 similis
1626 2673 1791 2728 super
1821 2668 2041 2727 terram.
2070 2660 2186 2729 Ego

615 2744 738 2800 dico
774 2746 915 2814 quod
938 2761 1044 2801 non
1071 2747 1142 2802 sit
1177 2748 1253 2803 illi
1280 2748 1476 2803 similis
1508 2764 1673 2818 super
1701 2760 1899 2805 terram
1932 2770 1945 2806 :
1974 2761 2027 2805 tu
2057 2767 2186 2807 vero

614 2833 709 2901 qui
729 2833 864 2889 dicis
892 2837 1031 2905 quod
1058 2845 1257 2892 terram
1285 2837 1590 2906 circuicris,
1619 2848 1672 2893 et
1701 2854 1762 2894 ea
1785 2854 1903 2909 quae
1924 2841 2027 2895 sub
2048 2842 2187 2898 cmlo

612 2934 741 2979 sunt
772 2929 1170 2998 peragraveris,
1219 2931 1443 2986 ostende
1492 2932 1656 2985 alium
1704 2932 1939 2987 similem
1985 2933 2082 2989 illi.
2119 2934 2186 2986 Et

613 3030 745 3075 vere
777 3019 1090 3089 nequissimi
1136 3021 1335 3077 diaboli
1384 3024 1741 3094 cogitationes
1778 3026 1979 3095 arguit,
2022 3037 2186 3096 atque

611 3107 859 3164 illicitum
891 3110 1010 3181 ejus
1035 3112 1257 3169 livorem
1298 3116 1553 3181 ostendit,
1582 3132 1742 3187 quem
1783 3118 2072 3172 meditatus
2097 3128 2181 3173 est
2208 3144 2251 3201 ρ

611 3216 676 3256 ac
703 3202 953 3273 nequiter
1007 3207 1283 3279 cogitavit,
1319 3223 1440 3263 cum
1479 3208 1579 3264 Job
1613 3210 1819 3265 zelatur
1851 3219 1906 3267 et.
1949 3211 2207 3266 invidet.‘

608 3293 688 3347 Ac
735 3294 779 3348 si
824 3294 1071 3350 diceret:
1103 3297 1211 3367 Ego
1248 3314 1415 3366 arguo
1455 3301 1829 3356 meditationes
1878 3311 2021 3367 tuas,
2052 3317 2179 3357 ecce

609 3384 791 3438 revelo
841 3387 1072 3441 consilia
1119 3399 1228 3455 tua,
1260 3405 1387 3445 ecce
1437 3394 1666 3447 ostendo
1706 3392 2001 3462 nequitiam
2031 3402 2176 3447 tuam

606 3484 775 3542 atque
806 3474 1052 3531 livorem.
1100 3476 1237 3539 Ecce
1276 3480 1344 3536 do
1378 3481 1468 3534 tibi
1501 3483 1808 3547 audaciam,
1854 3482 2178 3553 utprol'eras

606 3565 867 3621 malitiam
902 3576 1072 3631 tuam,
1096 3580 1153 3624 ut
1179 3570 1468 3639 depromas
1500 3573 1885 3643 malignitatem
1918 3584 2085 3638 tuam,
2118 3581 2179 3627 ut

604 3655 674 3711 ad
710 3666 989 3714 certamen
1020 3668 1181 3729 atque
1207 3662 1447 3732 praelium
1498 3663 1714 3719 beatum
1754 3665 2019 3734 requiras.
2065 3663 2176 3719 Nisi

604 3747 750 3803 enim
789 3750 1037 3805 llduciam
1094 3755 1407 3823 acceperis,
1459 3772 1705 3827 quaerere
1751 3772 1856 3811 non
1907 3756 2173 3812 audebis:

602 3840 1034 3895 Animadvertisti
1067 3844 1135 3897 ad
1180 3861 1398 3914 puerum
1444 3864 1614 3902 meum
1660 3846 1805 3903 Job?
1850 3847 1962 3905 lloc
1983 3863 2067 3905 est
2093 3867 2179 3906 re—

606 3930 802 3986 laxasti
850 3933 1089 3989 animum
1138 3944 1307 4003 tuum,
1355 3939 1717 4008 cogitationes
1763 3951 1904 4007 tuas,
1949 3943 2173 3998 consilia

606 4032 719 4089 tua,
748 4022 1126 4082 meditationes
1155 4037 1292 4083 tuas.
1316 4030 1394 4083 Ad
1417 4032 1619 4099 quem?
1650 4032 1732 4085 Ad
1759 4050 1978 4100 puerum
2007 4052 2177 4089 meum

602 4114 724 4171 Job.
768 4116 1063 4174 Laetaberis
1103 4120 1410 4177 adversarie
1456 4123 1652 4191 sagitta
1698 4124 1751 4178 in
1788 4126 2005 4181 modum
2035 4126 2175 4197 ignis

602 4210 989 4265 comburente?
1035 4210 1185 4267 Hanc
1211 4227 1397 4267 vocem
1441 4214 1685 4270 diabolus
1714 4232 2052 4287 nequaquam
2077 4236 2175 4273 au-

601 4298 720 4354 dire
757 4301 978 4369 patitur,
1025 4316 1132 4357 nou
1175 4301 1371 4356 tolerat
1415 4304 1813 4372 nequissimus,
1869 4315 1927 4360 ut
1976 4308 2174 4377 aliquis

602 4408 795 4448 servus
823 4392 915 4447 Dei
945 4394 1039 4458 sit,
1064 4393 1149 4447 vel
1182 4394 1403 4451 omnino
1439 4396 1767 4450 nominetur.
1821 4396 1953 4453 Cum
1993 4410 2168 4456 autem

2306 557 2452 594 meus
2479 538 2652 593 Moses
2678 540 2731 592 in
2764 548 2874 592 tota
2901 540 3055 594 domo
3082 555 3201 593 mea
3227 536 3416 606 ﬁdelis
3443 537 3487 589 '.
3521 535 3589 589 Et
3626 546 3747 604 post
3768 552 3894 605 pau-

2300 634 2475 688 lulum
2511 649 2526 687 :
2558 631 2830 697 Quomodo
2862 648 2966 685 non
2997 632 3229 687 timuiin
3263 631 3424 701 loqui
3453 632 3522 682 de
3555 628 3755 696 famulo
3788 646 3892 684 meo

2306 724 2453 780 Mose
2479 724 2534 778 ’ἲ
2557 722 2696 790 Quid
2729 723 2833 779 hoc
2865 722 3034 792 majus
3060 734 3165 791 est,
3202 722 3347 792 quid
3382 721 3671 791 superius,
3698 732 3756 776 ut
3781 725 3892 789 quis

2304 819 2375 883 sit
2410 815 2685 873 Creatoris
2717 831 2904 871 servus
2944 825 3104 885 atque
3133 814 3395 870 cwlestis
3449 813 3600 883 regis
3641 811 3893 868 famulus?

2302 909 2420 965 Non
2450 918 2532 965 est
2561 909 2661 964 hac
2689 908 2862 977 major
2889 907 3080 976 gloria.
3108 906 3298 977 Super
3335 906 3460 961 haec
3491 914 3677 960 autem
3728 905 3888 973 ipsum

2298 998 2575 1063 diabolum
2609 998 2877 1068 increpat,
2921 997 3108 1067 dejicit
3150 1007 3332 1067 atque
3380 993 3651 1065 objurgat
3696 1009 3789 1064 per
3842 998 3889 1050 id
3936 987 3946 1005 ’

2298 1091 2445 1163 quod
2483 1090 2585 1146 Job
2629 1104 2861 1160 puerum
2900 1103 3057 1144 suum
3102 1089 3357 1159 appellat
3388 1103 3404 1140 :
3440 1086 3886 1152 Animadvertisli,
3938 1078 3939 1085 “

2299 1182 2493 1252 inquit,
2522 1181 2591 1235 ad
2617 1197 2835 1251 puerum
2859 1196 3029 1235 meum
3052 1178 3193 1233 Job?
3230 1181 3317 1234 Ac
3356 1179 3406 1234 si
3436 1180 3685 1234 diceret:
3716 1179 3886 1235 Nonne

2298 1275 2474 1330 victus
2502 1288 2583 1339 es,
2614 1283 2670 1328 et
2693 1271 2939 1341 deiectus
2965 1279 3127 1342 atque
3159 1271 3527 1339 humiliatus,
3550 1281 3619 1332 ~ut
3644 1270 3742 1327 Job
3772 1289 3885 1329 eor-

2298 1363 2568 1433 ruptibilis
2596 1374 2761 1433 atque
2785 1372 3035 1419 terrenus
3071 1364 3239 1418 homo
3274 1376 3486 1418 servus
3516 1376 3672 1417 meus
3720 1364 3806 1426 sit,
3835 1376 3883 1417 et

2296 1458 2351 1512 in
2380 1470 2500 1511 mea
2525 1456 2785 1512 servitute
2825 1456 3077 1512 maneat?
3112 1454 3191 1510 Tu
3226 1469 3392 1521 vero,
3422 1468 3459 1509 ο
3501 1454 3736 1519 diabole,
3766 1472 3879 1510 cum

2295 1553 2544 1621 superior
2591 1552 2668 1608 sis
2720 1549 2950 1621 angelis,
3002 1564 3125 1605 cum
3180 1549 3335 1605 inter
3390 1548 3684 1603 cherubim
3734 1562 3762 1600 a
3803 1562 3885 1602 me

2295 1655 2534 1710 creatus,
2559 1659 2591 1699 a
2620 1658 2737 1698 mea
2768 1642 3032 1699 servitute
3065 1640 3383 1705 recessisti,
3416 1649 3477 1696 et
3503 1654 3681 1694 meum
3722 1640 3877 1695 mini-

2294 1739 2519 1796 sterium
2548 1738 2911 1808 dereliquisti,
2934 1736 3128 1792 merito
3158 1751 3230 1791 ex
3277 1734 3501 1791 sanctis
3549 1733 3728 1788 choris
3760 1746 3877 1801 pro-

2292 1832 2468 1903 jectus
2492 1842 2661 1900 atque
2681 1845 2711 1886 a
2740 1830 3056 1901 caelestibus
3094 1828 3294 1899 pulsus
3336 1826 3494 1882 circa
3537 1836 3700 1880 terras
3721 1826 3873 1879 ober—

2294 1938 2407 1987 ras,
2437 1923 2582 1978 circa
2626 1932 2800 1976 terras
2842 1930 3043 1993 reptas,
3086 1930 3139 1977 et
3189 1929 3454 1975 terrenos
3495 1919 3873 1973 circumvenire

2291 2015 2528 2070 conaris.
2560 2012 2640 2069 0b
2672 2014 2775 2067 hoc
2806 2028 2927 2067 cum
2971 2012 3106 2068 dicis
3134 2013 3287 2083 quod
3340 2020 3551 2066 terram
3587 2010 3865 2073 circuieris,

2291 2112 2347 2160 et
2370 2117 2434 2158 ea
2464 2117 2584 2171 quae
2610 2101 2709 2157 sub
2738 2106 2875 2156 caelo
2922 2111 3049 2156 sunt
3086 2101 3515 2173 peragraveris,
3563 2101 3690 2169 quia
3718 2100 3870 2153 ctele-

2292 2197 2457 2251 stium
2488 2196 2672 2267 refuga
2707 2194 2938 2250 elicctus
2971 2205 3133 2265 atque
3160 2194 3215 2248 in
3266 2192 3517 2249 terrenis
3550 2200 3777 2261 reptare,
3821 2191 3865 2244 in

2292 2299 2435 2344 terra
2490 2289 2843 2351 manducare,
2896 2289 2946 2342 in
3003 2302 3243 2359 persona
3282 2286 3567 2356 serpentis
3597 2299 3657 2339 es
3714 2284 3865 2338 male-

2290 2379 2487 2440 dictus.
2524 2378 2956 2433 animadvertisti
3008 2378 3191 2433 animo
3228 2378 3337 2433 illo
3384 2376 3741 2447 nequissimo,
3789 2376 3861 2428 in-

2288 2471 2435 2538 vido,
2466 2470 2697 2546 crudeli,
2746 2485 2942 2540 pravo,
2964 2469 3101 2536 fero,
3145 2469 3213 2523 ad
3269 2484 3511 2539 puerum
3550 2483 3725 2522 meum
3766 2466 3861 2520 mi-

2291 2571 2416 2627 tem,
2466 2563 2782 2633 benignum,
2826 2560 3149 2631 subjectum,
3195 2561 3548 2632 religiosum,
3591 2573 3693 2614 non
3726 2556 3859 2611 frau-

2287 2655 2587 2720 dulentum,
2634 2656 2729 2710 sed
2786 2655 3061 2721 devotum,
3105 2655 3172 2710 ad
3227 2668 3479 2725 puerum
3534 2668 3730 2715 meum,
3780 2653 3854 2705 cui

2286 2762 2392 2802 non
2449 2758 2533 2801 est
2567 2748 2728 2802 homo
2764 2745 2954 2802 similis
3002 2761 3165 2817 super
3208 2757 3429 2801 terram
3448 2747 3481 2801 ἲ.
3526 2743 3581 2799 ln
3624 2745 3852 2798 omnibus

2285 2838 2583 2894 virtutibus
2626 2848 2788 2908 atque
2839 2839 3035 2895 studiis
3080 2854 3185 2893 non
3227 2847 3325 2893 est
3371 2838 3450 2892 illi
3493 2836 3683 2893 similis
3708 2850 3853 2904 super

2287 2940 2513 2985 terram.
2555 2929 2828 2983 Abraham
2860 2946 2966 2985 non
3017 2940 3121 2996 est,
3166 2930 3329 2986 Isaac
3378 2928 3668 2998 requievit,
3704 2928 3851 2981 Israel

2287 3021 2557 3085 transivit,
2582 3019 2781 3090 Josepb
2808 3023 3043 3089 quietem
3076 3024 3384 3092 assumpsit
3413 3040 3426 3074 :
3453 3030 3731 3093 propterea
3752 3033 3847 3072 non

2287 3120 2371 3167 est
2405 3112 2480 3166 illi
2508 3112 2701 3167 similis
2739 3127 2899 3182 super
2928 3121 3149 3166 terram.
3186 3113 3329 3181 Ego,
3384 3112 3583 3181 inquit,
3622 3109 3848 3165 testimo-

2284 3205 2432 3258 nium
2464 3203 2725 3273 perbibeo
2764 3204 3056 3257 virtutibus
3085 3204 3225 3272 ejus,
3253 3214 3451 3273 utpote
3496 3202 3731 3258 omnium
3767 3214 3847 3255 ce-

2280 3295 2460 3364 gnitor
2487 3294 2768 3349 Dominus.
2813 3293 3122 3348 Attestatur
3153 3294 3415 3350 videlicet
3447 3294 3523 3348 illi
3556 3294 3712 3347 etiam
3744 3306 3845 3344 ma—

2279 3388 2459 3458 lignus
2513 3395 2642 3441 tuus
2690 3386 2867 3449 livor,
2902 3402 2935 3441 o
2984 3385 3215 3442 diabole.
3274 3386 3430 3452 Nisi,
3472 3386 3853 3454 inquit,meus

2280 3488 2470 3529 servus
2506 3473 2696 3528 luisset
2744 3482 2967 3529 sanctus
2994 3488 3056 3528 ac
3092 3475 3293 3543 dignus
3314 3516 3330 3538 ,
3358 3485 3525 3544 atque
3556 3474 3683 3527 mihi
3720 3474 3840 3526 bene

2280 3563 2653 3631 complacens,
2692 3578 2797 3618 non
2827 3564 3013 3633 utique
3059 3580 3179 3619 eum
3233 3566 3451 3621 zelatus
3492 3565 3704 3627 fuisses,
3743 3577 3851 3615 non.

2280 3656 2466 3725 utique
2499 3670 2623 3709 eum
2662 3656 2951 3711 invideres.
2992 3655 3107 3712 Non
3143 3673 3202 3712 es
3229 3660 3445 3714 zelatns
3488 3659 3625 3713 Esau
3647 3696 3661 3720 ,
3686 3667 3839 3721 neque

2279 3745 2494 3813 lsmael,
2525 3764 2628 3804 non
2661 3748 2923 3804 zelaberis
2965 3749 3113 3815 Saul,
3157 3761 3325 3819 atque
3373 3747 3660 3809 Achilol’el,
3685 3758 3839 3813 neque

2277 3839 2483 3909 Doech,
2513 3856 2685 3911 neque
2714 3841 2879 3895 ullum
2910 3858 2974 3896 ex
3018 3843 3084 3898 iis
3122 3843 3214 3912 qui
3248 3853 3405 3897 tuam
3442 3855 3741 3913 perversam
3773 3838 3840 3889 le-

2277 3943 2470 3988 cerunt
2498 3934 2826 3987 voluntatem
2863 3950 2876 3985 :
2910 3934 3004 3989 sed
3053 3934 3258 3988 zelatus
3293 3950 3364 3989 es
3395 3950 3424 3989 a
3452 3931 3643 3990 sarculo
3671 3942 3838 3983 omnes

2276 4042 2463 4081 servos
2514 4042 2661 4082 meos
2701 4035 2867 4096 atque
2906 4026 3159 4093 cultores,
3188 4028 3237 4081 id
3274 4037 3369 4084 est
3393 4026 3527 4081 Abel
3553 4034 3604 4082 et
3635 4021 3832 4089 Josepb,

2276 4127 2332 4174 et
2386 4134 2529 4174 nunc
2582 4119 2756 4189 ipsum
2791 4118 2916 4185 Job,
2966 4128 3128 4188 atque
3166 4120 3250 4174 his
3294 4121 3509 4175 similes
3548 4130 3758 4175 omnes,
3783 4122 3832 4165 et

2277 4224 2467 4266 omnes
2512 4210 2798 4267 sinceriter
2829 4226 2916 4267 me
2949 4212 3280 4267 invocantes.
3315 4213 3464 4279 Quia
3500 4227 3600 4264 non
3641 4219 3729 4271 est,
3755 4205 3829 4258 in-

2275 4302 2411 4372 quit,
2437 4303 2624 4357 similis
2669 4302 2751 4356 illi
2800 4319 2956 4373 super
2998 4313 3217 4359 terram.
3275 4303 3334 4359 In
3379 4320 3488 4375 quo
3520 4318 3619 4358 non
3659 4307 3736 4353 est
3758 4295 3827 4350 si-

2276 4393 2419 4448 milis
2459 4395 2507 4449 ei
2542 4395 2825 4464 quisquam
2879 4409 3043 4463 super
3089 4405 3287 4449 terram
3319 4396 3344 4450 ?
3373 4396 3434 4452 In
3470 4392 3711 4450 omnibus
3744 4387 3829 4440 bo-

600 4483 726 4539 odio
750 4485 975 4540 haberet
1008 4484 1108 4541 Job
1133 4495 1295 4556 atque
1324 4487 1591 4541 zclarctur
1613 4503 1760 4554 eunt,
1789 4489 1984 4559 adjecit
2008 4507 2167 4561 super
2198 4490 2242 4545 D
2272 4487 2355 4540 nis
2400 4488 2675 4555 operibus,
2709 4498 2869 4556 atque
2910 4488 3030 4541 ideo
3075 4487 3303 4552 dilectis,
3332 4491 3454 4546 sine
3484 4483 3693 4557 querela
3728 4488 3823 4540 est.

600 4575 896 4644 nequitiam
933 4592 1054 4632 cum
1091 4592 1304 4631 servum
1344 4578 1434 4632 Dei
1465 4578 1614 4633 illum
1645 4583 1951 4651 nuncupari
1983 4585 2167 4637 audis-

599 4675 703 4732 set,
763 4668 872 4722 Deo
936 4681 1232 4738 astruente,
1286 4672 1369 4725 Ad
1426 4691 1648 4742 puerum
1708 4693 1879 4731 meum
1920 4678 2043 4734 Job.
2102 4679 2169 4734 Et

597 4765 967 4821 animadverte
990 4777 1224 4837 quantus
1247 4784 1441 4826 sensus
1469 4770 1520 4825 in
1552 4771 1652 4826 hoc
1679 4772 1794 4842 ipso
1825 4776 2167 4829 demonstra-

598 4866 688 4911 tur
715 4871 988 4922 sermone,
1025 4873 1146 4913 cum
1176 4874 1391 4914 servum
1422 4878 1579 4916 suum
1604 4863 1837 4933 appellat
1868 4866 1986 4921 Job.
2042 4866 2165 4921 Pri-

594 4962 743 5002 mum
769 4948 986 5017 quidem
1016 4958 1270 5018 tanquam
1310 4952 1534 5022 gloriam
1578 4955 1682 5010 sibi
1708 4955 1978 5011 existimat
2005 4968 2169 5028 atque

596 5038 853 5093 honorem
891 5039 1131 5093 omnium
1168 5042 1425 5096 Dominus
1453 5060 1575 5097 cum
1606 5055 1791 5099 sancte
1820 5056 1982 5115 atque
2020 5056 2166 5100 caste

598 5128 675 5181 illi
716 5130 955 5185 serviunt
997 5130 1260 5185 homines.
1299 5130 1507 5186 Idcirco
1550 5135 1706 5203 quasi
1752 5133 1989 5204 glorians
2037 5134 2166 5187 dicit

595 5237 743 5277 nunc
769 5238 899 5279 sane
931 5225 995 5280 de
1023 5225 1137 5279 solo
1159 5223 1280 5289 Job,
1314 5223 1545 5278 Puerum
1582 5242 1750 5279 meum
1770 5224 1892 5292 Job,
1926 5229 2027 5282 hoc
2058 5234 2160 5291 est,

596 5330 810 5369 servum
843 5333 1017 5372 meum
1046 5332 1061 5369 :
1094 5317 1219 5372 alibi
1269 5328 1449 5371 autem
1503 5319 1568 5372 de
1617 5318 1861 5388 plurimis
1889 5334 1904 5371 :
1936 5318 2065 5371 Misi
2092 5318 2161 5371 ad

595 5420 682 5458 vos
724 5422 900 5461 omnes
947 5425 1119 5465 servos
1179 5425 1317 5463 meos
1366 5410 1643 5478 prophetas
1687 5410 1729 5464 ί.
1802 5408 1957 5464 Unde
1996 5410 2158 5463 etiam

598 5494 743 5565 ipsos
774 5497 1039 5566 gloriﬁcat
1088 5510 1249 5571 atque
1286 5501 1598 5569 magniﬁcat
1653 5516 1749 5571 per
1784 5501 1834 5553 id
1868 5501 2007 5568 quod
2047 5516 2163 5553 ser-

597 5596 714 5654 vos,
744 5596 800 5641 et
828 5586 1055 5646 famulos
1110 5606 1205 5646 eos
1265 5592 1463 5645 astruit
1507 5601 1668 5659 atque
1720 5589 1973 5659 appellat,
2024 5590 2163 5642 sicut

671 5746 716 5779 "
740 5745 839 5804 Job
877 5765 914 5811 ι,
945 5749 997 5804 8.
1078 5751 1094 5783 ί
1122 5749 1310 5809 Matth.
1339 5768 1496 5819 um,
1534 5753 1621 5807 54.
1700 5757 1719 5783 ⁸
1750 5750 1908 5807 Nutu.
1940 5753 2106 5819 xu,7.

1078 5751 1094 5783 ί
1122 5749 1310 5809 Matth.
1339 5768 1496 5819 um,
1534 5753 1621 5807 54.

2271 4585 2453 4646 utpote
2484 4577 2574 4647 qui
2603 4578 2656 4631 in
2698 4579 2844 4633 nullo
2878 4580 3051 4647 potuit
3087 4581 3430 4649 reprehendi.
3459 4578 3726 4648 Quamvis,
3751 4574 3821 4626 in-

2270 4668 2409 4737 quit,
2447 4677 2500 4720 tu
2544 4684 2665 4722 eum
2710 4671 3091 4739 reprehendas,
3117 4688 3149 4727 o
3179 4673 3413 4736 diabole.
3440 4673 3587 4742 qltasi
3619 4676 3817 4740 proplel'

2270 4759 2489 4814 divitias
2530 4775 2616 4814 me
2647 4761 2934 4827 colentem,
2982 4774 3106 4832 post
3153 4766 3429 4834 paululum
3486 4762 3815 4835 probabitur.

2270 4852 2396 4921 quia
2424 4851 2643 4907 omnino
2671 4852 2771 4908 Job
2802 4855 2919 4908 sine
2941 4857 3159 4923 querela
3186 4869 3485 4925 permanet,
3520 4864 3570 4909 et
3616 4867 3710 4906 non
3736 4864 3813 4903 so-

2266 4944 2378 5001 lum
2407 4944 2522 4999 sine
2551 4946 2791 5013 querela,
2827 4947 2919 5001 sed
2969 4956 3024 5001 et
3054 4947 3255 5017 justus,
3285 4966 3403 5004 cum
3436 4948 3635 5021 justitia
3664 4944 3809 4999 etiam

2268 5050 2450 5093 verus.
2500 5035 2607 5091 Sed
2653 5038 2777 5105 quia
2823 5036 3065 5107 plerique
3110 5039 3386 5095 hominum
3419 5041 3468 5094 in
3512 5029 3805 5092 hocmuudo

2264 5126 2515 5181 omnibus
2544 5127 2715 5181 modis
2737 5128 2853 5181 sine
2886 5127 3104 5195 querela
3129 5128 3340 5185 fuerunt
3372 5140 3426 5186 et
3448 5126 3571 5199 justi
3597 5133 3647 5178 et
3668 5135 3804 5173 vera-

2263 5234 2353 5272 ces
2388 5220 2438 5272 in
2481 5220 2726 5273 humanis
2774 5221 3034 5274 duntaxat
3082 5220 3300 5290 judiciis
3338 5233 3390 5278 et
3428 5220 3615 5280 causis,
3659 5222 3800 5277 atque

2266 5310 2705 5377 corruptibilibus
2732 5308 2959 5379 justitiis
2994 5312 3285 5382 universis,
3313 5323 3367 5369 et
3395 5309 3530 5381 quod
3559 5312 3797 5361 summum

2267 5409 2322 5455 et
2351 5400 2638 5454 maximum
2664 5409 2765 5464 est,
2792 5403 2882 5455 Dei
2911 5404 3194 5459 scientiam
3224 5421 3329 5459 non
3357 5404 3657 5459 habuerunt,
3678 5390 3793 5444 cha-

2269 5495 2484 5548 ritatem
2524 5510 2739 5566 quoque
2777 5496 2895 5562 Dei,
2945 5509 3108 5567 atque
3138 5502 3422 5566 culturam,
3456 5494 3634 5550 merito
3660 5495 3801 5548 sui)“

2269 5586 2383 5641 haec
2417 5585 2665 5641 universa
2702 5583 2805 5643 Job
2861 5586 3000 5643 bona
3038 5588 3221 5659 adjicit
3265 5592 3317 5647 id
3365 5586 3515 5662 quod
3546 5576 3801 5637 maximum

2186 5752 2205 5783 ³
2234 5751 2362 5809 ibid.
2396 5751 2452 5808 8.
