3992 6312
244 346 359 406 H3

1392 344 1777 403 ANONYMUS
1814 345 1882 401 iN
1920 345 2057 403 JOB.
2094 379 2162 390 —-
2202 346 2326 403 LIB.
2371 348 2411 403 1.

3402 350 3507 406 414

240 476 335 522 est
365 466 585 533 dicens,
615 466 718 523 Dei
763 460 966 523 cultor‘
991 481 1014 523 :
1047 462 1162 522 sive
1192 463 1312 520 sine
1351 463 1572 535 querela
1614 462 1829 529 fuisset,
1858 467 1906 526 Α
1939 462 2123 517 Deum.
2167 463 2357 532 lncipit
2394 470 2705 539 ostenoere,
2737 463 2863 534 quia
2906 462 3165 533 nequiter
3219 464 3506 523 meditatus

240 559 364 612 sive
391 556 597 626 justus,
642 560 760 614 sive
787 574 970 624 verax,
1010 558 1194 613 omnia
1243 556 1360 611 haec
1392 566 1621 627 propter
1653 555 1825 610 Deum

238 658 426 715 erant,
456 658 623 719 atque
657 649 750 704 Dei
782 650 1068 704 culturam.
1098 648 1272 719 Super
1303 663 1423 718 quae
1450 648 1704 703 universa
1730 645 1825 700 ad-

233 740 440 811 jiciens
457 740 588 796 dicit
616 760 629 795 :
653 741 928 795 Abstineas
958 756 1013 795 se
1036 739 1104 794 ab
1131 740 1278 793 omni
1308 754 1364 794 re
1385 738 1529 792 mala
1542 738 1608 805 δ’,
1637 746 1826 807 utpote

235 834 336 903 qui
363 834 526 888 Deum
554 832 784 898 colebat,
815 841 1003 903 utpote
1044 832 1137 903 qui
1171 832 1340 887 Deum
1371 832 1664 894 metuebat,
1708 839 1825 884 tan-

236 939 410 993 quam
442 925 533 993 qui
568 926 672 979 Deo
701 924 998 986 serviebat,
1030 931 1086 978 et
1113 930 1371 992 tanquam
1399 922 1492 992 qui
1545 921 1657 977 Deo
1702 920 1821 991 pla-

233 1032 363 1072 cere
400 1018 673 1087 cupiebat.
704 1016 795 1073 Sic
823 1018 1008 1088 itaque
1042 1031 1209 1085 super
1241 1030 1434 1071 omnes
1457 1026 1682 1071 caeteras
1706 1014 1822 1071 vir-

235 1118 386 1163 tutes
419 1109 743 1178 praecipuam
772 1108 892 1179 ejus
935 1110 1197 1164 virtutem
1243 1108 1299 1163 in
1330 1107 1682 1164 conclusione
1731 1107 1825 1163 de-

234 1211 558 1257 monstrans
592 1201 684 1256 Dei
716 1203 981 1258 cultorem
1015 1203 1166 1258 illum
1192 1201 1360 1258 fuisse
1382 1201 1822 1273 ostendit,atque

232 1296 311 1351 ab
346 1295 493 1349 omni
523 1310 582 1349 re
615 1296 752 1350 mala
776 1310 837 1351 se
876 1297 1263 1352 abstinentem.
1298 1296 1367 1350 Et
1394 1308 1524 1350 vere
1549 1310 1670 1350 cum
1701 1295 1820 1353 haec

232 1388 309 1441 ad
331 1388 604 1442 diabolum
636 1389 893 1458 loquitur,
922 1404 1020 1460 per
1061 1388 1177 1445 haec
1210 1389 1484 1445 diabolum
1517 1391 1698 1460 arguit
1729 1399 1818 1444 at-

230 1493 345 1548 que
398 1478 662 1547 increpat,
693 1487 748 1534 et
787 1479 955 1534 veluti
985 1478 1213 1544 diceret,
1245 1480 1451 1557 audi,o
1486 1479 1720 1545 diabole,
1749 1480 1818 1534 ad

230 1579 289 1624 te
309 1570 455 1623 enim
488 1581 571 1624 est
605 1569 693 1625 hic
719 1586 920 1636 sermo,
965 1580 1020 1626 et
1053 1580 1143 1627 tua
1171 1572 1286 1627 haec
1326 1571 1625 1641 increpatio
1660 1581 1821 1640 atque

226 1662 562 1733 objurgatio.
596 1662 727 1718 Sine
757 1664 985 1734 querela
1012 1672 1095 1720 est.
1120 1662 1248 1731 Job,
1283 1674 1338 1719 tu
1390 1679 1520 1719 vero
1566 1663 1818 1719 omnibus

1930 566 2015 613 est
2040 573 2055 610 :
2081 555 2273 625 incipit
2300 554 2598 624 publicare,
2623 554 2750 619 quia
2782 553 3046 610 malitiose
3076 556 3354 627 cogitavit.
3382 558 3506 614 Non

1927 651 2041 705 sine
2087 666 2271 713 causa,
2319 648 2596 717 inquiens,
2637 645 2739 700 Job
2777 647 2902 701 colit
2934 647 3123 704 Deum.
3166 648 3283 704 Non
3311 653 3502 720 gratis,

1927 743 2021 798 sed
2048 756 2171 796 cum
2196 740 2405 810 pretio;
2440 754 2547 792 non
2576 738 2802 803 frustra,
2824 738 2930 792 sed
2959 754 3058 807 pro
3086 742 3368 806 mercede;
3394 759 3500 799 non

1924 843 2150 903 propter
2174 833 2449 903 pietatem,
2483 830 2575 885 sed
2603 837 2825 898 propter
2846 831 3099 899 divitias;
3126 848 3231 888 non
3281 845 3503 905 propter

1925 924 2139 980 Domini
2171 923 2541 985 dilectionem,
2584 922 2678 975 sed
2711 934 2932 992 propter
2961 924 3158 992 peculii
3203 927 3501 984 multitudi-

1923 1031 2070 1072 nem.
2111 1014 2227 1070 Non
2279 1015 2398 1070 sine
2445 1029 2606 1069 causa
2648 1012 2749 1067 Job
2790 1013 2915 1068 colit
2968 1015 3154 1070 Deum.
3184 1016 3354 1072 Habet
3403 1034 3501 1089 pro

1923 1108 2119 1177 quibus
2142 1115 2539 1174 recompenset,
2569 1104 2738 1160 habet
2764 1119 2867 1174 pro
2898 1106 3095 1175 quibus
3127 1107 3317 1162 reddat
3341 1111 3502 1164 retri-

1921 1202 2219 1258 butionem.
2250 1196 2376 1253 Non
2428 1199 2542 1252 sine
2574 1213 2736 1252 causa
2771 1198 2893 1252 colit
2943 1198 3129 1253 Deum.
3158 1198 3216 1254 Si
3243 1200 3387 1255 enim
3421 1202 3500 1256 fe-

1921 1295 2226 1351 rocioribus
2286 1301 2453 1361 atque
2504 1291 2923 1346 immanioribus
2976 1291 3286 1348 hominibus
3328 1304 3503 1352 tantas

1919 1388 2199 1445 conferres
2234 1386 2548 1453 divitias,et
2580 1394 2785 1439 tantam
2817 1386 3072 1454 gloriam,
3100 1396 3267 1457 atque
3292 1396 3499 1444 tantum

1918 1480 2203 1546 honorem,
2233 1480 2478 1549 proiecto
2508 1495 2701 1536 omnes
2736 1495 2842 1535 uno
2892 1496 3158 1538 consensu
3200 1483 3293 1539 tibi
3329 1486 3502 1539 servi-

1919 1582 2042 1628 rent
2081 1582 2138 1627 et
2166 1581 2219 1628 te
2245 1572 2506 1628 colerent.
2538 1570 2663 1627 Non
2688 1573 2801 1627 sine
2832 1589 2997 1628 causa
3024 1574 3126 1628 Job
3157 1575 3279 1629 colit
3309 1575 3499 1644 Deum,

1919 1667 2014 1721 sed
2043 1680 2142 1734 pro
2173 1665 2397 1730 divitiis,
2417 1680 2515 1735 pro
2542 1665 3014 1734 possibilitatibus,
3048 1682 3145 1736 pro
3167 1668 3495 1734 substantia,

225 1755 564 1811 criminibus
589 1770 648 1811 es
680 1755 935 1813 refertus.
965 1756 1155 1813 Justus
1183 1765 1270 1813 est
1306 1755 1432 1821 Job,
1462 1766 1516 1811 tu
1544 1771 1673 1811 vero
1704 1756 1819 1825 ipse
1848 1821 1888 1831 _
1920 1775 2019 1830 pro
2050 1758 2423 1823 facultatibus,
2453 1773 2553 1828 pro
2600 1758 2839 1827 potentia
2866 1767 2921 1813 et
2969 1760 3162 1828 gloria,
3200 1768 3364 1831 atque
3396 1762 3498 1817 ho-

225 1847 467 1917 injustus
513 1862 595 1912 es,
645 1857 702 1903 et
759 1849 924 1902 totius
979 1847 1262 1919 iniustitia:
1314 1846 1662 1918 suﬂ‘ragator.
1707 1821 1816 1903 Ve-
1846 1821 1893 1877 B
1920 1821 2072 1904 bore.
2089 1847 2195 1903 Pro
2216 1847 2302 1902 his
2327 1821 2471 1917 ergo.
2497 1821 2660 1917 atque
2688 1848 2882 1903 borum
2923 1821 3309 1906 blandimentis
3332 1861 3387 1907 te
3407 1867 3500 1907 co-

224 1951 323 1992 rus
373 1948 461 1993 est
509 1938 610 1993 Job
634 1978 651 2004 ,
691 1947 745 1993 tu
781 1947 961 1993 autem
1010 1939 1175 1996 totius
1208 1939 1453 1994 veritatis
1491 1952 1553 1993 es
1585 1953 1815 2006 exsors,

221 2040 395 2101 atque
427 2031 575 2085 omni
609 2030 891 2086 mendacio
926 2032 1116 2100 plenus
1136 2072 1151 2094 ,
1175 2039 1230 2085 et
1252 2030 1431 2088 omnis
1455 2031 1704 2097 fallaciae,
1737 2042 1819 2086 at-

217 2137 331 2191 que
364 2122 476 2177 doli
500 2137 561 2177 es
584 2132 757 2193 pater.
791 2122 884 2177 Dei
914 2122 1092 2177 cultor
1118 2133 1201 2178 est
1224 2120 1346 2189 Job,
1376 2134 1431 2178 tu
1454 2140 1583 2179 vero
1610 2125 1701 2180 Dei
1732 2141 1817 2180 re-

216 2214 361 2283 fuga
387 2225 444 2268 et
488 2224 750 2285 apostata,
785 2225 947 2284 atque
989 2216 1206 2271 rebellis
1236 2233 1250 2269 :
1283 2225 1338 2269 et
1374 2230 1482 2270 non
1524 2217 1701 2271 solum
1730 2226 1812 2281 tu,

213 2307 321 2360 sed
362 2315 418 2361 et
451 2320 641 2361 omnes
688 2306 935 2361 homines
968 2307 1037 2361 ad
1088 2308 1192 2362 hoc
1233 2308 1488 2378 instigas,
1522 2308 1716 2363 suades
1758 2316 1814 2361 et

216 2397 412 2452 doces.
439 2396 687 2453 Abstinet
704 2410 765 2453 se
790 2399 857 2453 ab
883 2398 1029 2453 omni
1050 2413 1214 2468 opere
1234 2399 1376 2455 malo
1398 2409 1453 2455 et
1477 2401 1645 2455 verbo
1666 2399 1767 2455 Job
1792 2417 1806 2454 :

219 2498 275 2542 tu
310 2496 499 2543 autem
531 2503 691 2544 omne
740 2489 940 2543 malum
976 2499 1033 2545 et
1067 2490 1331 2559 illicitum,
1369 2501 1533 2561 atque
1583 2492 1806 2561 impium

215 2595 381 2649 opus,
406 2589 503 2633 aut
555 2582 774 2636 verbum
824 2581 1106 2638 seminasti
1158 2584 1302 2639 inter
1345 2584 1613 2647 homines,
1647 2592 1809 2652 atque

216 2673 273 2728 in
306 2687 374 2728 ea
409 2689 528 2743 quae
557 2673 659 2729 sub
686 2675 825 2729 caelo
859 2686 986 2731 sunt
1012 2676 1146 2730 oriri
1179 2676 1376 2732 fecisti.
1412 2676 1553 2731 Dicit
1575 2676 1808 2746 denique

215 2767 342 2823 hzec
391 2769 644 2825 universa
696 2770 841 2826 Deus
873 2773 941 2827 ad
984 2773 1281 2839 diabolum,
1325 2788 1446 2828 cum
1481 2771 1665 2826 laudat
1704 2771 1806 2827 Job

210 2872 272 2918 et
307 2866 578 2920 veraciter
610 2865 921 2935 magniﬁcat
955 2881 1099 2932 eum,
1132 2875 1191 2921 ut
1220 2876 1407 2927 nosset
1433 2867 1678 2921 diabolus
1705 2872 1803 2921 ad-

214 2969 413 3010 versus
442 2971 603 3026 quem
637 2956 903 3021 habebat,
932 2970 998 3010 ne
1030 2965 1217 3026 postea
1246 2957 1472 3022 diceret,
1516 2972 1620 3012 non
1673 2957 1805 3013 mihi

212 3048 505 3115 indicasti,
541 3065 719 3120 neque
749 3065 850 3120 ego
904 3052 1187 3119 sperabam
1236 3051 1290 3104 in
1340 3050 1600 3106 omnibus
1642 3066 1805 3122 super

1919 1940 2002 1995 lit.
2035 1940 2192 1995 Nunc
2244 1955 2375 1995 vero
2407 1940 2565 1994 facile
2609 1949 2695 1994 est
2741 1939 2817 1994 illi
2873 1941 3051 1995 colere
3091 1950 3164 2007 te,
3200 1942 3372 2002 facile.
3413 1954 3499 2001 est

1917 2036 2080 2089 etiam
2125 2034 2242 2089 sine
2268 2033 2486 2103 querela
2528 2043 2582 2087 et
2615 2034 2824 2104 justum
2867 2043 3029 2102 atque
3070 2049 3322 2092 veracem
3353 2054 3494 2095 esse.

1920 2127 2050 2183 Sine
2074 2127 2293 2197 querela
2319 2137 2424 2193 est,
2449 2127 2573 2195 quia
2609 2127 3023 2182 innumerabilia
3062 2128 3246 2195 habet,
3275 2140 3330 2184 et
3352 2132 3497 2188 nullo

1917 2221 2164 2291 indiget;
2194 2219 2374 2288 justus
2400 2231 2503 2283 εει,
2537 2220 2659 2289 quia
2695 2219 2911 2273 divitias
2944 2219 3145 2286 habet;
3200 2235 3365 2277 verax
3392 2233 3493 2285 est,

1914 2313 2038 2381 quia
2091 2327 2280 2367 omnes
2306 2312 2544 2382 undique
2601 2312 2675 2366 illi
2713 2312 3067 2379 inclinantur,
3093 2319 3150 2367 et
3190 2328 3495 2370 sermonem

1911 2403 2032 2473 ejus
2069 2416 2238 2472 usque
2287 2401 2352 2456 ad
2390 2402 2563 2456 nubes
2599 2403 2901 2471 perferunt.
2946 2402 3051 2458 Sed
3092 2406 3242 2458 mitte
3282 2422 3497 2460 manum

1912 2504 2059 2546 tuam
2086 2502 2136 2546 et
2170 2503 2324 2563 tange
2352 2493 2530 2546 omnia
2560 2508 2678 2562 quae
2712 2492 2869 2547 habet
2915 2503 2963 2547 et
2996 2494 3124 2547 scito
3159 2494 3204 2548 si
3232 2495 3498 2549 benedice!

1912 2583 2022 2639 te".
2069 2582 2259 2647 Aufer,
2296 2581 2505 2651 inquit,
2546 2582 2798 2644 divitias,
2836 2582 3074 2651 exspolia
3120 2584 3496 2648 facultatibus,

1907 2677 2102 2748 detege
2130 2676 2321 2745 gloria,
2350 2675 2501 2744 priva
2538 2677 2765 2740 honore,
2791 2676 3015 2729 humilia
3046 2690 3112 2730 ex
3137 2675 3494 2744 sublimitate,

1904 2779 1963 2823 et
1988 2778 2116 2822 tunc
2148 2783 2252 2822 non
2275 2768 2450 2821 solum
2493 2768 2635 2822 hanc
2663 2767 2935 2823 culturam
2966 2768 3331 2839 derelinquat,
3359 2766 3420 2824 Et
3446 2769 3496 2826 si

1909 2876 2013 2915 non
2045 2861 2096 2915 in
2128 2859 2383 2930 praesenti
2408 2868 2459 2912 te
2488 2860 2795 2922 benedicet,
2824 2859 2925 2914 hoc
2951 2872 3033 2914 est
3054 2860 3156 2914 nisi
3190 2868 3241 2914 te
3272 2861 3325 2915 in
3356 2876 3495 2931 pra:-

1907 2954 2047 3007 scnti
2082 2953 2370 3008 maledicat
2404 2962 2460 3007 et
2495 2954 2856 3023 blasphemet,
2891 2961 3054 3020 atque
3079 2953 3353 3009 detrahat.
3382 2952 3496 3006 Μο-

1906 3063 1994 3103 ses
2021 3049 2164 3102 enim
2200 3062 2425 3118 magnus
2465 3046 2628 3100 homo
2658 3045 2750 3100 Dei
2782 3061 2907 3099 cum
2937 3045 3205 3099 scriberet
3228 3044 3350 3109 Job,
3379 3060 3490 3099 non

212 3152 423 3197 terram
451 3141 822 3210 hujuscemodi
855 3158 975 3199 esse
1023 3144 1408 3199 constantiam.
1439 3143 1676 3200 Cunctos
1703 3162 1802 3199 au-
1831 3166 1875 3223 ο
1910 3141 1983 3195 ita
2014 3139 2237 3209 scripsit
2268 3139 2412 3193 sicut
2471 3137 2723 3192 diabolus
2763 3137 2976 3191 locutus
3004 3146 3122 3201 est,
3156 3136 3251 3191 sed
3299 3138 3495 3191 decen-

210 3234 350 3298 divi,
382 3233 475 3304 qui
522 3234 735 3288 fuerunt
772 3236 841 3289 ab
864 3234 1018 3290 initio
1053 3236 1260 3301 saeculi,
1293 3245 1348 3291 et
1370 3236 1800 3308 quamplurimos

211 3324 355 3378 meis
382 3323 665 3393 discipulis
704 3325 1057 3395 circumdedi,
1089 3336 1251 3397 atque
1286 3327 1425 3383 meis
1454 3328 1666 3384 insidiis
1699 3345 1797 3400 ap-

209 3417 505 3486 prehendi.
533 3417 725 3473 Merito
755 3418 1011 3487 putabam
1057 3421 1218 3473 etiam
1258 3419 1400 3476 hunc
1435 3423 1590 3491 quasi
1633 3439 1798 3477 unum

210 3518 286 3561 ex
315 3510 569 3564 omnibus
605 3509 761 3566 facile
787 3524 1074 3589 superare.
1111 3510 1191 3566 οι»
1220 3513 1324 3568 hoc
1357 3527 1487 3583 ergo
1528 3529 1597 3569 ne
1625 3515 1803 3570 victus

213 3599 467 3653 diabolus
496 3611 616 3668 post
643 3600 745 3656 hoc
779 3611 964 3671 posset
991 3618 1052 3657 ea
1080 3618 1199 3672 quae
1230 3614 1533 3658 memorata
1559 3615 1685 3660 sunt
1718 3608 1801 3661 di-

213 3704 376 3755 cere,
414 3702 700 3760 propterea
756 3693 1079 3749 testificatus
1108 3704 1191 3749 est
1239 3695 1311 3748 illi
1347 3695 1526 3762 Deus,
1565 3705 1623 3752 et
1674 3710 1801 3753 ante

216 3786 541 3854 pncmonuit
574 3785 640 3839 de
674 3786 924 3842 omnibus
953 3802 1073 3856 qua:
1101 3788 1243 3843 circa
1271 3786 1373 3842 Job
1403 3800 1711 3856 agerentur,
1738 3807 1802 3845 ac

216 3873 263 3928 si
295 3875 503 3929 diceret
539 3890 553 3927 :
586 3873 705 3929 Noli
757 3886 971 3946 putare,
1007 3894 1041 3932 ο
1071 3877 1305 3943 diabole,
1336 3881 1479 3949 quod
1512 3881 1799 3937 adversum

216 3981 379 4020 arum
423 3965 528 4022 Job
576 3967 715 4022 Esau
759 3969 995 4036 habeas,
1040 3979 1134 4022 aut
1185 3974 1473 4026 adversum
1517 3988 1681 4027 unum
1732 3986 1799 4027 ex

217 4056 356 4112 Esau
383 4058 673 4124 similibus,
692 4060 785 4115 sed
817 4060 1103 4116 adversum
1146 4060 1248 4116 Job
1281 4063 1470 4129 habes,
1499 4064 1550 4118 in
1589 4063 1798 4119 fideiu—

221 4149 621 4215 decliuabilem,
658 4151 992 4207 immobilem
1047 4154 1100 4207 in
1126 4152 1355 4222 iustitia,
1411 4155 1463 4209 in
1498 4156 1798 4226 gratiarum

221 4242 524 4296 actionibus
557 4242 979 4307 immutabilem,
1009 4245 1062 4298 in
1094 4244 1370 4300 doloribus
1411 4262 1515 4300 non
1547 4262 1801 4302 succum-

222 4334 453 4402 bentem,
500 4351 606 4390 non
655 4336 993 4392 deiicientem
1029 4338 1081 4391 in
1119 4338 1578 4394 tribulationibus.
1614 4340 1798 4395 Talem

223 4428 379 4482 fuisse
405 4426 508 4484 Job
548 4429 731 4484 sciens
762 4428 937 4495 Deus,
965 4440 1091 4485 ante
1124 4431 1451 4487 testiﬁcatus
1477 4442 1562 4487 est
1587 4432 1800 4489 diabolo

1904 3236 2015 3289 tius
2044 3248 2108 3287 ac
2139 3232 2448 3303 benignius,
2476 3240 2662 3300 utpote
2693 3231 2922 3284 devotus
2945 3230 3038 3283 Dei
3076 3229 3331 3285 famulus.
3365 3229 3492 3283 Dia-

1903 3326 2059 3381 bolus
2088 3326 2230 3378 enim
2259 3323 2561 3377 crudeliter
2596 3337 2659 3376 ac
2694 3322 2945 3390 nequiter
2968 3322 3180 3376 locutus
3213 3331 3316 3387 est,
3348 3331 3402 3375 et
3434 3330 3495 3376 ut

1901 3419 2022 3491 plus
2053 3419 2118 3471 ad
2158 3416 2517 3478 iracundiam,
2565 3424 2621 3467 ut
2663 3414 2903 3481 putabat,
2933 3421 3252 3480 provocaret
3296 3413 3489 3478 Deum,

1905 3526 2013 3565 non
2036 3509 2174 3563 dixit
2199 3510 2245 3562 si
2282 3525 2385 3561 non
2430 3509 2485 3560 in
2525 3507 2716 3574 [aciem
2748 3515 2796 3557 te
2821 3505 3168 3565 benedixerit,
3190 3505 3283 3557 sed
3313 3506 3358 3557 si
3386 3519 3491 3558 non

1902 3605 1959 3657 in
1995 3603 2181 3672 faciem
2213 3602 2305 3653 tibi
2339 3599 2697 3653 maledixerit.
2744 3596 2921 3650 Moses
2953 3610 3083 3647 vero
3115 3595 3354 3648 illicitam
3407 3604 3494 3647 at-

1900 3712 2011 3767 que
2043 3693 2318 3750 crudelem
2363 3691 2561 3745 diaboli
2602 3704 2791 3743 vocem
2846 3689 3173 3750 immutans,
3215 3686 3394 3741 dixit:
3427 3686 3492 3741 In

1903 3790 2096 3860 faciem
2132 3787 2227 3839 tibi
2276 3784 2561 3838 benedicet.
2606 3783 2719 3837 Non
2763 3782 2881 3837 sine
2925 3794 3110 3846 causa,
3153 3780 3361 3849 inquit,
3388 3779 3491 3836 Job

1905 3881 2035 3938 colit
2064 3880 2252 3935 Deum.
2286 3878 2350 3931 Et
2392 3876 2627 3946 utquid?
2654 3875 2737 3930 vel
2769 3876 2838 3928 oh
2873 3888 3033 3943 quam
3069 3886 3287 3928 causam
3316 3873 3492 3928 colit?

1905 3974 2045 4041 Quia
2083 3984 2141 4027 tu
2169 3972 2387 4025 munisti
2425 3970 2504 4023 illi
2525 3986 2585 4023 ea
2610 3985 2728 4040 ante
2751 3976 2899 4022 extra
2921 3969 3135 4020 domum
3168 3980 3322 4037 atque
3348 3968 3492 4021 intra

1902 4065 2117 4117 domum
2161 4062 2275 4132 ejus
2324 4071 2443 4115 sunt
2467 4060 2511 4113 ⁸.
2545 4060 2623 4114 Tu
2664 4059 2907 4126 munisti,
2946 4066 2999 4111 tu
3054 4058 3486 4126 circumdedisti,

1907 4166 1961 4209 tu
1989 4154 2352 4219 obumbrasti,
2384 4162 2438 4206 tu
2487 4154 2841 4223 prospexisti,
2889 4163 2944 4206 tu
2999 4152 3163 4206 illaesa
3195 4151 3488 4207 custodisti

1901 4246 2085 4302 omnia
2138 4246 2281 4300 bona
2333 4243 2469 4312 ejus,
2504 4259 2608 4299 non
2643 4244 2816 4298 solum
2856 4260 2918 4297 ea
2950 4260 3070 4314 qu'e
3098 4245 3240 4297 intra
3266 4244 3487 4298 domum

1904 4352 2053 4407 sunt,
2079 4342 2172 4396 sed
2200 4350 2253 4396 et
2275 4354 2338 4395 ea
2366 4354 2485 4409 qua:
2522 4338 2866 4393 extrinsecus
2906 4346 3035 4391 sunt
3065 4348 3219 4392 extra
3268 4339 3487 4392 domum

1904 4432 2185 4497 universa,
2215 4447 2335 4502 qua:
2364 4439 2491 4486 sunt
2513 4430 2588 4485 ~ei
2617 4432 2671 4484 in
2712 4432 2966 4485 circuitu.
3010 4428 3256 4496 Quoties,
3286 4430 3485 4500 inquit,

223 4522 399 4576 dicens
437 4541 450 4577 :
488 4520 659 4577 Homo
687 4524 802 4577 sine
823 4521 1057 4592 querela,
1073 4522 1456 4592 justus,uerax
1481 4524 1579 4580 Dei
1605 4527 1796 4595 cultor,
1825 4510 1878 4569 Ι)
1903 4526 2051 4581 volui
2087 4526 2550 4594 appropinquare,
2581 4530 2638 4577 et
2665 4537 2773 4576 non
2802 4522 2982 4575 inveni
3014 4537 3315 4586 accessum,
3361 4537 3487 4576 cum

222 4613 482 4667 abstinens
512 4630 566 4667 se
593 4614 736 4667 omni
768 4629 822 4667 re
847 4612 989 4666 mala
1009 4613 1053 4667 ⁸.

287 4705 391 4761 Sed
425 4715 480 4761 et
512 4721 633 4776 quae
658 4708 712 4760 in
744 4705 955 4761 laudem
1001 4706 1142 4761 beati
1170 4707 1270 4763 Job
1301 4710 1431 4764 dicit
1456 4709 1599 4765 Deus
1631 4720 1796 4780 atque

224 4798 271 4853 in
315 4801 687 4855 testimonium
723 4800 1041 4869 nequissimi
1083 4802 1305 4867 diaboli,
1353 4803 1467 4858 huic
1500 4805 1566 4858 ad
1622 4805 1798 4858 maxi-

224 4907 355 4946 mam
386 4890 863 4948 inﬂammationcm
911 4892 1277 4961 profecerunt,
1304 4905 1360 4949 et
1386 4897 1793 4950 sucdcnsiouem

225 4984 466 5052 nequitiae
502 4984 803 5038 adversarii
841 4992 1007 5053 atque
1033 4985 1327 5038 maximam
1358 4986 1643 5039 adversum
1692 4984 1795 5039 Job

224 5075 625 5130 concitationem
655 5074 842 5131 livoris
882 5092 946 5131 ac
978 5077 1100 5132 zeli.
1141 5076 1338 5131 Merito
1364 5077 1588 5131 audacia
1619 5075 1793 5131 frctus

225 5167 575 5237 nequissimus
595 5208 611 5233 ,
640 5169 1064 5224 immoderanter
1094 5169 1311 5241 protulit
1354 5185 1510 5226 suam
1539 5169 1793 5239 iniquita-

224 5270 321 5314 tem
342 5260 528 5315 dicens
553 5277 567 5314 :
604 5257 728 5314 Non
748 5262 861 5315 sine
888 5279 1049 5316 causa
1086 5264 1251 5333 gratis
1277 5262 1378 5317 Job
1411 5263 1532 5315 colit
1556 5261 1725 5316 Deum
1749 5261 1793 5315 ⁸.

224 5351 515 5423 Respondet
532 5353 901 5419 nihilominus,
918 5363 973 5408 et
990 5354 1144 5421 dicit,
1160 5370 1263 5410 non
1283 5355 1438 5410 labiis
1454 5357 1795 5425 depromens,

224 5460 384 5515 neque
414 5448 653 5501 humano
686 5461 781 5501 ore
822 5446 1060 5512 locutus,
1094 5450 1189 5503 sed
1219 5448 1464 5504 consiliis
1494 5449 1664 5517 iniqui
1696 5462 1795 5503 co-

224 5538 405 5607 gitans,
439 5548 603 5609 atque
628 5539 763 5608 ipsis
795 5540 1216 5609 cogitationibus
1250 5542 1437 5597 illicita
1475 5543 1789 5607 meditatus,

223 5632 540 5702 respondens
575 5631 822 5688 diabolus
856 5632 1017 5699 dicit,
1053 5632 1177 5688 Non
1207 5635 1318 5690 sine
1342 5651 1506 5689 causa
1529 5633 1634 5689 Job
1666 5635 1789 5689 colit

319 5788 338 5820 ’⁵
368 5787 469 5847 Job
528 5806 570 5859 ι,
605 5790 659 5847 8.
739 5791 781 5823 δ’
818 5791 950 5849 ibid.
1028 5794 1047 5825 '
1082 5791 1215 5850 ibid.
1276 5796 1297 5827 ⁶
1331 5793 1462 5852 ibid.
1493 5795 1546 5852 9.
1625 5794 1645 5826 "
1671 5794 1800 5855 ibid.
1844 5796 1922 5852 ll.

1903 4619 2146 4691 protegis
2194 4627 2357 4687 atque
2404 4614 2737 4672 obumbras?
2799 4613 3022 4680 Quoties
3052 4653 3067 4678 ,
3100 4614 3295 4685 inquit,
3339 4613 3485 4668 volui

1903 4713 2133 4784 perdere
2173 4720 2229 4765 et
2278 4710 2680 4773 exterminare,
2708 4715 2763 4760 et
2797 4722 2903 4761 non
2947 4708 3193 4776 permisit
3237 4708 3487 4775 omnipo-

1909 4816 2029 4862 tens
2085 4820 2280 4859 manus
2322 4803 2461 4859 tua?
2490 4802 2569 4857 Tu
2615 4802 2839 4856 munisti
2873 4802 2923 4856 ei
2970 4803 3152 4855 omnia
3187 4816 3309 4871 quae
3359 4809 3487 4855 sunt

1904 4901 2047 4955 intra
2085 4899 2304 4954 domum
2328 4938 2345 4963 ,
2382 4907 2549 4966 atque
2597 4907 2752 4951 extra
2802 4896 3020 4950 domum
3073 4895 3192 4965 ejus
3225 4904 3482 4965 tanquam

1900 4994 2119 5047 flamma
2174 4991 2314 5061 ignis
2346 4988 2665 5059 angelorum
2705 4998 2926 5042 tuorum
2964 4985 3218 5039 custodia
3246 4992 3371 5037 ante
3399 4998 3484 5039 me

1901 5084 2083 5142 omnia
2144 5085 2285 5139 bona
2325 5082 2696 5145 circumdatis,
2754 5094 3035 5135 accessum
3079 5078 3211 5132 mihi
3262 5077 3484 5133 minime

1900 5176 2243 5243 concessiSti,
2268 5191 2446 5245 neque
2474 5176 2853 5245 approximare
2875 5172 3008 5226 mihi
3037 5170 3356 5241 permisisti,
3379 5184 3484 5238 po-

1904 5278 2159 5324 testatem
2195 5268 2327 5323 mihi
2382 5267 2690 5322 nullatenus
2722 5265 2937 5321 dedisti.
2972 5264 3151 5331 Quare
3186 5278 3315 5333 ergo
3367 5263 3485 5318 lau-

1906 5362 2003 5416 das
2042 5360 2144 5415 Job
2180 5360 2331 5430 quasi
2356 5360 2606 5429 justum?
2643 5359 2782 5426 Quid
2820 5357 3139 5428 magnificas
3175 5354 3300 5421 Job,
3326 5355 3481 5424 quasi

1907 5454 2004 5509 Dei
2029 5454 2296 5509 cultorem
2350 5463 2517 5524 atque
2564 5452 2927 5524 religiosum?
2961 5450 3076 5505 Non
3128 5447 3230 5505 Job
3268 5448 3483 5518 religio-

1897 5545 2053 5611 sitas,
2086 5543 2491 5614 nequejustitia
2526 5545 2630 5600 hoc
2660 5543 2811 5610 fecit,
2857 5544 2953 5599 sed
2994 5542 3312 5612 largitiones
3354 5548 3480 5603 tuae,

1896 5646 2060 5707 atque
2116 5636 2435 5706 multiplicia
2494 5645 2585 5692 tua
2645 5634 2807 5703 bona,
2854 5649 2954 5708 pro
2982 5635 3175 5706 quibus
3205 5642 3257 5688 te
3300 5630 3483 5688 colere

1999 5794 2022 5827 ⁸
2051 5794 2178 5851 ibid.
2212 5793 2292 5849 l0.
