3992 6312
528 324 636 383 “5

1682 314 2072 377 ANONYMUS
2109 316 2178 373 IN
2213 317 2352 376 JOB.
2386 350 2457 362 —
2486 317 2620 377 LIB.
2661 316 2700 373 l.

3779 302 3889 355 416

524 449 761 507 videtur.
784 445 940 516 Quod
978 444 1024 502 si
1054 458 1162 501 non
1200 443 1305 499 hoc
1338 448 1441 504 est,
1483 440 1633 496 Mitte
1680 457 1897 496 manum
1936 450 2102 507 tuam,
2134 444 2180 502 Α
2210 442 2323 511 ipse
2346 440 2591 497 diabolus
2620 447 2703 494 est
2723 438 2886 493 etiam
2920 430 3221 502 nunc,qui
3248 426 3463 495 utique
3488 421 3597 475 fuit
3622 428 3679 475 et
3704 437 3887 490 nunc;

527 554 684 612 tange
726 541 901 595 omnia
941 553 1060 610 qua
1089 535 1279 600 habet,
1311 534 1415 587 nisi
1451 533 1507 588 iu
1556 534 1750 603 {aciem
1791 534 2109 590 benedixerit

529 636 645 700 tibi,
677 632 761 688 vel
815 631 992 700 potius
1044 624 1408 692 maledixerit,
1459 624 1605 680 sicut
1657 626 1788 682 dicit
1836 626 2109 684 diabolus.

528 725 632 792 Tu,
684 722 894 792 inquit,
939 718 1196 789 munisti,
1246 728 1302 773 tu
1350 718 1712 780 benedixisti,
1756 727 1811 772 tu
1853 717 2113 787 multipliv

527 816 688 881 casti,
717 826 771 869 tu
823 811 1161 869 conservasti
1191 821 1247 865 et
1276 826 1343 866 ea
1394 826 1516 881 quae
1566 811 1711 865 domi
1761 821 1921 874 sunt,
1950 821 2005 865 et
2049 824 2113 867 ea

530 922 649 976 quae
676 916 827 961 extra
858 906 1098 969 domum,
1131 904 1229 960 sed
1273 904 1325 957 in
1372 903 1605 958 circuitu
1643 911 1790 965 sunt,
1817 910 1870 956 et
1904 918 1966 957 ea
1994 916 2115 971 quae

528 1009 653 1054 sunt
698 1012 886 1068 prope,
920 1005 976 1050 et
1022 1011 1090 1051 ea
1131 1011 1253 1066 quae
1310 995 1467 1063 longe
1515 1002 1646 1049 sunt
1700 995 1977 1049 universa.
2008 993 2115 1048 Pro

530 1094 635 1153 his,
664 1090 860 1160 inquit,
888 1090 1145 1145 omnibus
1174 1090 1501 1157 deprecatur
1527 1097 1584 1142 et
1625 1087 1791 1151 colit,
1825 1093 1881 1141 et
1910 1086 2116 1155 gratias

529 1185 637 1253 agit
668 1202 681 1237 :
712 1198 820 1237 non
872 1182 967 1237 tibi
1016 1182 1220 1252 gratias
1253 1195 1441 1251 agens,
1486 1180 1582 1236 sed
1630 1195 1727 1250 pro
1785 1179 1919 1249 ipsis
1956 1178 2116 1235 bonis

531 1275 738 1345 gratias
792 1286 1243 1343 recompensans,
1294 1287 1402 1326 non
1437 1281 1489 1326 te
1516 1271 1766 1341 diligens,
1815 1271 1910 1327 sed
1943 1270 2114 1340 ipsam

528 1368 935 1424 multitudinem
980 1366 1224 1434 pecuniae
1257 1378 1449 1419 amans
1479 1371 1536 1417 et
1568 1378 1924 1428 conservans,
1954 1372 2118 1432 atque

529 1459 757 1529 perdere
785 1456 997 1511 nolens.
1027 1453 1142 1509 Non
1179 1467 1330 1522 ergo,
1356 1452 1555 1523 inquit,
1581 1466 1679 1521 pro
1709 1460 1800 1506 tua
1830 1451 2118 1507 dilectione

466 1602 472 1613 ,
533 1561 584 1604 te
612 1548 767 1611 colit,
801 1561 975 1616 neque
1019 1554 1242 1615 propter
1283 1554 1432 1598 tuam
1473 1543 1867 1598 beatitudinem
1913 1545 2119 1613 gratias

532 1642 663 1711 agit,
694 1639 787 1695 sed
836 1653 936 1709 pro
983 1637 1224 1707 pecuniae
1269 1637 1428 1706 hujus
1471 1634 1845 1691 blandimento
1881 1646 1933 1692 te
1965 1635 2115 1702 colit,

533 1731 625 1784 sed
658 1737 884 1798 propter
911 1727 1306 1782 beatitudinem
1339 1741 1495 1782 suam
1527 1741 1819 1795 rerumque
1855 1726 2119 1797 plurima-

535 1838 651 1875 rum
681 1835 819 1891 quas
854 1820 943 1874 hic
965 1818 1243 1887 possidet,
1268 1817 1481 1887 copiam
1506 1833 1669 1889 quam
1697 1818 1889 1874 dedisti
1920 1819 1992 1885 ei,
2020 1820 2116 1874 tibi

529 1914 739 1984 gratias
771 1912 908 1982 agit.
946 1909 1115 1964 Aufer
1162 1924 1294 1979 ergo
1345 1910 1421 1964 illi
1450 1925 1571 1979 qua:
1603 1911 1798 1965 dedisti
1841 1912 2115 1977 universa,

532 2002 819 2074 apparebit
867 2002 1120 2055 omnibus
1173 2016 1295 2070 quae
1335 2002 1406 2055 sit
1441 2000 1545 2056 Job
1577 2003 1807 2071 perfidia
1832 2041 1848 2067 ,
1881 2012 1938 2058 et
1989 2004 2117 2074 quia

532 2110 640 2149 non
692 2107 827 2165 pura
855 2091 1150 2147 dilectione
1183 2102 1232 2145 te
1260 2090 1411 2160 colit,
1445 2092 1541 2146 sed
1591 2102 1811 2163 propter
1832 2095 2116 2162 pecuniam

533 2196 822 2252 rerumque
864 2190 1138 2236 tantarum
1189 2182 1611 2250 possessionem,
1652 2197 1720 2237 ne
1761 2198 1881 2238 eam
1932 2185 1978 2240 si
2036 2186 2120 2240 in-

528 2284 718 2347 gratus
764 2276 1011 2331 videatur
1066 2274 1315 2339 auferas,
1351 2283 1403 2330 te
1452 2264 1752 2330 reveretur.
1796 2276 1894 2332 Cui
1956 2278 2118 2348 digne

529 2374 923 2442 respondeatur
970 2379 1027 2426 et
1075 2371 1287 2425 dicatur
1322 2371 1391 2424 ad
1419 2385 1567 2424 eum.
1593 2369 1743 2434 Dico,
1784 2372 2117 2441 nequissime

528 2465 753 2533 Satana,
786 2466 930 2532 dico,
963 2463 1196 2533 maligne
1225 2461 1461 2528 diabole,
1493 2478 1601 2517 non
1646 2463 1925 2534 intelligis,
1950 2481 1984 2520 o
2016 2467 2116 2520 mi-

528 2559 789 2620 serrime,
826 2558 954 2627 quia
1004 2565 1062 2610 tu
1112 2556 1344 2625 teipsum
1401 2555 1631 2624 dejicis,
1664 2565 1722 2611 tu
1773 2556 2115 2627 temetipsum

528 2651 882 2705 condemnas.
914 2645 1046 2702 Nam
1096 2646 1150 2700 in
1196 2647 1283 2701 his
1322 2661 1442 2713 qua:
1479 2646 1533 2701 in
1582 2645 1684 2702 Job
1736 2648 2114 2717 reprehendis,

527 2741 670 2812 quod
723 2740 814 2796 ille
876 2741 1118 2812 ingratus
1157 2739 1458 2806 exstiterit,
1496 2741 1726 2810 teipsum
1782 2743 2116 2801 condemnas

530 2850 654 2889 eum
689 2843 743 2888 tu
776 2834 964 2888 eadem
1009 2832 1228 2890 feceris.
1263 2832 1399 2887 Nam
1452 2833 1557 2889 hoc
1604 2833 1779 2903 ipsum
1828 2846 1882 2890 tu
1939 2836 2113 2892 fecisti

529 2941 653 2981 cum
679 2941 708 2979 a
735 2924 844 2980 Deo
877 2926 1205 2993 discederes,
1237 2936 1401 2995 atque
1423 2927 1532 2983 Deo
1555 2928 1857 2995 resisteres,
1881 2931 2115 2986 derelin-

531 3032 727 3086 queres
760 3032 995 3087 quoque,
1024 3028 1187 3087 atque
1210 3018 1455 3088 ingratus
1488 3021 1797 3087 exsisteres,
1831 3022 1897 3077 de
1919 3023 2115 3093 quibus

2211 534 2462 589 eumdem
2494 532 2799 602 iniquitatis
2826 531 3051 584 livorem
3090 526 3291 582 etiam
3335 534 3499 574 nunc
3539 517 3715 571 habet
3740 516 3889 569 circa

2213 641 2314 681 nos
2344 624 2529 693 procul
2551 624 2742 687 dubio,
2774 638 2935 693 quem
2966 631 3021 678 et
3056 631 3213 676 tunc
3256 610 3479 669 habuit
3515 618 3693 678 atque
3727 622 3889 663 exer-

2215 719 2327 773 cuit
2357 717 2502 771 circa
2536 714 2662 771 Job.
2719 715 2833 769 Non
2882 714 3128 784 quiescit.
3186 720 3468 776 unquam
3533 701 3887 755 adversarius

2215 820 2382 865 vester
2397 809 2666 874 diabolus,
2685 808 2780 863 sed
2811 817 3058 877 tanquam
3092 806 3191 859 leo
3223 800 3494 869 rugiens,
3514 794 3721 849 circuit
3745 809 3887 864 qua-

2217 920 2333 958 rens
2363 919 2515 971 quem
2548 903 2756 954 devoret
2784 901 2827 954 θ.
2863 898 2982 955 Non
3013 896 3282 969 quiescit
3324 902 3593 960 unquam
3625 902 3888 942 accusare

2218 996 2463 1050 homines
2485 994 2554 1049 ad
2580 993 2770 1059 Deum,
2794 1001 2847 1046 et
2871 990 3140 1046 Deumad
3170 983 3486 1041 homines.
3526 978 3733 1035 Merito
3758 993 3885 1048 ergo

2217 1089 2462 1145 diabolus
2493 1098 2575 1145 est
2615 1087 2941 1159 appellatus,
2973 1087 3026 1142 id
3060 1094 3153 1142 est
3196 1090 3547 1137 accusator.
3582 1076 3683 1131 Sic
3728 1092 3885 1131 nam-

2217 1196 2323 1250 que
2348 1190 2405 1235 et
2453 1189 2581 1235 tunc
2606 1178 2710 1235 Job
2765 1178 3047 1235 accusavit
3086 1178 3263 1234 circa
3318 1173 3539 1237 Deum,
3570 1170 3739 1240 quasi
3777 1186 3881 1223 nou

2217 1283 2437 1343 pmpter
2487 1273 2892 1339 sinceritatem,
2924 1272 3021 1327 sed
3064 1277 3325 1340 propter
3359 1264 3639 1336 pecuniae
3672 1263 3882 1321 blandi-

2220 1367 2420 1422 tionem
2447 1365 2614 1420 Deum
2640 1364 2871 1420 coluerit
2898 1381 2913 1421 :
2944 1374 3001 1419 et
3026 1364 3213 1420 Deum
3249 1356 3573 1414 accusavit
3596 1365 3656 1411 et
3686 1368 3878 1425 repre-

2217 1458 2406 1513 hendit
2436 1473 2543 1513 non
2577 1457 2822 1523 minime,
2853 1456 2948 1513 sed
2971 1457 3156 1525 p0tius
3182 1468 3377 1524 quam
3410 1448 3693 1512 maxime,
3720 1447 3878 1517 quasi

2219 1562 2328 1603 non
2362 1547 2555 1619 digne,
2600 1548 2694 1604 sed
2744 1550 3092 1605 continenter
3122 1544 3245 1601 10b
3304 1540 3556 1599 divitias
3594 1538 3876 1606 tribuerit,

2219 1644 2289 1697 ob
2321 1642 2425 1697 hoc
2450 1641 2649 1705 solum,
2680 1651 2738 1697 ut
2772 1642 3069 1698 adorarent
3108 1640 3283 1695 illum
3322 1643 3563 1691 tantum
3616 1632 3877 1688 homines

2221 1743 2277 1788 et
2300 1734 2563 1789 colerent.
2593 1731 2708 1789 Hoc
2739 1733 2919 1802 ipsum
2951 1731 3221 1787 nimirum
3283 1726 3479 1783 etiam
3530 1738 3681 1779 nunc
3711 1723 3875 1792 facit,

2221 1835 2278 1882 et
2319 1841 2490 1896 usque
2526 1825 2592 1880 ad
2624 1825 3151 1880 consummationem
3195 1819 3414 1878 saeculi
3450 1832 3655 1875 omnes
3683 1817 3867 1872 homi-

2220 1934 2321 1975 nes
2350 1918 2566 1973 occulte
2592 1932 2857 1973 accusaus
2886 1916 2955 1971 ad
2986 1917 3157 1971 Deum
3194 1923 3261 1969 et
3286 1927 3403 1984 pro
3460 1909 3645 1967 verbo
3675 1923 3730 1964 et
3767 1923 3866 1981 pro

2219 2027 2409 2082 opere,
2438 2011 2693 2067 omnibus
2742 2009 3058 2066 hominibus
3103 2009 3365 2079 laqueos
3416 2014 3481 2062 et
3518 2014 3787 2076 capturas
3809 2010 3865 2058 et

2222 2104 2522 2160 tendiculas
2561 2101 2713 2173 ponit
2738 2112 2792 2158 et
2815 2099 3070 2157 scandala
3100 2098 3495 2167 multiplicat,
3524 2106 3589 2151 et
3635 2093 3858 2151 tribula-

2221 2199 2397 2251 tiones
2429 2205 2485 2250 et
2525 2193 2799 2249 molestias
2849 2192 3068 2263 ingerit,
3093 2192 3365 2247 maxime
3388 2189 3573 2261 iustis
3606 2188 3858 2243 omnibus

2219 2298 2385 2360 atque
2414 2289 2640 2351 sanctis,
2664 2286 2809 2341 circa
2839 2300 2977 2355 quos
3006 2286 3172 2339 etiam
3205 2283 3409 2338 zelum
3446 2281 3626 2337 habet
3650 2288 3706 2334 et
3726 2278 3855 2335 bella

2217 2382 2443 2437 suscitat
2471 2390 2631 2448 atque
2652 2376 2892 2447 prtelium
2923 2375 3248 2440 committit,
3275 2374 3439 2429 sicut
3464 2371 3610 2427 dicit
3642 2370 3699 2424 in
3728 2383 3855 2439 quo-

2217 2478 2341 2532 dam
2385 2475 2508 2529 loco
2561 2473 2868 2544 propheta:
2904 2469 2975 2525 Et
3010 2470 3253 2539 faciebat
3300 2466 3521 2523 bellum
3572 2482 3695 2520 cum
3730 2479 3852 2518 tan-

2217 2571 2313 2623 ctis
2375 2566 2621 2621 altissimi
2684 2564 2811 2629 Dei,
2856 2571 2904 2618 et
2955 2562 3286 2632 prwaalebat
3343 2560 3429 2614 eis
3492 2558 3670 2611 donec
3720 2558 3849 2610 venit

2215 2660 2474 2728 Antiquus
2531 2658 2738 2712 dierum
2773 2664 2822 2709 et
2861 2653 3126 2723 judicium
3169 2651 3337 2705 dedit
3395 2648 3614 2704 sanctis
3668 2644 3849 2701 Excel-

2214 2758 2261 2811 εἰ
2304 2755 2368 2809 ὀ.
2411 2754 2600 2809 Merito
2642 2766 2771 2818 ergo
2831 2747 3071 2803 inomni
3130 2755 3403 2816 tempore
3469 2750 3638 2799 caute
3689 2744 3845 2809 atque

2215 2849 2442 2904 sollicite
2490 2846 2874 2907 observemus,
2912 2850 3075 2910 atque
3124 2839 3505 2895 intendamus
3563 2833 3844 2889 animabus

2216 2942 2435 3003 nostris,
2483 2948 2542 2994 ut
2587 2952 2687 2993 nec
2730 2936 2817 2990 hic
2855 2949 3135 2991 accessum
3177 2934 3252 2988 ad
3310 2945 3423 2987 nos
3470 2926 3840 2998 nequissimus

2217 3032 2474 3095 inveniat,
2506 3042 2603 3083 nec
2652 3026 2760 3081 illic
2813 3025 2866 3078 iu
2901 3033 3187 3095 conspectu
3247 3022 3352 3077 Dei
3410 3034 3520 3076 nos
3551 3014 3840 3088 reprehen-

530 3124 675 3163 nunc
700 3106 802 3164 Job
829 3122 930 3163 nec
966 3108 1260 3199 quidquam
1307 3110 1624 3180 huiusmodi
1669 3113 1957 3170 facientem
1989 3131 2113 3186 pes-
2138 3136 2185 3199 ε
2216 3127 2329 3183 dat.

531 3202 671 3255 sime
702 3199 1074 3269 reprehendis.
1108 3198 1213 3256 Sed
1238 3202 1475 3267 interim,
1500 3218 1534 3257 ο
1562 3204 1795 3270 diabole,
1821 3207 1957 3263 dicis
1977 3211 2119 3280 quod

533 3308 640 3348 non
674 3303 895 3364 propter
942 3295 1372 3350 benedictionem
1425 3299 1567 3354 colat
1613 3315 1699 3355 me
1748 3298 1991 3368 Job,-sed
2022 3320 2121 3373 pro

534 3386 691 3440 donis
713 3386 849 3442 meis
882 3394 1045 3457 atque
1073 3388 1321 3455 pecunia.
1353 3388 1449 3445 Dic
1471 3405 1626 3461 ergo,
1652 3393 1987 3463 nequissime
2014 3395 2118 3450 Sa-

534 3486 683 3543 tana,
711 3485 971 3545 quantum
1020 3478 1104 3533 vel
1149 3480 1278 3548 quid
1313 3481 1437 3537 dedi
1485 3480 1588 3537 Job
1610 3523 1626 3548 ,
1660 3486 2117 3554 quemadmodum

536 3571 674 3627 tibi?
706 3570 896 3628 Nonne
941 3582 992 3627 te
1023 3575 1360 3644 superiorem
1398 3576 1606 3645 angelis
1633 3577 1759 3643 feci,
1793 3586 1850 3633 et
1882 3581 2121 3636 anterio-

533 3679 648 3719 rem
698 3665 1046 3735 archangelis
1082 3666 1105 3719 ?
1146 3664 1338 3722 Nonne
1389 3667 1532 3722 inter
1580 3670 1801 3724 ordines
1833 3671 2117 3728 cherubim

534 3758 712 3814 creavi
739 3758 761 3812 i
785 3758 976 3813 Nonne
1002 3758 1429 3828 incorruptionis
1448 3761 1617 3831 gloria
1644 3771 1694 3816 te
1726 3762 2118 3823 indui?Nonne

534 3849 589 3903 ia
618 3850 944 3905 indesinenti
978 3849 1165 3905 laetitia
1214 3853 1395 3907 vultus
1445 3853 1548 3907 mei
1577 3861 1629 3909 te
1675 3855 1935 3910 constitui
1966 3856 2119 3912 ?Pro

534 3942 734 4008 quibus
771 3951 824 3994 tu
849 3941 1115 3997 universis
1139 3943 1379 4012 ingratus
1407 3944 1675 4000 exsistens
1710 3961 1795 4001 me
1821 3946 2118 4019 dereliqui-

535 4035 629 4097 sti,
658 4042 713 4088 et
758 4049 787 4087 a
827 4049 912 4088 me
945 4036 1244 4099 recessisti,
1289 4046 1344 4090 et
1388 4036 1602 4093 rebellis
1648 4041 1777 4093 mihi
1829 4041 2113 4099 exstitisti.

535 4125 632 4181 Dic
647 4140 844 4196 ergo,o
872 4125 1105 4193 diabole,
1130 4128 1256 4196 quid
1284 4128 1657 4197 hujuscemodi
1675 4132 1799 4185 dedi
1826 4131 1924 4187 Job
1941 4134 2118 4200 ?Quid

534 4218 905 4287 hujuscemodi
952 4219 1221 4290 impertivi
1253 4219 1495 4275 ?Nonue
1528 4223 1809 4279 mortalem
1836 4235 1891 4280 et
1933 4241 2120 4281 corru-

534 4314 776 4383 ptibilem
822 4314 959 4368 infra
991 4315 1331 4385 angelorum,
1358 4316 1810 4387 archangelorum
1864 4331 2116 4375 naturam

535 4403 751 4457 creavi?
774 4402 963 4458 Nonne
989 4403 1042 4457 in
1074 4404 1210 4460 valle
1234 4404 1575 4460 miseriarum
1598 4422 1721 4461 cum
1751 4409 1967 4464 aectoris
1993 4411 2117 4466 tiliis

2299 3215 2478 3280 Mitte,
2510 3211 2708 3282 inquit,
2730 3224 2949 3265 manum
2973 3216 3119 3263 tuam
3147 3220 3275 3276 qua:
3310 3218 3470 3260 nunc
3506 3199 3834 3263 circumdat,

2222 3323 2341 3378 qua:
2377 3318 2521 3360 nunc
2555 3303 2751 3366 munit,
2782 3316 2901 3370 quae
2931 3314 3074 3355 nunc
3096 3298 3367 3369 protegit,
3404 3308 3535 3365 quae
3567 3305 3715 3347 nunc
3739 3304 3833 3343 uno

2222 3402 2385 3470 dique
2413 3396 2727 3458 obumbrat,
2760 3409 2879 3463 quae
2930 3408 3075 3447 nunc
3100 3390 3429 3446 nullatenus
3480 3384 3621 3440 mihi
3655 3394 3831 3436 acces~

2220 3507 2340 3549 sum
2373 3490 2582 3545 tribuit.
2616 3487 2769 3541 Mitte
2800 3501 2945 3541 nunc
2974 3499 3191 3539 manum
3221 3492 3410 3545 tuam,
3442 3480 3554 3534 hoc
3581 3484 3669 3533 est
3698 3488 3829 3542 prir—

2220 3597 2437 3659 eeptum
2485 3593 2678 3645 tuum.
2707 3581 3007 3650 iussionem
3044 3564 3230 3639 tuam,
3286 3573 3602 3642 imperium
3664 3578 3829 3622 tuum.

2221 3678 2347 3735 Haec
2378 3691 2613 3746 namque
2650 3673 2970 3745 significans
3010 3671 3164 3737 dicit,
3198 3669 3372 3726 Mitte
3406 3680 3633 3721 manum
3667 3670 3826 3722 tuam,

2222 3788 2285 3828 ac
2311 3773 2356 3827 si
2388 3773 2618 3834 diceret,
2656 3768 2910 3838 praecipe,
2935 3765 3087 3834 iube,
3121 3763 3351 3827 manda,
3390 3759 3672 3832 permitte.
3706 3751 3825 3806 llaec

2220 3865 2407 3933 utique
2442 3864 2696 3916 universa
2732 3859 2936 3914 habens
2962 3858 3103 3909 intra
3134 3863 3383 3909 mentem
3420 3864 3583 3907 suam
3617 3843 3823 3913 nequis-

2220 3958 2390 4012 simus
2419 3953 2669 4009 diabolus
2712 3950 2884 4011 dixit,
2934 3948 3085 4003 Mitte
3124 3964 3349 4001 manum
3382 3957 3562 4000 tuam.
3606 3940 3721 3994 Non
3760 3936 3821 3989 de

2220 4064 2285 4105 eo
2312 4047 2496 4102 infelix
2542 4043 2682 4100 dixit
2730 4043 2796 4096 ad
2843 4042 3008 4095 Deum
3036 4079 3053 4104 ,
3087 4038 3240 4093 Mitte
3288 4052 3522 4092 manum
3556 4044 3721 4094 tuam,
3755 4039 3817 4079 eo

2220 4138 2360 4209 quod
2380 4151 2595 4190 manum
2628 4133 2721 4188 Dei
2752 4132 2911 4186 vellet
2933 4131 3096 4195 mitti,
3121 4128 3327 4183 sciebat
3360 4138 3606 4194 namque
3637 4121 3814 4180 miser,

2221 4231 2349 4301 quia
2378 4228 2685 4296 ubicunque
2721 4240 2912 4279 manus
2935 4222 3032 4277 Dei
3073 4222 3331 4281 mittitur.
3384 4236 3514 4275 eum
3553 4211 3809 4287 propitia-

2223 4320 2369 4379 tione
2412 4317 2675 4382 mittitur,
2705 4314 2817 4370 illic
2854 4324 2908 4368 et
2941 4314 3117 4367 munit
3160 4321 3213 4367 et
3242 4312 3568 4373 auxiliatur,
3603 4321 3666 4360 ac
3697 4301 3810 4371 opi-

2225 4409 2424 4464 tulatur
2449 4417 2505 4462 et
2533 4406 2673 4475 regit
2706 4414 2761 4460 et
2786 4413 2945 4460 sanat
2972 4411 3135 4472 atque
3167 4387 3527 4457 salvat.'liaec
3559 4394 3804 4452 nimirum

536 4494 818 4571 hominum
854 4498 1114 4553 constitui
1155 4497 1400 4554 ?Nouue
1434 4499 1787 4555 mortalitatis
1826 4511 1880 4556 et
1924 4516 2115 4558 corru-
2149 4485 2194 4541 Ῑ)
2223 4498 2401 4551 sciens
2424 4497 2664 4567 iniquus.
2690 4495 2834 4550 aliud
2869 4494 3197 4564 loquebatur
3232 4502 3289 4548 et
3328 4493 3482 4548 aliud
3515 4486 3805 4558 cogitabab

534 4585 847 4656 ptibilitatis
876 4604 985 4643 suae
1023 4590 1366 4659 passionibus
1392 4606 1537 4653 eum,
1570 4600 1628 4646 ut
1672 4603 1903 4648 caeteros
1943 4595 2119 4649 homi-

535 4694 658 4745 nes,
692 4679 897 4749 subjeci
928 4682 952 4735 ἲ
979 4681 1184 4751 Nempe
1237 4698 1342 4737 non
1390 4683 1443 4738 in
1492 4684 1728 4741 tristitiis
1777 4686 1911 4741 vivit
1957 4702 2120 4757 super

536 4781 737 4828 terram
763 4775 787 4827 ἲ
818 4773 1020 4845 Nempe
1050 4791 1155 4831 non
1181 4776 1396 4832 labores
1428 4793 1686 4832 manuum
1718 4794 1939 4834 suarum
1972 4796 2121 4835 mau-

534 4865 984 4936 ducat?Nempe
1036 4884 1139 4921 non
1194 4867 1407 4924 labores
1456 4883 1584 4924 suos
1641 4884 1746 4925 non
1796 4870 2121 4928 habentibus

535 4956 824 5023 dividens,
862 4958 991 5013 mihi
1037 4959 1241 5027 gratias
1284 4960 1395 5029 agit
1436 4960 1459 5013 ?
1507 4959 1712 5031 Nempe
1768 4976 1875 5017 non
1920 4963 2121 5017 sudore

534 5048 717 5103 vultus
749 5051 830 5104 sui
871 5051 1040 5104 edens
1082 5065 1167 5105 me
1200 5051 1370 5106 colit?
1397 5051 1697 5119 Quomodo,
1732 5052 1927 5122 inquit,
1957 5068 1992 5107 ο
2031 5053 2118 5106 in-

534 5138 851 5196 felicissimo
875 5141 1106 5206 diabole,
1142 5157 1265 5196 cum
1302 5153 1354 5195 tu
1381 5158 1478 5211 pro
1497 5144 1755 5214 gloriosis
1788 5145 1842 5198 in
1870 5145 2117 5199 incorru-

536 5231 722 5300 ptione
757 5232 998 5302 ingratus
1030 5233 1310 5288 exstiteris
1336 5271 1351 5295 ,
1394 5232 1494 5289 Job
1532 5236 1917 5305 reprehendis,
1964 5236 2114 5289 illum

540 5322 629 5390 qui
665 5323 717 5375 in
748 5324 956 5392 exiguis
985 5334 1146 5393 atque
1183 5327 1364 5394 parvis
1395 5327 1567 5382 fidelis
1593 5328 1886 5394 exsistens,
1919 5328 2121 5383 indesi-

540 5422 730 5469 nenter
775 5429 860 5468 me
907 5416 1091 5471 colens
1139 5418 1269 5471 mihi
1319 5420 1527 5488 gratias
1571 5420 1729 5489 agit?
1764 5421 1890 5478 llaec
1939 5423 2123 5492 itaque

543 5505 828 5560 audientes
853 5522 969 5571 nos,
1010 5524 1043 5562 0
1078 5509 1179 5563 viri
1212 5512 1393 5581 periti,
1431 5523 1589 5567 caute
1625 5529 1722 5567 nos
1744 5516 2124 5580 observemus,

541 5596 774 5653 Sollicito
810 5600 1091 5655 animabus
1142 5604 1343 5658 nostris
1389 5603 1759 5661 intendamus.
1804 5605 1939 5661 Nam
1984 5607 2125 5662 idem

614 5760 631 5789 ε’
670 5757 682 5809 Ι
720 5758 949 5846 Potnv,
984 5762 1037 5819 8.
1120 5764 1159 5795 ‘°
1207 5761 1337 5817 Dan.
1376 5778 1474 5829 vn,
1513 5762 1604 5826 21,
1657 5762 1745 5815 22.

2226 4588 2368 4642 aliud
2398 4589 2722 4657 suggerebat
2769 4596 2827 4641 et
2878 4586 3025 4641 aliud
3070 4585 3371 4655 quaerebat.
3410 4584 3495 4640 Ob
3537 4583 3641 4636 hoc
3680 4587 3809 4645 ergo

2226 4683 2357 4739 dicit
2384 4682 2578 4741 callide
2603 4697 2618 4735 :
2644 4680 2797 4736 Mitte
2825 4697 3043 4734 manum
3072 4690 3240 4734 tuam.
3264 4676 3649 4747 Bene,inquit,
3679 4682 3799 4725 ecce

2225 4774 2381 4829 mitto
2409 4788 2626 4827 manum
2651 4787 2825 4828 meam
2854 4780 2913 4825 ut
2943 4780 2995 4823 tu
3025 4770 3164 4826 dicis
3192 4787 3208 4827 :
3235 4771 3315 4825 Ad
3340 4772 3469 4842 quid
3502 4763 3794 4823 faciendum

2223 4866 2434 4919 mittam
2463 4878 2680 4919 umnam
2713 4878 2885 4919 meam
2916 4862 2939 4916 ’ἲ
2970 4862 3144 4927 Mitte,
3171 4862 3367 4932 inquit,
3396 4874 3609 4914 manum
3634 4863 3799 4914 tuam,

2219 4969 2269 5014 et
2303 4969 2459 5028 tange
2484 4958 2660 5011 omnia
2683 4972 2803 5027 qua:
2832 4955 3007 5010 habet.
3046 4952 3160 5009 Cur
3206 4966 3444 5023 tangam,
3478 4949 3645 5019 inquit
3669 4945 3690 4996 τ’
3711 4940 3788 4995 Ad

2220 5052 2530 5116 delendum,
2558 5050 2656 5117 ait,
2692 5060 2868 5116 tange,
2887 5049 2954 5104 ad
2976 5047 3281 5115 interitum,
3300 5049 3367 5103 ad
3393 5037 3785 5103 exterminium,

2220 5146 2287 5198 ad
2321 5144 2695 5214 perditionem.
2729 5142 2792 5196 Et
2812 5142 3103 5211 quomodo,
3137 5142 3329 5211 inquit,
3365 5138 3605 5209 perdam,
3631 5144 3663 5182 ο
3687 5124 3781 5180 ini-

2218 5237 2359 5291 mice
2386 5234 2623 5290 omnium
2650 5233 2914 5289 bonorum
2930 5232 3165 5301 diabole,
3190 5247 3251 5286 ea
3276 5246 3395 5299 quae
3413 5223 3586 5284 creav't
3606 5221 3628 5275 l
3649 5217 3783 5283 000‘

2219 5325 2379 5380 modo
2407 5324 2766 5380 exterminem
2804 5338 2868 5379 ea
2897 5338 3017 5392 qua:
3057 5322 3227 5377 dedi?
3254 5320 3347 5375 Vel
3389 5313 3647 5389 quomodo
3688 5307 3775 5359 de-

2219 5419 2359 5475 leam
2392 5434 2454 5474 ea
2486 5432 2605 5488 quae
2632 5432 2732 5487 ego
2773 5416 2877 5472 feci
2911 5418 2935 5472 Ἰ
2964 5418 3031 5473 Ει
3077 5419 3255 5472 adhuc
3293 5416 3448 5471 aliter
3475 5428 3491 5466 :
3518 5400 3781 5476 Quomodo

2222 5511 2468 5583 perdam,
2490 5526 2523 5565 ο
2557 5509 2792 5575 diabole,
2811 5510 3174 5564 substantiam
3197 5525 3262 5566 ex
3285 5525 3389 5577 qua
3426 5503 3558 5564 mihi
3580 5512 3674 5553 non
3696 5494 3771 5583 in-
3840 5530 3845 5539 .

2228 5606 2404 5675 dignae
2436 5605 2669 5660 victique
2703 5600 3037 5671 offeruntur,
3071 5610 3233 5672 atque
3274 5602 3488 5657 sincera
3527 5582 3769 5649 sacriﬁcia
