3992 6312
218 367 334 421 ιιῖ

1368 363 1752 421 ANONYMUS
1789 362 1858 418 1N
1890 362 2030 420 JOB.
2073 393 2140 402 —
2181 359 2309 419 LIB.
2365 366 2404 422 l.

3398 370 3504 422 418

212 486 638 543 immolantur?
673 488 959 555 Quomodo
1005 486 1361 543 exterminem
1410 486 1813 550 substantiam,
1844 490 1892 545 Α
1920 484 2120 550 nando,
2154 486 2555 554 obutubrando,
2607 487 2958 557 pr0tegendo,
2992 487 3175 543 omnia
3222 502 3345 557 qure
3402 487 3503 541 sub

207 582 363 635 unde
389 580 572 635 vidua:
618 584 923 637 vestiuntur
954 587 1010 635 et
1034 580 1262 649 orphani
1298 588 1601 649 pascuntur
1629 587 1685 634 et
1724 577 1811 632 in-

207 669 506 724 ﬁrmorum
558 672 800 739 scapulae
826 668 1084 725 calebunt
1118 669 1142 722 ?
1169 668 1459 735 Quomodo
1494 668 1742 734 perdam,
1775 681 1810 722 ο

204 764 301 815 dia
314 762 458 826 bole,
485 762 627 816 lilios
652 760 771 829 ejus
792 763 1005 830 qni'me
1027 761 1257 815 nimium
1282 760 1500 830 diligit?
1528 759 1810 827 Quomodo

202 856 475 910 obturem
498 869 592 909 ora
625 870 813 909 eorum
852 854 943 923 qui
994 854 1045 907 in
1079 854 1395 909 innocentia
1428 868 1533 907 una
1562 869 1684 908 cum
1716 867 1807 920 pa-

204 959 298 1000 tre
324 962 428 1001 suo
455 946 555 1003 Job
585 946 779 1002 devote
808 947 941 1001 mihi
972 949 1175 1018 gratias
1196 957 1368 1018 agunt
1396 947 1419 1001 ἵ
1447 945 1554 1001 Sed
1587 946 1808 1001 interim

204 1042 348 1111 quia
381 1056 491 1097 non
525 1050 723 1110 potest,
769 1041 967 1110 inquit,
1002 1041 1162 1097 aliter
1208 1052 1296 1096 tua
1336 1041 1597 1112 iniquitas
1628 1041 1809 1098 sedari

204 1134 326 1187 nisi
370 1132 474 1195 sic,
526 1130 657 1187 Ecce
694 1134 870 1187 omnia
917 1149 1035 1204 quae
1075 1134 1267 1200 habet,
1324 1132 1442 1186 dedi
1488 1133 1540 1185 in
1593 1149 1807 1186 manum

205 1226 602 1281 tuam“.Nam
625 1227 669 1280 si
698 1241 803 1280 non
832 1226 1051 1291 dedero,
1083 1225 1367 1281 discedens
1408 1226 1726 1297 gloriaberis
1758 1235 1813 1280 ct

211 1320 476 1390 plaudes,
502 1319 660 1390 quasi
690 1320 863 1374 victor
895 1318 1236 1383 discesseris,
1262 1319 1412 1387 quasi
1440 1333 1540 1389 ego
1567 1318 1668 1372 hoc
1691 1332 1815 1372 cer-

212 1422 410 1467 tamen
445 1427 553 1467 non
587 1412 976 1474 concesserim,
1013 1411 1171 1480 quasi
1202 1411 1305 1466 hoc
1330 1410 1526 1466 bellum
1562 1411 1677 1465 ﬁeri
1704 1425 1810 1465 non

213 1505 591 1575 permiserim,
643 1506 797 1576 quasi
830 1507 899 1559 de
929 1504 1033 1561 Job
1080 1507 1387 1559 constantia
1423 1520 1527 1559 non
1556 1519 1811 1575 praesum-

215 1596 452 1667 pserim,
476 1596 633 1665 quasi
660 1605 786 1650 ante
811 1596 1053 1665 praelium
1092 1606 1149 1652 et
1175 1597 1617 1667 congressionem
1655 1610 1815 1662 supe-

219 1697 377 1741 ratus
416 1686 581 1742 fuerit
618 1686 743 1753 Job,
773 1689 864 1757 qui
903 1704 1049 1743 a'me
1088 1687 1469 1758 magnificatus
1495 1698 1661 1757 atque
1698 1688 1814 1741 latt-

221 1779 380 1833 datus
406 1789 509 1835 est.
544 1778 625 1834 Ob
650 1778 777 1843 hoc,
814 1778 1019 1844 inquit,
1052 1794 1118 1835 ne
1152 1781 1219 1833 de
1259 1779 1342 1834 his
1373 1779 1650 1849 glorieris.
1680 1778 1815 1833 Ecce

223 1872 397 1924 omnia
441 1887 561 1941 qua:
596 1872 780 1934 habet,
810 1870 931 1923 dedi
964 1870 1021 1923 in
1069 1886 1289 1923 manum
1320 1879 1488 1924 tuam.
1540 1870 1608 1923 Et
1634 1870 1815 1925 adhuc

227 1974 535 2032 propterea,
568 1973 626 2017 ut
663 1977 784 2018 cum
819 1962 921 2016 hoc
952 1961 1096 2030 quod
1130 1961 1371 2033 gloriari,
1402 1968 1487 2017 vel
1520 1964 1815 2032 apptaude-

229 2073 280 2113 re
305 2074 412 2112 non
450 2056 805 2126 permitteris,
849 2070 972 2109 cum
1006 2054 1111 2110 hoc
1157 2056 1274 2125 ipso
1303 2057 1467 2110 etiam
1506 2056 1814 2113 humilieris

226 2166 284 2207 ac
335 2152 595 2207 reluteris
629 2162 791 2221 atque
838 2150 1068 2205 mendax
1108 2153 1481 2220 comproberis
1508 2168 1522 2204 :
1549 2151 1650 2208 Job
1683 2168 1814 2207 vero

225 2243 495 2299 exaltetur
519 2254 575 2297 et
602 2241 964 2305 beatiﬁcetur,
997 2252 1161 2310 alque
1188 2244 1361 2298 victor
1385 2244 1810 2308 demonstretur,

220 2346 267 2389 et
303 2337 379 2390 sit
411 2336 551 2390 Deus
583 2350 767 2400 verax,
792 2335 880 2403 qui
907 2335 1270 2388 testimonium
1304 2336 1576 2403 perhibuit
1598 2336 1719 2402 Job,
1757 2347 1810 2392 tu

221 2443 349 2484 vero
375 2429 593 2483 diabole
618 2428 870 2493 mendax,
900 2438 1065 2499 atque
1085 2438 1281 2482 auctor
1325 2429 1591 2482 mendacii
1620 2438 1810 2483 osten-

210 2522 386 2576 daris.
412 2520 495 2576 Ob
525 2521 629 2575 hoc
657 2535 788 2590 ergo
816 2520 996 2574 omnia
1023 2534 1359 2589 quaecunque
1390 2520 1573 2584 habet,
1601 2520 1722 2574 dedi
1757 2519 1808 2573 in

209 2629 441 2667 manum
466 2623 636 2680 tuam,
672 2623 730 2667 ut
775 2627 967 2667 omnes
1002 2612 1055 2666 in
1096 2622 1360 2681 perpetuo
1397 2620 1726 2683 cognoscant
1754 2620 1812 2667 et

201 2719 365 2760 tuam
418 2706 795 2776 iniquitatem,
840 2721 873 2761 ο
908 2704 1160 2768 diabole,
1195 2713 1250 2759 et
1296 2703 1397 2759 Job
1438 2704 1702 2772 justitiam
1742 2720 1809 2759 ac

206 2796 583 2863 tolerantiam,
614 2806 669 2853 et
694 2812 869 2852 meam
899 2795 1274 2866 praesentiam;
1308 2805 1364 2849 et
1392 2796 1518 2864 quia
1552 2795 1602 2849 in
1634 2796 1808 2851 tribu-

200 2890 512 2946 lationibus
545 2900 710 2960 atque
744 2889 1032 2945 tolerantia
1080 2887 1249 2957 probo
1278 2886 1481 2942 electos
1530 2902 1681 2941 meos
1713 2902 1728 2952 ;
1755 2896 1810 2942 et

206 2986 347 3053 quia
386 2986 624 3054 plurima:
652 2982 1019 3037 tribulatione:
1042 2983 1337 3049 justorum,
1374 2988 1422 3033 et
1459 2997 1524 3034 ea:
1566 2980 1808 3033 omnibus

208 3080 301 3131 his
326 3079 567 3132 liberabit
591 3091 678 3129 eos
705 3074 1050 3140 Dominus";
1085 3082 1139 3129 et
1162 3074 1288 3143 quia
1320 3082 1575 3142 tanquam
1615 3088 1806 3127 aurum

214 3174 275 3228 in
314 3172 555 3237 fornace,
587 3171 659 3224 ita
680 3168 811 3238 justi
837 3177 1003 3237 atque
1036 3167 1149 3223 Deo
1182 3166 1550 3237 acceptabiles
1573 3169 1807 3236 proban-

218 3280 311 3322 tur
338 3268 393 3321 in
430 3264 747 3320 tentatione.
778 3262 860 3318 Ob
902 3264 1005 3317 hoc
1045 3276 1178 3331 ergo
1211 3259 1548 3329 respondens
1580 3259 1713 3314 dicit
1740 3259 1809 3313 ad

221 3360 495 3415 diabolum
526 3377 539 3412 :
580 3357 734 3423 Ecce,
769 3356 959 3426 inquit,
995 3354 1169 3408 omnia
1214 3370 1331 3423 qua:
1378 3353 1569 3418 habet,
1602 3352 1724 3406 dedi
1754 3354 1809 3406 in

220 3468 441 3508 matiam
491 3461 650 3506 tuam.
686 3451 821 3518 Quia
882 3451 985 3504 hoc
1035 3448 1317 3519 quaesisti,
1354 3457 1413 3501 ut
1457 3461 1558 3516 ego
1589 3460 1809 3499 manum

221 3561 404 3600 meam
442 3534 730 3611 tnitterem’,
762 3544 880 3597 ideo
902 3558 1034 3599 ecce
1061 3556 1163 3613 ego
1192 3542 1313 3596 dedi
1347 3539 1531 3595 omnia
1562 3554 1815 3609 quaecun-

219 3656 334 3711 que
368 3640 527 3694 habet
559 3639 610 3692 in
644 3652 858 3692 manum
886 3647 1067 3702 tuam,
1100 3646 1155 3693 et
1190 3634 1458 3704 peculium
1488 3641 1544 3688 et
1588 3631 1726 3685 illios
1757 3640 1813 3685 et

220 3733 582 3788 substantiam
612 3742 667 3787 et
705 3731 919 3787 labores
959 3741 1015 3786 et
1037 3731 1256 3787 divitias
1284 3739 1337 3783 et
1368 3726 1807 3798 possibilitatem.

221 3824 422 3883 Omnia
445 3838 561 3891 quae
587 3834 714 3887 sunt
740 3824 880 3878 intra
914 3825 1131 3878 domum
1157 3832 1212 3876 et
1233 3830 1388 3875 extra
1416 3821 1633 3874 domum
1670 3817 1809 3886 ejus,

221 3916 406 3971 omnia
431 3932 763 3987 quaecunque
796 3918 956 3972 habet
994 3933 1099 3971 non
1126 3916 1373 3981 defendo,
1399 3927 1574 3981 neque
1597 3922 1812 3965 contra-
1846 3901 1858 3927 κ

224 4012 370 4075 dico,
402 4028 507 4066 non
556 4012 849 4082 prtepedio,
905 4025 1081 4074 neque
1113 4008 1428 4073 obvio,sed
1480 4006 1531 4060 in
1587 4018 1807 4058 manum

226 4117 373 4160 tuam
402 4107 575 4160 trado.
608 4104 851 4159 lnteriice
873 4147 887 4168 ,
920 4106 1083 4173 perde
1123 4102 1243 4157 dele
1288 4111 1447 4171 atque
1479 4098 1806 4153 externtina.

225 4200 431 4256 Perﬁce
456 4201 749 4268 malignum
778 4210 928 4254 tuum
968 4199 1218 4253 livorem.
1252 4196 1417 4265 Imple
1461 4194 1807 4249 maledictum

227 4296 357 4350 illud
381 4305 528 4350 tuum
563 4296 763 4351 odium.
795 4294 1085 4349 Pecuniam
1130 4293 1273 4347 enim
1304 4302 1358 4346 et
1393 4291 1531 4345 lilios
1566 4288 1664 4344 Job
1689 4302 1809 4358 per-

226 4390 341 4454 des,
378 4389 471 4444 sed
512 4389 834 4445 charitatem
876 4388 994 4455 ejus
1028 4402 1134 4442 non
1183 4386 1395 4455 perdes.
1432 4381 1806 4438 Substantiam

226 4496 290 4535 ac
316 4482 529 4536 labores
582 4482 699 4551 ejus
732 4481 1070 4550 intercipies,
1105 4479 1199 4533 sed
1238 4479 1607 4533 sinceritatem
1664 4474 1809 4528 illius

1910 577 2052 632 caelo
2076 588 2207 631 sunt
2250 578 2394 634 facta
2427 579 2645 634 tuendo.
2686 582 2841 647 Quod
2873 593 3052 637 autem
3083 582 3156 636 ita
3189 592 3273 636 est
3322 582 3503 651 perdi-

1914 670 2046 726 tioni
2075 670 2255 724 dedita
2299 670 2617 741 nequissimi
2660 672 2860 727 diaboli
2911 690 3125 739 manus,
3155 674 3499 729 manifestum

1913 772 1999 817 est
2023 762 2076 815 in
2100 760 2233 827 Job;
2268 778 2391 831 qua:
2424 779 2547 818 mox
2580 772 2637 817 ut
2667 765 2932 834 permissa
2959 777 3059 829 est,
3076 777 3130 821 et
3160 783 3283 822 mox
3315 765 3504 836 utjus-

1909 853 2117 908 sionem
2135 853 2365 922 accepit,
2381 856 2563 909 statim
2589 856 2958 925 imparcenter
2973 868 3167 912 cuncta
3182 859 3376 927 perdit,
3394 868 3506 913 sta—

1914 944 2008 999 tim
2026 947 2211 1000 omnia
2236 946 2513 1001 interiicit.
2538 946 2692 1013 Ecce,
2721 949 2963 1018 inquam,
2996 951 3173 1003 omnia
3199 968 3315 1019 qua:
3346 952 3502 1003 habet

1911 1038 2057 1093 dedit
2083 1039 2139 1092 in
2169 1056 2387 1093 manum
2410 1040 2725 1095 tuam.Ecce
2740 1056 2936 1097 omnes
2955 1043 3048 1097 tibi
3068 1042 3244 1098 ademi
3262 1046 3504 1099 occasio-

1914 1146 2031 1197 nes,
2048 1146 2177 1187 ecce
2202 1147 2307 1187 non
2327 1131 2496 1187 habes
2515 1132 3033 1199 contradictionem,
3050 1148 3180 1189 ecce
3203 1149 3309 1188 non
3335 1136 3505 1191 habes

1914 1225 2077 1278 ullam
2107 1225 2686 1294 replicationem,ecce
2723 1241 2829 1281 non
2856 1227 3023 1282 habes
3049 1229 3459 1282 excusationem
3486 1245 3501 1281 :

1912 1321 2085 1372 omnia
2112 1335 2438 1389 quwcunque
2471 1319 2620 1373 habet
2678 1318 2799 1372 dedi
2844 1320 2902 1373 in
2953 1335 3168 1374 manum
3216 1331 3386 1384 tuam,
3436 1334 3498 1376 ut

1914 1426 2037 1465 cum
2068 1424 2284 1465 omnem
2314 1409 2416 1465 Job
2464 1410 2828 1465 substantiam
2858 1410 3178 1481 perdideris.
3216 1422 3342 1467 tunc
3366 1429 3505 1482 prte-

1914 1502 2102 1557 sertim
2132 1516 2434 1572 cognoscas
2460 1501 2587 1571 quia
2622 1516 2729 1557 non
2763 1514 2986 1571 propter
3019 1502 3387 1557 substantiam
3418 1520 3505 1558 me

1916 1594 2043 1649 colit
2076 1593 2200 1661 Job,
2237 1594 2330 1648 sed
2366 1603 2586 1664 propter
2613 1595 2961 1660 charitatem,
2987 1596 3113 1664 quia
3148 1611 3255 1651 non
3281 1607 3506 1665 propter

1918 1686 2204 1743 facultates
2232 1689 2439 1755 gratias
2466 1688 2600 1741 mihi
2627 1688 2761 1758 agit,
2810 1692 2903 1743 sed
2961 1699 3182 1759 propter
3215 1691 3506 1745 sincerita-

1920 1788 2048 1836 tem.
2080 1778 2159 1834 Ob
2184 1780 2287 1834 hoc
2317 1794 2448 1849 ergo
2472 1779 2608 1833 Ecce
2639 1782 2816 1834 omnia
2833 1798 3157 1852 quacunque
3190 1783 3342 1836 habet
3382 1784 3505 1837 dedi

1918 1874 1974 1925 in
2031 1889 2248 1926 manum
2318 1884 2485 1937 tuam,
2536 1874 2625 1925 sed
2667 1874 2840 1941 ipsum
2893 1890 3017 1927 cave
3080 1890 3142 1928 ne
3184 1886 3371 1945 tangas
3414 1876 3501 1929 η’.

1920 1963 2142 2030 Dixisti,
2173 1979 2206 2018 o
2232 1964 2464 2026 diabole,
2493 1965 2636 2033 quod
2685 1980 2789 2017 non
2834 1975 3060 2034 propter
3096 1967 3374 2034 pietatem,
3408 1970 3502 2022 sed

1919 2067 2145 2127 propter
2180 2058 2401 2111 divitias
2428 2056 2531 2113 Job
2554 2057 2783 2111 coluerit
2813 2073 2898 2111 me
2923 2072 2938 2109 :
2972 2059 3180 2124 dixisti,
3211 2061 3367 2115 aufer
3383 2077 3505 2131 qua:

1921 2149 2143 2212 dedisti,
2193 2159 2248 2203 et
2292 2164 2592 2219 cognosces
2641 2151 2770 2219 quid
2825 2151 2898 2205 sit
2946 2149 3261 2222 Job.,Ego,
3304 2155 3501 2224 inquit,

1920 2256 2255 2312 cognoscere
2291 2259 2398 2298 non
2438 2256 2663 2298 necesse
2704 2242 2876 2298 habeo
2921 2264 2934 2298 :
2969 2246 3319 2313 praescienter
3358 2248 3502 2299 enim

1919 2334 2035 2389 scio
2064 2336 2423 2388 constantiam
2467 2334 2568 2389 Job
2613 2344 2780 2404 atque
2829 2334 3170 2389 devotionem
3212 2351 3374 2404 quam
3408 2336 3507 2391 ha-

1920 2428 2012 2482 bet
2045 2427 2191 2481 circa
2232 2442 2320 2481 me
2354 2428 2575 2481 :onmia
2624 2442 2755 2482 vero
2784 2441 3126 2496 quaecunque
3154 2438 3279 2480 sunt
3305 2427 3401 2493 illi,
3439 2430 3507 2481 do

1922 2520 1973 2574 in
2008 2535 2227 2572 manum
2291 2529 2460 2585 tuam,
2524 2528 2583 2572 ut
2634 2534 2756 2573 cum
2810 2518 3155 2586 probaveris,
3209 2532 3507 2590 cognoscas

1917 2612 2041 2683 quia
2080 2612 2229 2667 solus
2260 2610 2361 2665 Job
2396 2611 2537 2665 valet
2593 2611 2850 2667 resistere
2903 2612 3171 2667 universa:
3225 2611 3502 2681 ittiqnitati

1917 2719 2081 2777 atque
2156 2708 2379 2761 malitia:
2429 2717 2554 2760 tute.
2603 2706 2711 2760 Sed
2774 2706 2991 2759 interim
3046 2707 3251 2769 omnia,
3304 2706 3502 2773 inquit,

1916 2816 2240 2872 quwcunque
2262 2800 2414 2853 habet
2454 2800 2576 2853 dedi
2603 2801 2660 2852 in
2718 2815 2935 2853 manum
2977 2807 3149 2862 tuam,
3196 2797 3288 2851 sed
3332 2798 3503 2867 ipsum

1916 2911 2038 2948 care
2064 2910 2128 2948 ne
2153 2904 2359 2963 tangas.
2398 2893 2551 2961 Quod
2578 2893 2896 2962 qutesivisti,
2921 2892 3113 2961 inquit,
3142 2891 3308 2948 habes
3335 2909 3347 2944 :
3382 2908 3503 2960 quae

1919 2985 2126 3057 petisti,
2147 2988 2429 3054 accepisti,
2455 2994 2779 3056 potestatem
2807 2985 3127 3039 substantiae
3144 2994 3199 3039 et
3222 2985 3502 3054 possibili-

1925 3080 2051 3133 tatis
2067 3086 2231 3147 atque
2249 3080 2586 3144 divitiarum,
2604 3077 2799 3149 peculii
2821 3077 3176 3133 nihilominus
3193 3085 3354 3147 atque
3371 3078 3503 3133 lilio-

1920 3186 2038 3224 rum
2078 3189 2091 3225 :
2132 3172 2227 3225 sed
2264 3171 2439 3239 ipsum
2472 3187 2595 3224 cave
2630 3187 2691 3224 ne
2724 3179 2947 3238 tangas,
2988 3170 3117 3239 quia
3168 3185 3274 3224 non
3322 3169 3499 3238 ipsum

1912 3265 2178 3335 qnazsisti,
2197 3265 2288 3318 sed
2310 3278 2650 3334 quaecunque
2666 3263 2848 3317 habet.
2866 3261 3074 3315 Idcirco
3086 3262 3341 3316 omnibus
3358 3277 3499 3331 qua:-

1913 3372 2129 3428 cunqne
2164 3358 2325 3413 habet
2361 3357 2605 3427 acceptis
2641 3356 2817 3427 ipsum
2851 3372 2976 3410 care
3009 3367 3294 3424 netangas,
3322 3370 3500 3423 neque

1912 3451 2229 3515 carnaliter,
2258 3463 2435 3518 neque
2471 3448 2811 3517 spiritaliter,
2843 3460 3020 3514 neque
3054 3445 3361 3509 manifeste,
3405 3461 3501 3499 ne-

1912 3558 2019 3614 que
2051 3544 2308 3596 latenter.
2344 3542 2527 3610 Ipsum
2566 3556 2688 3593 care
2726 3555 2789 3591 ne
2819 3547 3027 3607 tangas.
3068 3535 3183 3591 Cur
3213 3537 3361 3589 enim
3391 3551 3497 3589 non

1915 3632 2172 3703 tangam?
2195 3632 2276 3688 0b
2307 3631 2431 3695 hoc,
2457 3629 2652 3698 inquit,
2689 3628 2814 3697 quia
2833 3634 3084 3681 servatur
3107 3625 3173 3679 ad
3200 3627 3497 3679 secundant

1913 3726 2289 3789 luctationem,
2320 3733 2597 3779 certamen
2625 3735 2841 3791 quoque
2885 3729 2942 3775 et
2997 3717 3383 3781 constantiam,
3416 3726 3502 3770 at-

1911 3835 2019 3890 que
2043 3818 2342 3873 tolerantia:
2369 3816 2841 3886 approbationem.
2871 3812 3101 3879 sumen,
3136 3811 3331 3881 inquit,
3355 3825 3499 3865 nunc

1912 3910 2028 3966 haec
2062 3925 2184 3980 quae
2218 3923 2314 3979 per
2365 3907 2609 3978 pecuniae
2646 3917 2811 3976 atque
2870 3906 3105 3961 ﬁliorum
3138 3906 3497 3976 perditionem

1912 4001 1973 4057 iit
2000 4001 2247 4056 tentatio.
2282 3998 2475 4054 Merito
2500 3999 2678 4068 ipsum
2711 4013 2844 4053 cave
2875 4014 2941 4053 ne
2971 4007 3183 4069 tangas.
3210 3997 3253 4053 0
3281 3999 3496 4053 bonitas

1915 4106 2028 4162 tua,
2058 4110 2175 4160 rex,
2201 4111 2233 4150 o
2260 4095 2432 4149 virtus
2456 4103 2619 4164 atque
2659 4091 3064 4163 magniﬁcentia
3110 4102 3217 4153 tua.
3248 4092 3491 4148 Eterne!

1911 4190 2083 4256 Quam
2113 4204 2362 4259 magnam
2396 4186 2823 4243 consolationem
2864 4185 3059 4241 tribuis
3095 4186 3160 4241 iis
3189 4187 3280 4255 qui
3332 4188 3397 4239 ad
3444 4195 3497 4240 to

1912 4280 2278 4351 confugerint,
2301 4289 2357 4335 et
2375 4279 2699 4334 constantiae
2732 4278 2985 4333 ﬁduciam
3005 4294 3033 4330 a
3053 4286 3105 4332 te
3129 4277 3491 4348 speraverint,

1912 4385 1971 4429 ut
2000 4389 2174 4443 neque
2198 4374 2482 4429 hominum
2514 4386 2691 4442 neque
2716 4373 3089 4442 jumentorum
3112 4412 3127 4436 ,
3176 4385 3348 4439 neque
3376 4371 3494 4423 ani-

1914 4475 2182 4520 matorum
2226 4479 2403 4532 neque
2455 4464 2875 4517 inanimatorum
2910 4469 3234 4531 potestatem
3294 4460 3492 4515 habeat

227 4582 389 4641 atque
440 4572 737 4642 gratiarum
786 4575 1055 4626 εριίοηθη,
1096 4572 1205 4624 non
1239 4567 1574 4636 intercipies,
1609 4566 1802 4621 omnia
1838 4554 1879 4607 Ι)
1909 4556 2278 4618 adversarius,
2307 4556 2407 4609 nisi
2446 4555 2533 4609 ubi
2560 4554 2725 4608 fuerit
2757 4554 3088 4642 permissus!
3140 4552 3258 4608 Non
3308 4564 3489 4607 autem

226 4678 357 4732 ergo
385 4677 721 4732 quaecunque
778 4661 939 4717 habet
969 4660 1090 4715 dedi
1128 4659 1180 4714 in
1240 4673 1456 4712 manum
1493 4666 1662 4720 tuam,
1690 4670 1809 4722 quae

228 4754 363 4806 iram
417 4763 582 4823 atque
632 4753 867 4822 gladium
912 4753 1177 4819 continet,
1231 4766 1351 4819 quae
1402 4749 1584 4818 praelia
1643 4756 1809 4816 atque

226 4847 360 4901 bella
418 4855 695 4915 operatur,
746 4861 867 4915 qua:
911 4845 1272 4913 perditionem
1304 4851 1466 4911 atque
1506 4839 1810 4895 damnatio-

223 4952 349 4990 nem
394 4936 779 5014 periicit,lqute
819 4935 1095 4991 doloribus
1128 4935 1383 4999 satiatur,
1413 4947 1532 5000 qua:
1589 4928 1810 4985 sceleri-

222 5025 324 5081 bus
358 5038 521 5096 atque
559 5027 928 5096 impietatibus
957 5024 1150 5081 inhiat.
1188 5023 1243 5077 In
1280 5026 1444 5089 itane,
1470 5018 1664 5090 inquit,
1696 5034 1811 5074 ma-

222 5136 352 5173 num
391 5130 537 5172 tuam
582 5120 737 5174 trado
783 5120 965 5174 omnia
1009 5132 1344 5189 quaecunque
1391 5124 1517 5168 sunt
1546 5113 1724 5175 illius;
1755 5111 1806 5164 in

226 5216 366 5265 Itane
398 5227 641 5274 manum,
669 5227 787 5280 qua:
817 5212 860 5266 si
900 5210 1237 5280 praevaleret,
1274 5222 1491 5264 omnem
1535 5205 1807 5258 hominem

221 5312 275 5354 et
308 5315 528 5355 onmem
568 5302 818 5369 spiritum
848 5304 939 5372 qui
980 5300 1081 5355 sub
1112 5299 1249 5354 coalo
1276 5310 1382 5363 est,
1417 5296 1599 5351 subito
1623 5295 1674 5347 in
1698 5294 1805 5347 ictu

220 5396 365 5449 oculi
398 5397 685 5464 perderet,
724 5396 929 5449 deleret
986 5406 1149 5464 atque
1195 5394 1548 5452 interﬁceret,
1602 5388 1643 5441 si
1686 5402 1808 5455 per-

221 5488 555 5553 mitteretur,
588 5498 643 5542 et
694 5489 737 5541 si
766 5487 920 5556 juxta
973 5487 1305 5539 voluntatem
1356 5478 1664 5549 iniquitatis
1696 5489 1807 5530 sure

220 5591 547 5649 potestatem
572 5581 815 5636 haberet.
847 5579 951 5634 Sed
982 5578 1188 5633 resistit
1221 5576 1293 5630 illi
1319 5580 1663 5640 omnipotens
1696 5582 1809 5621 ma-

219 5692 329 5729 nus
354 5675 466 5740 Dei,
512 5684 675 5743 atque
715 5672 1009 5727 fortissima
1041 5671 1261 5726 dextera
1299 5667 1574 5725 Creatoris
1616 5664 1810 5735 guber-

301 5840 338 5868 “
381 5837 480 5893 Joh
514 5856 552 5902 ι,
588 5837 673 5890 12.
755 5839 794 5870 ¹²
826 5818 970 5892 Ρξθῐ.
1005 5851 1193 5895 xxxttt,
1221 5836 1307 5889 20.
1406 5834 1470 5883 Ψ
1513 5828 1611 5885 J-b
1646 5846 1689 5891 t,
1728 5828 1808 5878 1‘3.

1909 4646 2266 4717 perntittitur,
2300 4646 2403 4700 nisi
2437 4646 2525 4698 ubi
2553 4646 2767 4699 noverit
2808 4641 2950 4698 Deus
2986 4659 3085 4713 pro
3142 4645 3263 4699 ildei
3314 4646 3487 4699 mani-

1909 4739 2220 4800 festatione,
2264 4736 2662 4791 etconstantize
2699 4734 3116 4802 approbatione,
3158 4746 3321 4803 atque
3378 4735 3492 4802 glo-

1908 4832 2072 4887 riosa:
2130 4826 2590 4883 retnuneratimtis
2652 4826 3031 4881 retributione.
3094 4825 3221 4881 Haec
3283 4826 3493 4880 scilicet

1914 4936 2016 4976 nos
2045 4921 2280 4974 scientes
2303 4918 2536 4973 sollicite
2562 4929 2723 4986 atque
2751 4918 2945 4970 devote
2982 4916 3049 4970 ad
3100 4917 3266 4970 Deum
3302 4915 3493 4969 contu-

1912 5014 2145 5086 giamus,
2181 5010 2575 5066 instantissime
2604 5021 2767 5078 atque
2791 5008 3162 5062 sincerissime
3199 5009 3252 5061 in
3279 5010 3487 5062 oratio-

1914 5106 2074 5159 nibus
2106 5105 2268 5159 Deunt
2298 5104 2633 5168 invocemus,
2673 5112 2732 5153 ut
2755 5110 2972 5159 avertat
3006 5115 3036 5152 a
3069 5098 3225 5153 nobis
3269 5099 3489 5168 maligni

1913 5195 2175 5261 insidias;
2214 5205 2271 5249 ut
2296 5193 2493 5263 eripiat
2522 5208 2620 5247 nos
2642 5191 2709 5245 de
2751 5188 3065 5244 crudelibus
3094 5186 3239 5241 illius
3300 5188 3487 5242 incur-

1911 5289 2179 5354 sionibus,
2212 5298 2266 5342 et
2290 5303 2394 5341 non
2422 5285 2699 5355 permittat
2726 5298 2822 5339 nos
2849 5281 3044 5337 tentari
3072 5294 3233 5350 super
3261 5280 3312 5335 id
3344 5281 3489 5351 quod

1910 5381 2187 5451 possimus
2219 5378 2469 5434 sullerre.

1982 5471 2139 5537 Ecce,
2173 5473 2373 5541 inquit,
2410 5471 2654 5524 universa
2708 5484 3027 5539 quacunque
3072 5467 3223 5522 habet
3276 5467 3395 5522 dedi
3435 5469 3490 5521 in

1912 5584 2071 5623 manu
2097 5577 2207 5620 tua.
2242 5564 2358 5620 Non
2392 5564 2536 5629 ideo,
2569 5564 2765 5632 inquit.
2796 5562 2918 5617 dedi
2945 5562 3058 5617 hcce
3081 5562 3259 5616 omnia
3286 5562 3340 5614 in
3375 5577 3488 5614 ma-

1919 5678 1990 5717 nu
2028 5671 2139 5726 tua,
2173 5658 2299 5729 quia
2327 5666 2643 5728 oportuerat
2672 5656 2753 5712 \el
2784 5654 2988 5727 justum
3041 5654 3237 5721 fuerat,
3266 5652 3361 5710 sed
3417 5654 3489 5707 ob
