3992 6312
612 354 722 412 419

1742 354 2126 411 ΑΝΟΝΥΜΗΒ
2160 355 2224 411 IN
2261 356 2399 412 JOB.
2438 388 2509 397 —
2545 356 2674 413 LIB.
2717 359 2755 413 1.

3773 367 3872 422 ιξο

615 480 722 536 hoc
753 488 809 532 ut
835 476 1088 548 nequitiae
1125 486 1230 532 tua:
1260 475 1572 532 occasiones
1596 478 1887 533 auferrem.
1909 480 2186 547 Quomodo
2216 484 2265 545 Α
2295 480 2399 535 alio
2428 492 2679 550 poterant
2724 481 3055 537 manducare
3084 482 3170 537 vel
3194 483 3393 540 bibere
3453 482 3583 538 talis
3631 498 3695 538 ac
3745 488 3873 542 tanti

614 574 759 627 enim
785 571 991 639 justum
1020 582 1160 634 erat,
1185 569 1265 624 vel
1293 579 1607 640 oportuerat
1631 582 1689 623 ut
1721 571 1904 625 darem
1937 573 1990 625 in
2025 587 2183 625 manu

618 675 706 718 tua
754 664 882 733 juga
934 666 1090 717 boum
1122 678 1243 733 quae
1284 663 1473 717 viduas
1500 663 1705 719 orando
1763 663 2074 717 revelabant
2131 674 2188 718 et

617 769 808 823 greges
842 748 1237 824 pec'orum,qni
1303 752 1578 821 orphanos
1648 754 1969 819 vestiebant,
2023 766 2185 823 alque

616 846 1043 901 calefaciebant?
1068 844 1349 910 Quomodo
1378 855 1714 913 oportuerat,
1736 846 1818 900 vel
1842 848 2048 914 justum
2069 857 2187 903 erat

616 949 673 994 ut
695 939 872 1008 justos
896 948 952 992 et
982 939 1298 992 innocentes
1325 938 1464 993 filios
1490 939 1591 992 Job
1619 950 1673 992 tu
1718 942 1963 1008 nequiter
2011 940 2184 994 inter-

618 1032 878 1097 ficeres,o
905 1029 1137 1094 diabole,
1164 1044 1285 1082 cum
1325 1030 1555 1082 dixerim
1580 1040 1702 1099 post
1726 1031 1777 1083 in
1804 1029 1919 1100 lege
1938 1048 1951 1083 :
1969 1028 2185 1083 Iustum

612 1136 659 1179 ct
689 1125 1015 1177 innocentem
1040 1139 1141 1175 non
1176 1123 1379 1175 occides
1412 1122 1489 1175 '3?
1525 1121 1641 1177 Non
1686 1136 1815 1192 ergo
1868 1132 2187 1189 oportuerat

614 1216 1012 1285 nequejustum
1048 1215 1245 1278 fuerat,
1277 1215 1370 1269 sed
1404 1224 1630 1284 pr0pter
1661 1216 2002 1285 iniquitatem
2038 1226 2182 1268 tuam

610 1319 665 1364 et
697 1309 870 1363 zelum
909 1318 965 1363 et
992 1310 1239 1371 livorem,
1274 1317 1331 1361 ut
1369 1306 1755 1361 inexcusabilis
1790 1306 2182 1375 comproberis,

611 1411 668 1455 et
717 1402 921 1469 absque
976 1400 1411 1454 contradictione
1471 1399 1840 1468 redarguaris,
1899 1409 2185 1469 propterea

609 1510 729 1548 ecce
783 1494 960 1546 omnia
1005 1509 1323 1563 quwcunque
1385 1492 1538 1544 habet
1587 1493 1709 1546 dedi
1758 1493 1811 1545 in
1860 1508 2021 1545 manu
2068 1503 2180 1560 tua,

611 1588 705 1641 sed
736 1589 905 1654 ipsum
944 1601 1063 1638 cave
1117 1602 1179 1639 ne
1216 1597 1426 1654 tangas.
1457 1582 1523 1636 Et
1555 1584 1749 1646 factum
1789 1596 1860 1638 est
1893 1586 2044 1650 quasi
2072 1585 2182 1637 dies

611 1679 707 1732 illa
733 1679 797 1732 “.
830 1677 959 1743 Quae
988 1677 1146 1732 dies?
1167 1677 1259 1730 Illa
1291 1678 1406 1731 dies
1437 1677 1490 1731 in
1525 1693 1630 1746 qua
1654 1677 1920 1746 malignus
1958 1677 2183 1745 permis—

613 1770 820 1824 siouem
857 1769 1087 1836 accepit,
1140 1767 1193 1822 in
1261 1783 1365 1837 qua
1425 1769 1787 1837 nequissimus
1839 1768 2033 1822 fiducia
2100 1779 2183 1823 est

2290 572 2393 626 viri
2430 571 2523 627 lilii
2563 584 2805 643 tempore
2841 592 2855 627 :
2890 574 3017 643 quia
3063 589 3162 630 nec
3214 577 3352 643 ipse
3412 576 3576 631 extra
3639 578 3875 634 ordinem

2294 666 2621 723 manducare
2652 665 2735 721 vel
2765 667 2952 722 bibere
2984 667 3178 724 solitus
3200 680 3326 724 erat
3350 708 3368 732 ,
3406 668 3507 724 sed
3558 673 3874 739 competenti

2296 766 2555 826 tempore,
2619 759 2712 813 sed
2759 758 3023 826 disposito
3046 768 3295 822 tempore
3327 770 3502 829 atque
3538 759 3789 816 ordinato
3826 774 3878 818 et

2294 850 2409 919 ipse
2432 850 2801 916 manducavit,
2829 859 2885 905 et
2917 851 3055 905 ﬁlios
3095 866 3222 905 suos
3256 852 3417 906 circa
3449 852 3705 906 ordinem
3739 869 3877 908 utan-

2294 941 2493 995 ducare
2520 940 2722 996 docuit.
2757 941 2848 997 Sic
2888 942 3069 1012 itaque
3101 943 3228 997 liora
3267 943 3494 1011 prandii
3550 943 3876 999 manducan-

2294 1033 2439 1087 tibus
2469 1032 2576 1087 illis
2603 1048 2668 1088 ac
2691 1033 3026 1100 bibentibus,
3050 1032 3151 1089 Job
3187 1048 3325 1088 sane
3355 1034 3414 1087 in
3446 1034 3615 1087 domo
3642 1050 3761 1099 sua,
3790 1036 3876 1091 lilii

2294 1133 2470 1179 autem
2502 1124 2691 1194 ejuset
2720 1125 2867 1191 tiliae,
2923 1124 2975 1178 in
3038 1125 3199 1179 domo
3243 1123 3449 1178 fratris
3498 1125 3583 1178 sui
3646 1126 3875 1195 majoris,

2294 1218 2516 1271 nuntius
2546 1216 2696 1269 venit
2718 1216 2785 1270 ad
2811 1214 2936 1271 Job.
2976 1215 3105 1269 Erat
3133 1230 3379 1284 namque
3413 1214 3738 1285 nequissimi
3768 1218 3876 1271 diae

2291 1308 2399 1362 boli
2425 1308 2685 1369 versutia,
2715 1317 2773 1360 ut
2802 1308 2991 1364 horam
3021 1308 3230 1378 prandii
3260 1310 3621 1371 observaret,
3643 1318 3699 1361 ut
3725 1324 3873 1377 pran-

2292 1400 2449 1453 dente
2480 1399 2575 1453 illo
2615 1400 2798 1453 tristes
2853 1414 2916 1453 ae
2968 1398 3281 1453 mortiferus
3340 1399 3576 1454 nuntios
3637 1402 3701 1455 ad
3758 1417 3873 1455 eum

2290 1491 2551 1556 mitteret,
2580 1505 2686 1559 quo
2718 1490 2892 1559 magis
2940 1490 3192 1559 fatigaret
3247 1500 3307 1544 et
3353 1505 3485 1544 eum
3530 1491 3869 1557 interﬁceret,

2290 1591 2349 1635 ut
2373 1593 2614 1650 tempore
2640 1582 2992 1637 comestiouis
3020 1598 3083 1637 ac
3111 1591 3273 1651 potus
3305 1592 3484 1651 atque
3524 1582 3872 1650 jucunditatis

2240 1704 2247 1712 -
2292 1674 2475 1727 tristes
2510 1675 2728 1728 nuntios
2761 1674 3023 1729 mittendo
3052 1674 3289 1729 deiicere
3318 1675 3479 1729 illun:
3502 1676 3703 1745 justum
3732 1675 3868 1731 face-

2291 1774 2390 1817 ret.
2415 1764 2539 1819 llaec
2568 1781 2802 1835 namque
2833 1767 3212 1822 demonStrans
3247 1767 3388 1822 dicit
3420 1783 3439 1821 :
3480 1766 3615 1821 Ecce
3662 1771 3868 1822 nuntius

615 1861 807 1925 fretus,
836 1861 887 1914 in
920 1874 1024 1929 qua
1049 1859 1139 1913 die
1167 1860 1413 1915 diabolus
1439 1861 1788 1916 innocentum
1836 1872 2061 1917 mortem
2109 1862 2186 1915 fa-
2221 1850 2260 1904 Β
2292 1855 2429 1908 venit
2462 1856 2530 1907 ad
2551 1854 2651 1909 Job
2678 1854 2744 1923 ¹⁶,
2774 1855 3020 1911 dolorum
3055 1866 3217 1926 atque
3265 1857 3580 1927 gemiluum
3641 1860 3864 1921 nuntius.

611 1953 852 2007 bricatus
883 1962 967 2006 est
998 1970 1010 2005 :
1040 1950 1106 2004 Et
1138 1951 1337 2021 factum
1367 1962 1446 2005 est
1488 1954 1639 2022 quasi
1668 1954 1776 2006 dies
1817 1953 1936 2015 illa,
1973 1954 2023 2006 in
2077 1969 2182 2022 qua

612 2044 857 2097 diabolus
896 2045 1116 2113 gavisus
1146 2054 1250 2108 est,
1282 2044 1373 2115 qui
1421 2061 1699 2115 nunquam
1738 2057 1819 2099 est
1853 2048 2089 2117 gavisus,
2128 2047 2182 2100 in

611 2150 717 2206 qua
756 2136 1023 2206 malignus
1066 2135 1379 2202 exsultavit,
1410 2139 1500 2206 qui
1560 2153 1835 2207 nunquam
1908 2138 2183 2195 exsultare

609 2236 696 2282 est
728 2228 1130 2298 comprobatus.
1166 2226 1299 2282 Nam
1341 2228 1757 2285 exsultationem
1792 2229 1941 2283 ducit
1992 2246 2179 2284 eorum

610 2318 702 2386 qui
731 2327 857 2372 sunt
886 2318 1266 2388 perditionem,
1293 2330 1457 2389 atque
1500 2321 1741 2374 vivorum
1806 2321 2180 2374 mortificatio-

611 2427 754 2465 nem.
785 2409 852 2463 Et
875 2411 1073 2479 factum
1098 2423 1173 2465 est
1197 2414 1328 2466 sicut
1357 2412 1451 2465 illa
1502 2414 1634 2466 dies.
1691 2412 1829 2478 Quae
1866 2412 2024 2466 dies?
2067 2412 2178 2477 Illa,

608 2504 807 2574 inquit,
838 2505 953 2558 dies
986 2506 1036 2558 in
1060 2520 1166 2574 qua
1188 2504 1279 2559 ﬁlii
1311 2502 1413 2559 Job
1438 2516 1494 2558 et
1517 2505 1640 2559 lilize
1671 2505 2020 2559 novissimum
2052 2506 2179 2558 illud

607 2596 981 2651 unanimitatis
1012 2607 1176 2667 atque
1192 2598 1500 2651 concordia:
1528 2597 1814 2666 prandium
1846 2598 2182 2665 pranderunt

607 2705 769 2759 super
798 2700 1020 2744 terram.
1056 2689 1109 2743 lu
1148 2690 1301 2743 cmlis
1338 2704 1569 2758 namque
1618 2698 1835 2743 reterns:
1878 2692 2062 2761 gloria!
2126 2700 2181 2746 et

608 2780 1039 2849 incorruptibilis
1070 2781 1407 2835 beatitudine
1444 2782 1649 2849 pariter
1713 2781 1983 2836 fruuntur.
2025 2783 2176 2849 Quod

608 2883 788 2926 autem
816 2872 1175 2926 novissimum
1205 2873 1489 2942 prandium
1525 2883 1651 2926 tunc
1674 2873 1723 2925 in
1763 2886 1989 2941 corpore
2014 2891 2177 2943 pran-

606 2962 822 3027 derunt,
847 2978 970 3015 mox
1000 2964 1394 3032 subsequenter
1431 2964 1687 3028 ostendit,
1720 2965 1905 3019 dicens
1931 2982 1943 3018 :
1975 2963 2042 3017 Et
2080 2965 2179 3033 ﬁlii

605 3055 707 3109 Job
732 3066 779 3109 et
814 3056 940 3124 ﬁlia:
958 3056 1344 3110 mauducabant
1372 3066 1419 3109 et
1461 3056 1698 3109 bibebant
1727 3059 1782 3110 in
1812 3059 1966 3110 domo
1993 3058 2177 3127 fratris

606 3149 690 3202 sui
716 3148 940 3216 majoris
958 3148 1026 3214 ",
1058 3162 1120 3203 ac
1144 3147 1304 3201 veluti
1329 3148 1535 3218 parvuli
1563 3148 1798 3204 infantes
1827 3151 1983 3206 malis
2002 3153 2179 3205 omni-

608 3241 709 3295 bus
734 3250 1006 3310 expertes,
1027 3240 1189 3296 simul
1217 3242 1405 3296 sedent
1429 3250 1483 3295 et
1512 3252 1690 3307 stant,
1732 3243 1889 3296 simul
1914 3252 1969 3296 et
1991 3242 2181 3298 ludunt

607 3342 663 3387 et
694 3333 906 3398 bibunt,
962 3348 1061 3388 nec
1123 3334 1417 3403 quidquam
1467 3334 1617 3401 mali,
1669 3345 1763 3387 aut
1823 3334 2019 3400 illiciti,
2086 3345 2182 3390 aut

606 3424 769 3480 etiam
804 3425 1023 3480 obsceni
1065 3424 1131 3479 de
1164 3425 1391 3480 invicem
1421 3424 1485 3479 ad
1514 3425 1745 3480 invicem
1792 3426 2027 3494 cogitant
2060 3444 2075 3480 :
2106 3425 2179 3478 ita

604 3526 662 3572 et
695 3516 995 3572 beatissimi
1035 3515 1125 3570 lilii
1161 3515 1263 3571 Job
1295 3531 1359 3571 ae
1391 3515 1514 3571 tilia:
1544 3516 1681 3572 casti
1714 3527 1870 3570 erant
1905 3516 2102 3571 animis
2126 3526 2181 3571 et

605 3610 805 3665 mmdo
838 3610 1024 3674 corde,
1055 3619 1109 3663 et
1142 3609 1484 3664 immaculata
1530 3609 1862 3665 conscientia
1901 3617 1957 3662 et
2005 3608 2181 3663 omni-

605 3700 707 3756 bus
759 3701 1117 3756 iuuuunditiis
1168 3710 1333 3770 atque
1380 3701 1586 3756 illicitis
1648 3708 1920 3770 expertes.
1986 3699 2179 3754 Merito

606 3809 730 3848 cum
788 3793 1163 3862 hujuscemodi
1219 3803 1422 3857 essent,
1465 3792 1623 3848 simul
1680 3792 2077 3846 mauducabant
2127 3798 2181 3846 et

606 3884 858 3937 bibebant
884 3891 1055 3937 caste.
1082 3882 1161 3937 Ita
1191 3894 1349 3938 erant
1380 3884 1538 3939 simul
1569 3884 1698 3939 olim
1745 3884 1915 3938 Adam
1964 3894 2020 3937 et
2070 3883 2177 3936 Eva

604 3975 842 4042 quandiu
893 3976 945 4028 in
975 3975 1230 4042 paradiso
1272 3976 1324 4028 in
1375 3978 1689 4031 innocentia
1733 3978 2174 4045 permansissent.

608 4067 681 4121 Ita
717 4076 768 4121 et
798 4082 940 4121 nunc
966 4075 1090 4123 sunt
1114 4067 1166 4120 in
1196 4077 1383 4121 sancta
1420 4068 1658 4123 Ecclesia
1689 4081 1854 4123 casta:
1883 4069 2079 4122 anima:
2113 4082 2175 4121 ac

604 4170 824 4224 sanetae,
855 4160 997 4215 sicut
1053 4160 1329 4229 simplices
1381 4159 1637 4224 infantes,
1699 4172 1864 4230 atque
1926 4160 2179 4215 omnibus

605 4252 760 4307 malis
785 4262 1055 4321 expertes.
1096 4250 1187 4306 Sic
1220 4252 1429 4307 scilicet
1454 4251 1673 4305 fuerunt
1700 4253 1864 4306 etiam
1898 4252 2176 4321 benignis-

604 4346 751 4408 simi,
779 4362 842 4398 ac
882 4345 994 4401 Deo
1026 4343 1230 4406 dilecti.
1260 4353 1421 4413 atque
1460 4343 1709 4399 omnibus
1740 4344 1944 4413 angelis
1970 4344 2176 4399 sanctis

603 4438 721 4505 ejus
744 4434 960 4490 tiliiJob
995 4445 1218 4505 propter
1257 4437 1627 4490 innocentiam
1690 4446 1743 4490 et
1797 4439 2168 4492 sanctitatem.

2291 1946 2553 2000 malorum
2609 1955 2771 2015 atque
2833 1948 3213 2002 amaritudinis
3263 1963 3479 2016 praeco,
3522 1948 3868 2003 tribulationis

2292 2046 2453 2107 atque
2488 2040 2751 2109 angustia:
2780 2040 3123 2108 praedicator.
3154 2038 3406 2094 Nuntius
3442 2039 3596 2094 venit
3641 2040 3705 2093 ad
3755 2039 3860 2103 Joh,

2291 2130 2384 2198 qui
2425 2139 2777 2185 conservatus
2822 2131 2890 2184 ab
2921 2132 3235 2187 adversario
3288 2134 3500 2186 missus
3541 2143 3624 2185 est
3667 2148 3697 2186 a
3747 2134 3864 2186 dia-

2288 2221 2434 2277 bolo.
2482 2221 2716 2278 Nuntius
2772 2224 2917 2278 venit
2958 2223 3026 2278 ad
3078 2222 3213 2291 Job,
3251 2225 3545 2291 concisus,
3587 2223 3857 2283 laceratus.

2288 2314 2636 2384 compilatus,
2696 2326 2978 2380 contusus,
3031 2316 3186 2382 ﬂens,
3221 2317 3567 2382 lamentans,
3620 2318 3859 2387 plangens

2289 2418 2344 2461 et
2381 2406 2718 2472 vociferans,
2770 2416 2932 2478 atque
2984 2409 3232 2464 universa
3294 2424 3426 2479 qua:
3482 2418 3605 2463 sunt
3653 2410 3857 2463 inlisera-

2287 2500 2414 2554 bilia
2454 2498 2601 2553 luctu
2636 2499 3038 2567 demonstrans,
3074 2500 3145 2554 ita
3192 2516 3223 2554 a
3261 2502 3515 2571 maligno
3560 2501 3773 2555 edoctus
3807 2511 3859 2553 ut

2290 2592 2403 2661 ipso
2436 2593 2614 2662 potius
2653 2593 2946 2648 miserabili
2994 2610 3091 2647 suo
3124 2593 3270 2650 luetu
3310 2609 3374 2648 ac
3416 2593 3635 2664 planctu
3679 2594 3728 2647 in
3775 2593 3852 2646 Dei

2288 2686 2763 2754 reprehensionem
2819 2684 2953 2753 justi
3016 2686 3157 2740 illius
3229 2696 3480 2740 mentem
3557 2688 3851 2740 concitaret.

2286 2776 2517 2832 Nuntius
2574 2779 2720 2832 venit
2754 2778 2820 2831 ad
2866 2775 2966 2832 Job
3011 2788 3064 2831 et
3113 2778 3250 2835 dixit
3292 2778 3393 2841 illi,
3456 2777 3741 2833 miserabili
3780 2787 3849 2831 at-

2288 2885 2393 2938 que
2443 2869 2773 2942 lacrymabili
2824 2886 2955 2925 voce
3000 2870 3136 2927 dixit
3189 2870 3238 2924 ei
3294 2885 3315 2925 :
3364 2871 3510 2938 Quid
3558 2872 3772 2941 cogitas,
3820 2884 3849 2922 o

2286 2960 2419 3016 Job?
2470 2964 2550 3016 Ad
2614 2976 2851 3016 mensam
2898 2964 3089 3028 sedes,
3126 2971 3177 3017 et
3227 2980 3296 3018 ea
3356 2980 3481 3033 qua:
3534 2963 3846 3033 contigerunt

2289 3054 2524 3121 ignoras.
2584 3054 2797 3108 Deliciis
2845 3054 3050 3119 uteris,
3131 3062 3183 3109 et
3238 3056 3563 3110 accidentes
3619 3053 3708 3108 tibi
3759 3052 3846 3105 nti-

2286 3147 2460 3201 serias
2500 3148 2697 3200 nescis.
2755 3146 2899 3201 Dixit
2939 3147 3011 3199 illi
3054 3146 3181 3202 :Ad
3230 3162 3484 3202 mensam
3533 3145 3843 3216 splendidam

2206 3208 2250 3268 C
2283 3238 2462 3303 sedes,
2482 3238 2625 3293 Job:
2667 3238 2761 3293 sed
2803 3239 2959 3294 hodie
3006 3238 3073 3292 ad
3111 3254 3387 3305 mensam,
3443 3254 3565 3294 cras
3621 3252 3741 3291 vero
3786 3236 3841 3289 ad

2284 3331 2481 3386 lectum
2503 3330 2648 3386 foras
2675 3332 3079 3400 dcportatorum
3103 3331 3368 3396 filiorum,
3405 3332 3565 3387 modo
3592 3330 3641 3384 in
3664 3331 3843 3399 jucun-

2284 3425 2475 3490 ditate,
2512 3435 2631 3494 post
2656 3424 2927 3493 paululum
2956 3435 3135 3477 autem
3179 3424 3229 3478 iu
3278 3424 3490 3478 infelici
3531 3432 3837 3494 paupertate.

2282 3518 2435 3586 Quod
2465 3519 2507 3573 si
2535 3534 2640 3573 non
2668 3518 2846 3572 credis
2868 3559 2883 3583 ,
2914 3517 3054 3584 quod
3093 3516 3136 3568 si
3192 3532 3299 3570 non
3365 3532 3559 3585 speras
3615 3516 3683 3569 ita
3732 3527 3835 3566 esse

2281 3611 2406 3665 attdi
2437 3610 2609 3680 :Juga
2643 3610 2793 3664 bount
2830 3620 3040 3662 tuorum
3070 3610 3294 3662 arabant
3326 3622 3376 3665 et
3411 3612 3576 3664 asinae
3598 3609 3750 3677 juxta
3780 3606 3838 3659 ει-

2280 3701 2358 3756 los
2376 3703 2677 3772 pascebant,
2710 3711 2757 3754 et
2789 3711 3035 3754 venerunt
3065 3701 3341 3768 prwdoues
3388 3710 3437 3755 et
3488 3700 3707 3767 pra'dati
3731 3707 3834 3750 sunt

2280 3794 2398 3859 illa,
2426 3806 2471 3847 et
2503 3811 2688 3863 pueros
2735 3794 3040 3847 occiderunt
3089 3795 3140 3847 in
3171 3810 3261 3847 are
3319 3795 3521 3865 gladii,
3547 3804 3592 3846 et
3630 3788 3833 3843 remansi

2279 3904 2372 3956 ego
2402 3886 2568 3950 solus,
2598 3898 2644 3939 et
2676 3886 2791 3939 veni
2822 3897 2874 3939 ut
2926 3886 3019 3939 tibi
3063 3888 3366 3941 nuntiarent
3395 3887 3460 3940 ".
3500 3884 3544 3942 O
3578 3882 3831 3950 multiplex

2280 3988 2441 4046 atque
2467 3978 2659 4031 callida
2694 3977 2989 4031 adversarii
3021 3978 3245 4042 astutia,
3298 3989 3356 4031 ut
3399 3978 3586 4032 eadem
3631 3973 3831 4043 quatin-

2279 4080 2525 4137 geSserat
2550 4070 2711 4134 mala,
2734 4070 2804 4122 ita
2838 4069 3028 4123 callide
3058 4080 3364 4135 enarraret,
3391 4081 3448 4123 ut
3486 4069 3551 4123 ad
3582 4067 3669 4121 Dei
3705 4064 3829 4117 blas-

2277 4162 2548 4229 phemiam
2577 4158 2709 4227 justi
2740 4159 2879 4214 illius
2903 4159 3003 4213 viri
3041 4162 3276 4213 animum
3310 4154 3825 4229 provocaretnga.

2281 4254 2474 4321 inquit,
2520 4252 2678 4305 boum
2732 4260 2942 4305 tuorum
3013 4252 3255 4306 orabant.
3308 4252 3427 4307 Non
3490 4251 3628 4305 enim
3672 4247 3823 4299 otiosa

2277 4355 2435 4397 erant
2465 4359 2639 4413 neque
2667 4344 2876 4398 inutilia
2902 4342 3142 4409 stabant,
3183 4344 3279 4397 sed
3312 4343 3549 4396 arabant
3604 4337 3822 4391 ultimam

2277 4447 2574 4500 aratur-am,
2599 4447 2761 4504 atque
2801 4435 3148 4489 novissimam
3200 4443 3525 4489 exercentes
3554 4430 3819 4483 culturam.

607 4529 681 4582 De
713 4528 833 4581 istis
860 4543 991 4597 ergo
1015 4527 1141 4581 filiis
1168 4526 1271 4583 Job
1296 4529 1427 4582 dicit
1460 4528 1582 4581 istic
1634 4546 1648 4582 :
1688 4527 1753 4581 Et
1817 4527 1915 4595 ﬁlii
1975 4527 2075 4581 Job
2124 4540 2170 4582 et
2207 4553 2249 4606 ι)
2280 4528 2415 4595 Quid
2440 4529 2506 4581 ad
2546 4530 2676 4587 haec.
2716 4526 2923 4595 inquit?
2952 4523 3017 4578 Et
3052 4535 3300 4580 uenerunt
3343 4526 3609 4594 praedones
3636 4530 3678 4573 et
3697 4531 3816 4585 pm"

602 4619 732 4691 filia:
759 4621 1145 4673 mauducabant
1165 4631 1215 4674 et
1266 4619 1506 4674 bibebant
1558 4623 1613 4672 in
1657 4620 1812 4673 domo
1864 4619 2049 4688 fratris
2092 4622 2173 4674 sui

602 4710 847 4779 majoris.
880 4710 946 4765 Et
968 4712 1022 4765 in
1066 4712 1167 4766 hoc
1190 4710 1334 4781 quod
1371 4712 1559 4782 majori
1586 4712 1851 4780 primatus
1901 4712 2075 4766 honor
2107 4712 2175 4765 ab

601 4803 855 4859 omnibus
878 4803 1260 4867 exhibebatur,
1294 4804 1346 4856 in
1385 4804 1488 4858 hoc
1517 4804 1631 4872 ipso
1656 4804 1817 4857 etiam
1849 4803 1987 4857 sicut
2027 4812 2081 4856 et
2121 4805 2171 4855 in

599 4895 856 4949 omnibus
880 4896 1026 4948 circa
1059 4894 1151 4948 Dei
1178 4896 1576 4951 ordinationem
1609 4896 1890 4950 ambulare
1912 4910 2170 4964 propera-

599 4995 815 5041 verunt.
843 4986 933 5040 Dei
964 4987 1108 5042 enim
1136 4988 1429 5052 ordinatio,
1460 5000 1622 5056 atque
1649 4987 1741 5041 Dei
1789 4986 2001 5055 justitia
2058 4985 2172 5039 haec

599 5086 703 5141 est,
738 5078 1010 5147 utmajori
1048 5080 1306 5146 primatus
1332 5078 1504 5133 honor
1527 5079 1596 5133 ab
1635 5079 1885 5132 omnibus
1913 5077 2171 5131 exhibea-

600 5176 707 5223 tur.
742 5168 1139 5223 Manducabaut
1171 5184 1300 5239 ergo
1328 5180 1384 5224 et
1435 5169 1692 5224 bibebant
1719 5185 1823 5223 non
1873 5169 2167 5231 luxuriose,

600 5273 774 5326 neque
803 5262 1131 5329 petulanter,
1166 5275 1341 5328 neque
1372 5259 1640 5330 superﬂua
1670 5260 1968 5330 loquentes,
1996 5275 2169 5328 neque

601 5350 788 5405 illicita
850 5352 1175 5417 fabulantes,
1216 5352 1312 5407 sed
1363 5352 1765 5405 mauducabant
1820 5362 1874 5408 et
1913 5354 2170 5409 bibebant

599 5440 883 5498 laudantes
927 5458 1084 5499 suum
1146 5442 1498 5509 Creatorem,
1550 5444 1951 5502 benefactorem
2003 5461 2158 5500 suum

599 5534 907 5598 adorantes.
940 5545 1105 5603 atque
1125 5533 1364 5589 alentem
1388 5548 1447 5587 se
1473 5533 1881 5592 benedicentcs.
1923 5536 2013 5591 Sic
2059 5537 2162 5608 ita:

597 5641 703 5696 que
726 5627 1123 5681 mauducabant
1145 5636 1203 5679 et
1229 5626 1485 5680 bibebant
1524 5626 1615 5682 lilii
1651 5624 1773 5683 Job.
1807 5628 1925 5695 Quo
1955 5638 2161 5699 tempo-

598 5719 694 5774 re?
725 5718 944 5774 Certum
989 5727 1073 5774 est
1099 5718 1240 5787 quod
1280 5728 1522 5788 tempore
1572 5722 1804 5788 prandii.
1844 5719 1959 5777 Non
2018 5722 2161 5776 enim

668 5837 711 5869 ⁸³
740 5834 910 5892 Exod.
942 5836 1169 5904 nut,7.
1250 5836 1292 5868 “
1318 5835 1417 5893 Job
1452 5852 1489 5904 t,
1531 5838 1612 5893 l3.
1709 5840 1752 5873 ¹⁸
1770 5840 1907 5899 ibid.

1987 5843 2031 5873 ¹⁶
2054 5842 2187 5899 ibid.
2224 5840 2311 5897 Η.

2278 4621 2389 4671 dati
2420 4628 2538 4673 sunt
2564 4636 2645 4672 ea.
2670 4616 2792 4682 Job,
2817 4618 2897 4671 vel
2937 4618 3077 4671 unde
3113 4618 3206 4671 tibi
3235 4619 3407 4683 Vives,
3437 4616 3517 4669 vel
3551 4612 3684 4667 unde
3712 4608 3819 4661 aliis

2275 4712 2537 4767 beneficia
2573 4711 2893 4781 imperties?
2925 4709 3080 4765 Unde
3113 4710 3194 4762 vel
3222 4711 3315 4765 tibi
3340 4711 3533 4771 victus,
3556 4704 3633 4760 vel
3675 4702 3815 4755 mise-

2274 4805 2350 4858 ris
2381 4815 2433 4858 et
2458 4819 2560 4858 non
2586 4803 2904 4859 habentibus
2930 4802 3187 4856 refectio?
3221 4800 3354 4872 Juga
3408 4802 3562 4855 boum
3624 4804 3813 4849 tuorum

2272 4896 2528 4962 arebant,
2554 4910 2673 4966 quae
2708 4910 2807 4949 nec
2835 4896 2927 4948 tibi
2958 4894 3119 4957 ultra,
3146 4912 3245 4950 nec
3282 4897 3404 4950 aliis
3432 4892 3669 4947 arabunl.
3705 4881 3811 4937 Asi-

2272 5004 2355 5042 nae
2385 4996 2487 5041 tum
2519 4986 2827 5057 pascebant,
2858 5002 2977 5055 quae
3007 4985 3145 5041 ultra
3174 4986 3317 5042 fetus
3338 5004 3441 5042 non
3470 4982 3678 5043 facient,
3706 4986 3810 5044 qua:

2269 5095 2370 5133 nec
2396 5079 2489 5134 tibi
2530 5095 2631 5135 nec
2660 5079 2781 5133 aliis
2809 5079 3124 5148 proderunt.
3150 5079 3351 5145 Quare,
3385 5078 3551 5145 inquit
3570 5068 3676 5125 ?Ob
3698 5069 3803 5125 hoc.

2267 5174 2362 5234 ait,
2394 5175 2519 5241 quia
2548 5181 2807 5227 venerunt
2853 5174 3133 5241 praedones
3166 5184 3221 5227 et
3280 5169 3496 5244 przcdati
3560 5172 3677 5219 sunt
3729 5172 3799 5210 ea.

2266 5266 2364 5331 Qui
2391 5264 2468 5318 ait
2495 5280 2509 5317 :
2538 5264 2766 5317 Tantum
2802 5278 2885 5321 me
2913 5274 3102 5327 terres,
3121 5281 3153 5316 ο
3187 5264 3366 5326 homo,
3396 5258 3543 5330 quasi
3571 5252 3698 5324 jugis
3722 5246 3800 5300 de-

2266 5356 2517 5426 prtetlatis
2541 5355 2723 5410 vivere
2762 5370 2867 5410 non
2917 5357 3141 5426 possim.
3192 5355 3330 5410 Sunt
3384 5349 3531 5423 pueri
3591 5336 3800 5414 pluriltd.

2268 5448 2444 5503 coloni
2473 5447 2947 5513 abundantissimi,
2976 5448 3067 5518 qui
3119 5448 3354 5502 universi
3425 5430 3797 5496 mercimonium

2268 5538 2553 5607 facientes,
2591 5550 2647 5595 et
2676 5553 2760 5593 me
2787 5550 2841 5595 et
2862 5554 2919 5593 se
2954 5550 3197 5609 pascant,
3218 5555 3272 5593 et
3304 5556 3390 5596 me
3422 5544 3471 5591 et
3502 5547 3556 5587 se
3578 5525 3797 5616 tolerent.

2270 5630 2375 5686 Sed
2406 5633 2692 5703 respondet
2728 5632 2946 5686 nuntius
2975 5634 3062 5701 qui
3094 5641 3330 5698 venerat,
3361 5638 3418 5688 et
3450 5623 3570 5680 dicit
3598 5638 3609 5672 ε
3640 5614 3796 5668 luant-

2271 5734 2353 5778 ter
2384 5726 2477 5780 tibi
2504 5725 2790 5789 blandiris,
2825 5742 2856 5778 0
2886 5723 3010 5790 Job,
3062 5733 3225 5795 atque
3263 5727 3584 5795 supervacue
3612 5715 3790 5778 spct‘ttb‘,

2433 5841 2478 5877 ⁸⁷
2504 5842 2634 5900 ibid.
2668 5842 2751 5907 Η,
2780 5842 2865 5898 15.
