3992 6312
213 317 327 373 121

1372 324 1757 386 ANONYMUS
1795 331 1863 387 IN
1905 330 2047 388 JOB.
2088 365 2159 374 -—
2198 332 2327 387 LIB.
2368 334 2410 389 Ι.

3393 344 3500 399 422

209 439 376 507 quod
403 438 589 496 coloni
624 444 1007 501 remanserint.
1038 445 1168 501 Nam
1195 446 1250 503 bi
1280 449 1369 519 qui
1401 448 1530 519 jnga
1566 452 1726 505 boum
1756 462 1808 506 et
1838 471 1885 527 Α
1914 451 2137 522 praedati
2168 461 2297 507 sunt
2330 467 2360 505 a
2395 451 2593 507 sarculo
2617 463 2671 507 et
2700 453 3079 524 deprmdantur
3103 470 3275 527 usque
3307 463 3363 513 in
3394 476 3497 516 sa:-

213 531 416 587 asinas
451 534 754 602 depraedati
780 544 935 603 sunt,’
959 538 1117 593 iidem
1154 540 1253 610 ipsi
1283 548 1338 595 et
1371 556 1571 611 pueros
1598 544 1814 598 occide-

213 633 377 681 runt.
412 622 1064 691 Quomodoocciderunt?
1104 632 1160 687 In
1203 648 1299 689 ore
1366 634 1551 704 gladii,
1612 636 1810 706 inquit,

210 730 335 769 non
365 730 747 787 pepercerunt,
773 736 877 776 non
918 725 1126 778 miserti
1152 734 1301 790 sunt,
1321 741 1425 782 non
1451 726 1810 796 reliquerunt;

205 809 319 863 sed
353 824 546 865 omnes
583 812 950 881 imparcenter
985 818 1341 881 occiderunt,
1383 818 1477 872 sed
1530 818 1812 872 immiseri-

204 901 470 955 corditer
518 902 933 971 interfecerunt,
981 914 1145 976 atque
1203 908 1445 961 omnium
1486 906 1807 977 sanguinem

204 993 519 1047 crudeliter
542 993 814 1050 fuderunt.
857 996 986 1051 Mihi
1021 998 1145 1061 soli,
1178 999 1374 1067 lnquit,
1429 1004 1805 1067 pepercerunt,

206 1100 308 1140 me
339 1084 511 1139 solum
544 1086 890 1146 remiserunt.
923 1090 986 1143 Et
1035 1105 1157 1144 cum
1206 1089 1357 1145 solus
1402 1091 1803 1155 remansissent,

202 1180 342 1234 veni
374 1184 433 1231 ut
464 1178 767 1236 nuntiarem
804 1180 922 1237 tibi.
945 1182 1106 1248 Quid,
1135 1181 1334 1251 inquit,
1405 1182 1527 1236 mihi
1563 1183 1802 1247 nuntias,

205 1287 243 1324 o
268 1271 477 1329 homo?
506 1273 620 1329 Hoc
657 1273 788 1329 mihi
817 1276 1036 1328 nuntias
1067 1276 1212 1343 quod
1264 1275 1548 1343 praadoncs
1578 1275 1804 1343 praedati

207 1375 373 1429 sunt,
404 1374 458 1420 et
486 1381 608 1421 cum
632 1364 860 1435 praedati
904 1364 1156 1430 fuissent,
1182 1366 1367 1435 pueris
1388 1381 1495 1419 non
1548 1380 1805 1435 peperce-

206 1468 367 1525 runt,
404 1457 496 1514 sed
516 1468 567 1512 et
590 1457 737 1528 ipsos
771 1457 825 1511 in
868 1471 963 1511 ore
985 1455 1150 1526 gladii
1178 1456 1519 1522 occiderunt,
1549 1457 1804 1527 reliquias

205 1551 347 1605 mihi
388 1565 493 1604 non
538 1551 909 1615 dimittentes,
953 1564 1131 1620 neque
1174 1549 1367 1604 solatia
1410 1549 1802 1619 relinquentes.

204 1638 361 1708 Haec,
396 1642 589 1712 inquit,
611 1642 743 1697 mihi
772 1644 1009 1707 nuntias,
1048 1642 1235 1696 nuntia
1261 1651 1310 1697 et
1334 1641 1641 1711 praadones,
1668 1657 1801 1696 nun-

203 1735 286 1789 tia
320 1744 377 1789 et
400 1734 807 1799 interfectores,
834 1744 892 1789 ut
937 1736 981 1790 si
1018 1748 1263 1804 possum,
1293 1735 1492 1805 inquit,
1532 1734 1800 1789 vindicem

1916 542 2121 609 culum,
2155 543 2290 597 alios
2323 558 2421 613 per
2451 543 2709 600 adulterii
2765 549 3150 616 appetentiam,
3187 560 3244 604 ut
3292 553 3494 621 Amon,

1916 633 2051 690 alios
2073 650 2172 706 per
2197 635 2425 690 honoris
2491 636 2882 702 ambitionem,
2939 649 2997 693 ut
3044 640 3304 706 Absalon,
3357 643 3496 702 alios

1914 740 2012 795 per
2033 727 2345 791 avaritiam,
2383 727 2682 782 utJndam.
2736 729 2875 784 Istos
2908 746 3041 800 ergo
3090 736 3313 802 praedati
3368 746 3496 791 sunt

1914 820 2233 887 nequissimi
2288 820 2488 875 diaboli
2518 822 2724 886 hostes,
2763 821 2895 876 alias
2923 834 3103 877 autem
3134 823 3267 881 alios
3297 827 3495 895 deprae-

1911 910 2023 963 dati
2057 919 2205 977 sunt,
2235 918 2292 965 ut
2323 910 2436 967 Noe
2467 911 2658 975 Chatn,
2694 911 2932 967 Abrahae
2956 913 3171 980 lsmael,
3224 925 3283 969 ut
3341 917 3492 974 Isaac

1906 1001 2076 1065 Esau,
2104 1008 2161 1057 ut
2194 1002 2358 1058 Israel
2410 1002 2628 1060 Simeon
2670 1003 2798 1061 Levi
2845 1015 2900 1059 et
2926 1005 3136 1070 Ruben,
3170 1018 3225 1060 ut
3281 1009 3363 1064 Eli
3412 1027 3492 1066 sa-

1908 1095 2116 1150 cerdoti
2147 1095 2323 1164 Ophni
2349 1104 2405 1150 et
2436 1096 2666 1152 Phinees
2690 1096 2831 1151 ﬁlios
2854 1097 2994 1165 eius,
3029 1108 3091 1152 ut
3136 1098 3300 1154 David
3332 1117 3487 1171 supe-

1909 1186 2023 1240 rius
2050 1197 2386 1242 memoratos
2415 1187 2578 1253 filios,
2623 1198 2791 1258 atque
2841 1190 2967 1245 aliis
3005 1190 3143 1245 alios
3178 1193 3384 1261 primos
3428 1210 3491 1250 ac

1909 1278 2251 1335 novissimos.
2271 1280 2401 1346 Qnre
2423 1280 2675 1336 universa
2690 1281 2927 1338 scientes
2952 1299 3053 1338 nos
3077 1295 3241 1353 atque
3263 1286 3480 1339 audien-

1910 1378 1989 1424 tes
2022 1370 2369 1427 intendamus
2404 1383 2565 1428 caute
2585 1374 2873 1430 animabus
2902 1377 3128 1441 nostris,
3156 1393 3222 1430 ne
3239 1379 3489 1447 praeden-

1908 1470 2134 1526 tnrnos,
2164 1465 2683 1533 atque'populentur
2734 1469 3016 1536 prcedones
3070 1469 3365 1535 daemones,
3418 1488 3487 1528 ne

1907 1554 2119 1609 dicatur
2141 1556 2206 1610 de
2229 1555 2387 1612 nobis
2410 1572 2423 1608 :
2456 1556 2718 1613 Venerunt
2744 1561 3020 1628 pra’dones
3035 1570 3085 1616 et
3112 1563 3339 1631 praedati
3363 1576 3483 1619 sunt

1906 1659 2013 1709 eos,
2045 1659 2112 1699 ne
2181 1647 2571 1717 compellamur
2632 1648 2788 1704 ﬂetus
2846 1661 3013 1720 atque
3076 1652 3482 1711 Iamentatioais

1906 1736 2175 1790 canticum
2196 1747 2479 1794 cantantes
2503 1739 2685 1794 dicere
2722 1759 2736 1795 :
2763 1738 2934 1809 Super
2948 1743 3171 1811 [lumina
3193 1743 3481 1815 Babylonis

205 1842 298 1881 me
330 1845 344 1880 :
380 1828 525 1897 quod
561 1827 604 1883 si
645 1842 752 1882 non
804 1826 958 1881 valeo
1004 1826 1288 1881 vindicare
1322 1826 1387 1881 de
1422 1826 1506 1881 his
1559 1828 1650 1895 qul
1698 1827 1800 1881 hoc
1835 1813 1874 1866 Β
1903 1826 2011 1880 illic
2039 1828 2267 1883 sedimus
2305 1841 2356 1883 et
2398 1832 2722 1899 ﬂeuimus".
2781 1834 2862 1889 0b
2910 1850 3074 1904 quam
3125 1842 3284 1893 rem?
3312 1813 3479 1905 _Quia

205 1922 482 1989 fecerunt,
518 1936 611 1977 eos
638 1935 973 1985 enumerem,
1010 1920 1120 1974 Deo
1143 1929 1323 1974 autem
1350 1920 1401 1974 id
1426 1921 1568 1989 quod
1596 1921 1797 1974 factum

202 2022 313 2076 est,
342 2023 406 2068 ut
432 2012 580 2081 iuste
615 2013 855 2084 inquirat
886 2013 1290 2067 commendem.
1319 2013 1389 2065 At
1421 2021 1570 2076 tunc,
1602 2012 1796 2082 inquit,

200 2120 229 2158 ο
256 2105 453 2171 homo,
486 2120 607 2159 cum
640 2115 696 2158 tu
733 2102 879 2160 solus
904 2104 1169 2169 evaseris,
1198 2104 1265 2159 ad
1308 2103 1605 2158 maximum
1664 2105 1796 2158 mihi

199 2197 530 2251 incendium
563 2196 807 2262 evasisti,
837 2213 932 2266 pro
962 2204 1259 2263 augmento
1299 2195 1501 2251 doloris
1538 2195 1667 2250 mihi
1703 2196 1798 2250 ad-

197 2288 434 2342 venisti.
474 2287 935 2357 Deprazdationem
972 2288 1103 2343 mihi
1138 2288 1378 2351 nuntias,
1417 2296 1472 2342 et
1516 2289 1797 2356 prwdones

196 2395 307 2434 non
351 2380 619 2449 publicas.
656 2381 733 2435 De
768 2381 1020 2450 proximo
1052 2389 1201 2443 sunt,
1251 2395 1317 2433 an
1352 2380 1418 2434 de
1452 2380 1797 2449 longinquo?

195 2470 401 2527 IIostes
447 2481 573 2526 sunt
598 2471 794 2540 publici
843 2487 911 2526 an
979 2472 1129 2527 fures
1174 2472 1423 2527 occulti?
1457 2471 1562 2526 Sed
1615 2472 1660 2525 is
1698 2471 1791 2541 qui

193 2564 400 2629 evasit,
434 2578 541 2619 non
568 2564 690 2619 ideo
730 2572 788 2618 ut
818 2564 865 2619 ei
893 2574 1212 2634 parceretur
1242 2565 1547 2626 evasit,sed
1573 2572 1793 2632 propter

194 2666 552 2727 augmentum
598 2657 914 2711 tentationis
942 2655 1044 2712 Job
1085 2657 1331 2712 advenit.
1374 2655 1473 2711 Hic
1498 2671 1629 2727 ergo
1657 2656 1791 2709 nihil

192 2750 470 2804 adversus
500 2764 561 2805 ea
596 2764 717 2819 qua:
739 2748 881 2804 dicta
916 2757 1042 2803 sunt
1073 2750 1382 2817 respondit,
1428 2748 1520 2803 sed
1579 2756 1788 2802 tantum

193 2842 487 2911 pmdones
521 2841 823 2897 nominavit
865 2859 879 2895 :
947 2855 1048 2896 nos
1101 2840 1407 2910 intelligere
1467 2841 1788 2906 admonens,

193 2944 367 3003 atque
420 2935 576 2991 nobis
636 2933 1051 3003 intelligendum
1105 2933 1447 3004 relinquens,
1504 2950 1639 3003 quos
1706 2933 1789 2987 vel

195 3026 391 3096 quales
417 3027 699 3097 praedones
735 3026 1107 3081 nominaverit
1144 3045 1158 3080 :
1193 3025 1315 3082 illos
1344 3026 1464 3081 sine
1491 3026 1655 3081 dubio
1696 3024 1787 3094 qui

196 3118 265 3171 de
294 3115 436 3172 coelo
462 3127 684 3189 propter
710 3119 1045 3188 apostasiam
1077 3119 1129 3173 in
1160 3120 1398 3191 prredam
1433 3128 1788 3181 venerunt,et

196 3223 265 3262 ex
308 3220 621 3265 sanctorum
658 3212 843 3266 choris
872 3218 1094 3280 propter
1121 3212 1524 3266 contumaciam
1558 3210 1781 3279 projecti

199 3309 345 3355 sunt.
373 3300 450 3355 liii
492 3301 771 3367 nimirum,
793 3304 884 3372 qui
918 3301 1196 3357 sub'coelo
1226 3316 1446 3357 omnem
1501 3302 1787 3371 captivita-

201 3404 309 3447 tem
330 3394 684 3448 ostenderunt
734 3405 841 3449 tam
870 3393 1170 3449 carnalium
1230 3408 1393 3464 quam
1438 3392 1783 3461 spiritalium,

198 3485 293 3553 qui
320 3485 542 3555 praedati
574 3496 697 3541 sunt
730 3486 1018 3542 universos
1044 3487 1135 3557 qui
1179 3496 1312 3542 sunt
1359 3496 1522 3556 super
1558 3494 1782 3551 terram,

200 3578 487 3633 manifeste
506 3588 561 3634 et
582 3580 813 3634 occulte.
844 3580 919 3633 De
970 3594 1199 3648 quorum
1253 3579 1567 3648 captivitate
1597 3578 1785 3631 dicunt

200 3670 370 3724 sancti
404 3688 419 3726 :
454 3670 807 3736 Benedixisti,
836 3671 1081 3737 Domine,
1109 3680 1304 3725 terram
1346 3678 1518 3735 tuam,
1547 3668 1785 3724 avertisti

202 3764 552 3831 captivitatem
578 3762 747 3817 Iacob
770 3764 835 3817 η.
862 3762 930 3817 Et
960 3762 1088 3817 alibi
1121 3780 1133 3816 :
1164 3761 1298 3817 Cum
1326 3764 1638 3817 converterit
1675 3763 1787 3819 Do-

202 3857 366 3909 minus
396 3855 751 3925 captivitatem
803 3857 967 3924 plebis
1001 3872 1132 3922 suw,
1183 3854 1467 3911 exsultabit
1508 3856 1676 3911 Iacob
1732 3867 1782 3913 et

205 3948 465 4001 (celabitur
495 3947 668 4001 Israel
698 3950 761 4003 ⁸³.
799 3947 889 4004 Isti
925 3952 1134 4005 scilicet
1165 3950 1470 4018 prwdones,
1520 3950 1610 4004 isti
1665 3966 1781 4006 me-

205 4050 500 4093 morantur.
541 4039 831 4107 Venerunt,
860 4042 1058 4112 inquit,
1093 4042 1387 4110 prwdones.
1433 4041 1596 4098 Unde
1623 4058 1784 4098 vene.

208 4132 364 4187 runt?
396 4134 473 4187 Ex
493 4147 552 4186 se
586 4133 738 4202 ipsis,
780 4149 846 4186 an
903 4150 966 4188 ex
1022 4131 1318 4195 Chaldaeis,
1373 4149 1441 4188 an
1488 4134 1653 4188 etiam
1709 4149 1780 4190 ex

207 4223 513 4297 Egyptiis?
539 4225 645 4282 Sed
685 4241 749 4280 ex
787 4226 947 4282 nullis
980 4228 1211 4284 istorum
1267 4236 1557 4289 venerunt,
1590 4229 1683 4283 sed
1710 4243 1779 4283 ex

209 4320 406 4390 abyssis
439 4327 737 4383 venerunt,
773 4334 837 4373 ex
863 4320 1214 4375 interioribus
1249 4320 1584 4376 infernorum
1618 4334 1781 4375 vene-

209 4422 345 4477 runt,
369 4413 515 4468 sicut
559 4411 719 4482 paulo
757 4422 876 4482 post
928 4413 1392 4469 demonstrabitur
1444 4415 1495 4470 in
1545 4413 1778 4469 ﬁliorum

1900 1920 2011 1974 illic
2046 1922 2501 1993 interrogaverunt
2537 1942 2652 1992 nos,
2683 1927 2773 1995 qui
2793 1930 3021 1996 captivos
3070 1930 3332 1985 duxerunt
3383 1949 3477 1988 nos

1900 2012 2052 2066 verba
2087 2017 2388 2069 cantionum
2409 2018 2478 2072 ²¹.
2542 2016 2648 2072 Sed
2690 2033 2812 2072 cum
2869 2020 2984 2074 hcce
3035 2023 3217 2075 omnia
3266 2025 3480 2081 audiret

1898 2103 2023 2169 Job,
2054 2108 2191 2160 t-anti
2225 2109 2421 2177 peculii
2463 2110 2941 2180 deprazdationem,
2997 2122 3159 2182 alque
3210 2116 3478 2170 venientis

1896 2206 1952 2250 et
1980 2200 2253 2253 narrantis
2280 2198 2744 2266 lamentationem,
2780 2217 2881 2258 nec
2935 2204 3226 2273 quidquam
3257 2206 3358 2260 hac
3419 2221 3477 2261 ro

1897 2302 2017 2357 qua:
2043 2290 2268 2343 obvenit
2296 2291 2514 2360 dignum
2545 2290 2695 2356 fecit,
2717 2292 2811 2347 sed
2839 2294 3043 2361 pariter
3062 2294 3203 2348 hunc
3233 2296 3475 2351 auditum

1894 2382 2192 2443 sustinens,
2217 2381 2413 2436 blande
2444 2383 2725 2437 enarranti
2764 2383 2867 2438 sibi
2920 2385 3201 2453 respondit
3240 2386 3426 2441 dicens
3458 2403 3474 2443 :

1895 2471 2034 2538 Quid
2066 2472 2261 2541 ejulas,
2289 2487 2321 2525 ο
2350 2473 2471 2526 vir?
2498 2473 2627 2541 quid
2658 2472 3009 2539 lamentaris,
3043 2492 3076 2530 ο
3105 2476 3314 2530 homo?
3387 2477 3478 2531 Di-

1895 2564 2147 2617 vitiarum
2181 2564 2516 2633 possibilitas
2565 2567 2639 2620 ita
2699 2579 2917 2635 semper
2963 2577 3048 2621 est
3090 2567 3380 2633 vertibilis,
3417 2576 3479 2625 ut

1893 2654 2052 2709 hodie
2081 2657 2152 2710 sit
2181 2657 2290 2721 hic,
2337 2657 2578 2711 crastina
2627 2672 2756 2713 vero
2820 2657 2971 2711 alibi.
3032 2657 3101 2711 Et
3146 2661 3475 2729 praesertim,

1893 2746 2085 2816 inquit,
2118 2749 2243 2817 quia
2273 2749 2477 2803 inimici
2525 2750 2749 2819 praedati
2801 2759 2947 2816 sunt,
2994 2751 3122 2820 quia
3172 2753 3473 2809 adversarii

1891 2840 2257 2906 abstulerunt,
2281 2841 2407 2911 quia
2459 2839 2641 2908 injusti
2680 2841 3041 2911 diripuerunt.
3087 2845 3219 2915 Ego,
3274 2846 3471 2917 inquit,

1891 2941 1950 2985 ut
1979 2933 2229 2988 inimicos
2257 2936 2599 3003 acquirerem
2633 2949 2736 2988 non
2772 2935 2951 3003 gessi,
3005 2951 3180 3005 neque
3224 2938 3472 2994 inimicos

1890 3038 1975 3078 me
2011 3026 2192 3093 putavi
2218 3025 2442 3080 habere.
2464 3026 2528 3079 Et
2551 3026 2676 3094 quia
2709 3041 2819 3079 non
2863 3029 3106 3095 peccanti
3138 3028 3472 3083 mihiinimi-

1889 3116 1938 3171 t'i
1991 3117 2211 3185 quidem
2248 3115 2425 3171 effecti
2470 3118 2585 3171 hzec
2637 3118 3023 3186 ingesserunt,
3077 3128 3132 3171 ut
3177 3128 3231 3172 et
3273 3133 3472 3187 pueros

1882 3208 2227 3271 occiderent,
2256 3218 2310 3261 et
2335 3208 2603 3276 peculium
2636 3209 2969 3276 abriperent,
2998 3208 3116 3261 sine
3140 3209 3261 3264 illos
3295 3212 3474 3279 possi-

1890 3299 2020 3353 dere
2048 3299 2163 3353 haac
2193 3314 2315 3354 cum
2342 3301 2642 3369 iniquitate,
2675 3301 2832 3356 nobis
2861 3316 2993 3355 vero
3016 3302 3165 3356 dabit
3197 3301 3337 3356 Deus
3363 3303 3468 3356 alia

1887 3391 2006 3447 sine
2051 3400 2301 3461 peccato.
2344 3393 2451 3447 Sed
2498 3408 2619 3446 cum
2674 3393 2788 3446 haec
2838 3393 3047 3446 audiret
3106 3393 3474 3461 nequissimus

1887 3482 2134 3537 diabolus
2161 3498 2191 3537 a
2220 3485 2379 3539 beato
2400 3483 2524 3547 101),
2556 3494 2609 3539 et
2642 3498 2737 3537 ore
2780 3483 2944 3549 dicta,
2978 3494 3033 3537 et
3073 3484 3259 3537 animo
3303 3485 3475 3538 medi-

1891 3583 2022 3638 tata,
2059 3575 2384 3643 liquefactus
2416 3575 2556 3627 intra
2586 3576 2958 3643 semetipsum,
3013 3575 3350 3643 insipienter,
3387 3578 3474 3632 in-

1884 3667 2024 3737 quit,
2050 3666 2150 3720 feci
2181 3678 2239 3722 ut
2289 3667 2569 3738 praedones
2618 3666 2979 3730 nominarem,
3029 3666 3232 3720 abstuli
3282 3683 3311 3720 a
3358 3667 3473 3727 Deo

1886 3760 2027 3815 hanc
2044 3759 2406 3830 culpam.Nou
2429 3759 2573 3814 enim
2603 3760 2830 3835 imputat
2848 3758 2953 3812 Deo
2980 3757 3081 3813 Job
3098 3760 3239 3829 quod
3256 3771 3473 3830 gestum

1883 3862 1990 3918 est,
2026 3854 2121 3909 sed
2158 3853 2467 3923 iniquomm
2505 3851 2744 3906 virorum
2787 3851 3059 3920 nequitim.
3092 3853 3228 3923 Ego,
3266 3854 3466 3923 inquit,

1884 3945 2149 4015 meipsum
2178 3944 2534 4006 circumveni,
2566 3958 2668 4014 ego
2692 3945 2824 3999 mihi
2856 3946 2957 4014 ipsi
2996 3949 3274 4000 contraria
3297 3948 3465 4017 gessi.

1882 4037 2088 4092 Idcirco
2116 4037 2458 4092 consideravi
2499 4036 2628 4104 quid
2676 4035 2894 4102 faciam,
2956 4046 3269 4092 convertam
3324 4052 3470 4095 nunc

1882 4143 2188 4185 sermonem
2220 4130 2288 4183 ad
2316 4128 2581 4193 caelestia,
2610 4140 2923 4183 convertam
2967 4128 3079 4183 haec
3106 4129 3157 4182 in
3203 4129 3293 4183 Dei
3327 4130 3468 4185 blas-

1880 4223 2173 4293 phemiam.
2237 4220 2362 4275 Haec
2403 4237 2524 4276 cum
2556 4222 2919 4291 nequissimus
2948 4223 3171 4289 cogitat.
3205 4222 3467 4276 continuo

1880 4317 2051 4370 alium
2077 4315 2327 4370 nuntium
2369 4316 2538 4369 mittit
2562 4316 2627 4369 ad
2662 4313 2804 4369 Job:
2840 4313 2946 4380 Qui
2998 4331 3116 4367 cum
3162 4314 3465 4384 ingredere-

1879 4418 1987 4474 tur,
2016 4409 2151 4462 dixit
2176 4408 2225 4461 ei
2246 4422 2267 4462 :
2291 4405 2439 4478 Ignis
2465 4408 2649 4460 cecidit
2680 4408 2743 4460 de
2769 4406 2915 4468 caelo,
2940 4415 2988 4459 et
3010 4405 3292 4459 combussit
3323 4422 3460 4471 oves,

210 4504 591 4560 internecione.
618 4502 747 4559 Inde
770 4519 902 4576 ergo
922 4514 1199 4559 venerunt
1224 4505 1313 4560 isti
1347 4508 1659 4577 prmdones,
1694 4507 1775 4560 di-
1809 4531 1854 4589 ι)
1879 4508 1930 4553 et
1952 4516 2141 4568 pueros
2173 4500 2460 4553 combussit
2494 4497 2769 4559 similiter,
2799 4508 2846 4551 et
2877 4500 3019 4551 evasi
3062 4514 3156 4567 ego
3195 4498 3339 4552 solus
3364 4537 3379 4564 ,
3410 4509 3461 4555 et

211 4597 348 4652 missi
381 4598 450 4651 ad
500 4597 854 4652 tentationem
905 4608 1068 4667 atque
1124 4600 1188 4651 ad
1239 4600 1611 4668 probationem
1643 4599 1773 4667 justi

208 4688 361 4742 illius.
394 4688 469 4742 De
494 4687 613 4742 istis
666 4702 795 4755 ergo
853 4687 1037 4742 dicit:
1092 4670 1352 4740 Venerunt
1408 4689 1681 4753 prwdones
1724 4696 1775 4741 et

213 4780 562 4846 pra'datt'sttnt
589 4793 696 4833 eos.
743 4777 833 4832 Isti
876 4792 1111 4848 namque
1170 4788 1297 4831 sunt
1332 4778 1423 4845 qui
1486 4791 1514 4829 a
1572 4777 1773 4833 szeculo

214 4871 487 4941 depraedati
518 4881 646 4925 sunt
672 4869 956 4941 plurimos,
976 4877 1030 4924 et
1055 4868 1289 4939 plurima
1317 4869 1368 4923 in
1402 4870 1774 4939 captivitatem

214 4964 486 5018 duxerunt.
538 4962 634 5018 Isti
667 4959 961 5031 depraedati
995 4971 1123 5017 sunt
1175 4961 1311 5017 Cain
1371 4976 1468 5032 per
1519 4962 1778 5017 sacrificii

214 5055 617 5118 amulationem,
640 5053 882 5124 gigantes
912 5067 1009 5124 per
1031 5052 1367 5124 superbiam,
1399 5053 1521 5108 illos
1561 5053 1629 5108 ad
1667 5063 1780 5108 tur-

219 5163 315 5201 rem
338 5163 434 5217 per
461 5146 555 5200 Dei
585 5146 1027 5201 contumaciam:
1080 5145 1201 5200 illos
1260 5146 1316 5199 in
1378 5144 1633 5201 Sodomis
1682 5160 1779 5213 per

216 5241 545 5310 turpitudinis
609 5239 935 5307 lasciviamj;
985 5239 1122 5293 Esau
1176 5253 1274 5309 per
1314 5237 1775 5293 insatiabilitatem

216 5340 360 5403 atque
377 5332 726 5405 petulantiam
747 5347 762 5397 ;
787 5331 1125 5386 Pharaonem
1159 5346 1253 5401 per
1278 5331 1368 5387 Dei
1404 5338 1774 5400 contemptum

216 5438 360 5495 atque
384 5426 780 5498 pertinaciam;
800 5424 929 5479 illos
952 5415 1006 5479 1ιί
1036 5425 1254 5479 deserto
1271 5438 1368 5493 per
1388 5422 1775 5489 idololatriam,

210 5519 440 5589 aliosque
473 5519 788 5573 innumeros
827 5532 924 5587 per
940 5517 1131 5571 eadem
1170 5516 1460 5586 depra-dati
1522 5523 1669 5577 sunt,
1722 5522 1777 5569 et

219 5612 291 5667 his
322 5612 538 5678 similia,
563 5620 727 5681 atque
763 5626 860 5680 per
885 5608 1020 5664 alias
1079 5608 1396 5664 innumeras
1430 5609 1674 5663 rationes
1716 5616 1772 5663 et

278 5778 312 5807 ¹⁸
333 5775 473 5831 Psal.
504 5790 722 5843 Lxxxtv,
750 5775 805 5829 ἓ.

886 5774 927 5806 ¹⁹
958 5772 1099 5829 Psd.
1134 5788 1227 5840 ιιι,
1263 5773 1312 5832 ’1.
1390 5776 1435 5806 ²⁰
1459 5772 1599 5828 Psai.
1630 5787 1851 5841 cvsxvr,
1884 5773 1934 5829 1.

1883 4594 1997 4646 veni
2027 4603 2083 4645 ut
2110 4590 2204 4644 tibi
2225 4592 2524 4644 nuntiarem
2548 4590 2616 4643 ¹².
2649 4587 2764 4643 Non
2782 4597 2887 4652 est,
2923 4589 3195 4657 inquit,ut
3226 4599 3279 4643 tu
3309 4592 3460 4646 arbi-

1885 4685 2065 4749 traris,
2091 4698 2123 4737 o
2149 4682 2272 4748 Job,
2305 4682 2449 4751 quod
2481 4697 2548 4735 et
2602 4681 2911 4735 hominibus
2939 4682 3048 4735 sint
3085 4682 3180 4735 tibi
3219 4681 3303 4735 hae
3325 4682 3459 4736 insi-

1881 4776 2003 4838 diae,
2030 4787 2191 4843 atque
2210 4774 2296 4829 hic
2325 4776 2579 4827 incursus
2608 4788 2622 4825 :
2653 4787 2760 4826 non
2785 4782 2869 4826 est
2895 4788 2959 4826 es
2992 4773 3303 4828 hominibus
3322 4812 3338 4839 ,
3365 4775 3458 4829 sed

1873 4882 1937 4922 ex
1969 4867 2098 4933 Deo,
2141 4867 2207 4921 de
2238 4865 2398 4921 caelis
2416 4873 2519 4920 est.
2539 4863 2689 4934 Ignis
2717 4863 2913 4919 cecidit
2948 4868 3015 4919 de
3040 4865 3200 4930 caelo,
3228 4875 3281 4919 et
3308 4880 3458 4920 com-

1873 4960 2219 5016 bussitoves.
2251 4957 2393 5024 Noli,
2445 4957 2640 5026 inquit,
2699 4958 3038 5028 temetipsum
3090 4958 3375 5025 seducere,
3425 4973 3458 5013 o

1874 5049 1999 5117 Job,
2038 5050 2145 5107 noli
2176 5049 2411 5119 teipsum
2432 5049 2852 5115 circumvenire,
2898 5065 3002 5104 non
3035 5065 3101 5105 ex
3149 5048 3459 5105 hominibus

1878 5155 1963 5199 est
1984 5143 2403 5208 circumventio,
2431 5142 2522 5197 sed
2550 5158 2616 5197 ex
2650 5141 2757 5196 Deo
2786 5151 2872 5196 est
2897 5142 2997 5196 ista
3048 5142 3455 5198 exterminatio.

1881 5233 1997 5291 Non
2030 5236 2101 5290 ’ex
2137 5234 2367 5290 terrenis
2395 5234 2489 5289 tibi
2526 5244 2612 5288 est
2662 5234 2751 5289 hic
2789 5234 3074 5299 incursus,
3102 5235 3195 5289 sed
3218 5234 3283 5289 de
3303 5235 3457 5307 caelis

1878 5340 1961 5385 est
1988 5329 2082 5384 tibi
2122 5329 2225 5383 iste
2247 5328 2517 5386 interitus.
2565 5325 2717 5394 Quod
2759 5328 2801 5381 si
2848 5342 2954 5382 non
3000 5326 3214 5391 credis,
3279 5327 3403 5383 audi
3436 5342 3455 5380 :

1876 5421 2028 5491 Ignis
2053 5421 2237 5476 cecidit
2265 5420 2332 5474 de
2360 5419 2488 5475 caelo
2510 5457 2525 5484 ,
2555 5428 2607 5473 et
2655 5418 2937 5473 combussit
2973 5433 3110 5485 oves,
3161 5431 3210 5473 et
3264 5435 3455 5489 pueros

1877 5512 2142 5568 similiter.
2168 5510 2300 5567 Nam
2327 5526 2451 5567 cum
2479 5526 2610 5566 oves
2635 5510 3003 5575 combureret,
3025 5526 3319 5582 puerorum
3350 5528 3454 5565 non

1877 5615 1962 5662 est
1996 5606 2272 5661 misertus.
2303 5603 2421 5661 Non
2445 5605 2688 5675 pepercit
2714 5605 3049 5674 pastoribus,
3085 5605 3180 5662 sed
3198 5602 3455 5661 similiter

2007 5774 2048 5805 “
2077 5774 2208 5831 ibid.
2240 5773 2292 5831 3.
2373 5773 2416 5806 ²¹
2449 5771 2547 5829 Job
2579 5787 2618 5839 I,
2648 5771 2732 5829 16.
