3992 6312
622 353 731 413 (23
760 374 765 379 '

1751 352 2133 410 ANONYMUS
2174 351 2237 409 ΙΝ
2275 352 2415 408 JOB.
2455 383 2525 396 —
2555 351 2693 408 LIB.
2736 353 2777 407 1.

3744 374 3834 430 4Ξ4

623 476 826 535 ιιιιΙοε
842 478 1144 536 combussit
1169 474 1336 550 atque
1366 477 1625 550 perdidit,
1666 480 1762 535 sed
1795 480 2002 549 pariter
2018 489 2209 543 cuneta
2240 483 2280 538 A
2312 478 2608 547 quissimus
2667 477 2778 540 ille,
2821 478 2956 547 ignis
3006 477 3070 531 de
3119 478 3245 532 cwto
3268 481 3472 543 cecidit,
3515 488 3760 556 propriam
3792 496 3836 551 in

621 573 848 639 delevit,
882 583 944 628 ut
977 588 1074 643 per
1104 574 1218 629 haec
1244 573 1427 628 omnia
1464 573 1563 628 tibi
1614 572 2000 628 detrimentum
2044 582 2225 641 atque

619 666 867 722 dolorem
896 666 1203 735 ingereret,
1237 672 1295 718 ut
1321 680 1419 734 per
1450 665 1566 719 haec
1594 665 1847 720 universa
1887 664 1982 719 tibi
2033 665 2208 720 tribu-

620 756 881 813 lationem
915 766 1077 825 atque
1111 758 1421 828 angustiam
1463 757 1728 825 adjiceret
1766 776 1780 812 :
1812 756 1963 829 Ignis
2017 758 2205 811 cecidit

618 848 685 897 de
707 843 859 908 creto,
897 858 1002 898 non
1024 859 1090 898 ex
1116 857 1200 910 se,
1228 859 1404 915 neque
1450 861 1481 899 a
1528 861 1608 911 se,
1634 862 1815 916 neque
1852 862 1949 917 per
1976 861 2056 913 se,
2114 847 2207 903 se]

617 935 828 990 caelesti
862 934 1107 1004 jussione
1149 946 1315 1007 atque
1363 937 1623 993 terribilis
1659 939 1751 994 Dei
1810 939 2203 1009 praeceptione:

619 1026 771 1099 Ignis
796 1027 982 1080 cecidit
1007 1031 1071 1082 de
1101 1028 1251 1082 creto.
1282 1028 1751 1096 Quemadmodum
1783 1029 1913 1085 olim
1941 1030 1995 1085 in
2027 1028 2204 1085 Sodo-

619 1134 761 1174 tnam
795 1128 848 1173 et
872 1119 1259 1184 Gomorrham,
1291 1131 1459 1188 atque
1488 1134 1655 1190 super
1682 1134 1901 1175 omnem
1927 1120 2202 1190 regionem

616 1211 767 1266 illam
800 1213 870 1277 ",
898 1214 969 1266 ita
994 1214 1225 1283 etinuuc
1257 1214 1324 1267 ab
1374 1212 1465 1267 illo
1490 1212 1582 1281 qui
1624 1220 1752 1267 tunc
1798 1212 1851 1267 in
1911 1212 2204 1267 Sodomam

615 1313 672 1358 et
693 1303 1055 1359 Gomorrham
1100 1304 1280 1373 ignem
1306 1304 1360 1357 in
1388 1303 1749 1373 perditionem
1775 1303 1951 1373 pluit,
1989 1302 2059 1357 ab
2102 1302 2205 1357 hoc

614 1397 754 1466 ipso,
776 1396 1018 1465 inquam,
1044 1396 1208 1451 etiam
1247 1397 1387 1466 ignis
1410 1395 1610 1451 cecidit
1645 1394 1716 1450 de
1742 1397 1908 1461 coelo,
1951 1404 2007 1451 et
2048 1409 2204 1450 cont-

615 1488 792 1543 bussit
815 1501 946 1541 oves
972 1497 1028 1541 et
1061 1502 1258 1556 pueros
1313 1495 1370 1541 et
1410 1495 1679 1555 pastores,
1728 1486 1914 1541 omnia
1965 1486 2204 1541 incendit

611 1589 777 1649 atque
808 1579 1021 1648 pariter
1046 1578 1266 1634 delevit.
1289 1578 1446 1633 Sicut
1476 1578 1623 1633 enim
1651 1576 2055 1634 Sodomitarum
2086 1577 2203 1633 reli-

611 1673 755 1741 quiae
795 1688 902 1726 non
934 1681 1338 1737 remanserunt,
1378 1672 1453 1726 ita
1502 1680 1558 1725 et
1601 1686 1766 1734 nunc,
1834 1672 2032 1740 inquit,
2102 1671 2197 1726 tibi

614 1761 857 1833 reliquiae
882 1778 986 1818 non
1014 1771 1328 1833 supersunt,
1365 1772 1427 1817 ut
1451 1773 1533 1817 est
1571 1763 1740 1819 moris
1760 1802 1776 1828 ,
1806 1764 1932 1832 quia
1955 1763 2196 1833 ejusdem

612 1854 705 1909 Dei
736 1857 815 1910 ira
851 1869 1017 1922 super
1075 1864 1127 1909 te
1164 1853 1334 1909 eli‘usa
1383 1864 1489 1919 est,
1523 1855 1680 1926 cujus
1703 1855 1890 1922 etiam,
1924 1866 1983 1910 ut
2034 1872 2199 1926 super

612 1947 754 2015 illos,
782 1947 924 2018 ignis
956 1946 1156 2002 cecidit
1194 1948 1262 2001 de
1286 1947 1450 2002 caelo.
1480 1947 1601 2002 Non
1638 1948 1781 2018 quod
1810 1950 1877 2002 de
1906 1948 2047 2004 ctelu
2103 1964 2195 2004 ce-

609 2039 804 2094 ciderit
836 2041 951 2109 ipse
979 2040 1141 2110 ignis,
1173 2039 1347 2106 absit,
1374 2040 1470 2095 sed
1508 2044 1634 2110 quia
1678 2040 1753 2094 ita
1783 2041 1935 2094 ﬁnxit
1970 2042 2193 2111 nequis.

608 2132 800 2196 simus,
826 2139 881 2185 et
905 2132 1032 2201 quia
1058 2132 1233 2201 ipsum
1262 2132 1510 2187 nuntium
1544 2133 1618 2186 ita
1647 2132 1833 2187 docuit
1856 2132 2039 2188 dicere
2079 2149 2194 2188 ma-

607 2222 941 2292 lignissimus
971 2222 1243 2292 diabolus,
1262 2235 1318 2278 ut
1340 2239 1462 2279 eum
1493 2234 1643 2293 putet
1670 2224 1861 2280 beatus
1883 2224 2004 2292 Job,
2037 2235 2196 2295 atque

606 2316 907 2371 arbitretur
934 2317 1080 2385 quod
1116 2314 1184 2368 de
1235 2315 1424 2371 caaloa
1459 2316 1568 2372 Deo
1591 2316 1709 2371 istae
1741 2316 1983 2372 miserias
2004 2317 2053 2371 ei
2084 2318 2197 2371 im-

604 2409 986 2477 pingerentur,
1010 2417 1064 2463 et
1090 2418 1149 2461 ut
1182 2409 1235 2462 iu
1271 2408 1669 2477 blaSphemiam
1699 2407 1793 2463 Dei
1840 2418 2192 2464 convertere-

605 2509 739 2553 tur:
775 2498 921 2569 Ignis
946 2498 1133 2552 cecidit
1152 2498 1218 2552 de
1258 2497 1387 2552 calo
1438 2508 1487 2552 et
1534 2497 1819 2553 combussit
1876 2516 2017 2555 oves.
2075 2500 2191 2557 Non

602 2600 749 2656 sunt,
780 2589 979 2659 inquit,
1024 2598 1252 2645 terrente
1288 2590 1500 2646 insidia:
1534 2592 1639 2647 hoc
1661 2594 1802 2662 quod
1854 2591 2055 2647 factum
2084 2607 2188 2659 est,

601 2698 637 2739 ο
657 2681 781 2745 Job,
804 2682 900 2737 sed
926 2678 1166 2736 etclestis
1195 2692 1278 2736 est
1309 2680 1480 2737 furor.
1522 2681 1642 2737 Non
1666 2693 1752 2738 est
1780 2685 2034 2740 violentia
2079 2687 2192 2742 haec

604 2773 867 2840 humana,
902 2776 998 2829 sed
1022 2773 1282 2829 contritio
1311 2782 1395 2828 est
1425 2773 1629 2828 divina.
1667 2777 1724 2831 Si
1768 2777 1917 2831 enim
1959 2778 2010 2830 in
2038 2778 2192 2832 habi-

605 2865 798 2920 taculis
828 2866 931 2920 hoc
955 2866 1251 2932 evenisset,
1279 2865 1597 2929 crederetur
1628 2868 1773 2937 quod
1817 2867 2004 2925 volens
2041 2872 2187 2939 quis,

601 2958 689 3013 vel
725 2957 914 3013 nolens
946 2959 1090 3013 hunc
1115 2958 1458 3014 succenderit
1488 2959 1687 3029 ignem.
1714 2958 1870 3015 Nunc
1904 2976 2035 3017 vero
2065 2978 2188 3018 cum

603 3051 659 3106 in
690 3049 1006 3115 solitudine,
1044 3050 1245 3120 inquit,
1293 3064 1567 3118 essemus,
1599 3051 1653 3106 iu
1703 3053 1923 3108 modum
1978 3056 2189 3126 sagittae

602 3142 741 3212 ignis
769 3143 836 3197 de
859 3141 999 3197 ctelo
1026 3156 1189 3211 super
1219 3156 1319 3197 nos
1348 3140 1553 3198 effusus
1584 3152 1749 3214 atque
1791 3143 2062 3213 jaculatus
2082 3158 2186 3218 est,

600 3245 661 3289 ut
692 3249 792 3289 nec
823 3234 1094 3303 fugientes
1119 3231 1421 3305 eli‘ugerent
1444 3275 1457 3299 ,
1502 3249 1605 3290 nec
1632 3236 1951 3295 resistentes
1999 3241 2191 3297 evade-

600 3337 741 3382 rent.
779 3325 950 3397 lgnis,
992 3326 1193 3396 inquit,
1230 3326 1418 3381 cecidit
1464 3327 1529 3381 de
1557 3327 1709 3387 caelo.
1737 3328 1853 3384 Non
1919 3333 2188 3401 mentiris,

595 3418 894 3483 odiabole,
931 3422 1075 3488 quod
1131 3417 1275 3489 ignis
1327 3419 1525 3474 cecidit
1580 3420 1647 3475 de
1706 3420 1869 3487 ccelo,
1925 3423 2022 3479 sed
2082 3440 2187 3480 non

595 3525 756 3581 quem
786 3510 929 3566 Deus
963 3511 1226 3575 mitteret,
1270 3511 1365 3567 sed
1400 3526 1560 3581 quem
1608 3521 1665 3568 tu
1727 3514 1931 3569 tinxisti
1990 3516 2043 3569 in
2102 3518 2187 3572 di-

594 3616 783 3658 versas
829 3603 1028 3673 ﬁguras
1079 3604 1420 3658 immutando
1481 3606 1851 3676 temetipsum,
1896 3607 2187 3677 aliquando

593 3694 650 3750 iu
706 3695 1016 3765 praedones,
1068 3694 1359 3765 aliquando
1424 3696 1475 3751 iu
1517 3697 1723 3767 ignem,
1785 3699 2081 3769 aliquando
2133 3701 2185 3756 in

595 3788 698 3844 tria
725 3804 928 3844 cornua
962 3788 1206 3858 equitum
1249 3805 1263 3841 :
1298 3788 1430 3844 item
1460 3803 1593 3846 vero
1622 3790 1674 3845 in
1718 3791 1911 3847 ultimo
1971 3793 2026 3848 in
2074 3795 2188 3865 spi-

594 3881 761 3935 ritum
784 3890 1022 3950 quatuor
1048 3880 1277 3951 angulos
1331 3881 1528 3937 domus
1581 3892 1916 3953 tangentem.
1953 3883 2021 3939 Et
2075 3901 2185 3941 non

592 3980 679 4026 est
706 3971 902 4025 mirum
940 3971 1084 4040 quod
1140 3971 1436 4040 permissus
1484 3974 1536 4027 in
1593 3983 1773 4030 tantas
1834 3976 2038 4046 ﬁguras
2086 3980 2185 4032 im-

593 4064 893 4117 mutaveris
947 4064 1290 4133 temetipsum
1324 4104 1339 4129 ,
1404 4079 1529 4117 cum
1573 4075 1629 4121 et
1676 4082 1862 4123 coram
1920 4070 2035 4138 ipso
2083 4070 2185 4124 Do-

593 4154 742 4210 mino
798 4156 849 4209 in
901 4171 1061 4211 omne
1111 4169 1339 4226 regnum
1387 4156 1538 4211 orbis
1563 4164 1724 4211 terra:
1777 4159 1951 4228 ipsum
1988 4161 2183 4215 immu-

592 4250 759 4304 tando
788 4248 1246 4314 simulaveris,et
1298 4247 1403 4303 hoc
1456 4250 1508 4302 in
1558 4260 1836 4306 momento
1900 4253 2177 4320 temporis,

594 4341 696 4395 hoc
726 4349 830 4407 est,
862 4338 1065 4407 subito,
1099 4348 1321 4409 repente
1356 4348 1523 4409 atque
1568 4340 1838 4396 velociter
1897 4344 2038 4413 ignis
2091 4360 2181 4401 ce-

591 4430 728 4487 cidit
765 4432 830 4486 de
859 4432 1018 4487 cwlo.
1043 4430 1158 4485 Non
1195 4431 1504 4499 mentiaris,
1535 4446 1567 4487 ο
1598 4433 1911 4489 miserrime
1937 4439 2178 4492 omnium

590 4523 859 4581 bonorum
921 4524 1142 4578 inimice
1199 4538 1214 4576 :

589 4617 879 4687 iniquitate
908 4631 1203 4671 succensus
1229 4624 1331 4671 est.
1362 4615 1464 4680 Tu,
1512 4617 1708 4687 inquit,
1741 4634 1819 4683 es,
1863 4634 1897 4674 o
1935 4620 2167 4685 diabole,

588 4708 730 4778 ignis
766 4707 880 4778 ipse
914 4709 1004 4777 qui
1039 4709 1102 4763 de
1129 4706 1269 4763 etelo
1298 4708 1515 4775 cecidit,
1544 4710 1635 4779 qui
1676 4710 1991 4767 innumeros
2048 4712 2172 4781 igne

585 4811 935 4873 peccatorum
964 4801 1241 4856 immundo
1269 4801 1578 4857 snccendis.
1610 4801 1690 4855 Tu
1714 4818 1774 4859 es
1803 4804 1919 4873 ipse
1942 4805 2105 4875 ignis,
2138 4820 2171 4859 ο

587 4894 825 4959 diabole,
845 4894 937 4964 qui
964 4894 1228 4963 gehennae
1254 4893 1363 4963 igni
1387 4894 1650 4963 plurimos
1666 4906 1977 4964 peccatores
2008 4898 2166 4963 facis,

586 4988 672 5042 cui
700 4988 840 5058 ignis
868 4997 923 5040 et
955 4990 1192 5041 tenebrae
1238 4987 1404 5057 digne
1443 4999 1793 5043 reservantur
1838 5005 1948 5059 pl‘IB
1986 4992 2167 5045 omni-

584 5077 709 5135 bus.
742 5079 822 5133 Tu
861 5094 922 5133 es
969 5081 1083 5148 ipse
1108 5080 1265 5149 ignis,
1295 5095 1328 5135 o
1363 5080 1600 5149 diabole,
1635 5083 1729 5152 qui
1760 5099 1882 5138 cum
1916 5086 1980 5140 de
2008 5088 2166 5142 caelis

589 5173 990 5240 descendisses,
1028 5176 1079 5229 in
1136 5174 1314 5227 medio
1370 5175 1632 5228 montium
1678 5177 1958 5244 igneorutu
1992 5181 2168 5250 proje-

589 5276 707 5321 ctus
740 5282 819 5333 es,
854 5268 995 5322 sicut
1030 5267 1222 5322 dicunt
1246 5276 1556 5322 sanctorum
1584 5270 1823 5325 oracula.
1855 5271 1933 5325 Tu
1960 5289 2020 5328 es
2054 5274 2166 5343 ipse

586 5357 751 5428 ignis,
780 5374 940 5428 quem
986 5363 1148 5415 etiam
1175 5360 1288 5431 ipse
1319 5359 1584 5417 Dominus
1619 5362 1849 5433 fulguris
1890 5366 1999 5436 igni
2033 5382 2164 5422 cou-

586 5448 854 5511 sitnilans,
891 5460 1053 5519 atque
1104 5453 1171 5506 de
1232 5450 1373 5506 emlo
1422 5453 1705 5508 cadentem
1758 5460 2159 5524 demonstrans,

585 5541 753 5596 dicit:
790 5540 912 5596 Vidi
963 5542 1219 5599 Satanam
1266 5558 1517 5615 tanquam
1574 5544 1754 5615 fulgur
1787 5548 1853 5601 de
1899 5548 2028 5603 caelo
2078 5566 2164 5604 ca-

581 5635 893 5691 dcntcm"‘.
934 5636 1059 5693 llaec
1112 5638 1367 5693 nimirum
1402 5640 1676 5706 universa,
1706 5641 1856 5708 quia,
1901 5643 2038 5696 ὼχίι
2064 5659 2160 5696 nc-

656 5818 701 5849 ²³
732 5815 867 5873 Gen.
898 5831 1008 5879 nx,
1044 5816 1134 5869 ει.
1212 5817 1278 5847 ’³⁵
1319 5817 1446 5873 Luc.
1480 5833 1530 5883 ι,
1558 5816 1646 5873 18.
1723 5818 1765 5849 ’⁸
1802 5816 1958 5882 Jobt,
1997 5818 2080 5873 Π.

2314 572 2497 639 ignem
2545 570 2812 641 gehennae
2857 584 2953 638 per
3005 570 3124 625 haec
3161 571 3452 628 ostendens
3498 577 3709 636 ruinam.
3745 582 3836 640 Sed

2311 660 2493 715 adhuc
2522 660 2789 715 adversus
2825 660 3026 715 diaboli
3073 662 3384 731 superbiam
3416 678 3579 732 pauca
3608 669 3835 736 dicamus.

2311 751 2666 820 Superbiens,
2709 765 2743 807 o
2801 752 3041 818 diabole,
3081 752 3218 810 dicis
3264 754 3407 824 quod
3454 756 3587 827 ignis
3633 761 3693 816 de
3723 767 3839 822 caelo

2309 843 2593 911 ceciderit,
2626 854 2681 898 et
2708 858 2840 899 oves
2862 846 3242 913 combusserit,
3274 856 3458 915 utpote
3488 859 3573 903 tua
3600 852 3841 916 voluntate

2308 947 2475 1006 atque
2506 938 2843 1006 operatione.
2869 939 2970 993 Dic
2989 953 3141 1009 ergo,
3174 954 3206 995 ο
3241 939 3451 1008 infelix,
3492 943 3535 998 si
3566 960 3837 1015 superoves

2305 1029 2407 1085 Job
2440 1029 2667 1099 potuisti
2695 1033 2761 1087 de
2791 1030 2931 1087 etnlo
2965 1030 3142 1101 ignem
3188 1032 3480 1100 adducere,
3519 1047 3568 1089 et
3598 1052 3685 1094 eas
3718 1056 3840 1097 com-

2305 1106 2528 1178 burere.
2571 1122 2706 1178 Cum
2768 1123 2913 1179 Elias
2967 1120 3135 1179 Deum
3166 1124 3466 1190 invocaret,
3497 1138 3550 1181 et
3582 1144 3671 1196 per
3694 1134 3840 1188 since-

2306 1228 2421 1268 ram
2449 1214 2751 1269 orationem
2799 1213 2978 1283 ignem
3016 1228 3182 1284 super
3236 1214 3605 1271 holocaustum
3640 1222 3700 1274 de
3727 1227 3841 1279 cmio

2303 1305 2624 1369 adduceret,
2654 1314 2733 1373 tu,
2764 1320 2798 1360 ο
2823 1306 3134 1360 miserrime
3183 1307 3431 1360 omnium
3469 1306 3715 1366 bonorum
3756 1316 3841 1370 ini-

2304 1399 2468 1468 mice,
2494 1397 2767 1468 quomodo
2802 1411 2909 1452 non
2944 1398 3174 1467 potuisti
3209 1412 3577 1468 compescere,
3607 1404 3681 1458 vel
3711 1422 3841 1461 revo-

2302 1503 2431 1545 care
2456 1488 2605 1542 illum
2642 1488 2844 1559 ignem,
2881 1487 2969 1542 vel
3002 1487 3153 1542 illum
3184 1503 3345 1557 quem
3380 1489 3517 1545 idem
3550 1492 3679 1549 Elius
3706 1512 3843 1568 super

2303 1580 2441 1636 duos
2467 1579 2973 1650 quinquagenarios
3004 1580 3070 1634 de
3120 1581 3263 1634 ctelo
3292 1580 3602 1638 advocavit?
3631 1586 3843 1642 Fuerunt

2304 1686 2540 1741 namque
2599 1671 2673 1725 illi
2725 1672 3185 1742 quinquagenarii
3248 1673 3369 1744 ejus
3429 1677 3669 1744 ministri,
3701 1692 3843 1750 atque

2304 1762 2561 1832 nequitiae
2594 1762 2711 1830 ejus
2745 1763 2947 1818 nuntii.
2985 1762 3092 1819 Sed
3134 1773 3189 1819 et
3230 1765 3349 1821 haec
3378 1767 3617 1824 universa
3639 1771 3845 1826 diximus

2231 1834 2400 1928 npro
2455 1857 2831 1925 increpatione
2895 1856 3143 1924 diaboli,
3199 1870 3375 1928 atque
3434 1863 3844 1920 condemnationc

2300 1946 2543 2017 maligni.
2579 1946 2775 2001 Beatus
2814 1955 2998 2001 autem
3027 1944 3132 2002 Job
3175 1948 3312 2017 quid
3341 1953 3665 2020 responderit
3689 1954 3845 2008 audia-

2300 2054 2447 2103 mus,
2472 2038 2745 2108 quomodo
2763 2038 3153 2093 comminuerit
3187 2040 3489 2094 secundam
3519 2040 3702 2097 furoris
3723 2044 3842 2099 illius

2297 2130 2573 2199 sagittam,
2612 2127 2883 2196 quomodo
2912 2127 3194 2184 transierit
3224 2128 3403 2199 iniqui
3439 2130 3578 2185 illius
3622 2136 3840 2201 impetum

2296 2229 2417 2290 post
2457 2221 2691 2288 priorem
2754 2219 2982 2273 alterum
3052 2235 3146 2290 per
3219 2221 3526 2277 tolerantiae
3591 2222 3839 2292 allectum,

2295 2313 2747 2381 quemadmodum
2774 2321 2828 2366 et
2855 2321 3048 2367 caetera
3096 2313 3376 2368 universa.
3403 2314 3686 2384 Respondit
3717 2331 3841 2368 nam-

2295 2418 2400 2473 que
2428 2404 2475 2457 ei
2502 2404 2592 2473 qui
2635 2411 2853 2457 venerat
2881 2404 3066 2459 dicens
3096 2420 3110 2457 :
3144 2404 3207 2459 Et
3233 2406 3364 2475 quis
3399 2420 3484 2460 me
3512 2407 3609 2460 crit
3630 2406 3795 2477 major,
3815 2422 3842 2459 ο

2299 2496 2485 2560 Ιιοιιιο,
2512 2494 2597 2550 vel
2645 2495 2769 2565 quis
2803 2510 2890 2551 me
2923 2495 3230 2564 gloriosior,
3273 2513 3310 2551 o
3335 2498 3457 2552 vir?
3493 2497 3548 2552 Si
3589 2498 3749 2569 itaque
3776 2508 3843 2553 est

2298 2601 2426 2641 vere
2474 2590 2619 2657 quod
2675 2588 2815 2658 ignis
2863 2588 3090 2644 veniens
3142 2589 3208 2643 de
3252 2589 3402 2644 coelo
3453 2606 3637 2646 omnes
3682 2607 3841 2662 greges

2298 2692 2449 2732 meos
2493 2680 2895 2750 consumpserit
2933 2680 3101 2747 illico,
3156 2682 3372 2751 gratias
3414 2683 3488 2735 illi
3536 2684 3624 2754 qui
3669 2685 3842 2753 pariter

2299 2784 2490 2824 omnes
2523 2784 2653 2824 oves
2685 2786 2836 2825 meas
2885 2772 3136 2841 protinus
3180 2774 3233 2827 in
3271 2774 3604 2844 acceptabile
3638 2775 3841 2843 suscepit

2297 2862 2700 2919 holocaustum.
2748 2861 2883 2918 Nam
2915 2879 3049 2945 qua:
3097 2880 3217 2934 ego,
3283 2866 3485 2937 inquit,
3523 2883 3614 2938 per
3658 2867 3839 2938 singula

2295 2968 2534 3025 tempora
2559 2955 2847 3011 oblaturus
2875 2971 3050 3024 eram,
3086 2958 3201 3013 haec
3234 2959 3499 3016 videlicet
3520 2960 3673 3031 elegit
3698 2960 3837 3026 Deus,

2292 3057 2351 3102 ut
2378 3049 2567 3103 statim
2598 3049 2809 3118 pariter
2841 3048 2894 3103 in
2932 3064 3043 3105 uno
3076 3051 3390 3120 susciperet
3445 3054 3738 3108 holocausta
3762 3069 3841 3123 per

2294 3140 2471 3209 ignem
2505 3140 2595 3209 qui
2626 3140 2694 3194 de
2732 3140 2874 3195 coelo
2909 3141 3106 3197 missus
3131 3152 3236 3197 est.
3270 3142 3469 3199 Omnis
3508 3160 3724 3215 namque
3760 3162 3840 3199 ac-

2293 3233 2581 3304 ceptabilis
2630 3233 2833 3303 hostia,
2893 3249 2990 3306 per
3040 3235 3219 3308 ignem
3277 3237 3375 3307 qui
3431 3238 3655 3308 desuper
3704 3236 3839 3292 fuerit

2294 3330 2493 3386 missus
2530 3330 2831 3402 suscipitur
2889 3340 3055 3403 atque
3115 3335 3487 3390 consumitur.
3534 3334 3679 3401 Quod
3718 3334 3839 3389 enim

2293 3421 2529 3490 plurimo
2576 3432 2823 3493 tempore
2853 3437 3006 3479 eram
3054 3424 3324 3492 facturus,
3358 3427 3460 3481 hoc
3494 3427 3730 3480 nimirum
3763 3439 3833 3477 ac-

2290 3513 2535 3569 celerans
2570 3528 2678 3569 uno
2735 3526 2980 3585 tempore
3028 3518 3266 3587 suscepit
3317 3519 3479 3574 Deus.
3517 3518 3580 3573 Et
3615 3519 3726 3586 quis
3770 3530 3839 3569 Ille

2293 3607 2501 3662 beatior
2552 3608 2655 3664 sub
2711 3606 2898 3663 cado?
2940 3609 3079 3663 Ante
3129 3608 3437 3678 paululum,
3492 3611 3677 3679 inquit,
3727 3607 3838 3677 juga

2288 3699 2452 3755 boum
2487 3701 2741 3757 universa
2780 3701 3028 3770 protinus
3083 3701 3217 3755 mihi
3261 3712 3526 3761 mactata.
3568 3702 3691 3757 Item
3720 3712 3841 3755 nunc

2287 3811 2482 3868 greges
2504 3797 2687 3852 ovium
2715 3811 2906 3853 omnes
2944 3799 3149 3867 pariter
3174 3799 3457 3855 combussi
3495 3807 3549 3854 et
3574 3795 3837 3853 immolavi.

2287 3888 2354 3943 Et
2386 3889 2520 3953 hinc,
2588 3889 2788 3958 inquit,
2850 3888 2962 3943 Deo
3008 3889 3245 3959 eligente
3297 3890 3493 3946 obtuli.
3524 3890 3628 3946 Sed
3686 3888 3841 3943 adhuc

2286 3986 2583 4049 supersunt
2611 3978 2828 4046 cameli,
2870 3980 2962 4048 qui
3001 3978 3133 4034 mihi
3171 3981 3236 4034 ad
3280 3982 3696 4036 transactionem
3731 3991 3840 4049 pro-

2287 4071 2492 4137 liciant,
2524 4079 2693 4139 atque
2721 4070 2774 4123 iu
2807 4070 2931 4124 vita:
2956 4071 3415 4127 sustentationem
3442 4072 3719 4127 suﬂiciaut.
3746 4072 3839 4123 Sed

2283 4177 2407 4217 cum
2452 4163 2567 4218 hac
2615 4163 2883 4231 cogitaret
2910 4169 2966 4217 et
2992 4161 3315 4231 loqueretur
3361 4163 3487 4229 Job,
3520 4175 3679 4233 atque
3727 4174 3833 4213 cum

2283 4254 2542 4323 patientia
2599 4253 2969 4309 intolerabiles
3030 4254 3127 4309 bas
3184 4257 3489 4311 sustineret
3545 4257 3737 4326 plagas,
3791 4261 3838 4303 et

2285 4346 2593 4401 nullatenus
2615 4346 2997 4401 succumberet
3030 4347 3252 4415 maligni
3281 4348 3688 4411 teutationibus,
3715 4344 3838 4398 alius

2285 4439 2505 4494 rutulius
2532 4441 2677 4495 venit
2710 4443 2777 4497 ad
2804 4440 2927 4509 Job,
2955 4453 3009 4497 et
3029 4441 3165 4497 dixit
3192 4442 3259 4497 ad
3296 4458 3421 4497 eum
3450 4457 3464 4495 :
3498 4442 3725 4496 inaniter
3754 4436 3834 4489 tibi

1288 4539 1393 4578 non
1435 4539 1463 4576 a
1529 4525 1640 4578 Deo
1698 4526 1919 4591 missus,
1951 4528 2042 4582 sed
2088 4538 2174 4582 tua
2214 4538 2253 4591 [)
2286 4532 2571 4597 blandiris,
2597 4548 2628 4587 ο
2656 4532 2778 4599 Job,
2812 4535 2959 4603 quod
2994 4534 3232 4589 camelos
3262 4549 3364 4603 pro
3408 4536 3533 4588 vita:
3587 4539 3837 4587 sustenta-

2284 4626 2427 4677 tiuue
2458 4625 2679 4690 habeas,
2708 4636 2764 4681 et
2797 4628 2939 4697 quod
2983 4628 3037 4681 in
3079 4643 3174 4696 spe
3211 4627 3601 4683 transactionis
3635 4623 3726 4678 tibi
3755 4637 3835 4675 su-

2282 4717 2534 4784 persint:
2568 4716 2785 4789 Equites
2819 4720 2963 4775 enim
3000 4720 3234 4787 fecerunt
3281 4738 3479 4775 cornua
3510 4721 3633 4786 tria,
3667 4728 3711 4771 et
3745 4718 3833 4770 cir-

2280 4808 2659 4864 cumdederunt
2694 4810 2943 4877 camelos,
2981 4821 3029 4865 et
3067 4812 3292 4880 prwdati
3341 4824 3462 4867 sum
3495 4825 3624 4865 eos:
3655 4818 3701 4862 et
3741 4820 3831 4858 non

2278 4901 2449 4953 solum
2476 4901 2594 4967 hoc,
2631 4905 2720 4957 sed
2760 4914 2807 4958 et
2832 4919 3024 4973 pueros
3055 4907 3359 4958 occiderunt
3400 4906 3453 4957 in
3477 4920 3565 4957 ore
3589 4900 3766 4972 gladii,
3792 4914 3833 4955 et

2276 4992 2415 5044 eritsi
2447 5008 2541 5062 ego
2576 4994 2740 5059 solus,
2782 5006 2828 5047 et
2858 4996 2970 5048 veni
2998 5006 3049 5048 ut
3075 4998 3371 5049 nuntiarem
3396 4997 3490 5048 tibi
3512 4996 3574 5047 υ.
3594 4995 3830 5062 Propter-

2275 5100 2361 5147 ea,
2408 5085 2604 5155 inquit,
2637 5087 2783 5141 evasi
2810 5102 2909 5155 ego
2934 5087 3082 5143 SOlus
3113 5100 3274 5159 atque
3307 5091 3497 5156 restiti,
3530 5098 3583 5143 ut
3622 5088 3671 5142 id
3705 5085 3833 5156 quod

2272 5179 2521 5247 contigit,
2563 5182 2846 5250 cognitum
2878 5181 3115 5236 facerem
3143 5184 3261 5249 tibi,
3293 5193 3350 5237 et
3374 5193 3431 5236 ut
3464 5183 3603 5250 quod
3638 5188 3830 5251 gestum

2270 5284 2357 5328 est
2399 5276 2493 5329 tibi
2524 5276 3088 5345 enarraremiBoves,
3133 5279 3332 5348 inquit,
3358 5289 3414 5334 et
3453 5277 3633 5331 asinas
3660 5271 3829 5344 perdi-

2270 5366 2625 5433 disti,oJob,
2680 5383 2876 5439 greges
2927 5372 3107 5425 ovium
3162 5387 3374 5426 tuarum
3429 5370 3640 5425 etelitus
3687 5379 3829 5421 com-

2270 5459 2414 5513 busti
2451 5468 2598 5526 sunt,
2634 5473 2762 5515 ecce
2787 5469 2842 5516 et
2870 5478 3015 5517 nunc
3062 5473 3185 5533 post
3219 5464 3307 5518 illa
3339 5465 3518 5520 omnia
3554 5457 3828 5515 novissima

2273 5552 2661 5608 trausactiouis
2701 5568 2850 5623 spes,
2881 5556 3076 5611 cameli
3111 5556 3279 5611 ablati
3322 5567 3449 5612 sunt
3482 5554 3598 5608 tibi.
3639 5549 3825 5609 Prima,

2272 5648 2474 5716 inquit,
2502 5648 2663 5719 plaga
2692 5666 2787 5720 per
2814 5652 3115 5720 praedones,
3150 5654 3385 5709 secunda
3421 5665 3516 5719 per
3546 5649 3713 5717 ignem
3740 5650 3821 5712 qui
