3992 6312
206 354 299 411 495

1322 322 1711 407 ANONYMUS
1748 343 1814 398 iN
1854 336 1994 400 ποθ.
2038 379 2107 390 -
2144 328 2275 405 Lm.
2318 352 2356 405 ι.

3357 348 3462 411 428

205 483 267 533 de
290 474 429 529 00310
461 474 688 536 cecidit.
718 486 827 529 non
874 472 1015 539 quod
1047 483 1114 527 ae
1149 470 1289 527 celo
1316 472 1411 527 hic
1440 471 1582 543 ignis
1627 471 1766 524 ceei-
1804 472 1848 528 Α
1882 474 2238 543 unusquisque
2271 476 2339 530 ad
2369 491 2588 533 uxorem
2630 478 2858 547 proximi
2920 481 3003 533 sui
3054 480 3362 537 hinniebant
3389 483 3456 536 ’⁷.

204 571 350 632 derit,
403 569 500 623 sed
548 572 672 639 quia
718 571 789 625 ita
844 568 1081 627 tinxerit.
1153 579 1318 636 atque
1366 567 1437 619 ita
1509 565 1797 635 malignus.

201 662 461 725 docuerit,
484 670 544 715 ut
575 663 737 718 Deum
763 663 907 717 circa
939 660 1041 716 Joh
1072 668 1377 725 accusaret,
1405 657 1583 714 eNob
1606 658 1772 713 Deum

200 757 574 826 biasphemare
599 756 969 826 compelleret.
990 750 1173 810 Tertia
1201 771 1332 827 ergo
1357 771 1454 825 per
1484 756 1586 810 tria
1621 757 1776 827 equi-

202 861 312 904 tum
342 862 575 913 cornua,
603 849 691 919 qui
727 848 968 903 camelos
1008 848 1409 902 circumdantes
1439 848 1775 903 extermina-

201 952 419 996 verunt.
460 928 639 996 Prima
666 957 796 1013 ergo
822 957 918 1011 per
946 942 1227 1011 praedones
1252 941 1439 1010 praeui
1473 942 1642 996 dubio
1670 957 1770 1010 ρεα-

192 1035 427 1097 destres,
463 1035 696 1090 secunda
740 1050 836 1105 per
862 1036 1038 1105 ignem
1072 1036 1307 1103 desuper
1328 1036 1763 1101 comburentem,

197 1126 357 1181 tertia
388 1142 485 1196 per
509 1126 755 1196 equitum
825 1129 929 1182 tria
967 1144 1172 1184 cornua
1205 1128 1297 1198 qui
1328 1128 1569 1183 camelos
1613 1143 1770 1198 pra:—

188 1218 298 1272 dali
335 1228 484 1272 sont.
525 1216 715 1273 Omnia
743 1256 759 1284 ,
803 1218 1013 1288 inquit,
1062 1219 1176 1274 hac
1218 1222 1406 1290 jacens
1435 1218 1762 1278 sustinebis,

182 1308 327 1367 Joh?
350 1310 545 1367 Omnia
596 1311 714 1367 haec
764 1311 1043 1380 patienter
1096 1312 1461 1382 supportabis,
1503 1325 1535 1365 ο
1568 1309 1766 1365 homo?

182 1404 417 1468 Ctelum,
449 1405 643 1476 inquit,
675 1414 730 1461 et
754 1415 899 1460 terra
926 1405 1214 1460 adversum
1244 1413 1296 1460 te
1328 1405 1763 1468 insurrexerunt,

180 1505 228 1550 et
264 1495 442 1551 siles?
490 1495 572 1550 Ad
622 1496 987 1552 dimicandum
1042 1507 1235 1552 contra
1288 1506 1340 1551 te
1382 1492 1477 1551 Dei
1531 1497 1764 1566 imperio

179 1598 388 1641 armata
422 1598 568 1652 sunt,
599 1596 653 1643 et
686 1578 869 1644 taces?
896 1588 1064 1655 Alter,
1102 1590 1301 1659 inquit,
1334 1589 1553 1642 nuntius
1604 1590 1742 1643 venit

174 1676 399 1742 adlati,
434 1679 593 1745 alter,
628 1690 754 1748 post
791 1679 1047 1750 primum,
1083 1692 1309 1734 numero
1336 1685 1477 1733 vero
1510 1679 1706 1733 tertius
1741 1694 1756 1731 :

172 1773 321 1827 alter
353 1774 409 1826 in
460 1773 731 1839 nequitia,
763 1772 957 1827 tertius
1004 1778 1135 1828 vero
1172 1773 1226 1828 in
1258 1772 1635 1828 enuntiatione
1672 1772 1766 1827 mi-

1886 564 1977 618 lsti
2017 580 2148 636 ergo
2181 569 2316 622 tales
2355 577 2479 622 sunt
2511 569 2635 638 equi
2668 570 2886 635 diaboli,
2917 572 3003 627 isti
3035 584 3163 627 sunt
3186 573 3311 644 equi
3343 590 3459 627 ma-

1885 657 2033 726 ligni,
2056 669 2111 714 et
2147 660 2235 715 isti
2262 676 2451 716 omnes
2483 664 2572 733 qui
2603 662 2843 733 ejusdem
2876 667 3126 720 serviunt
3155 666 3456 734 iniquitati,

1885 751 1970 805 isti
1998 767 2225 822 quorum
2268 755 2429 822 pedes
2460 755 2512 809 in
2556 756 2935 825 iniquitatibus
2977 767 3225 815 currunt.
3265 758 3459 831 Hujus-

1882 844 2025 898 modi
2052 852 2285 916 namque
2311 861 2573 916 equorum
2607 848 2771 915 pedes
2795 847 3008 911 veloces
3031 859 3156 905 sunt
3191 851 3256 903 ad
3286 849 3460 906 ellua-

1879 935 2116 991 dendum
2146 938 2487 1008 sanguinem.
2518 936 2741 1008 Equites
2770 948 2897 994 sunt
2923 942 3232 1010 nequissimi
3257 943 3457 997 dazmo-

1876 1040 1975 1085 nes
2038 1039 2203 1101 atque
2253 1031 2396 1087 aerei
2446 1032 2697 1102 spiritus.
2754 1029 2901 1088 Talis
2957 1036 3099 1088 enim
3156 1050 3326 1104 equus
3356 1036 3457 1091 fuit

1882 1122 2011 1179 olim
2053 1122 2574 1191 Nabuchodonosor,
2599 1129 2692 1182 sed
2729 1143 2833 1185 non
2859 1127 3083 1198 jugiter,
3119 1130 3213 1183 sed
3250 1139 3453 1198 septem

1874 1217 2036 1273 annis
2095 1227 2326 1284 tantum,
2357 1218 2555 1287 quibus
2589 1234 2618 1272 a
2654 1218 3006 1289 aequissimis
3059 1218 3352 1289 equilibus,
3404 1221 3453 1273 id

1874 1318 1957 1364 est
1983 1308 2344 1373 «immanibus,
2398 1309 2764 1378 imparcenter
2812 1320 2895 1365 est
2950 1310 3277 1381 exagitatus.
3312 1310 3455 1365 Talis

1874 1417 2044 1471 equus
2073 1398 2173 1457 l'uit
2197 1414 2251 1458 et
2281 1402 2373 1457 ille
2406 1404 2495 1472 qui
2526 1404 2580 1457 in
2616 1400 2928 1474 Evangeliis
2958 1420 2988 1458 a
3022 1404 3234 1474 legione
3259 1404 3456 1460 simili-

1876 1503 1959 1549 ter
1994 1510 2093 1565 per
2116 1496 2331 1551 deserta
2375 1506 2430 1552 et
2459 1511 2556 1565 per
2588 1508 2801 1553 montes
2828 1498 3129 1566 urgebatur
3159 1498 3333 1554 donec
3358 1514 3454 1555 ve-

1874 1583 2032 1639 niens
2082 1584 2344 1639 Dominus
2391 1585 2511 1640 illos
2546 1586 2763 1655 quidem
2807 1585 2979 1642 malos
3017 1587 3248 1657 equites,
3290 1588 3341 1642 id
3371 1598 3457 1645 est

1874 1677 2172 1743 dazmones,
2202 1674 2482 1747 eﬂ'ugavit,
2531 1688 2587 1732 et
2639 1679 2787 1733 illum
2864 1681 3123 1735 miserum
3181 1680 3449 1737 liberavit.

1871 1767 2089 1838 Aliique
2126 1769 2396 1823 innumeri
2450 1786 2477 1823 a
2533 1770 2752 1837 sreculo,
2786 1771 2875 1826 alii
2923 1782 3135 1842 aperte,
3193 1773 3283 1828 alii
3323 1789 3457 1831 vero

169 1865 359 1921 seriae.
392 1859 532 1921 Istos
570 1879 807 1934 namque
837 1864 1202 1932 nequissimos
1248 1864 1470 1919 nuntios
1514 1865 1765 1919 miseria-
1798 1838 1839 1892 Β
1867 1861 2099 1923 occulte,
2152 1861 2366 1917 diverse
2413 1875 2477 1918 ac
2531 1861 2681 1918 varie
2729 1838 3035 1920 daemonum
3087 1864 3211 1935 equi
3268 1865 3448 1923 eli'ccti

173 1970 299 2010 rum
328 1958 746 2013 ahnuntiatores
767 1964 931 2027 atque
958 1957 1223 2011 malorum
1252 1961 1616 2027 sugge’stores,
1649 1968 1767 2012 tan-

169 2060 342 2118 quam
374 2050 535 2103 bonze
557 2048 958 2117 praedicationis
988 2049 1234 2112 nuntios,
1256 2045 1510 2102 mittebat
1544 2048 1767 2118 nequis-

166 2141 377 2198 simos.
425 2138 575 2207 Quos
615 2141 778 2195 etiam
832 2140 952 2194 ideo
1007 2148 1304 2209 superesse
1355 2138 1505 2204 fecit,
1542 2151 1601 2194 ut
1650 2138 1768 2209 ejus

167 2234 394 2288 malitia
434 2233 569 2288 huic
615 2231 962 2287 miseriarum
1002 2222 1403 2287 denunti'ationi
1440 2233 1763 2289 deserviret.

161 2316 297 2375 Non
334 2320 483 2375 enim
513 2319 687 2390 angeli
720 2318 959 2384 fuerunt,
993 2319 1135 2374 sicut
1159 2312 1382 2389 quidam
1406 2322 1763 2391 arbitrantur,

163 2427 357 2482 neque
384 2413 661 2483 spiritales
691 2414 986 2477 daemones,
1010 2413 1109 2469 sed
1151 2414 1401 2469 homines
1441 2414 1662 2484 quidam
1696 2420 1762 2472 ex

167 2504 398 2559 famulis
434 2497 557 2571 Job,
590 2506 898 2561 conservati
944 2506 1014 2561 ab
1052 2505 1385 2570 adversario,
1424 2515 1593 2576 atque
1636 2522 1764 2563 suc-

166 2597 321 2655 censi
358 2604 387 2651 a
431 2596 650 2653 diabolo
679 2597 746 2652 ad
778 2597 1003 2652 dicenda
1046 2598 1227 2651 omnia
1256 2612 1322 2652 ac
1363 2597 1631 2664 facienda,
1667 2609 1766 2668 per

166 2706 290 2761 quae
324 2700 555 2761 possent
596 2689 698 2747 Job
738 2692 1067 2747 subvertere
1105 2692 1173 2745 ad
1211 2688 1306 2746 Dei
1340 2690 1761 2761 blasphemiam.

166 2782 398 2840 Tertius
433 2794 565 2855 ergo
604 2782 696 2839 hic
741 2784 966 2839 nuntius
999 2783 1149 2839 venit
1194 2784 1264 2839 ad
1300 2778 1421 2846 Job,
1468 2793 1525 2840 et
1570 2784 1763 2840 tertius

168 2876 379 2932 doloris
400 2892 579 2947 prmco
602 2876 674 2932 illi
698 2877 947 2941 eﬂectus,
965 2877 1160 2932 tertius
1179 2878 1525 2943 memoravit,
1540 2877 1724 2932 dicens
1746 2896 1759 2932 :

173 2970 396 3041 Equites
428 2972 663 3038 fecerunt
702 2973 807 3025 tria
849 2987 1074 3026 cornua.
1104 2970 1205 3038 Qui
1235 2971 1471 3041 equites,
1497 2984 1532 3025 o
1562 2962 1764 3025 homo?

170 3057 422 3115 Mentiris
438 3062 600 3116 etiam
630 3062 752 3117 istic
774 3072 828 3117 et
875 3062 929 3117 in
977 3062 1190 3127 ovibus,
1222 3077 1343 3116 cum
1372 3060 1586 3117 diceres
1619 3059 1763 3134 quod

1867 1964 1997 2009 sunt
2030 1973 2043 2009 :
2072 1956 2274 2024 quibus
2309 1956 2582 2011 universis
2610 1971 2734 2019 eum
2756 1967 2941 2014 essent
2985 1958 3243 2014 immundi
3284 1969 3450 2030 atque

1867 2046 2257 2111 exsecrabiies,
2285 2047 2337 2101 in
2364 2048 2522 2102 malis
2552 2047 2630 2101 usi
2660 2049 2885 2105 sunteis
2914 2051 3227 2120 nequissimi
3252 2051 3449 2106 diemos

1866 2148 1988 2198 nes,
2018 2133 2142 2190 aliis
2170 2149 2304 2189 sane
2332 2134 2401 2190 ad
2434 2137 2781 2193 velocitatem
2824 2138 3100 2195 homicidii
3136 2151 3193 2196 et
3223 2142 3447 2213 sangui-

1868 2226 1975 2293 nis,
2004 2226 2395 2285 devastationis
2420 2244 2639 2300 quoque
2668 2239 2836 2301 atque
2887 2233 3208 2302 nequissimi
3241 2234 3446 2299 livoris,

1866 2327 1921 2373 et
1945 2319 2186 2377 omnium
2221 2322 2343 2391 qua!
2368 2320 2623 2378 voluntas
2662 2322 2862 2379 diaboli
2895 2333 3061 2395 atque
3091 2340 3228 2396 opus
3259 2328 3447 2400 exige-

1867 2409 1978 2466 bat.
2010 2412 2089 2469 De
2128 2412 2249 2469 istis
2277 2428 2408 2484 ergo
2436 2414 2715 2483 equitibus
2752 2409 2885 2471 dicit
2930 2416 3050 2473 istic
3081 2435 3094 2470 :
3123 2417 3342 2487 Eouites
3376 2422 3449 2490 fe-

1862 2514 2047 2559 cerunt
2105 2507 2210 2559 tria
2263 2520 2464 2561 cornua
2488 2518 2574 2561 :et
2598 2509 3071 2566 circumdederunt
3098 2514 3348 2571 camelos.
3378 2515 3449 2571 Et

1862 2610 1966 2652 cur
1994 2596 2096 2652 tria
2125 2612 2353 2664 cornua,
2382 2608 2439 2654 et
2465 2614 2571 2655 non
2596 2602 2877 2670 quatuor?
2902 2602 2983 2659 Ob
3012 2603 3115 2660 hoc
3150 2608 3276 2677 quia
3309 2621 3449 2678 quad

1867 2696 1991 2743 tuor
2018 2690 2328 2744 reservavit
2373 2706 2473 2761 pro
2507 2703 2746 2760 quatuor
2790 2694 2983 2751 domus
3029 2698 3243 2767 angulis
3275 2700 3341 2755 ad
3364 2700 3450 2757 ins

1866 2779 2214 2837 teriiciendos
2251 2782 2373 2854 ejus
2412 2783 2569 2839 ﬁlios.
2601 2784 2682 2840 0b
2716 2785 2821 2841 hoc
2869 2802 2999 2857 ergo
3061 2804 3167 2844 non
3211 2802 3448 2862 quatuor

1864 2873 1961 2931 sed
1992 2873 2096 2928 tria
2128 2888 2339 2931 cornua
2374 2876 2639 2941 fecerunt,
2665 2874 2769 2934 hoc
2798 2889 2875 2933 est
2913 2878 3211 2949 tinxerunt,
3264 2887 3446 2943 consi‘

1866 2969 2231 3037 miliaverunt,
2271 2982 2644 3038 armaverunt,
2692 2983 2877 3045 utpote
2925 2977 3137 3046 equites
3166 2978 3321 3047 equis
3364 2995 3445 3035 se-

1862 3062 2097 3129 dentes,
2156 3074 2319 3134 atque
2370 3066 2683 3122 universam
2729 3077 3066 3123 armaturam
3122 3068 3389 3127 habentes
3418 3113 3434 3135 ,

170 3154 310 3222 ignis
347 3154 635 3210 cecidisset
671 3157 736 3210 de
777 3154 940 3219 cuilo,
965 3156 1216 3224 quinimo
1270 3156 1535 3209 mentitur
1566 3154 1751 3209 diabo-
1784 3184 1828 3244 α
1868 3155 2118 3211 timorem
2171 3158 2548 3223 ostendentes,
2576 3167 2743 3229 atque
2791 3159 3164 3215 fortitudinem
3214 3162 3444 3220 demens

171 3242 249 3298 Ius
285 3244 390 3311 qui
430 3243 485 3299 in
526 3254 579 3298 te
609 3244 871 3312 loquitur.
918 3242 1055 3309 Illic,
1092 3244 1287 3313 inquit,
1320 3258 1353 3298 ο
1404 3243 1757 3299 callidissime

169 3335 643 3404 Satana,voluisti
688 3336 857 3391 Deum
905 3338 1229 3409 depravare,
1258 3338 1419 3407 quasi
1462 3338 1646 3408 ignem
1688 3341 1756 3392 de

169 3429 307 3486 coelo
347 3437 512 3501 super
545 3445 677 3484 oves
712 3430 1019 3485 mittentem
1054 3430 1185 3485 :hic
1216 3443 1347 3486 vero
1386 3430 1468 3485 vis
1508 3430 1756 3485 homines

170 3525 430 3579 incusare
458 3523 611 3593 quasi
641 3523 928 3578 adversum
958 3520 1058 3579 Job
1078 3522 1484 3578 insurrexerint
1523 3521 1714 3577 illicite
1742 3536 1755 3573 :

171 3627 222 3670 ut
249 3618 410 3674 circa
458 3626 755 3686 utrumque
790 3615 893 3672 Job
924 3617 1108 3671 odium
1148 3616 1481 3685 acquireret,
1514 3625 1571 3670 et
1610 3619 1756 3669 circa

170 3710 342 3767 Deum
389 3708 825 3781 blasphemiam,
855 3718 909 3763 et
954 3708 1102 3764 circa
1148 3709 1399 3764 homines
1439 3708 1660 3775 bellum,
1691 3718 1758 3765 ex

169 3805 370 3872 quibus
402 3812 652 3858 neutrum
689 3800 762 3856 illi
792 3802 1020 3857 credere
1050 3800 1318 3871 acquievit
1359 3801 1757 3856 constantissi-

170 3910 279 3951 mus
322 3894 447 3951 Joh.
502 3896 610 3951 Sed
658 3895 834 3951 adhuc
891 3896 1109 3966 equites,
1151 3895 1348 3964 inquit,
1376 3895 1616 3965 fecerunt
1655 3892 1757 3949 sibi

170 3989 264 4042 tria
307 4003 537 4044 cornua.
562 3986 665 4054 Qui
688 3987 921 4058 equites,
945 4003 979 4043 ο
1006 3989 1207 4044 homo?
1226 3988 1362 4044 Nam
1390 3987 1483 4067 illo
1509 3997 1758 4058 tempore

174 4094 268 4135 non
298 4091 470 4137 erant
491 4081 702 4151 equites
732 4081 950 4152 plurimi
978 4082 1119 4138 inter
1143 4083 1412 4149 homines,
1441 4083 1535 4138 sed
1565 4092 1755 4153 quam-

174 4172 393 4240 plurimi
443 4173 723 4229 hominum
758 4174 1060 4244 pedestres,
1086 4175 1349 4230 adversus
1384 4175 1615 4230 invicem
1639 4173 1756 4229 bel-

172 4263 270 4318 lum
316 4266 605 4336 gerebant.
660 4265 762 4332 Qui
809 4279 942 4336 ergo
992 4264 1215 4321 fuerunt
1273 4266 1487 4335 equites
1516 4267 1609 4336 qui
1647 4265 1751 4320 tria

173 4372 374 4413 cornua
411 4358 516 4415 sibi
564 4356 833 4424 iecerunt,
862 4360 965 4414 hoc
1003 4369 1107 4427 est,
1133 4360 1223 4430 qui
1258 4359 1458 4429 triplici
1501 4358 1661 4414 modo
1692 4374 1754 4415 se

174 4460 545 4514 armaverunt,
571 4450 661 4522 qui
692 4451 886 4523 triplici
918 4451 1106 4520 praeiio
1139 4452 1618 4507 circumdederunt
1640 4454 1751 4519 ica-

1863 3256 2104 3303 strantes
2137 3267 2151 3304 :
2176 3247 2395 3320 Equites
2417 3251 2653 3319 fecerunt
2677 3254 2780 3306 tria
2808 3266 3031 3308 cornua.
3052 3252 3096 3309 Ο
3114 3270 3276 3325 quam
3303 3257 3443 3311 mul-

1860 3339 2101 3410 tiplicem
2140 3341 2558 3411 inquisitionem
2598 3354 2764 3414 atque
2816 3347 3241 3416 disputationem
3279 3350 3443 3405 habet

1858 3430 1952 3488 hic
1983 3446 2165 3488 sermo
2202 3434 2215 3486 ι
2268 3431 2511 3488 Primum
2561 3436 2780 3503 quidem
2818 3437 2921 3493 hoc
2958 3439 3255 3509 intelligere
3284 3442 3444 3497 debet

1860 3524 2040 3580 omnis
2066 3524 2305 3594 sapiens,
2343 3526 2468 3595 quia
2492 3528 2743 3583 universa
2770 3528 3011 3595 potentia
3029 3538 3193 3599 atque
3226 3533 3441 3587 exerci-

1866 3625 1981 3680 tus,
2006 3624 2067 3671 et
2097 3630 2291 3671 omnes
2320 3618 2625 3671 daemonum
2655 3626 2886 3672 caterva:
2916 3618 3075 3673 simul
3102 3619 3212 3673 illic
3243 3635 3444 3675 conve-

1863 3719 2087 3777 nerunt,
2108 3719 2166 3765 et
2195 3713 2405 3781 pariter
2430 3726 2488 3766 se
2522 3712 2809 3766 adversum
2843 3712 3059 3768 beatum
3096 3713 3198 3771 Job
3226 3715 3278 3770 in
3307 3732 3442 3785 prae.

1860 3801 1953 3858 lio‘
1982 3812 2360 3869 armaverunt,
2395 3804 2712 3857 universum
2761 3803 3021 3859 mundum
3050 3804 3437 3875 despexerunt,

1859 3903 2069 3950 tantum
2105 3903 2164 3948 ut
2191 3891 2294 3948 Job
2340 3902 2682 3963 superarent.
2738 3894 2873 3949 Nam
2939 3904 3114 3951 totum
3178 3899 3439 3954 mundum

1859 4001 2015 4041 suum
2046 3984 2458 4056 ju‘dicaverunt,
2492 3995 2550 4040 et
2590 3987 2878 4041 adversum
2908 3985 3083 4042 solum
3111 3986 3212 4044 .loh
3239 3988 3438 4045 bellum

1859 4086 2168 4147 gesserunt,
2209 4085 2395 4145 utpote
2452 4076 2577 4147 quia
2632 4093 2742 4131 non
2796 4086 2914 4132 erat
2971 4079 3165 4134 similis
3210 4080 3351 4137 alius
3386 4085 3439 4137 in

1861 4177 1975 4224 toto
2004 4167 2224 4221 mundo.
2263 4168 2391 4221 Item
2439 4168 2615 4224 adhuc
2659 4169 2760 4223 tria
2803 4184 3008 4224 cornua
3050 4169 3307 4227 fecerunt
3340 4186 3438 4241 pro

1858 4259 2051 4329 peculii
2088 4261 2530 4331 eonsumptione,
2555 4271 2611 4314 et
2635 4261 2873 4316 ﬁliorum
2912 4263 3241 4332 perditione,
3277 4275 3438 4334 atque

1856 4353 2101 4423 corporis
2128 4352 2309 4423 plaga,
2344 4367 2602 4422 superare
2625 4368 2748 4408 eum
2786 4355 3042 4409 nitentes.
3075 4354 3201 4410 Tria
3236 4370 3436 4411 cornua

1857 4447 2125 4513 iecerunt,
2161 4448 2289 4517 quia
2345 4455 2401 4501 et
2446 4463 2574 4502 cum
2607 4461 2675 4503 eo
2734 4450 2892 4504 tertio
2935 4452 3214 4520 congressi
3277 4461 3428 4506 sunt.

174 4542 377 4597 melos?
415 4541 493 4597 illi
529 4542 751 4598 fuerunt
792 4542 1069 4612 spiritales
1104 4549 1342 4613 equites.
1376 4542 1431 4598 ld
1482 4553 1566 4599 est
1605 4544 1749 4598 aerei
1858 4540 2037 4595 Semel
2061 4553 2193 4595 sane
2231 4553 2356 4592 cum
2386 4553 2549 4593 omne
2577 4539 2848 4608 peculium
2888 4549 3051 4610 atque
3088 4541 3229 4597 tilias
3259 4544 3437 4598 subito

174 4635 412 4703 Spiritus,
444 4635 536 4706 qui
583 4645 783 4691 terram
830 4646 1142 4706 peragrant,
1179 4639 1269 4706 qui
1325 4636 1545 4707 pelagus
1572 4646 1753 4691 trans-

1862 4633 2253 4690 interfecerunt
2288 4649 2302 4693 ;
2338 4632 2599 4696 secundo,
2628 4633 2844 4702 quando
2877 4643 3049 4695 totum
3088 4650 3289 4705 corpus
3322 4635 3436 4707 ejus

173 4738 316 4791 eunt,
350 4728 441 4799 qui
469 4743 650 4783 aerem
678 4729 983 4798 pervolant,
1038 4729 1130 4799 qui
1163 4729 1311 4783 omni
1340 4739 1500 4784 vento
1530 4738 1583 4784 et
1611 4742 1751 4798 aqua
1850 4725 2144 4795 putredine
2178 4738 2242 4778 ae
2268 4723 2547 4779 Vermibus
2596 4723 2980 4793 repleverunt;
3025 4726 3209 4791 tertio,
3263 4741 3436 4795 quan—

176 4828 331 4889 atque
360 4820 617 4875 omnibus
641 4822 977 4892 tempestivis
1018 4822 1274 4892 procellis
1317 4824 1752 4878 vehementiores
1850 4818 1924 4871 do
1954 4833 2053 4888 per
2080 4831 2308 4872 uxorem
2336 4817 2695 4880 seduxerunt.
2723 4817 2882 4871 amici
2904 4832 3032 4874 vero
3055 4818 3431 4887 culpaverunt.

177 4921 309 4975 sunt,
343 4922 509 4981 atque
542 4911 842 4967 velociores
869 4912 924 4966 in
955 4928 1080 4966 aera
1109 4927 1207 4968 sua
1250 4912 1556 4982 iniquitate.
1588 4913 1744 4970 Unde

176 5003 326 5056 etiam
364 5005 581 5072 equites
634 5004 796 5075 digne
837 5004 1201 5075 appellantur,
1243 5006 1335 5076 qui
1364 5021 1526 5075 super
1550 5021 1740 5062 omnes

176 5090 475 5151 luxuriosos
508 5107 671 5166 atque
714 5098 1014 5166 impudicos
1048 5100 1238 5154 sedent
1272 5111 1531 5170 tanquam
1583 5113 1747 5170 super

178 5195 358 5252 equos,
395 5195 451 5242 et
480 5186 645 5257 juxta
678 5188 977 5258 nequitiam
1018 5205 1172 5244 suam
1199 5191 1481 5260 exagitant
1511 5190 1652 5257 illos,
1687 5201 1743 5247 et

178 5277 238 5331 ad
267 5293 380 5333 sua:
405 5279 718 5350 iniquitatis
749 5293 911 5353 atque
956 5282 1307 5354 impudicitia:
1348 5283 1741 5353 perfectionem

178 5380 359 5427 omnes
382 5372 725 5431 insectantur
748 5375 891 5441 illos,
918 5377 985 5431 de
1014 5377 1213 5446 quibus
1245 5376 1443 5432 dicitur
1469 5395 1485 5435 ε
1519 5378 1742 5433 Adulter

179 5462 305 5517 sicut
354 5466 702 5524 admissarius
757 5471 851 5524 sub
902 5470 1042 5523 omni
1091 5487 1297 5525 sessore
1346 5469 1518 5525 hinnit
1546 5472 1611 5526 ³⁸.
1638 5472 1740 5526 Et:

183 5552 352 5613 Nolite
390 5560 513 5630 ﬁeri
565 5564 700 5615 sicut
734 5579 896 5633 equus
945 5575 993 5617 et
1031 5565 1204 5618 mulus
1236 5567 1289 5620 in
1318 5567 1506 5637 quibus
1528 5578 1630 5617 non
1668 5572 1746 5619 est

183 5648 461 5708 intellectus
477 5656 546 5709 ³⁸.
588 5655 652 5708 Et
680 5656 893 5712 adhuc:
927 5658 1067 5727 Equi
1110 5657 1418 5713 admissarii
1443 5657 1571 5726 facti
1595 5671 1742 5724 sunt,

239 5848 465 5907 "Eccli.
492 5863 687 5905 xxxiii.
720 5847 772 5901 6.
849 5845 894 5876 ’⁸
921 5843 1061 5899 Psai.
1098 5855 1248 5909 xxxi,
1277 5844 1309 5899 9

489 5944 757 6001 Parnm.
788 5939 879 5999 Gn
945 5938 1138 5999 XVII.

1412 5836 1455 5874 ’⁷
1485 5840 1682 5895 lcrcm.
1715 5854 1765 5907 ν,
1788 5838 1839 5893 8.

1854 4912 2047 4967 Adhuc
2078 4918 2257 4965 autem
2268 4909 2379 4963 tria
2393 4922 2594 4963 eorum
2613 4908 2882 4975 fecerunt,
2903 4920 3161 4981 tanquam
3179 4910 3281 4964 tria
3297 4924 3436 4978 prae-

1855 5006 2012 5074 cipua
2038 5016 2103 5058 ac
2126 5001 2446 5071 singularia,
2479 5003 2528 5055 id
2546 5011 2632 5057 est
2666 5016 2841 5071 spem,
2869 5001 3052 5066 (idem,
3080 5003 3434 5066 charitatem,

1850 5095 2083 5165 praedari
2106 5108 2234 5150 eum
2252 5102 2543 5149 conantes.
2570 5092 2935 5162 Fidemquam
2964 5093 3019 5147 in
3042 5093 3134 5148 Dei
3162 5093 3433 5150 culturam

1852 5189 2063 5249 habuit.
2081 5202 2233 5258 spem
2254 5184 2827 5241 aeternaeliberationis
2849 5200 2912 5239 ac
2930 5185 3176 5241 ctelestis
3202 5185 3434 5258 refrige-

1853 5282 1944 5346 rii,
1966 5282 2298 5337 charitatem
2317 5280 2643 5335 circa-Deum
2660 5295 2766 5349 qua
2792 5276 2923 5335 nihil
2938 5288 3023 5333 est
3048 5280 3243 5350 majus,
3258 5295 3434 5353 neque

1850 5383 1905 5437 in
1938 5380 2042 5434 hoc
2068 5377 2286 5441 seculo,
2312 5392 2489 5447 neque
2524 5377 2576 5431 in
2596 5373 2801 5429 futuro.
2837 5372 2942 5425 Pro
2973 5372 3059 5427 his
3092 5386 3225 5442 ergo
3255 5376 3424 5428 omni.

1848 5472 1956 5529 bus
1986 5466 2359 5526 iecerunttria
2394 5482 2603 5523 cornua
2633 5464 2952 5535 nequissimi
2974 5464 3272 5531 daemones,
3310 5481 3432 5521 om-

1855 5579 1951 5620 nes
1974 5564 2182 5634 pariter
2201 5562 2489 5617 adversum
2516 5557 2618 5615 Job
2643 5559 2985 5621 dimicantes,
3014 5572 3207 5614 omnes
3234 5560 3432 5613 unani-

1856 5659 2017 5712 miter
2039 5656 2328 5712 adversum
2351 5668 2474 5708 eum
2504 5660 2733 5707 stantes.
2764 5648 2926 5709 Solus
2958 5658 3142 5707 autem
3175 5647 3429 5707 diabolus

3107 5915 3178 5977 1's
