1996 3156
257 201 307 228 ΗἸ
602 195 612 211 ⁵

257 262 304 295 qui
322 262 364 286 est
389 256 416 284 in
445 255 590 290 iniquitate
613 252 757 282 maximus,

258 305 375 333 sollicite
391 304 540 330 observans
567 298 659 327 infelix
674 296 783 332 quando
802 292 977 328 blasphemiae
993 298 1047 317 ser-

260 359 366 380 monem
395 356 428 376 ex
452 347 517 382 justi
543 345 615 373 illius
644 351 691 371 ore
720 341 853 377 potuisset
880 339 984 366 audire.
1013 336 1047 363 Et

260 402 363 432 quanto
384 395 471 428 magis
483 391 663 426 torquebatur
679 388 730 415 Job
755 386 835 414 corde
863 382 1046 411 lamentabilia

261 443 354 471 nuntia
383 440 496 468 subinde
518 435 666 467 audiendo,
690 438 765 460 tanto
787 432 847 466 plus
870 429 1049 465 torquebatur

262 488 384 516 diabolus
411 493 441 513 ea
467 491 528 519 quae
549 482 659 510 volebat
684 480 726 507 vel
755 476 936 508 desiderabat,
963 475 988 502 id
1007 478 1049 500 est

263 535 309 562 Dei
323 531 531 567 blasphemiam,
551 528 585 556 ab
599 535 631 554 eo
650 534 700 553 uou
725 523 872 551 audiendo.
890 520 943 549 Sed
959 519 1049 547 adhuc

263 580 313 607 tria
328 585 429 606 cornua
452 577 576 603 fecerunt
601 574 640 606 hi,
659 572 705 607 qui
730 571 861 597 adversus
877 568 930 595 tria
950 565 1048 594 saecula

262 627 298 653 ab
319 625 397 652 initio
419 628 446 650 et
471 628 556 656 usque
577 620 603 647 in
630 619 710 645 finem
732 616 832 644 bellum
856 615 1051 650 gesserunt,'et

265 672 396 699 adversus
411 676 471 695 eum
486 668 531 702 qui
546 666 580 693 ab
595 665 673 693 initio
689 663 740 690 fuit
758 668 843 695 usque
858 661 891 686 ad
907 659 1048 690 diluvium,

263 723 291 745 et
308 726 323 744 a
338 716 439 743 diluvio
462 720 548 748 usque
571 713 603 739 ad
616 711 768 746 passionem
780 713 806 735 et
824 706 1049 734 resurrectionem

263 763 370 792 Domini
389 761 501 789 Christi.
515 765 542 787 et
556 766 642 793 usque
668 757 693 784 in
722 757 801 782 tinent
820 758 847 781 et
870 751 1051 780 resurrectio-

266 818 325 837 nem
342 807 472 835 omnium.
488 806 520 833 Et
531 805 620 831 adhuc
638 803 686 830 tria
707 808 808 829 cornua
824 799 947 826 fecerunt
962 796 989 823 hi
1002 795 1049 830 qui

264 856 394 883 adversus
413 853 464 879 tria
482 851 619 880 dimicant,
642 849 771 875 adversus
794 846 880 880 legem
894 849 921 870 et
938 841 1054 877 prophe-

266 908 306 929 tas
334 906 415 934 atque
437 896 583 932 apostolos.
601 895 751 922 Adversum
788 891 873 926 legem
904 895 980 920 sane,
1003 894 1052 922 per

265 947 398 974 ido’lOrum
427 943 616 978 iniquitatem,

266 990 516 1027 pseudoprophetas
534 998 540 1016 :
557 989 620 1015 item
643 991 671 1014 et
686 986 816 1012 adversus
840 980 978 1017 apostolos
1003 987 1051 1014 per

265 1040 346 1068 falsos
366 1037 511 1073 apostolos.
534 1035 597 1062 Post
614 1041 673 1069 quae
689 1032 811 1059 universa
825 1051 833 1063 ,
850 1037 867 1057 ο
882 1029 974 1061 amici,
990 1028 1053 1054 ulti-

267 1094 337 1114 mam
351 1085 441 1112 audite
457 1081 679 1117 disputationem.
697 1079 849 1106 Adversum
866 1075 918 1102 Job
934 1074 1010 1106 olim,
1024 1079 1051 1101 et

267 1133 398 1160 adversus
424 1136 517 1157 omnes
547 1127 746 1161 subsequenter
769 1124 857 1151 tribus
871 1122 1000 1150 cornibus
1013 1121 1052 1148 di-

267 1178 389 1210 mieavit,
410 1177 496 1203 tribus
520 1173 650 1202 cornibus
678 1177 842 1205 congressus
870 1172 923 1200 est,
953 1167 1051 1201 triplici

266 1225 346 1251 modo
373 1221 499 1252 tentavit.
521 1219 597 1254 juxta
627 1218 716 1244 omnia
744 1224 804 1251 qua:
831 1220 938 1241 ostensa
968 1217 1050 1247 atque

266 1273 415 1296 memorata
448 1270 520 1294 sunt.
556 1263 633 1291 Nune
664 1270 727 1289 vero
758 1260 913 1288 novissimis
945 1264 1049 1293 tempo-

267 1316 353 1348 ribus,
389 1318 471 1348 atque
493 1312 519 1339 iu
541 1311 636 1337 ultimo
662 1308 771 1340 stneulo,
801 1315 853 1334 non
879 1306 906 1334 in
928 1306 969 1334 his
988 1304 1054 1332 solis

268 1361 354 1388 tribus
371 1358 497 1386 cornibus
511 1356 634 1387 dimicat,
651 1354 748 1388 triplici
768 1353 848 1380 modo
867 1351 1052 1386 congreditur,

270 1409 317 1437 sed
332 1406 404 1434 mille
420 1405 517 1434 modis,
532 1411 563 1430 ac
576 1401 758 1436 multipliciter
773 1399 893 1431 dimicat,
906 1396 1052 1433 congredi-

270 1461 313 1482 tur
327 1459 354 1481 et
370 1455 466 1483 tentat,
493 1449 649 1480 insidiatur,
673 1446 778 1474 seducit
807 1450 886 1478 atque
909 1443 1053 1475 subvertit,

269 1509 318 1535 per
329 1497 530 1526 multitudinem
547 1495 690 1523 haeresum.
704 1499 751 1527 per
765 1492 921 1518 innumeros
933 1496 1052 1520 errores,

268 1554 316 1582 per
335 1543 504 1572 abundantes
520 1540 685 1570 seductores,
705 1546 752 1573 per
771 1535 992 1572 pseudocliristos
1021 1542 1054 1561 ac

268 1589 509 1626 pseudodoctorcs,
535 1585 634 1620 quibus
656 1584 699 1611 hic
727 1582 841 1609 mundus
863 1580 979 1616 repletus
1000 1584 1052 1610 est,

269 1644 338 1671 quos
356 1634 542 1668 nequissimus
554 1630 709 1662 seminavit,
722 1635 791 1663 quos
805 1626 994 1654 atrocissimus
1008 1625 1053 1652 ille

270 1670 406 1714 produxit,
422 1685 490 1713 quos
508 1676 722 1711 malignissimus
742 1673 816 1704 fecit,
835 1672 930 1701 ﬂorem
950 1676 979 1698 et
995 1670 1053 1697 fru-

269 1732 341 1755 ctum
355 1726 381 1752 iu
398 1723 557 1751 infidelitate
571 1727 652 1756 atque
666 1727 761 1747 errore
777 1718 874 1745 alferre
887 1716 1054 1752 coegit,qui-

270 1774 320 1800 bus
337 1773 392 1804 hic,
412 1777 441 1797 ut
457 1770 586 1800 diximus,
604 1768 719 1794 mundus
735 1765 850 1799 repletus
867 1769 918 1796 est,
939 1763 985 1797 qui
1006 1770 1054 1790 ve-

269 1824 371 1846 nerunt
395 1823 421 1844 et
451 1816 565 1844 veniunt
597 1815 623 1841 in
650 1812 734 1840 verbo
764 1810 881 1843 Domini,
899 1810 926 1837 in
951 1808 1053 1837 vestitu

269 1864 372 1894 oviutu,
386 1862 552 1888 intrinsecus
564 1866 653 1886 autem
667 1862 731 1885 sunt
748 1856 800 1891 lupi
818 1863 939 1890 rapaces,
956 1861 1054 1882 nomen

269 1910 487 1937 Christianorum
507 1907 651 1938 habentes,
666 1910 747 1938 atque
764 1903 882 1938 speciem
894 1901 1016 1936 pietatis,
1029 1906 1056 1927 et

270 1954 410 1981 erroribus
423 1958 450 1979 et
462 1951 645 1986 impietatibus
652 1955 732 1984 atque
746 1947 947 1976 seductionibus
961 1945 1055 1974 referti

272 2004 346 2026 sunt.
365 1998 409 2025 Isti
426 2002 487 2025 sunt
501 2005 570 2023 verae
595 1996 682 2029 januze
700 1995 804 2027 mortis,
826 1999 853 2020 ct
868 1993 919 2021 vite
944 1992 1054 2020 inferni.

270 2045 317 2074 lsti
337 2049 399 2071 sunt
415 2044 460 2078 qui
477 2051 491 2069 a
505 2043 618 2069 veritate
638 2041 770 2075 plurimos
788 2040 1011 2074 praevaricantur,
1028 2043 1056 2066 et

272 2100 286 2118 a
301 2091 354 2119 [ide
369 2091 524 2117 innumeros
542 2088 670 2115 aberrare
687 2086 799 2113 faciunt.
823 2084 869 2112 lsti
894 2089 958 2111 sunt
973 2084 1056 2111 titini—

273 2138 322 2165 stri
339 2136 448 2171 maligni
461 2134 570 2166 diaboli,
590 2138 671 2167 atque
693 2132 780 2159 nuntii
794 2132 907 2159 veritate
919 2135 1056 2158 carentes.

271 2184 316 2211 isti
333 2187 396 2210 sunt
412 2182 476 2209 caeci
489 2181 572 2207 duces
584 2185 729 2207 ett-corum.
748 2177 792 2204 Isti
812 2181 876 2204 sunt
891 2176 977 2203 nubes
996 2176 1056 2202 sine

272 2236 353 2263 aqua,
371 2226 469 2254 nebula
495 2233 510 2252 a
533 2228 693 2259 tempestate
711 2223 814 2256 fugata,
839 2221 940 2256 quibus
957 2220 1055 2255 caligo,

270 2274 314 2302 vel
334 2272 431 2300 nebula
459 2271 617 2298 interiorum
646 2268 816 2296 tenebrarum
834 2267 913 2301 digne
934 2271 1058 2293 servatur

271 2324 352 2354 atque.
365 2318 528 2345 custoditur.
545 2316 612 2342 Istos
634 2321 699 2349 ergo
715 2313 861 2348 fugiamus,
877 2320 894 2339 ο
909 2311 972 2344 viri,
989 2311 1055 2338 istos

272 2368 324 2393 late
349 2365 506 2396 devitemus,
524 2372 540 2389 o
565 2362 655 2390 amici.
673 2360 743 2388 Istos
764 2360 828 2387 odio
852 2359 1015 2391 habeamus,
1028 2361 1056 2385 et

272 2412 458 2440 inlidclitateut
486 2414 568 2443 atque
591 2414 713 2435 errorem
740 2406 786 2441 qui
815 2407 841 2432 in
859 2405 899 2432 eis
914 2409 966 2437 est,
982 2403 1056 2431 velut

270 2460 408 2486 ﬂammam
441 2455 509 2490 ignis
536 2454 717 2485 declinemus,
742 2459 791 2486 pro
814 2458 847 2478 eo
873 2458 907 2478 ne
923 2457 984 2477 cum
1003 2449 1056 2476 illis

270 2504 387 2530 ﬂammae
402 2500 617 2536 iuexstinguibili
637 2500 663 2527 in
680 2499 723 2526 die
740 2498 839 2525 furoris
852 2501 934 2531 atque
949 2495 1056 2523 revela-

273 2549 352 2575 tionis
376 2547 442 2582 justi
467 2546 562 2581 judieii
581 2545 627 2572 Dei
654 2543 852 2578 mancipemur.
870 2541 933 2570 ιιωο
953 2540 1057 2568 scilicet

270 2595 397 2621 universa
413 2591 635 2622 memoravimus,
653 2589 715 2624 quia
731 2588 783 2615 tria
802 2594 904 2614 cornua
924 2586 957 2612 ad
977 2585 1057 2612 dimi-

271 2640 387 2667 candqu
400 2643 480 2674 atque
496 2636 724 2672 congrediendum
737 2635 867 2662 adversus
877 2632 927 2660 Job
945 2632 1056 2667 nequis-

271 2686 331 2713 simi
347 2686 482 2712 daemoues
503 2684 637 2711 fecerunt.
656 2682 696 2709 Ad
722 2680 908 2708 dimicandum
924 2685 987 2705 vero
1009 2678 1056 2705 ad—

272 2739 368 2759 versus
382 2731 484 2758 Ecclesi
505 2739 530 2756 m
547 2737 599 2756 non
624 2729 674 2755 tria
693 2732 796 2755 tantum
822 2734 935 2759 cornua,
948 2725 994 2752 sed
1016 2725 1056 2752 in-

273 2785 382 2805 numera
414 2781 494 2811 atquc.
518 2770 717 2803 i‘nmstimabilia
745 2781 839 2801 onmes
875 2778 955 2800 secta:
975 2776 1056 2806 atque

271 2826 387 2852 litercses
396 2822 499 2850 faciunt
519 2830 567 2856 per
579 2830 647 2857 quas
662 2821 804 2850 universas
819 2820 950 2848 adversus
961 2817 1056 2845 Eccle-

309 2915 331 2931 "
346 2914 440 2942 Matth.
451 2920 505 2945 tm,
522 2912 563 2939 t8.

822 183 1015 216 ANONYMUS
1034 182 1066 210 IN
1085 180 1153 209 JOB.
1172 196 1205 200 ——
1225 176 1289 207 ΗΒ.
1307 179 1330 207 1.

775 254 894 283 praesens
919 245 970 272 Job
993 247 1051 270 erat
1067 242 1088 270 A
1103 243 1150 269 site
1166 241 1297 268 unitatem
1313 239 1480 264 incessanter
1491 232 1635 261 dimicant.
1648 229 1701 258 Sed
1713 228 1909 265 quemadmo—

1836 170 1906 199 428

1099 288 1162 314 dum
1185 291 1249 313 tunc
1277 285 1363 311 tribus
1386 281 1517 309 cornibus
1540 278 1670 306 adversus
1692 275 1742 303 Joh
1761 282 1909 308 congres—

1101 341 1159 365 sus,
1176 339 1236 359 eum
1251 330 1412 357 confusione
1427 331 1467 354 est
1481 329 1638 360 superatus,
1652 323 1719 350 nihil
1743 320 1910 355 praevalens

1100 379 1233 405 adversus
1252 374 1374 403 J0h:sic
1399 379 1426 401 et
1444 378 1517 399 nune
1539 369 1632 397 multis
1656 367 1744 395 modis
1763 367 1911 393 adversus

1101 423 1248 451 Ecelesiam
1276 426 1441 455 congressus
1457 422 1509 449 est,
1524 421 1552 443 et
1566 423 1614 450 per
1630 414 1790 441 innumeras
1809 412 1911 439 haere-

1100 477 1145 497 ses
1170 469 1302 495 adversus
1323 474 1383 494 eam
1409 464 1556 494 dimicans,
1588 464 1731 488 revocatur
1753 457 1910 488 confusus,

1102 516 1169 544 nihil
1183 514 1332 550 prtevalens
1340 509 1586 539 verecredentihus
1604 505 1757 532 animabus.
1773 503 1911 530 Firmum

1101 561 1173 589 enim
1183 548 1393 586 ilirmamentum
1416 555 1463 582 Dei
1491 553 1592 580 stabit:
1607 550 1639 578 Et
1652 555 1734 585 parta:
1748 548 1910 583 inferorum

1103 615 1155 634 non
1173 603 1350 641 praualebunt
1367 602 1493 628 adversus
1510 597 1610 628 eam",
1625 596 1696 623 sicut
1715 594 1780 622 dicit
1798 592 1907 629 Domi-

1103 660 1163 685 nus,
1187 656 1280 686 portas
1309 647 1409 677 inferni
1443 645 1633 675 memorando,
1660 642 1783 670 diversas
1805 643 1909 667 sectas

1103 684 1315 733 atquebzereses
1329 694 1490 724 infidelium,
1500 699 1561 726 qua:
1576 697 1661 725 usque
1673 688 1706 716 ad
1718 692 1809 723 portas
1826 684 1908 713 infe—

1104 752 1195 772 rorum
1215 743 1355 770 deducunt
1368 746 1463 768 omnes
1474 738 1520 774 qui
1531 745 1580 765 eos
1593 741 1742 764 sectantur.
1760 734 1825 761 Post
1833 739 1908 767 qua:

1103 791 1242 822 universa,
1267 787 1356 815 adhuc
1382 792 1465 812 unum
1491 784 1677 811 advertamus.
1700 780 1765 807 Tria
1789 784 1905 806 cornua

1104 837 1168 864 fecit
1188 834 1312 863 diabolus
1339 833 1368 860 in
1389 836 1482 866 typum
1505 834 1588 864 atque
1612 828 1727 861 figuram
1752 825 1908 859 trionyma:

1105 882 1179 909 illius
1194 885 1284 913 sectae,
1296 879 1435 912 triumque
1450 877 1561 904 deorum
1574 872 1697 905 bieresis,
1712 879 1770 907 qua:
1783 871 1906 897 univer-

653 941 782 967 adversus
814 916 969 971 [prophetas
1003 916 1052 968 per
1068 931 1089 958 Β
1104 936 1161 956 sum
1178 928 1272 956 orbem
1292 931 1371 953 terra!
1386 925 1413 951 iu
1430 923 1543 950 modum
1573 920 1747 947 tenebrarum
1767 916 1906 952 replevit.

1102 981 1162 1009 qua:
1174 972 1281 1004 Patrem
1293 975 1321 998 et
1337 969 1436 998 Filium
1448 973 1476 994 et
1491 966 1620 1001 Spiritum
1636 969 1758 992 sanctum
1772 963 1905 997 aliquan-

1103 1021 1137 1047 do
1153 1025 1281 1054 tanquam
1307 1021 1362 1044 tres
1388 1015 1463 1047 colit,
1478 1018 1673 1046 nonnunquam
1690 1017 1771 1037 unum
1787 1008 1904 1039 adorat,

1102 1064 1329 1102 quemadmodum
1342 1062 1497 1090 Graecorum
1508 1059 1599 1093 lingua
1613 1061 1792 1087 memoratur,
1807 1054 1905 1082 triada

1104 1100 1145 1140 vel
1166 1110 1322 1140 homusio'n.
1343 1108 1423 1135 Istam
1442 1113 1507 1141 ergo
1524 1102 1667 1132 Trinitatis
1683 1107 1783 1129 sectam
1798 1105 1825 1128 et
1836 1100 1905 1127 ha;-

1106 1159 1186 1186 resim
1205 1162 1287 1191 atque
1308 1153 1497 1183 infidelitatem
1511 1150 1569 1185 jam
1592 1149 1658 1177 olim
1675 1148 1709 1176 de
1724 1148 1803 1182 longe
1821 1145 1904 1173 desi—

1104 1212 1192 1240 gnans
1210 1202 1416 1230 vcrsutissimus
1433 1199 1478 1226 ille
1490 1195 1615 1225 diabolus
1630 1195 1681 1223 tria
1699 1201 1803 1222 cornua
1820 1192 1901 1219 misit

1104 1253 1136 1279 ad
1151 1252 1202 1279 Job
1227 1247 1449 1284 deprmdaudum.
1465 1245 1512 1273 Sie
1527 1251 1643 1279 namque
1655 1242 1737 1269 etiam
1753 1247 1824 1268 nune
1838 1245 1901 1266 me-

1105 1303 1210 1326 morata
1234 1297 1368 1331 trionyma
1393 1292 1518 1325 haeresis,
1537 1290 1688 1326 praesertim
1702 1287 1838 1324 prtedatur
1855 1290 1900 1312 at-

1105 1352 1157 1379 que
1174 1345 1311 1378 expugnat
1327 1339 1488 1368 Ecelesiam.
1507 1337 1561 1364 Sed
1581 1343 1642 1363 cum
1660 1335 1764 1361 videret
1784 1332 1900 1367 nequis-

1105 1377 1190 1418 simus
1212 1377 1337 1416 diabolus
1357 1385 1429 1421 quod
1456 1383 1523 1411 nihil
1547 1381 1710 1417 profecisset
1732 1385 1780 1414 per
1801 1377 1900 1405 omnia

1105 1444 1165 1471 quae
1181 1435 1274 1470 gessit,
1293 1433 1391 1467 adjecit
1406 1432 1457 1459 hoc
1472 1430 1543 1465 quod
1558 1432 1617 1456 erat
1630 1426 1790 1456 maximum.
1807 1428 1897 1458 atque

1106 1481 1256 1509 mirabilem
1272 1479 1306 1515 [Γ.
1328 1475 1521 1512 miserabilem]
1539 1475 1656 1502 filiorqu
1671 1470 1899 1500 internecionem.

1106 1528 1248 1563 Sagittavit
1257 1526 1342 1560 prima
1350 1525 1459 1560 sagitta,
1468 1528 1495 1550 et
1505 1530 1556 1549 non
1567 1517 1839 1552 vulneravitjustunt.
1848 1515 1902 1543 So.

1107 1574 1212 1607 gittavit
1227 1573 1343 1600 secunda
1353 1569 1558 1606 periculosiore,
1565 1572 1592 1594 et
1604 1574 1658 1594 non
1667 1564 1735 1593 laesit
1748 1565 1774 1591 in
1783 1564 1903 1590 veritate

1069 1608 1089 1637 θ
1109 1620 1262 1648 fundatum.
1284 1617 1428 1652 Sagittavit
1443 1620 1471 1642 et
1490 1613 1568 1641 tertia
1585 1620 1631 1647 per
1654 1611 1705 1638 tria
1722 1616 1834 1641 cornua,
1850 1607 1902 1634 sed

1108 1666 1166 1693 haec
1179 1663 1302 1691 inellicax
1319 1661 1423 1689 exstitit
1433 1668 1481 1696 per
1494 1658 1676 1687 tolerantiam.
1693 1655 1745 1683 ista
1757 1662 1821 1690 ergo
1834 1661 1899 1681 cum

1107 1713 1158 1741 Job
1173 1717 1323 1739 retrorsum
1339 1716 1391 1736 non
1410 1711 1557 1739 averteret,
1579 1704 1680 1735 Unam,
1696 1702 1794 1737 inquit,
1811 1699 1902 1728 habeo

1108 1760 1195 1787 adhuc
1208 1757 1397 1787 novissimam,
1418 1762 1449 1781 ac
1468 1751 1661 1780 terribiliorem
1678 1748 1798 1777 ultimam
1817 1751 1904 1780 atque

1110 1804 1366 1834 Iamentabiliorem,
1392 1801 1418 1829 id
1431 1804 1474 1827 est
1496 1798 1613 1826 filiorum
1635 1795 1851 1823 internecionem
1867 1800 1901 1819 ac

1109 1851 1299 1887 perditionem,
1316 1852 1440 1876 natorum
1455 1844 1617 1880 supplicium
1640 1846 1723 1877 atque
1737 1838 1895 1868 comminu-

1111 1884 1220 1924 tionem.
1254 1894 1383 1924 Sustulit,
1413 1891 1510 1926 inquit,
1542 1894 1623 1923 atque
1651 1885 1780 1915 sustinuit
1805 1884 1900 1920 priora

1109 1951 1170 1971 eum
1189 1943 1222 1970 de
1242 1941 1304 1968 filiis
1319 1947 1349 1967 se
1377 1936 1576 1968 consolaretur,
1593 1933 1640 1961 sed
1663 1932 1743 1960 istaut
1761 1937 1815 1957 non
1833 1936 1901 1963 sup-

1110 1990 1228 2026 portabit
1250 1994 1336 2022 neque
1356 1983 1511 2012 sustinebit.
1537 1981 1595 2009 Hoc
1615 1987 1681 2016 ergo
1705 1977 1815 2010 faciam,
1842 1983 1902 2003 non

1110 2035 1197 2063 sinam
1212 2041 1272 2060 eum
1292 2030 1439 2066 respirare,
1453 2036 1506 2056 non
1521 2026 1678 2063 permittam
1696 2021 1828 2058 resipisci,
1844 2029 1902 2048 non

1110 2080 1263 2116 permittant
1288 2076 1434 2107 consolari,
1450 2074 1496 2101 sed
1520 2073 1715 2107 subsequenter
1730 2074 1810 2103 atque
1832 2067 1900 2094 sub-

1111 2109 1173 2153 inde
1195 2122 1414 2152 lameutabilibus
1437 2128 1497 2147 eum
1521 2117 1624 2145 nuntiis
1647 2115 1814 2151 inquietabo.
1834 2109 1903 2139 llmc

1111 2179 1172 2200 cum
1189 2175 1287 2198 tractat
1309 2166 1504 2202 nequissimus,
1523 2170 1604 2198 atque
1624 2162 1695 2197 apud
1720 2159 1899 2194 semetipsum

1111 2218 1243 2253 loquitur,
1270 2214 1412 2241 confestim
1435 2220 1468 2239 ea
1494 2209 1662 2244 adimplevit.
1693 2206 1788 2233 Merito
1810 2204 1902 2232 adhuc

1112 2248 1249 2292 anteriore
1266 2261 1392 2294 loquente
1408 2258 1479 2284 alius
1495 2255 1606 2282 nuntius
1621 2252 1696 2280 venit
1714 2251 1747 2278 ad
1764 2249 1826 2278 Job.
1838 2248 1901 2276 Non

1109 2311 1252 2346 quieverat
1273 2307 1349 2342 prior
1370 2302 1506 2332 narrando
1526 2300 1607 2332 mala,
1625 2305 1652 2326 et
1667 2297 1814 2332 incipiebat
1828 2295 1903 2323 alter

1110 2362 1222 2384 narrare
1247 2353 1376 2389 pessima.
1393 2349 1451 2378 Non
1467 2347 1630 2376 occurrebat
1653 2345 1732 2371 beato
1754 2342 1804 2370 Job
1824 2342 1900 2377 inge-

1110 2402 1225 2430 miscere
1247 2387 1296 2434 pro
1325 2396 1463 2432 prioribus
1486 2392 1637 2423 doloribus,
1655 2393 1766 2425 propter
1788 2387 1857 2414 alias
1873 2390 1901 2413 et

1111 2448 1204 2474 varias
1217 2432 1356 2480 angustias
1374 2448 1434 2476 qui?
1446 2435 1675 2474 superveniebant
1688 2434 1736 2461 illi.
1749 2433 1778 2459 lu
1790 2432 1901 2459 modum

1110 2498 1200 2520 autem
1225 2488 1427 2518 vehementiqu
1468 2490 1601 2519 aquarum
1631 2479 1750 2509 diversis
1783 2477 1901 2504 miseriis

1106 2539 1171 2573 justi
1188 2537 1258 2564 illius
1275 2535 1394 2562 animant
1413 2530 1546 2558 inundare
1563 2525 1747 2561 nequissimus
1764 2530 1899 2558 propera—

1110 2568 1166 2611 bat.
1188 2582 1263 2608 Alter
1286 2585 1350 2613 ergo
1371 2576 1482 2603 nuntius
1504 2573 1578 2600 venit
1600 2571 1634 2598 ad
1660 2569 1723 2601 Job,
1743 2568 1811 2595 alter
1841 2570 1902 2601 post

1111 2629 1287 2658 anteriorem,
1300 2628 1414 2659 quartus
1431 2627 1496 2648 vero
1513 2625 1639 2646 umnero.
1662 2615 1738 2643 Alter
1754 2621 1819 2641 vero
1836 2621 1902 2639 unit-

1112 2676 1164 2702 tius
1180 2673 1254 2701 venit
1276 2671 1308 2697 ad
1326 2668 1386 2701 Job,
1407 2671 1516 2702 propter
1543 2664 1699 2691 nuntiorum
1722 2668 1754 2687 ae
1775 2659 1900 2688 dolorum

1111 2726 1194 2755 atque
1221 2717 1352 2745 malorum
1378 2712 1578 2740 diversitatem.
1602 2709 1678 2735 Alter
1700 2706 1813 2734 nuntius
1826 2703 1901 2730 venit

1112 2750 1221 2798 ad'Job,
1238 2769 1264 2791 et
1277 2762 1343 2789 dicit
1357 2761 1381 2787 ci
1395 2769 1401 2786 :
1415 2757 1485 2786 Ecce
1498 2760 1625 2792 quartus,
1641 2753 1740 2788 inquit,
1757 2750 1899 2787 praestoler

1112 2813 1171 2846 tibi,
1189 2797 1280 2843 orJob,
1296 2807 1422 2836 dolorum
1446 2802 1558 2831 nuntius
1576 2805 1657 2835 atque
1680 2797 1812 2828 malorum
1829 2803 1898 2831 prae-
