3992 6312
193 345 287 399 129

1308 333 1690 397 ANONYMUS
1727 340 1794 396 IN
1833 333 1974 400 JOB.
2014 374 2082 384 —
2120 339 2248 397 LIB.
2293 343 2332 396 1.

3327 347 3430 403 450

193 481 268 527 (Ὃ,
294 475 475 518 etnon
515 464 847 526 succumbis,
874 464 1044 532 neque
1072 461 1264 518 deﬁcis
1285 463 1309 516 ‘l
1331 461 1437 517 Sed
1461 463 1587 518 licet
1607 464 1755 533 prio-
1782 471 1830 526 Α
1859 464 2100 532 profecto
2131 464 2407 520 aestimans
2435 465 2578 533 quod
2613 467 2836 520 mortuis
2863 467 2989 522 ﬁliis
3028 467 3150 522 ﬁlia:
3173 483 3431 536 superes-

194 557 330 609 ribus
363 569 470 608 non
517 556 886 619 succubueris,
945 554 1256 609 novissimis
1290 564 1472 610 tamen
1498 571 1753 610 succum-

191 649 273 700 bes
308 653 363 698 et
413 644 638 713 pavebis
691 654 851 712 atque
904 643 1146 708 deﬁcies,
1210 659 1334 698 cum
1398 645 1754 698 novissimum

187 747 340 804 atque
383 736 788 790 lamentabilem
834 736 1067 790 ﬁliorqu
1113 737 1359 790 nuntium
1409 739 1599 792 audire
1647 754 1754 793 non

187 827 503 881 sustinueris
531 844 544 879 :
580 825 730 889 Filii,
759 827 952 894 inquit,
983 829 1063 880 tui
1094 837 1142 881 et
1169 828 1300 895 ﬁlia:
1323 841 1428 884 tute
1449 847 1567 883 cum
1603 839 1756 884 mau-

181 919 427 972 ducareut
473 929 520 972 et
567 919 788 972 biberent
829 920 880 971 in
937 921 1092 972 domo
1141 921 1320 986 fratris
1376 923 1458 974 sui
1510 923 1753 991 majoris,

182 1010 346 1062 subito
380 1010 518 1063 venit
558 1011 777 1077 spiritus
811 1011 875 1063 ab
912 1027 1105 1071 eremo,
1132 1023 1177 1064 et
1203 1012 1366 1081 tetigit
1391 1022 1623 1081 quatuor
1657 1030 1757 1066 an-

179 1104 320 1172 gulos
375 1103 562 1155 domus
611 1103 778 1166 illius,
827 1112 874 1155 et
931 1103 1118 1155 cecidit
1147 1119 1305 1170 super
1333 1104 1478 1172 filios
1532 1115 1672 1173 tuos,
1703 1114 1752 1159 et

180 1196 370 1246 mortui
407 1195 610 1248 sunt".
653 1192 789 1260 Hoc,
839 1194 1039 1264 inquit,
1075 1205 1158 1248 est
1204 1195 1561 1250 novissimum
1595 1206 1649 1250 et
1673 1196 1756 1250 la-

183 1287 475 1340 nteutabile
532 1296 697 1356 atque
760 1288 1018 1341 miserum
1074 1287 1343 1349 nuntium,
1396 1288 1537 1354 quod
1588 1289 1754 1342 etiam

179 1378 556 1446 ignorantibus
615 1377 848 1430 filiorum
911 1378 1300 1443 dilectionem,
1368 1393 1608 1434 amorem
1673 1380 1758 1434 vel

177 1469 454 1530 allectum.
512 1470 898 1539 compaticndo
952 1479 1173 1525 revocat
1238 1471 1477 1524 animum
1540 1481 1759 1542 prepter

179 1570 278 1612 tam
309 1561 676 1616 miserabilem
703 1576 946 1615 causam.
979 1560 1099 1614 Filii
1128 1561 1226 1624 tui,
1259 1561 1453 1626 inquit,
1486 1577 1622 1631 quos
1663 1579 1760 1617 nu-

179 1649 340 1718 tristi,
419 1667 552 1720 quos
613 1652 879 1715 educasti,
932 1667 1069 1720 quos
1121 1655 1188 1706 ad
1235 1653 1605 1706 maturitatem
1634 1669 1755 1707 cum

176 1743 360 1798 labore
411 1743 743 1812 perduxisti;
794 1743 884 1798 lilii
924 1744 1000 1798 tui
1035 1759 1170 1814 quos
1218 1744 1471 1812 pietatem
1502 1743 1756 1806 docuisti,

1859 565 1980 609 sent
2013 555 2062 608 ei
2094 555 2160 609 ad
2183 554 2630 617 consolationem,
2667 557 3046 612 consolaretur
3073 574 3153 613 se.
3191 557 3272 614 0b
3307 560 3430 624 hoc,

1859 644 2054 713 inquit,
2098 646 2280 699 omnia
2330 647 2623 701 denomino
2674 657 2838 717 atque
2893 649 3103 715 intimo,
3151 660 3210 705 ut
3255 652 3434 720 potius

1851 734 1985 802 justi
2022 736 2168 790 illius
2208 747 2444 790 mentem
2481 740 2823 805 perturbem,
2870 754 2974 805 quo
3018 738 3180 792 facile
3222 739 3288 792 ad
3336 739 3435 794 Dei

1858 825 2249 895 blasphemiam
2273 843 2559 896 provocem
2593 827 2923 898 patientem:
2961 829 3430 894 Manducantibus,

1858 921 2057 988 inquit,
2086 937 2148 974 ac
2173 922 2460 974 bibentibus
2494 922 2798 976 meridiano
2823 930 3088 991 tempore,
3120 924 3253 978 bora
3279 939 3433 995 pran-

1855 1013 1951 1075 dii,
1980 1012 2150 1066 subito
2193 1015 2411 1080 spiritus
2455 1015 2588 1067 venit
2645 1014 2710 1066 ab
2741 1029 2914 1068 eremo
2951 1015 3016 1068 ".
3054 1014 3178 1069 llzec
3203 1016 3438 1070 scientes

1857 1102 2032 1157 sancti
2091 1112 2252 1171 atque
2301 1104 2492 1157 borum
2553 1118 2844 1170 memores,
2904 1105 3047 1173 quod
3101 1106 3217 1174 ipso
3277 1109 3440 1161 nteri-

1857 1196 2020 1249 diano
2066 1206 2328 1263 tempore,
2365 1195 2498 1249 liora
2548 1197 2782 1264 prandii,
2828 1197 2981 1250 ruina
3017 1199 3273 1266 occupati
3313 1210 3437 1253 sunt

1858 1286 1952 1340 lilii
1987 1287 2090 1341 Job
2123 1297 2287 1356 atque
2328 1287 2550 1349 mortui,
2581 1295 2881 1346 oraverunt
2909 1288 2976 1340 ad
3013 1289 3182 1343 Deum
3215 1304 3440 1344 conser-

1857 1379 1971 1431 vari
2004 1379 2144 1432 sicut
2167 1394 2196 1430 a
2233 1379 2447 1448 negotio
2484 1379 2534 1432 iu
2569 1380 2809 1433 tenebris
2840 1379 3174 1444 ambulante,
3215 1380 3288 1434 ita
3323 1392 3380 1435 et
3405 1396 3438 1434 ι

1862 1471 2013 1524 ruina
2044 1481 2098 1525 et
2135 1487 2165 1524 a
2196 1471 2462 1525 daemonio
2497 1473 2822 1527 meridiano.
2860 1471 3008 1526 Sicut
3053 1473 3200 1527 enim
3247 1473 3300 1527 in
3337 1487 3438 1527 no-

1861 1561 1968 1616 ctis
1994 1564 2249 1626 tenebris,
2280 1565 2359 1618 sic
2394 1564 2644 1618 similiter
2682 1565 2734 1618 in
2772 1564 2952 1620 medio
2993 1564 3218 1620 meridie
3261 1566 3444 1634 plures

1859 1655 2160 1709 daemonum
2189 1655 2514 1709 tentatioues
2538 1671 2595 1710 se
2629 1656 3009 1711 demonstrant
3035 1673 3197 1727 quam
3231 1660 3441 1713 caeteris

1865 1744 2217 1813 temporibus.
2270 1743 2383 1798 Hoc
2431 1744 2684 1798 nimirum
2715 1744 2914 1800 claruit
2951 1747 3002 1800 in
3038 1747 3162 1801 ﬁliis
3188 1746 3313 1812 Job,
3345 1750 3441 1818 qui

172 1854 307 1908 quos
348 1840 445 1895 Dei
495 1843 708 1894 cultura
755 1839 1018 1902 imbuisti,
1051 1853 1190 1905 quos
1224 1848 1279 1892 ut
1309 1837 1540 1892 invicem
1585 1853 1643 1892 se
1674 1839 1756 1892 di-
1791 1833 1833 1888 Β
1865 1850 1968 1890 non
1994 1835 2102 1889 alio
2131 1845 2390 1903 tempore,
2418 1836 2510 1890 sed
2538 1838 2714 1892 medio
2741 1838 3013 1893 interfecti
3039 1848 3165 1894 sunt
3190 1841 3440 1897 meridie.

173 1931 411 2001 ligerent
444 1931 814 1995 introduxisti,
845 1945 981 1998 quos
1026 1930 1077 1982 in
1115 1929 1262 1983 omni
1298 1928 1510 1997 justitia
1550 1929 1644 1984 tibi
1679 1930 1756 1984 si-

169 2021 334 2077 miles
387 2021 696 2082 reddidisti;
746 2020 836 2073 ﬁlii
889 2020 960 2072 tui
1001 2035 1230 2088 quorum
1282 2020 1419 2074 ﬁlios
1457 2020 1642 2076 videre
1671 2037 1762 2076 cu-

168 2115 304 2183 pisti
337 2154 355 2181 ,
410 2129 644 2182 quorum
711 2115 1082 2183 posteritatem
1131 2123 1452 2182 exspectare
1507 2115 1698 2178 orasti,
1733 2130 1760 2168 a

161 2209 382 2275 quibus
419 2208 470 2262 in
497 2216 715 2262 senecta
754 2207 1097 2274 requiescere
1129 2216 1179 2259 te
1207 2207 1436 2275 sperasti
1464 2225 1478 2270 ;
1513 2207 1600 2261 isti
1631 2220 1763 2276 ergo

163 2299 278 2353 lilii
336 2299 436 2362 tui,
463 2309 520 2354 et
557 2313 661 2352 non
713 2299 884 2350 solum
941 2295 1056 2361 lilii,
1095 2297 1190 2351 sed
1254 2308 1311 2351 et
1357 2296 1514 2360 ﬁlize,
1575 2306 1758 2363 castae,

165 2392 417 2451 mundae,
449 2389 810 2444 immaculatae
864 2399 1026 2456 atque
1075 2388 1518 2456 incoiuquinataz,
1547 2403 1683 2456 quas
1710 2390 1760 2441 in

169 2491 428 2550 tempore
481 2481 791 2550 nuptiarum
829 2479 1078 2550 gloriosis
1099 2479 1315 2532 coronis
1347 2493 1611 2534 coronare
1634 2495 1756 2548 spe-

170 2574 374 2636 rabas;
433 2573 519 2627 isti
568 2588 698 2642 ergo
739 2572 898 2627 simul
934 2573 984 2624 iu
1025 2586 1188 2624 unum
1217 2571 1550 2624 unanimiter
1594 2582 1757 2641 atque

170 2666 548 2732 concorditer,
597 2675 768 2728 caste,
797 2666 1050 2733 benigne,
1101 2664 1302 2719 munde
1348 2664 1474 2716 dum
1534 2664 1761 2716 mandu-

171 2767 302 2814 cant
351 2766 411 2813 et
458 2758 671 2814 bibunt.
709 2773 816 2811 non
869 2767 1153 2826 vagantes,
1193 2770 1374 2824 neque
1419 2756 1756 2820 oberrantes,

174 2865 350 2922 neque
384 2860 508 2920 post
555 2849 948 2918 impudicitiam
990 2857 1300 2914 currentes,
1343 2862 1520 2917 neque
1553 2847 1620 2900 ad
1656 2847 1761 2901 illi-

175 2943 276 2996 cita
342 2940 718 3004 intendentes,
768 2954 943 3008 neque
989 2937 1260 3007 superﬂua
1312 2936 1614 3007 loquentes,
1665 2935 1760 2990 sed

177 3050 294 3088 cum
333 3034 642 3104 gratiarum
697 3031 911 3086 actione
965 3031 1383 3092 manducantes,
1437 3040 1602 3098 atque
1639 3043 1762 3082 cuiu

177 3126 559 3181 benedictione
621 3125 892 3187 bibentes,
922 3134 977 3178 et
1027 3123 1158 3176 illud
1190 3122 1335 3192 quod
1386 3130 1508 3191 post
1565 3121 1666 3175 hoc
1694 3120 1764 3174 ab

178 3217 439 3288 Apostolo
477 3218 679 3272 dictum
729 3230 815 3271 est
858 3215 1216 3284 adimplentes
1251 3230 1264 3265 ε
1293 3215 1415 3270 Sive
1442 3215 1568 3268 dum
1602 3231 1754 3267 man~
1789 3194 1830 3251 Π

175 3308 409 3368 ducaris,
475 3306 578 3359 sive
627 3305 752 3357 dum
812 3305 1024 3368 bibitis,
1069 3305 1173 3358 sive
1233 3305 1359 3356 dum
1425 3304 1573 3356 aliud
1631 3303 1759 3373 quid

177 3397 349 3466 agitis,
417 3398 592 3450 omnia
648 3397 700 3449 in
741 3396 966 3466 gloriam
1017 3396 1109 3449 Dei
1164 3397 1323 3464 facile
1343 3396 1425 3462 ³⁰;
1463 3395 1541 3450 sic
1578 3395 1762 3464 itaque

180 3490 638 3543 tuandncautibus
656 3504 720 3542 ac
744 3490 1052 3543 bibentibus
1079 3489 1202 3542 liliis
1236 3503 1301 3541 ac
1338 3487 1550 3540 ﬁliabus
1583 3488 1758 3542 tuis...

180 3580 336 3647 Bene,
390 3581 590 3650 inquit,
624 3596 755 3636 ecce
797 3581 1084 3636 ostendisti
1129 3581 1271 3648 quod
1308 3578 1760 3633 manducaverint

175 3684 227 3727 et
255 3674 524 3739 biberint,
563 3673 788 3728 ostende
823 3684 878 3727 et
930 3674 1034 3727 hoc
1066 3672 1206 3741 quod
1250 3670 1454 3724 factum
1500 3681 1587 3724 est
1630 3670 1757 3724 dum

179 3767 512 3819 manducaui
544 3775 599 3818 et
634 3765 844 3818 bibunt.
883 3763 1072 3830 Majas,
1114 3763 1306 3830 inquit,
1357 3771 1440 3818 est
1490 3778 1652 3832 quam
1701 3772 1762 3818 ut

179 3859 396 3914 edicere
452 3858 682 3924 valeam,
720 3857 1016 3911 terribilius
1060 3865 1142 3910 est
1189 3871 1351 3924 quam
1405 3867 1466 3911 ut
1513 3855 1760 3926 proferre

179 3957 430 4010 audeam.
467 3955 574 4010 Sed
609 3955 853 4018 interim,
889 3955 982 4018 ait,
1023 3953 1146 4022 quia
1184 3969 1291 4008 non
1328 3963 1412 4008 est
1444 3951 1754 4015 tacendum,

181 4046 376 4112 dicam,
419 4046 713 4115 proferam.
767 4046 960 4101 Subito
1005 4047 1233 4115 spiritus
1279 4045 1427 4100 venit
1471 4046 1540 4100 ab
1575 4059 1759 4100 eremo

183 4138 245 4192 ita
279 4139 466 4204 fortis,
505 4141 576 4195 ita
614 4141 884 4210 copiosus,
919 4141 988 4194 ita
1030 4141 1349 4203 vehemens,
1390 4138 1464 4194 ita
1498 4138 1758 4193 terribilis

181 4241 328 4302 atque
378 4231 847 4301 insupportabilis,
892 4241 950 4286 ut
990 4239 1231 4302 tangeret
1266 4241 1501 4300 quatuor
1530 4230 1756 4301 angulos

181 4323 395 4387 domus,
419 4332 476 4377 et
507 4323 737 4377 illideret
767 4339 884 4377 eam
931 4336 1094 4391 super
1128 4323 1267 4376 ﬁlios
1298 4333 1439 4386 tuos,
1471 4330 1527 4377 et
1556 4321 1751 4375 mortui

182 4427 316 4473 sunt.
350 4414 546 4486 Cujus,
577 4417 766 4485 inquit,
799 4417 899 4469 fuit
924 4416 1036 4468 haec
1063 4415 1291 4469 domus?
1326 4414 1536 4468 Fratris
1566 4427 1752 4467 eorum

185 4509 420 4576 majoris.
460 4509 574 4563 Non
612 4509 846 4570 fuerunt,
887 4509 1082 4577 inquit,
1119 4507 1172 4560 in
1216 4517 1404 4561 extera
1441 4507 1620 4572 domo,
1659 4521 1754 4560 nc-

183 4613 279 4668 que
311 4602 369 4655 in
401 4601 596 4663 aliena,
629 4601 723 4654 sed
766 4602 818 4655 in
854 4600 1072 4668 propria
1104 4601 1254 4652 fuere
1289 4599 1472 4660 domo,
1512 4600 1563 4651 in
1593 4599 1754 4649 domo

188 4693 270 4746 lilii
301 4694 404 4757 tui,
433 4692 618 4746 fratris
645 4694 726 4746 sui
762 4691 1004 4759 majoris.
1035 4691 1079 4746 Ο
1122 4690 1455 4760 nequissime
1489 4692 1754 4744 adversa-

191 4785 278 4845 rie,
331 4800 368 4839 o
409 4785 763 4838 callidissime
798 4783 1055 4838 diabole!
1094 4785 1204 4838 Cur
1252 4797 1359 4836 non
1408 4782 1591 4836 dixisti
1626 4781 1756 4834 sim-

190 4876 414 4943 pliciter.
451 4889 497 4931 et
555 4877 751 4930 mortui
781 4886 926 4941 sunt,
976 4877 1069 4930 sed
1111 4885 1168 4930 et
1205 4886 1400 4930 cuncta
1440 4888 1754 4936 enumeras,

191 4975 361 5024 omnia
425 4971 767 5032 denomiuas,
821 4979 874 5024 et
927 4968 1083 5033 lilios,
1129 4978 1183 5022 et
1236 4967 1394 5032 ﬁlias,
1456 4976 1510 5020 et
1549 4967 1753 5029 cibum,

190 5071 238 5113 et
268 5073 474 5129 potutn,
519 5070 574 5115 ct
621 5063 860 5124 domum,
914 5071 968 5114 et
1009 5061 1253 5122 fratrem,
1301 5068 1352 5112 et
1385 5058 1557 5123 ﬁlium
1610 5068 1756 5110 tumn

189 5155 480 5222 majorem?
519 5154 572 5210 ln
630 5157 790 5210 d0m0
837 5155 1084 5223 inquiens
1136 5153 1322 5206 fratris
1371 5150 1476 5213 sui,
1532 5149 1623 5203 lilii
1681 5149 1755 5201 tui

207 5247 436 5314 majoris.
501 5248 582 5302 0b
643 5249 766 5310 hoc,
823 5248 1016 5316 inquit,
1063 5247 1174 5300 lucc
1215 5247 1395 5298 omnia
1461 5244 1756 5297 deoumero

192 5348 347 5404 atque
380 5340 684 5401 denomino,
715 5355 820 5407 quo
861 5339 1030 5407 magis
1061 5347 1290 5390 atteram
1324 5345 1488 5403 atque
1519 5331 1752 5402 allligatn

195 5431 414 5485 animam
472 5433 632 5500 ejus:
685 5442 848 5498 atque
893 5430 962 5482 ob
1005 5429 1108 5482 hoc
1151 5428 1265 5481 haec
1317 5426 1501 5480 omnia
1544 5425 1754 5491 loquor,

195 5537 293 5587 quo
341 5527 510 5593 magis
560 5525 924 5578 comminuam
977 5536 1072 5572 t'0l‘
1102 5521 1238 5587 ejus,
1277 5519 1360 5572 cui
1406 5518 1521 5571 haec
1555 5514 1750 5570 refero.

197 5612 246 5663 Si
272 5615 430 5680 solos,
475 5616 668 5685 inquit,
719 5613 856 5667 ﬁlias
901 5612 1286 5674 umninassem,
1335 5622 1390 5663 et
1433 5609 1570 5661 lilias
1622 5623 1749 5670 non,

263 5796 306 5824 ¹⁹
334 5793 427 5848 Job
460 5813 497 5857 ι,
539 5794 620 5857 l8,
671 5795 750 5845 l9.
828 5793 868 5822 ³ο
911 5792 1079 5844 lCor.
1118 5807 1172 5852 Χ,
1205 5791 1286 5842 51.

1371 5789 1410 5819 ³¹
1448 5789 1544 5843 Job
1576 5804 1613 5854 I,
1647 5788 1726 5851 l8,
1759 5788 1838 5840 l9.

1862 1928 2070 1990 Subito,
2099 1927 2293 1996 inquit,
2319 1929 2537 1991 spiritus
2570 1930 2704 1983 venit
2729 1930 2794 1982 ab
2815 1945 3008 1993 eremo,
3035 1941 3080 1984 et
3107 1932 3276 2000 tetigit
3303 1949 3442 2002 qua-

1864 2028 1988 2072 tuor
2027 2020 2254 2088 angulos
2311 2020 2520 2073 domus.
2574 2019 2620 2074 Ο
2668 2020 3057 2089 malignissime
3106 2023 3441 2089 adversarie,

1867 2113 1992 2166 item
2021 2111 2130 2165 Deo
2158 2111 2432 2181 applicare
2457 2113 2629 2181 cupis,
2666 2111 3126 2168 itemCreatorem
3145 2115 3445 2184 depravare

1865 2206 2084 2273 quieris,
2122 2204 2324 2258 idcirco
2347 2204 2622 2273 spiritum,
2653 2206 2755 2258 hoc
2775 2214 2857 2259 est
2892 2215 3133 2274 ventum,
3169 2207 3238 2262 ab
3258 2223 3446 2264 eremo

1868 2297 2051 2352 venire
2091 2297 2249 2351 dicis.
2284 2296 2418 2350 Nam
2454 2297 2580 2365 quia
2612 2295 2756 2350 Deus
2781 2307 2865 2350 est
2899 2296 2994 2365 qui
3036 2297 3288 2365 producit
3311 2314 3444 2354 ven-

1869 2397 1948 2442 tos
1970 2389 2034 2440 de
2055 2387 2328 2440 thesauris
2347 2388 2481 2452 suis,
2517 2387 2712 2442 merito
2744 2397 2959 2440 ventum
2985 2388 3052 2441 ab
3075 2403 3259 2443 eremo
3287 2390 3445 2458 quasi

1864 2495 1894 2532 a
1927 2478 2038 2532 Deo
2064 2483 2290 2534 missum
2317 2479 2502 2533 venire
2531 2479 2667 2532 dicis
2702 2496 2716 2532 :
2760 2489 2817 2532 ut
2845 2492 2898 2533 ct
2937 2480 3037 2534 hoc
3061 2481 3209 2550 quod
3242 2481 3444 2536 factum

1863 2582 1950 2626 est
1977 2571 2086 2625 Deo
2111 2571 2428 2640 imputetur,
2454 2585 2564 2624 non
2594 2571 2647 2624 in
2683 2571 2846 2635 bono,
2880 2572 2973 2626 sed
3003 2572 3056 2626 in
3083 2573 3248 2638 malo,
3280 2584 3444 2642 atque

1865 2663 2102 2718 audienti
2135 2662 2187 2714 in
2221 2662 2559 2716 scandalum.
2595 2660 2730 2716 Nam
2755 2662 2898 2718 sicut
2922 2677 3084 2731 super
3107 2679 3238 2719 oves
3265 2665 3444 2734 ignem

1863 2753 1931 2807 de
1969 2752 2109 2806 caelo
2148 2753 2349 2807 cadere
2380 2753 2535 2816 dixit,
2585 2752 2659 2807 ita
2709 2761 2764 2808 et
2794 2769 2935 2809 tione
2966 2755 3243 2823 spiritum,
3279 2756 3330 2810 id
3361 2766 3448 2814 est

1863 2853 2106 2907 ventum,
2148 2843 2214 2897 ab
2244 2857 2429 2898 eremo
2469 2845 2680 2899 venisse
2723 2846 2902 2900 dicit:
2951 2855 3008 2900 ut
3057 2856 3287 2915 utraque
3332 2847 3444 2906 Deo

1863 2934 2163 3004 applicaret
2195 2949 2293 3003 pro
2329 2935 2684 3004 blasphemiae
2718 2939 3123 3006 provocatione,
3157 2949 3322 3009 atque
3356 2956 3445 2996 re-

1864 3030 2245 3098 prebensionis
2284 3031 2613 3102 occasione:
2645 3030 3058 3100 Subito,iuquit,
3097 3033 3319 3101 spiritus
3361 3051 3444 3088 ve-

1868 3120 1944 3172 nit
1975 3120 2038 3172 ab
2077 3135 2271 3173 eremo.
2303 3118 2625 3189 Derepente,
2661 3121 2958 3191 insperate,
2992 3122 3140 3178 illico
3179 3139 3302 3178 cum
3337 3132 3442 3180 tm-

1869 3219 2013 3281 petu,
2052 3212 2296 3280 spiritus.
2328 3223 2536 3276 ventus,
2577 3222 2888 3282 tempestas,
2931 3216 3167 3283 procella
3202 3217 3348 3271 venit
3375 3219 3444 3274 ab

1868 3319 2070 3358 eremo.
2101 3305 2166 3358 Et
2193 3305 2323 3374 quid
2349 3305 2507 3360 fecit?
2542 3304 2752 3375 Tetigit,
2782 3306 2976 3375 inquit,
3004 3318 3238 3376 quatuor
3269 3327 3442 3380 angu-

1867 3397 1945 3450 los
1972 3398 2179 3462 domus,
2204 3406 2251 3450 et
2276 3399 2460 3450 cecidit
2483 3414 2640 3464 super
2665 3398 2806 3466 ﬁlios
2831 3409 2971 3465 tuos,
3001 3410 3050 3454 et
3072 3403 3268 3455 mortui
3292 3417 3441 3462 sunt.

1868 3491 2000 3558 Quis
2015 3506 2164 3560 ergo,
2192 3492 2288 3554 ait,
2313 3500 2397 3545 est
2430 3491 2620 3545 mortis
2647 3505 2834 3545 eorum
2864 3505 3010 3555 reus,
3033 3508 3065 3546 ο
3089 3492 3230 3547 Job?
3254 3494 3445 3549 Nonne

1867 3585 1956 3653 qui
1992 3593 2209 3636 ventum
2239 3580 2490 3650 produxit
2521 3592 2686 3651 atque
2711 3581 2972 3635 adduxit?
2997 3579 3149 3636 Sicut
3175 3592 3231 3637 et
3262 3583 3443 3637 ovium

1871 3685 2084 3730 tuarum
2120 3673 2514 3728 combustiouis
2559 3674 2683 3742 quis
2729 3683 2922 3728 auctor
2963 3682 3069 3738 est,
3118 3674 3219 3728 nisi
3263 3689 3310 3727 ιε
3347 3677 3442 3744 qui

1869 3767 2047 3836 ignem
2081 3765 2146 3819 de
2172 3765 2317 3820 ctelo
2340 3765 2525 3820 misit?
2555 3765 2662 3821 Sed
2684 3765 2831 3832 audi,
2861 3765 3058 3836 inquit,
3089 3781 3122 3820 o
3149 3766 3274 3822 Job.
3307 3766 3442 3821 Cum

1867 3858 2186 3913 substantiae
2201 3857 2594 3911 abundantiam
2611 3858 2838 3926 perdere
2854 3857 3248 3927 contempsisti,
3269 3859 3446 3912 omni-

1868 3953 1967 4006 bus
1988 3950 2335 4004 facultatibus
2366 3948 2672 4005 tibiablatis
2690 3950 2997 4006 sustinuisti
3022 3972 3033 4006 :
3055 3951 3286 4007 ﬁliorum
3312 3967 3445 4008 vero

1865 4043 2219 4114 perditionem
2235 4043 2500 4112 quomodo
2513 4042 2838 4098 sustinebis?
2853 4052 3100 4096 natorum
3117 4053 3442 4100 tormentum

1863 4138 2132 4208 quomodo
2179 4136 2478 4205 bajulabis?
2521 4134 2730 4203 Subito,
2775 4137 2971 4205 inquit,
3011 4137 3146 4190 venit
3176 4138 3240 4190 ab
3267 4155 3443 4192 eremo

1863 4229 2100 4296 spiritus,
2123 4239 2170 4282 et
2187 4229 2352 4298 tetigit
2376 4238 2606 4298 quatuor
2623 4228 2845 4298 angulos
2866 4229 3074 4294 domus,
3092 4236 3140 4282 et
3157 4230 3342 4283 cecidit
3359 4247 3445 4282 su-

1861 4336 1954 4388 per
1968 4320 2106 4388 ﬁlios
2127 4329 2264 4382 tuos,
2284 4318 2541 4371 etmortui
2558 4327 2702 4370 sunt.
2723 4315 2824 4370 Per
2845 4318 2944 4371 hoc
2966 4317 3109 4386 quod
3143 4318 3272 4372 dicit
3301 4317 3443 4384 ﬁlios

1862 4409 2265 4477 tuos,stimulat
2285 4425 2503 4464 sensum
2528 4410 2662 4476 ejus,
2696 4409 2974 4464 doloribus
3000 4408 3170 4463 allicit
3201 4410 3438 4464 animam

1863 4502 2000 4570 ejus,
2015 4501 2292 4572 liquefacit
2308 4499 2604 4570 praecordia
2619 4500 2756 4570 ejus,
2776 4511 3032 4569 provocat
3049 4509 3283 4555 mentem
3301 4501 3441 4570 ejus,

1862 4612 1970 4665 quo
1998 4597 2169 4665 magis
2200 4604 2319 4662 post
2353 4593 2491 4646 lilios
2524 4593 2828 4660 liquescens
2853 4593 3303 4647 succenderetur.
3330 4592 3438 4648 Sed

1863 4697 2064 4759 quanto
2096 4687 2215 4757 plus
2250 4685 2613 4755 nequissimus
2661 4685 2986 4740 tentationes
3028 4684 3132 4740 Job
3186 4687 3443 4754 multipli-

1864 4782 2043 4844 cabat,
2075 4789 2222 4834 tanto
2249 4777 2480 4846 amplius
2503 4791 2761 4830 coronam
2796 4777 2976 4845 gloria:
3004 4778 3145 4846 apud
3173 4789 3436 4831 aeternum

1863 4872 2108 4928 iudicem
2132 4870 2180 4924 ei
2208 4866 2607 4936 augmentabat.
2637 4866 2738 4933 Qui
2757 4869 2896 4920 enim
2927 4869 3228 4938 simplicem
3267 4879 3445 4922 trans-

1864 4966 1986 5021 ierit
2038 4963 2390 5017 tentatiouem
2412 4959 2495 5014 vel
2519 4959 2918 5026 probationem,
2933 4959 3234 5028 simplicem
3255 4961 3438 5028 procul

1863 5056 2026 5110 dubio
2041 5055 2272 5122 accipiet
2291 5051 2620 5106 mercedem.
2635 5050 2736 5117 Qui
2758 5061 2936 5103 autem
2957 5048 3122 5103 fuerit
3139 5047 3440 5116 ntttltiplici-

1864 5156 1946 5200 ter
1971 5147 2256 5214 probatus,
2279 5141 2561 5211 multiplici
2584 5139 2756 5209 gloria
2779 5139 2896 5192 sine
2915 5137 3080 5192 dubio
3109 5153 3136 5189 a
3155 5136 3304 5212 justo
3333 5136 3439 5191 Deo

1863 5235 2230 5298 coronabitur,
2246 5234 2698 5302 quemadmodum
2724 5233 2914 5287 beatus
2938 5229 3060 5294 Job,
3077 5231 3166 5299 qui
3186 5228 3438 5282 omnibus

1863 5329 2057 5384 diaboli
2079 5326 2510 5398 malignitatibus
2525 5335 2686 5395 atque
2701 5325 2953 5380 versutiis
2977 5323 3226 5393 superior
3250 5330 3333 5375 est
3357 5321 3439 5374 el'-

1865 5421 2377 5485 fectus,etomnibus
2390 5418 2774 5474 tentationibus
2789 5417 2905 5486 ejus
2922 5417 3112 5470 fortior
3125 5415 3441 5483 comproba-

1867 5526 1949 5569 tus
1974 5513 2249 5584 respondit
2271 5514 2340 5574 ei,
2365 5512 2574 5565 dicens:
2599 5509 2740 5564 Dicis
2765 5510 2903 5578 quod
2923 5512 2989 5563 ab
3009 5521 3193 5562 eremo
3217 5505 3439 5570 veniens

1862 5606 2106 5676 spiritus,
2139 5606 2240 5660 hoc
2263 5613 2348 5660 est
2373 5614 2586 5669 ventus,
2611 5611 2664 5658 et
2698 5610 2920 5672 tangens
2954 5608 3186 5671 quatuor
3211 5596 3438 5665 angulos
