3992 6312
584 359 678 412 ιῦί

1697 313 2094 407 amantes
2136 342 2200 400 IN
2236 342 2375 401 tos.
2416 379 2485 387 -
2520 346 2652 404 LIB.
2696 348 2742 404 ι.

3730 361 3826 416 452

586 481 778 532 domus
816 475 1009 544 dejeeit
1047 490 1187 539 eam,
1231 484 1286 529 et
1328 432 1466 528 ﬁlios
1501 488 1647 529 meos
1696 472 1973 527 interiecit
2007 486 2022 525 :
2071 471 2165 526 sed
2198 472 2236 525 Α
2270 471 2398 526 Taie
2432 473 2709 527 desertum
2746 472 2920 528 iactus
2959 483 3046 530 est
3094 476 3188 531 ille
3234 474 3435 531 inlelix
3468 474 3646 541 ludas,
3695 495 3827 551 post-

590 569 858 634 meutiris,
914 569 1106 638 inquit,
1153 580 1186 621 ο
1215 565 1450 628 diabolo,
1494 574 1549 620 et
1598 581 1685 620 me
1732 580 1837 619 non
1885 564 2158 617 irridebis.

586 660 854 724 Mentiris,
882 676 916 713 ο
947 660 1353 727 malignissima,
1389 667 1442 711 et
1472 673 1561 713 me
1600 673 1706 712 non
1740 657 2159 712 circumvenies.

584 752 873 824 Nunquam
903 753 1213 806 enimoventi
1236 768 1265 804 a
1291 751 1405 805 Deo
1434 752 1653 809 excitati
1682 760 1918 819 quatuor
1967 760 2158 804 contra

586 847 816 903 invicem
847 845 1132 910 ﬂaverant,
1159 859 1334 914 tneque
1359 842 1513 907 ﬁant,
1538 844 1631 898 sed
1651 860 1787 897 unus
1811 853 1867 898 et
1882 858 2042 908 unus,
2070 851 2165 897 aut

586 936 690 993 istc
712 951 804 993 aut
821 938 927 992 ille.
973 938 1254 1007 Nunquam
1276 938 1421 991 enim
1447 937 1685 990 auditum
1706 945 1787 990 est
1810 938 1951 1003 quod
1970 934 2161 990 ﬂantes

586 1030 730 1082 venti
777 1028 967 1081 domos
1017 1042 1045 1080 a
1100 1026 1472 1081 fundamentis
1517 1027 1924 1087 subverterunt,
1968 1034 2024 1078 et
2071 1039 2164 1078 eas

586 1121 821 1174 maxime
855 1134 974 1187 quae
1012 1134 1172 1187 super
1220 1117 1371 1171 arida
1421 1128 1547 1172 sunt
1592 1116 1849 1182 fundatte,
1890 1118 1955 1170 ad
1991 1117 2163 1171 instar

587 1214 804 1267 navium
834 1227 954 1279 quae
985 1212 1037 1263 in
1077 1209 1267 1280 pelago
1295 1209 1549 1273 natitant,
1580 1210 1908 1279 generaliter
1929 1209 2157 1264 subver-

584 1305 746 1358 tendo
798 1305 1193 1358 demersernnt.
1247 1301 1371 1357 Hzee
1430 1315 1703 1370 nunquam
1753 1310 2159 1370 provenerunt,

583 1410 760 1465 neque
794 1393 1139 1463 provenient,
1172 1409 1200 1448 a
1228 1403 1516 1447 ventorum
1549 1392 1737 1447 [labris
1772 1393 1853 1447 vel
1881 1392 2157 1463 procellis.

584 1487 726 1551 Noli,
752 1487 947 1555 inquit,
977 1485 1291 1541 insimulare
1320 1486 1602 1541 mendacio
1628 1486 1825 1551 Deum,
1854 1502 1888 1540 ο
1916 1486 2151 1549 diabolo,

581 1581 689 1633 tuis
720 1578 1040 1645 sceleribus,
1066 1577 1173 1632 noli
1206 1578 1505 1647 depravare
1552 1578 1867 1633 Creatorem
1898 1579 2004 1632 tuis
2032 1594 2160 1649 per-

583 1672 714 1726 ditis
742 1671 1141 1739 iniquitatibus.
1180 1670 1255 1723 Ex
1288 1681 1339 1725 te
1361 1671 1504 1724 enim
1549 1680 1677 1725 sunt
1719 1671 1832 1725 haec
1862 1681 1916 1724 et
1945 1686 2050 1725 non
2088 1687 2155 1725 ex

584 1763 733 1817 Deo:
769 1778 833 1817 ex
877 1772 968 1815 tua
996 1762 1297 1830 iniquitate,
1329 1771 1386 1816 et
1415 1777 1518 1814 non
1546 1776 1609 1815 ex
1644 1760 1922 1817 Creatoris
1950 1764 2161 1816 immis-

594 1858 768 1913 sione.
821 1855 1032 1917 Snbito,
1067 1855 1261 1924 inquit,
1302 1856 1521 1922 spiritus
1552 1855 1690 1910 venit
1732 1857 1800 1909 ab
1839 1872 2032 1910 eremo.
2080 1855 2155 1910 De

587 1961 640 2003 te
672 1949 786 2019 ipso
816 1948 934 2002 haec
980 1947 1236 2017 loqueris,
1269 1945 1457 2001 inlelis
1501 1946 1737 2002 diabolo.
1783 1947 1863 2002 Tu
1907 1948 2162 2004 videlicet

583 2057 645 2096 es
670 2042 895 2111 spiritus
937 2040 1005 2094 ab
1048 2053 1233 2094 eremo
1270 2039 1519 2103 veniens,
1566 2049 1623 2092 tu
1670 2048 1902 2109 quatuor
1932 2041 2159 2112 angulos

583 2136 775 2188 domus
816 2133 1066 2202 tetigisti,
1109 2141 1268 2200 atque
1311 2130 1544 2187 ﬁliorum
1591 2132 2019 2189 internecionem
2076 2133 2155 2188 ie-

584 2226 728 2279 eisli.
765 2225 846 2279 Tu
882 2240 949 2279 es
987 2224 1075 2293 qui
1114 2224 1406 2292 aliquando
1442 2226 1496 2277 in
1543 2226 1728 2280 hostes
1764 2228 2070 2296 praedantes
2112 2238 2162 2284 te

586 2317 1002 2386 transﬁgurasti,
1036 2316 1329 2384 aliquando
1364 2316 1417 2369 in
1462 2315 1643 2384 ignem
1682 2317 1748 2371 de
1796 2317 1935 2373 celo
1964 2320 2163 2374 caden-

572 2419 727 2470 tem;
763 2423 1153 2476 nonnunquam
1184 2417 1364 2461 autem
1409 2409 1462 2461 in
1506 2411 1607 2464 tria
1649 2425 1853 2464 cornua
1892 2413 2159 2481 equitum,

576 2502 719 2556 sicut
761 2512 816 2555 et
839 2517 980 2555 nunc
1014 2502 1067 2554 in
1114 2501 1407 2569 procellam
1454 2503 1600 2555 venti
1648 2512 1883 2571 quatuor
1932 2503 2161 2572 angulos

578 2595 771 2647 domus
805 2603 1136 2663 tangentem,
1175 2603 1229 2645 et
1260 2595 1430 2663 ipsam
1461 2593 1684 2647 domum
1722 2610 1748 2647 a
1790 2595 2163 2651 iurulamentis

578 2686 998 2749 subvertentem,
1032 2696 1194 2754 atque
1242 2700 1337 2740 eos
1385 2684 1474 2752 qui
1510 2684 1838 2740 intrinsecus
1889 2698 2048 2741 erant
2088 2690 2165 2742 in-

580 2776 962 2833 terﬁcientem.
1035 2776 1182 2839 Tute,
1240 2778 1436 2845 inquit,
1475 2777 1776 2845 iniquitatis
1818 2780 2162 2849 operationes

568 2879 704 2924 sunt
742 2870 861 2924 inec
901 2870 1106 2934 omnia,
1133 2884 1167 2923 ο
1214 2870 1548 2937 nequissime
1591 2868 1821 2924 diabolo.
1856 2870 1992 2925 Nam
2020 2871 2162 2927 Deus

580 2972 807 3019 mortem
878 2977 982 3015 non
1048 2960 1196 3026 fecit,
1257 2975 1432 3031 neque
1478 2962 1691 3017 laetatur
1747 2964 1801 3016 in
1858 2964 2163 3033 perditione

576 3055 843 3118 vivorum,
897 3055 991 3109 sed
1055 3064 1147 3109 tua
1196 3055 1395 3109 invidia
1454 3065 1617 3126 atque
1676 3057 1794 3111 zelo
1854 3072 2008 3112 mors
2079 3058 2160 3112 in-

2264 580 2427 634 quam
2464 564 2704 632 Spiritus
2738 576 2959 622 sanctus
2984 567 3430 625 familiaritatem
3458 579 3618 639 atque
3652 572 3829 629 illumi-

2264 657 2537 710 nationetu
2566 672 2596 708 a
2620 672 2680 710 se
2702 658 2934 726 expulit,
2955 667 3010 712 et
3032 670 3354 716 sanctorum
3378 662 3688 730 angelorum
3717 680 3831 721 con-

2260 746 2596 819 iunctionem
2646 759 2810 816 atque
2842 750 3232 806 habitationem
3276 767 3307 804 a
3342 765 3403 805 se
3441 754 3661 817 amovit,
3704 756 3832 811 sicut

2265 840 2398 894 dicit
2421 853 2438 893 :
2456 839 2528 893 Et
2543 851 2653 906 post
2668 842 2777 894 lucc
2798 841 3025 895 introivit
3047 843 3099 894 in
3112 859 3231 895 eum
3250 842 3490 897 Satanas
3508 844 3572 901 ³⁸.
3593 844 3742 901 Tales
3755 862 3835 901 so-

2265 933 2517 987 litudines
2544 932 2763 987 fuerunt
2786 932 2914 985 olim
2936 948 3123 988 omnes
3176 936 3669 1005 pseudopropheta:
3688 949 3832 1006 atque

2266 1025 2387 1079 falsi
2416 1028 2748 1092 sacerdotes,
2782 1027 2856 1079 itii
2886 1029 2952 1081 ad
2986 1043 3120 1097 quos
3150 1028 3290 1081 dicit
3309 1027 3563 1082 bliehacas
3587 1030 3825 1099 propheta

2264 1130 2392 1174 ante
2417 1121 2606 1175 Achab
2652 1138 2831 1190 regem
2865 1122 3027 1176 Israel
3065 1140 3079 1175 :
3123 1120 3277 1175 Dedit
3320 1120 3577 1175 Dominus
3608 1126 3833 1190 spiritum

2264 1216 2564 1268 rnendaoern
2605 1215 2661 1267 in
2711 1231 2801 1268 ore
2833 1216 3065 1268 omnium
3099 1216 3481 1281 prophetarum
3523 1225 3723 1268 tuorum
3772 1216 3829 1273 ³³.

2262 1306 2417 1373 Quod
2472 1322 2595 1360 cum
2630 1307 2867 1361 audisset
2902 1307 3153 1376 princeps
3216 1305 3464 1374 ipsorum
3525 1310 3834 1377 pseudopro-

2258 1399 2546 1469 phetarum
2613 1398 2909 1453 Sedechias
2968 1398 3109 1452 ﬁlius
3167 1399 3480 1461 Chanaam,
3546 1402 3832 1467 percutiens

2262 1489 2543 1544 Michtcam
2575 1489 2630 1543 in
2665 1490 2940 1544 maxillam
2976 1490 3115 1546 dixit
3145 1509 3159 1545 :
3204 1489 3345 1557 Quis
3370 1489 3603 1560 Spiritus
3638 1491 3831 1547 Domini

2263 1581 2500 1634 discessit
2518 1598 2555 1634 α
2577 1597 2679 1648 tne,
2698 1592 2752 1635 ut
2776 1582 3076 1651 loqueretur
3099 1584 3153 1635 in
3182 1594 3232 1636 te
3255 1580 3344 1635 "?
3373 1581 3477 1637 Per
3496 1597 3612 1651 qua;
3630 1584 3830 1639 eviden-

2262 1684 2348 1729 ter
2373 1674 2635 1739 ostendit,
2663 1674 2791 1743 quia
2836 1674 3087 1729 diseessit
3124 1675 3192 1729 ab
3232 1690 3300 1729 eo
3342 1672 3581 1744 Spiritus
3612 1674 3828 1737 Domini.

2261 1778 2317 1819 et
2348 1767 2611 1822 habitavit
2647 1768 2701 1821 in
2742 1781 2806 1823 eo
2853 1767 3077 1837 spiritus
3112 1767 3343 1834 diaboli,
3390 1778 3577 1838 utpote
3611 1769 3832 1824 desolato

2268 1877 2297 1913 a
2330 1860 2535 1930 Spiritu
2594 1868 2803 1915 sancto.
2841 1858 2991 1915 Talia
3042 1859 3261 1914 deserta
3310 1860 3443 1914 facti
3492 1870 3615 1914 sunt
3650 1859 3829 1926 Judzi,

2263 1953 2354 2019 qui
2388 1951 2616 2006 Domino
2644 1967 2749 2007 non
2784 1952 3155 2015 crediderunt,
3195 1967 3379 2021 neque
3422 1954 3693 2023 suscipere
3720 1970 3826 2007 eum

2263 2053 2570 2107 voluerunt.
2600 2052 2903 2124 Propterea
2940 2054 3074 2108 dixit
3116 2057 3183 2107 ad
3219 2067 3319 2108 eos
3363 2050 3669 2104 Dominus:
3711 2046 3831 2099 Ecce

2263 2145 2587 2215 relinquetur
2655 2147 2797 2200 vobis
2850 2148 3037 2200 domus
3102 2158 3275 2200 vestra
3324 2146 3535 2199 deserta
3580 2142 3643 2193 ⁸³.
3696 2139 3828 2193 Talia

2264 2239 2473 2294 scilicet
2507 2239 2719 2293 deserta
2756 2237 2898 2294 facta
2943 2249 3069 2293 sunt
3116 2240 3284 2294 etiam
3320 2252 3466 2292 nunc
3504 2248 3689 2289 omnes
3720 2234 3828 2287 inﬁ-

2262 2331 2462 2383 delinnt
2494 2340 2658 2385 sectae
2688 2339 2850 2400 atque
2876 2331 3142 2395 ltzereses,
3172 2346 3299 2401 qua:
3326 2329 3589 2383 desolatre
3614 2327 3728 2381 ﬁdei
3754 2342 3829 2379 ve-

2264 2424 2428 2477 ritate
2461 2436 2623 2494 atque
2670 2425 2819 2479 omni
2860 2424 3083 2494 pietate,
3121 2423 3174 2476 in
3210 2422 3418 2492 quibus
3455 2420 3705 2474 habitans
3726 2418 3829 2469 dia-

2265 2515 2417 2569 bolus
2462 2515 2839 2570 multitudines
2879 2513 3266 2569 scandalornm
3323 2522 3587 2580 tanquam
3642 2509 3831 2562 zizania

2265 2609 2316 2661 in
2340 2607 2418 2662 eis
2439 2608 2571 2662 oriri
2604 2606 2754 2663 fecit.
2774 2607 2906 2662 Post
2932 2620 3055 2677 quae
3080 2608 3345 2661 universa
3374 2607 3551 2660 adhuc
3574 2605 3625 2659 in
3659 2604 3829 2658 ultimo

2266 2700 2390 2753 talia
2419 2700 2634 2755 deserta
2664 2710 2791 2755 sunt
2816 2715 3005 2757 omnes
3028 2702 3367 2771 pertinaces,
3396 2712 3587 2754 omnes
3607 2697 3830 2751 crederes

2263 2794 2353 2862 qui
2389 2808 2493 2849 non
2542 2803 2707 2865 agunt
2735 2795 3139 2865 pmttitentiam,
3171 2794 3263 2861 qui
3304 2792 3639 2848 contristent
3671 2787 3826 2855 Spiri-

2264 2896 2376 2941 tum
2430 2897 2701 2953 sanctum,
2750 2887 2805 2940 in
2851 2901 2959 2958 quo
2991 2885 3198 2954 pridem
3243 2883 3454 2954 signati
3485 2891 3608 2935 sunt
3654 2881 3705 2931 in
3754 2877 3832 2931 die

2264 2980 2681 3049 redemptionis,
2717 2978 2809 3048 qui
2854 2978 3185 3034 contristant
3219 2987 3453 3030 sanctos
3487 2970 3719 3041 angelos,
3745 2968 3825 3038 qui

2264 3073 2497 3140 gaudent
2542 3082 2706 3139 super
2739 3083 2855 3132 eos,
2897 3068 2989 3137 qui
3040 3082 3137 3136 pro
3171 3067 3422 3135 peccatis
3476 3059 3825 3133 paenitentiam

576 3151 763 3203 troivit
806 3150 858 3203 in
906 3149 1184 3204 mundum.
1228 3148 1383 3203 Sicut
1418 3150 1561 3203 enim
1598 3149 1650 3203 in
1688 3159 1857 3203 totum
1900 3150 2156 3204 mundum
2188 3170 2232 3230 ε
2264 3171 2449 3232 agunt,
2487 3161 2689 3217 Omnes
2726 3175 2856 3230 ergo
2888 3160 2975 3214 isti
3022 3158 3243 3214 desotaii
3282 3166 3415 3212 sum
3458 3158 3547 3226 qui
3588 3169 3686 3208 non
3726 3163 3828 3221 pa:-

578 3243 729 3297 n'iors
762 3241 1012 3296 introivit
1052 3257 1153 3312 per
1188 3253 1336 3296 tuum
1384 3242 1583 3307 zelum,
1616 3242 1687 3294 ita
1725 3251 1779 3296 et
1806 3257 1954 3296 nunc
1992 3256 2155 3311 super

574 3336 719 3391 tilias
751 3333 846 3391 Job
878 3350 973 3406 per
1001 3347 1150 3389 tuum
1187 3335 1361 3392 selum
1397 3346 1453 3389 et
1497 3336 1754 3388 invidiam
1790 3336 2027 3405 perditio
2063 3338 2159 3391 ad-

576 3429 748 3492 venit,
792 3437 955 3497 atque
992 3430 1271 3494 interitus,
1310 3444 1349 3485 o
1393 3428 1723 3498 nequissime
1766 3428 2007 3487 diabole.
2046 3430 2159 3485 Hoc

574 3535 754 3578 autem
808 3535 862 3576 tu
892 3525 1007 3594 ipse
1052 3524 1121 3579 de
1167 3525 1456 3593 temet‘ipso
1508 3523 1915 3590 demonstrans,
1962 3524 2095 3579 dicis
2140 3542 2154 3577 :

576 3615 765 3673 Subito
790 3618 1011 3688 spiritus
1040 3620 1175 3672 venit
1204 3619 1271 3671 ab
1305 3632 1501 3673 eremo.
1541 3617 1732 3673 Subito
1764 3618 1908 3671 enim
1936 3616 2162 3673 occulte

571 3720 736 3781 atque
766 3710 1016 3765 clanculo
1037 3712 1353 3768 innumeros
1380 3712 1672 3776 subvertis,
1703 3711 2021 3765 innumeros
2048 3711 2153 3763 cirv

572 3804 875 3866 cumvenis,
923 3813 979 3857 et
1022 3813 1129 3857 tua:
1174 3804 1645 3859 eoudenmationis
1689 3804 1938 3859 lueredes
1995 3802 2149 3869 facis,

574 3910 713 3963 quos
741 3896 838 3948 ζιενὶ
870 3906 1072 3950 aeterna
1101 3898 1387 3951 conversio
1425 3896 1606 3951 subito
1644 3893 2025 3966 apprehendit,
2059 3904 2155 3947 ut-

576 3994 699 4052 pote
721 4000 750 4036 a
794 3993 847 4038 te
876 3986 926 4039 iu
961 3986 1117 4039 malis
1146 3988 1419 4041 seductos.
1452 3985 1533 4043 0b
1558 3990 1661 4042 hoc
1695 4002 1825 4057 ergo
1851 3988 2033 4042 subito
2063 4002 2152 4041 ve-

576 4080 656 4133 nit
689 4079 926 4148 spiritus.
969 4078 1050 4138 Tu
1091 4081 1205 4149 ipse
1238 4096 1300 4136 es
1336 4082 1478 4136 aeris
1530 4091 1847 4151 penetrator
1877 4080 2147 4144 diabolus,

575 4188 871 4242 aereusque
889 4175 1113 4243 spiritus
1135 4174 1202 4229 ab
1228 4188 1413 4227 eremo
1434 4187 1451 4225 :
1474 4173 1701 4241 spiritus
1735 4188 1862 4226 vero
1890 4182 2151 4242 tanquam

576 4273 627 4322 in
660 4282 901 4323 eremum
937 4281 1001 4320 ac
1025 4267 1396 4329 solitudinem,
1438 4264 1528 4318 ubi
1562 4279 1737 4334 neque
1765 4264 2029 4328 hominis,
2062 4278 2153 4318 ne-

574 4374 679 4429 que
708 4359 1076 4430 quadrupedis
1107 4358 1397 4428 vestigium
1417 4357 1651 4411 traditur
1676 4354 1951 4425 proiectus
1983 4365 2148 4425 atque

571 4454 848 4524 expulsus.
874 4456 977 4507 Aut
1009 4454 1184 4507 adhuc
1212 4451 1439 4506 venitab
1458 4465 1663 4513 eremo,
1692 4458 1874 4518 utpote
1900 4450 2146 4503 omnium

571 4547 875 4599 divinorum
906 4561 1114 4607 exsors,
1135 4555 1189 4598 et
1217 4544 1286 4597 ob
1316 4544 1572 4599 omnibus
1593 4543 1897 4602 desolatus.
1916 4544 2025 4598 Aut
2050 4546 2144 4597 ad-

570 4636 676 4692 huc
701 4638 769 4692 ab
806 4651 989 4691 eremo
1021 4637 1191 4701 venit,
1223 4645 1408 4705 utpote
1442 4652 1545 4690 non
1578 4633 1750 4689 solum
1789 4636 1844 4689 in
1868 4637 2146 4704 corrupti-

568 4730 767 4787 b‘ilibus
806 4741 967 4799 atque
998 4730 1311 4784 inanimatis
1344 4728 1727 4784 solitudinibus
1768 4739 2145 4797 sequestratus

567 4843 630 4881 ac
666 4826 976 4887 destitutus,
1014 4823 1105 4877 sed
1135 4823 1380 4891 quinitno
1410 4823 1582 4891 magis
1613 4821 1665 4875 in
1697 4822 1949 4875 humanis
1982 4831 2145 4889 atque

568 4917 821 4971 animatis
846 4914 1248 4978 solitudinibus,
1282 4930 1400 4983 quae
1423 4923 1549 4971 sunt
1579 4913 1776 4966 anima:
1808 4912 2006 4981 impize,
2032 4926 2147 4967 sce-

569 5007 774 5071 leratae,
806 5017 1073 5070 errantes,
1096 5005 1370 5071 inﬁdeles,
1406 5022 1524 5075 quin
1550 5016 1676 5059 sunt
1714 5005 1967 5059 desolatzr
1996 5005 2140 5059 omni

569 5100 877 5162 sanctitate,
930 5113 1049 5167 quae
1103 5112 1208 5151 non
1257 5098 1574 5151 habitantur
1636 5112 1811 5166 neque
1872 5111 1901 5150 a
1958 5106 2143 5151 sancto

569 5190 770 5256 Spiritu
794 5178 1099 5250 Pa‘racleto,
1142 5204 1315 5257 neque
1349 5205 1377 5241 a
1414 5189 1618 5243 sanctis
1644 5189 1851 5260 angelis
1880 5189 1972 5241 Dei
2008 5207 2027 5241 ι
2060 5198 2143 5240 ut-

569 5291 691 5347 pote
725 5282 779 5334 in
818 5282 1122 5350 huiusmodi
1165 5281 1398 5335 desertis
1447 5280 1723 5343 habitans,
1754 5297 1783 5333 a
1830 5282 2043 5335 deserto
2074 5286 2149 5332 te-

570 5373 742 5438 ipsum
775 5374 960 5427 venire
996 5374 1150 5427 dicis.
1189 5371 1326 5426 Tale
1353 5372 1626 5425 desertum
1658 5370 1835 5425 factus
1862 5381 1945 5425 est
1978 5372 2142 5425 etiam

568 5466 657 5519 ille
694 5482 851 5533 quem
895 5467 1073 5535 sc0pis
1121 5467 1439 5519 mundatum
1487 5474 1648 5533 atque
1692 5476 1945 5518 ornatum
1996 5479 2124 5533 repe

568 5560 714 5612 riens
754 5558 1115 5628 nequissimus
1152 5568 1313 5628 atque
1350 5555 1667 5612 immundus
1718 5557 1961 5625 spiritus,
2013 5558 2145 5612 alios

567 5660 774 5719 septem
826 5650 1115 5718 nequiores
1164 5665 1225 5704 se
1276 5663 1561 5705 assumens
1619 5648 1886 5703 habitavit
1949 5650 2003 5703 in
2055 5664 2139 5703 eo.

634 5828 849 5884 ".ioan.
879 5842 996 5895 xm,
1023 5827 1110 5882 27.
1188 5828 1233 5860 ³³
1264 5827 1329 5881 lll
1379 5829 1510 5898 Reg.
1542 5848 1671 5896 χχιι,
1702 5832 1793 5887 9.5.

2262 3254 2562 3308 nituerunt.
2594 3251 2820 3307 Habitat
2858 3267 2992 3306 vero
3026 3252 3080 3306 in
3109 3251 3243 3314 illis,
3274 3259 3475 3318 utpote
3509 3251 3560 3300 In
3593 3242 3828 3303 desertis,

2261 3345 2534 3415 malignus
2570 3343 2919 3399 adversarius
2948 3342 3039 3411 qui
3088 3351 3233 3396 tenet
3264 3356 3368 3395 cor
3396 3354 3605 3397 eorum,
3652 3345 3706 3389 ut
3740 3346 3827 3386 nec

2260 3438 2326 3490 ad
2370 3435 2744 3505 paenitentiam
2795 3432 3181 3493 conﬁteantur,
3226 3446 3417 3500 neque
3462 3427 3663 3499 ieiunia
3689 3436 3829 3478 exer-

2254 3537 2442 3587 ceant.
2506 3542 2686 3597 neqne
2743 3526 3120 3595 eleemosynas
3171 3523 3414 3577 faciant.
3451 3519 3574 3573 Istis
3619 3524 3833 3580 namque

2257 3633 2481 3691 peccata
2516 3620 2885 3675 dominantur.
2919 3619 3009 3673 Isti
3047 3631 3178 3680 ergo
3204 3631 3410 3670 omnes
3434 3628 3561 3669 cum
3600 3617 3717 3666 sunt
3750 3605 3827 3658 do—

2256 3713 2414 3769 solati
2440 3715 2728 3767 sanctitate
2748 3723 2801 3766 et
2824 3713 2931 3765 ﬁde
2958 3721 3122 3781 atque
3149 3710 3242 3764 Dei
3270 3711 3500 3771 timore,
3532 3702 3823 3760 desoianltll'

2258 3807 2323 3861 de
2356 3821 2521 3874 regno
2555 3804 2669 3868 Dei,
2700 3816 2757 3860 et
2787 3805 3151 3875 projicinntur
3177 3805 3246 3857 de
3278 3803 3474 3859 choris
3506 3807 3821 3855 sanctorum

2257 3910 2421 3969 atque
2446 3899 2498 3952 in
2534 3899 2787 3952 tenebras
2824 3898 3125 3952 exteriores
3165 3896 3447 3966 pelluntur
3475 3904 3530 3949 et
3564 3893 3617 3947 in
3652 3891 3812 3959 ignem

2254 3990 2772 4059 inexstinguibilem,
2804 3990 2897 4059 qui
2928 4005 3105 4058 praapa
3119 3998 3266 4043 ratus
3293 3999 3384 4042 est
3417 3985 3632 4043 diabolo
3655 3991 3705 4036 et
3728 3993 3821 4032 an-

2256 4084 2393 4153 gelis
2423 4083 2559 4149 ejus.
2602 4080 2729 4135 Haec
2772 4082 2955 4150 itaque
2994 4090 3152 4134 notat
3181 4082 3462 4142 universa,
3499 4077 3619 4148 quia
3658 4070 3815 4127 dicit:

2257 4174 2443 4228 Subito
2474 4174 2691 4240 spiritus
2718 4174 2855 4225 vertit
2894 4174 2959 4225 ab
2989 4189 3184 4235 eremo,
3212 4180 3261 4225 et
3286 4173 3463 4242 tetigit
3482 4179 3703 4239 quatuor
3731 4175 3821 4213 sitv

2255 4268 2407 4337 gulos
2442 4268 2649 4320 domus.
2685 4267 2739 4320 In
2775 4266 2932 4319 tertia
2988 4265 3143 4334 plaga
3178 4265 3279 4317 tria
3320 4279 3527 4317 cornua
3564 4257 3686 4313 fecit
3711 4253 3815 4339 dia-

2254 4358 2433 4423 holus,
2464 4358 2516 4411 in
2546 4366 2739 4426 quarta
2769 4371 2900 4409 vero
2928 4354 3082 4424 plaga
3115 4364 3354 4423 quatuor
3387 4351 3612 4419 angulos
3642 4349 3819 4403 domus

2256 4452 2455 4520 tetigit,
2484 4463 2540 4505 et
2574 4450 2768 4504 cecidit
2801 4449 3017 4502 domus.
3049 4446 3113 4500 Et
3143 4446 3274 4515 quid
3322 4447 3367 4500 si
3413 4460 3577 4499 unum
3627 4433 3813 4504 tetigis-

2259 4550 2341 4594 set
2386 4540 2665 4610 angulum,
2709 4539 2905 4595 cadere
2950 4554 3057 4594 non
3112 4539 3421 4608 potuisset?
3470 4536 3607 4604 Ergo
3650 4529 3688 4584 si
3728 4539 3813 4595 per

2256 4648 2425 4685 unum
2461 4633 2711 4701 angulum
2748 4638 2956 4700 poterat
2995 4629 3211 4693 cadere,
3244 4644 3343 4681 cur
3372 4640 3562 4682 omnes
3599 4627 3812 4691 (μειωω

2259 4725 2482 4793 angulos
2539 4723 2761 4793 tetigit’
2818 4722 2975 4777 Audi.
3030 4720 3280 4787 Quatuor
3331 4720 3585 4787 angulos,
3649 4710 3696 4763 id
3736 4712 3810 4758 est

2250 4827 2487 4880 quatuor
2510 4826 2715 4886 partes,
2757 4815 2957 4885 tetigit,
2991 4817 3064 4868 ob
3090 4814 3216 4879 hoc,
3246 4822 3309 4865 ut
3340 4810 3649 4865 ostenderet
3678 4798 3810 4852 fero-

2254 4911 2472 4966 citatem
2517 4920 2570 4962 et
2631 4906 2921 4969 insaniam,
2973 4916 3028 4959 et
3089 4901 3563 4972 intemperantiam
3612 4898 3810 4961 quoqu

2252 5012 2420 5070 atque
2452 5001 2854 5065 crudelitatem,
2901 4996 3333 5051 cruentationem
3377 5004 3536 5062 atque
3583 4984 3805 5038 animum

2254 5111 2407 5151 suum
2448 5092 2850 5148 homicidalem.
2884 5088 3017 5144 Nam
3051 5102 3243 5143 omnes
3278 5082 3591 5154 nequissimi
3616 5077 3803 5131 diruto-

2254 5202 2349 5242 nes
2382 5196 2442 5238 ut
2486 5184 2712 5239 relaxati
2749 5191 2895 5245 sunt,
2932 5191 2986 5235 et
3019 5194 3143 5234 mox
3182 5190 3237 5231 ut
3287 5174 3685 5247 permissionem
3722 5175 3803 5213 ac-

2253 5285 2536 5347 ceperunt,
2574 5273 2831 5329 continuo
2868 5286 3061 5325 omnes
3114 5269 3443 5340 generaliter
3473 5264 3539 5318 ab
3568 5255 3798 5315 omnibus

2246 5370 2491 5439 partibus
2522 5380 2684 5437 super
2716 5366 2940 5419 domum
2975 5363 3144 5432 ipsam
3176 5362 3456 5415 irruerunt
3482 5352 3795 5411 festinantes,

2243 5470 2404 5530 atque
2454 5458 2740 5513 adversum
2800 5455 3030 5509 invicem
3085 5455 3383 5523 rapientes,
3444 5448 3559 5519 quis
3609 5440 3795 5530 primus

2243 5526 2380 5607 hanc
2425 5548 2771 5619 iniquitatem»
2824 5547 3121 5617 acciperet,
3164 5543 3286 5613 quis
3328 5542 3533 5611 primus
3579 5534 3670 5587 hoc
3708 5526 3795 5577 ιιῡε

2250 5644 2521 5699 micidium
2573 5652 2930 5712 perpetraret.
2995 5638 3077 5693 Ob
3129 5638 3231 5691 hoc
3274 5649 3405 5704 ergo
3454 5642 3543 5701 per
3584 5627 3792 5692 ¹1¹¹²⁸¹⁰⁹

1873 5832 1916 5864 ³⁴⁶
1959 5832 2086 5887 ibid.
2113 5831 2206 5885 21'.
2284 5830 2335 5861 ³⁸
2356 5826 2553 5883 Matth.
2586 5840 2744 5890 χχιιι,
2780 5825 2869 5879 58.
