3992 6312
253 415 287 465 αἱ
295 412 359 465 55

1393 395 1767 455 ANONYMUS
1805 395 1871 450 ΙΝ
1908 394 2047 448 JOB.
2092 424 2155 433 -—-
2196 392 2323 447 LIB.
2366 394 2406 445 l.

3400 395 3503 448 ιδιι

252 543 435 600 partes
508 531 787 584 irrucrunt
848 524 1161 595 nequissimi
1225 524 1519 584 tltemones,
1579 531 1833 588 tauquam
1866 523 1911 577 Α
1942 519 2157 570 tritione
2191 517 2421 569 liliorum
2447 515 2545 569 Job
2593 514 2828 567 animum
2858 515 3277 578 couuuitmerct,
3312 518 3405 567 sed
3432 517 3503 569 ob

259 626 441 678 leones
492 624 559 675 de
614 620 826 674 insidiis
866 626 1301 686 prorumpentes,
1347 613 1620 683 ingentem
1663 628 1831 665 unus-

256 715 489 785 quisque
521 725 712 766 eorum
743 708 841 763 sibi
883 714 1142 774 reputans
1184 703 1447 762 dolorem,
1478 704 1523 756 si
1567 701 1715 769 prior
1744 700 1834 753 illo

252 809 397 862 alter
449 804 779 874 praecederet
828 801 893 856 ad
940 798 1060 865 ejus
1112 794 1495 866 perditionem.
1547 793 1611 846 Et
1658 793 1834 846 adhuc

254 915 357 970 per
400 906 633 967 quatuor
672 903 877 964 partes,
925 893 1048 962 quia
1093 896 1401 944 metuerunt
1450 885 1719 943 infelices,
1768 899 1835 938 ne

260 995 403 1045 forte
449 988 645 1056 aliquis
687 1002 751 1041 ex
809 987 911 1039 hac
953 985 1108 1039 ruina
1150 981 1405 1037 evaderet
1443 987 1639 1046 prmter
1686 976 1831 1029 illum

259 1096 427 1134 unum
460 1094 621 1149 quem
652 1085 843 1147 sponte
876 1075 1192 1145 nequissimi
1224 1079 1617 1133 reservasseut,
1646 1067 1734 1135 qui
1781 1076 1837 1122 et

258 1174 499 1242 ipsorum
535 1168 804 1239 iniquitati
846 1166 1165 1225 deserviret,
1214 1172 1268 1216 et
1300 1160 1401 1215 Job
1437 1162 1580 1229 ipsos
1622 1159 1837 1214 dolores

257 1270 561 1317 enarraret.
599 1260 704 1313 Sed
744 1268 799 1314 et
829 1258 1006 1311 adhuc
1038 1273 1133 1326 per
1162 1266 1395 1324 quatuor
1422 1265 1602 1323 partes
1645 1268 1834 1306 occur-

266 1361 466 1415 rentes,
500 1360 734 1420 quatuor
762 1349 988 1417 angulos
1020 1349 1334 1415 tetigerunt,
1363 1345 1432 1399 ob
1465 1345 1565 1398 hoc
1591 1354 1653 1397 ut
1678 1358 1832 1397 suam

264 1442 734 1499 inconsonantiam
778 1450 941 1507 atque
981 1440 1240 1492 adversus
1278 1436 1510 1489 invicem
1542 1434 1836 1489 contrarie-

261 1545 428 1589 tatem
455 1534 825 1589 ostenderent.
854 1530 984 1584 Nam
1012 1530 1077 1583 ad
1108 1527 1417 1598 iniquitatis
1444 1524 1833 1594 perfectionem

260 1641 451 1680 omnes
478 1625 575 1679 sibi
607 1622 959 1685 concordant,
1002 1636 1124 1675 cum
1160 1620 1391 1673 invicem
1423 1617 1525 1671 sibi
1560 1616 1838 1670 discordes

266 1720 371 1772 sint
398 1733 588 1772 omnes
627 1727 791 1786 atque
821 1715 1100 1770 contrarii.
1155 1713 1223 1767 Et
1261 1711 1470 1775 cecidit,
1505 1709 1697 1777 inquit,
1743 1709 1838 1760 de-

262 1828 377 1865 mus
407 1827 563 1879 super
593 1811 733 1879 ﬁlios
770 1820 911 1872 tuos,
946 1819 992 1861 et
1017 1808 1374 1860 tuomtuum.
1404 1802 1615 1858 Cecidit
1647 1803 1840 1856 domus

1938 613 2041 663 hoc
2064 609 2189 678 quia
2225 608 2496 676 prioribus
2527 606 2698 674 plagis
2722 620 2844 670 ‘non
2873 606 3177 673 succubuit,
3214 616 3499 675 propterea

1935 701 2099 755 etiam
2132 700 2256 755 istic
2280 715 2497 754 onmem
2526 698 2868 767 iniquitatem
2894 712 3043 751 suam
3077 697 3495 757 demonstravit,

1936 804 1992 847 et
2023 807 2121 861 pro
2152 792 2329 860 priori-
2359 791 2671 854 tolerantia,
2717 791 2769 843 in
2812 790 3043 843 filiorum
3079 790 3503 843 comminatione

1937 884 1988 937 in
2036 899 2103 938 eo
2136 883 2451 946 vindicavit,
2486 893 2541 936 et
2578 883 2901 937 comminuit
2949 882 3183 935 membra
3223 893 3280 936 et
3307 898 3504 937 carnes

1932 986 1987 1029 et
2013 989 2159 1037 ossa,
2207 988 2271 1027 ac
2305 989 2427 1027 cum
2464 973 2729 1042 lapidibus
2767 984 2823 1026 et
2862 971 3083 1041 pulvere
3117 971 3287 1039 ipsius
3331 974 3501 1026 ruina:

1935 1066 2296 1129 commiscuit,
2344 1076 2400 1119 ut
2453 1081 2560 1120 non
2607 1082 2883 1135 separare,
2936 1080 3035 1121 nec
3078 1062 3351 1131 colligere,
3405 1079 3505 1119 nec

1936 1159 2161 1228 sepelire
2205 1168 2391 1225 posset
2434 1174 2552 1223 eos,
2588 1174 2617 1212 a
2665 1159 2863 1228 quibus
2906 1157 3121 1228 sepeliri
3155 1158 3421 1226 sperabat
3445 1171 3510 1212 ac

1936 1254 2171 1310 volebat.
2206 1253 2332 1309 lim
2355 1268 2590 1323 namque
2620 1253 2766 1308 venit
2790 1251 3157 1306 uuntiareJob
3181 1250 3508 1307 novissimus

1939 1347 2249 1415 nequissimi
2294 1346 2593 1401 adversarii
2634 1345 2873 1399 nuntius.
2917 1343 3045 1405 llaec,
3080 1345 3229 1398 venit
3255 1341 3508 1397 nuntiare

1937 1454 2057 1503 qua:
2079 1455 2223 1492 nunc
2249 1438 2553 1492 auditorum
2587 1438 2865 1492 continent
2901 1447 3156 1500 mentem,
3185 1435 3510 1490 contristent

1941 1529 2256 1595 praecordia,
2314 1528 2670 1597 liquefaciunt
2716 1527 2975 1580 animam.
3030 1526 3179 1579 Beati
3235 1540 3363 1578 vero
3409 1522 3512 1599 Job

1942 1633 2093 1673 mens
2122 1620 2360 1688 perstitit
2397 1620 2647 1683 immota,
2690 1618 2870 1671 anima
2914 1618 2967 1671 in
2998 1617 3297 1685 gratiarum
3335 1615 3509 1669 actio-

1943 1712 2227 1766 nibusnon
2269 1720 2352 1765 est
2386 1720 2757 1766 consternata.
2798 1711 2933 1777 Quis
2964 1710 3241 1786 hominum
3288 1723 3431 1775 nunc
3463 1708 3507 1761 si

1944 1820 2109 1858 unum
2141 1805 2332 1872 perdat
2363 1802 2553 1868 lilium,
2602 1804 2809 1858 habens
2830 1803 2984 1867 alios,
3014 1802 3173 1871 huius
3220 1800 3382 1854 unius
3412 1800 3509 1853 di-

260 1901 794 1971 apprebendentibus
828 1900 1185 1963 daemonibus,
1220 1895 1706 1959 commoventibus,
1754 1895 1838 1947 in-
1875 1881 1915 1934 Β
1947 1898 2296 1963 remptionetn
2320 1910 2383 1950 ac
2406 1906 2634 1949 mortem
2687 1911 2847 1963 supra
2886 1894 3105 1949 modum
3157 1908 3261 1946 non
3309 1892 3507 1961 lugeat,

264 1992 640 2054 frementibus,
665 2006 692 2042 a
724 1989 1090 2045 fundamentis
1125 1984 1590 2041 sttbvertentibus.
1627 1984 1837 2037 Cecidit

260 2085 472 2137 domus.
508 2081 617 2136 Nec
637 2080 934 2150 quidquam
954 2093 1228 2148 magnum.
1262 2075 1399 2130 Nam
1424 2076 1471 2129 si
1502 2075 1650 2129 solus
1678 2074 1840 2128 Sam-

249 2191 358 2229 son
392 2185 513 2244 post
549 2175 662 2226 haec
692 2173 972 2225 innumera
1021 2168 1411 2238 allopltylorum
1448 2168 1613 2221 millia
1648 2168 1699 2221 itt
1735 2183 1838 2220 una

247 2268 427 2321 domo
471 2265 651 2320 subito
689 2262 902 2332 deiecit,
931 2262 1060 2329 quid
1108 2261 1304 2314 mirum
1345 2259 1391 2314 si
1429 2258 1699 2312 innumeri
1730 2257 1839 2311 dae-

254 2371 455 2409 mones
491 2370 648 2407 mtam
690 2355 910 2408 domum
944 2367 1040 2421 per
1070 2361 1311 2420 quatuor
1352 2349 1584 2418 angulos
1637 2363 1832 2417 appre-

252 2448 559 2504 hendentes
590 2441 1011 2499 subverteruul?
1040 2440 1262 2499 Cecidit,
1297 2439 1493 2508 inquit,
1526 2440 1712 2491 donas
1741 2454 1835 2489 su-

253 2555 352 2609 per
378 2538 520 2607 ﬁlios
554 2547 694 2600 tuos,
728 2545 778 2590 et
804 2537 1004 2589 mort-ni
1042 2544 1185 2589 sunt.
1220 2532 1265 2588 0
1289 2546 1453 2603 quam
1484 2546 1676 2602 magna
1704 2531 1837 2585 ﬁdes

258 2643 370 2693 tua,
401 2628 557 2683 beate
582 2627 713 2681 Job!
742 2626 787 2683 0
815 2644 976 2697 quam
1007 2626 1277 2693 mirabilis
1301 2633 1386 2679 est
1418 2624 1682 2693 sapientia
1721 2634 1832 2684 tua,

256 2737 385 2776 vere
415 2722 505 2779 Dei
540 2723 731 2776 serve!
762 2720 880 2775 Non
936 2730 988 2775 te
1036 2719 1329 2789 exagitavit
1380 2718 1586 2787 primus
1614 2716 1831 2781 ﬂuctus,

256 2828 433 2883 neque
467 2814 679 2883 impulit
720 2815 1014 2868 secundum
1066 2811 1390 2880 periculum,
1426 2825 1531 2865 non
1564 2820 1615 2866 te
1646 2811 1832 2865 vulne-

253 2906 398 2960 ravit
434 2907 593 2960 tertia
635 2906 856 2975 sagitta,
895 2921 1003 2959 non
1035 2915 1085 2959 te
1113 2904 1392 2973 superavit
1425 2914 1619 2972 quarta
1654 2914 1832 2958 tenea-

254 2999 336 3053 tio
365 3013 540 3067 neque
583 2998 887 3065 subversio,
923 3012 1043 3066 quae.
1080 2997 1232 3066 quasi
1266 2996 1550 3064 incipiens,
1593 2996 1830 3065 perfecta

253 3091 416 3145 estin
452 3101 613 3144 terra.
645 3088 861 3155 Mortui,
910 3089 1105 3158 inquit,
1136 3097 1261 3143 sunt
1290 3087 1382 3140 lilii
1416 3087 1512 3151 tui,
1539 3097 1593 3139 et
1624 3087 1830 3140 utine

1942 1986 2106 2039 etiam
2144 2001 2271 2038 cuin.
2312 1985 2787 2039 lamentationibus
2816 1998 2883 2037 ac
2922 1984 3198 2037 clamore?
3227 1981 3510 2052 Magnani-

1943 2094 2062 2132 mus
2109 2092 2239 2132 vero
2274 2077 2363 2130 ille
2404 2075 2511 2131 Job
2552 2090 2675 2129 cum
2714 2076 2904 2130 decem
2959 2076 3182 2128 haberet
3232 2073 3511 2143 religiosos

1943 2169 2163 2232 liberos,
2209 2177 2265 2223 et
2307 2169 2438 2223 istos
2483 2183 2675 2223 omnes
2727 2167 2887 2221 simul
2939 2168 3188 2235 protinus
3233 2166 3512 2236 perderet,

1942 2277 2045 2316 non
2095 2260 2253 2323 luxit,
2300 2275 2409 2313 non
2447 2270 2531 2315 est
2578 2260 2955 2323 contristatus,
3003 2257 3098 2313 sed
3140 2257 3345 2325 gratias
3404 2257 3513 2328 egit

1939 2353 2086 2407 danti
2115 2361 2174 2407 et
2212 2354 2409 2406 iterum
2444 2350 2716 2407 anferenti
2754 2352 2863 2407 Deo
2895 2371 2909 2407 :
2939 2362 2999 2406 et
3038 2350 3185 2421 quod
3211 2360 3298 2405 est
3336 2350 3511 2404 maxi-

1940 2462 2106 2510 mum,
2143 2460 2249 2499 non
2284 2460 2408 2498 eum
2452 2443 2719 2501 dedecore
2760 2454 2813 2500 et
2865 2442 3164 2500 miserabili
3204 2452 3356 2497 motu
3387 2442 3515 2512 ipsis

1936 2538 2082 2592 natis
2109 2537 2473 2592 morientibus
2507 2548 2671 2607 atque
2704 2538 2755 2591 in
2782 2538 2950 2607 ipsius
2983 2537 3176 2595 domus
3206 2537 3369 2589 ruina
3385 2550 3515 2590 con-

1940 2630 2101 2693 tritis,
2146 2645 2379 2698 quorum
2426 2629 2676 2685 ciborqu
2722 2639 3019 2699 apparatus
3056 2640 3181 2683 cum
3226 2627 3513 2682 comeden-

1935 2722 2067 2775 tium
2095 2720 2352 2775 carnibus
2376 2729 2463 2775 est
2480 2720 2821 2784 commistus,
2844 2728 2899 2773 et
2919 2717 2977 2773 hi
3005 2718 3096 2786 qui
3131 2716 3512 2772 ministrabant

1937 2815 2306 2884 unusquisque
2337 2814 2427 2867 ubi
2456 2815 2851 2884 apprehensus,
2879 2812 2988 2867 illic
3012 2823 3097 2866 est
3127 2811 3511 2871 comminatus,

1936 2914 1991 2960 et
2042 2917 2201 2975 potus
2248 2906 2685 2961 ministrantium.
2722 2921 2846 2960 cum
2891 2904 3155 2972 sanguine
3197 2902 3512 2973 propitiatus

1936 3007 2021 3051 est
2048 2997 2386 3054 commisuts.
2419 2996 2549 3051 Erat
2566 2996 3106 3061 visiolatnentabilis,
3134 3006 3298 3063 atque
3349 3008 3510 3061 aspe—

1932 3100 2056 3144 cms
2091 3088 2414 3144 miserabilis
2448 3089 2547 3144 hoc
2576 3090 2717 3158 quod
2738 3097 2954 3158 gestum
2982 3096 3087 3152 est,
3114 3088 3220 3141 imo
3243 3102 3343 3143 nec
3372 3085 3509 3141 visio

250 3184 404 3248 juxta
437 3182 677 3235 omnium
722 3190 1066 3235 communem
1109 3192 1358 3234 mortem.
1402 3178 1475 3232 At:
1514 3192 1656 3232 nunc
1700 3194 1832 3233 vero
1856 3217 1905 3279 ϐ
1942 3195 2040 3234 nec
2068 3192 2340 3250 aspectus.
2370 3181 2487 3235 Non
2517 3184 2659 3236 enim
2690 3193 2811 3237 erat
2839 3182 2982 3251 quod
3008 3181 3304 3244 videretur,
3335 3193 3510 3249 neque
3570 3252 3573 3257 ί

254 3289 362 3326 non
394 3273 488 3335 ita;
523 3274 615 3327 sed
648 3274 865 3337 cecidit,
891 3273 1088 3341 inquit,
1114 3273 1305 3327 domus
1336 3286 1498 3341 super
1522 3272 1658 3326 ﬁlios
1688 3282 1830 3334 tuos,

250 3380 311 3419 et
342 3366 421 3420 sic
446 3376 576 3420 sunt
607 3365 828 3419 mortui.
865 3365 1114 3433 Suspira,
1151 3363 1345 3431 inquit,
1374 3379 1407 3418 ο
1446 3364 1631 3427 homo,
1669 3372 1722 3416 et
1754 3362 1835 3415 luo

250 3470 463 3526 cryma,
492 3455 663 3523 anb,
689 3458 899 3509 tametsi
933 3474 1061 3521 non,
1087 3456 1281 3527 inquit,
1303 3455 1375 3511 ob
1404 3455 1505 3509 hoc
1531 3454 1672 3523 quod
1700 3453 1835 3507 tales

254 3548 559 3615 perdideris
607 3548 763 3612 iiiios,
815 3547 1004 3601 saltem
1051 3548 1137 3599 vel
1181 3548 1303 3615 quia
1356 3556 1463 3598 tam
1499 3544 1837 3598 lamentabili

255 3649 430 3691 morte
473 3640 669 3693 mortui
720 3650 867 3703 sunt,
920 3638 1002 3693 vel
1044 3641 1166 3708 quia
1220 3640 1297 3692 ita
1340 3638 1726 3693 miserabiliter
1772 3637 1838 3688 de

258 3733 372 3783 vita
396 3732 667 3784 exierunt.
705 3730 835 3797 Quis
862 3744 927 3784 ex
963 3732 1273 3785 ridentibus
1304 3746 1409 3785 non
1443 3739 1663 3801 stupea-t
1692 3728 1838 3784 Job?

265 3823 399 3890 Quis
436 3839 501 3875 ex
548 3822 895 3877 audientibus
931 3837 1033 3876 non
1069 3823 1335 3888 turbetur,
1366 3838 1399 3875 ο
1435 3822 1553 3875 vir?
1593 3822 1672 3875 Tu
1708 3836 1836 3875 vero

252 3914 525 3981 lapidibus
569 3916 753 3969 durior
783 3927 837 3969 et
859 3916 1006 3969 saxis
1049 3915 1255 3968 ﬁrmior
1296 3914 1570 3969 exstitisti.
1603 3913 1725 3968 Filii
1756 3916 1832 3969 tui

256 4008 454 4062 mortui
487 4017 637 4072 sunt,
667 4017 720 4061 et
744 4007 872 4076 quid
907 4016 1189 4075 exspectas
1229 4017 1284 4059 ut
1314 4022 1420 4059 non
1449 4006 1674 4077 lugeas?
1698 4007 1831 4062 Cum

253 4101 525 4168 lapidibus
574 4100 888 4155 comminuti
940 4108 1087 4163 sunt,
1134 4114 1257 4153 cum
1314 4099 1531 4167 pulvere
1561 4100 1831 4153 commisti

253 4207 399 4248 sunt.
465 4192 672 4246 Carues
746 4206 931 4245 eorum
988 4205 1113 4245 eum
1180 4191 1441 4259 sanguine
1488 4198 1544 4244 et
1600 4192 1831 4255 ossibus,

254 4300 377 4337 eum
412 4285 544 4353 ipsis
586 4283 748 4337 etiam
770 4282 1068 4337 visceribus
1117 4282 1465 4336 comminutae
1515 4291 1663 4346 sunt,
1718 4282 1834 4334 fra-

258 4386 396 4430 trum
464 4391 585 4430 cunt
636 4374 935 4437 sororibus,
988 4384 1044 4426 et
1089 4387 1336 4426 sororum
1386 4386 1510 4426 eum
1562 4374 1835 4440 germanis

252 4468 495 4520 omnium
549 4464 901 4519 comminatio
953 4461 1113 4517 simul
1165 4476 1295 4516 cum
1330 4461 1463 4531 ipsis
1514 4462 1835 4531 antepositis

1939 3275 2082 3339 quod
2126 3284 2473 3342 scpararctur
2513 3274 2581 3328 de
2616 3289 2805 3327 eorum
2845 3273 2937 3342 qui
2968 3273 3163 3327 mortui
3209 3280 3337 3327 sunt
3361 3287 3509 3326 com-

1940 3366 2159 3418 minutis
2183 3365 2521 3434 corporibus.
2552 3363 2685 3417 Nam
2712 3374 2861 3418 tanto
2892 3364 3074 3418 furore
3101 3365 3417 3419 comminuit
3446 3378 3509 3419 ea

1942 3457 2323 3525 nequissimus,
2360 3468 2421 3511 ut
2466 3473 2565 3511 nec
2603 3457 2670 3511 de
2711 3456 2976 3516 vultibus,
3020 3470 3121 3510 nec
3160 3457 3227 3510 de
3267 3455 3511 3523 personis

1942 3548 2160 3615 agnosci
2190 3549 2400 3617 possint
2425 3563 2677 3617 corpora,
2711 3562 2834 3616 quae
2861 3561 2984 3601 eum
3016 3556 3156 3600 terra
3183 3556 3347 3614 atque
3379 3545 3510 3612 lapi-

1940 3641 2099 3694 dibus
2122 3650 2277 3695 eraut
2309 3640 2592 3695 commista
2620 3649 2789 3707 atque
2813 3647 3086 3693 concreta.
3134 3638 3289 3704 Quod
3331 3648 3511 3701 trans-

1937 3733 2122 3785 cendit
2145 3747 2307 3787 omne
2331 3734 2565 3794 dictum,
2613 3743 2773 3801 atque
2813 3746 3030 3787 omnem
3056 3731 3419 3785 narrationem
3458 3731 3510 3784 in

1941 3824 2127 3878 dolore
2181 3835 2343 3893 atque
2391 3825 2638 3878 miseria.
2692 3824 2855 3891 Quod
2894 3839 3037 3878 nunc
3086 3838 3185 3878 nos
3228 3823 3511 3878 audientes

1940 3919 2353 3988 expavescimus
2402 3932 2467 3971 ac
2500 3927 2788 3972 terremur.
2838 3916 3042 3971 Beatus
3078 3931 3210 3971 vero
3240 3915 3368 3981 Job,
3411 3928 3510 3971 nec

1938 4011 2006 4064 ab
2034 4010 2221 4064 auditu
2256 4009 2475 4064 territus
2498 4020 2603 4076 est,
2636 4025 2733 4066 nec
2757 4010 2825 4066 ab
2854 4011 2969 4079 ipsa
3000 4010 3320 4080 probatione
3343 4024 3509 4073 expa-

1940 4100 2033 4163 vit,
2081 4099 2173 4154 sed
2214 4100 2268 4153 in
2324 4098 2576 4153 omnibus
2628 4097 2956 4153 inelinabilis
3003 4106 3168 4165 atque
3218 4095 3510 4150 immobilis

1940 4190 2261 4258 permansit,
2311 4188 2471 4243 factis
2520 4186 2707 4257 procul
2745 4188 2908 4241 dubio
2954 4185 3247 4239 ostendens
3299 4182 3506 4247 omnia,

1936 4296 2055 4349 quae
2099 4283 2237 4334 Deus
2280 4279 2487 4348 pridem
2533 4279 2600 4331 de
2636 4292 2703 4331 eo
2751 4276 3019 4330 veraciter
3051 4273 3268 4327 dixerat
3306 4272 3503 4327 verbis.

1939 4372 2065 4426 Haec
2087 4372 2314 4427 audiens
2348 4368 2472 4435 Job,
2504 4367 2549 4424 Ο
2572 4382 2765 4434 magno
2798 4367 2959 4421 house
2990 4364 3084 4419 Dei
3111 4363 3341 4433 Moyses,
3377 4362 3505 4431 quid

1939 4466 2213 4535 loqueris?
2264 4464 2391 4534 quid
2438 4461 2673 4518 scribis?
2710 4460 2836 4529 quid
2904 4458 3078 4513 dicis?
3128 4457 3209 4511 Tu
3258 4455 3400 4510 enim
3445 4470 3506 4509 es

254 4561 391 4613 cibis
422 4558 703 4612 commista
748 4569 850 4624 est,
892 4557 1135 4611 omnium
1167 4556 1516 4610 nihilominus
1561 4555 1825 4608 viscerum
1863 4553 1911 4611 D
1937 4561 2027 4630 qui
2065 4561 2179 4612 hinc
2223 4556 2506 4625 scripsisti.
2555 4554 2665 4607 Cur
2694 4567 2823 4621 ergo
2864 4550 3004 4604 dicis
3038 4568 3051 4602 :
3094 4550 3333 4603 Audiens
3379 4546 3509 4613 Job,

254 4653 413 4706 cibus
482 4665 602 4703 cum
658 4650 769 4718 ipso
836 4651 957 4703 vino
1018 4648 1166 4717 quod
1227 4648 1279 4700 in
1332 4647 1587 4700 mnibus
1630 4645 1833 4699 habent

256 4746 575 4801 commistus
599 4752 699 4797 est.
742 4741 1008 4797 immenso
1051 4754 1281 4809 namque
1320 4739 1502 4795 furore
1547 4753 1681 4793 usus
1711 4753 1832 4790 ver-

255 4848 413 4892 sutus
481 4836 752 4897 diabolus,
818 4843 871 4888 et
928 4835 1061 4886 iram
1109 4842 1165 4886 et
1230 4831 1441 4901 plenam
1508 4831 1829 4901 indignatio-

261 4946 378 4985 nem
418 4930 820 4989 demonstrans,
852 4943 949 4981 nec
989 4926 1279 4994 quidquam
1304 4922 1523 4991 reliquit
1551 4922 1697 4990 quod
1727 4937 1831 4976 non

258 5020 658 5083 comminuerit,
695 5034 866 5086 neque
884 5018 1173 5080 calvarias,
1210 5029 1387 5084 neque
1405 5014 1632 5075 viscera,
1657 5028 1832 5081 neque

258 5112 607 5176 ventriculos,
629 5125 804 5181 neque
829 5111 1068 5173 bracltia,
1089 5121 1265 5178 neque
1281 5121 1491 5170 manus,
1524 5120 1698 5175 neque
1739 5122 1833 5175 pe-

256 5206 376 5267 des,
409 5216 583 5272 ncque
602 5202 770 5255 ullum
790 5201 1111 5262 membrum,
1138 5212 1315 5268 neque
1335 5198 1569 5266 aliquam
1592 5196 1833 5264 corporis

258 5308 597 5364 compagem.
627 5293 691 5347 Et
718 5307 824 5346 non
850 5291 1027 5345 solum
1054 5291 1187 5353 haec,
1217 5290 1309 5344 sed
1336 5298 1392 5343 et
1428 5288 1577 5354 ipsos
1601 5287 1830 5356 lapides,

256 5397 310 5438 et
348 5385 491 5454 ligna
522 5384 691 5437 nimio
720 5395 1019 5436 succensus
1039 5382 1224 5434 furore
1252 5389 1446 5433 cuncta
1483 5379 1830 5443 comminuit,

258 5486 450 5531 cuncta
509 5474 887 5539 communivit,
940 5483 1133 5527 cuneta
1191 5472 1559 5536 commiscuit,
1624 5481 1822 5525 cuncta

259 5570 463 5621 incerta
497 5576 660 5635 atque
692 5564 980 5618 indiscreta
1015 5563 1265 5617 reddidit.
1311 5560 1443 5615 Nam
1477 5563 1829 5617 fundamenta

256 5661 449 5711 domus
474 5657 648 5727 ipsius
690 5670 905 5715 sursum
933 5670 1094 5724 supra
1122 5664 1321 5710 tectum
1346 5656 1631 5717 excitavit,
1660 5664 1829 5725 atque

254 5750 506 5819 superius
531 5759 730 5805 tectum
765 5752 818 5804 in
846 5748 1117 5819 profundo
1159 5746 1499 5802 fundamenti
1540 5748 1820 5804 demersit.

256 5842 375 5898 Non
404 5844 550 5898 cuitu
578 5842 645 5898 ob
674 5844 773 5899 hoc
801 5840 974 5898 solum
999 5841 1114 5898 bwc
1146 5838 1273 5897 fecit
1300 5856 1408 5909 quo
1433 5843 1602 5909 Inagis
1626 5843 1679 5898 in
1703 5858 1831 5898 cou-

1937 4649 2091 4719 quasi
2124 4648 2325 4717 aliquid
2365 4647 2483 4700 leve
2504 4644 2587 4699 vel
2619 4644 2911 4708 modicum,
2942 4651 2999 4696 et
3042 4656 3139 4695 cur
3166 4656 3270 4693 nou
3296 4639 3501 4700 dixisti,

1940 4745 2054 4793 lucc
2101 4745 2359 4804 expertus
2402 4734 2538 4799 Job,
2589 4734 2703 4787 hzec
2755 4746 2981 4801 passus,
3032 4731 3145 4785 haec
3190 4726 3503 4783 sustinens?

1939 4827 2069 4881 Nam
2094 4825 2336 4892 probatio
2354 4835 2407 4877 et
2432 4824 2612 4893 passio
2637 4831 2801 4891 atque
2822 4821 3115 4875 tolerantia
3134 4819 3355 4873 fuerunt
3385 4817 3502 4870 haec

1938 4931 2059 4986 qua:
2090 4915 2229 4968 facta
2254 4922 2400 4977 sunt,
2437 4922 2492 4967 et
2526 4927 2629 4966 non
2653 4912 2817 4967 verba
2842 4924 3015 4977 neque
3042 4908 3235 4969 fabula:
3262 4905 3501 4960 auditus.

1940 5007 2251 5073 Propterea,
2281 5003 2473 5072 inquit,
2509 5017 2617 5060 non
2646 5001 2758 5055 dixi
2783 5000 3185 5069 probationem,
3215 4996 3310 5050 sed
3345 4995 3503 5048 audi-

1940 5107 2071 5162 tum,
2101 5097 2223 5165 quia
2250 5112 2353 5149 non
2382 5105 2633 5162 tanquam
2663 5090 3033 5159 probationem
3064 5088 3356 5144 mstituavit
3379 5086 3507 5152 Job,

1938 5191 2031 5243 sed
2088 5201 2339 5258 tanquam
2398 5196 2766 5241 transeuntem
2819 5185 3084 5247 auditum,
3137 5172 3502 5251 et'tauquutn

1938 5284 2148 5339 fabulas
2186 5292 2588 5354 percurrentes.
2624 5280 2883 5336 Probatio
2908 5294 3035 5331 vero
3063 5276 3163 5330 fuit
3196 5286 3358 5344 atque
3382 5291 3505 5343 pas-

1938 5377 2020 5433 sio
2046 5396 2061 5431 :
2095 5377 2191 5432 sed
2222 5377 2345 5431 dum
2368 5390 2487 5430 cum
2531 5374 2820 5429 tolerantia
2843 5380 2897 5424 et
2924 5384 3044 5424 cum
3077 5368 3383 5439 gratiarum.
3410 5382 3506 5421 ac-

1941 5466 2175 5525 tionibus
2211 5468 2324 5521 hate
2350 5466 2644 5521 sustineret
2681 5461 2804 5525 Job,
2845 5469 3099 5527 tanquam
3138 5459 3352 5513 auditus
3382 5471 3505 5525 pcr-

1941 5561 2171 5616 transiit.
2202 5557 2284 5613 οι)
2324 5559 2425 5613 hoc
2454 5572 2584 5626 ergo
2625 5556 2754 5611 dicit
2802 5556 2917 5608 haec
2959 5550 3186 5607 audiens
3230 5548 3356 5613 Jou,
3384 5558 3506 5603 tan-

1936 5667 2100 5723 quam
2154 5650 2516 5715 vehementia,
2571 5658 2825 5717 tanquam
2875 5644 3159 5709 terribilia,
3227 5653 3504 5712 stuporem

1941 5744 2275 5799 conferentia
2330 5752 2492 5810 atque
2543 5740 2596 5794 in
2659 5752 2908 5809 pavorem
2972 5736 3318 5791 deducentia.
3382 5732 3506 5786 llaec

1941 5841 2161 5897 audiens
2216 5853 2335 5904 qua:
2382 5836 2518 5892 alias
2569 5833 2715 5903 prior
2768 5848 2883 5889 non.
2923 5830 3145 5897 audivit,
3189 5844 3310 5898 qua:
3371 5825 3506 5881 alius
