3992 6312
444 388 548 442 455

1583 386 1949 445 ΑΝΟΝΥΜΙῙΞ
1986 388 2057 443 ΙΝ
2093 388 2231 444 JOB.
2271 420 2333 427 —
2374 387 2499 442 LIB.
2542 390 2583 441 l.

3584 393 3693 453 4’36

447 506 621 576 major
656 522 759 561 non
813 508 1087 573 sustinuit,
1147 522 1265 577 qua:
1309 492 1612 562 aliuslante
1654 521 1777 563 eum
1830 523 2019 579 passus
2046 513 2095 571 Α
2122 510 2397 578 inquiens,
2419 508 2640 565 dorsum
2665 508 2885 568 nudum,
2905 522 3032 563 ecce
3055 524 3248 577 corpus
3276 508 3695 568 detectttm.Vos

446 613 555 653 non
627 608 728 652 est.
782 598 905 652 Haec
947 598 1173 653 audiens
1235 594 1337 651 Job
1394 612 1551 666 quem
1599 599 1891 655 meditatus
1932 608 2017 655 est

448 689 713 755 diabolus,
771 688 1016 758 quaesivit
1064 688 1444 757 nequissimus,
1504 703 1662 758 quem
1701 691 1869 745 voluit
1915 692 2019 746 ini-

446 794 607 848 qnus,
687 794 849 848 quem
914 779 1239 852 excogitavit
1299 780 1551 850 iniustus.
1623 780 1747 835 llazc
1794 783 2018 838 audiens

446 869 570 935 Job,
640 886 794 940 quem
856 869 1031 940 angeli
1093 871 1343 927 admirati
1392 880 1538 937 sunt,
1613 887 1769 942 quem
1840 874 2016 929 incor-

451 962 732 1033 ruptibiles
784 962 1162 1030 laudaverunt,
1228 974 1288 1018 ut
1330 964 1376 1020 is
1435 965 1529 1033 qui
1579 965 1645 1019 de
1697 974 1842 1021 terra
1901 968 2018 1038 pla-

445 1064 654 1109 smatns
698 1062 807 1117 est,
839 1052 1071 1109 viriliter
1108 1055 1429 1125 pugnaverit
1470 1056 1730 1119 adversus
1763 1071 1887 1111 eum
1922 1058 2015 1128 qui

445 1147 511 1200 de
530 1145 682 1201 caelis
705 1145 946 1215 deiectus
968 1156 1074 1209 est,
1094 1155 1156 1199 ut
1178 1147 1354 1217 pulvis
1379 1147 1642 1205 adversus
1664 1150 1934 1220 spiritum,
1957 1160 2016 1205 ut

444 1237 607 1307 homo
639 1237 899 1293 adversus
927 1237 1222 1303 diabolum,
1264 1249 1324 1294 ut
1356 1243 1723 1312 corruptibilis
1757 1245 2016 1315 adversus

444 1333 909 1402 incorruptibilem
941 1344 1258 1396 constanter
1299 1334 1531 1401 steterit,
1590 1345 1644 1391 et
1678 1354 1781 1392 non
1819 1353 2013 1393 succu-

442 1424 646 1488 buerit,
681 1432 842 1493 atque
873 1423 1155 1503 victoriam
1188 1424 1254 1477 de
1284 1423 1375 1479 illo
1407 1426 1716 1496 sumpserit.
1744 1426 1879 1482 Cum
1913 1428 2014 1493 tri-_

441 1518 544 1583 bus
584 1515 873 1570 malitiosis
904 1515 1115 1585 sagittis
1170 1531 1197 1570 a
1231 1515 1444 1572 diabolo
1482 1518 1844 1588 sagittaretur,
1876 1518 2013 1574 tole-

442 1608 637 1662 rantiaa
658 1616 821 1675 atque
848 1606 975 1662 fidei
998 1618 1153 1664 scuto
1178 1624 1235 1663 se
1265 1618 1554 1679 protegens
1589 1611 1802 1665 transiit
1832 1611 2008 1666 illiba-

441 1709 550 1752 tus.
584 1695 712 1751 Post
748 1688 883 1765 quas
904 1707 1016 1751 tres
1042 1706 1234 1767 quarta
1262 1698 1539 1767 sagittavit
1578 1699 1729 1754 illum
1760 1701 2011 1755 inimicus

440 1794 682 1842 tentatur
718 1786 1011 1845 novissime
1048 1802 1171 1841 cum
1207 1787 1393 1842 dolore
1445 1788 1657 1853 ultima,
1690 1789 2008 1856 miserabili,

2120 597 2410 668 ﬂagellato,
2452 613 2554 669 ego
2580 608 2759 657 autem
2795 598 3075 654 suﬂ‘eram.
3112 599 3218 655 Vos
3242 600 3547 665 verberate,
3592 618 3697 674 ego

2119 699 2299 744 autem
2348 690 2670 755 sustineam,
2719 692 2902 747 dicens
2947 706 3068 745 cum
3134 690 3368 746 Jeremia
3422 690 3695 759 :Dorsum

2118 798 2289 836 meum
2318 782 2439 835 dedi
2461 783 2531 835 ad
2554 783 2765 852 ﬂagella
2786 782 2851 849 ἐς
2883 783 3068 837 dicens
3105 798 3226 837 cum
3255 782 3424 837 David
3462 801 3477 837 :
3509 784 3691 854 Supra

2116 872 2331 925 dorsum
2384 889 2554 926 meum
2604 874 2994 947 fabricaverunt
3044 883 3338 942 peccatores
3362 875 3431 928 ³’.
3479 873 3587 930 Sed
3637 886 3697 937 et

2117 965 2294 1020 adhuc
2326 980 2448 1021 cum
2477 966 2667 1021 eodem
2711 966 2878 1021 David
2913 985 2928 1021 :
2961 965 3027 1024 Et
3059 982 3203 1019 eram
3257 968 3554 1039 ﬂagellatur
3586 978 3699 1028 tota

2118 1056 2203 1110 die
2216 1057 2284 1108 Ψ.
2316 1056 2509 1110 Adhuc
2529 1056 2797 1111 conscidit
2830 1055 3155 1117 vestimenta
3178 1070 3300 1120 sua,
3326 1072 3391 1111 ac
3417 1056 3461 1110 si
3488 1057 3699 1111 diceret

2116 1149 2187 1203 ad
2219 1149 2364 1217 ipsos
2397 1148 2737 1205 adversarios
2769 1148 3130 1219 nequissimos
3161 1164 3175 1200 :
3209 1146 3253 1203 Ο
3277 1147 3500 1218 maligni
3530 1157 3701 1217 atque

2115 1239 2287 1310 iniqui
2343 1240 2663 1306 adversarii,
2707 1250 2978 1301 mortuum
3033 1254 3117 1297 me
3163 1238 3467 1304 aestimatis,
3511 1248 3569 1292 ut
3596 1254 3699 1295 vos

2114 1332 2337 1401 putatis,
2391 1343 2447 1387 et
2483 1342 2541 1387 ut
2578 1332 2732 1388 vobis
2765 1332 2981 1387 videtur
3014 1331 3068 1386 in
3109 1339 3309 1388 terram
3346 1344 3430 1385 me
3462 1329 3701 1399 sepelire

2114 1424 2467 1495 praeparatis!
2500 1425 2556 1480 Si
2601 1440 2732 1495 ergo
2758 1439 2844 1479 me
2882 1432 3149 1483 mortuum
3182 1422 3488 1485 mstimatis,
3517 1437 3550 1477 ο
3578 1422 3697 1481 ίιιί-Δ

2114 1517 2239 1572 mici
2270 1517 2602 1588 lanticipem
2660 1517 2716 1572 in
2770 1516 3066 1587 pretiosam
3120 1530 3295 1571 meam
3359 1514 3694 1583 sepulturam

2115 1608 2474 1671 conscindere
2503 1608 2770 1675 pretiosas
2802 1617 2965 1677 atque
2995 1606 3209 1676 regales
3234 1621 3383 1660 meas
3408 1616 3603 1668 vestes.
3629 1614 3697 1664 ut

2115 1714 2213 1753 nec
2242 1707 2365 1767 post
2397 1708 2627 1753 mortem
2661 1697 2945 1768 gaudeatis
2992 1711 3084 1751 eas
3137 1695 3491 1764 possidentes.
3545 1693 3696 1753 Puto

2115 1789 2256 1857 quod
2287 1804 2352 1843 ex
2380 1788 2471 1843 illo
2497 1798 2899 1845 consueverunt
2935 1784 3208 1854 homines,
3243 1800 3366 1845 cum
3398 1784 3694 1853 pretiosam

442 1880 538 1935 sed
565 1894 664 1935 nec
719 1880 820 1951 hac
854 1878 1057 1951 aliquid
1092 1881 1318 1949 peregit,
1377 1896 1476 1935 nec
1524 1897 1621 1951 per
1664 1882 1821 1942 istam
1857 1899 2008 1939 suam
2042 1864 2083 1920 Β
2117 1880 2449 1949 sepulturam
2478 1881 2704 1936 cuilibet
2743 1877 3013 1943 miserint,
3059 1875 3420 1932 conscindunt
3443 1889 3584 1939 eam,
3622 1889 3700 1937 ne

443 1973 771 2030 voluntatem
812 1972 1062 2042 perfecit,
1091 1982 1147 2027 et
1189 1973 1310 2028 ideo
1351 1984 1631 2044 computat
1675 1976 1831 2030 istam
1855 1978 2008 2047 quasi

442 2078 604 2118 unam
632 2080 645 2117 :
682 2078 785 2128 non
818 2064 962 2118 enim
996 2072 1116 2119 erat
1143 2079 1268 2130 una,
1302 2066 1395 2120 sed
1430 2051 1612 2122 dacem
1639 2077 1796 2123 erant
1827 2070 1879 2123 in
1910 2070 2010 2125 hac

442 2156 580 2225 ipsa.
609 2154 744 2210 Nam
786 2155 971 2221 decem
1012 2155 1244 2211 filiorum
1275 2172 1378 2211 una
1434 2156 1538 2215 fuit
1590 2160 1838 2229 perditio,
1870 2178 2011 2219 unus

440 2247 714 2315 interitus.
751 2247 904 2315 Quod
954 2257 1133 2303 autem
1175 2263 1280 2303 non
1308 2240 1669 2307 vulneraverit
1714 2252 1864 2306 illum
1895 2253 2014 2307 dia-

440 2340 618 2404 bolus,
642 2356 817 2415 neque
844 2340 1086 2397 dolorem
1135 2341 1426 2397 incusserit
1480 2344 1865 2411 nequissimus,
1895 2347 2011 2399 evi-

439 2433 633 2487 denter
652 2434 891 2488 ostendit
919 2449 1041 2489 mox
1086 2434 1139 2487 in
1178 2435 1633 2506 subsequentibus
1665 2454 1680 2489 :
1724 2435 1871 2492 Tunc
1891 2455 2010 2493 sur-

439 2525 577 2578 rexit
590 2525 690 2579 Job
702 2525 764 2576 ι’.
789 2525 845 2578 Si
865 2526 1011 2580 enim
1037 2528 1373 2591 vulneratus,
1391 2528 1475 2584 vel
1500 2529 1912 2597 contaminatus,
1927 2531 2012 2585 vel

438 2612 711 2670 laceratus
757 2613 964 2678 fuisset,
1010 2628 1234 2684 surgere
1281 2616 1503 2670 omnino
1569 2631 1672 2671 non
1724 2615 2007 2685 potuisset.

438 2700 584 2773 Ergo
637 2703 763 2771 quia
798 2702 1054 2768 surrexit,
1093 2703 1442 2757 manifestum
1471 2710 1555 2757 est
1591 2701 1731 2770 quod
1776 2702 2009 2758 fortissi-

438 2806 562 2848 mus
579 2793 973 2861 perseveravit,
1003 2803 1168 2862 atque
1194 2794 1395 2855 illaesus
1424 2793 1680 2864 perstitit.
1719 2791 1864 2863 Tum:
1884 2809 2009 2851 tur-

438 2887 574 2965 .fexit
614 2884 736 2939 Job.
795 2884 1047 2941 Surrexit
1094 2886 1298 2951 animo,
1322 2887 1561 2942 surrexit
1611 2885 1736 2952 fide,
1775 2888 2009 2955 surrexit

439 2980 683 3049 veritatis
715 2980 916 3043 studio,
975 2981 1216 3036 surrexit
1255 2981 1322 3037 ad
1355 2982 1622 3052 prmlium,
1661 2982 1902 3040 surrexit
1940 2980 2006 3035 ad

437 3071 719 3137 virtutem,
765 3072 1004 3127 surrexit
1064 3073 1130 3127 ad
1178 3072 1414 3132 oliicium
1462 3074 1801 3130 constantite.
1861 3072 2008 3126 Tunc

437 3165 667 3227 surrexit
687 3156 810 3218 Job.
830 3164 1049 3221 Certum
1070 3174 1150 3223 est
1167 3165 1291 3236 quia
1315 3180 1438 3220 cum
1461 3166 1811 3230 surrexisset,
1828 3164 1959 3218 dicit
1988 3179 2005 3217 :

439 3254 594 3309 Nunc
631 3256 755 3311 belli
788 3267 1020 3326 tempus,
1066 3272 1209 3312 nunc
1246 3257 1591 3327 approbatio,
1643 3271 1785 3313 nunc
1828 3257 2005 3311 victo-

442 3346 540 3407 ria
583 3348 850 3417 acceptio,
909 3363 1053 3403 nunc
1113 3363 1437 3404 coronarum
1485 3349 2009 3419 compositio,nunc

438 3437 813 3493 retributionis
872 3440 1246 3509 exspectatio,
1316 3454 1459 3495 nunc
1528 3440 1767 3495 audaciae
1833 3440 2009 3493 mani-

437 3527 674 3584 festatio.
739 3529 892 3597 Quod
920 3540 1100 3587 autem
1132 3533 1203 3586 ad
1240 3534 1355 3587 haec
1382 3531 1564 3597 omnia
1594 3531 1835 3587 surrexit
1884 3530 2006 3598 Job,

436 3628 599 3688 atque
637 3620 704 3675 ad
731 3621 923 3677 borum
947 3624 1187 3676 omnium
1220 3623 1587 3692 ostensionem
1610 3662 1627 3687 ,
1682 3632 1846 3693 atque
1885 3638 2008 3693 per-

436 3710 925 3781 fectionem,jnxta
962 3715 1225 3790 baecgqua:
1274 3726 1597 3785 sequuntur,
1658 3714 2004 3772 manifestum

434 3803 856 3868 est:Conscidit,
886 3807 1080 3874 inquit,
1106 3809 1411 3862 uestimenta
1437 3825 1535 3861 sua
1567 3808 1634 3861 ³7.
1657 3807 1767 3863 Cur
1787 3809 2005 3865 consci-

436 3896 559 3950 dit?
585 3897 666 3952 0b
694 3898 796 3951 hoc
824 3898 1110 3961 conscidit,
1139 3909 1197 3952 ut
1219 3900 1525 3968 expeditior
1554 3909 1717 3968 atque
1749 3908 2007 3961 constan-

441 3988 545 4043 tior
575 3989 874 4045 exstitisset
931 3989 983 4055 in
1027 3990 1251 4057 praelio,
1302 4000 1355 4044 ut
1408 3991 1498 4046 illa
1550 4006 1669 4060 quae
1730 3993 2009 4047 retardant

436 4077 755 4146 deponeret,
798 4088 854 4131 ut
891 4078 977 4131 illa
1023 4094 1144 4148 quae
1178 4081 1479 4149 impediunt
1539 4097 1568 4136 a
1609 4097 1667 4136 se
1697 4080 2004 4152 projiceret,

438 4159 808 4249 ttt'tanqtt.attt
864 4170 1258 4228 audacissimus
1293 4174 1583 4242 prtuliator.
1648 4184 1698 4228 et
1748 4184 2006 4243 tanquam

436 4248 727 4341 singularis
756 4248 1149 4341 mo‘nomacbus
1183 4264 1445 4320 adversus
1480 4265 1796 4341 innumeros
1827 4268 2010 4321 inimi-

437 4338 553 4427 cos,
584 4362 640 4405 et
667 4338 926 4413 adversus
954 4338 1364 4417 inaestimabiles
1403 4338 1785 4424 adversarios,
1819 4358 2007 4429 singu-

436 4443 628 4498 lariter
659 4444 949 4504 immobilis
977 4446 1327 4515 perstitisset.
1354 4445 1435 4502 Ob
1460 4448 1564 4503 hoc
1589 4464 1720 4520 ergo
1744 4451 2009 4506 conscidit

436 4535 755 4590 vestimenta
781 4551 899 4590 sua.
930 4536 1062 4590 Nam
1086 4546 1140 4592 et
1162 4553 1291 4599 vere
1322 4540 1445 4595 talis
1461 4555 1578 4595 mos
1609 4550 1691 4595 est
1720 4542 1771 4595 in
1813 4542 2007 4615 aliqui:

435 4626 537 4680 bns
558 4626 829 4696 gentibus,
859 4637 940 4707 ut,
975 4642 1102 4683 cum
1143 4630 1210 4684 ad
1233 4629 1425 4685 durum
1464 4631 1705 4701 praelium
1730 4635 2002 4701 venerint,

435 4726 564 4787 tunc
591 4717 845 4771 nimirum
875 4712 1183 4776 scindentes
1207 4723 1529 4785 vestimenta
1553 4740 1648 4779 sua
1671 4740 1791 4780 cum
1822 4726 2004 4785 furore

433 4818 597 4878 atque
634 4807 1003 4879 indignatione
1031 4798 1255 4866 currant
1303 4824 1488 4871 contra
1521 4818 1865 4874 adversarios
1915 4820 2003 4873 in-

433 4904 821 4969 temperanter,
852 4901 996 4956 nudo
1025 4912 1266 4983 pectore,
1305 4921 1426 4983 cum
1457 4908 1648 4963 fiducia
1677 4924 1737 4965 se
1769 4908 2005 4965 offeren-

434 5001 537 5056 tes,
564 5000 620 5045 ut
656 4999 738 5046 est
789 4980 1053 5061 Syrorum
1084 5008 1237 5061 gens.
1265 4980 1420 5049 'Item
1454 5012 1579 5052 vero
1611 4999 1730 5054 alia:
1759 4999 2004 5054 barbarae

428 5093 617 5153 gentes
636 5085 1000 5153 exspoliantes
1021 5101 1101 5151 se,
1120 5096 1285 5155 atque
1324 5089 1375 5142 in
1408 5091 1541 5163 ipsis
1566 5093 1762 5147 tunicis
1782 5108 1842 5149 se
1868 5108 2005 5162 pra:-

432 5175 733 5243 cingentes,
768 5175 910 5230 nudo
959 5186 1198 5245 pectore,
1243 5188 1404 5248 atque
1450 5184 1710 5252 scapulati
1772 5184 2003 5240 viriliter

429 5273 562 5318 cunt
594 5266 646 5318 in
678 5268 945 5334 praelium.
1003 5268 1095 5324 Sic
1146 5259 1328 5338 itaque
1359 5273 1692 5330 admirabilis
1723 5275 1823 5333 Job
1873 5293 2003 5334 con-

429 5354 681 5409 scindens
734 5354 1056 5413 vestimenta
1100 5377 1221 5426 sua,
1276 5373 1439 5432 atque
1480 5367 1662 5421 omnia
1722 5370 1998 5439 deponens

430 5447 847 5515 impedimenta,
874 5452 1050 5507 nudus
1082 5464 1245 5521 atque
1278 5454 1454 5511 audax
1482 5459 1633 5514 stetit
1672 5461 1723 5514 in
1753 5463 1998 5531 spiritale

428 5541 691 5609 praelium.
734 5542 840 5597 Ant
869 5545 1045 5601 adhuc
1080 5549 1346 5603 conscidit
1385 5552 1705 5608 vestimenta
1735 5570 1850 5621 sua,
1879 5557 1996 5611 sine

427 5646 579 5685 mora
609 5634 958 5703 semetipsum
983 5639 1051 5690 ad
1084 5638 1229 5707 ipsas
1254 5656 1564 5711 prazparans
1595 5644 1798 5715 plagas.
1832 5646 1993 5712 Ecce,

2117 1971 2283 2041 aliqui
2318 1972 2535 2027 scelesti
2565 1980 2617 2026 et
2657 1971 2830 2041 ipsum
2874 1982 3070 2035 corpus
3096 1965 3404 2037 projiciant,
3434 1976 3490 2022 et
3519 1966 3697 2036 ipsam

2112 2064 2407 2133 pretiosam
2440 2061 2772 2132 sepulturam
2810 2060 3140 2130 possideant.
3161 2059 3315 2135 Quod
3352 2058 3401 2115 si
3433 2069 3699 2128 tanquam

2116 2156 2383 2210 viventem
2441 2171 2549 2221 me,
2580 2154 2777 2223 inquit,
2815 2153 3100 2223 iudicatis,
3127 2166 3275 2217 ecce,
3300 2151 3495 2221 inquit,
3524 2153 3697 2219 etiam

2116 2246 2196 2299 sic
2222 2247 2395 2300 nudus
2414 2254 2577 2315 atque
2601 2245 2911 2314 seapulatus
2931 2253 3017 2300 sto
3046 2252 3236 2298 contra
3263 2256 3381 2313 vos,
3412 2257 3695 2313 nunquam

2116 2333 2267 2389 vobis
2289 2349 2567 2389 cessurus.
2596 2336 2701 2389 Aut
2724 2334 2903 2388 adhuc
2929 2333 3196 2389 conscidit
3219 2333 3541 2389 vestimenta
3566 2348 3697 2401 sua.

2115 2425 2274 2490 Ecce,
2304 2427 2503 2495 inquit,
2530 2442 2564 2482 ο
2597 2427 2817 2496 maligni
2855 2426 3096 2480 inimici!
3129 2424 3399 2496 peculium
3428 2440 3697 2485 consume

2112 2518 2336 2587 psistis,
2378 2517 2518 2585 filios
2577 2517 2914 2588 perdidistis,
2957 2517 3316 2573 substantiam
3364 2516 3696 2587 diripuistis,

2115 2622 2216 2669 nec
2239 2607 2537 2676 quidquam
2577 2608 2723 2661 aliud
2766 2608 2869 2662 nisi
2911 2605 3084 2662 solum
3119 2622 3313 2677 corpus
3356 2618 3520 2677 atque
3549 2608 3696 2661 banc

2114 2708 2321 2759 vestem
2351 2702 2481 2755 mibi
2520 2700 2840 2771 reliquistis.
2915 2701 3133 2767 Tollite,
3194 2703 3391 2772 inquit,
3445 2712 3499 2756 et
3544 2703 3697 2757 banc

2116 2800 2342 2861 vestem,
2389 2792 2618 2863 pruiicio
2650 2795 2815 2849 etiam
2846 2794 2986 2849 hanc
3022 2794 3195 2860 vobis,
3249 2794 3384 2849 nihil
3418 2796 3556 2864 apud
3598 2809 3696 2849 me

2115 2896 2394 2947 remaneat
2422 2903 2491 2942 ex
2527 2887 2611 2942 bis
2639 2902 2761 2953 quae
2793 2887 2850 2950 in
2873 2896 3190 2956 potestatem
3214 2888 3469 2958 nequitia:
3490 2896 3697 2943 vestne

2114 2979 2236 3040 data
2263 2988 2409 3037 sunt.
2466 2978 2584 3034 Non
2613 2979 2684 3033 sit
2722 2978 2855 3033 mihi
2910 2994 2977 3041 ex
3020 2978 3174 3047 vobis
3204 2978 3305 3035 hoc
3339 2977 3692 3045 beneﬁcium,

2112 3070 2232 3129 oleo
2263 3080 2610 3139 peccatorum
2646 3085 2751 3132 non
2793 3080 3026 3143 ungetur
3048 3080 3212 3140 caput
3264 3083 3465 3133 meum.
3505 3068 3697 3138 Super

2114 3176 2236 3232 qua:
2257 3161 2529 3229 universa,
2554 3177 2701 3226 ecce,
2736 3161 2930 3231 inquit,
2959 3170 3013 3216 et
3040 3160 3214 3231 ipsum
3241 3176 3436 3231 corpus
3457 3161 3689 3226 nudum,

2110 3253 2404 3319 detectum,
2439 3262 2685 3322 paratum
2736 3253 2805 3317 ad
2843 3266 3022 3320 poenae
3076 3252 3561 3322 supportatiouem,
3612 3250 3690 3305 ad

2108 3343 2355 3400 dolorum
2405 3344 2771 3405 tolerantiam.
2821 3342 3071 3413 Torque,
3124 3344 3328 3413 inquit,
3385 3343 3689 3409 contunde,

2108 3434 2358 3499 verbera,
2392 3443 2593 3493 etcum
2625 3451 2721 3505 per
2758 3446 2957 3503 cuncta
3003 3437 3339 3505 probaveris,
3386 3450 3691 3504 cognoscas

2107 3527 2231 3596 quia
2257 3527 2403 3583 solus
2434 3525 2536 3582 Job
2568 3528 2953 3597 insuperabilis
2980 3541 3311 3598 permanens
3341 3528 3394 3581 in
3424 3526 3691 3582 omnibus

2109 3634 2380 3689 nunquam
2412 3620 2567 3674 cedet
2594 3620 2851 3689 nequitia:
2884 3620 3134 3692 ﬂagellis.
3192 3619 3317 3683 litec
3346 3620 3526 3688 itaque
3556 3620 3692 3673 uni-

2089 3724 2261 3767 .versa
2290 3725 2410 3763 cum
2449 3711 2718 3779 cogitaret
2754 3722 2809 3766 et
2835 3712 3166 3780 loqueretur,
3218 3721 3380 3789 atque
3406 3711 3534 3781 ipsis
3558 3725 3691 3778 per-

2109 3802 2297 3857 ﬁceret
2337 3803 2515 3866 factis.
2545 3802 2791 3858 Surrexit
2827 3815 2873 3857 et
2907 3806 3163 3858 conscidit
3204 3806 3505 3867 vestimenta
3556 3818 3687 3866 sua,

2107 3905 2155 3955 et
2183 3895 2413 3948 totondit
2460 3910 2663 3948 comam
2713 3897 2907 3964 capitis
2952 3909 3138 3964 utpote
3170 3896 3690 3966 superfluatn,otio-

2109 4002 2227 4046 sam
2275 3998 2439 4057 atque
2468 3987 2715 4045 inutilem
2752 4010 2765 4045 :
2800 3988 3045 4043 Totondit
3092 4005 3297 4055 comam
3341 3989 3529 4059 capitis
3569 3990 3690 4054 sui,

2108 4078 2265 4139 factis
2298 4068 2585 4149 perliciens
2607 4081 2657 4134 id
2686 4082 2830 4150 quod
2864 4091 3049 4150 postea
3077 4081 3287 4135 duriter
3315 4080 3381 4133 ah
3418 4080 3687 4149 Apostolo

2108 4171 2513 4230 interminatum
2545 4182 2627 4226 est
2650 4175 2837 4240 verbo,
2854 4173 2982 4242 quia
3006 4172 3084 4226 vir
3105 4173 3151 4226 si
3176 4188 3377 4225 comam
3406 4172 3685 4239 nutrierit,

2109 4262 2399 4331 ignominia
2436 4272 2509 4325 est
2538 4262 2617 4325 illi
2646 4262 2715 4317 δ’.
2764 4262 2890 4318 Haec
2931 4264 3112 4332 itaque
3137 4264 3433 4319 observans
3463 4262 3564 4331 Job
3594 4271 3690 4318 to-

2110 4357 2284 4411 tondit
2319 4371 2527 4427 comam
2558 4357 2752 4427 capitis
2780 4359 2885 4412 sui.
2912 4356 3046 4412 Cum
3105 4358 3450 4422 totondisset,
3491 4358 3695 4423 procul,

2110 4447 2273 4506 dubio
2302 4450 2449 4518 quod
2500 4448 2630 4519 ipsis
2663 4463 2783 4502 eam
2833 4448 3165 4504 adversariis
3218 4446 3688 4518 projecit:Ecce.

2040 4578 2083 4633 υ
2113 4539 2313 4610 inquit,
2353 4539 2527 4595 tollite
2575 4550 2629 4595 et
2676 4541 2841 4607 hanc,
2868 4539 3068 4596 habete
3098 4540 3259 4595 etiam
3295 4549 3351 4593 et
3397 4538 3561 4604 hanc,
3586 4539 3691 4593 de-

2108 4633 2295 4703 glutite
2332 4641 2388 4686 et
2433 4633 2613 4687 istam.
2662 4632 2854 4696 Arbor,
2926 4631 3124 4699 inquit,
3198 4646 3317 4686 sum
3374 4629 3689 4696 fructifera,

2107 4725 2286 4780 omnia
2316 4738 2436 4794 qua:
2460 4723 2728 4794 superﬂua
2762 4740 2790 4777 a
2814 4739 2901 4787 me
2931 4722 3178 4791 projicio,
3208 4732 3265 4777 ut
3297 4722 3539 4777 illibatus
3562 4738 3690 4791 per-

2108 4818 2309 4883 fectum
2341 4816 2579 4888 fructum
2611 4815 2855 4874 aﬂ’eram.
2885 4814 3024 4870 Vitis
3056 4816 3200 4870 enim
3225 4831 3345 4871 sum
3387 4816 3525 4871 bene
3563 4832 3691 4869 ma-

2107 4912 2331 4976 ceriata,
2388 4909 2649 4979 abscindo
2686 4925 2716 4964 a
2744 4924 2829 4984 me
2857 4909 3107 4964 universa
3140 4907 3435 4978 superﬂua,
3483 4918 3541 4961 ut
3596 4910 3691 4962 in-

2107 5004 2365 5073 congruis
2395 5002 2649 5058 omnibus
2675 5002 2826 5067 dicar
2865 5009 3146 5072 purgatus,
3200 5016 3264 5056 ac
3306 5002 3532 5071 justitite
3559 5016 3689 5070 per-

2107 5095 2278 5150 feram
2306 5092 2609 5164 perfectum
2643 5092 2902 5154 fructum.
2952 5093 3211 5163 Totondit
3242 5108 3453 5148 comam
3483 5093 3690 5159 capitis

2103 5187 2212 5253 sui,
2258 5202 2363 5242 non
2391 5196 2451 5245 ut
2480 5186 2689 5258 lugens,
2731 5187 2824 5240 sed
2876 5197 2936 5241 ut
2964 5185 3166 5247 luctum
3198 5185 3474 5254 deponens
3503 5194 3679 5253 atque

2103 5278 2413 5350 projiciens,
2442 5280 2698 5348 omnique
2728 5278 2872 5337 luctu
2923 5294 3018 5349 per
3055 5278 3396 5344 tolerantiam
3424 5280 3688 5347 superior

2102 5372 2386 5427 exsistens.
2417 5369 2668 5426 Totondit
2696 5386 2907 5425 comam
2932 5371 3123 5441 capitis
3152 5370 3256 5425 sui.
3289 5369 3444 5432 Sicut
3474 5368 3686 5437 Joseph

2104 5479 2226 5519 cum
2273 5465 2338 5518 de
2370 5476 2593 5518 carcere
2641 5477 2672 5517 a
2702 5461 2990 5518 Pharaone
3028 5462 3378 5529 educeretur,
3411 5461 3552 5523 sicut
3590 5457 3686 5515 Jo-

2104 5556 2279 5609 nathte
2306 5554 2444 5608 filius
2473 5568 2592 5608 cum
2631 5552 2796 5609 David
2826 5557 2891 5609 ad
2942 5553 3241 5610 Jerusalem
3270 5564 3390 5623 post
3440 5560 3680 5615 mortem

2099 5646 2335 5703 Absalon
2390 5655 2770 5712 reverteretur,
2819 5656 2874 5702 et
2902 5647 2991 5701 alii
3050 5647 3319 5717 inpnmeri
3349 5645 3561 5717 priores,
3608 5658 3684 5725 ac

501 5812 543 5845 ³⁸
574 5812 727 5899 Joht,
751 5816 840 5873 δὶα.
920 5816 962 5848 ³⁷
984 5816 1115 5897 ibid.
1193 5820 1235 5853 ³⁸
1266 5820 1368 5876 lsa.
1396 5837 1448 5905 ῃ,
1474 5822 1533 5879 6.
1604 5824 1647 5875 εξ
1667 5824 1806 5888 l’sal.
1828 5840 2008 5891 cxxvn

2112 5864 2130 5909 t
2161 5826 2207 5885 Ψ
2232 5824 2372 5881 Psal.
2405 5840 2570 5897 putt,
2624 5827 2710 5881 14.
2784 5824 2826 5859 ⁸³
2860 5823 2879 5883 l
2907 5824 3031 5891 Cor.
3064 5842 3136 5893 ῃ,
3173 5823 3256 5893 ll,
