  <div class='ocr_page' id='page_1' title='image "/cluster/home/n/w/nwhite01/storage/ocr_20150623/17/mdp.39015031604831/224.png"; bbox 0 0 3992 6312; ppageno 0'>
   <div class='ocr_carea' id='block_1_1' title="bbox 209 345 302 399">
    <p class='ocr_par' dir='ltr' id='par_1_1' title="bbox 209 345 302 399">
     <span class='ocr_line' id='line_1_1' title="bbox 209 345 302 399; baseline -0.032 0"><span class='ocrx_word' id='word_1_1' title='bbox 209 345 302 399; x_wconf 63' lang='lat'><strong>£57</strong></span> 
     </span>
    </p>
   </div>
   <div class='ocr_carea' id='block_1_2' title="bbox 1333 342 2353 401">
    <p class='ocr_par' dir='ltr' id='par_1_2' title="bbox 1333 342 2353 401">
     <span class='ocr_line' id='line_1_2' title="bbox 1333 342 2353 401; baseline 0.003 -4"><span class='ocrx_word' id='word_1_2' title='bbox 1333 342 1717 399; x_wconf 76' lang='lat' dir='ltr'><strong>ANONYMUS</strong></span> <span class='ocrx_word' id='word_1_3' title='bbox 1753 342 1821 396; x_wconf 85' lang='lat' dir='ltr'><strong>IN</strong></span> <span class='ocrx_word' id='word_1_4' title='bbox 1856 342 1996 401; x_wconf 86' lang='lat' dir='ltr'><strong>JOB.</strong></span> <span class='ocrx_word' id='word_1_5' title='bbox 2039 378 2107 387; x_wconf 91' lang='lat'><strong>—-</strong></span> <span class='ocrx_word' id='word_1_6' title='bbox 2140 343 2268 399; x_wconf 85' lang='lat' dir='ltr'><strong>LIB.</strong></span> <span class='ocrx_word' id='word_1_7' title='bbox 2308 342 2353 400; x_wconf 82' lang='grc' dir='ltr'><strong>ἰ.</strong></span> 
     </span>
    </p>
   </div>
   <div class='ocr_carea' id='block_1_3' title="bbox 3368 345 3469 401">
    <p class='ocr_par' dir='ltr' id='par_1_3' title="bbox 3368 345 3469 401">
     <span class='ocr_line' id='line_1_3' title="bbox 3368 345 3469 401; baseline 0 -1"><span class='ocrx_word' id='word_1_8' title='bbox 3368 345 3469 401; x_wconf 67' lang='grc'><strong>458</strong></span> 
     </span>
    </p>
   </div>
   <div class='ocr_carea' id='block_1_4' title="bbox 209 459 3467 534">
    <p class='ocr_par' dir='ltr' id='par_1_4' title="bbox 209 459 3467 534">
     <span class='ocr_line' id='line_1_4' title="bbox 209 459 3467 534; baseline 0.001 -21"><span class='ocrx_word' id='word_1_9' title='bbox 209 462 429 534; x_wconf 80' lang='lat' dir='ltr'><strong>posteri,</strong></span> <span class='ocrx_word' id='word_1_10' title='bbox 468 464 711 531; x_wconf 84' lang='lat' dir='ltr'><strong>quandiu</strong></span> <span class='ocrx_word' id='word_1_11' title='bbox 753 461 1027 533; x_wconf 76' lang='lat' dir='ltr'><strong>lugebant,</strong></span> <span class='ocrx_word' id='word_1_12' title='bbox 1070 479 1179 515; x_wconf 90' lang='lat' dir='ltr'><strong>non</strong></span> <span class='ocrx_word' id='word_1_13' title='bbox 1227 464 1523 518; x_wconf 87' lang='lat' dir='ltr'><strong>tondebant</strong></span> <span class='ocrx_word' id='word_1_14' title='bbox 1554 479 1790 530; x_wconf 82' lang='lat' dir='ltr'><strong>comam,</strong></span> <span class='ocrx_word' id='word_1_15' title='bbox 1824 469 1866 521; x_wconf 83' lang='lat' dir='ltr'><strong>A</strong></span> <span class='ocrx_word' id='word_1_16' title='bbox 1897 480 1956 520; x_wconf 88' lang='lat' dir='ltr'><strong>se</strong></span> <span class='ocrx_word' id='word_1_17' title='bbox 1999 476 2125 521; x_wconf 89' lang='lat' dir='ltr'><strong>ante</strong></span> <span class='ocrx_word' id='word_1_18' title='bbox 2160 466 2325 520; x_wconf 88' lang='lat' dir='ltr'><strong>Deum</strong></span> <span class='ocrx_word' id='word_1_19' title='bbox 2385 461 2697 526; x_wconf 89' lang='lat' dir='ltr'><strong>hmuilians,</strong></span> <span class='ocrx_word' id='word_1_20' title='bbox 2763 459 3152 530; x_wconf 78' lang='lat' dir='ltr'><strong>nequissimtun</strong></span> <span class='ocrx_word' id='word_1_21' title='bbox 3195 460 3467 516; x_wconf 88' lang='lat' dir='ltr'><strong>diabolum</strong></span> 
     </span>
    </p>
   </div>
   <div class='ocr_carea' id='block_1_5' title="bbox 210 553 1783 624">
    <p class='ocr_par' dir='ltr' id='par_1_5' title="bbox 210 553 1783 624">
     <span class='ocr_line' id='line_1_5' title="bbox 210 553 1783 624; baseline 0.001 -15"><span class='ocrx_word' id='word_1_22' title='bbox 210 554 454 624; x_wconf 82' lang='lat' dir='ltr'><strong>deposito</strong></span> <span class='ocrx_word' id='word_1_23' title='bbox 500 567 679 610; x_wconf 89' lang='lat' dir='ltr'><strong>autem</strong></span> <span class='ocrx_word' id='word_1_24' title='bbox 716 557 859 610; x_wconf 93' lang='lat' dir='ltr'><strong>luctu</strong></span> <span class='ocrx_word' id='word_1_25' title='bbox 910 553 1191 609; x_wconf 74' lang='lat' dir='ltr'><strong>confestim</strong></span> <span class='ocrx_word' id='word_1_26' title='bbox 1255 556 1575 620; x_wconf 88' lang='lat' dir='ltr'><strong>tondebant,</strong></span> <span class='ocrx_word' id='word_1_27' title='bbox 1627 558 1698 611; x_wconf 90' lang='lat' dir='ltr'><strong>ita</strong></span> <span class='ocrx_word' id='word_1_28' title='bbox 1727 564 1783 611; x_wconf 89' lang='lat' dir='ltr'><strong>et</strong></span> 
     </span>
    </p>
   </div>
   <div class='ocr_carea' id='block_1_6' title="bbox 209 646 1784 716">
    <p class='ocr_par' dir='ltr' id='par_1_6' title="bbox 209 646 1784 716">
     <span class='ocr_line' id='line_1_6' title="bbox 209 646 1784 716; baseline 0.003 -18"><span class='ocrx_word' id='word_1_29' title='bbox 209 660 351 700; x_wconf 87' lang='lat' dir='ltr'><strong>nunc</strong></span> <span class='ocrx_word' id='word_1_30' title='bbox 377 646 575 703; x_wconf 88' lang='lat' dir='ltr'><strong>beatus</strong></span> <span class='ocrx_word' id='word_1_31' title='bbox 599 648 701 702; x_wconf 84' lang='lat' dir='ltr'><strong>Job</strong></span> <span class='ocrx_word' id='word_1_32' title='bbox 734 647 959 702; x_wconf 90' lang='lat' dir='ltr'><strong>totondit</strong></span> <span class='ocrx_word' id='word_1_33' title='bbox 987 662 1200 701; x_wconf 83' lang='lat' dir='ltr'><strong>comam</strong></span> <span class='ocrx_word' id='word_1_34' title='bbox 1228 648 1422 716; x_wconf 91' lang='lat' dir='ltr'><strong>capitis</strong></span> <span class='ocrx_word' id='word_1_35' title='bbox 1447 650 1552 711; x_wconf 90' lang='lat' dir='ltr'><strong>sui,</strong></span> <span class='ocrx_word' id='word_1_36' title='bbox 1599 659 1655 702; x_wconf 93' lang='lat' dir='ltr'><strong>ut</strong></span> <span class='ocrx_word' id='word_1_37' title='bbox 1685 650 1784 703; x_wconf 82' lang='lat' dir='ltr'><strong>litt-</strong></span> 
     </span>
    </p>
   </div>
   <div class='ocr_carea' id='block_1_7' title="bbox 207 739 1782 807">
    <p class='ocr_par' dir='ltr' id='par_1_7' title="bbox 207 739 1782 807">
     <span class='ocr_line' id='line_1_7' title="bbox 207 739 1782 807; baseline 0.001 -14"><span class='ocrx_word' id='word_1_38' title='bbox 207 740 439 793; x_wconf 88' lang='lat' dir='ltr'><strong>miliaret</strong></span> <span class='ocrx_word' id='word_1_39' title='bbox 468 755 550 805; x_wconf 88' lang='lat' dir='ltr'><strong>se,</strong></span> <span class='ocrx_word' id='word_1_40' title='bbox 599 749 653 793; x_wconf 94' lang='lat' dir='ltr'><strong>ut</strong></span> <span class='ocrx_word' id='word_1_41' title='bbox 693 739 1004 807; x_wconf 85' lang='lat' dir='ltr'><strong>subjiceret,</strong></span> <span class='ocrx_word' id='word_1_42' title='bbox 1039 750 1095 792; x_wconf 88' lang='lat' dir='ltr'><strong>ut</strong></span> <span class='ocrx_word' id='word_1_43' title='bbox 1126 740 1400 793; x_wconf 88' lang='lat' dir='ltr'><strong>miseriam</strong></span> <span class='ocrx_word' id='word_1_44' title='bbox 1450 741 1782 795; x_wconf 88' lang='lat' dir='ltr'><strong>ostenderet.</strong></span> 
     </span>
    </p>
   </div>
   <div class='ocr_carea' id='block_1_8' title="bbox 204 831 1785 900">
    <p class='ocr_par' dir='ltr' id='par_1_8' title="bbox 204 831 1785 900">
     <span class='ocr_line' id='line_1_8' title="bbox 204 831 1785 900; baseline 0 -14"><span class='ocrx_word' id='word_1_45' title='bbox 204 831 356 898; x_wconf 86' lang='lat' dir='ltr'><strong>Quod</strong></span> <span class='ocrx_word' id='word_1_46' title='bbox 384 841 471 886; x_wconf 82' lang='lat' dir='ltr'><strong>est</strong></span> <span class='ocrx_word' id='word_1_47' title='bbox 513 832 669 900; x_wconf 82' lang='lat' dir='ltr'><strong>hujus</strong></span> <span class='ocrx_word' id='word_1_48' title='bbox 714 832 791 885; x_wconf 87' lang='lat' dir='ltr'><strong>rei</strong></span> <span class='ocrx_word' id='word_1_49' title='bbox 839 831 1145 885; x_wconf 87' lang='lat' dir='ltr'><strong>indicium?</strong></span> <span class='ocrx_word' id='word_1_50' title='bbox 1193 831 1292 886; x_wconf 90' lang='lat' dir='ltr'><strong>hoc</strong></span> <span class='ocrx_word' id='word_1_51' title='bbox 1326 832 1468 899; x_wconf 88' lang='lat' dir='ltr'><strong>quod</strong></span> <span class='ocrx_word' id='word_1_52' title='bbox 1515 833 1567 885; x_wconf 91' lang='lat' dir='ltr'><strong>in</strong></span> <span class='ocrx_word' id='word_1_53' title='bbox 1595 833 1785 886; x_wconf 59' lang='lat' dir='ltr'><strong>subseo</strong></span> 
     </span>
    </p>
   </div>
   <div class='ocr_carea' id='block_1_9' title="bbox 201 924 1784 992">
    <p class='ocr_par' dir='ltr' id='par_1_9' title="bbox 201 924 1784 992">
     <span class='ocr_line' id='line_1_9' title="bbox 201 924 1784 992; baseline 0 -15"><span class='ocrx_word' id='word_1_54' title='bbox 201 924 495 992; x_wconf 83' lang='lat' dir='ltr'><strong>quentibus</strong></span> <span class='ocrx_word' id='word_1_55' title='bbox 554 924 751 977; x_wconf 90' lang='lat' dir='ltr'><strong>dictum</strong></span> <span class='ocrx_word' id='word_1_56' title='bbox 801 934 942 977; x_wconf 89' lang='lat' dir='ltr'><strong>est:</strong></span> <span class='ocrx_word' id='word_1_57' title='bbox 990 924 1226 991; x_wconf 82' lang='lat' dir='ltr'><strong>Aspersit</strong></span> <span class='ocrx_word' id='word_1_58' title='bbox 1279 939 1510 992; x_wconf 84' lang='lat' dir='ltr'><strong>namque</strong></span> <span class='ocrx_word' id='word_1_59' title='bbox 1588 933 1784 977; x_wconf 79' lang='lat' dir='ltr'><strong>terram</strong></span> 
     </span>
    </p>
   </div>
   <div class='ocr_carea' id='block_1_10' title="bbox 198 1011 1780 1082">
    <p class='ocr_par' dir='ltr' id='par_1_10' title="bbox 198 1011 1780 1082">
     <span class='ocr_line' id='line_1_10' title="bbox 198 1011 1780 1082; baseline 0.002 -16"><span class='ocrx_word' id='word_1_60' title='bbox 198 1028 358 1082; x_wconf 73' lang='lat' dir='ltr'><strong>super</strong></span> <span class='ocrx_word' id='word_1_61' title='bbox 384 1022 538 1081; x_wconf 83' lang='lat' dir='ltr'><strong>caput</strong></span> <span class='ocrx_word' id='word_1_62' title='bbox 567 1028 721 1065; x_wconf 79' lang='lat' dir='ltr'><strong>suum</strong></span> <span class='ocrx_word' id='word_1_63' title='bbox 751 1014 821 1065; x_wconf 68' lang='grc' dir='ltr'><strong>δ’.</strong></span> <span class='ocrx_word' id='word_1_64' title='bbox 857 1011 970 1067; x_wconf 84' lang='lat' dir='ltr'><strong>Nisi</strong></span> <span class='ocrx_word' id='word_1_65' title='bbox 1006 1016 1149 1067; x_wconf 90' lang='lat' dir='ltr'><strong>enim</strong></span> <span class='ocrx_word' id='word_1_66' title='bbox 1191 1013 1343 1067; x_wconf 80' lang='lat' dir='ltr'><strong>valde</strong></span> <span class='ocrx_word' id='word_1_67' title='bbox 1371 1014 1678 1069; x_wconf 81' lang='lat' dir='ltr'><strong>humiliaret</strong></span> <span class='ocrx_word' id='word_1_68' title='bbox 1702 1030 1780 1079; x_wconf 85' lang='lat' dir='ltr'><strong>se,</strong></span> 
     </span>
    </p>
   </div>
   <div class='ocr_carea' id='block_1_11' title="bbox 199 1105 1778 1175">
    <p class='ocr_par' dir='ltr' id='par_1_11' title="bbox 199 1105 1778 1175">
     <span class='ocr_line' id='line_1_11' title="bbox 199 1105 1778 1175; baseline 0.001 -17"><span class='ocrx_word' id='word_1_69' title='bbox 199 1120 311 1158; x_wconf 89' lang='lat' dir='ltr'><strong>non</strong></span> <span class='ocrx_word' id='word_1_70' title='bbox 339 1105 529 1173; x_wconf 87' lang='lat' dir='ltr'><strong>utique</strong></span> <span class='ocrx_word' id='word_1_71' title='bbox 572 1116 733 1174; x_wconf 87' lang='lat' dir='ltr'><strong>caput</strong></span> <span class='ocrx_word' id='word_1_72' title='bbox 764 1120 920 1159; x_wconf 90' lang='lat' dir='ltr'><strong>suum</strong></span> <span class='ocrx_word' id='word_1_73' title='bbox 955 1114 1097 1159; x_wconf 87' lang='lat' dir='ltr'><strong>terra</strong></span> <span class='ocrx_word' id='word_1_74' title='bbox 1128 1116 1441 1175; x_wconf 76' lang='lat' dir='ltr'><strong>aspergeret</strong></span> <span class='ocrx_word' id='word_1_75' title='bbox 1478 1123 1492 1159; x_wconf 86' lang='lat'><strong>:</strong></span> <span class='ocrx_word' id='word_1_76' title='bbox 1524 1107 1778 1174; x_wconf 61' lang='lat' dir='ltr'><strong>Aspersa,</strong></span> 
     </span>
    </p>
   </div>
   <div class='ocr_carea' id='block_1_12' title="bbox 199 1196 1780 1267">
    <p class='ocr_par' dir='ltr' id='par_1_12' title="bbox 199 1196 1780 1267">
     <span class='ocr_line' id='line_1_12' title="bbox 199 1196 1780 1267; baseline 0.003 -18"><span class='ocrx_word' id='word_1_77' title='bbox 199 1197 446 1266; x_wconf 86' lang='lat' dir='ltr'><strong>inquam,</strong></span> <span class='ocrx_word' id='word_1_78' title='bbox 483 1208 678 1249; x_wconf 79' lang='lat' dir='ltr'><strong>(errant</strong></span> <span class='ocrx_word' id='word_1_79' title='bbox 709 1214 869 1265; x_wconf 76' lang='lat' dir='ltr'><strong>super</strong></span> <span class='ocrx_word' id='word_1_80' title='bbox 901 1208 1055 1266; x_wconf 85' lang='lat' dir='ltr'><strong>caput</strong></span> <span class='ocrx_word' id='word_1_81' title='bbox 1092 1214 1265 1251; x_wconf 83' lang='lat' dir='ltr'><strong>suum.</strong></span> <span class='ocrx_word' id='word_1_82' title='bbox 1318 1196 1469 1252; x_wconf 85' lang='lat' dir='ltr'><strong>Unde</strong></span> <span class='ocrx_word' id='word_1_83' title='bbox 1498 1199 1635 1252; x_wconf 89' lang='lat' dir='ltr'><strong>hanc</strong></span> <span class='ocrx_word' id='word_1_84' title='bbox 1660 1198 1780 1267; x_wconf 89' lang='lat' dir='ltr'><strong>opi-</strong></span> 
     </span>
    </p>
   </div>
   <div class='ocr_carea' id='block_1_13' title="bbox 196 1286 1781 1357">
    <p class='ocr_par' dir='ltr' id='par_1_13' title="bbox 196 1286 1781 1357">
     <span class='ocr_line' id='line_1_13' title="bbox 196 1286 1781 1357; baseline 0.003 -18"><span class='ocrx_word' id='word_1_85' title='bbox 196 1287 420 1342; x_wconf 84' lang='lat' dir='ltr'><strong>nionem</strong></span> <span class='ocrx_word' id='word_1_86' title='bbox 452 1287 754 1355; x_wconf 88' lang='lat' dir='ltr'><strong>sumpsisti,</strong></span> <span class='ocrx_word' id='word_1_87' title='bbox 780 1303 812 1341; x_wconf 92' lang='grc' dir='ltr'><strong>ο</strong></span> <span class='ocrx_word' id='word_1_88' title='bbox 843 1289 997 1342; x_wconf 80' lang='lat' dir='ltr'><strong>beate</strong></span> <span class='ocrx_word' id='word_1_89' title='bbox 1020 1286 1156 1343; x_wconf 79' lang='lat' dir='ltr'><strong>Job!</strong></span> <span class='ocrx_word' id='word_1_90' title='bbox 1197 1298 1254 1340; x_wconf 91' lang='lat' dir='ltr'><strong>ut</strong></span> <span class='ocrx_word' id='word_1_91' title='bbox 1280 1291 1480 1341; x_wconf 87' lang='lat' dir='ltr'><strong>terram</strong></span> <span class='ocrx_word' id='word_1_92' title='bbox 1508 1288 1665 1357; x_wconf 81' lang='lat' dir='ltr'><strong>capiti</strong></span> <span class='ocrx_word' id='word_1_93' title='bbox 1692 1300 1781 1343; x_wconf 88' lang='lat' dir='ltr'><strong>tuo</strong></span> 
     </span>
    </p>
   </div>
   <div class='ocr_carea' id='block_1_14' title="bbox 194 1379 1778 1449">
    <p class='ocr_par' dir='ltr' id='par_1_14' title="bbox 194 1379 1778 1449">
     <span class='ocr_line' id='line_1_14' title="bbox 194 1379 1778 1449; baseline 0.001 -17"><span class='ocrx_word' id='word_1_94' title='bbox 194 1380 553 1448; x_wconf 76' lang='lat' dir='ltr'><strong>aspergeres‘?</strong></span> <span class='ocrx_word' id='word_1_95' title='bbox 580 1381 625 1433; x_wconf 85' lang='lat' dir='ltr'><strong>A</strong></span> <span class='ocrx_word' id='word_1_96' title='bbox 654 1380 872 1443; x_wconf 88' lang='lat' dir='ltr'><strong>lritavo,</strong></span> <span class='ocrx_word' id='word_1_97' title='bbox 909 1380 1102 1449; x_wconf 86' lang='lat' dir='ltr'><strong>inquit,</strong></span> <span class='ocrx_word' id='word_1_98' title='bbox 1134 1380 1351 1449; x_wconf 72' lang='lat' dir='ltr'><strong>generis</strong></span> <span class='ocrx_word' id='word_1_99' title='bbox 1376 1379 1482 1435; x_wconf 91' lang='lat' dir='ltr'><strong>mei</strong></span> <span class='ocrx_word' id='word_1_100' title='bbox 1509 1380 1778 1436; x_wconf 77' lang='lat' dir='ltr'><strong>Abraham</strong></span> 
     </span>
    </p>
   </div>
   <div class='ocr_carea' id='block_1_15' title="bbox 194 1471 1785 1544">
    <p class='ocr_par' dir='ltr' id='par_1_15' title="bbox 194 1471 1785 1544">
     <span class='ocr_line' id='line_1_15' title="bbox 194 1471 1785 1544; baseline -0.001 -17"><span class='ocrx_word' id='word_1_101' title='bbox 194 1474 413 1530; x_wconf 81' lang='lat' dir='ltr'><strong>dicente</strong></span> <span class='ocrx_word' id='word_1_102' title='bbox 443 1493 459 1528; x_wconf 88' lang='lat'><strong>:</strong></span> <span class='ocrx_word' id='word_1_103' title='bbox 497 1472 613 1544; x_wconf 80' lang='lat' dir='ltr'><strong>Ego</strong></span> <span class='ocrx_word' id='word_1_104' title='bbox 643 1490 759 1526; x_wconf 84' lang='lat' dir='ltr'><strong>sum</strong></span> <span class='ocrx_word' id='word_1_105' title='bbox 790 1484 935 1526; x_wconf 78' lang='lat' dir='ltr'><strong>terra</strong></span> <span class='ocrx_word' id='word_1_106' title='bbox 962 1483 1011 1525; x_wconf 81' lang='lat' dir='ltr'><strong>et</strong></span> <span class='ocrx_word' id='word_1_107' title='bbox 1054 1473 1185 1525; x_wconf 76' lang='lat' dir='ltr'><strong>cinis</strong></span> <span class='ocrx_word' id='word_1_108' title='bbox 1211 1471 1278 1535; x_wconf 68' lang='grc'><strong>⁸³,</strong></span> <span class='ocrx_word' id='word_1_109' title='bbox 1310 1481 1367 1525; x_wconf 89' lang='lat' dir='ltr'><strong>et</strong></span> <span class='ocrx_word' id='word_1_110' title='bbox 1399 1487 1428 1524; x_wconf 88' lang='lat' dir='ltr'><strong>a</strong></span> <span class='ocrx_word' id='word_1_111' title='bbox 1476 1472 1785 1541; x_wconf 83' lang='lat' dir='ltr'><strong>patriarcha</strong></span> 
     </span>
    </p>
   </div>
   <div class='ocr_carea' id='block_1_16' title="bbox 194 1563 1778 1633">
    <p class='ocr_par' dir='ltr' id='par_1_16' title="bbox 194 1563 1778 1633">
     <span class='ocr_line' id='line_1_16' title="bbox 194 1563 1778 1633; baseline -0.001 -17"><span class='ocrx_word' id='word_1_112' title='bbox 194 1564 365 1618; x_wconf 90' lang='lat' dir='ltr'><strong>totius</strong></span> <span class='ocrx_word' id='word_1_113' title='bbox 390 1565 607 1633; x_wconf 81' lang='lat' dir='ltr'><strong>generis</strong></span> <span class='ocrx_word' id='word_1_114' title='bbox 636 1563 856 1616; x_wconf 90' lang='lat' dir='ltr'><strong>humani</strong></span> <span class='ocrx_word' id='word_1_115' title='bbox 895 1563 1088 1627; x_wconf 85' lang='lat' dir='ltr'><strong>Adam,</strong></span> <span class='ocrx_word' id='word_1_116' title='bbox 1127 1565 1193 1617; x_wconf 88' lang='lat' dir='ltr'><strong>ad</strong></span> <span class='ocrx_word' id='word_1_117' title='bbox 1226 1578 1389 1632; x_wconf 85' lang='lat' dir='ltr'><strong>quem</strong></span> <span class='ocrx_word' id='word_1_118' title='bbox 1417 1564 1623 1618; x_wconf 86' lang='lat' dir='ltr'><strong>dictum</strong></span> <span class='ocrx_word' id='word_1_119' title='bbox 1661 1574 1737 1618; x_wconf 85' lang='lat' dir='ltr'><strong>est</strong></span> <span class='ocrx_word' id='word_1_120' title='bbox 1765 1580 1778 1615; x_wconf 88' lang='lat'>:</span> 
     </span>
    </p>
   </div>
   <div class='ocr_carea' id='block_1_17' title="bbox 192 1653 1783 1722">
    <p class='ocr_par' dir='ltr' id='par_1_17' title="bbox 192 1653 1783 1722">
     <span class='ocr_line' id='line_1_17' title="bbox 192 1653 1783 1722; baseline -0.001 -13"><span class='ocrx_word' id='word_1_121' title='bbox 192 1655 367 1710; x_wconf 79' lang='lat' dir='ltr'><strong>Terra</strong></span> <span class='ocrx_word' id='word_1_122' title='bbox 405 1672 487 1721; x_wconf 77' lang='lat' dir='ltr'><strong>es,</strong></span> <span class='ocrx_word' id='word_1_123' title='bbox 542 1667 588 1709; x_wconf 82' lang='lat' dir='ltr'><strong>et</strong></span> <span class='ocrx_word' id='word_1_124' title='bbox 628 1656 683 1707; x_wconf 82' lang='lat' dir='ltr'><strong>in</strong></span> <span class='ocrx_word' id='word_1_125' title='bbox 718 1665 911 1709; x_wconf 82' lang='lat' dir='ltr'><strong>terram</strong></span> <span class='ocrx_word' id='word_1_126' title='bbox 949 1656 1046 1708; x_wconf 76' lang='lat' dir='ltr'><strong>ibis</strong></span> <span class='ocrx_word' id='word_1_127' title='bbox 1072 1653 1139 1708; x_wconf 74' lang='lat'><strong>“.</strong></span> <span class='ocrx_word' id='word_1_128' title='bbox 1208 1654 1331 1710; x_wconf 69' lang='lat' dir='ltr'><strong>llaec</strong></span> <span class='ocrx_word' id='word_1_129' title='bbox 1368 1654 1550 1722; x_wconf 87' lang='lat' dir='ltr'><strong>itaque</strong></span> <span class='ocrx_word' id='word_1_130' title='bbox 1580 1654 1647 1708; x_wconf 85' lang='lat' dir='ltr'><strong>ab</strong></span> <span class='ocrx_word' id='word_1_131' title='bbox 1680 1655 1783 1708; x_wconf 89' lang='lat' dir='ltr'><strong>illis</strong></span> 
     </span>
    </p>
   </div>
   <div class='ocr_carea' id='block_1_18' title="bbox 186 1745 1779 1816">
    <p class='ocr_par' dir='ltr' id='par_1_18' title="bbox 186 1745 1779 1816">
     <span class='ocr_line' id='line_1_18' title="bbox 186 1745 1779 1816; baseline 0.001 -16"><span class='ocrx_word' id='word_1_132' title='bbox 186 1748 429 1803; x_wconf 79' lang='lat' dir='ltr'><strong>audiens</strong></span> <span class='ocrx_word' id='word_1_133' title='bbox 462 1759 630 1815; x_wconf 89' lang='lat' dir='ltr'><strong>atque</strong></span> <span class='ocrx_word' id='word_1_134' title='bbox 658 1760 867 1801; x_wconf 88' lang='lat' dir='ltr'><strong>memor</strong></span> <span class='ocrx_word' id='word_1_135' title='bbox 899 1747 1132 1815; x_wconf 82' lang='lat' dir='ltr'><strong>aspersit</strong></span> <span class='ocrx_word' id='word_1_136' title='bbox 1193 1755 1393 1801; x_wconf 87' lang='lat' dir='ltr'><strong>terram</strong></span> <span class='ocrx_word' id='word_1_137' title='bbox 1447 1745 1611 1816; x_wconf 88' lang='lat' dir='ltr'><strong>capiti</strong></span> <span class='ocrx_word' id='word_1_138' title='bbox 1660 1762 1779 1801; x_wconf 90' lang='lat' dir='ltr'><strong>suo.</strong></span> 
     </span>
    </p>
   </div>
   <div class='ocr_carea' id='block_1_19' title="bbox 1896 549 3470 622">
    <p class='ocr_par' dir='ltr' id='par_1_19' title="bbox 1896 549 3470 622">
     <span class='ocr_line' id='line_1_19' title="bbox 1896 549 3470 622; baseline -0.001 -15"><span class='ocrx_word' id='word_1_139' title='bbox 1896 570 2064 622; x_wconf 89' lang='lat' dir='ltr'><strong>usque</strong></span> <span class='ocrx_word' id='word_1_140' title='bbox 2115 556 2179 607; x_wconf 91' lang='lat' dir='ltr'><strong>ad</strong></span> <span class='ocrx_word' id='word_1_141' title='bbox 2237 552 2443 605; x_wconf 86' lang='lat' dir='ltr'><strong>inferos</strong></span> <span class='ocrx_word' id='word_1_142' title='bbox 2484 550 2700 617; x_wconf 84' lang='lat' dir='ltr'><strong>dejecit.</strong></span> <span class='ocrx_word' id='word_1_143' title='bbox 2753 549 2891 615; x_wconf 86' lang='lat' dir='ltr'><strong>Quid</strong></span> <span class='ocrx_word' id='word_1_144' title='bbox 2949 549 3199 614; x_wconf 85' lang='lat' dir='ltr'><strong>dicimus,</strong></span> <span class='ocrx_word' id='word_1_145' title='bbox 3243 566 3276 604; x_wconf 92' lang='grc' dir='ltr'>ο</span> <span class='ocrx_word' id='word_1_146' title='bbox 3329 553 3470 605; x_wconf 79' lang='lat' dir='ltr'><strong>viri?</strong></span> 
     </span>
    </p>
   </div>
   <div class='ocr_carea' id='block_1_20' title="bbox 1894 639 3463 714">
    <p class='ocr_par' dir='ltr' id='par_1_20' title="bbox 1894 639 3463 714">
     <span class='ocr_line' id='line_1_20' title="bbox 1894 639 3463 714; baseline 0.001 -17"><span class='ocrx_word' id='word_1_147' title='bbox 1894 644 2142 714; x_wconf 83' lang='lat' dir='ltr'><strong>Nunquid</strong></span> <span class='ocrx_word' id='word_1_148' title='bbox 2193 658 2259 698; x_wconf 80' lang='lat' dir='ltr'><strong>ex</strong></span> <span class='ocrx_word' id='word_1_149' title='bbox 2317 644 2425 698; x_wconf 87' lang='lat' dir='ltr'><strong>alio</strong></span> <span class='ocrx_word' id='word_1_150' title='bbox 2465 657 2693 713; x_wconf 86' lang='lat' dir='ltr'><strong>corpore</strong></span> <span class='ocrx_word' id='word_1_151' title='bbox 2738 651 2954 696; x_wconf 89' lang='lat' dir='ltr'><strong>creatus</strong></span> <span class='ocrx_word' id='word_1_152' title='bbox 3007 650 3087 694; x_wconf 90' lang='lat' dir='ltr'><strong>est</strong></span> <span class='ocrx_word' id='word_1_153' title='bbox 3120 639 3254 695; x_wconf 78' lang='lat' dir='ltr'><strong>Job?</strong></span> <span class='ocrx_word' id='word_1_154' title='bbox 3276 642 3463 698; x_wconf 79' lang='lat' dir='ltr'><strong>Ahsitl</strong></span> 
     </span>
    </p>
   </div>
   <div class='ocr_carea' id='block_1_21' title="bbox 1896 736 3467 806">
    <p class='ocr_par' dir='ltr' id='par_1_21' title="bbox 1896 736 3467 806">
     <span class='ocr_line' id='line_1_21' title="bbox 1896 736 3467 806; baseline 0 -15"><span class='ocrx_word' id='word_1_155' title='bbox 1896 738 2007 792; x_wconf 82' lang='lat' dir='ltr'><strong>Non</strong></span> <span class='ocrx_word' id='word_1_156' title='bbox 2032 738 2175 793; x_wconf 89' lang='lat' dir='ltr'><strong>enim</strong></span> <span class='ocrx_word' id='word_1_157' title='bbox 2199 754 2320 792; x_wconf 91' lang='lat' dir='ltr'><strong>cum</strong></span> <span class='ocrx_word' id='word_1_158' title='bbox 2354 752 2705 806; x_wconf 89' lang='lat' dir='ltr'><strong>personarum</strong></span> <span class='ocrx_word' id='word_1_159' title='bbox 2743 736 3064 805; x_wconf 86' lang='lat' dir='ltr'><strong>acceptione</strong></span> <span class='ocrx_word' id='word_1_160' title='bbox 3092 737 3467 798; x_wconf 65' lang='lat' dir='ltr'><strong>creavitheus</strong></span> 
     </span>
    </p>
   </div>
   <div class='ocr_carea' id='block_1_22' title="bbox 1892 829 3471 900">
    <p class='ocr_par' dir='ltr' id='par_1_22' title="bbox 1892 829 3471 900">
     <span class='ocr_line' id='line_1_22' title="bbox 1892 829 3471 900; baseline -0.001 -16"><span class='ocrx_word' id='word_1_161' title='bbox 1892 832 2026 885; x_wconf 86' lang='lat' dir='ltr'><strong>alios</strong></span> <span class='ocrx_word' id='word_1_162' title='bbox 2059 831 2216 895; x_wconf 88' lang='lat' dir='ltr'><strong>tales,</strong></span> <span class='ocrx_word' id='word_1_163' title='bbox 2250 831 2462 900; x_wconf 89' lang='lat' dir='ltr'><strong>aliquos</strong></span> <span class='ocrx_word' id='word_1_164' title='bbox 2490 829 2841 885; x_wconf 90' lang='lat' dir='ltr'><strong>nihilominus</strong></span> <span class='ocrx_word' id='word_1_165' title='bbox 2881 829 3012 883; x_wconf 87' lang='lat' dir='ltr'><strong>tales</strong></span> <span class='ocrx_word' id='word_1_166' title='bbox 3034 870 3048 893; x_wconf 91' lang='lat'><strong>,</strong></span> <span class='ocrx_word' id='word_1_167' title='bbox 3101 832 3193 883; x_wconf 90' lang='lat' dir='ltr'><strong>sed</strong></span> <span class='ocrx_word' id='word_1_168' title='bbox 3220 831 3359 885; x_wconf 89' lang='lat' dir='ltr'><strong>idem</strong></span> <span class='ocrx_word' id='word_1_169' title='bbox 3386 840 3471 884; x_wconf 84' lang='lat' dir='ltr'><strong>est</strong></span> 
     </span>
    </p>
   </div>
   <div class='ocr_carea' id='block_1_23' title="bbox 1891 921 3471 993">
    <p class='ocr_par' dir='ltr' id='par_1_23' title="bbox 1891 921 3471 993">
     <span class='ocr_line' id='line_1_23' title="bbox 1891 921 3471 993; baseline -0.003 -16"><span class='ocrx_word' id='word_1_170' title='bbox 1891 926 2130 978; x_wconf 90' lang='lat' dir='ltr'><strong>omnium</strong></span> <span class='ocrx_word' id='word_1_171' title='bbox 2171 924 2372 993; x_wconf 88' lang='lat' dir='ltr'><strong>plasma</strong></span> <span class='ocrx_word' id='word_1_172' title='bbox 2427 924 2493 977; x_wconf 90' lang='lat' dir='ltr'><strong>de</strong></span> <span class='ocrx_word' id='word_1_173' title='bbox 2554 924 2683 977; x_wconf 91' lang='lat' dir='ltr'><strong>limo</strong></span> <span class='ocrx_word' id='word_1_174' title='bbox 2738 936 2916 989; x_wconf 68' lang='lat' dir='ltr'><strong>terra),</strong></span> <span class='ocrx_word' id='word_1_175' title='bbox 2970 921 3063 977; x_wconf 89' lang='lat' dir='ltr'><strong>sed</strong></span> <span class='ocrx_word' id='word_1_176' title='bbox 3121 923 3345 991; x_wconf 77' lang='lat' dir='ltr'><strong>tequalis</strong></span> <span class='ocrx_word' id='word_1_177' title='bbox 3387 929 3471 975; x_wconf 89' lang='lat' dir='ltr'><strong>cst</strong></span> 
     </span>
    </p>
   </div>
   <div class='ocr_carea' id='block_1_24' title="bbox 1889 1013 3470 1083">
    <p class='ocr_par' dir='ltr' id='par_1_24' title="bbox 1889 1013 3470 1083">
     <span class='ocr_line' id='line_1_24' title="bbox 1889 1013 3470 1083; baseline -0.003 -16"><span class='ocrx_word' id='word_1_178' title='bbox 1889 1015 2127 1067; x_wconf 89' lang='lat' dir='ltr'><strong>omnium</strong></span> <span class='ocrx_word' id='word_1_179' title='bbox 2160 1015 2338 1068; x_wconf 89' lang='lat' dir='ltr'><strong>anima</strong></span> <span class='ocrx_word' id='word_1_180' title='bbox 2369 1030 2433 1068; x_wconf 81' lang='lat' dir='ltr'><strong>ex</strong></span> <span class='ocrx_word' id='word_1_181' title='bbox 2465 1014 2569 1069; x_wconf 87' lang='lat' dir='ltr'><strong>Dei</strong></span> <span class='ocrx_word' id='word_1_182' title='bbox 2596 1016 2931 1083; x_wconf 85' lang='lat' dir='ltr'><strong>operatione.</strong></span> <span class='ocrx_word' id='word_1_183' title='bbox 2955 1013 3057 1068; x_wconf 85' lang='lat' dir='ltr'><strong>Sed</strong></span> <span class='ocrx_word' id='word_1_184' title='bbox 3097 1013 3220 1081; x_wconf 90' lang='lat' dir='ltr'><strong>quia</strong></span> <span class='ocrx_word' id='word_1_185' title='bbox 3253 1028 3355 1065; x_wconf 91' lang='lat' dir='ltr'><strong>non</strong></span> <span class='ocrx_word' id='word_1_186' title='bbox 3386 1020 3470 1063; x_wconf 84' lang='lat' dir='ltr'><strong>est</strong></span> 
     </span>
    </p>
   </div>
   <div class='ocr_carea' id='block_1_25' title="bbox 1889 1103 3465 1176">
    <p class='ocr_par' dir='ltr' id='par_1_25' title="bbox 1889 1103 3465 1176">
     <span class='ocr_line' id='line_1_25' title="bbox 1889 1103 3465 1176; baseline -0.001 -18"><span class='ocrx_word' id='word_1_187' title='bbox 1889 1106 2128 1159; x_wconf 90' lang='lat' dir='ltr'><strong>omnium</strong></span> <span class='ocrx_word' id='word_1_188' title='bbox 2163 1107 2356 1161; x_wconf 89' lang='lat' dir='ltr'><strong>similis</strong></span> <span class='ocrx_word' id='word_1_189' title='bbox 2391 1107 2661 1169; x_wconf 90' lang='lat' dir='ltr'><strong>voluntas,</strong></span> <span class='ocrx_word' id='word_1_190' title='bbox 2693 1121 2867 1176; x_wconf 88' lang='lat' dir='ltr'><strong>neque</strong></span> <span class='ocrx_word' id='word_1_191' title='bbox 2909 1110 3104 1175; x_wconf 88' lang='lat' dir='ltr'><strong>pietas,</strong></span> <span class='ocrx_word' id='word_1_192' title='bbox 3147 1120 3319 1172; x_wconf 87' lang='lat' dir='ltr'><strong>neque</strong></span> <span class='ocrx_word' id='word_1_193' title='bbox 3347 1103 3465 1157; x_wconf 83' lang='lat' dir='ltr'><strong>reli-</strong></span> 
     </span>
    </p>
   </div>
   <div class='ocr_carea' id='block_1_26' title="bbox 1890 1198 3519 1273">
    <p class='ocr_par' dir='ltr' id='par_1_26' title="bbox 1890 1198 3519 1273">
     <span class='ocr_line' id='line_1_26' title="bbox 1890 1198 3519 1273; baseline -0.002 -23"><span class='ocrx_word' id='word_1_194' title='bbox 1890 1199 2132 1269; x_wconf 82' lang='lat' dir='ltr'><strong>giositas,</strong></span> <span class='ocrx_word' id='word_1_195' title='bbox 2166 1214 2341 1269; x_wconf 89' lang='lat' dir='ltr'><strong>neque</strong></span> <span class='ocrx_word' id='word_1_196' title='bbox 2362 1200 2515 1264; x_wconf 85' lang='lat' dir='ltr'><strong>fides,</strong></span> <span class='ocrx_word' id='word_1_197' title='bbox 2537 1214 2715 1269; x_wconf 92' lang='lat' dir='ltr'><strong>neque</strong></span> <span class='ocrx_word' id='word_1_198' title='bbox 2746 1200 3081 1268; x_wconf 90' lang='lat' dir='ltr'><strong>propositum</strong></span> <span class='ocrx_word' id='word_1_199' title='bbox 3107 1198 3252 1252; x_wconf 90' lang='lat' dir='ltr'><strong>circa</strong></span> <span class='ocrx_word' id='word_1_200' title='bbox 3277 1198 3464 1273; x_wconf 78' lang='lat' dir='ltr'><strong>Deum,</strong></span> <span class='ocrx_word' id='word_1_201' title='bbox 3514 1206 3519 1209; x_wconf 85' lang='lat'>&#39;</span> 
     </span>
    </p>
   </div>
   <div class='ocr_carea' id='block_1_27' title="bbox 1892 1292 3466 1362">
    <p class='ocr_par' dir='ltr' id='par_1_27' title="bbox 1892 1292 3466 1362">
     <span class='ocr_line' id='line_1_27' title="bbox 1892 1292 3466 1362; baseline -0.001 -16"><span class='ocrx_word' id='word_1_202' title='bbox 1892 1307 2064 1362; x_wconf 86' lang='lat' dir='ltr'><strong>neque</strong></span> <span class='ocrx_word' id='word_1_203' title='bbox 2114 1308 2239 1362; x_wconf 85' lang='lat' dir='ltr'><strong>Spes</strong></span> <span class='ocrx_word' id='word_1_204' title='bbox 2294 1294 2417 1347; x_wconf 72' lang='lat' dir='ltr'><strong>vitm</strong></span> <span class='ocrx_word' id='word_1_205' title='bbox 2458 1302 2699 1356; x_wconf 66' lang='lat' dir='ltr'><strong>aeternae,</strong></span> <span class='ocrx_word' id='word_1_206' title='bbox 2750 1307 2925 1361; x_wconf 89' lang='lat' dir='ltr'><strong>neque</strong></span> <span class='ocrx_word' id='word_1_207' title='bbox 2979 1292 3140 1345; x_wconf 90' lang='lat' dir='ltr'><strong>timor</strong></span> <span class='ocrx_word' id='word_1_208' title='bbox 3185 1292 3466 1362; x_wconf 72' lang='lat' dir='ltr'><strong>geheuntc,</strong></span> 
     </span>
    </p>
   </div>
   <div class='ocr_carea' id='block_1_28' title="bbox 1891 1381 3469 1452">
    <p class='ocr_par' dir='ltr' id='par_1_28' title="bbox 1891 1381 3469 1452">
     <span class='ocr_line' id='line_1_28' title="bbox 1891 1381 3469 1452; baseline -0.001 -18"><span class='ocrx_word' id='word_1_209' title='bbox 1891 1396 2065 1451; x_wconf 90' lang='lat' dir='ltr'><strong>neque</strong></span> <span class='ocrx_word' id='word_1_210' title='bbox 2106 1382 2406 1436; x_wconf 82' lang='lat' dir='ltr'><strong>inferorum</strong></span> <span class='ocrx_word' id='word_1_211' title='bbox 2440 1383 2762 1452; x_wconf 87' lang='lat' dir='ltr'><strong>supplicium</strong></span> <span class='ocrx_word' id='word_1_212' title='bbox 2815 1383 2866 1436; x_wconf 93' lang='lat' dir='ltr'><strong>in</strong></span> <span class='ocrx_word' id='word_1_213' title='bbox 2912 1382 3153 1435; x_wconf 82' lang='lat' dir='ltr'><strong>tenebris</strong></span> <span class='ocrx_word' id='word_1_214' title='bbox 3179 1381 3469 1435; x_wconf 81' lang='lat' dir='ltr'><strong>exteriori-</strong></span> 
     </span>
    </p>
   </div>
   <div class='ocr_carea' id='block_1_29' title="bbox 1890 1470 3469 1537">
    <p class='ocr_par' dir='ltr' id='par_1_29' title="bbox 1890 1470 3469 1537">
     <span class='ocr_line' id='line_1_29' title="bbox 1890 1470 3469 1537; baseline -0.001 -14"><span class='ocrx_word' id='word_1_215' title='bbox 1890 1470 2009 1537; x_wconf 86' lang='lat' dir='ltr'><strong>bus,</strong></span> <span class='ocrx_word' id='word_1_216' title='bbox 2037 1472 2237 1528; x_wconf 82' lang='lat' dir='ltr'><strong>idcirco</strong></span> <span class='ocrx_word' id='word_1_217' title='bbox 2270 1491 2373 1527; x_wconf 92' lang='lat' dir='ltr'><strong>non</strong></span> <span class='ocrx_word' id='word_1_218' title='bbox 2408 1489 2597 1528; x_wconf 90' lang='lat' dir='ltr'><strong>omnes</strong></span> <span class='ocrx_word' id='word_1_219' title='bbox 2634 1473 2881 1528; x_wconf 88' lang='lat' dir='ltr'><strong>homines</strong></span> <span class='ocrx_word' id='word_1_220' title='bbox 2913 1474 3051 1525; x_wconf 89' lang='lat' dir='ltr'><strong>idem</strong></span> <span class='ocrx_word' id='word_1_221' title='bbox 3091 1473 3469 1527; x_wconf 79' lang='lat' dir='ltr'><strong>demonstrant</strong></span> 
     </span>
    </p>
   </div>
   <div class='ocr_carea' id='block_1_30' title="bbox 1891 1562 3465 1635">
    <p class='ocr_par' dir='ltr' id='par_1_30' title="bbox 1891 1562 3465 1635">
     <span class='ocr_line' id='line_1_30' title="bbox 1891 1562 3465 1635; baseline -0.002 -19"><span class='ocrx_word' id='word_1_222' title='bbox 1891 1565 2249 1632; x_wconf 88' lang='lat' dir='ltr'><strong>propositum,</strong></span> <span class='ocrx_word' id='word_1_223' title='bbox 2300 1579 2476 1635; x_wconf 88' lang='lat' dir='ltr'><strong>neque</strong></span> <span class='ocrx_word' id='word_1_224' title='bbox 2503 1564 2748 1618; x_wconf 87' lang='lat' dir='ltr'><strong>eamdem</strong></span> <span class='ocrx_word' id='word_1_225' title='bbox 2793 1564 3160 1623; x_wconf 90' lang='lat' dir='ltr'><strong>tolerantiam,</strong></span> <span class='ocrx_word' id='word_1_226' title='bbox 3205 1579 3310 1617; x_wconf 91' lang='lat' dir='ltr'><strong>non</strong></span> <span class='ocrx_word' id='word_1_227' title='bbox 3340 1562 3465 1631; x_wconf 85' lang='lat' dir='ltr'><strong>quia</strong></span> 
     </span>
    </p>
   </div>
   <div class='ocr_carea' id='block_1_31' title="bbox 1891 1657 3468 1728">
    <p class='ocr_par' dir='ltr' id='par_1_31' title="bbox 1891 1657 3468 1728">
     <span class='ocr_line' id='line_1_31' title="bbox 1891 1657 3468 1728; baseline 0 -18"><span class='ocrx_word' id='word_1_228' title='bbox 1891 1672 1997 1710; x_wconf 89' lang='lat' dir='ltr'><strong>non</strong></span> <span class='ocrx_word' id='word_1_229' title='bbox 2034 1667 2281 1725; x_wconf 91' lang='lat' dir='ltr'><strong>possunt,</strong></span> <span class='ocrx_word' id='word_1_230' title='bbox 2332 1658 2424 1712; x_wconf 88' lang='lat' dir='ltr'><strong>sed</strong></span> <span class='ocrx_word' id='word_1_231' title='bbox 2465 1658 2594 1728; x_wconf 91' lang='lat' dir='ltr'><strong>quia</strong></span> <span class='ocrx_word' id='word_1_232' title='bbox 2632 1659 2843 1712; x_wconf 89' lang='lat' dir='ltr'><strong>nolunt.</strong></span> <span class='ocrx_word' id='word_1_233' title='bbox 2891 1658 3182 1726; x_wconf 81' lang='lat' dir='ltr'><strong>Propterea</strong></span> <span class='ocrx_word' id='word_1_234' title='bbox 3215 1657 3373 1725; x_wconf 83' lang='lat' dir='ltr'><strong>digne</strong></span> <span class='ocrx_word' id='word_1_235' title='bbox 3403 1672 3468 1710; x_wconf 90' lang='lat' dir='ltr'><strong>ac</strong></span> 
     </span>
    </p>
   </div>
   <div class='ocr_carea' id='block_1_32' title="bbox 1884 1746 3470 1819">
    <p class='ocr_par' dir='ltr' id='par_1_32' title="bbox 1884 1746 3470 1819">
     <span class='ocr_line' id='line_1_32' title="bbox 1884 1746 3470 1819; baseline 0.003 -20"><span class='ocrx_word' id='word_1_236' title='bbox 1884 1746 2033 1814; x_wconf 86' lang='lat' dir='ltr'><strong>juste</strong></span> <span class='ocrx_word' id='word_1_237' title='bbox 2060 1749 2438 1819; x_wconf 83' lang='lat' dir='ltr'><strong>magniﬁcalur</strong></span> <span class='ocrx_word' id='word_1_238' title='bbox 2470 1751 2659 1805; x_wconf 88' lang='lat' dir='ltr'><strong>beatus</strong></span> <span class='ocrx_word' id='word_1_239' title='bbox 2685 1749 2806 1817; x_wconf 83' lang='lat' dir='ltr'><strong>Job,</strong></span> <span class='ocrx_word' id='word_1_240' title='bbox 2839 1750 2964 1819; x_wconf 90' lang='lat' dir='ltr'><strong>quia</strong></span> <span class='ocrx_word' id='word_1_241' title='bbox 2994 1749 3178 1803; x_wconf 87' lang='lat' dir='ltr'><strong>volens</strong></span> <span class='ocrx_word' id='word_1_242' title='bbox 3210 1750 3470 1803; x_wconf 82' lang='lat' dir='ltr'><strong>sustinuit</strong></span> 
     </span>
    </p>
   </div>
   <div class='ocr_carea' id='block_1_33' title="bbox 184 1826 3468 1911">
    <p class='ocr_par' dir='ltr' id='par_1_33' title="bbox 184 1826 3468 1911">
     <span class='ocr_line' id='line_1_33' title="bbox 184 1826 3468 1911; baseline 0 -18"><span class='ocrx_word' id='word_1_243' title='bbox 184 1839 315 1894; x_wconf 86' lang='lat' dir='ltr'><strong>Non</strong></span> <span class='ocrx_word' id='word_1_244' title='bbox 360 1843 546 1911; x_wconf 82' lang='lat' dir='ltr'><strong>itaque</strong></span> <span class='ocrx_word' id='word_1_245' title='bbox 577 1855 696 1894; x_wconf 88' lang='lat' dir='ltr'><strong>sum</strong></span> <span class='ocrx_word' id='word_1_246' title='bbox 729 1826 988 1908; x_wconf 68' lang='lat' dir='ltr'><strong>tanqu-3m</strong></span> <span class='ocrx_word' id='word_1_247' title='bbox 1031 1838 1277 1893; x_wconf 87' lang='lat' dir='ltr'><strong>diabolus</strong></span> <span class='ocrx_word' id='word_1_248' title='bbox 1306 1838 1399 1907; x_wconf 91' lang='lat' dir='ltr'><strong>qui</strong></span> <span class='ocrx_word' id='word_1_249' title='bbox 1431 1839 1498 1891; x_wconf 91' lang='lat' dir='ltr'><strong>de</strong></span> <span class='ocrx_word' id='word_1_250' title='bbox 1524 1837 1663 1893; x_wconf 70' lang='lat' dir='ltr'><strong>cmlo</strong></span> <span class='ocrx_word' id='word_1_251' title='bbox 1701 1854 1792 1892; x_wconf 88' lang='lat' dir='ltr'><strong>ce-</strong></span> <span class='ocrx_word' id='word_1_252' title='bbox 1822 1839 1861 1893; x_wconf 88' lang='grc' dir='ltr'>Β</span> <span class='ocrx_word' id='word_1_253' title='bbox 1893 1841 2006 1894; x_wconf 70' lang='lat' dir='ltr'><strong>hazc</strong></span> <span class='ocrx_word' id='word_1_254' title='bbox 2040 1842 2219 1895; x_wconf 88' lang='lat' dir='ltr'><strong>omnia</strong></span> <span class='ocrx_word' id='word_1_255' title='bbox 2251 1858 2373 1896; x_wconf 92' lang='lat' dir='ltr'><strong>cum</strong></span> <span class='ocrx_word' id='word_1_256' title='bbox 2429 1845 2724 1910; x_wconf 73' lang='lat' dir='ltr'><strong>gratiarum</strong></span> <span class='ocrx_word' id='word_1_257' title='bbox 2771 1842 3096 1895; x_wconf 81' lang='lat' dir='ltr'><strong>actionibus.</strong></span> <span class='ocrx_word' id='word_1_258' title='bbox 3164 1840 3295 1893; x_wconf 79' lang='lat' dir='ltr'><strong>Nam</strong></span> <span class='ocrx_word' id='word_1_259' title='bbox 3348 1852 3468 1910; x_wconf 86' lang='lat' dir='ltr'><strong>post</strong></span> 
     </span>
    </p>
   </div>
   <div class='ocr_carea' id='block_1_34' title="bbox 184 1930 1785 2001">
    <p class='ocr_par' dir='ltr' id='par_1_34' title="bbox 184 1930 1785 2001">
     <span class='ocr_line' id='line_1_34' title="bbox 184 1930 1785 2001; baseline 0 -16"><span class='ocrx_word' id='word_1_260' title='bbox 184 1932 352 1999; x_wconf 82' lang='lat' dir='ltr'><strong>cidit,</strong></span> <span class='ocrx_word' id='word_1_261' title='bbox 401 1933 497 1988; x_wconf 88' lang='lat' dir='ltr'><strong>sed</strong></span> <span class='ocrx_word' id='word_1_262' title='bbox 535 1948 652 1986; x_wconf 92' lang='lat' dir='ltr'><strong>sum</strong></span> <span class='ocrx_word' id='word_1_263' title='bbox 686 1943 940 2001; x_wconf 87' lang='lat' dir='ltr'><strong>tanquam</strong></span> <span class='ocrx_word' id='word_1_264' title='bbox 989 1945 1128 1984; x_wconf 91' lang='lat' dir='ltr'><strong>unus</strong></span> <span class='ocrx_word' id='word_1_265' title='bbox 1156 1945 1227 1985; x_wconf 80' lang='lat' dir='ltr'><strong>ex</strong></span> <span class='ocrx_word' id='word_1_266' title='bbox 1280 1930 1589 1984; x_wconf 86' lang='lat' dir='ltr'><strong>hominibus</strong></span> <span class='ocrx_word' id='word_1_267' title='bbox 1633 1940 1785 1985; x_wconf 89' lang='lat' dir='ltr'><strong>ortus</strong></span> 
     </span>
    </p>
   </div>
   <div class='ocr_carea' id='block_1_35' title="bbox 187 2024 1785 2093">
    <p class='ocr_par' dir='ltr' id='par_1_35' title="bbox 187 2024 1785 2093">
     <span class='ocr_line' id='line_1_35' title="bbox 187 2024 1785 2093; baseline -0.001 -15"><span class='ocrx_word' id='word_1_268' title='bbox 187 2024 255 2078; x_wconf 91' lang='lat' dir='ltr'><strong>de</strong></span> <span class='ocrx_word' id='word_1_269' title='bbox 280 2035 463 2086; x_wconf 87' lang='lat' dir='ltr'><strong>terra.</strong></span> <span class='ocrx_word' id='word_1_270' title='bbox 486 2025 717 2092; x_wconf 80' lang='lat' dir='ltr'><strong>ideoque</strong></span> <span class='ocrx_word' id='word_1_271' title='bbox 742 2034 941 2078; x_wconf 87' lang='lat' dir='ltr'><strong>terram</strong></span> <span class='ocrx_word' id='word_1_272' title='bbox 961 2038 1187 2093; x_wconf 75' lang='lat' dir='ltr'><strong>aspergo</strong></span> <span class='ocrx_word' id='word_1_273' title='bbox 1212 2037 1375 2092; x_wconf 90' lang='lat' dir='ltr'><strong>super</strong></span> <span class='ocrx_word' id='word_1_274' title='bbox 1398 2031 1560 2091; x_wconf 88' lang='lat' dir='ltr'><strong>caput</strong></span> <span class='ocrx_word' id='word_1_275' title='bbox 1582 2038 1785 2077; x_wconf 87' lang='lat' dir='ltr'><strong>meum.</strong></span> 
     </span>
    </p>
   </div>
   <div class='ocr_carea' id='block_1_36' title="bbox 182 2113 1784 2184">
    <p class='ocr_par' dir='ltr' id='par_1_36' title="bbox 182 2113 1784 2184">
     <span class='ocr_line' id='line_1_36' title="bbox 182 2113 1784 2184; baseline 0.001 -15"><span class='ocrx_word' id='word_1_276' title='bbox 182 2113 315 2172; x_wconf 78' lang='lat' dir='ltr'><strong>Non</strong></span> <span class='ocrx_word' id='word_1_277' title='bbox 348 2132 469 2173; x_wconf 88' lang='lat' dir='ltr'><strong>sum</strong></span> <span class='ocrx_word' id='word_1_278' title='bbox 505 2116 647 2171; x_wconf 86' lang='lat' dir='ltr'><strong>sicut</strong></span> <span class='ocrx_word' id='word_1_279' title='bbox 672 2114 916 2170; x_wconf 85' lang='lat' dir='ltr'><strong>diabolus</strong></span> <span class='ocrx_word' id='word_1_280' title='bbox 954 2130 1021 2170; x_wconf 83' lang='lat' dir='ltr'><strong>ex</strong></span> <span class='ocrx_word' id='word_1_281' title='bbox 1060 2114 1468 2184; x_wconf 86' lang='lat' dir='ltr'><strong>incorruptione</strong></span> <span class='ocrx_word' id='word_1_282' title='bbox 1493 2114 1784 2184; x_wconf 88' lang='lat' dir='ltr'><strong>projectus,</strong></span> 
     </span>
    </p>
   </div>
   <div class='ocr_carea' id='block_1_37' title="bbox 180 2208 1786 2277">
    <p class='ocr_par' dir='ltr' id='par_1_37' title="bbox 180 2208 1786 2277">
     <span class='ocr_line' id='line_1_37' title="bbox 180 2208 1786 2277; baseline -0.001 -13"><span class='ocrx_word' id='word_1_283' title='bbox 180 2210 291 2265; x_wconf 81' lang='lat' dir='ltr'><strong>sed</strong></span> <span class='ocrx_word' id='word_1_284' title='bbox 350 2224 471 2264; x_wconf 89' lang='lat' dir='ltr'><strong>sum</strong></span> <span class='ocrx_word' id='word_1_285' title='bbox 526 2219 781 2277; x_wconf 88' lang='lat' dir='ltr'><strong>tanquam</strong></span> <span class='ocrx_word' id='word_1_286' title='bbox 841 2224 977 2262; x_wconf 92' lang='lat' dir='ltr'><strong>unus</strong></span> <span class='ocrx_word' id='word_1_287' title='bbox 1031 2209 1468 2276; x_wconf 86' lang='lat' dir='ltr'><strong>corruptibilium</strong></span> <span class='ocrx_word' id='word_1_288' title='bbox 1530 2208 1599 2263; x_wconf 89' lang='lat' dir='ltr'><strong>de</strong></span> <span class='ocrx_word' id='word_1_289' title='bbox 1658 2208 1786 2263; x_wconf 92' lang='lat' dir='ltr'><strong>limo</strong></span> 
     </span>
    </p>
   </div>
   <div class='ocr_carea' id='block_1_38' title="bbox 180 2299 1785 2370">
    <p class='ocr_par' dir='ltr' id='par_1_38' title="bbox 180 2299 1785 2370">
     <span class='ocr_line' id='line_1_38' title="bbox 180 2299 1785 2370; baseline 0.001 -17"><span class='ocrx_word' id='word_1_290' title='bbox 180 2302 527 2370; x_wconf 87' lang='lat' dir='ltr'><strong>plasmatus.</strong></span> <span class='ocrx_word' id='word_1_291' title='bbox 594 2299 782 2355; x_wconf 76' lang='lat' dir='ltr'><strong>Merito</strong></span> <span class='ocrx_word' id='word_1_292' title='bbox 852 2312 1056 2354; x_wconf 91' lang='lat' dir='ltr'><strong>terram</strong></span> <span class='ocrx_word' id='word_1_293' title='bbox 1125 2316 1350 2370; x_wconf 80' lang='lat' dir='ltr'><strong>aspergo</strong></span> <span class='ocrx_word' id='word_1_294' title='bbox 1407 2316 1568 2369; x_wconf 87' lang='lat' dir='ltr'><strong>snper</strong></span> <span class='ocrx_word' id='word_1_295' title='bbox 1626 2310 1785 2369; x_wconf 88' lang='lat' dir='ltr'><strong>caput</strong></span> 
     </span>
    </p>
   </div>
   <div class='ocr_carea' id='block_1_39' title="bbox 180 2393 1785 2462">
    <p class='ocr_par' dir='ltr' id='par_1_39' title="bbox 180 2393 1785 2462">
     <span class='ocr_line' id='line_1_39' title="bbox 180 2393 1785 2462; baseline 0.001 -17"><span class='ocrx_word' id='word_1_296' title='bbox 180 2407 405 2457; x_wconf 79' lang='lat' dir='ltr'><strong>meum,</strong></span> <span class='ocrx_word' id='word_1_297' title='bbox 431 2403 490 2445; x_wconf 92' lang='lat' dir='ltr'><strong>ut</strong></span> <span class='ocrx_word' id='word_1_298' title='bbox 524 2396 754 2456; x_wconf 89' lang='lat' dir='ltr'><strong>noverit,</strong></span> <span class='ocrx_word' id='word_1_299' title='bbox 790 2393 987 2461; x_wconf 93' lang='lat' dir='ltr'><strong>inquit,</strong></span> <span class='ocrx_word' id='word_1_300' title='bbox 1019 2393 1266 2447; x_wconf 85' lang='lat' dir='ltr'><strong>diabolus</strong></span> <span class='ocrx_word' id='word_1_301' title='bbox 1297 2394 1666 2462; x_wconf 85' lang='lat' dir='ltr'><strong>nequissimus</strong></span> <span class='ocrx_word' id='word_1_302' title='bbox 1692 2396 1785 2447; x_wconf 88' lang='lat' dir='ltr'><strong>ad-</strong></span> 
     </span>
    </p>
   </div>
   <div class='ocr_carea' id='block_1_40' title="bbox 183 2485 1780 2554">
    <p class='ocr_par' dir='ltr' id='par_1_40' title="bbox 183 2485 1780 2554">
     <span class='ocr_line' id='line_1_40' title="bbox 183 2485 1780 2554; baseline 0.003 -19"><span class='ocrx_word' id='word_1_303' title='bbox 183 2499 386 2538; x_wconf 85' lang='lat' dir='ltr'><strong>versus</strong></span> <span class='ocrx_word' id='word_1_304' title='bbox 418 2500 579 2553; x_wconf 84' lang='lat' dir='ltr'><strong>quem</strong></span> <span class='ocrx_word' id='word_1_305' title='bbox 618 2485 802 2547; x_wconf 88' lang='lat' dir='ltr'><strong>habet,</strong></span> <span class='ocrx_word' id='word_1_306' title='bbox 837 2488 963 2554; x_wconf 88' lang='lat' dir='ltr'><strong>quia</strong></span> <span class='ocrx_word' id='word_1_307' title='bbox 992 2486 1252 2540; x_wconf 90' lang='lat' dir='ltr'><strong>adversus</strong></span> <span class='ocrx_word' id='word_1_308' title='bbox 1285 2496 1561 2541; x_wconf 90' lang='lat' dir='ltr'><strong>terrenum</strong></span> <span class='ocrx_word' id='word_1_309' title='bbox 1596 2487 1780 2551; x_wconf 84' lang='lat' dir='ltr'><strong>habet,</strong></span> 
     </span>
    </p>
   </div>
   <div class='ocr_carea' id='block_1_41' title="bbox 186 2577 1783 2648">
    <p class='ocr_par' dir='ltr' id='par_1_41' title="bbox 186 2577 1783 2648">
     <span class='ocr_line' id='line_1_41' title="bbox 186 2577 1783 2648; baseline 0.004 -21"><span class='ocrx_word' id='word_1_310' title='bbox 186 2577 460 2633; x_wconf 83' lang='lat' dir='ltr'><strong>adversus</strong></span> <span class='ocrx_word' id='word_1_311' title='bbox 508 2578 947 2648; x_wconf 87' lang='lat' dir='ltr'><strong>corruptibilem,</strong></span> <span class='ocrx_word' id='word_1_312' title='bbox 1004 2580 1266 2634; x_wconf 86' lang='lat' dir='ltr'><strong>adversus</strong></span> <span class='ocrx_word' id='word_1_313' title='bbox 1314 2580 1621 2644; x_wconf 86' lang='lat' dir='ltr'><strong>mortalem,</strong></span> <span class='ocrx_word' id='word_1_314' title='bbox 1683 2581 1783 2633; x_wconf 85' lang='lat' dir='ltr'><strong>ad-</strong></span> 
     </span>
    </p>
   </div>
   <div class='ocr_carea' id='block_1_42' title="bbox 186 2671 1782 2741">
    <p class='ocr_par' dir='ltr' id='par_1_42' title="bbox 186 2671 1782 2741">
     <span class='ocr_line' id='line_1_42' title="bbox 186 2671 1782 2741; baseline 0.003 -18"><span class='ocrx_word' id='word_1_315' title='bbox 186 2685 386 2724; x_wconf 85' lang='lat' dir='ltr'><strong>versus</strong></span> <span class='ocrx_word' id='word_1_316' title='bbox 416 2672 696 2727; x_wconf 88' lang='lat' dir='ltr'><strong>hominem</strong></span> <span class='ocrx_word' id='word_1_317' title='bbox 724 2672 790 2726; x_wconf 89' lang='lat' dir='ltr'><strong>de</strong></span> <span class='ocrx_word' id='word_1_318' title='bbox 828 2671 959 2725; x_wconf 87' lang='lat' dir='ltr'><strong>limo</strong></span> <span class='ocrx_word' id='word_1_319' title='bbox 998 2682 1155 2726; x_wconf 73' lang='lat' dir='ltr'><strong>terra:</strong></span> <span class='ocrx_word' id='word_1_320' title='bbox 1193 2672 1538 2741; x_wconf 86' lang='lat' dir='ltr'><strong>plasmatum.</strong></span> <span class='ocrx_word' id='word_1_321' title='bbox 1572 2671 1652 2728; x_wconf 89' lang='lat' dir='ltr'><strong>Ob</strong></span> <span class='ocrx_word' id='word_1_322' title='bbox 1680 2673 1782 2728; x_wconf 92' lang='lat' dir='ltr'><strong>hoc</strong></span> 
     </span>
    </p>
   </div>
   <div class='ocr_carea' id='block_1_43' title="bbox 187 2757 1782 2827">
    <p class='ocr_par' dir='ltr' id='par_1_43' title="bbox 187 2757 1782 2827">
     <span class='ocr_line' id='line_1_43' title="bbox 187 2757 1782 2827; baseline 0.004 -18"><span class='ocrx_word' id='word_1_323' title='bbox 187 2757 437 2827; x_wconf 77' lang='lat' dir='ltr'><strong>aspergit</strong></span> <span class='ocrx_word' id='word_1_324' title='bbox 476 2769 619 2813; x_wconf 91' lang='lat' dir='ltr'><strong>terra</strong></span> <span class='ocrx_word' id='word_1_325' title='bbox 645 2768 809 2822; x_wconf 87' lang='lat' dir='ltr'><strong>caput</strong></span> <span class='ocrx_word' id='word_1_326' title='bbox 844 2775 1023 2824; x_wconf 92' lang='lat' dir='ltr'><strong>suum,</strong></span> <span class='ocrx_word' id='word_1_327' title='bbox 1059 2771 1117 2813; x_wconf 89' lang='lat' dir='ltr'><strong>ut</strong></span> <span class='ocrx_word' id='word_1_328' title='bbox 1165 2760 1402 2815; x_wconf 88' lang='lat' dir='ltr'><strong>instruat</strong></span> <span class='ocrx_word' id='word_1_329' title='bbox 1455 2775 1645 2817; x_wconf 90' lang='lat' dir='ltr'><strong>omnes</strong></span> <span class='ocrx_word' id='word_1_330' title='bbox 1673 2770 1782 2816; x_wconf 92' lang='lat' dir='ltr'><strong>ter-</strong></span> 
     </span>
    </p>
   </div>
   <div class='ocr_carea' id='block_1_44' title="bbox 189 2853 1779 2924">
    <p class='ocr_par' dir='ltr' id='par_1_44' title="bbox 189 2853 1779 2924">
     <span class='ocr_line' id='line_1_44' title="bbox 189 2853 1779 2924; baseline 0.004 -21"><span class='ocrx_word' id='word_1_331' title='bbox 189 2865 377 2915; x_wconf 85' lang='lat' dir='ltr'><strong>renos,</strong></span> <span class='ocrx_word' id='word_1_332' title='bbox 430 2853 812 2922; x_wconf 87' lang='lat' dir='ltr'><strong>corruptibiles</strong></span> <span class='ocrx_word' id='word_1_333' title='bbox 874 2863 1041 2923; x_wconf 88' lang='lat' dir='ltr'><strong>atque</strong></span> <span class='ocrx_word' id='word_1_334' title='bbox 1089 2853 1384 2920; x_wconf 88' lang='lat' dir='ltr'><strong>mortales,</strong></span> <span class='ocrx_word' id='word_1_335' title='bbox 1436 2856 1565 2924; x_wconf 87' lang='lat' dir='ltr'><strong>quia</strong></span> <span class='ocrx_word' id='word_1_336' title='bbox 1616 2856 1779 2911; x_wconf 89' lang='lat' dir='ltr'><strong>etiam</strong></span> 
     </span>
    </p>
   </div>
   <div class='ocr_carea' id='block_1_45' title="bbox 189 2942 1777 3017">
    <p class='ocr_par' dir='ltr' id='par_1_45' title="bbox 189 2942 1777 3017">
     <span class='ocr_line' id='line_1_45' title="bbox 189 2942 1777 3017; baseline 0.004 -22"><span class='ocrx_word' id='word_1_337' title='bbox 189 2942 289 3010; x_wconf 87' lang='lat' dir='ltr'><strong>ipsi</strong></span> <span class='ocrx_word' id='word_1_338' title='bbox 331 2954 559 3011; x_wconf 86' lang='lat' dir='ltr'><strong>possunt</strong></span> <span class='ocrx_word' id='word_1_339' title='bbox 605 2944 855 2999; x_wconf 87' lang='lat' dir='ltr'><strong>similiter</strong></span> <span class='ocrx_word' id='word_1_340' title='bbox 883 2955 1034 3000; x_wconf 88' lang='lat' dir='ltr'><strong>stare</strong></span> <span class='ocrx_word' id='word_1_341' title='bbox 1064 2946 1327 3001; x_wconf 89' lang='lat' dir='ltr'><strong>adversus</strong></span> <span class='ocrx_word' id='word_1_342' title='bbox 1359 2948 1777 3017; x_wconf 89' lang='lat' dir='ltr'><strong>nequissimmn.</strong></span> 
     </span>
    </p>
   </div>
   <div class='ocr_carea' id='block_1_46' title="bbox 191 3032 1782 3110">
    <p class='ocr_par' dir='ltr' id='par_1_46' title="bbox 191 3032 1782 3110">
     <span class='ocr_line' id='line_1_46' title="bbox 191 3032 1782 3110; baseline 0.006 -24"><span class='ocrx_word' id='word_1_343' title='bbox 191 3032 456 3100; x_wconf 84' lang='lat' dir='ltr'><strong>Possunt,</strong></span> <span class='ocrx_word' id='word_1_344' title='bbox 519 3037 763 3105; x_wconf 90' lang='lat' dir='ltr'><strong>inquam,</strong></span> <span class='ocrx_word' id='word_1_345' title='bbox 816 3037 1067 3093; x_wconf 89' lang='lat' dir='ltr'><strong>similiter</strong></span> <span class='ocrx_word' id='word_1_346' title='bbox 1120 3037 1350 3094; x_wconf 82' lang='lat' dir='ltr'><strong>suﬂerre</strong></span> <span class='ocrx_word' id='word_1_347' title='bbox 1400 3053 1467 3094; x_wconf 90' lang='lat' dir='ltr'><strong>ac</strong></span> <span class='ocrx_word' id='word_1_348' title='bbox 1522 3056 1782 3110; x_wconf 90' lang='lat' dir='ltr'><strong>superare</strong></span> 
     </span>
    </p>
   </div>
   <div class='ocr_carea' id='block_1_47' title="bbox 190 3130 1779 3203">
    <p class='ocr_par' dir='ltr' id='par_1_47' title="bbox 190 3130 1779 3203">
     <span class='ocr_line' id='line_1_47' title="bbox 190 3130 1779 3203; baseline 0.005 -23"><span class='ocrx_word' id='word_1_349' title='bbox 190 3142 388 3181; x_wconf 87' lang='lat' dir='ltr'><strong>omnes</strong></span> <span class='ocrx_word' id='word_1_350' title='bbox 421 3132 752 3184; x_wconf 89' lang='lat' dir='ltr'><strong>teutationes</strong></span> <span class='ocrx_word' id='word_1_351' title='bbox 781 3130 1006 3197; x_wconf 90' lang='lat' dir='ltr'><strong>diaboli,</strong></span> <span class='ocrx_word' id='word_1_352' title='bbox 1036 3131 1081 3186; x_wconf 92' lang='lat' dir='ltr'><strong>si</strong></span> <span class='ocrx_word' id='word_1_353' title='bbox 1112 3132 1279 3186; x_wconf 89' lang='lat' dir='ltr'><strong>Deum</strong></span> <span class='ocrx_word' id='word_1_354' title='bbox 1302 3131 1594 3187; x_wconf 80' lang='lat' dir='ltr'><strong>dilexerint</strong></span> <span class='ocrx_word' id='word_1_355' title='bbox 1617 3142 1779 3203; x_wconf 89' lang='lat' dir='ltr'><strong>atque</strong></span> 
     </span>
    </p>
   </div>
   <div class='ocr_carea' id='block_1_48' title="bbox 192 3222 1778 3294">
    <p class='ocr_par' dir='ltr' id='par_1_48' title="bbox 192 3222 1778 3294">
     <span class='ocr_line' id='line_1_48' title="bbox 192 3222 1778 3294; baseline 0.004 -21"><span class='ocrx_word' id='word_1_356' title='bbox 192 3222 492 3276; x_wconf 86' lang='lat' dir='ltr'><strong>metueriut</strong></span> <span class='ocrx_word' id='word_1_357' title='bbox 542 3240 555 3274; x_wconf 90' lang='lat'><strong>:</strong></span> <span class='ocrx_word' id='word_1_358' title='bbox 607 3224 751 3277; x_wconf 88' lang='lat' dir='ltr'><strong>sicut</strong></span> <span class='ocrx_word' id='word_1_359' title='bbox 798 3224 1138 3279; x_wconf 88' lang='lat' dir='ltr'><strong>admirabilis</strong></span> <span class='ocrx_word' id='word_1_360' title='bbox 1170 3224 1273 3280; x_wconf 85' lang='lat' dir='ltr'><strong>Job</strong></span> <span class='ocrx_word' id='word_1_361' title='bbox 1317 3225 1577 3280; x_wconf 90' lang='lat' dir='ltr'><strong>sustinuit</strong></span> <span class='ocrx_word' id='word_1_362' title='bbox 1612 3235 1778 3294; x_wconf 88' lang='lat' dir='ltr'><strong>atque</strong></span> 
     </span>
    </p>
   </div>
   <div class='ocr_carea' id='block_1_49' title="bbox 192 3306 1779 3387">
    <p class='ocr_par' dir='ltr' id='par_1_49' title="bbox 192 3306 1779 3387">
     <span class='ocr_line' id='line_1_49' title="bbox 192 3306 1779 3387; baseline 0.004 -22"><span class='ocrx_word' id='word_1_363' title='bbox 192 3313 432 3380; x_wconf 81' lang='lat' dir='ltr'><strong>portavit</strong></span> <span class='ocrx_word' id='word_1_364' title='bbox 470 3306 593 3367; x_wconf 85' lang='lat' dir='ltr'><strong>non</strong></span> <span class='ocrx_word' id='word_1_365' title='bbox 627 3315 895 3369; x_wconf 90' lang='lat' dir='ltr'><strong>modicmn</strong></span> <span class='ocrx_word' id='word_1_366' title='bbox 936 3314 1160 3386; x_wconf 90' lang='lat' dir='ltr'><strong>aliquid,</strong></span> <span class='ocrx_word' id='word_1_367' title='bbox 1210 3316 1307 3371; x_wconf 88' lang='lat' dir='ltr'><strong>sed</strong></span> <span class='ocrx_word' id='word_1_368' title='bbox 1353 3332 1581 3387; x_wconf 87' lang='lat' dir='ltr'><strong>magnos</strong></span> <span class='ocrx_word' id='word_1_369' title='bbox 1609 3329 1662 3372; x_wconf 92' lang='lat' dir='ltr'><strong>et</strong></span> <span class='ocrx_word' id='word_1_370' title='bbox 1704 3318 1779 3371; x_wconf 88' lang='lat' dir='ltr'><strong>in-</strong></span> 
     </span>
    </p>
   </div>
   <div class='ocr_carea' id='block_1_50' title="bbox 190 3408 1780 3485">
    <p class='ocr_par' dir='ltr' id='par_1_50' title="bbox 190 3408 1780 3485">
     <span class='ocr_line' id='line_1_50' title="bbox 190 3408 1780 3485; baseline 0.004 -27"><span class='ocrx_word' id='word_1_371' title='bbox 190 3414 387 3475; x_wconf 87' lang='lat' dir='ltr'><strong>gentes</strong></span> <span class='ocrx_word' id='word_1_372' title='bbox 435 3416 600 3475; x_wconf 91' lang='lat' dir='ltr'><strong>atque</strong></span> <span class='ocrx_word' id='word_1_373' title='bbox 642 3408 911 3463; x_wconf 90' lang='lat' dir='ltr'><strong>terribiles</strong></span> <span class='ocrx_word' id='word_1_374' title='bbox 968 3409 1184 3465; x_wconf 88' lang='lat' dir='ltr'><strong>dolores</strong></span> <span class='ocrx_word' id='word_1_375' title='bbox 1225 3423 1291 3461; x_wconf 88' lang='lat' dir='ltr'><strong>ac</strong></span> <span class='ocrx_word' id='word_1_376' title='bbox 1335 3416 1626 3485; x_wconf 63' lang='lat' dir='ltr'><strong>tormenta,</strong></span> <span class='ocrx_word' id='word_1_377' title='bbox 1659 3425 1780 3480; x_wconf 70' lang='lat' dir='ltr'><strong>quae</strong></span> 
     </span>
    </p>
   </div>
   <div class='ocr_carea' id='block_1_51' title="bbox 194 3470 1780 3575">
    <p class='ocr_par' dir='ltr' id='par_1_51' title="bbox 194 3470 1780 3575">
     <span class='ocr_line' id='line_1_51' title="bbox 194 3470 1780 3575; baseline 0.005 -27"><span class='ocrx_word' id='word_1_378' title='bbox 194 3497 333 3553; x_wconf 87' lang='lat' dir='ltr'><strong>alius</strong></span> <span class='ocrx_word' id='word_1_379' title='bbox 387 3498 480 3552; x_wconf 91' lang='lat' dir='ltr'><strong>illo</strong></span> <span class='ocrx_word' id='word_1_380' title='bbox 520 3514 618 3553; x_wconf 90' lang='lat' dir='ltr'><strong>nec</strong></span> <span class='ocrx_word' id='word_1_381' title='bbox 661 3500 835 3568; x_wconf 91' lang='lat' dir='ltr'><strong>prior,</strong></span> <span class='ocrx_word' id='word_1_382' title='bbox 898 3516 998 3555; x_wconf 91' lang='lat' dir='ltr'><strong>nec</strong></span> <span class='ocrx_word' id='word_1_383' title='bbox 1064 3503 1337 3570; x_wconf 87' lang='lat' dir='ltr'><strong>posterior</strong></span> <span class='ocrx_word' id='word_1_384' title='bbox 1386 3470 1697 3575; x_wconf 60' lang='lat' dir='ltr'><strong>sustinuit:</strong></span> <span class='ocrx_word' id='word_1_385' title='bbox 1728 3512 1780 3556; x_wconf 93' lang='lat' dir='ltr'><strong>et</strong></span> 
     </span>
    </p>
   </div>
   <div class='ocr_carea' id='block_1_52' title="bbox 192 3591 1781 3661">
    <p class='ocr_par' dir='ltr' id='par_1_52' title="bbox 192 3591 1781 3661">
     <span class='ocr_line' id='line_1_52' title="bbox 192 3591 1781 3661; baseline 0.004 -19"><span class='ocrx_word' id='word_1_386' title='bbox 192 3591 339 3657; x_wconf 88' lang='lat' dir='ltr'><strong>quod</strong></span> <span class='ocrx_word' id='word_1_387' title='bbox 396 3599 485 3646; x_wconf 84' lang='lat' dir='ltr'><strong>est</strong></span> <span class='ocrx_word' id='word_1_388' title='bbox 520 3593 793 3661; x_wconf 89' lang='lat' dir='ltr'><strong>superius,</strong></span> <span class='ocrx_word' id='word_1_389' title='bbox 858 3608 964 3646; x_wconf 91' lang='lat' dir='ltr'><strong>non</strong></span> <span class='ocrx_word' id='word_1_390' title='bbox 1018 3593 1222 3648; x_wconf 87' lang='lat' dir='ltr'><strong>habens</strong></span> <span class='ocrx_word' id='word_1_391' title='bbox 1284 3594 1516 3647; x_wconf 91' lang='lat' dir='ltr'><strong>formam</strong></span> <span class='ocrx_word' id='word_1_392' title='bbox 1573 3611 1637 3648; x_wconf 81' lang='lat' dir='ltr'><strong>ex</strong></span> <span class='ocrx_word' id='word_1_393' title='bbox 1675 3595 1781 3649; x_wconf 89' lang='lat' dir='ltr'><strong>alio</strong></span> 
     </span>
    </p>
   </div>
   <div class='ocr_carea' id='block_1_53' title="bbox 194 3684 1787 3755">
    <p class='ocr_par' dir='ltr' id='par_1_53' title="bbox 194 3684 1787 3755">
     <span class='ocr_line' id='line_1_53' title="bbox 194 3684 1787 3755; baseline 0 -18"><span class='ocrx_word' id='word_1_394' title='bbox 194 3686 397 3750; x_wconf 87' lang='lat' dir='ltr'><strong>priore,</strong></span> <span class='ocrx_word' id='word_1_395' title='bbox 428 3700 530 3739; x_wconf 87' lang='lat' dir='ltr'><strong>nec</strong></span> <span class='ocrx_word' id='word_1_396' title='bbox 560 3684 869 3755; x_wconf 83' lang='lat' dir='ltr'><strong>exemplum</strong></span> <span class='ocrx_word' id='word_1_397' title='bbox 905 3685 1171 3754; x_wconf 87' lang='lat' dir='ltr'><strong>recipiens</strong></span> <span class='ocrx_word' id='word_1_398' title='bbox 1211 3686 1278 3740; x_wconf 90' lang='lat' dir='ltr'><strong>ab</strong></span> <span class='ocrx_word' id='word_1_399' title='bbox 1324 3685 1442 3743; x_wconf 87' lang='lat' dir='ltr'><strong>alio,</strong></span> <span class='ocrx_word' id='word_1_400' title='bbox 1482 3687 1787 3753; x_wconf 63' lang='lat' dir='ltr'><strong>anteriore.</strong></span> 
     </span>
    </p>
   </div>
   <div class='ocr_carea' id='block_1_54' title="bbox 194 3774 1782 3845">
    <p class='ocr_par' dir='ltr' id='par_1_54' title="bbox 194 3774 1782 3845">
     <span class='ocr_line' id='line_1_54' title="bbox 194 3774 1782 3845; baseline 0.001 -17"><span class='ocrx_word' id='word_1_401' title='bbox 194 3774 324 3828; x_wconf 84' lang='lat' dir='ltr'><strong>Cum</strong></span> <span class='ocrx_word' id='word_1_402' title='bbox 357 3792 524 3829; x_wconf 90' lang='lat' dir='ltr'><strong>unum</strong></span> <span class='ocrx_word' id='word_1_403' title='bbox 555 3792 620 3830; x_wconf 77' lang='lat' dir='ltr'><strong>ex</strong></span> <span class='ocrx_word' id='word_1_404' title='bbox 674 3775 928 3845; x_wconf 90' lang='lat' dir='ltr'><strong>plurimis</strong></span> <span class='ocrx_word' id='word_1_405' title='bbox 972 3775 1183 3843; x_wconf 89' lang='lat' dir='ltr'><strong>videtur</strong></span> <span class='ocrx_word' id='word_1_406' title='bbox 1223 3774 1395 3829; x_wconf 85' lang='lat' dir='ltr'><strong>Jacob</strong></span> <span class='ocrx_word' id='word_1_407' title='bbox 1435 3775 1603 3830; x_wconf 87' lang='lat' dir='ltr'><strong>lilium</strong></span> <span class='ocrx_word' id='word_1_408' title='bbox 1660 3791 1782 3844; x_wconf 86' lang='lat' dir='ltr'><strong>per-</strong></span> 
     </span>
    </p>
   </div>
   <div class='ocr_carea' id='block_1_55' title="bbox 196 3854 1779 3937">
    <p class='ocr_par' dir='ltr' id='par_1_55' title="bbox 196 3854 1779 3937">
     <span class='ocr_line' id='line_1_55' title="bbox 196 3854 1779 3937; baseline 0.001 -18"><span class='ocrx_word' id='word_1_409' title='bbox 196 3868 418 3933; x_wconf 86' lang='lat' dir='ltr'><strong>didisse,</strong></span> <span class='ocrx_word' id='word_1_410' title='bbox 446 3884 478 3921; x_wconf 89' lang='lat' dir='ltr'><strong>a</strong></span> <span class='ocrx_word' id='word_1_411' title='bbox 506 3854 719 3922; x_wconf 65' lang='lat' dir='ltr'><strong>caeteris</strong></span> <span class='ocrx_word' id='word_1_412' title='bbox 744 3868 994 3921; x_wconf 86' lang='lat' dir='ltr'><strong>omnibus</strong></span> <span class='ocrx_word' id='word_1_413' title='bbox 1034 3868 1303 3921; x_wconf 85' lang='lat' dir='ltr'><strong>consolari</strong></span> <span class='ocrx_word' id='word_1_414' title='bbox 1338 3884 1444 3923; x_wconf 91' lang='lat' dir='ltr'><strong>non</strong></span> <span class='ocrx_word' id='word_1_415' title='bbox 1469 3869 1779 3937; x_wconf 85' lang='lat' dir='ltr'><strong>p0tuit,sed</strong></span> 
     </span>
    </p>
   </div>
   <div class='ocr_carea' id='block_1_56' title="bbox 198 3958 1777 4030">
    <p class='ocr_par' dir='ltr' id='par_1_56' title="bbox 198 3958 1777 4030">
     <span class='ocr_line' id='line_1_56' title="bbox 198 3958 1777 4030; baseline 0.001 -18"><span class='ocrx_word' id='word_1_416' title='bbox 198 3959 330 4016; x_wconf 82' lang='lat' dir='ltr'><strong>dixit</strong></span> <span class='ocrx_word' id='word_1_417' title='bbox 366 3979 381 4014; x_wconf 92' lang='lat'>:</span> <span class='ocrx_word' id='word_1_418' title='bbox 422 3960 522 4014; x_wconf 86' lang='lat' dir='ltr'><strong>Ibo</strong></span> <span class='ocrx_word' id='word_1_419' title='bbox 554 3970 666 4029; x_wconf 83' lang='lat' dir='ltr'><strong>post</strong></span> <span class='ocrx_word' id='word_1_420' title='bbox 698 3960 868 4026; x_wconf 79' lang='lat' dir='ltr'><strong>filium</strong></span> <span class='ocrx_word' id='word_1_421' title='bbox 901 3974 1086 4012; x_wconf 81' lang='lat' dir='ltr'><strong>meum</strong></span> <span class='ocrx_word' id='word_1_422' title='bbox 1109 3958 1292 4029; x_wconf 71' lang='lat' dir='ltr'><strong>lugens</strong></span> <span class='ocrx_word' id='word_1_423' title='bbox 1323 3960 1379 4014; x_wconf 85' lang='lat' dir='ltr'><strong>in</strong></span> <span class='ocrx_word' id='word_1_424' title='bbox 1412 3960 1678 4030; x_wconf 80' lang='lat' dir='ltr'><strong>infernum</strong></span> <span class='ocrx_word' id='word_1_425' title='bbox 1711 3959 1777 4013; x_wconf 70' lang='grc'><strong>⁸⁵.</strong></span> 
     </span>
    </p>
   </div>
   <div class='ocr_carea' id='block_1_57' title="bbox 201 4051 1781 4125">
    <p class='ocr_par' dir='ltr' id='par_1_57' title="bbox 201 4051 1781 4125">
     <span class='ocr_line' id='line_1_57' title="bbox 201 4051 1781 4125; baseline 0.001 -19"><span class='ocrx_word' id='word_1_426' title='bbox 201 4053 576 4125; x_wconf 78' lang='lat' dir='ltr'><strong>Magnanimos</strong></span> <span class='ocrx_word' id='word_1_427' title='bbox 594 4063 775 4109; x_wconf 88' lang='lat' dir='ltr'><strong>autem</strong></span> <span class='ocrx_word' id='word_1_428' title='bbox 807 4051 910 4113; x_wconf 77' lang='lat' dir='ltr'><strong>Job</strong></span> <span class='ocrx_word' id='word_1_429' title='bbox 935 4060 1059 4121; x_wconf 90' lang='lat' dir='ltr'><strong>post</strong></span> <span class='ocrx_word' id='word_1_430' title='bbox 1091 4052 1288 4122; x_wconf 85' lang='lat' dir='ltr'><strong>peculii</strong></span> <span class='ocrx_word' id='word_1_431' title='bbox 1313 4054 1698 4124; x_wconf 87' lang='lat' dir='ltr'><strong>perditionem,</strong></span> <span class='ocrx_word' id='word_1_432' title='bbox 1726 4062 1781 4108; x_wconf 89' lang='lat' dir='ltr'><strong>et</strong></span> 
     </span>
    </p>
   </div>
   <div class='ocr_carea' id='block_1_58' title="bbox 200 4146 1780 4215">
    <p class='ocr_par' dir='ltr' id='par_1_58' title="bbox 200 4146 1780 4215">
     <span class='ocr_line' id='line_1_58' title="bbox 200 4146 1780 4215; baseline -0.001 -14"><span class='ocrx_word' id='word_1_433' title='bbox 200 4158 314 4215; x_wconf 84' lang='lat' dir='ltr'><strong>post</strong></span> <span class='ocrx_word' id='word_1_434' title='bbox 342 4148 590 4201; x_wconf 89' lang='lat' dir='ltr'><strong>omnium</strong></span> <span class='ocrx_word' id='word_1_435' title='bbox 638 4146 901 4201; x_wconf 87' lang='lat' dir='ltr'><strong>bonorqu</strong></span> <span class='ocrx_word' id='word_1_436' title='bbox 939 4146 1327 4215; x_wconf 86' lang='lat' dir='ltr'><strong>direptionem,</strong></span> <span class='ocrx_word' id='word_1_437' title='bbox 1358 4146 1601 4204; x_wconf 89' lang='lat' dir='ltr'><strong>omnium</strong></span> <span class='ocrx_word' id='word_1_438' title='bbox 1641 4147 1780 4200; x_wconf 70' lang='lat' dir='ltr'><strong>ﬁlio-</strong></span> 
     </span>
    </p>
   </div>
   <div class='ocr_carea' id='block_1_59' title="bbox 202 4237 1781 4309">
    <p class='ocr_par' dir='ltr' id='par_1_59' title="bbox 202 4237 1781 4309">
     <span class='ocr_line' id='line_1_59' title="bbox 202 4237 1781 4309; baseline -0.001 -16"><span class='ocrx_word' id='word_1_439' title='bbox 202 4254 309 4293; x_wconf 89' lang='lat' dir='ltr'><strong>rum</strong></span> <span class='ocrx_word' id='word_1_440' title='bbox 351 4238 723 4293; x_wconf 88' lang='lat' dir='ltr'><strong>miserabilem</strong></span> <span class='ocrx_word' id='word_1_441' title='bbox 764 4239 1042 4293; x_wconf 89' lang='lat' dir='ltr'><strong>interitum</strong></span> <span class='ocrx_word' id='word_1_442' title='bbox 1094 4243 1298 4309; x_wconf 90' lang='lat' dir='ltr'><strong>pariter</strong></span> <span class='ocrx_word' id='word_1_443' title='bbox 1323 4237 1485 4297; x_wconf 89' lang='lat' dir='ltr'><strong>simul</strong></span> <span class='ocrx_word' id='word_1_444' title='bbox 1521 4252 1643 4293; x_wconf 90' lang='lat' dir='ltr'><strong>cum</strong></span> <span class='ocrx_word' id='word_1_445' title='bbox 1682 4254 1781 4292; x_wconf 88' lang='lat' dir='ltr'><strong>au-</strong></span> 
     </span>
    </p>
   </div>
   <div class='ocr_carea' id='block_1_60' title="bbox 200 4326 1779 4400">
    <p class='ocr_par' dir='ltr' id='par_1_60' title="bbox 200 4326 1779 4400">
     <span class='ocr_line' id='line_1_60' title="bbox 200 4326 1779 4400; baseline 0.003 -21"><span class='ocrx_word' id='word_1_446' title='bbox 200 4326 361 4382; x_wconf 87' lang='lat' dir='ltr'><strong>disset</strong></span> <span class='ocrx_word' id='word_1_447' title='bbox 389 4344 497 4380; x_wconf 92' lang='lat' dir='ltr'><strong>non</strong></span> <span class='ocrx_word' id='word_1_448' title='bbox 528 4327 841 4396; x_wconf 85' lang='lat' dir='ltr'><strong>suspiravit,</strong></span> <span class='ocrx_word' id='word_1_449' title='bbox 871 4343 974 4382; x_wconf 93' lang='lat' dir='ltr'><strong>non</strong></span> <span class='ocrx_word' id='word_1_450' title='bbox 1015 4329 1299 4398; x_wconf 85' lang='lat' dir='ltr'><strong>ingemuit,</strong></span> <span class='ocrx_word' id='word_1_451' title='bbox 1335 4345 1440 4385; x_wconf 89' lang='lat' dir='ltr'><strong>non</strong></span> <span class='ocrx_word' id='word_1_452' title='bbox 1485 4329 1779 4400; x_wconf 87' lang='lat' dir='ltr'><strong>reprehen-</strong></span> 
     </span>
    </p>
   </div>
   <div class='ocr_carea' id='block_1_61' title="bbox 200 4418 1790 4490">
    <p class='ocr_par' dir='ltr' id='par_1_61' title="bbox 200 4418 1790 4490">
     <span class='ocr_line' id='line_1_61' title="bbox 200 4418 1790 4490; baseline 0.001 -19"><span class='ocrx_word' id='word_1_453' title='bbox 200 4418 288 4485; x_wconf 88' lang='lat' dir='ltr'><strong>dit,</strong></span> <span class='ocrx_word' id='word_1_454' title='bbox 326 4432 437 4472; x_wconf 93' lang='lat' dir='ltr'><strong>non</strong></span> <span class='ocrx_word' id='word_1_455' title='bbox 468 4418 771 4485; x_wconf 70' lang='lat' dir='ltr'><strong>maledixit,</strong></span> <span class='ocrx_word' id='word_1_456' title='bbox 802 4434 908 4473; x_wconf 93' lang='lat' dir='ltr'><strong>non</strong></span> <span class='ocrx_word' id='word_1_457' title='bbox 934 4419 1355 4490; x_wconf 88' lang='lat' dir='ltr'><strong>blasphemavit,</strong></span> <span class='ocrx_word' id='word_1_458' title='bbox 1384 4434 1491 4473; x_wconf 90' lang='lat' dir='ltr'><strong>non</strong></span> <span class='ocrx_word' id='word_1_459' title='bbox 1516 4418 1790 4489; x_wconf 50' lang='lat' dir='ltr'><strong>culpavit,</strong></span> 
     </span>
    </p>
   </div>
   <div class='ocr_carea' id='block_1_62' title="bbox 1891 1930 3467 2002">
    <p class='ocr_par' dir='ltr' id='par_1_62' title="bbox 1891 1930 3467 2002">
     <span class='ocr_line' id='line_1_62' title="bbox 1891 1930 3467 2002; baseline 0 -19"><span class='ocrx_word' id='word_1_460' title='bbox 1891 1930 2007 1986; x_wconf 74' lang='lat' dir='ltr'><strong>htec</strong></span> <span class='ocrx_word' id='word_1_461' title='bbox 2053 1933 2305 1986; x_wconf 81' lang='lat' dir='ltr'><strong>universa</strong></span> <span class='ocrx_word' id='word_1_462' title='bbox 2338 1948 2457 2001; x_wconf 82' lang='lat' dir='ltr'><strong>qua:</strong></span> <span class='ocrx_word' id='word_1_463' title='bbox 2488 1934 2742 2002; x_wconf 83' lang='lat' dir='ltr'><strong>superius</strong></span> <span class='ocrx_word' id='word_1_464' title='bbox 2782 1945 3077 1986; x_wconf 87' lang='lat' dir='ltr'><strong>memorata</strong></span> <span class='ocrx_word' id='word_1_465' title='bbox 3128 1941 3252 1984; x_wconf 91' lang='lat' dir='ltr'><strong>sunt</strong></span> <span class='ocrx_word' id='word_1_466' title='bbox 3305 1941 3467 1999; x_wconf 86' lang='lat' dir='ltr'><strong>atque</strong></span> 
     </span>
    </p>
   </div>
   <div class='ocr_carea' id='block_1_63' title="bbox 1887 2020 3465 2089">
    <p class='ocr_par' dir='ltr' id='par_1_63' title="bbox 1887 2020 3465 2089">
     <span class='ocr_line' id='line_1_63' title="bbox 1887 2020 3465 2089; baseline -0.001 -14"><span class='ocrx_word' id='word_1_467' title='bbox 1887 2030 2130 2087; x_wconf 87' lang='lat' dir='ltr'><strong>ostensa,</strong></span> <span class='ocrx_word' id='word_1_468' title='bbox 2174 2022 2309 2075; x_wconf 81' lang='lat' dir='ltr'><strong>dixit</strong></span> <span class='ocrx_word' id='word_1_469' title='bbox 2357 2039 2370 2075; x_wconf 90' lang='lat'><strong>:</strong></span> <span class='ocrx_word' id='word_1_470' title='bbox 2409 2020 2477 2074; x_wconf 85' lang='lat' dir='ltr'><strong>Et</strong></span> <span class='ocrx_word' id='word_1_471' title='bbox 2528 2024 2806 2089; x_wconf 78' lang='lat' dir='ltr'><strong>prostravit</strong></span> <span class='ocrx_word' id='word_1_472' title='bbox 2838 2038 2891 2075; x_wconf 84' lang='lat' dir='ltr'><strong>se</strong></span> <span class='ocrx_word' id='word_1_473' title='bbox 2923 2023 2977 2074; x_wconf 86' lang='lat' dir='ltr'><strong>in</strong></span> <span class='ocrx_word' id='word_1_474' title='bbox 3018 2032 3179 2088; x_wconf 82' lang='lat' dir='ltr'><strong>terra,</strong></span> <span class='ocrx_word' id='word_1_475' title='bbox 3215 2032 3261 2073; x_wconf 80' lang='lat' dir='ltr'><strong>et</strong></span> <span class='ocrx_word' id='word_1_476' title='bbox 3296 2022 3465 2075; x_wconf 83' lang='lat' dir='ltr'><strong>aravit</strong></span> 
     </span>
    </p>
   </div>
   <div class='ocr_carea' id='block_1_64' title="bbox 1889 2113 3463 2179">
    <p class='ocr_par' dir='ltr' id='par_1_64' title="bbox 1889 2113 3463 2179">
     <span class='ocr_line' id='line_1_64' title="bbox 1889 2113 3463 2179; baseline 0.001 -14"><span class='ocrx_word' id='word_1_477' title='bbox 1889 2114 1958 2166; x_wconf 86' lang='lat' dir='ltr'><strong>ad</strong></span> <span class='ocrx_word' id='word_1_478' title='bbox 2012 2113 2297 2169; x_wconf 86' lang='lat' dir='ltr'><strong>Dominum</strong></span> <span class='ocrx_word' id='word_1_479' title='bbox 2325 2114 2390 2168; x_wconf 72' lang='lat'><strong>“.</strong></span> <span class='ocrx_word' id='word_1_480' title='bbox 2441 2115 2682 2169; x_wconf 86' lang='lat' dir='ltr'><strong>Primum</strong></span> <span class='ocrx_word' id='word_1_481' title='bbox 2719 2116 2978 2179; x_wconf 80' lang='lat' dir='ltr'><strong>surrexit,</strong></span> <span class='ocrx_word' id='word_1_482' title='bbox 3038 2124 3086 2166; x_wconf 87' lang='lat' dir='ltr'><strong>et</strong></span> <span class='ocrx_word' id='word_1_483' title='bbox 3149 2116 3215 2166; x_wconf 83' lang='lat' dir='ltr'><strong>ita</strong></span> <span class='ocrx_word' id='word_1_484' title='bbox 3249 2115 3463 2169; x_wconf 78' lang='lat' dir='ltr'><strong>deruunt</strong></span> 
     </span>
    </p>
   </div>
   <div class='ocr_carea' id='block_1_65' title="bbox 1887 2207 3464 2277">
    <p class='ocr_par' dir='ltr' id='par_1_65' title="bbox 1887 2207 3464 2277">
     <span class='ocr_line' id='line_1_65' title="bbox 1887 2207 3464 2277; baseline -0.002 -15"><span class='ocrx_word' id='word_1_485' title='bbox 1887 2222 1946 2262; x_wconf 89' lang='lat' dir='ltr'><strong>se</strong></span> <span class='ocrx_word' id='word_1_486' title='bbox 1976 2208 2292 2277; x_wconf 88' lang='lat' dir='ltr'><strong>prostravit.</strong></span> <span class='ocrx_word' id='word_1_487' title='bbox 2322 2207 2575 2262; x_wconf 77' lang='lat' dir='ltr'><strong>Surrexit</strong></span> <span class='ocrx_word' id='word_1_488' title='bbox 2608 2209 2673 2261; x_wconf 88' lang='lat' dir='ltr'><strong>ad</strong></span> <span class='ocrx_word' id='word_1_489' title='bbox 2701 2208 2965 2276; x_wconf 67' lang='lat' dir='ltr'><strong>praelium,</strong></span> <span class='ocrx_word' id='word_1_490' title='bbox 2988 2208 3284 2276; x_wconf 86' lang='lat' dir='ltr'><strong>prostravit</strong></span> <span class='ocrx_word' id='word_1_491' title='bbox 3317 2211 3376 2263; x_wconf 80' lang='lat' dir='ltr'><strong>se</strong></span> <span class='ocrx_word' id='word_1_492' title='bbox 3398 2210 3464 2262; x_wconf 89' lang='lat' dir='ltr'><strong>ad</strong></span> 
     </span>
    </p>
   </div>
   <div class='ocr_carea' id='block_1_66' title="bbox 1886 2298 3465 2368">
    <p class='ocr_par' dir='ltr' id='par_1_66' title="bbox 1886 2298 3465 2368">
     <span class='ocr_line' id='line_1_66' title="bbox 1886 2298 3465 2368; baseline 0.001 -16"><span class='ocrx_word' id='word_1_493' title='bbox 1886 2313 2121 2368; x_wconf 86' lang='lat' dir='ltr'><strong>precem.</strong></span> <span class='ocrx_word' id='word_1_494' title='bbox 2158 2298 2408 2355; x_wconf 84' lang='lat' dir='ltr'><strong>Surrexit</strong></span> <span class='ocrx_word' id='word_1_495' title='bbox 2434 2300 2500 2352; x_wconf 83' lang='lat' dir='ltr'><strong>a&#39;d</strong></span> <span class='ocrx_word' id='word_1_496' title='bbox 2529 2299 2807 2363; x_wconf 76' lang='lat' dir='ltr'><strong>virtutem,</strong></span> <span class='ocrx_word' id='word_1_497' title='bbox 2833 2300 3129 2368; x_wconf 88' lang='lat' dir='ltr'><strong>prostravit</strong></span> <span class='ocrx_word' id='word_1_498' title='bbox 3153 2314 3213 2353; x_wconf 90' lang='lat' dir='ltr'><strong>se</strong></span> <span class='ocrx_word' id='word_1_499' title='bbox 3239 2300 3305 2351; x_wconf 88' lang='lat' dir='ltr'><strong>ad</strong></span> <span class='ocrx_word' id='word_1_500' title='bbox 3337 2315 3465 2353; x_wconf 88' lang='lat' dir='ltr'><strong>ora-</strong></span> 
     </span>
    </p>
   </div>
   <div class='ocr_carea' id='block_1_67' title="bbox 1888 2391 3464 2461">
    <p class='ocr_par' dir='ltr' id='par_1_67' title="bbox 1888 2391 3464 2461">
     <span class='ocr_line' id='line_1_67' title="bbox 1888 2391 3464 2461; baseline 0 -17"><span class='ocrx_word' id='word_1_501' title='bbox 1888 2391 2110 2446; x_wconf 89' lang='lat' dir='ltr'><strong>tionem.</strong></span> <span class='ocrx_word' id='word_1_502' title='bbox 2142 2391 2389 2449; x_wconf 85' lang='lat' dir='ltr'><strong>Surrexit</strong></span> <span class='ocrx_word' id='word_1_503' title='bbox 2412 2391 2478 2443; x_wconf 92' lang='lat' dir='ltr'><strong>ad</strong></span> <span class='ocrx_word' id='word_1_504' title='bbox 2509 2391 2752 2447; x_wconf 74' lang='lat' dir='ltr'><strong>victorize</strong></span> <span class='ocrx_word' id='word_1_505' title='bbox 2775 2391 3190 2461; x_wconf 85' lang='lat' dir='ltr'><strong>perfectionem,</strong></span> <span class='ocrx_word' id='word_1_506' title='bbox 3226 2403 3464 2460; x_wconf 88' lang='lat' dir='ltr'><strong>prostra-</strong></span> 
     </span>
    </p>
   </div>
   <div class='ocr_carea' id='block_1_68' title="bbox 1885 2481 3466 2553">
    <p class='ocr_par' dir='ltr' id='par_1_68' title="bbox 1885 2481 3466 2553">
     <span class='ocr_line' id='line_1_68' title="bbox 1885 2481 3466 2553; baseline 0.001 -19"><span class='ocrx_word' id='word_1_507' title='bbox 1885 2482 1962 2535; x_wconf 92' lang='lat' dir='ltr'><strong>vit</strong></span> <span class='ocrx_word' id='word_1_508' title='bbox 1991 2497 2049 2536; x_wconf 90' lang='lat' dir='ltr'><strong>se</strong></span> <span class='ocrx_word' id='word_1_509' title='bbox 2075 2483 2142 2535; x_wconf 89' lang='lat' dir='ltr'><strong>ad</strong></span> <span class='ocrx_word' id='word_1_510' title='bbox 2178 2497 2393 2538; x_wconf 78' lang='lat' dir='ltr'><strong>corona:</strong></span> <span class='ocrx_word' id='word_1_511' title='bbox 2421 2483 2818 2553; x_wconf 84' lang='lat' dir='ltr'><strong>acceptionem.</strong></span> <span class='ocrx_word' id='word_1_512' title='bbox 2865 2481 3000 2535; x_wconf 83' lang='lat' dir='ltr'><strong>Nam</strong></span> <span class='ocrx_word' id='word_1_513' title='bbox 3053 2494 3107 2537; x_wconf 89' lang='lat' dir='ltr'><strong>et</strong></span> <span class='ocrx_word' id='word_1_514' title='bbox 3135 2493 3261 2535; x_wconf 88' lang='lat' dir='ltr'><strong>ante</strong></span> <span class='ocrx_word' id='word_1_515' title='bbox 3295 2484 3466 2552; x_wconf 87' lang='lat' dir='ltr'><strong>impe-</strong></span> 
     </span>
    </p>
   </div>
   <div class='ocr_carea' id='block_1_69' title="bbox 1884 2575 3465 2644">
    <p class='ocr_par' dir='ltr' id='par_1_69' title="bbox 1884 2575 3465 2644">
     <span class='ocr_line' id='line_1_69' title="bbox 1884 2575 3465 2644; baseline 0.001 -18"><span class='ocrx_word' id='word_1_516' title='bbox 1884 2582 2095 2629; x_wconf 86' lang='lat' dir='ltr'><strong>ratores</strong></span> <span class='ocrx_word' id='word_1_517' title='bbox 2134 2575 2225 2644; x_wconf 90' lang='lat' dir='ltr'><strong>qui</strong></span> <span class='ocrx_word' id='word_1_518' title='bbox 2274 2575 2509 2631; x_wconf 82' lang='lat' dir='ltr'><strong>victores</strong></span> <span class='ocrx_word' id='word_1_519' title='bbox 2550 2577 2901 2639; x_wconf 77' lang='lat' dir='ltr'><strong>exstiteruut,</strong></span> <span class='ocrx_word' id='word_1_520' title='bbox 2960 2590 3068 2630; x_wconf 92' lang='lat' dir='ltr'><strong>non</strong></span> <span class='ocrx_word' id='word_1_521' title='bbox 3105 2583 3335 2639; x_wconf 89' lang='lat' dir='ltr'><strong>stantes,</strong></span> <span class='ocrx_word' id='word_1_522' title='bbox 3370 2575 3465 2630; x_wconf 87' lang='lat' dir='ltr'><strong>sed</strong></span> 
     </span>
    </p>
   </div>
   <div class='ocr_carea' id='block_1_70' title="bbox 1884 2667 3465 2740">
    <p class='ocr_par' dir='ltr' id='par_1_70' title="bbox 1884 2667 3465 2740">
     <span class='ocr_line' id='line_1_70' title="bbox 1884 2667 3465 2740; baseline 0.003 -20"><span class='ocrx_word' id='word_1_523' title='bbox 1884 2667 2134 2722; x_wconf 89' lang='lat' dir='ltr'><strong>deorsum</strong></span> <span class='ocrx_word' id='word_1_524' title='bbox 2162 2670 2451 2725; x_wconf 87' lang='lat' dir='ltr'><strong>adorantes</strong></span> <span class='ocrx_word' id='word_1_525' title='bbox 2480 2684 2743 2725; x_wconf 90' lang='lat' dir='ltr'><strong>coronam</strong></span> <span class='ocrx_word' id='word_1_526' title='bbox 2783 2669 3081 2740; x_wconf 89' lang='lat' dir='ltr'><strong>accipiunt.</strong></span> <span class='ocrx_word' id='word_1_527' title='bbox 3111 2667 3204 2723; x_wconf 90' lang='lat' dir='ltr'><strong>Sic</strong></span> <span class='ocrx_word' id='word_1_528' title='bbox 3233 2683 3465 2739; x_wconf 87' lang='lat' dir='ltr'><strong>namque</strong></span> 
     </span>
    </p>
   </div>
   <div class='ocr_carea' id='block_1_71' title="bbox 1883 2758 3465 2831">
    <p class='ocr_par' dir='ltr' id='par_1_71' title="bbox 1883 2758 3465 2831">
     <span class='ocr_line' id='line_1_71' title="bbox 1883 2758 3465 2831; baseline 0.002 -20"><span class='ocrx_word' id='word_1_529' title='bbox 1883 2767 1938 2812; x_wconf 92' lang='lat' dir='ltr'><strong>et</strong></span> <span class='ocrx_word' id='word_1_530' title='bbox 1981 2759 2176 2814; x_wconf 89' lang='lat' dir='ltr'><strong>beatus</strong></span> <span class='ocrx_word' id='word_1_531' title='bbox 2204 2758 2307 2815; x_wconf 83' lang='lat' dir='ltr'><strong>Job</strong></span> <span class='ocrx_word' id='word_1_532' title='bbox 2357 2760 2409 2814; x_wconf 91' lang='lat' dir='ltr'><strong>in</strong></span> <span class='ocrx_word' id='word_1_533' title='bbox 2456 2763 2626 2831; x_wconf 88' lang='lat' dir='ltr'><strong>prima</strong></span> <span class='ocrx_word' id='word_1_534' title='bbox 2658 2761 2951 2816; x_wconf 87' lang='lat' dir='ltr'><strong>tentatione</strong></span> <span class='ocrx_word' id='word_1_535' title='bbox 2976 2776 3139 2830; x_wconf 86' lang='lat' dir='ltr'><strong>quam</strong></span> <span class='ocrx_word' id='word_1_536' title='bbox 3172 2774 3270 2829; x_wconf 85' lang='lat' dir='ltr'><strong>per</strong></span> <span class='ocrx_word' id='word_1_537' title='bbox 3301 2775 3465 2829; x_wconf 75' lang='lat' dir='ltr'><strong>pecu-</strong></span> 
     </span>
    </p>
   </div>
   <div class='ocr_carea' id='block_1_72' title="bbox 1882 2849 3463 2921">
    <p class='ocr_par' dir='ltr' id='par_1_72' title="bbox 1882 2849 3463 2921">
     <span class='ocr_line' id='line_1_72' title="bbox 1882 2849 3463 2921; baseline 0.001 -17"><span class='ocrx_word' id='word_1_538' title='bbox 1882 2849 2010 2904; x_wconf 87' lang='lat' dir='ltr'><strong>lium</strong></span> <span class='ocrx_word' id='word_1_539' title='bbox 2044 2861 2209 2921; x_wconf 88' lang='lat' dir='ltr'><strong>atque</strong></span> <span class='ocrx_word' id='word_1_540' title='bbox 2247 2850 2389 2906; x_wconf 85' lang='lat' dir='ltr'><strong>filios</strong></span> <span class='ocrx_word' id='word_1_541' title='bbox 2417 2856 2693 2908; x_wconf 88' lang='lat' dir='ltr'><strong>sustinens</strong></span> <span class='ocrx_word' id='word_1_542' title='bbox 2723 2852 3007 2908; x_wconf 87' lang='lat' dir='ltr'><strong>victoriam</strong></span> <span class='ocrx_word' id='word_1_543' title='bbox 3038 2854 3103 2907; x_wconf 89' lang='lat' dir='ltr'><strong>de</strong></span> <span class='ocrx_word' id='word_1_544' title='bbox 3146 2854 3463 2908; x_wconf 85' lang='lat' dir='ltr'><strong>adversario</strong></span> 
     </span>
    </p>
   </div>
   <div class='ocr_carea' id='block_1_73' title="bbox 1882 2944 3463 3016">
    <p class='ocr_par' dir='ltr' id='par_1_73' title="bbox 1882 2944 3463 3016">
     <span class='ocr_line' id='line_1_73' title="bbox 1882 2944 3463 3016; baseline 0.003 -20"><span class='ocrx_word' id='word_1_545' title='bbox 1882 2944 2187 3013; x_wconf 88' lang='lat' dir='ltr'><strong>acquisivit,</strong></span> <span class='ocrx_word' id='word_1_546' title='bbox 2240 2945 2307 2999; x_wconf 88' lang='lat' dir='ltr'><strong>ad</strong></span> <span class='ocrx_word' id='word_1_547' title='bbox 2335 2945 2635 3001; x_wconf 85' lang='lat' dir='ltr'><strong>orationem</strong></span> <span class='ocrx_word' id='word_1_548' title='bbox 2668 2961 2726 3001; x_wconf 89' lang='lat' dir='ltr'><strong>se</strong></span> <span class='ocrx_word' id='word_1_549' title='bbox 2760 2948 3071 3015; x_wconf 83' lang='lat' dir='ltr'><strong>prostravit,</strong></span> <span class='ocrx_word' id='word_1_550' title='bbox 3110 2954 3167 2998; x_wconf 93' lang='lat' dir='ltr'><strong>ut</strong></span> <span class='ocrx_word' id='word_1_551' title='bbox 3196 2946 3463 3016; x_wconf 87' lang='lat' dir='ltr'><strong>perfectas</strong></span> 
     </span>
    </p>
   </div>
   <div class='ocr_carea' id='block_1_74' title="bbox 1885 3023 3463 3106">
    <p class='ocr_par' dir='ltr' id='par_1_74' title="bbox 1885 3023 3463 3106">
     <span class='ocr_line' id='line_1_74' title="bbox 1885 3023 3463 3106; baseline 0.002 -18"><span class='ocrx_word' id='word_1_552' title='bbox 1885 3036 2187 3092; x_wconf 77' lang='lat' dir='ltr'><strong>tolerantia:</strong></span> <span class='ocrx_word' id='word_1_553' title='bbox 2238 3053 2352 3092; x_wconf 66' lang='lat' dir='ltr'><strong>suae</strong></span> <span class='ocrx_word' id='word_1_554' title='bbox 2405 3052 2435 3091; x_wconf 89' lang='lat' dir='ltr'><strong>a</strong></span> <span class='ocrx_word' id='word_1_555' title='bbox 2487 3037 2905 3106; x_wconf 86' lang='lat' dir='ltr'><strong>Deoacciperet</strong></span> <span class='ocrx_word' id='word_1_556' title='bbox 2932 3052 3179 3093; x_wconf 88' lang='lat' dir='ltr'><strong>coronas.</strong></span> <span class='ocrx_word' id='word_1_557' title='bbox 3245 3035 3326 3092; x_wconf 91' lang='lat' dir='ltr'><strong>Ob</strong></span> <span class='ocrx_word' id='word_1_558' title='bbox 3359 3023 3463 3094; x_wconf 82' lang='lat' dir='ltr'><strong>hoc</strong></span> 
     </span>
    </p>
   </div>
   <div class='ocr_carea' id='block_1_75' title="bbox 1883 3129 3461 3199">
    <p class='ocr_par' dir='ltr' id='par_1_75' title="bbox 1883 3129 3461 3199">
     <span class='ocr_line' id='line_1_75' title="bbox 1883 3129 3461 3199; baseline -0.002 -15"><span class='ocrx_word' id='word_1_559' title='bbox 1883 3144 2012 3199; x_wconf 91' lang='lat' dir='ltr'><strong>ergo</strong></span> <span class='ocrx_word' id='word_1_560' title='bbox 2056 3132 2349 3199; x_wconf 89' lang='lat' dir='ltr'><strong>prostravit</strong></span> <span class='ocrx_word' id='word_1_561' title='bbox 2398 3145 2455 3184; x_wconf 83' lang='lat' dir='ltr'><strong>se</strong></span> <span class='ocrx_word' id='word_1_562' title='bbox 2500 3139 2554 3183; x_wconf 91' lang='lat' dir='ltr'><strong>et</strong></span> <span class='ocrx_word' id='word_1_563' title='bbox 2606 3130 2781 3184; x_wconf 87' lang='lat' dir='ltr'><strong>oravit</strong></span> <span class='ocrx_word' id='word_1_564' title='bbox 2832 3130 2899 3183; x_wconf 87' lang='lat' dir='ltr'><strong>ad</strong></span> <span class='ocrx_word' id='word_1_565' title='bbox 2943 3129 3253 3183; x_wconf 76' lang='lat' dir='ltr'><strong>Dominum.</strong></span> <span class='ocrx_word' id='word_1_566' title='bbox 3287 3130 3461 3195; x_wconf 82' lang='lat' dir='ltr'><strong>Quem</strong></span> 
     </span>
    </p>
   </div>
   <div class='ocr_carea' id='block_1_76' title="bbox 1884 3222 3463 3292">
    <p class='ocr_par' dir='ltr' id='par_1_76' title="bbox 1884 3222 3463 3292">
     <span class='ocr_line' id='line_1_76' title="bbox 1884 3222 3463 3292; baseline -0.001 -17"><span class='ocrx_word' id='word_1_567' title='bbox 1884 3236 2004 3275; x_wconf 87' lang='lat' dir='ltr'><strong>cum</strong></span> <span class='ocrx_word' id='word_1_568' title='bbox 2041 3232 2374 3291; x_wconf 86' lang='lat' dir='ltr'><strong>prostratum</strong></span> <span class='ocrx_word' id='word_1_569' title='bbox 2408 3223 2616 3277; x_wconf 83' lang='lat' dir='ltr'><strong>videret</strong></span> <span class='ocrx_word' id='word_1_570' title='bbox 2649 3222 2917 3287; x_wconf 89' lang='lat' dir='ltr'><strong>diabolus,</strong></span> <span class='ocrx_word' id='word_1_571' title='bbox 2957 3223 3177 3292; x_wconf 75' lang='lat' dir='ltr'><strong>gavis‘us</strong></span> <span class='ocrx_word' id='word_1_572' title='bbox 3205 3232 3288 3277; x_wconf 88' lang='lat' dir='ltr'><strong>est</strong></span> <span class='ocrx_word' id='word_1_573' title='bbox 3308 3223 3463 3276; x_wconf 85' lang='lat' dir='ltr'><strong>valde</strong></span> 
     </span>
    </p>
   </div>
   <div class='ocr_carea' id='block_1_77' title="bbox 1884 3312 3463 3384">
    <p class='ocr_par' dir='ltr' id='par_1_77' title="bbox 1884 3312 3463 3384">
     <span class='ocr_line' id='line_1_77' title="bbox 1884 3312 3463 3384; baseline 0.001 -17"><span class='ocrx_word' id='word_1_574' title='bbox 1884 3312 2070 3368; x_wconf 82' lang='lat' dir='ltr'><strong>infelix</strong></span> <span class='ocrx_word' id='word_1_575' title='bbox 2105 3332 2118 3368; x_wconf 90' lang='lat'>:</span> <span class='ocrx_word' id='word_1_576' title='bbox 2153 3330 2276 3368; x_wconf 92' lang='lat' dir='ltr'><strong>cum</strong></span> <span class='ocrx_word' id='word_1_577' title='bbox 2306 3325 2484 3369; x_wconf 89' lang='lat' dir='ltr'><strong>autem</strong></span> <span class='ocrx_word' id='word_1_578' title='bbox 2517 3317 2847 3373; x_wconf 86' lang='lat' dir='ltr'><strong>adorantem.</strong></span> <span class='ocrx_word' id='word_1_579' title='bbox 2889 3325 3051 3384; x_wconf 89' lang='lat' dir='ltr'><strong>atque</strong></span> <span class='ocrx_word' id='word_1_580' title='bbox 3089 3324 3333 3369; x_wconf 79' lang='lat' dir='ltr'><strong>orantem</strong></span> <span class='ocrx_word' id='word_1_581' title='bbox 3368 3331 3463 3368; x_wconf 83' lang='lat' dir='ltr'><strong>au-</strong></span> 
     </span>
    </p>
   </div>
   <div class='ocr_carea' id='block_1_78' title="bbox 1886 3405 3458 3477">
    <p class='ocr_par' dir='ltr' id='par_1_78' title="bbox 1886 3405 3458 3477">
     <span class='ocr_line' id='line_1_78' title="bbox 1886 3405 3458 3477; baseline -0.003 -16"><span class='ocrx_word' id='word_1_582' title='bbox 1886 3407 2368 3476; x_wconf 90' lang='lat' dir='ltr'><strong>disset,obstupuit</strong></span> <span class='ocrx_word' id='word_1_583' title='bbox 2409 3416 2575 3477; x_wconf 89' lang='lat' dir='ltr'><strong>atque</strong></span> <span class='ocrx_word' id='word_1_584' title='bbox 2600 3408 2817 3475; x_wconf 83' lang='lat' dir='ltr'><strong>expavit</strong></span> <span class='ocrx_word' id='word_1_585' title='bbox 2847 3425 2861 3460; x_wconf 89' lang='lat'><strong>:</strong></span> <span class='ocrx_word' id='word_1_586' title='bbox 2896 3405 3225 3470; x_wconf 73' lang='lat' dir='ltr'><strong>Prostratus,</strong></span> <span class='ocrx_word' id='word_1_587' title='bbox 3263 3408 3458 3476; x_wconf 88' lang='lat' dir='ltr'><strong>inquit,</strong></span> 
     </span>
    </p>
   </div>
   <div class='ocr_carea' id='block_1_79' title="bbox 1882 3498 3460 3568">
    <p class='ocr_par' dir='ltr' id='par_1_79' title="bbox 1882 3498 3460 3568">
     <span class='ocr_line' id='line_1_79' title="bbox 1882 3498 3460 3568; baseline -0.002 -16"><span class='ocrx_word' id='word_1_588' title='bbox 1882 3500 2046 3557; x_wconf 78' lang='lat' dir='ltr'><strong>oravit</strong></span> <span class='ocrx_word' id='word_1_589' title='bbox 2073 3502 2141 3553; x_wconf 82' lang='lat' dir='ltr'><strong>ad</strong></span> <span class='ocrx_word' id='word_1_590' title='bbox 2179 3499 2480 3554; x_wconf 83' lang='lat' dir='ltr'><strong>Dominum.</strong></span> <span class='ocrx_word' id='word_1_591' title='bbox 2499 3499 2600 3554; x_wconf 84' lang='lat' dir='ltr'><strong>Job</strong></span> <span class='ocrx_word' id='word_1_592' title='bbox 2622 3510 2925 3568; x_wconf 86' lang='lat' dir='ltr'><strong>prostratus</strong></span> <span class='ocrx_word' id='word_1_593' title='bbox 2951 3498 3145 3567; x_wconf 86' lang='lat' dir='ltr'><strong>dejeeit</strong></span> <span class='ocrx_word' id='word_1_594' title='bbox 3167 3499 3460 3563; x_wconf 89' lang='lat' dir='ltr'><strong>diabolum,</strong></span> 
     </span>
    </p>
   </div>
   <div class='ocr_carea' id='block_1_80' title="bbox 1885 3588 3464 3662">
    <p class='ocr_par' dir='ltr' id='par_1_80' title="bbox 1885 3588 3464 3662">
     <span class='ocr_line' id='line_1_80' title="bbox 1885 3588 3464 3662; baseline -0.001 -18"><span class='ocrx_word' id='word_1_595' title='bbox 1885 3593 2050 3645; x_wconf 90' lang='lat' dir='ltr'><strong>altum</strong></span> <span class='ocrx_word' id='word_1_596' title='bbox 2090 3594 2418 3657; x_wconf 88' lang='lat' dir='ltr'><strong>humiliavit,</strong></span> <span class='ocrx_word' id='word_1_597' title='bbox 2450 3594 2746 3647; x_wconf 84' lang='lat' dir='ltr'><strong>exaltatqu</strong></span> <span class='ocrx_word' id='word_1_598' title='bbox 2799 3592 3187 3662; x_wconf 88' lang='lat' dir='ltr'><strong>supplantavit,</strong></span> <span class='ocrx_word' id='word_1_599' title='bbox 3221 3588 3464 3645; x_wconf 80' lang='lat' dir='ltr'><strong>cenludit</strong></span> 
     </span>
    </p>
   </div>
   <div class='ocr_carea' id='block_1_81' title="bbox 1884 3682 3462 3752">
    <p class='ocr_par' dir='ltr' id='par_1_81' title="bbox 1884 3682 3462 3752">
     <span class='ocr_line' id='line_1_81' title="bbox 1884 3682 3462 3752; baseline -0.001 -16"><span class='ocrx_word' id='word_1_600' title='bbox 1884 3685 2102 3748; x_wconf 89' lang='lat' dir='ltr'><strong>fortem,</strong></span> <span class='ocrx_word' id='word_1_601' title='bbox 2145 3684 2472 3739; x_wconf 83' lang='lat' dir='ltr'><strong>deformavit</strong></span> <span class='ocrx_word' id='word_1_602' title='bbox 2506 3686 2729 3740; x_wconf 88' lang='lat' dir='ltr'><strong>clatum.</strong></span> <span class='ocrx_word' id='word_1_603' title='bbox 2770 3682 2946 3752; x_wconf 87' lang='lat' dir='ltr'><strong>Super</strong></span> <span class='ocrx_word' id='word_1_604' title='bbox 2982 3684 3097 3737; x_wconf 74' lang='lat' dir='ltr'><strong>lucc</strong></span> <span class='ocrx_word' id='word_1_605' title='bbox 3129 3691 3311 3736; x_wconf 89' lang='lat' dir='ltr'><strong>autem</strong></span> <span class='ocrx_word' id='word_1_606' title='bbox 3344 3698 3462 3735; x_wconf 90' lang='lat' dir='ltr'><strong>om-</strong></span> 
     </span>
    </p>
   </div>
   <div class='ocr_carea' id='block_1_82' title="bbox 1884 3775 3459 3847">
    <p class='ocr_par' dir='ltr' id='par_1_82' title="bbox 1884 3775 3459 3847">
     <span class='ocr_line' id='line_1_82' title="bbox 1884 3775 3459 3847; baseline -0.003 -16"><span class='ocrx_word' id='word_1_607' title='bbox 1884 3777 1994 3842; x_wconf 91' lang='lat' dir='ltr'><strong>nia,</strong></span> <span class='ocrx_word' id='word_1_608' title='bbox 2027 3779 2167 3847; x_wconf 85' lang='lat' dir='ltr'><strong>quod</strong></span> <span class='ocrx_word' id='word_1_609' title='bbox 2202 3778 2457 3833; x_wconf 88' lang='lat' dir='ltr'><strong>oumibus</strong></span> <span class='ocrx_word' id='word_1_610' title='bbox 2509 3778 2682 3845; x_wconf 86' lang='lat' dir='ltr'><strong>majus</strong></span> <span class='ocrx_word' id='word_1_611' title='bbox 2723 3788 2886 3847; x_wconf 90' lang='lat' dir='ltr'><strong>atque</strong></span> <span class='ocrx_word' id='word_1_612' title='bbox 2909 3775 3158 3846; x_wconf 87' lang='lat' dir='ltr'><strong>superius</strong></span> <span class='ocrx_word' id='word_1_613' title='bbox 3197 3782 3303 3839; x_wconf 89' lang='lat' dir='ltr'><strong>est,</strong></span> <span class='ocrx_word' id='word_1_614' title='bbox 3336 3787 3459 3828; x_wconf 91' lang='lat' dir='ltr'><strong>cum</strong></span> 
     </span>
    </p>
   </div>
   <div class='ocr_carea' id='block_1_83' title="bbox 1883 3867 3459 3938">
    <p class='ocr_par' dir='ltr' id='par_1_83' title="bbox 1883 3867 3459 3938">
     <span class='ocr_line' id='line_1_83' title="bbox 1883 3867 3459 3938; baseline -0.001 -13"><span class='ocrx_word' id='word_1_615' title='bbox 1883 3885 1977 3925; x_wconf 91' lang='lat' dir='ltr'><strong>sua</strong></span> <span class='ocrx_word' id='word_1_616' title='bbox 2014 3869 2382 3938; x_wconf 88' lang='lat' dir='ltr'><strong>prostratione</strong></span> <span class='ocrx_word' id='word_1_617' title='bbox 2405 3867 2508 3925; x_wconf 82' lang='lat' dir='ltr'><strong>Job</strong></span> <span class='ocrx_word' id='word_1_618' title='bbox 2547 3868 2819 3923; x_wconf 88' lang='lat' dir='ltr'><strong>diabolum</strong></span> <span class='ocrx_word' id='word_1_619' title='bbox 2853 3867 3077 3938; x_wconf 81' lang='lat' dir='ltr'><strong>dejecit,</strong></span> <span class='ocrx_word' id='word_1_620' title='bbox 3095 3877 3152 3922; x_wconf 90' lang='lat' dir='ltr'><strong>et</strong></span> <span class='ocrx_word' id='word_1_621' title='bbox 3195 3881 3293 3921; x_wconf 89' lang='lat' dir='ltr'><strong>sua</strong></span> <span class='ocrx_word' id='word_1_622' title='bbox 3323 3867 3459 3923; x_wconf 84' lang='lat' dir='ltr'><strong>tole-</strong></span> 
     </span>
    </p>
   </div>
   <div class='ocr_carea' id='block_1_84' title="bbox 1883 3958 3464 4029">
    <p class='ocr_par' dir='ltr' id='par_1_84' title="bbox 1883 3958 3464 4029">
     <span class='ocr_line' id='line_1_84' title="bbox 1883 3958 3464 4029; baseline 0.001 -15"><span class='ocrx_word' id='word_1_623' title='bbox 1883 3961 2060 4014; x_wconf 89' lang='lat' dir='ltr'><strong>rantia</strong></span> <span class='ocrx_word' id='word_1_624' title='bbox 2111 3960 2502 4029; x_wconf 89' lang='lat' dir='ltr'><strong>nequissimum</strong></span> <span class='ocrx_word' id='word_1_625' title='bbox 2545 3969 2786 4029; x_wconf 86' lang='lat' dir='ltr'><strong>superat,</strong></span> <span class='ocrx_word' id='word_1_626' title='bbox 2823 3960 3051 4015; x_wconf 87' lang='lat' dir='ltr'><strong>formam</strong></span> <span class='ocrx_word' id='word_1_627' title='bbox 3084 3958 3464 4028; x_wconf 82' lang='lat' dir='ltr'><strong>ostenditejus</strong></span> 
     </span>
    </p>
   </div>
   <div class='ocr_carea' id='block_1_85' title="bbox 1840 4049 3455 4121">
    <p class='ocr_par' dir='ltr' id='par_1_85' title="bbox 1840 4049 3455 4121">
     <span class='ocr_line' id='line_1_85' title="bbox 1840 4049 3455 4121; baseline 0 -17"><span class='ocrx_word' id='word_1_628' title='bbox 1840 4089 1846 4094; x_wconf 70' lang='lat'><strong>.</strong></span> <span class='ocrx_word' id='word_1_629' title='bbox 1881 4050 2069 4120; x_wconf 88' lang='lat' dir='ltr'><strong>quide</strong></span> <span class='ocrx_word' id='word_1_630' title='bbox 2090 4050 2231 4106; x_wconf 84' lang='lat' dir='ltr'><strong>ccelo</strong></span> <span class='ocrx_word' id='word_1_631' title='bbox 2258 4049 2405 4106; x_wconf 85' lang='lat' dir='ltr'><strong>venit</strong></span> <span class='ocrx_word' id='word_1_632' title='bbox 2435 4052 2572 4121; x_wconf 80' lang='lat' dir='ltr'><strong>:qui</strong></span> <span class='ocrx_word' id='word_1_633' title='bbox 2611 4061 2669 4104; x_wconf 87' lang='lat' dir='ltr'><strong>ut</strong></span> <span class='ocrx_word' id='word_1_634' title='bbox 2713 4067 2938 4120; x_wconf 86' lang='lat' dir='ltr'><strong>granum</strong></span> <span class='ocrx_word' id='word_1_635' title='bbox 2969 4050 3134 4105; x_wconf 88' lang='lat' dir='ltr'><strong>tritici</strong></span> <span class='ocrx_word' id='word_1_636' title='bbox 3173 4049 3227 4104; x_wconf 90' lang='lat' dir='ltr'><strong>in</strong></span> <span class='ocrx_word' id='word_1_637' title='bbox 3255 4060 3455 4105; x_wconf 88' lang='lat' dir='ltr'><strong>terram</strong></span> 
     </span>
    </p>
   </div>
   <div class='ocr_carea' id='block_1_86' title="bbox 1880 4141 3459 4214">
    <p class='ocr_par' dir='ltr' id='par_1_86' title="bbox 1880 4141 3459 4214">
     <span class='ocr_line' id='line_1_86' title="bbox 1880 4141 3459 4214; baseline 0.001 -19"><span class='ocrx_word' id='word_1_638' title='bbox 1880 4142 2077 4197; x_wconf 84' lang='lat' dir='ltr'><strong>cadens</strong></span> <span class='ocrx_word' id='word_1_639' title='bbox 2110 4141 2377 4200; x_wconf 86' lang='lat' dir='ltr'><strong>diabolum</strong></span> <span class='ocrx_word' id='word_1_640' title='bbox 2407 4143 2623 4213; x_wconf 87' lang='lat' dir='ltr'><strong>dejecit,</strong></span> <span class='ocrx_word' id='word_1_641' title='bbox 2654 4153 2709 4198; x_wconf 93' lang='lat' dir='ltr'><strong>et</strong></span> <span class='ocrx_word' id='word_1_642' title='bbox 2738 4144 2930 4200; x_wconf 84' lang='lat' dir='ltr'><strong>fortem</strong></span> <span class='ocrx_word' id='word_1_643' title='bbox 2962 4142 3226 4214; x_wconf 86' lang='lat' dir='ltr'><strong>alligavit,</strong></span> <span class='ocrx_word' id='word_1_644' title='bbox 3249 4153 3303 4197; x_wconf 89' lang='lat' dir='ltr'><strong>et</strong></span> <span class='ocrx_word' id='word_1_645' title='bbox 3332 4158 3459 4197; x_wconf 82' lang='lat' dir='ltr'><strong>Vasa</strong></span> 
     </span>
    </p>
   </div>
   <div class='ocr_carea' id='block_1_87' title="bbox 1881 4233 3462 4306">
    <p class='ocr_par' dir='ltr' id='par_1_87' title="bbox 1881 4233 3462 4306">
     <span class='ocr_line' id='line_1_87' title="bbox 1881 4233 3462 4306; baseline 0.001 -17"><span class='ocrx_word' id='word_1_646' title='bbox 1881 4233 1997 4303; x_wconf 90' lang='lat' dir='ltr'><strong>ejus</strong></span> <span class='ocrx_word' id='word_1_647' title='bbox 2031 4234 2270 4305; x_wconf 88' lang='lat' dir='ltr'><strong>diripuit,</strong></span> <span class='ocrx_word' id='word_1_648' title='bbox 2313 4243 2369 4288; x_wconf 90' lang='lat' dir='ltr'><strong>et</strong></span> <span class='ocrx_word' id='word_1_649' title='bbox 2416 4234 2603 4304; x_wconf 83' lang='lat' dir='ltr'><strong>spolia.</strong></span> <span class='ocrx_word' id='word_1_650' title='bbox 2641 4236 2857 4301; x_wconf 75' lang='lat' dir='ltr'><strong>divisit,</strong></span> <span class='ocrx_word' id='word_1_651' title='bbox 2904 4245 2956 4290; x_wconf 88' lang='lat' dir='ltr'><strong>et</strong></span> <span class='ocrx_word' id='word_1_652' title='bbox 3001 4236 3267 4306; x_wconf 90' lang='lat' dir='ltr'><strong>captivam</strong></span> <span class='ocrx_word' id='word_1_653' title='bbox 3307 4236 3462 4291; x_wconf 79' lang='lat' dir='ltr'><strong>duxit</strong></span> 
     </span>
    </p>
   </div>
   <div class='ocr_carea' id='block_1_88' title="bbox 1880 4325 3462 4399">
    <p class='ocr_par' dir='ltr' id='par_1_88' title="bbox 1880 4325 3462 4399">
     <span class='ocr_line' id='line_1_88' title="bbox 1880 4325 3462 4399; baseline 0.002 -18"><span class='ocrx_word' id='word_1_654' title='bbox 1880 4325 2274 4395; x_wconf 84' lang='lat' dir='ltr'><strong>captivitatem,</strong></span> <span class='ocrx_word' id='word_1_655' title='bbox 2322 4337 2377 4381; x_wconf 89' lang='lat' dir='ltr'><strong>et</strong></span> <span class='ocrx_word' id='word_1_656' title='bbox 2422 4329 2673 4396; x_wconf 84' lang='lat' dir='ltr'><strong>passione</strong></span> <span class='ocrx_word' id='word_1_657' title='bbox 2725 4337 2887 4399; x_wconf 74' lang='lat' dir='ltr'><strong>atque</strong></span> <span class='ocrx_word' id='word_1_658' title='bbox 2936 4328 3336 4382; x_wconf 86' lang='lat' dir='ltr'><strong>resurrectione</strong></span> <span class='ocrx_word' id='word_1_659' title='bbox 3365 4342 3462 4384; x_wconf 81' lang='lat' dir='ltr'><strong>sua</strong></span> 
     </span>
    </p>
   </div>
   <div class='ocr_carea' id='block_1_89' title="bbox 1883 4419 3459 4489">
    <p class='ocr_par' dir='ltr' id='par_1_89' title="bbox 1883 4419 3459 4489">
     <span class='ocr_line' id='line_1_89' title="bbox 1883 4419 3459 4489; baseline 0.003 -17"><span class='ocrx_word' id='word_1_660' title='bbox 1883 4420 2140 4475; x_wconf 85' lang='lat' dir='ltr'><strong>mundum</strong></span> <span class='ocrx_word' id='word_1_661' title='bbox 2199 4420 2451 4489; x_wconf 75' lang='lat' dir='ltr'><strong>redemit,</strong></span> <span class='ocrx_word' id='word_1_662' title='bbox 2483 4432 2649 4489; x_wconf 88' lang='lat' dir='ltr'><strong>atque</strong></span> <span class='ocrx_word' id='word_1_663' title='bbox 2673 4422 2929 4476; x_wconf 71' lang='lat' dir='ltr'><strong>saeculum</strong></span> <span class='ocrx_word' id='word_1_664' title='bbox 2963 4420 3213 4476; x_wconf 85' lang='lat' dir='ltr'><strong>salvavit.</strong></span> <span class='ocrx_word' id='word_1_665' title='bbox 3258 4419 3459 4475; x_wconf 82' lang='lat' dir='ltr'><strong>liorum</strong></span> 
     </span>
    </p>
   </div>
   <div class='ocr_carea' id='block_1_90' title="bbox 201 4511 3462 4598">
    <p class='ocr_par' dir='ltr' id='par_1_90' title="bbox 201 4511 3462 4598">
     <span class='ocr_line' id='line_1_90' title="bbox 201 4511 3462 4598; baseline 0.001 -33"><span class='ocrx_word' id='word_1_666' title='bbox 201 4527 300 4568; x_wconf 88' lang='lat' dir='ltr'><strong>non</strong></span> <span class='ocrx_word' id='word_1_667' title='bbox 350 4514 491 4571; x_wconf 82' lang='lat' dir='ltr'><strong>dixit</strong></span> <span class='ocrx_word' id='word_1_668' title='bbox 525 4527 587 4566; x_wconf 85' lang='lat' dir='ltr'><strong>ea</strong></span> <span class='ocrx_word' id='word_1_669' title='bbox 648 4526 765 4580; x_wconf 84' lang='lat' dir='ltr'><strong>quae</strong></span> <span class='ocrx_word' id='word_1_670' title='bbox 805 4511 1043 4574; x_wconf 84' lang='lat' dir='ltr'><strong>dicenda.</strong></span> <span class='ocrx_word' id='word_1_671' title='bbox 1092 4514 1231 4566; x_wconf 88' lang='lat' dir='ltr'><strong>ratio</strong></span> <span class='ocrx_word' id='word_1_672' title='bbox 1275 4512 1622 4581; x_wconf 78' lang='lat' dir='ltr'><strong>exposcebat,</strong></span> <span class='ocrx_word' id='word_1_673' title='bbox 1655 4526 1777 4581; x_wconf 74' lang='lat' dir='ltr'><strong>quae</strong></span> <span class='ocrx_word' id='word_1_674' title='bbox 1810 4544 1852 4598; x_wconf 71' lang='grc' dir='ltr'><strong>ι)</strong></span> <span class='ocrx_word' id='word_1_675' title='bbox 1883 4526 2115 4580; x_wconf 86' lang='lat' dir='ltr'><strong>namque</strong></span> <span class='ocrx_word' id='word_1_676' title='bbox 2151 4513 2390 4567; x_wconf 88' lang='lat' dir='ltr'><strong>onmiutn</strong></span> <span class='ocrx_word' id='word_1_677' title='bbox 2429 4513 2655 4568; x_wconf 88' lang='lat' dir='ltr'><strong>formam</strong></span> <span class='ocrx_word' id='word_1_678' title='bbox 2714 4526 2879 4581; x_wconf 84' lang='lat' dir='ltr'><strong>atque</strong></span> <span class='ocrx_word' id='word_1_679' title='bbox 2929 4513 3238 4583; x_wconf 84' lang='lat' dir='ltr'><strong>exemplum</strong></span> <span class='ocrx_word' id='word_1_680' title='bbox 3278 4525 3462 4569; x_wconf 83' lang='lat' dir='ltr'><strong>osten-</strong></span> 
     </span>
    </p>
   </div>
   <div class='ocr_carea' id='block_1_91' title="bbox 202 4605 1789 4675">
    <p class='ocr_par' dir='ltr' id='par_1_91' title="bbox 202 4605 1789 4675">
     <span class='ocr_line' id='line_1_91' title="bbox 202 4605 1789 4675; baseline -0.001 -14"><span class='ocrx_word' id='word_1_681' title='bbox 202 4624 340 4663; x_wconf 87' lang='lat' dir='ltr'><strong>nunc</strong></span> <span class='ocrx_word' id='word_1_682' title='bbox 368 4608 557 4665; x_wconf 88' lang='lat' dir='ltr'><strong>illicite</strong></span> <span class='ocrx_word' id='word_1_683' title='bbox 586 4606 774 4661; x_wconf 91' lang='lat' dir='ltr'><strong>dicunt</strong></span> <span class='ocrx_word' id='word_1_684' title='bbox 803 4606 1043 4675; x_wconf 90' lang='lat' dir='ltr'><strong>plurimi.</strong></span> <span class='ocrx_word' id='word_1_685' title='bbox 1097 4605 1205 4660; x_wconf 89' lang='lat' dir='ltr'><strong>Cur</strong></span> <span class='ocrx_word' id='word_1_686' title='bbox 1226 4605 1424 4660; x_wconf 92' lang='lat' dir='ltr'><strong>dedisti</strong></span> <span class='ocrx_word' id='word_1_687' title='bbox 1455 4606 1789 4673; x_wconf 87' lang='lat' dir='ltr'><strong>primo,_aut</strong></span> 
     </span>
    </p>
   </div>
   <div class='ocr_carea' id='block_1_92' title="bbox 203 4697 1780 4767">
    <p class='ocr_par' dir='ltr' id='par_1_92' title="bbox 203 4697 1780 4767">
     <span class='ocr_line' id='line_1_92' title="bbox 203 4697 1780 4767; baseline -0.003 -12"><span class='ocrx_word' id='word_1_688' title='bbox 203 4716 290 4755; x_wconf 89' lang='lat' dir='ltr'><strong>cur</strong></span> <span class='ocrx_word' id='word_1_689' title='bbox 338 4700 614 4757; x_wconf 87' lang='lat' dir='ltr'><strong>abstulisti</strong></span> <span class='ocrx_word' id='word_1_690' title='bbox 656 4699 855 4754; x_wconf 81' lang='lat' dir='ltr'><strong>modo?</strong></span> <span class='ocrx_word' id='word_1_691' title='bbox 906 4698 1018 4753; x_wconf 90' lang='lat' dir='ltr'><strong>Cur</strong></span> <span class='ocrx_word' id='word_1_692' title='bbox 1077 4697 1359 4753; x_wconf 86' lang='lat' dir='ltr'><strong>oblectasti</strong></span> <span class='ocrx_word' id='word_1_693' title='bbox 1416 4698 1614 4767; x_wconf 88' lang='lat' dir='ltr'><strong>primo,</strong></span> <span class='ocrx_word' id='word_1_694' title='bbox 1665 4697 1780 4751; x_wconf 90' lang='lat' dir='ltr'><strong>sive</strong></span> 
     </span>
    </p>
   </div>
   <div class='ocr_carea' id='block_1_93' title="bbox 205 4789 1782 4861">
    <p class='ocr_par' dir='ltr' id='par_1_93' title="bbox 205 4789 1782 4861">
     <span class='ocr_line' id='line_1_93' title="bbox 205 4789 1782 4861; baseline -0.003 -14"><span class='ocrx_word' id='word_1_695' title='bbox 205 4794 432 4861; x_wconf 86' lang='lat' dir='ltr'><strong>peculio,</strong></span> <span class='ocrx_word' id='word_1_696' title='bbox 465 4792 580 4846; x_wconf 88' lang='lat' dir='ltr'><strong>sive</strong></span> <span class='ocrx_word' id='word_1_697' title='bbox 629 4789 795 4846; x_wconf 79' lang='lat' dir='ltr'><strong>ﬁliis?</strong></span> <span class='ocrx_word' id='word_1_698' title='bbox 828 4790 910 4843; x_wconf 86' lang='lat' dir='ltr'><strong>vel</strong></span> <span class='ocrx_word' id='word_1_699' title='bbox 942 4804 1040 4845; x_wconf 89' lang='lat' dir='ltr'><strong>cur</strong></span> <span class='ocrx_word' id='word_1_700' title='bbox 1068 4790 1291 4860; x_wconf 90' lang='lat' dir='ltr'><strong>privasti</strong></span> <span class='ocrx_word' id='word_1_701' title='bbox 1320 4806 1462 4844; x_wconf 90' lang='lat' dir='ltr'><strong>nunc</strong></span> <span class='ocrx_word' id='word_1_702' title='bbox 1494 4790 1578 4845; x_wconf 90' lang='lat' dir='ltr'><strong>his</strong></span> <span class='ocrx_word' id='word_1_703' title='bbox 1604 4790 1782 4844; x_wconf 91' lang='lat' dir='ltr'><strong>omni-</strong></span> 
     </span>
    </p>
   </div>
   <div class='ocr_carea' id='block_1_94' title="bbox 208 4881 1778 4955">
    <p class='ocr_par' dir='ltr' id='par_1_94' title="bbox 208 4881 1778 4955">
     <span class='ocr_line' id='line_1_94' title="bbox 208 4881 1778 4955; baseline -0.003 -16"><span class='ocrx_word' id='word_1_704' title='bbox 208 4888 297 4940; x_wconf 88' lang='lat' dir='ltr'><strong>bus</strong></span> <span class='ocrx_word' id='word_1_705' title='bbox 327 4884 580 4955; x_wconf 80' lang='lat' dir='ltr'><strong>pariter?</strong></span> <span class='ocrx_word' id='word_1_706' title='bbox 629 4883 819 4938; x_wconf 80' lang='lat' dir='ltr'><strong>Melius</strong></span> <span class='ocrx_word' id='word_1_707' title='bbox 857 4890 981 4937; x_wconf 90' lang='lat' dir='ltr'><strong>erat</strong></span> <span class='ocrx_word' id='word_1_708' title='bbox 1032 4893 1092 4936; x_wconf 88' lang='lat' dir='ltr'><strong>ut</strong></span> <span class='ocrx_word' id='word_1_709' title='bbox 1126 4883 1349 4937; x_wconf 86' lang='lat' dir='ltr'><strong>omnino</strong></span> <span class='ocrx_word' id='word_1_710' title='bbox 1376 4897 1484 4938; x_wconf 91' lang='lat' dir='ltr'><strong>non</strong></span> <span class='ocrx_word' id='word_1_711' title='bbox 1510 4881 1778 4947; x_wconf 83' lang='lat' dir='ltr'><strong>dedisses,</strong></span> 
     </span>
    </p>
   </div>
   <div class='ocr_carea' id='block_1_95' title="bbox 206 4972 1780 5046">
    <p class='ocr_par' dir='ltr' id='par_1_95' title="bbox 206 4972 1780 5046">
     <span class='ocr_line' id='line_1_95' title="bbox 206 4972 1780 5046; baseline -0.003 -15"><span class='ocrx_word' id='word_1_712' title='bbox 206 4992 362 5046; x_wconf 88' lang='lat' dir='ltr'><strong>quam</strong></span> <span class='ocrx_word' id='word_1_713' title='bbox 421 4986 483 5031; x_wconf 89' lang='lat' dir='ltr'><strong>ut</strong></span> <span class='ocrx_word' id='word_1_714' title='bbox 534 4976 670 5030; x_wconf 87' lang='lat' dir='ltr'><strong>dans</strong></span> <span class='ocrx_word' id='word_1_715' title='bbox 712 4990 927 5028; x_wconf 90' lang='lat' dir='ltr'><strong>rursum</strong></span> <span class='ocrx_word' id='word_1_716' title='bbox 981 4974 1248 5028; x_wconf 89' lang='lat' dir='ltr'><strong>auferres.</strong></span> <span class='ocrx_word' id='word_1_717' title='bbox 1306 4972 1503 5027; x_wconf 91' lang='lat' dir='ltr'><strong>Utilius</strong></span> <span class='ocrx_word' id='word_1_718' title='bbox 1550 4982 1780 5028; x_wconf 72' lang='lat' dir='ltr'><strong>eratut</strong></span> 
     </span>
    </p>
   </div>
   <div class='ocr_carea' id='block_1_96' title="bbox 208 5064 1780 5134">
    <p class='ocr_par' dir='ltr' id='par_1_96' title="bbox 208 5064 1780 5134">
     <span class='ocr_line' id='line_1_96' title="bbox 208 5064 1780 5134; baseline 0 -16"><span class='ocrx_word' id='word_1_719' title='bbox 208 5068 418 5120; x_wconf 93' lang='lat' dir='ltr'><strong>omnino</strong></span> <span class='ocrx_word' id='word_1_720' title='bbox 465 5081 578 5121; x_wconf 92' lang='lat' dir='ltr'><strong>non</strong></span> <span class='ocrx_word' id='word_1_721' title='bbox 615 5065 950 5129; x_wconf 88' lang='lat' dir='ltr'><strong>ostenderes,</strong></span> <span class='ocrx_word' id='word_1_722' title='bbox 1008 5079 1170 5134; x_wconf 83' lang='lat' dir='ltr'><strong>quam</strong></span> <span class='ocrx_word' id='word_1_723' title='bbox 1208 5071 1266 5117; x_wconf 91' lang='lat' dir='ltr'><strong>ut</strong></span> <span class='ocrx_word' id='word_1_724' title='bbox 1315 5064 1552 5119; x_wconf 90' lang='lat' dir='ltr'><strong>ostensis</strong></span> <span class='ocrx_word' id='word_1_725' title='bbox 1604 5066 1780 5120; x_wconf 91' lang='lat' dir='ltr'><strong>denuo</strong></span> 
     </span>
    </p>
   </div>
   <div class='ocr_carea' id='block_1_97' title="bbox 211 5155 1793 5224">
    <p class='ocr_par' dir='ltr' id='par_1_97' title="bbox 211 5155 1793 5224">
     <span class='ocr_line' id='line_1_97' title="bbox 211 5155 1793 5224; baseline 0.001 -15"><span class='ocrx_word' id='word_1_726' title='bbox 211 5158 477 5213; x_wconf 88' lang='lat' dir='ltr'><strong>multares.</strong></span> <span class='ocrx_word' id='word_1_727' title='bbox 525 5158 633 5211; x_wconf 86' lang='lat' dir='ltr'><strong>Sed</strong></span> <span class='ocrx_word' id='word_1_728' title='bbox 702 5155 835 5211; x_wconf 89' lang='lat' dir='ltr'><strong>nihil</strong></span> <span class='ocrx_word' id='word_1_729' title='bbox 886 5157 1078 5211; x_wconf 90' lang='lat' dir='ltr'><strong>horum</strong></span> <span class='ocrx_word' id='word_1_730' title='bbox 1122 5156 1279 5223; x_wconf 83' lang='lat' dir='ltr'><strong>dixit,</strong></span> <span class='ocrx_word' id='word_1_731' title='bbox 1340 5169 1517 5224; x_wconf 92' lang='lat' dir='ltr'><strong>neque</strong></span> <span class='ocrx_word' id='word_1_732' title='bbox 1558 5155 1793 5211; x_wconf 72' lang='lat' dir='ltr'><strong>omnino.</strong></span> 
     </span>
    </p>
   </div>
   <div class='ocr_carea' id='block_1_98' title="bbox 208 5248 1781 5318">
    <p class='ocr_par' dir='ltr' id='par_1_98' title="bbox 208 5248 1781 5318">
     <span class='ocr_line' id='line_1_98' title="bbox 208 5248 1781 5318; baseline 0.001 -16"><span class='ocrx_word' id='word_1_733' title='bbox 208 5251 461 5318; x_wconf 83' lang='lat' dir='ltr'><strong>c0gitavit</strong></span> <span class='ocrx_word' id='word_1_734' title='bbox 502 5249 885 5305; x_wconf 85' lang='lat' dir='ltr'><strong>sanctissimus</strong></span> <span class='ocrx_word' id='word_1_735' title='bbox 939 5259 1103 5318; x_wconf 88' lang='lat' dir='ltr'><strong>atque</strong></span> <span class='ocrx_word' id='word_1_736' title='bbox 1154 5248 1628 5304; x_wconf 89' lang='lat' dir='ltr'><strong>constantissimus</strong></span> <span class='ocrx_word' id='word_1_737' title='bbox 1692 5248 1781 5303; x_wconf 90' lang='lat' dir='ltr'><strong>ille</strong></span> 
     </span>
    </p>
   </div>
   <div class='ocr_carea' id='block_1_99' title="bbox 206 5339 1768 5411">
    <p class='ocr_par' dir='ltr' id='par_1_99' title="bbox 206 5339 1768 5411">
     <span class='ocr_line' id='line_1_99' title="bbox 206 5339 1768 5411; baseline 0 -16"><span class='ocrx_word' id='word_1_738' title='bbox 206 5339 318 5408; x_wconf 79' lang='lat' dir='ltr'><strong>Job,</strong></span> <span class='ocrx_word' id='word_1_739' title='bbox 346 5359 450 5399; x_wconf 92' lang='lat' dir='ltr'><strong>non</strong></span> <span class='ocrx_word' id='word_1_740' title='bbox 478 5353 685 5405; x_wconf 84' lang='lat' dir='ltr'><strong>tantum</strong></span> <span class='ocrx_word' id='word_1_741' title='bbox 714 5352 774 5397; x_wconf 92' lang='lat' dir='ltr'><strong>ut</strong></span> <span class='ocrx_word' id='word_1_742' title='bbox 816 5353 1051 5397; x_wconf 90' lang='lat' dir='ltr'><strong>mentem</strong></span> <span class='ocrx_word' id='word_1_743' title='bbox 1081 5342 1452 5411; x_wconf 80' lang='lat' dir='ltr'><strong>refrigeraret,</strong></span> <span class='ocrx_word' id='word_1_744' title='bbox 1487 5342 1589 5397; x_wconf 92' lang='lat' dir='ltr'><strong>nisi</strong></span> <span class='ocrx_word' id='word_1_745' title='bbox 1642 5353 1768 5395; x_wconf 85' lang='lat' dir='ltr'><strong>tan-</strong></span> 
     </span>
    </p>
   </div>
   <div class='ocr_carea' id='block_1_100' title="bbox 212 5434 1773 5505">
    <p class='ocr_par' dir='ltr' id='par_1_100' title="bbox 212 5434 1773 5505">
     <span class='ocr_line' id='line_1_100' title="bbox 212 5434 1773 5505; baseline 0.003 -21"><span class='ocrx_word' id='word_1_746' title='bbox 212 5443 310 5490; x_wconf 91' lang='lat' dir='ltr'><strong>tum</strong></span> <span class='ocrx_word' id='word_1_747' title='bbox 345 5445 406 5489; x_wconf 88' lang='lat' dir='ltr'><strong>ut</strong></span> <span class='ocrx_word' id='word_1_748' title='bbox 432 5436 558 5505; x_wconf 87' lang='lat' dir='ltr'><strong>quia</strong></span> <span class='ocrx_word' id='word_1_749' title='bbox 590 5437 782 5504; x_wconf 90' lang='lat' dir='ltr'><strong>ingens</strong></span> <span class='ocrx_word' id='word_1_750' title='bbox 814 5436 966 5491; x_wconf 92' lang='lat' dir='ltr'><strong>dolor</strong></span> <span class='ocrx_word' id='word_1_751' title='bbox 989 5444 1110 5489; x_wconf 88' lang='lat' dir='ltr'><strong>erat</strong></span> <span class='ocrx_word' id='word_1_752' title='bbox 1144 5436 1245 5489; x_wconf 92' lang='lat' dir='ltr'><strong>hoc</strong></span> <span class='ocrx_word' id='word_1_753' title='bbox 1267 5436 1411 5505; x_wconf 88' lang='lat' dir='ltr'><strong>quod</strong></span> <span class='ocrx_word' id='word_1_754' title='bbox 1438 5434 1637 5488; x_wconf 85' lang='lat' dir='ltr'><strong>factum</strong></span> <span class='ocrx_word' id='word_1_755' title='bbox 1668 5445 1773 5498; x_wconf 89' lang='lat' dir='ltr'><strong>est,</strong></span> 
     </span>
    </p>
   </div>
   <div class='ocr_carea' id='block_1_101' title="bbox 212 5525 1774 5598">
    <p class='ocr_par' dir='ltr' id='par_1_101' title="bbox 212 5525 1774 5598">
     <span class='ocr_line' id='line_1_101' title="bbox 212 5525 1774 5598; baseline 0.001 -18"><span class='ocrx_word' id='word_1_756' title='bbox 212 5539 315 5594; x_wconf 61' lang='lat' dir='ltr'><strong>(tua:</strong></span> <span class='ocrx_word' id='word_1_757' title='bbox 348 5527 569 5598; x_wconf 86' lang='lat' dir='ltr'><strong>pertulit</strong></span> <span class='ocrx_word' id='word_1_758' title='bbox 595 5529 928 5589; x_wconf 87' lang='lat' dir='ltr'><strong>ostenderet.</strong></span> <span class='ocrx_word' id='word_1_759' title='bbox 968 5527 1157 5582; x_wconf 81' lang='lat' dir='ltr'><strong>Vestes</strong></span> <span class='ocrx_word' id='word_1_760' title='bbox 1180 5525 1471 5591; x_wconf 90' lang='lat' dir='ltr'><strong>conscidit,</strong></span> <span class='ocrx_word' id='word_1_761' title='bbox 1499 5537 1663 5594; x_wconf 87' lang='lat' dir='ltr'><strong>caput</strong></span> <span class='ocrx_word' id='word_1_762' title='bbox 1688 5536 1774 5582; x_wconf 89' lang='lat' dir='ltr'><strong>to-</strong></span> 
     </span>
    </p>
   </div>
   <div class='ocr_carea' id='block_1_102' title="bbox 211 5621 1771 5694">
    <p class='ocr_par' dir='ltr' id='par_1_102' title="bbox 211 5621 1771 5694">
     <span class='ocr_line' id='line_1_102' title="bbox 211 5621 1771 5694; baseline 0.002 -19"><span class='ocrx_word' id='word_1_763' title='bbox 211 5623 392 5689; x_wconf 81' lang='lat' dir='ltr'><strong>tondit,</strong></span> <span class='ocrx_word' id='word_1_764' title='bbox 424 5631 627 5682; x_wconf 83' lang='lat' dir='ltr'><strong>terram</strong></span> <span class='ocrx_word' id='word_1_765' title='bbox 661 5622 824 5694; x_wconf 81' lang='lat' dir='ltr'><strong>capiti</strong></span> <span class='ocrx_word' id='word_1_766' title='bbox 856 5638 954 5677; x_wconf 86' lang='lat' dir='ltr'><strong>suo</strong></span> <span class='ocrx_word' id='word_1_767' title='bbox 980 5623 1227 5691; x_wconf 86' lang='lat' dir='ltr'><strong>aspersit.</strong></span> <span class='ocrx_word' id='word_1_768' title='bbox 1248 5621 1351 5676; x_wconf 81' lang='lat' dir='ltr'><strong>Per</strong></span> <span class='ocrx_word' id='word_1_769' title='bbox 1374 5636 1492 5690; x_wconf 75' lang='lat' dir='ltr'><strong>qua:</strong></span> <span class='ocrx_word' id='word_1_770' title='bbox 1521 5621 1771 5678; x_wconf 79' lang='lat' dir='ltr'><strong>universa</strong></span> 
     </span>
    </p>
   </div>
   <div class='ocr_carea' id='block_1_103' title="bbox 278 5811 653 5880">
    <p class='ocr_par' dir='ltr' id='par_1_103' title="bbox 278 5811 653 5880">
     <span class='ocr_line' id='line_1_103' title="bbox 278 5811 653 5880; baseline 0.003 -12"><span class='ocrx_word' id='word_1_771' title='bbox 278 5811 327 5845; x_wconf 54' lang='grc' dir='ltr'>δι</span> <span class='ocrx_word' id='word_1_772' title='bbox 348 5812 443 5872; x_wconf 72' lang='lat' dir='ltr'><strong>loli</strong></span> <span class='ocrx_word' id='word_1_773' title='bbox 488 5830 526 5880; x_wconf 86' lang='grc' dir='ltr'><strong>ι,</strong></span> <span class='ocrx_word' id='word_1_774' title='bbox 564 5816 653 5871; x_wconf 70' lang='grc' dir='ltr'><strong>ΞΟ.</strong></span> 
     </span>
    </p>
   </div>
   <div class='ocr_carea' id='block_1_104' title="bbox 732 5813 1767 5885">
    <p class='ocr_par' dir='ltr' id='par_1_104' title="bbox 732 5813 1767 5885">
     <span class='ocr_line' id='line_1_104' title="bbox 732 5813 1767 5885; baseline 0.003 -16"><span class='ocrx_word' id='word_1_775' title='bbox 732 5814 776 5849; x_wconf 74' lang='grc'><strong>⁸⁸</strong></span> <span class='ocrx_word' id='word_1_776' title='bbox 811 5814 944 5871; x_wconf 82' lang='lat' dir='ltr'><strong>Gen.</strong></span> <span class='ocrx_word' id='word_1_777' title='bbox 985 5814 1247 5884; x_wconf 70' lang='lat' dir='ltr'><strong>xvnt,27.</strong></span> <span class='ocrx_word' id='word_1_778' title='bbox 1327 5814 1370 5848; x_wconf 69' lang='lat'><strong>“</strong></span> <span class='ocrx_word' id='word_1_779' title='bbox 1392 5813 1525 5873; x_wconf 88' lang='lat' dir='ltr'><strong>Gen.</strong></span> <span class='ocrx_word' id='word_1_780' title='bbox 1565 5832 1648 5885; x_wconf 76' lang='lat' dir='ltr'><strong>ur,</strong></span> <span class='ocrx_word' id='word_1_781' title='bbox 1684 5818 1767 5872; x_wconf 85' lang='lat' dir='ltr'><strong>l9.</strong></span> 
     </span>
    </p>
   </div>
   <div class='ocr_carea' id='block_1_105' title="bbox 1849 5814 2414 5885">
    <p class='ocr_par' dir='ltr' id='par_1_105' title="bbox 1849 5814 2414 5885">
     <span class='ocr_line' id='line_1_105' title="bbox 1849 5814 2414 5885; baseline -0.005 -11"><span class='ocrx_word' id='word_1_782' title='bbox 1849 5819 1891 5854; x_wconf 64' lang='lat'><strong>‘5</strong></span> <span class='ocrx_word' id='word_1_783' title='bbox 1922 5814 2055 5874; x_wconf 84' lang='lat' dir='ltr'><strong>Gcn.</strong></span> <span class='ocrx_word' id='word_1_784' title='bbox 2088 5830 2295 5885; x_wconf 72' lang='lat' dir='ltr'><strong>xxxvii,</strong></span> <span class='ocrx_word' id='word_1_785' title='bbox 2325 5814 2414 5871; x_wconf 71' lang='grc'><strong>55.</strong></span> 
     </span>
    </p>
   </div>
   <div class='ocr_carea' id='block_1_106' title="bbox 1884 4603 3463 4672">
    <p class='ocr_par' dir='ltr' id='par_1_106' title="bbox 1884 4603 3463 4672">
     <span class='ocr_line' id='line_1_106' title="bbox 1884 4603 3463 4672; baseline 0.003 -16"><span class='ocrx_word' id='word_1_786' title='bbox 1884 4603 2042 4668; x_wconf 90' lang='lat' dir='ltr'><strong>deus,</strong></span> <span class='ocrx_word' id='word_1_787' title='bbox 2080 4614 2201 4672; x_wconf 91' lang='lat' dir='ltr'><strong>post</strong></span> <span class='ocrx_word' id='word_1_788' title='bbox 2234 4606 2428 4659; x_wconf 89' lang='lat' dir='ltr'><strong>hormn</strong></span> <span class='ocrx_word' id='word_1_789' title='bbox 2463 4606 2700 4659; x_wconf 90' lang='lat' dir='ltr'><strong>omnium</strong></span> <span class='ocrx_word' id='word_1_790' title='bbox 2743 4605 3171 4660; x_wconf 88' lang='lat' dir='ltr'><strong>lamentabilium</strong></span> <span class='ocrx_word' id='word_1_791' title='bbox 3226 4606 3463 4661; x_wconf 89' lang='lat' dir='ltr'><strong>toleran-</strong></span> 
     </span>
    </p>
   </div>
   <div class='ocr_carea' id='block_1_107' title="bbox 1887 4698 3462 4766">
    <p class='ocr_par' dir='ltr' id='par_1_107' title="bbox 1887 4698 3462 4766">
     <span class='ocr_line' id='line_1_107' title="bbox 1887 4698 3462 4766; baseline 0.001 -17"><span class='ocrx_word' id='word_1_792' title='bbox 1887 4698 2016 4751; x_wconf 91' lang='lat' dir='ltr'><strong>tiam</strong></span> <span class='ocrx_word' id='word_1_793' title='bbox 2074 4706 2382 4766; x_wconf 81' lang='lat' dir='ltr'><strong>prostratus</strong></span> <span class='ocrx_word' id='word_1_794' title='bbox 2437 4698 2489 4751; x_wconf 93' lang='lat' dir='ltr'><strong>in</strong></span> <span class='ocrx_word' id='word_1_795' title='bbox 2535 4708 2676 4751; x_wconf 89' lang='lat' dir='ltr'><strong>terra</strong></span> <span class='ocrx_word' id='word_1_796' title='bbox 2718 4700 2895 4751; x_wconf 82' lang='lat' dir='ltr'><strong>oravit</strong></span> <span class='ocrx_word' id='word_1_797' title='bbox 2953 4700 3021 4751; x_wconf 86' lang='lat' dir='ltr'><strong>ad</strong></span> <span class='ocrx_word' id='word_1_798' title='bbox 3070 4700 3378 4765; x_wconf 88' lang='lat' dir='ltr'><strong>Dominum,</strong></span> <span class='ocrx_word' id='word_1_799' title='bbox 3405 4707 3462 4752; x_wconf 91' lang='lat' dir='ltr'><strong>ut</strong></span> 
     </span>
    </p>
   </div>
   <div class='ocr_carea' id='block_1_108' title="bbox 1883 4788 3465 4863">
    <p class='ocr_par' dir='ltr' id='par_1_108' title="bbox 1883 4788 3465 4863">
     <span class='ocr_line' id='line_1_108' title="bbox 1883 4788 3465 4863; baseline 0.003 -20"><span class='ocrx_word' id='word_1_800' title='bbox 1883 4790 2175 4859; x_wconf 88' lang='lat' dir='ltr'><strong>prostratio</strong></span> <span class='ocrx_word' id='word_1_801' title='bbox 2207 4789 2325 4859; x_wconf 78' lang='lat' dir='ltr'><strong>ejus</strong></span> <span class='ocrx_word' id='word_1_802' title='bbox 2352 4790 2508 4845; x_wconf 86' lang='lat' dir='ltr'><strong>ruina</strong></span> <span class='ocrx_word' id='word_1_803' title='bbox 2544 4788 2849 4845; x_wconf 72' lang='lat' dir='ltr'><strong>efﬁceretur</strong></span> <span class='ocrx_word' id='word_1_804' title='bbox 2880 4792 3094 4848; x_wconf 90' lang='lat' dir='ltr'><strong>diabolo</strong></span> <span class='ocrx_word' id='word_1_805' title='bbox 3145 4803 3308 4863; x_wconf 87' lang='lat' dir='ltr'><strong>atque</strong></span> <span class='ocrx_word' id='word_1_806' title='bbox 3335 4792 3465 4847; x_wconf 81' lang='lat' dir='ltr'><strong>sub-</strong></span> 
     </span>
    </p>
   </div>
   <div class='ocr_carea' id='block_1_109' title="bbox 1885 4881 3463 4955">
    <p class='ocr_par' dir='ltr' id='par_1_109' title="bbox 1885 4881 3463 4955">
     <span class='ocr_line' id='line_1_109' title="bbox 1885 4881 3463 4955; baseline 0.003 -21"><span class='ocrx_word' id='word_1_807' title='bbox 1885 4882 2090 4938; x_wconf 90' lang='lat' dir='ltr'><strong>versori</strong></span> <span class='ocrx_word' id='word_1_808' title='bbox 2126 4881 2385 4953; x_wconf 85' lang='lat' dir='ltr'><strong>maligno,</strong></span> <span class='ocrx_word' id='word_1_809' title='bbox 2421 4892 2477 4936; x_wconf 93' lang='lat' dir='ltr'><strong>et</strong></span> <span class='ocrx_word' id='word_1_810' title='bbox 2512 4882 2736 4953; x_wconf 84' lang='lat' dir='ltr'><strong>figuram</strong></span> <span class='ocrx_word' id='word_1_811' title='bbox 2777 4898 2871 4951; x_wconf 88' lang='lat' dir='ltr'><strong>per</strong></span> <span class='ocrx_word' id='word_1_812' title='bbox 2906 4887 3019 4939; x_wconf 80' lang='lat' dir='ltr'><strong>hzec</strong></span> <span class='ocrx_word' id='word_1_813' title='bbox 3070 4884 3123 4938; x_wconf 94' lang='lat' dir='ltr'><strong>iu</strong></span> <span class='ocrx_word' id='word_1_814' title='bbox 3152 4900 3211 4939; x_wconf 88' lang='lat' dir='ltr'><strong>se</strong></span> <span class='ocrx_word' id='word_1_815' title='bbox 3247 4894 3463 4955; x_wconf 86' lang='lat' dir='ltr'><strong>gereret</strong></span> 
     </span>
    </p>
   </div>
   <div class='ocr_carea' id='block_1_110' title="bbox 1887 4976 3460 5046">
    <p class='ocr_par' dir='ltr' id='par_1_110' title="bbox 1887 4976 3460 5046">
     <span class='ocr_line' id='line_1_110' title="bbox 1887 4976 3460 5046; baseline 0.001 -16"><span class='ocrx_word' id='word_1_816' title='bbox 1887 4977 2154 5046; x_wconf 84' lang='lat' dir='ltr'><strong>passionis</strong></span> <span class='ocrx_word' id='word_1_817' title='bbox 2198 4992 2262 5032; x_wconf 84' lang='lat' dir='ltr'><strong>ac</strong></span> <span class='ocrx_word' id='word_1_818' title='bbox 2296 4976 2714 5030; x_wconf 88' lang='lat' dir='ltr'><strong>resurrectionis</strong></span> <span class='ocrx_word' id='word_1_819' title='bbox 2747 4976 2980 5031; x_wconf 91' lang='lat' dir='ltr'><strong>Domini.</strong></span> <span class='ocrx_word' id='word_1_820' title='bbox 3019 4977 3353 5045; x_wconf 87' lang='lat' dir='ltr'><strong>Prostratus,</strong></span> <span class='ocrx_word' id='word_1_821' title='bbox 3386 4978 3460 5033; x_wconf 92' lang='lat' dir='ltr'><strong>in-</strong></span> 
     </span>
    </p>
   </div>
   <div class='ocr_carea' id='block_1_111' title="bbox 1885 5068 3461 5138">
    <p class='ocr_par' dir='ltr' id='par_1_111' title="bbox 1885 5068 3461 5138">
     <span class='ocr_line' id='line_1_111' title="bbox 1885 5068 3461 5138; baseline 0.001 -15"><span class='ocrx_word' id='word_1_822' title='bbox 1885 5068 2025 5138; x_wconf 89' lang='lat' dir='ltr'><strong>quit,</strong></span> <span class='ocrx_word' id='word_1_823' title='bbox 2048 5070 2221 5123; x_wconf 81' lang='lat' dir='ltr'><strong>oravit</strong></span> <span class='ocrx_word' id='word_1_824' title='bbox 2260 5069 2327 5122; x_wconf 88' lang='lat' dir='ltr'><strong>ad</strong></span> <span class='ocrx_word' id='word_1_825' title='bbox 2359 5069 2643 5122; x_wconf 89' lang='lat' dir='ltr'><strong>Dominum</strong></span> <span class='ocrx_word' id='word_1_826' title='bbox 2684 5085 2747 5123; x_wconf 86' lang='lat' dir='ltr'><strong>ex</strong></span> <span class='ocrx_word' id='word_1_827' title='bbox 2786 5078 2892 5121; x_wconf 88' lang='lat' dir='ltr'><strong>tota</strong></span> <span class='ocrx_word' id='word_1_828' title='bbox 2926 5069 3132 5131; x_wconf 84' lang='lat' dir='ltr'><strong>anima,</strong></span> <span class='ocrx_word' id='word_1_829' title='bbox 3166 5081 3220 5124; x_wconf 91' lang='lat' dir='ltr'><strong>et</strong></span> <span class='ocrx_word' id='word_1_830' title='bbox 3247 5086 3313 5124; x_wconf 83' lang='lat' dir='ltr'><strong>ex</strong></span> <span class='ocrx_word' id='word_1_831' title='bbox 3356 5080 3461 5124; x_wconf 85' lang='lat' dir='ltr'><strong>tota</strong></span> 
     </span>
    </p>
   </div>
   <div class='ocr_carea' id='block_1_112' title="bbox 1886 5162 3476 5241">
    <p class='ocr_par' dir='ltr' id='par_1_112' title="bbox 1886 5162 3476 5241">
     <span class='ocr_line' id='line_1_112' title="bbox 1886 5162 3476 5241; baseline 0.001 -25"><span class='ocrx_word' id='word_1_832' title='bbox 1886 5175 2084 5224; x_wconf 89' lang='lat' dir='ltr'><strong>mente,</strong></span> <span class='ocrx_word' id='word_1_833' title='bbox 2113 5171 2167 5215; x_wconf 84' lang='lat' dir='ltr'><strong>et</strong></span> <span class='ocrx_word' id='word_1_834' title='bbox 2198 5179 2264 5218; x_wconf 85' lang='lat' dir='ltr'><strong>ex</strong></span> <span class='ocrx_word' id='word_1_835' title='bbox 2295 5162 2475 5217; x_wconf 88' lang='lat' dir='ltr'><strong>cordis</strong></span> <span class='ocrx_word' id='word_1_836' title='bbox 2530 5163 2914 5229; x_wconf 84' lang='lat' dir='ltr'><strong>profunditatc.</strong></span> <span class='ocrx_word' id='word_1_837' title='bbox 2962 5164 3148 5217; x_wconf 87' lang='lat' dir='ltr'><strong>Oravit</strong></span> <span class='ocrx_word' id='word_1_838' title='bbox 3177 5163 3246 5217; x_wconf 91' lang='lat' dir='ltr'><strong>ad</strong></span> <span class='ocrx_word' id='word_1_839' title='bbox 3276 5165 3476 5241; x_wconf 63' lang='lat' dir='ltr'><strong>Donti-r</strong></span> 
     </span>
    </p>
   </div>
   <div class='ocr_carea' id='block_1_113' title="bbox 1886 5250 3477 5326">
    <p class='ocr_par' dir='ltr' id='par_1_113' title="bbox 1886 5250 3477 5326">
     <span class='ocr_line' id='line_1_113' title="bbox 1886 5250 3477 5326; baseline 0.002 -19"><span class='ocrx_word' id='word_1_840' title='bbox 1886 5270 2034 5307; x_wconf 92' lang='lat' dir='ltr'><strong>num.</strong></span> <span class='ocrx_word' id='word_1_841' title='bbox 2064 5254 2201 5321; x_wconf 86' lang='lat' dir='ltr'><strong>Quid</strong></span> <span class='ocrx_word' id='word_1_842' title='bbox 2244 5256 2457 5310; x_wconf 89' lang='lat' dir='ltr'><strong>oravit?</strong></span> <span class='ocrx_word' id='word_1_843' title='bbox 2484 5255 2873 5321; x_wconf 87' lang='lat' dir='ltr'><strong>Tolerantiam,</strong></span> <span class='ocrx_word' id='word_1_844' title='bbox 2909 5255 3303 5321; x_wconf 72' lang='lat' dir='ltr'><strong>suli‘erentiam,</strong></span> <span class='ocrx_word' id='word_1_845' title='bbox 3333 5250 3477 5326; x_wconf 55' lang='grc' dir='ltr'>(οη-ί</span> 
     </span>
    </p>
   </div>
   <div class='ocr_carea' id='block_1_114' title="bbox 1885 5342 3477 5415">
    <p class='ocr_par' dir='ltr' id='par_1_114' title="bbox 1885 5342 3477 5415">
     <span class='ocr_line' id='line_1_114' title="bbox 1885 5342 3477 5415; baseline -0.001 -14"><span class='ocrx_word' id='word_1_846' title='bbox 1885 5347 2322 5401; x_wconf 89' lang='lat' dir='ltr'><strong>smmuationem.</strong></span> <span class='ocrx_word' id='word_1_847' title='bbox 2352 5349 2540 5403; x_wconf 83' lang='lat' dir='ltr'><strong>Uravit</strong></span> <span class='ocrx_word' id='word_1_848' title='bbox 2579 5351 2644 5402; x_wconf 91' lang='lat' dir='ltr'><strong>ad</strong></span> <span class='ocrx_word' id='word_1_849' title='bbox 2678 5349 2986 5415; x_wconf 90' lang='lat' dir='ltr'><strong>Dominum,</strong></span> <span class='ocrx_word' id='word_1_850' title='bbox 3040 5363 3231 5403; x_wconf 87' lang='lat' dir='ltr'><strong>sensus</strong></span> <span class='ocrx_word' id='word_1_851' title='bbox 3284 5342 3477 5402; x_wconf 85' lang='lat' dir='ltr'><strong>illiba-&#39;</strong></span> 
     </span>
    </p>
   </div>
   <div class='ocr_carea' id='block_1_115' title="bbox 1891 5437 3482 5525">
    <p class='ocr_par' dir='ltr' id='par_1_115' title="bbox 1891 5437 3482 5525">
     <span class='ocr_line' id='line_1_115' title="bbox 1891 5437 3482 5525; baseline 0.002 -33"><span class='ocrx_word' id='word_1_852' title='bbox 1891 5440 2111 5503; x_wconf 91' lang='lat' dir='ltr'><strong>tionem,</strong></span> <span class='ocrx_word' id='word_1_853' title='bbox 2134 5443 2331 5497; x_wconf 80' lang='lat' dir='ltr'><strong>mentis</strong></span> <span class='ocrx_word' id='word_1_854' title='bbox 2365 5442 2756 5511; x_wconf 85' lang='lat' dir='ltr'><strong>integritatem,</strong></span> <span class='ocrx_word' id='word_1_855' title='bbox 2785 5442 2978 5497; x_wconf 76' lang='lat' dir='ltr'><strong>animte</strong></span> <span class='ocrx_word' id='word_1_856' title='bbox 3010 5441 3322 5500; x_wconf 86' lang='lat' dir='ltr'><strong>sanitatem.</strong></span> <span class='ocrx_word' id='word_1_857' title='bbox 3352 5437 3482 5525; x_wconf 39' lang='lat' dir='ltr'><strong>Hoc;</strong></span> 
     </span>
    </p>
   </div>
   <div class='ocr_carea' id='block_1_116' title="bbox 1888 5535 3491 5613">
    <p class='ocr_par' dir='ltr' id='par_1_116' title="bbox 1888 5535 3491 5613">
     <span class='ocr_line' id='line_1_116' title="bbox 1888 5535 3491 5613; baseline -0.003 -24"><span class='ocrx_word' id='word_1_858' title='bbox 1888 5549 2019 5604; x_wconf 89' lang='lat' dir='ltr'><strong>ergo</strong></span> <span class='ocrx_word' id='word_1_859' title='bbox 2052 5536 2227 5590; x_wconf 89' lang='lat' dir='ltr'><strong>oravit</strong></span> <span class='ocrx_word' id='word_1_860' title='bbox 2251 5536 2316 5590; x_wconf 88' lang='lat' dir='ltr'><strong>ad</strong></span> <span class='ocrx_word' id='word_1_861' title='bbox 2344 5535 2650 5601; x_wconf 89' lang='lat' dir='ltr'><strong>Dominum,</strong></span> <span class='ocrx_word' id='word_1_862' title='bbox 2686 5546 2971 5602; x_wconf 86' lang='lat' dir='ltr'><strong>utsauam,</strong></span> <span class='ocrx_word' id='word_1_863' title='bbox 3004 5535 3199 5606; x_wconf 91' lang='lat' dir='ltr'><strong>inquit,</strong></span> <span class='ocrx_word' id='word_1_864' title='bbox 3223 5538 3491 5613; x_wconf 34' lang='lat' dir='ltr'><strong>animam.</strong></span> 
     </span>
    </p>
   </div>
   <div class='ocr_carea' id='block_1_117' title="bbox 1891 5627 3461 5698">
    <p class='ocr_par' dir='ltr' id='par_1_117' title="bbox 1891 5627 3461 5698">
     <span class='ocr_line' id='line_1_117' title="bbox 1891 5627 3461 5698; baseline -0.002 -17"><span class='ocrx_word' id='word_1_865' title='bbox 1891 5644 2066 5683; x_wconf 89' lang='lat' dir='ltr'><strong>meam</strong></span> <span class='ocrx_word' id='word_1_866' title='bbox 2094 5640 2256 5698; x_wconf 85' lang='lat' dir='ltr'><strong>atque</strong></span> <span class='ocrx_word' id='word_1_867' title='bbox 2282 5628 2542 5686; x_wconf 85' lang='lat' dir='ltr'><strong>illibatum</strong></span> <span class='ocrx_word' id='word_1_868' title='bbox 2571 5644 2666 5685; x_wconf 89' lang='lat' dir='ltr'><strong>cor</strong></span> <span class='ocrx_word' id='word_1_869' title='bbox 2696 5641 2871 5684; x_wconf 84' lang='lat' dir='ltr'><strong>meum</strong></span> <span class='ocrx_word' id='word_1_870' title='bbox 2903 5629 3183 5686; x_wconf 78' lang='lat' dir='ltr'><strong>custodiat.</strong></span> <span class='ocrx_word' id='word_1_871' title='bbox 3204 5627 3461 5682; x_wconf 89' lang='lat' dir='ltr'><strong>Dominus</strong></span> 
     </span>
    </p>
   </div>
   <div class='ocr_carea' id='block_1_118' title="bbox 2521 5812 2873 5879">
    <p class='ocr_par' dir='ltr' id='par_1_118' title="bbox 2521 5812 2873 5879">
     <span class='ocr_line' id='line_1_118' title="bbox 2521 5812 2873 5879; baseline -0.003 -10"><span class='ocrx_word' id='word_1_872' title='bbox 2521 5814 2560 5845; x_wconf 63' lang='lat'><em>“</em></span> <span class='ocrx_word' id='word_1_873' title='bbox 2584 5812 2683 5869; x_wconf 81' lang='lat' dir='ltr'><strong>.l&#39;ob</strong></span> <span class='ocrx_word' id='word_1_874' title='bbox 2711 5831 2749 5879; x_wconf 76' lang='grc' dir='ltr'>ι,</span> <span class='ocrx_word' id='word_1_875' title='bbox 2781 5812 2873 5871; x_wconf 72' lang='lat'><strong>29.</strong></span> 
     </span>
    </p>
   </div>
  </div>
