1996 3156
106 197 152 226 Ml
666 193 859 222 ANONYMUS
876 192 910 220 lN
927 191 997 221 JOB.
1015 204 1049 211 -
1068 190 1133 219 LIB.
1151 191 1170 218 l‘.

1678 189 1733 218 M9.

106 262 180 287 «tant
199 263 308 288 omnes,
323 256 386 292 quia
407 256 478 284 idem
489 260 531 283 est
544 255 672 282 introitus
687 256 816 283 omnibus
827 276 835 289 ,
864 260 889 283 ct
906 257 927 285 Α
942 259 969 280 ιιι
989 253 1101 280 Domino
1116 251 1214 285 placuit
1239 251 1277 277 ita
1291 250 1389 284 [nolunt
1404 254 1451 281 est.
1467 250 1502 278 sit
1514 257 1609 277 nomen
1621 248 1728 276 Domini

105 304 192 332 exitus
207 303 315 335 similis,
332 303 390 330 sive
412 309 470 334 rex,
499 301 557 329 sive
579 301 706 334 t‘nnmlus,
723 302 781 329 sive
795 302 871 330 dives
883 322 892 335 ,

105 350 160 378 sive
172 356 286 384 egenus,
300 349 358 376 sive
374 356 497 382 magnus.
512 347 568 375 sive
585 348 699 383 pusillus
714 369 721 380 ,
737 349 797 376 sive
813 348 892 382 liber,

104 397 161 424 sive
174 402 282 428 servus,
310 395 397 422 ntulns
422 394 471 421 ibit
494 394 520 421 iu
540 399 653 426 terram.
671 402 720 422 nec
745 394 893 429 quidquam

104 442 175 470 valet
190 441 300 469 auferre
313 448 416 468 secum.
431 440 497 467 Nam
513 445 541 467 et
554 441 605 470 hoc
628 441 716 475 ipsum
732 441 804 475 quod
827 448 891 469 cum

104 495 218 523 corpore
233 487 357 519 mittitur,
375 495 427 515 non
444 487 549 514 auferet
566 494 671 515 secum.
685 486 741 514 Non
749 492 837 515 autem
854 495 895 515 se-

103 542 164 564 cum
182 533 246 561 illud
265 533 351 565 tollet,
377 533 440 568 quia
458 540 511 560 non
532 533 628 566 sentit,
643 533 711 567 quia
723 541 775 560 non
791 533 894 560 intelli-

102 580 150 615 git,
163 580 228 614 quia
246 584 317 606 terra
334 578 462 610 eﬁicitur,
481 579 546 613 quia
568 579 594 605 in
620 579 825 607 resurrectione
839 587 892 607 non

102 626 228 661 corporis
239 626 389 661 sepultura,
402 627 450 653 sed
462 625 560 652 animas
575 624 641 652 ﬁdes
657 629 685 652 et
701 626 796 660 pietas,
812 626 894 653 mise-

103 672 221 700 ricordia
251 679 360 706 quoque
386 676 413 699 et
439 671 583 699 sinceritas
608 671 767 705 requiritur.
796 670 893 699 Nudas

101 718 169 745 exivi
182 719 216 745 de
230 723 303 745 utero
319 718 414 747 matris
431 725 505 749 metu,
525 717 612 744 nudus
628 721 653 743 et
668 718 709 743 ibo
722 718 769 743 sub
785 723 892 744 terram.

101 764 245 800 Tanquam
276 765 298 792 si
329 764 433 792 diceret
448 771 456 791 :
474 765 495 790 0
510 764 560 790 viri
576 764 727 798 prudentqu
743 769 825 798 atque
851 771 895 791 sa-

101 810 226 844 pientiae.
239 810 312 845 quod
327 815 369 837 est
387 809 503 836 mortale
527 809 579 835 hoc
606 808 806 840 indumentum,
834 817 895 843 qua:

100 859 142 883 est
173 855 231 882 haec
257 861 424 889 supervacua
444 854 542 889 gloria,
570 861 632 888 quat
647 858 712 880 sunt
727 858 841 881 terrena:
855 854 895 881 hae

100 904 186 934 atque
200 899 292 927 inﬁda:
302 899 413 932 divitiae,
426 906 487 934 qutt-
497 904 560 926 sunt
572 899 651 928 hodie
661 903 688 925 et
702 898 824 926 crastina
841 907 893 926 non

944 299 1121 327 benedictum.
1138 296 1336 324 Lamentabiles
1349 317 1357 329 ,
1390 296 1489 331 inquit,
1510 296 1544 324 ad
1571 303 1614 323 me
1630 295 1729 323 misisti

945 346 1068 377 nuntios,
1080 352 1097 370 ο
1112 341 1231 375 diabolo,
1248 347 1276 370 et
1291 342 1387 369 noxios
1402 347 1484 376 atque
1498 340 1732 369 immisericordes

945 396 996 418 tute
1011 390 1143 425 nequitia:
1162 389 1275 424 legatos,
1292 395 1339 422 per
1354 395 1423 423 quos
1439 396 1482 415 me
1506 386 1662 415 crudelibus
1678 392 1730 414 tua:

944 436 1094 472 iniquitatis
1108 435 1241 471 sagittasti
1250 435 1367 470 sagittis,
1378 441 1446 469 quas
1455 440 1514 469 ego,
1528 433 1626 468 inquit,
1635 440 1732 460 omnes

944 482 1094 510 identidem
1114 482 1140 509 in
1159 487 1184 509 te
1201 487 1369 513 convertam,
1387 480 1540 508 crudeliora
1552 480 1671 508 eiﬁciens
1683 479 1730 506 tibi

943 528 1075 564 in’spiritu
1091 528 1214 556 vulnera.
1225 528 1365 560 Dominus,
1379 528 1501 562 inquam,
1509 528 1593 561 dedit,
1603 527 1730 554 Dominus

943 575 1061 608 abstulit,
1077 576 1144 602 sicut
1161 574 1273 602 Domino
1300 574 1401 605 placuit
1426 574 1463 600 ita
1482 573 1583 608 [actum
1609 577 1658 600 est.
1675 572 1732 600 Hoc

944 621 994 649 fuit
1013 621 1123 649 diabolo
1139 620 1247 652 vulnus,
1263 621 1314 647 hoc
1330 620 1381 647 fuit
1401 619 1508 647 diabolo
1521 619 1632 647 afﬂictio
1642 623 1670 646 et
1684 619 1732 646 do-

944 668 995 700 lor,
1012 667 1151 695 tribulatio
1169 674 1277 700 quoque
1299 671 1380 701 atque
1410 666 1533 701 angustia
1554 675 1561 693 :
1591 666 1653 700 quia
1670 673 1733 693 cum

945 717 1020 747 putat
1044 717 1071 739 et
1083 712 1140 738 vult
1155 711 1352 746 blasphemiam
1369 711 1464 739 audire
1479 719 1492 737 a
1509 710 1572 744 Job,
1594 717 1621 738 et
1638 718 1731 745 repre-

946 757 1101 786 hensionem
1111 765 1143 785 ac
1151 757 1322 784 maledictum
1338 756 1364 783 in
1379 756 1473 787 Deum.
1484 756 1682 784 confessionem
1693 760 1737 783 at-

945 812 997 839 que
1012 804 1160 839 gratiarutu
1176 803 1309 831 actionem
1322 803 1436 830 audivit.
1454 802 1513 830 Hoc
1523 802 1625 830 factum
1638 807 1679 830 est
1695 801 1735 829 illi

930 851 1016 886 'ignis
1030 852 1173 885 devorans,
1193 853 1244 879 hoc
1256 851 1357 879 factum
1373 855 1416 878 est
1430 850 1469 878 illi
1493 850 1647 878 incendium
1668 856 1735 884 per-

946 898 1107 931 urens,quia
1120 897 1171 924 hoc
1182 897 1284 924 audivit
1293 896 1365 931 quod
1377 904 1430 924 non
1443 895 1572 931 sperabat
1584 904 1592 923 :
1606 895 1736 922 Dominus

195 925 610 980 istum,
639 925 760 972 crastina
773 925 894 972 veroﬂtlie
910 925 1037 974 B‘dedit.’
1048 925 1071 970 et
1091 942 1217 970 Dominus
1231 925 1351 974 abstulit,
1362 942 1428 968 sicut
1445 925 1559 968 Domino
1581 941 1680 975 placuit
1693 941 1735 967 ita

99 996 172 1020 eunt
188 992 222 1018 ad
241 991 345 1018 alium?
361 990 464 1018 Fumus
475 995 516 1018 est
529 990 668 1021 deﬁciens.
686 989 735 1018 ﬁos
750 995 792 1017 est
807 995 895 1018 trans-

100 1038 183 1071 iens,
206 1039 290 1066 herba
302 1042 343 1065 est
354 1044 502 1065 aresceus:
520 1041 548 1064 et
559 1036 606 1071 qui
623 1036 724 1064 habent
749 1037 818 1068 illas,
835 1042 895 1064 tan-

98 1091 191 1119 quam
206 1091 260 1111 non
274 1083 405 1115 habeant,
419 1083 482 1117 quia
494 1082 596 1109 diutius
606 1089 658 1109 non
671 1082 771 1110 habent
787 1092 794 1115 ς
811 1088 838 1109 et
849 1083 894 1117 qui

99 1137 161 1157 non
181 1130 282 1157 habent
303 1128 374 1160 illas,
400 1133 529 1163 tanquam
558 1129 623 1156 nihil
649 1128 802 1159 amiserint,
831 1129 894 1163 quia

101 1182 162 1206 non
176 1179 366 1209 permanentcr
379 1173 581 1208 relinquuntur.
592 1172 689 1201 Nudus
699 1175 767 1201 exivi
779 1175 811 1201 de
822 1180 895 1202 utero

99 1221 201 1247 matris
218 1228 293 1252 metu,
310 1228 408 1254 corpus
423 1220 525 1247 habens
541 1225 645 1248 tantum
661 1227 744 1255 atque
763 1221 893 1254 animum,

100 1266 194 1295 nudus
204 1271 228 1293 et
242 1266 284 1293 ibo
296 1267 344 1293 sub
360 1271 470 1294 terram.
487 1267 563 1295 Sicut
576 1267 646 1300 veni,
657 1268 693 1294 ita
706 1273 733 1294 et
746 1267 802 1301 ibo,
818 1266 856 1294 ita
867 1272 896 1294 et

101 1319 185 1345 exeo,
207 1311 295 1340 aliena
311 1318 408 1340 curtcta
436 1313 602 1351 relinquens,
618 1321 681 1341 cum
695 1320 810 1347 corpore
836 1313 894 1341 solo

102 1358 160 1391 ibo,
177 1363 260 1392 atque
273 1360 365 1387 anima
386 1360 518 1388 transibo.
532 1360 597 1393 Quae
613 1360 717 1395 accepi.
730 1361 829 1395 inquit,
847 1360 896 1387 ita-

103 1402 167 1434 beo,
186 1410 247 1437 qtue
268 1403 345 1430 attuli
366 1411 418 1431 non
438 1404 527 1431 amisi.
545 1405 687 1439 Superllua
709 1406 800 1432 omnia
815 1405 894 1433 dere-

103 1448 234 1483 linquens
250 1449 336 1476 nudus
350 1449 392 1476 ibo
406 1449 479 1478 illuc.
503 1450 577 1483 illuc,
594 1451 694 1486 inquit,
722 1458 777 1486 quo
805 1451 869 1478 illuc
884 1451 896 1478 ?

104 1494 227 1522 Primum
241 1496 350 1530 quidem
362 1496 425 1523 illuc
442 1496 486 1524 ibo
509 1505 564 1532 quo
589 1504 683 1525 onmes
707 1497 812 1532 priores
838 1497 889 1525 mei

105 1542 211 1577 ierunt,
224 1551 280 1577 quo
294 1550 389 1571 omnes
399 1544 530 1578 abinitio,
545 1544 607 1572 illuc
620 1544 647 1571 in
662 1548 764 1572 terram
780 1549 895 1573 matrem

104 1588 241 1621 omnium,
263 1588 288 1615 in
312 1593 411 1616 terram
431 1589 551 1616 omnium
578 1590 699 1617 domum.
716 1589 801 1617 Terra
817 1597 895 1617 nam-

104 1641 155 1668 que
172 1639 218 1661 est
235 1634 331 1662 domus
342 1634 463 1661 omniutn
478 1634 648 1662 mortalium.
675 1633 742 1662 Illuc
760 1642 816 1669 quo
831 1634 898 1662 abiit

105 1680 148 1707 ille
163 1680 202 1707 ad
216 1687 297 1714 quem
325 1680 426 1707 dictum
450 1685 510 1708 est:
529 1680 612 1707 Terra
641 1689 679 1712 es,
706 1685 731 1709 et
758 1681 786 1708 in
802 1685 899 1708 terram

106 1727 156 1754 ibis
173 1727 213 1753 ⁸¹.
231 1727 288 1757 Illo,
305 1727 403 1763 inquit,
419 1726 463 1754 ibo
479 1728 567 1754 nudus
592 1727 664 1754 sicut
681 1731 707 1755 et
721 1727 809 1754 nudus
825 1727 898 1755 veni.

105 1773 157 1800 Aut
174 1772 269 1803 adhuc
284 1773 340 1807 illo,
357 1773 444 1807 inquit
461 1794 469 1806 ,
493 1773 537 1800 ibo
561 1773 607 1800 ubi
633 1777 697 1800 sunt
722 1773 899 1800 tabernacula

105 1818 256 1851 iustorum,
271 1818 316 1845 ubi
339 1824 402 1846 sunt
415 1823 575 1846 sant-torum
591 1818 695 1853 gloriae,
713 1818 758 1845 ubi
778 1824 818 1846 est
834 1818 900 1846 ﬁde-

107 1865 173 1892 lium
202 1865 322 1899 requies,
343 1864 387 1895 ubi
417 1868 461 1891 est
478 1864 584 1899 piorum
600 1863 762 1897 consolatio,
785 1865 829 1891 ubi
859 1869 900 1892 est

108 1910 329 1939 misericordium
349 1910 508 1942 hereditas.
526 1909 570 1937 ubi
593 1914 634 1937 est
664 1910 899 1938 immaculatorum

107 1957 264 1988 beatitudo,
280 1956 323 1987 ubi
341 1961 384 1986 est
406 1956 545 1983 veracium
573 1956 666 1983 latitia
695 1961 722 1984 et
741 1956 898 1984 exsultatio.

129 2003 173 2030 luc
186 2002 243 2034 ibo,
260 2002 306 2029 ubi
320 2007 362 2029 est
378 2001 422 2030 lux
438 2006 465 2029 et
479 2002 544 2034 vita,
558 2001 603 2029 ubi
616 2007 658 2030 est
668 2002 754 2037 gloria
766 2002 901 2037 ‘etjucun-

109 2049 192 2082 ditas,
206 2048 254 2076 ubi
271 2053 313 2076 est
330 2048 422 2078 lattitia
435 2052 463 2075 et
475 2047 634 2080 exsultatio,
650 2048 692 2075 vel
710 2049 781 2076 unde
796 2049 901 2085 aufugit

110 2095 199 2128 dolor,
218 2095 329 2122 tristitia
346 2099 373 2121 et
386 2094 513 2129 gemitus,
529 2094 573 2121 ubi
585 2093 783 2123 obliviscentur
794 2095 901 2130 priores

111 2141 303 2170 tribulationes
317 2141 359 2168 ha:
372 2148 433 2177 qua:
446 2145 510 2167 sunt
525 2141 552 2168 in
564 2148 679 2176 corpore
691 2149 773 2177 super
787 2147 899 2170 terram.

115 2188 182 2216 Illuc
195 2188 253 2221 ibo,
273 2187 318 2214 ubi
337 2191 378 2214 cst
396 2187 601 2216 tribulationum
626 2189 770 2225 depositio,
789 2189 835 2217 ubi
859 2194 901 2217 est

112 2236 298 2264 remuneratio
313 2235 447 2268 laborum,
462 2235 506 2263 ubi
528 2235 647 2264 Abrahae
660 2237 746 2269 sinus,
770 2236 814 2263 ubi
825 2235 901 2264 lsaac

948 986 1046 1022 factum
1064 992 1114 1019 est,
1127 988 1160 1015 sit
1177 995 1270 1015 nomen
1283 987 1389 1015 Domini
1401 987 1564 1014 benedictum
1578 987 1608 1014 in
1623 986 1732 1014 saecula.

949 1032 1006 1061 Non
1027 1034 1100 1062 enim
1119 1038 1223 1062 tantum
1242 1035 1389 1069 tetigerunt
1404 1034 1453 1062 lob
1470 1034 1659 1062 lamentabiles
1676 1034 1735 1061 ista:

949 1081 1050 1109 diaboli
1066 1082 1183 1117 sagitta,
1195 1087 1325 1118 quantntn
1340 1082 1552 1110 vulneraverunt
1566 1089 1627 1109 eum
1645 1081 1735 1109 since-

954 1136 991 1155 ra:
1005 1128 1063 1162 ejus
1079 1130 1229 1164 gratiarum
1242 1130 1372 1157 actiones.
1389 1129 1521 1156 Dominus
1535 1130 1620 1160 dedit.
1641 1134 1665 1156 et
1682 1128 1737 1156 Do-

949 1174 1035 1201 minus
1055 1175 1174 1202 abstulit.
1189 1174 1305 1208 Quando
1321 1175 1417 1206 voluit.
1432 1175 1531 1210 inquit.
1547 1175 1621 1202 dedit
1640 1179 1670 1201 ut
1683 1174 1735 1202 bo-

951 1224 1049 1252 nus,et
1059 1222 1168 1255 quando
1176 1221 1261 1249 voluit
1279 1222 1438 1255 identidem,
1452 1226 1481 1249 ut
1498 1222 1600 1249 habens
1616 1224 1737 1255 potesta-

951 1270 1003 1293 tem
1017 1266 1138 1294 abstulit.
1156 1267 1286 1295 Dominus
1300 1268 1381 1300 dedit,
1408 1272 1432 1295 et
1459 1268 1588 1295 Dominus
1614 1267 1737 1295 abstulit.

951 1312 1040 1344 Dedit,
1052 1313 1149 1347 inquit,
1164 1318 1194 1341 ut
1208 1314 1360 1341 innotescat
1374 1321 1455 1348 quam
1471 1313 1557 1341 ﬁdelis
1571 1313 1621 1340 sim
1635 1333 1642 1345 ,
1655 1320 1737 1347 quam

949 1359 992 1394 pie
1009 1360 1182 1394 dispensant,
1208 1368 1290 1394 quarti
1317 1360 1532 1388 misericorditer
1563 1361 1737 1389 distribuam.

948 1405 1066 1432 Abstulit
1076 1410 1179 1436 autent.
1194 1411 1223 1432 nt
1237 1411 1366 1441 appareat
1380 1407 1516 1441 quomodo
1530 1408 1634 1442 gratias
1645 1415 1735 1443 agam,

950 1450 1085 1484 quomodo
1099 1451 1241 1483 conﬁtear,
1270 1452 1408 1486 quomodo
1433 1452 1555 1483 adorem.
1576 1452 1637 1487 plus
1665 1460 1736 1481 nunc

950 1496 1030 1524 rebus
1045 1496 1170 1528 sublatis.
1184 1504 1265 1531 quam
1283 1497 1387 1532 pridem
1407 1498 1487 1525 datis.
1505 1498 1637 1526 Dominus
1650 1499 1735 1532 dedit,

951 1548 974 1571 et
986 1543 1116 1571 Dominus
1126 1543 1246 1571 abstulit.
1255 1543 1332 1571 Dedit
1343 1552 1391 1572 sua
1402 1545 1533 1572 etiternm
1546 1545 1657 1572 abstulit
1669 1552 1716 1573 sua
1727 1554 1736 1575 :

923 1614 934 1623 η
950 1598 1010 1626 ego,
1025 1590 1122 1625 inquit,
1142 1589 1210 1617 nihil
1230 1589 1322 1622 amisi,
1341 1591 1444 1618 nullum
1463 1598 1561 1626 passus
1572 1599 1631 1618 stnn
1649 1591 1739 1619 detria

953 1641 1083 1664 mentum.
1107 1636 1203 1664 Merito
1229 1641 1372 1671 postquam
1386 1644 1451 1664 usus
1468 1644 1528 1663 sum
1547 1636 1663 1671 reddidi,
1681 1644 1738 1663 mu<

950 1683 1036 1710 tuanti
1057 1682 1123 1710 mihi
1137 1690 1168 1709 ea
1183 1682 1285 1717 gratias
1302 1689 1398 1717 agens.
1413 1682 1542 1709 Dominus
1555 1683 1636 1715 dedit,
1647 1687 1672 1709 et
1688 1681 1740 1709 Do-

949 1729 1035 1757 minus
1046 1727 1166 1760 abstult't,
1180 1728 1246 1755 sicut
1263 1727 1374 1754 Domino
1386 1727 1486 1761 placuit
1502 1727 1541 1754 ita
1561 1727 1666 1758 factum
1681 1731 1738 1758 ut;

949 1775 984 1801 sit
997 1781 1090 1800 nomen
1106 1773 1212 1800 Domini
1230 1771 1408 1800 benedictum.
1423 1771 1494 1804 Quid
1517 1772 1596 1804 dicis,
1616 1779 1635 1798 0
1662 1771 1741 1798 licata

950 1819 1019 1848 Job?
1034 1820 1164 1847 Dominus
1178 1826 1241 1846 vere
1265 1818 1349 1850 dedit,
1374 1819 1423 1846 sed
1451 1825 1504 1845 non
1523 1817 1655 1845 Dominus
1675 1824 1740 1845 vero

950 1866 1072 1899 abstulit,
1090 1864 1137 1893 sed
1153 1865 1263 1893 abstulit
1277 1866 1400 1893 omnium
1416 1865 1543 1891 inimicus
1557 1870 1584 1890 et
1600 1864 1738 1899 nequissi-

950 1919 1011 1940 mus
1026 1911 1199 1939 adversarius
1225 1916 1307 1945 atque
1332 1911 1439 1938 invidus
1455 1911 1590 1938 diabolus.
1610 1911 1740 1938 Dominus

951 1957 1035 1991 dedit,
1052 1958 1098 1985 sed
1119 1956 1290 1985 adversarius
1302 1956 1425 1984 abstulit.
1441 1957 1574 1984 Dominus
1600 1957 1684 1988 dedit,
1713 1962 1740 1984 et

951 2004 1077 2032 inimicus
1089 2003 1183 2039 refuga
1196 2002 1320 2031 abstulit.
1336 2003 1420 2031 Porro
1433 2004 1454 2031 si
1477 2003 1603 2030 diabolus
1615 2003 1737 2035 abstulit,

951 2050 1085 2085 quomodo
1105 2049 1172 2077 dicit
1185 2049 1236 2077 Job
1248 2050 1320 2084 quod
1340 2049 1470 2077 Dominus
1484 2050 1647 2077 abstulerit?
1663 2050 1740 2085 Igno-

952 2103 1016 2124 rans
1032 2100 1114 2130 atque
1130 2103 1179 2130 per
1190 2095 1370 2130 suspicionem
1382 2095 1461 2122 dicit.
1478 2095 1592 2122 Putabat
1608 2095 1681 2121 enim
1698 2099 1739 2121 at-

952 2150 1005 2177 que
1020 2141 1207 2172 arbitrabatur
1215 2141 1286 2176 quod
1298 2141 1426 2169 Dominus
1438 2141 1591 2174 abstulerit,
1603 2147 1629 2168 et
1637 2142 1740 2168 nescie-

951 2189 998 2216 bat
1013 2189 1083 2223 quod
1095 2188 1219 2216 diabolus
1235 2188 1356 2220 abstulit.
1379 2188 1545 2215 concedente
1566 2188 1680 2215 Domino
1697 2193 1738 2214 at-

951 2242 1005 2270 que
1022 2234 1208 2269 permittente.
1233 2234 1302 2269 Ergo
1319 2234 1388 2261 dicit
1406 2232 1478 2261 Job:
1505 2234 1634 2261 Dominus
1647 2234 1717 2261 dedit
1730 2255 1738 2265 ,

113 2282 275 2317 proprietas,
306 2281 350 2308 ubi
377 2281 460 2309 Israel
492 2281 647 2313 familiaris,
668 2282 714 2310 ubi
743 2287 899 2310 sanctorum
918 2287 938 2314 ι)
954 2281 1081 2308 Dominus
1097 2280 1304 2312 abstulit;sioul
1318 2279 1433 2307 Domino
1449 2280 1551 2314 placuit
1577 2280 1615 2307 ita
1639 2280 1741 2315 factum

114 2328 221 2360 animae,
241 2327 284 2354 ubi
301 2327 460 2361 angelorum
483 2328 572 2360 cltori,
600 2328 644 2357 ubi
675 2328 899 2363 archangelorum

115 2380 205 2404 voces.
224 2373 269 2400 ubi
284 2372 403 2407 Spiritus
415 2374 503 2400 sancti
516 2373 678 2402 illuminatio
689 2394 697 2406 ,
724 2374 769 2402 ubi
794 2373 897 2401 Christi

116 2426 241 2454 regnum,
273 2418 317 2446 ubi
332 2418 427 2446 aeterni
446 2418 494 2447 Dei
528 2419 618 2447 Patris
634 2419 734 2447 inlecta
753 2419 838 2454 gloria
858 2423 900 2446 at-

115 2471 165 2498 que
176 2464 274 2491 beatus
291 2468 464 2498 conspectus.
480 2462 557 2497 Illuc,
573 2463 674 2498 inquit,
690 2464 746 2495 ibo,
763 2462 826 2490 illuc
837 2469 899 2497 pcr-

116 2510 232 2543 veniam,
261 2516 315 2536 non
334 2508 547 2544 reprehendens,
564 2516 617 2536 non
649 2508 831 2541 maledicens,
846 2514 900 2534 non

117 2555 319 2590 blasphemans,
337 2564 389 2583 non
406 2555 568 2588 criminans,
587 2554 634 2582 sed
658 2554 762 2590 gratias
776 2560 859 2587 agens
875 2558 903 2581 et

117 2603 260 2635 conﬁtens,
275 2608 358 2637 atque
373 2610 434 2630 cum
449 2603 599 2638 gratiarum
613 2601 768 2629 actionibus
789 2601 879 2629 dicens
893 2609 900 2629 :

118 2647 244 2676 Dominus
259 2649 342 2680 dedit,
358 2648 488 2675 Dominus
500 2647 620 2681 abstulit,
637 2648 704 2674 sicut
719 2646 831 2674 Domino
844 2646 903 2681 pla-

119 2696 180 2727 cuit,
196 2696 235 2723 ita
257 2696 359 2730 factum
382 2701 419 2722 est
433 2695 468 2723 δι,
484 2694 542 2724 Non
559 2702 607 2722 ero
618 2714 625 2726 ,
651 2694 756 2729 inquit,
771 2693 903 2727 ingratus,

119 2750 169 2770 non
180 2752 226 2771 ero
237 2743 445 2779 inﬁdigraphus,
456 2743 527 2772 sicut
541 2748 580 2776 tu,
594 2742 758 2774 adversarie;
777 2748 830 2768 non
842 2741 904 2769 red.

120 2789 176 2816 dam
192 2789 292 2817 malum
306 2797 356 2824 pro
372 2789 455 2822 bono,
471 2789 542 2817 sicut
557 2794 595 2821 tu,
612 2788 706 2816 infelix
720 2787 841 2820 diabole;
855 2787 903 2814 sed

120 2835 257 2868 conﬁteor,
270 2836 334 2870 quia
345 2835 471 2863 Dominus
484 2835 567 2868 dedit,
580 2835 709 2863 Dominus
724 2833 901 2868 abstulit,tic-

153 2926 173 2941 "
190 2926 258 2954 Gen.
275 2934 317 2962 ιιι,
337 2926 381 2955 19.
420 2926 442 2942 ⁸²
455 2925 504 2961 iub
523 2925 599 2962 1,21.

953 2332 1002 2354 est.
1020 2327 1082 2356 lbet:
1100 2333 1217 2362 namque
1229 2326 1279 2354 fuit
1298 2326 1345 2353 illa
1358 2333 1422 2353 vere
1437 2333 1536 2361 magna
1550 2325 1602 2353 Job
1612 2330 1741 2354 constan-

955 2374 1002 2405 tia,
1018 2374 1089 2408 qnod
1107 2373 1232 2401 nesciens
1246 2373 1310 2407 quia
1331 2373 1454 2400 diabolus
1468 2373 1580 2401 abstulit
1593 2393 1601 2405 ,
1627 2372 1742 2406 putabat

953 2420 1024 2455 quod
1041 2419 1173 2447 Dominus
1187 2419 1342 2451 abstulerit,
1369 2424 1397 2447 et
1419 2420 1471 2447 hoc
1485 2424 1596 2454 putans,
1625 2417 1740 2445 Domino

954 2465 1031 2501 quasi
1049 2464 1181 2492 auierenti
1193 2465 1296 2499 gratias
1311 2465 1378 2500 agit.
1393 2465 1532 2497 Dominus,
1546 2464 1644 2499 inquit,
1656 2463 1738 2496 dedit,

955 2517 979 2538 et
991 2511 1120 2539 Dominus
1136 2511 1257 2544 abstulit,
1272 2511 1340 2538 sicut
1356 2510 1469 2538 Domino
1482 2510 1582 2545 placuit
1592 2510 1629 2536 ita
1641 2509 1742 2542 factum

954 2562 1014 2590 est;
1040 2558 1073 2587 sit
1100 2565 1195 2584 nomen
1220 2556 1325 2585 Domini
1352 2557 1517 2584 benedictum
1535 2556 1563 2583 in
1584 2555 1694 2583 monia.
1710 2554 1743 2582 Si

953 2605 1027 2631 enim
1040 2604 1138 2632 scisset
1155 2603 1206 2631 101)
1215 2604 1286 2639 quod
1300 2604 1447 2632 adversum
1461 2602 1598 2630 diabolum
1611 2602 1739 2634 habebat,

954 2656 982 2679 et
992 2650 1056 2686 quia
1072 2650 1194 2678 diabolus
1210 2658 1272 2679 cum
1293 2651 1340 2678 illo
1356 2652 1409 2679 hoc
1435 2650 1541 2678 bellum
1561 2649 1689 2682 iaciebat,
1713 2653 1741 2676 et

957 2698 1024 2732 quia
1041 2697 1178 2732 malignus
1189 2697 1316 2726 inimicus
1333 2706 1389 2725 rem
1417 2698 1577 2725 familiarem
1594 2702 1622 2725 et
1634 2697 1703 2725 ﬁlios
1714 2697 1740 2724 ei

955 2741 1114 2774 abstulerat,
1133 2742 1255 2777 profecto
1267 2743 1380 2770 omnino
1394 2743 1429 2770 ad
1447 2742 1562 2770 nihilum
1585 2742 1657 2778 ipsas
1682 2746 1741 2769 ten-

954 2788 1070 2816 lationes
1084 2788 1241 2821 deduceret,
1260 2795 1288 2817 et
1302 2789 1329 2816 in
1356 2789 1522 2817 derisioncm
1537 2789 1612 2816 illum
1626 2788 1739 2821 habensl

954 2835 1092 2867 evidenter
1108 2835 1242 2870 adversus
1267 2835 1404 2864 inimicum
1431 2835 1568 2864 resisteret
1597 2839 1625 2863 et
1646 2839 1744 2873 aperta
