3992 6312
368 379 475 438 853

1498 374 1880 435 ANONYMUS
1920 376 1988 435 IN
2027 377 2168 435 JOB.
2210 411 2276 421 ——
2309 375 2437 432 LIB.
2478 374 2519 432 l.

3516 368 3639 424 ιιι

367 505 633 559 adversus
657 510 904 573 apertum
941 502 1151 558 hostem
1176 509 1369 555 staret.
1409 498 1565 557 Nunc
1590 515 1722 556 vero
1753 501 1940 558 iniini-
1972 511 2018 567 Α
2047 502 2188 571 quod
2224 501 2339 555 vult
2370 497 2650 560 Dominus,
2681 495 2788 550 vita
2816 504 2921 559 est,
2958 494 3046 548 lux
3095 500 3200 557 est,
3242 491 3458 561 requies
3488 498 3571 547 cst
3609 529 3632 551 .

369 609 469 648 cus
502 593 719 662 quidem
757 594 860 649 hoc
907 593 1106 647 celavit
1137 591 1403 659 diabolus,
1450 606 1575 648 cum
1608 590 1742 648 lslos
1773 595 1820 647 ei
1860 594 1937 647 in-

370 686 540 742 ferret
568 687 823 743 labores:
875 684 1333 740 clementissimus
1379 693 1559 739 autem
1597 683 1857 740 Dominus
1891 685 1945 739 in

369 779 681 847 suspicione
708 787 824 831 erat
858 785 914 829 et
972 774 1326 829 incusabatur
1365 776 1450 830 his
1482 772 1759 833 omnibus.
1810 775 1942 828 Nam

369 883 493 922 cum
531 869 730 922 diceret
759 864 1041 919 diabolus:
1073 864 1220 935 Ignis
1248 866 1434 918 cecidit
1452 865 1516 920 de
1540 866 1689 929 cisio,
1711 865 1946 931 et,Sub-

367 960 443 1012 ito
478 958 698 1028 spiritus
740 957 877 1010 venit
909 957 974 1008 ab
1016 972 1210 1022 eremo,
1274 958 1442 1011 Deum
1498 958 1782 1012 incusabat
1825 959 1944 1014 istis

364 1042 663 1105 dtﬂoribus.
724 1048 993 1104 Similiter
1018 1064 1141 1104 cum
1170 1050 1413 1104 audisset
1445 1048 1571 1116 Job,
1602 1051 1748 1120 quod
1805 1051 1946 1122 ignis

365 1142 561 1198 cecidit
586 1143 652 1197 de
688 1142 829 1197 ctelo
861 1150 918 1196 et
953 1142 1254 1197 combussit
1283 1158 1436 1209 oves,
1475 1147 1531 1197 et
1558 1144 1686 1214 quia
1715 1146 1944 1215 spiritus

364 1234 510 1288 venit
541 1236 608 1289 ab
632 1249 820 1289 eremo
864 1243 919 1288 et
962 1234 1116 1288 ruina
1164 1235 1365 1290 occidit
1413 1236 1533 1306 ejus
1584 1237 1765 1302 ﬁlios,
1814 1238 1943 1308 quid

364 1324 509 1379 aliud
542 1324 806 1393 suspicari
840 1332 1056 1395 poterat
1081 1325 1182 1379 nisi
1213 1327 1356 1394 quod
1388 1326 1528 1380 Deus
1560 1326 1635 1380 illi
1672 1327 1821 1397 ipsos
1849 1329 1944 1383 do-

362 1414 508 1470 lores
534 1414 752 1469 caelitus
805 1416 1165 1470 immisisset?
1194 1416 1278 1471 0b
1310 1417 1413 1472 hoc
1462 1434 1592 1489 ergo
1641 1422 1941 1487 praesertim

361 1508 743 1579 magniﬁcatur
764 1507 889 1573 Job,
917 1510 1041 1580 quia
1076 1527 1197 1565 cum
1232 1510 1377 1567 Deus
1405 1512 1714 1581 suspicatur
1743 1514 1795 1566 in
1826 1514 1942 1569 istis

363 1598 539 1669 plagis
559 1614 621 1654 ac
650 1598 954 1666 doloribus,
982 1603 1222 1670 suscepit
1272 1619 1395 1657 cum
1425 1605 1737 1659 constantia
1775 1616 1939 1676 atque

364 1692 668 1762 gratiarum
714 1691 1060 1747 actionibus:
1102 1701 1156 1749 et
1202 1708 1307 1748 non
1342 1694 1498 1759 dixit,
1530 1694 1665 1765 quid
1720 1698 1937 1763 peccavi

360 1783 507 1837 circa
541 1792 591 1837 te
620 1791 674 1836 ut
705 1782 830 1837 talia
864 1784 1045 1852 patiar
1068 1799 1132 1839 ex
1167 1785 1262 1840 te?
1299 1785 1405 1841 Sed
1434 1802 1554 1843 cum
1613 1789 1682 1845 ab
1717 1788 1940 1844 inimico

2048 606 2249 648 aeterna
2295 590 2572 646 beatitudo
2610 597 2714 653 est,
2767 589 2876 642 vita
2927 588 3071 642 enim
3100 586 3156 639 in
3189 584 3457 639 voluntate
3503 584 3634 653 ejus

2052 695 2158 751 est,
2210 694 2260 739 et
2311 684 2395 737 ira
2464 684 2522 736 in
2570 680 2928 751 indignatione
2981 677 3091 745 eius
3139 677 3208 730 ⁵³.
3256 674 3639 743 Quodcunque

2047 793 2175 850 ergo
2201 776 2405 847 placuit
2460 773 2708 838 Domino,
2734 772 2850 825 sive
2880 780 3190 840 percutere,
3233 767 3347 822 sive
3368 765 3630 825 nndtare,

2047 871 2161 925 sive
2188 870 2385 933 ditare,
2413 867 2525 923 sive
2544 880 2838 935 pauperem
2863 863 3066 925 facere,
3096 861 3212 915 sive
3234 873 3479 928 arguere,
3505 858 3634 912 sive

2047 960 2343 1029 corripere,
2377 956 2557 1011 omnia
2586 954 2864 1009 beatitudo
2891 959 2974 1006 est
2998 948 3428 1017 incorruptibilis
3457 956 3633 1014 atque

2047 1051 2376 1106 indesinens.
2414 1048 2636 1111 Beatus,
2665 1047 2860 1119 inquit,
2893 1045 3047 1097 homo
3077 1059 3228 1113 quem
3263 1053 3317 1095 tu
3336 1042 3627 1105 erudieris,

2045 1142 2269 1196 Domine
2290 1141 2357 1192 “.
2393 1139 2539 1195 Sicut
2569 1138 2792 1194 Domino
2817 1136 3038 1205 placuit,
3065 1136 3139 1188 ita
3172 1135 3365 1203 factum
3394 1144 3465 1186 est
3488 1149 3510 1197 ;
3551 1133 3629 1185 sit

2046 1251 2233 1289 nomen
2266 1231 2480 1289 Domini
2534 1230 2863 1286 benedictum
2914 1228 2970 1280 in
2999 1226 3218 1281 saecula.
3271 1224 3362 1279 Sic
3400 1230 3626 1293 Oportet

2044 1342 2238 1382 omnes
2264 1325 2604 1381 Christianos
2624 1363 2640 1390 ,
2692 1331 2857 1391 atque
2888 1334 3077 1375 omnes
3115 1317 3398 1371 credentes
3427 1315 3622 1369 dicere

2043 1428 2099 1473 ct
2132 1420 2311 1473 facere
2337 1428 2393 1472 et
2425 1415 2667 1487 cogitare
2700 1414 2753 1469 in
2795 1412 3049 1467 omnibus
3084 1426 3203 1479 quae
3232 1424 3327 1463 eos
3380 1407 3625 1461 circum-

2043 1511 2313 1573 dederint,
2349 1518 2514 1579 atque
2539 1508 2620 1563 eis
2643 1504 3010 1567 occurrerint,
3047 1503 3161 1557 sive
3196 1500 3453 1572 pecunias
3487 1513 3627 1569 per-

2043 1602 2193 1667 dant,
2217 1602 2334 1655 sive
2360 1600 2453 1654 ﬁlii
2475 1598 2815 1661 auferantur,
2842 1596 2959 1650 sive
2983 1602 3281 1663 paupertas
3314 1592 3623 1653 incumbat,

1979 1692 1985 1697 ’
2042 1698 2157 1751 sive
2186 1695 2475 1751 inﬁrmitas
2505 1691 2853 1747 immittatur.
2900 1689 3093 1744 Dicant
3149 1688 3202 1741 in
3234 1686 3319 1741 his
3361 1685 3623 1739 omnibus

2042 1804 2166 1843 cum
2193 1785 2512 1842 sinceritate
2541 1800 2555 1836 :
2591 1779 2744 1836 Sicut
2796 1778 3023 1833 Domino
3052 1778 3275 1846 placuit,
3309 1776 3382 1829 ita
3411 1774 3617 1844 factum

359 1886 737 1945 percuteretur
761 1886 926 1949 atque
955 1877 1239 1936 doloribus
1272 1880 1616 1952 afﬁceretur,
1646 1882 1934 1938 Dominum
1971 1882 2011 1935 Β
2043 1888 2160 1944 est;
2206 1877 2273 1931 sit
2307 1892 2494 1930 nomen
2545 1874 2762 1929 Domini
2785 1870 3110 1927 benedictum
3158 1869 3213 1922 in
3248 1868 3464 1922 swcula.
3502 1866 3622 1919 N0-

357 1974 415 2034 in
454 1972 570 2026 istis
603 1971 885 2028 doloribus
948 1974 1351 2042 suspicabatur,
1399 1983 1456 2029 et
1502 1977 1714 2045 gratias
1740 1976 1936 2045 agebat

358 2062 684 2133 percutienti
735 2077 797 2118 se
855 2073 1023 2133 atque
1050 2063 1329 2119 doloribus
1380 2064 1660 2132 allicienti,
1696 2066 1932 2122 dicens:

356 2151 618 2206 Dominus
640 2152 804 2216 dedit,
835 2163 885 2207 et
938 2153 1201 2208 Dominus
1249 2155 1492 2223 abstulit,
1517 2158 1653 2211 sicut
1708 2157 1933 2212 Domino

355 2243 554 2309 placuit
583 2245 656 2299 ita
679 2248 881 2314 factum
901 2256 979 2300 est
1005 2263 1025 2311 ;
1053 2248 1124 2301 sit
1150 2264 1339 2302 nomen
1368 2248 1581 2303 Domini
1609 2250 1934 2303 benedictum

355 2336 410 2388 in
436 2339 656 2392 sarcula.
700 2338 826 2392 Haec
858 2338 1043 2407 itaque
1090 2339 1367 2406 universa,
1399 2349 1561 2410 atque
1590 2341 1832 2410 pluriora
1864 2343 1932 2394 ad

354 2429 731 2498 praestolantes
765 2428 866 2484 sibi
896 2430 1215 2500 nequissimi
1250 2433 1471 2487 nuntios
1504 2431 1698 2487 beatus
1726 2433 1828 2487 Job
1855 2433 1935 2487 lo-

352 2530 509 2576 cutus
536 2531 640 2586 est,
663 2531 717 2577 et
749 2537 844 2592 per
888 2523 1009 2578 illos
1063 2524 1131 2578 ad
1186 2522 1363 2593 ipsum
1394 2524 1670 2578 diabolum
1701 2525 1793 2594 qui
1839 2540 1933 2581 eos

352 2614 936 2682 miserat,quistabant
968 2624 1094 2669 ante
1121 2630 1241 2669 eum
1271 2616 1477 2682 tristes,
1512 2631 1576 2671 ac
1617 2615 1808 2672 ﬁentes
1832 2618 1935 2673 sic-

354 2704 728 2768 utﬁnxerant,
773 2718 1098 2774 omnemque
1141 2705 1416 2761 miseriam
1465 2709 1821 2765 ostendentes
1867 2726 1931 2765 ac

352 2796 755 2863 depromentes,
790 2806 849 2849 ut
870 2796 1028 2851 facile
1055 2799 1270 2853 beatum
1294 2797 1403 2853 Job
1436 2800 1504 2853 ad
1536 2800 1927 2869 blasphemiam

351 2898 732 2954 provocarent.
765 2889 845 2944 Ad
897 2905 1035 2959 quos
1078 2890 1309 2960 plurima
1343 2900 1399 2947 et
1444 2891 1551 2946 alia
1580 2893 1797 2949 locutus
1827 2893 1930 2950 Job

349 2978 491 3032 dixit
519 2997 533 3034 :
568 2980 677 3034 Cur
718 2978 903 3036 tristes
940 2983 1091 3060 estis,
1126 2998 1158 3038 o
1181 2984 1468 3040 homines?
1499 2984 1579 3042 0b
1608 3003 1770 3057 quam
1795 3003 1926 3043 cau-

349 3086 467 3124 sam
502 3071 739 3140 ejulatis,
763 3088 797 3128 o
834 3075 982 3130 viri?
1007 3074 1084 3129 Ne
1128 3075 1268 3131 forte
1296 3077 1404 3133 hoc
1450 3094 1547 3135 vos
1586 3082 1880 3136 contristat
1911 3122 1926 3149 ,

348 3164 477 3232 quia
512 3179 611 3233 ego
645 3165 753 3220 Deo
777 3165 984 3235 gratias
1014 3181 1138 3237 ago.
1172 3165 1251 3221 Ne
1275 3166 1418 3223 forte
1441 3168 1542 3223 hoc
1567 3169 1723 3226 vobis
1752 3172 1924 3227 mole-

2042 1985 2162 2026 men
2196 1969 2433 2036 Domini,
2457 1968 2654 2037 inquit,
2710 1974 2932 2034 propter
2961 1962 3109 2033 quod
3138 1961 3319 2016 omnia
3372 1960 3625 2015 sustineo

2039 2079 2202 2135 atque
2231 2063 2452 2129 suﬁ'ero,
2485 2072 2711 2134 pr0pter
2743 2061 2886 2130 quod
2914 2058 3169 2114 omnibus
3197 2072 3319 2127 qua:
3352 2055 3482 2109 mihi
3516 2054 3626 2109 ob-

2037 2163 2301 2211 venerunt
2323 2157 2575 2225 superior
2610 2152 2839 2208 exsisto.
2869 2149 2952 2205 Sit
3000 2147 3425 2205 nomenDomini
3461 2148 3625 2199 bene-t

2037 2248 2236 2301 dictum
2270 2249 2325 2300 in
2349 2246 2566 2301 stecula.
2598 2244 2805 2299 Nomen
2831 2242 3070 2307 Domini,
3113 2242 3256 2311 quod
3290 2240 3623 2295 mirabiliter

2036 2341 2203 2396 caelos
2218 2339 2482 2404 extendit,
2508 2339 2653 2408 quod
2680 2348 2882 2392 terram
2914 2335 3145 2389 ﬁrmiter
3170 2333 3441 2398 fundavit,
3466 2334 3621 2402 quod

2036 2437 2262 2506 abyssos
2288 2432 2607 2486 terribiliter
2645 2428 2902 2497 signavit.
2938 2425 3021 2481 Sit
3075 2442 3263 2481 nomen
3292 2425 3510 2479 Domini
3532 2425 3620 2479 be-

2036 2527 2303 2580 nedictum
2324 2526 2378 2578 in
2407 2523 2606 2576 swcula
2633 2538 2652 2577 :
2685 2523 2830 2591 quod
2857 2535 2982 2573 cum
3014 2518 3276 2573 vidissent
3315 2517 3503 2571 leones
3549 2518 3641 2571 in.

2037 2616 2282 2683 Daniele,
2305 2617 2358 2670 in
2387 2630 2557 2684 agnos
2587 2613 2855 2668 immutati
2886 2621 3011 2667 sunt
3037 2630 3052 2665 :
3079 2612 3220 2680 quod
3244 2626 3367 2666 cum
3394 2608 3639 2664 ﬂamma-

2032 2709 2174 2779 ignis
2200 2709 2515 2778 agnovisset
2545 2705 2598 2759 in
2625 2704 2829 2759 Anania
2861 2716 2918 2757 et
2940 2703 3137 2759 Azaria
3170 2712 3222 2756 et
3256 2701 3493 2767 Misaele,
3521 2702 3615 2756 fo-

2033 2817 2124 2856 ras
2151 2817 2181 2856 a
2211 2801 2434 2855 fornace
2462 2798 2623 2869 fugit,
2657 2807 2821 2866 atque
2868 2811 2964 2850 eos
2990 2796 3083 2865 qui
3115 2806 3271 2850 extra
3320 2793 3619 2850 fornacem

2031 2904 2191 2951 erant
2219 2892 2540 2956 combussit,
2569 2899 2753 2959 utpote
2770 2896 2886 2943 'non
2917 2890 3180 2943 habentes
3205 2888 3267 2942 in
3283 2903 3345 2942 se
3361 2898 3613 2943 sanctum

2033 3002 2229 3042 nomen
2253 2985 2497 3051 Domini;
2523 2982 2631 3037 illis
2657 2990 2835 3035 autem
2855 2982 2945 3051 qui
2973 2981 3112 3034 intra
3141 2980 3421 3036 fornacem
3453 2991 3625 3034 erant

2030 3094 2137 3133 non
2172 3074 2657 3148 appropinquavit,
2701 3074 2828 3143 quia
2867 3071 3112 3128 terribile
3142 3086 3340 3126 nomen
3388 3071 3611 3126 Domini

2032 3172 2083 3224 in
2109 3170 2216 3225 illis
2238 3170 2539 3239 conspexit.
2564 3167 2675 3222 Hoc
2706 3168 2871 3221 etiam
2893 3174 2949 3221 et
2972 3174 3124 3219 cetus
3152 3179 3286 3217 cum
3304 3165 3520 3219 videret
3537 3166 3593 3219 in

348 3268 492 3314 slum
523 3268 626 3325 est.
651 3261 795 3330 quod
819 3276 920 3330 ego
946 3262 1096 3317 danti
1126 3278 1188 3318 ea
1210 3262 1608 3321 confessionem
1634 3268 1723 3335 do,
1747 3278 1805 3324 et
1829 3284 1929 3324 au-
1954 3247 1998 3306 C
2030 3261 2190 3329 Jona,
2211 3262 2489 3331 obstupuit
2521 3272 2684 3329 atque
2726 3258 2953 3312 illaesum
3009 3271 3134 3311 eum
3170 3272 3333 3326 quem
3365 3260 3431 3312 de
3480 3260 3625 3312 navi.

350 3351 544 3408 ferenti
576 3368 641 3408 ea
661 3353 1060 3408 invocationem
1089 3355 1303 3410 emitto.
1334 3356 1449 3412 Non
1475 3375 1561 3414 me
1587 3362 1751 3416 homo
1780 3361 1928 3415 mul-

350 3446 503 3512 tavit,
571 3446 666 3500 sed
719 3446 863 3501 Deus
893 3448 960 3501 de
997 3448 1154 3504 cmlis
1185 3451 1275 3520 qui
1324 3452 1456 3507 mihi
1507 3452 1656 3506 dedit
1684 3453 1925 3519 diversa,

346 3536 594 3605 abstulit,
628 3539 772 3594 sicut
823 3549 876 3594 et
923 3555 1019 3597 vos
1080 3542 1278 3610 dicitis,
1311 3546 1456 3614 quod
1492 3545 1631 3615 ignis
1677 3546 1746 3600 de
1784 3546 1924 3603 caelo

345 3629 627 3687 ceciderit.
664 3630 720 3686 Si
744 3648 876 3703 ergo
906 3649 1008 3688 non
1036 3634 1200 3691 homo
1229 3637 1361 3691 mihi
1388 3638 1642 3692 damnum
1673 3638 1925 3709 ingessit,

346 3722 440 3775 sed
470 3722 609 3776 Deus
632 3724 857 3792 quando
885 3727 1060 3780 voluit
1109 3728 1275 3796 dedit,
1305 3738 1361 3784 et
1409 3730 1535 3783 item
1575 3731 1795 3799 quando
1837 3747 1927 3787 vo-

348 3812 447 3866 luit
479 3815 723 3880 abstulit,
758 3819 959 3884 gratias
982 3820 1030 3873 ei
1068 3822 1159 3890 qui
1188 3823 1355 3887 dedit,
1392 3832 1447 3877 et
1490 3824 1696 3893 gratias
1726 3824 1923 3879 identi-

347 3905 466 3958 dem
488 3906 537 3957 ei
561 3907 652 3974 qui
686 3908 929 3961 abstulit.
966 3910 1073 3964 Sua
1107 3913 1276 3977 dedit,
1306 3924 1362 3968 et
1394 3914 1525 3969 item
1556 3931 1652 3968 sua
1677 3917 1921 3979 abstulit,

345 4011 401 4054 et
425 4015 544 4070 ego,
585 3988 684 4067 ait,
715 4001 848 4054 nihil
875 4003 1055 4056 amisi.
1080 4004 1211 4057 Nam
1240 4022 1307 4060 ex
1336 4016 1495 4061 utero
1524 4018 1770 4064 materno
1824 4027 1926 4064 nn-

344 4090 445 4145 dus
480 4091 722 4155 veniens,
758 4091 889 4145 nihil
926 4094 1110 4147 habui.
1173 4094 1273 4161 Qui
1329 4096 1518 4151 habuit
1572 4100 1718 4153 dedit
1766 4101 1921 4169 mihi,

347 4181 610 4235 mutuavit
643 4182 815 4236 utenti
855 4183 1008 4249 mihi,
1044 4185 1265 4239 abstulit
1297 4201 1418 4256 qua:
1468 4202 1564 4241 sua
1594 4199 1755 4255 sunt;
1790 4193 1922 4246 nihil

343 4275 575 4343 perdidi,
600 4276 694 4330 sed
722 4276 927 4346 gratias
949 4292 1050 4347 ago
1077 4281 1363 4342 mutuanti,
1391 4294 1521 4335 usus
1554 4281 1638 4335 his
1655 4298 1776 4350 qua:
1799 4284 1921 4336 data

343 4379 469 4421 sunt
497 4369 657 4431 mihi,
680 4378 734 4423 et
766 4369 1029 4423 conﬁteor
1062 4371 1330 4441 largitori,
1368 4372 1555 4429 dicens
1587 4390 1602 4426 :
1660 4372 1921 4430 Dominus

340 4461 507 4525 dedit,
538 4473 585 4515 et
619 4462 873 4516 Dominus
895 4463 1303 4528 abstulit;sicut
1334 4464 1562 4520 Domino
1595 4468 1815 4535 placuit,
1844 4470 1919 4522 ita

340 4549 539 4618 factum
570 4561 664 4605 est.
699 4550 917 4606 Placuit
948 4564 1103 4608 antea
1132 4565 1192 4608 ut
1230 4556 1410 4619 daret,
1450 4556 1657 4624 placuit
1688 4574 1832 4611 nunc
1860 4572 1919 4613 ut

339 4658 530 4697 rursus
558 4643 816 4699 auferret.
853 4644 1002 4700 Sicut
1062 4647 1285 4702 Domino
1326 4649 1547 4717 placuit,
1579 4653 1655 4704 ita
1710 4651 1908 4717 factum

336 4742 436 4788 est.
485 4734 657 4790 Omne
710 4739 853 4806 quod
892 4738 1000 4792 Deo
1058 4740 1322 4809 placuerit
1354 4744 1555 4796 bonum
1610 4752 1716 4807 est,
1748 4759 1917 4797 ontne

336 4828 481 4896 quod
513 4827 741 4883 Domino
794 4830 1058 4900 placuerit
1105 4833 1312 4903 justum
1344 4844 1446 4889 est.
1501 4834 1710 4891 Placuit
1744 4835 1821 4889 illi
1854 4847 1912 4891 ut

338 4918 515 4983 daret,
550 4919 688 4975 bene
711 4922 933 4989 placuit.
965 4921 1175 4977 Placuit
1204 4923 1278 4977 illi
1327 4925 1616 4981 identidem
1649 4937 1706 4981 ut
1727 4927 1913 4982 aufer-

338 5017 439 5073 ret,
462 5009 607 5078 jnste
636 5012 855 5080 placuit.
892 5011 1042 5067 Sicut
1082 5013 1306 5068 Domino
1345 5016 1564 5085 placuit,
1602 5018 1679 5071 ita
1708 5019 1912 5087 factum

335 5111 434 5157 est.
460 5102 704 5167 Quandiu
735 5106 810 5159 illi
846 5107 1046 5176 placuit
1081 5107 1367 5164 habuimus
1390 5151 1406 5175 ,
1458 5114 1676 5181 quando
1711 5114 1915 5182 placuit

336 5191 387 5244 ei
419 5209 524 5247 non
554 5196 834 5252 habemus.
865 5198 1013 5253 Sicut
1049 5198 1276 5253 Domino
1328 5201 1550 5267 placuit,
1592 5204 1667 5256 ita
1710 5203 1909 5272 factum

335 5293 431 5337 est.
470 5286 696 5352 Quando
749 5291 1075 5355 habuimus,
1112 5307 1217 5346 non
1272 5303 1557 5363 propterea
1591 5306 1786 5351 nostra
1813 5298 1912 5349 ha-

337 5378 573 5443 buimus,
603 5382 694 5435 sed
730 5383 942 5438 Domini
974 5406 986 5440 :
1014 5394 1068 5438 et
1094 5400 1217 5440 cum
1262 5385 1615 5454 perderemus
1672 5389 1854 5441 omnia
1887 5427 1904 5452 ,

338 5483 443 5521 non
479 5472 695 5538 propria
724 5474 1080 5542 perdidimus,
1113 5478 1206 5531 sed
1230 5475 1449 5531 abstulit
1478 5492 1595 5545 quae
1621 5493 1714 5533 sua
1749 5490 1908 5533 erant

341 5561 616 5624 Dominus,
653 5561 799 5617 Sicut
825 5565 1048 5621 Domino
1076 5568 1302 5636 placuit,
1329 5567 1403 5621 ita
1438 5568 1636 5634 factum
1661 5580 1760 5633 est,
1795 5570 1905 5625 sic-

344 5660 401 5709 ut
437 5653 695 5710 Dominus
759 5659 951 5724 voluit,
998 5661 1140 5716 sicut
1207 5661 1430 5716 Domino
1464 5660 1685 5730 placuit.
1735 5662 1909 5717 Omne

412 5837 456 5869 ⁸³
499 5836 638 5903 Paul.
676 5856 822 5907 xxix,
853 5839 905 5895 6.
978 5840 1023 5871 ⁸⁵
1067 5839 1204 5897 l‘sal.
1246 5859 1395 5911 actu,
1430 5843 1511 5898 l2.

1591 5844 1637 5876 ⁸⁵
1665 5846 1782 5901 Act.
1818 5862 1885 5905 Iv,
1918 5850 2001 5902 12.

2029 3365 2341 3427 susceperat
2376 3352 2629 3420 reddidit,
2656 3352 3043 3406 intaminatum
3075 3349 3305 3404 remisit
3333 3364 3494 3419 quem
3526 3353 3616 3405 vi-

2030 3465 2155 3506 vum
2188 3448 2448 3517 suscepit.
2481 3444 2618 3510 Hoc,
2651 3445 2895 3514 inquam,
2943 3457 3140 3498 nomen
3176 3442 3390 3497 Domini
3440 3444 3614 3497 bene—

2031 3544 2235 3597 dictum
2262 3541 2315 3596 in
2345 3538 2567 3596 saecula.
2599 3534 2715 3593 Hoc
2738 3552 2937 3592 nomen
2968 3536 3111 3604 quod
3159 3536 3317 3606 pauci
3346 3551 3413 3590 ex
3462 3537 3617 3605 prio-

2029 3636 2176 3691 ribus
2200 3641 2562 3704 agnoverunt,
2593 3631 2931 3699 posteriores
2962 3645 3092 3684 vero
3120 3644 3309 3683 omnes
3360 3643 3617 3698 suscepe-

2028 3736 2171 3782 runt.
2204 3726 2314 3782 Hoc
2349 3740 2542 3779 nomen
2576 3726 2643 3779 de
2677 3738 2785 3793 quo
2812 3724 3005 3778 dicunt
3037 3723 3216 3777 sancti
3261 3738 3326 3776 ex
3374 3738 3611 3792 persona

2028 3820 2121 3875 Dei
2149 3838 2163 3874 :
2188 3817 2355 3874 Vobis
2376 3818 2467 3888 qui
2501 3816 2706 3871 timetis
2735 3830 2934 3871 nomen
2963 3830 3142 3869 meum
3196 3815 3613 3886 cognominabi-

2028 3921 2114 3966 tur
2137 3925 2335 3965 novum
2368 3924 2561 3965 nomen
2592 3910 2739 3980 quod
2794 3908 3149 3963 benedicetur
3177 3923 3343 3978 super
3378 3918 3607 3962 terram.

2025 4002 2091 4057 Et
2118 4001 2294 4057 adhuc
2317 4017 2333 4054 :
2368 3999 2492 4055 Non
2512 4012 2589 4056 est
2616 4018 2805 4055 nomen
2837 4000 2986 4055 aliud
3014 4002 3109 4055 sub
3135 4002 3261 4055 caelo
3304 4002 3489 4055 datum
3510 4002 3608 4054 ho-

2025 4094 2247 4147 minibus
2276 4096 2333 4149 in
2358 4110 2462 4164 quo
2489 4103 2726 4162 oporteat
2753 4111 2846 4148 nos
2874 4095 3046 4148 salvos
3071 4095 3191 4163 ﬁeri
3219 4094 3292 4146 ³⁵.
3338 4093 3471 4159 Hoc,
3529 4094 3610 4149 in-

2024 4200 2214 4267 quam,
2238 4201 2434 4242 nomen
2462 4186 2681 4241 Domini
2734 4190 2808 4241 sit
2856 4188 3198 4244 benedictum
3253 4186 3311 4240 in
3359 4186 3603 4241 saecula:

2024 4279 2171 4347 quod
2198 4280 2336 4332 iram
2372 4280 2595 4347 avertit,
2622 4281 2765 4348 quod
2793 4280 3136 4335 maledictum
3187 4281 3411 4335 abstulit
3437 4291 3608 4350 atque

2024 4373 2256 4436 remisit,
2299 4373 2438 4441 quod
2463 4374 2736 4426 daemones
2763 4374 2978 4425 terruit.
3010 4373 3122 4427 Iloc
3166 4388 3360 4427 nomen
3391 4374 3616 4427 Domini-

2023 4462 2095 4517 sit
2118 4464 2463 4518 benedictum
2498 4466 2548 4517 in
2574 4464 2790 4517 saecula.
2823 4464 2905 4517 Sit
2937 4466 3279 4519 benedictum
3316 4468 3367 4519 in
3393 4465 3604 4535 angelis

2024 4564 2079 4609 et
2113 4557 2164 4609 in
2198 4556 2535 4620 hominibus,
2564 4558 2615 4609 in
2648 4555 2962 4610 coelestibus
2993 4556 3313 4621 virtutibus,
3341 4558 3392 4610 itt
3438 4557 3610 4626 spiri-.

2024 4649 2166 4703 tibus
2197 4650 2434 4716 atquein
2469 4650 2719 4701 omnibus
2744 4647 3017 4716 justornm
3046 4648 3357 4714 animabus,
3383 4650 3435 4701 in
3460 4665 3600 4717 gen-

2017 4742 2158 4794 tibus
2180 4751 2234 4796 et
2268 4742 2320 4794 in
2343 4743 2600 4795 omnibus
2628 4742 2869 4796 ﬁdelium
2923 4742 3454 4811 congregationibus.
3514 4744 3599 4796 Sit

2021 4850 2205 4887 nomen
2229 4834 2441 4889 Domini
2469 4836 2813 4889 benedictum.
2859 4836 3168 4903 Quousque,
3228 4847 3322 4888 aut
3354 4836 3597 4904 quanditt

2018 4928 2089 4982 sit
2122 4927 2501 4981 benedictum?
2538 4928 2603 4983 In
2640 4929 2857 4989 strcula,
2896 4930 3085 4997 inquit,
3131 4930 3181 4980 in
3237 4928 3395 4981 linem
3445 4942 3587 4996 prte-

2021 5021 2189 5074 sentis
2213 5030 2268 5073 et
2302 5021 2354 5073 in
2391 5022 2548 5075 initio
2586 5022 2778 5075 inﬁniti
2808 5021 2950 5075 illius
2983 5022 3189 5076 szeculi.
3226 5021 3330 5085 Sit,
3369 5021 3546 5090 inquit
3579 5060 3595 5085 ,

2022 5128 2216 5166 nomen
2250 5113 2457 5167 Domini
2490 5115 2831 5169 benedictum
2865 5116 2917 5167 in
2965 5114 3250 5168 animabus
3287 5123 3596 5179 castorum,

2019 5202 2073 5256 in
2114 5206 2367 5259 cordilms
2398 5207 2631 5274 piorum,
2657 5206 2711 5260 in
2740 5206 3011 5259 mentibus
3061 5197 3440 5275 religiosorum
3464 5246 3479 5269 ,
3536 5205 3605 5260 in

2018 5295 2243 5349 ecclesia
2277 5308 2610 5363 sanctorum,
2645 5298 2697 5352 in
2722 5299 3143 5369 congregatione
3176 5298 3601 5352 verissimorum

2018 5386 2111 5441 Dei
2140 5387 2485 5444 famulorum.
2519 5390 2601 5445 Sit
2632 5407 2825 5445 nomen
2863 5391 3073 5444 Domini
3108 5391 3453 5446 benedictum
3482 5403 3594 5442 nos}

2014 5479 2068 5532 in
2100 5490 2342 5551 tempore
2380 5483 2627 5538 dimenso
2673 5496 2838 5553 atque
2892 5494 3116 5551 statuto,
3142 5486 3235 5539 sed
3279 5486 3332 5537 in
3367 5483 3584 5538 saecula.

2014 5573 2069 5626 In
2098 5580 2314 5641 sarcula,
2355 5579 2550 5648 inquit,
2579 5580 2693 5633 sive
2723 5580 2776 5632 in
2800 5578 3054 5649 prmseuti
3085 5578 3283 5633 saeculo
3319 5593 3489 5641 usque
3534 5577 3591 5629 in

2019 5652 2201 5737 ﬁnem,
2228 5670 2341 5724 sive
2372 5670 2423 5724 in
2466 5669 2648 5726 futuro
2691 5672 2890 5727 saeculo
2921 5671 3012 5726 illo
3043 5668 3256 5725 inﬁnito
3305 5679 3467 5740 atque
3503 5668 3589 5726 in-
