3992 6312
225 394 331 452 645

1344 392 1724 452 ANONYMUS
1759 397 1826 452 1N
1863 397 2002 455 JOB.
2041 430 2110 439 —
2141 400 2269 455 LIB.
2310 400 2349 455 l.

3369 412 3475 469 “6

227 530 526 587 deﬁcienti.
565 530 649 586 Sit
688 546 874 585 nomen
900 528 1114 583 Domini
1139 531 1467 586 benedictum
1500 536 1554 588 in
1574 539 1792 594 secula.

1903 518 1988 586 qui
2017 518 2070 572 in
2103 520 2306 573 mundo
2325 531 2454 574 sunt
2485 531 2761 591 statuens,
2792 524 2961 581 dicit:
2997 525 3062 581 in
3092 529 3334 585 omnibus
3357 548 3475 597 στι-ω

223 622 602 690 Circumcrsio,
635 623 826 693 inquit,
857 623 923 677 ad
954 631 1165 691 tempus
1218 623 1344 691 fuit,
1376 624 1461 680 lex
1496 642 1669 696 usque
1731 630 1795 682 ad

230 711 625 781 plenitudinem
654 714 910 783 temporis
959 713 1079 769 fuit.
1118 714 1411 785 Postquam
1442 718 1592 772 venit
1625 718 1796 789 pleni-

227 804 352 859 tudo
382 804 646 874 temporis
682 804 829 859 misit
879 806 1021 861 Deus
1054 805 1251 860 Filium
1313 822 1468 861 suum
1498 809 1587 877 qui
1627 808 1796 879 legem

224 896 488 968 implevit,
538 906 592 953 et
613 899 839 967 gratiam
871 898 1281 963 demonstravit,
1318 909 1374 955 et
1414 914 1612 956 nomen
1663 900 1796 955 illud

221 988 621 1044 benedictionis
654 989 970 1058 impertiens
997 990 1210 1045 cunctis
1237 991 1288 1044 in
1318 1001 1580 1062 perpetuo
1608 1000 1799 1063 peten-

223 1081 365 1135 tibus
400 1081 640 1135 tradidit.
688 1079 772 1134 Sit
802 1096 991 1135 nomen
1014 1079 1228 1135 Domini
1257 1082 1581 1137 benedictum
1600 1083 1658 1138 in
1697 1100 1801 1137 str-

219 1172 365 1226 eula.
408 1171 613 1227 Nomen
642 1172 851 1229 Domini
880 1173 957 1227 ait
985 1173 1134 1237 boui,
1169 1175 1563 1240 misericordis,
1587 1176 1799 1245 patien-

221 1264 307 1325 tis,
342 1263 588 1334 benigni,
621 1263 1050 1319 clementissimi.
1082 1263 1167 1320 Sit
1215 1280 1411 1320 nomen
1448 1267 1659 1322 Domini
1702 1268 1795 1322 be-

219 1356 519 1419 nedictum,
544 1355 633 1425 qui
664 1355 1093 1411 benedictionem
1154 1359 1444 1412 seminavit
1474 1398 1489 1423 ,
1544 1360 1798 1429 produxit

216 1454 383 1516 atque
418 1446 680 1501 ostendit.
717 1446 800 1502 Sit
836 1463 1029 1503 nomen
1069 1450 1279 1505 Domini
1305 1451 1672 1517 benedictum,
1705 1455 1798 1525 qui

214 1546 412 1591 cuncta
443 1538 580 1593 bene
606 1538 841 1608 perﬁcit,
872 1540 965 1610 qui
988 1553 1179 1596 cuncta
1209 1544 1347 1597 bona
1379 1545 1648 1601 universis
1671 1561 1798 1616 pro-

213 1628 383 1692 videt,
422 1630 511 1698 qui
554 1630 712 1695 bene,
771 1632 969 1701 inquit,
1007 1633 1135 1687 mihi
1190 1650 1438 1705 magnam
1484 1637 1799 1703 patientiam

212 1732 383 1791 atque
408 1721 743 1777 tolerantiam
775 1724 1123 1791 condonavit,
1157 1735 1217 1779 ut
1244 1736 1496 1795 tanquam
1522 1743 1713 1782 aurum
1746 1729 1798 1782 in

213 1814 442 1872 fornace
469 1820 743 1886 probatus,
769 1819 1066 1888 perspicua:
1091 1820 1232 1884 ﬁdei,
1258 1820 1553 1877 tolerantiae
1586 1836 1800 1892 quoque

1897 609 1945 662 ei
1974 611 2280 664 acciderunt
2310 612 2444 665 nihil
2475 615 2710 681 peccavit
2759 614 2884 670 Job.
2922 618 3252 673 Acciderunt
3310 637 3357 674 et
3393 624 3473 674 di-l

1899 702 2061 764 vitim,
2088 712 2141 757 et
2175 704 2368 773 gloria,
2398 706 2491 759 sed
2547 705 2685 760 nihil
2748 716 3012 777 peccavit,
3056 725 3160 764 non
3214 713 3357 765 enim
3390 723 3473 765 est

1898 793 2069 849 elatus
2100 795 2152 848 iu
2187 796 2521 863 superbiam.
2552 797 2765 852 Accidit
2797 800 2847 853 ei
2894 801 3150 869 splendor
3178 811 3234 857 et
3260 804 3472 866 laetitia,

1900 885 1993 939 sed
2026 901 2130 941 nec
2164 887 2457 956 quidquam
2487 892 2756 958 peccavit.
2806 890 2923 944 Non
2949 893 3091 947 enim
3136 905 3221 948 est
3269 895 3472 950 oblitus

1901 976 2146 1033 timorem
2187 978 2424 1041 Domini.
2477 995 2654 1050 neque
2696 982 2988 1052 dereliquit
3042 985 3468 1041 misericordiam

1898 1083 1961 1123 ac
1988 1068 2417 1126 miserationem.
2449 1071 2579 1127 Post
2618 1073 2733 1128 haec
2763 1075 3012 1130 videlicet
3037 1077 3230 1132 accidit
3251 1080 3301 1132 ei
3335 1095 3470 1150 pau~

1899 1168 2078 1228 pertas
2106 1176 2170 1216 ac
2200 1163 2442 1229 miseria,
2472 1164 2569 1219 sed
2600 1164 2733 1219 nihil
2776 1169 3023 1235 peccavit
3056 1168 3177 1237 Job,
3209 1153 3470 1239 quianon

1901 1250 2564 1321 blasphemaritomnium
2615 1256 3010 1313 dominantem.
3062 1261 3275 1317 Accidit
3300 1262 3349 1316 ei
3378 1262 3474 1317 do-
3522 1296 3533 1311 ι

1900 1341 2001 1405 lor,
2034 1352 2088 1398 et
2120 1344 2294 1412 plaga,
2327 1355 2381 1399 et
2412 1362 2624 1402 vermes
2651 1357 2703 1403 et
2732 1353 2959 1419 putredo
2988 1370 3001 1408 :
3039 1353 3133 1406 sed
3186 1352 3321 1407 nihil
3350 1368 3475 1423 pec-

1898 1435 2042 1488 cavit
2070 1436 2251 1503 justus
2282 1436 2396 1493 ille.
2456 1436 2590 1493 Nam
2638 1456 2762 1495 cum
2813 1443 3115 1512 gratiarum
3169 1443 3475 1498 actionibus

1900 1527 2250 1583 vehementes
2278 1528 2397 1584 illos
2447 1530 2706 1586 sustinuit
2760 1534 2995 1588 dolores.
3034 1533 3312 1590 Veraciter
3339 1551 3473 1605 ergo

1900 1618 2092 1672 scribit
2121 1634 2345 1690 magnus
2394 1621 2485 1676 ille
2519 1622 2733 1695 Moyses
2762 1625 2829 1679 de
2850 1623 2976 1691 Job,
3003 1635 3058 1680 et
3091 1628 3359 1683 veraciter
3388 1627 3475 1682 di-

1900 1710 2023 1764 cit:
2077 1709 2147 1765 In
2178 1713 2418 1766 omnibus
2466 1729 2583 1784 qua:
2641 1718 2691 1768 ei
2721 1718 3028 1771 acciderunt
3066 1718 3196 1770 nihil
3242 1720 3475 1788 peccavit

1901 1798 2023 1865 Job,
2055 1819 2219 1873 neque
2250 1805 2305 1858 in
2333 1817 2609 1874 conspectu
2641 1804 2848 1860 Domini
2888 1826 3049 1878 neque
3075 1811 3131 1863 in
3160 1811 3313 1864 labiis
3340 1811 3470 1865 suis.

210 1917 382 1978 atque
407 1909 681 1977 patientia:
708 1908 936 1965 formam
965 1909 1176 1964 cunctis
1196 1911 1591 1981 subsequenter
1615 1922 1799 1967 osten-

1903 1894 2038 1959 Quid
2061 1904 2145 1949 est
2166 1897 2309 1964 quod
2330 1896 2487 1960 dicis,
2515 1913 2548 1951 υ
2576 1914 2767 1967 magne
2796 1899 3043 1971 Moyses?
3066 1903 3194 1971 quid
3222 1913 3302 1957 est
3332 1904 3475 1971 quod

209 1999 367 2063 dam,
398 2000 578 2069 justus
605 2001 1008 2069 comprobatus,
1046 2002 1252 2057 electus
1285 1990 1683 2059 demonstratus
1714 2016 1799 2059 at—

206 2105 323 2160 que
358 2092 660 2161 probabilis
687 2104 960 2156 ostensus,
998 2106 1102 2146 non
1146 2093 1374 2153 Domino
1423 2094 1517 2163 qui
1543 2104 1629 2148 est
1660 2110 1797 2162 prte-

205 2182 389 2247 scius,
421 2183 514 2237 sed
548 2183 860 2237 hominibus
909 2184 961 2237 in
995 2183 1195 2239 mundo
1226 2183 1624 2252 ignorantibus.
1665 2184 1796 2238 Nam

206 2272 484 2341 praescius
514 2272 773 2329 Dominus
803 2273 965 2327 etiam
1005 2283 1133 2326 ante
1171 2273 1440 2341 passionis
1465 2273 1676 2327 initium
1713 2283 1797 2326 tn-

230 2365 470 2419 erantite
506 2365 709 2419 sciebat
734 2366 958 2419 exitum.
991 2365 1185 2421 Merito
1214 2364 1580 2420 testimonium
1617 2365 1799 2434 perhi-

206 2457 359 2521 nuit,
392 2458 484 2528 qui
517 2458 586 2512 ob
620 2460 720 2513 hoc
750 2458 917 2528 ipsam
945 2459 1297 2512 tentationem
1328 2455 1601 2526 permisit,
1634 2465 1692 2509 ut
1715 2455 1798 2510 his

208 2549 307 2619 qui
341 2550 394 2603 in
443 2551 644 2604 nmndo
689 2560 815 2604 sunt
867 2550 1321 2617 comprobaretur
1339 2548 1542 2618 justus.
1576 2546 1683 2603 Pro
1712 2548 1798 2602 his

210 2657 349 2712 ergo
378 2643 632 2696 omnibus
673 2642 745 2694 sit
773 2656 969 2695 nomen
1003 2639 1209 2694 Domini
1245 2638 1588 2693 benedictum
1613 2640 1664 2692 in
1693 2654 1796 2693 sa:-

210 2734 356 2789 cula.
386 2733 512 2803 llaec
536 2732 819 2789 audientes
839 2731 1226 2798 subsequente:
1262 2728 1425 2782 etiam
1463 2726 1634 2781 sancti
1672 2742 1799 2796 pro-

211 2829 397 2898 pheta:
426 2840 454 2877 a
492 2824 651 2877 beato
681 2822 781 2878 Job
796 2821 992 2877 tedocti
1038 2820 1326 2874 dixerunt:
1361 2818 1440 2873 Sit
1467 2834 1656 2872 nomen
1685 2818 1795 2872 Do-

210 2919 343 2971 mini
372 2917 702 2971 benedictum
729 2931 793 2970 ex
811 2914 907 2968 hoc
932 2928 1070 2966 nunc
1098 2921 1145 2966 et
1177 2927 1339 2981 usque
1372 2912 1427 2964 in
1449 2910 1700 2964 saeculum
1725 2910 1793 2965 ⁸⁵.

214 3008 371 3066 Sicut
403 3011 549 3064 enim
582 3006 846 3062 mirabilis
898 3004 1000 3061 Job
1046 3019 1168 3059 cum
1201 3003 1417 3059 dolores
1450 3002 1746 3057 sustineret
1775 3042 1791 3065 ,

214 3114 418 3157 nomen
444 3098 657 3153 Domini
688 3096 980 3173 benedixit,
1005 3094 1076 3148 ita
1108 3105 1164 3149 et
1194 3092 1336 3149 beati
1364 3092 1639 3163 propheta:
1667 3105 1794 3161 per-

213 3192 534 3249 secutiones
559 3202 613 3247 et
635 3191 847 3246 dolores
879 3191 1212 3246 sustinentes
1264 3188 1563 3254 terribiles,
1594 3200 1794 3242 nomen

216 3284 435 3340 Domini
470 3283 880 3338 benedixeruut.
906 3282 1033 3336 Post
1074 3296 1195 3351 qua:
1227 3282 1507 3348 universa,
1536 3279 1683 3335 velut
1713 3278 1797 3333 vi-

216 3378 408 3433 ctoria:
440 3377 683 3442 titulum,
711 3375 915 3447 gloriae,
948 3390 1011 3430 ac
1042 3374 1219 3429 laudis
1254 3382 1417 3443 atque
1464 3373 1689 3427 honoris
1718 3371 1795 3426 illi

216 3479 467 3525 statuens
497 3484 725 3539 magnus
753 3468 843 3522 ille
880 3468 1093 3537 Moyses
1149 3466 1364 3529 scribit,
1409 3480 1475 3520 ac
1506 3464 1677 3518 dicit:
1730 3468 1799 3517 1n

217 3560 291 3614 his
322 3575 463 3629 ergo
492 3560 727 3612 omnibus
747 3572 863 3627 qua:
885 3558 932 3610 ei
952 3556 1276 3618 acciderunt,
1297 3572 1399 3609 non
1420 3556 1648 3625 peccavit
1675 3554 1796 3621 Job,

217 3669 383 3723 neque
426 3652 481 3703 in
526 3659 799 3717 conspectu
831 3648 1064 3711 Domini,
1115 3664 1277 3718 neque
1311 3648 1366 3709 in
1400 3647 1556 3703 labiis
1589 3646 1698 3703 suis
1721 3646 1793 3699 l".

219 3744 269 3799 In
292 3747 388 3799 his
416 3743 691 3807 omnibus,
721 3740 915 3810 inquit,
955 3748 1063 3793 tam
1099 3738 1369 3809 plurimis,
1412 3747 1521 3790 tam
1566 3735 1798 3810 magnis,

220 3850 325 3893 tam
367 3836 714 3908 periculosis,
758 3843 974 3909 tamque
1020 3831 1355 3887 terribilibus
1408 3844 1473 3884 ac
1509 3831 1801 3884 vehemen-

222 3931 471 3995 tissimis,
496 3930 548 3982 in
583 3926 834 3983 omnibus
881 3926 1071 3996 primis
1096 3939 1161 3991 ac
1204 3924 1541 3988 novissimis,
1576 3921 1797 3991 majori-

222 4020 315 4091 bus
338 4036 407 4074 ac
436 4018 742 4091 minoribus
764 4033 884 4088 qum
901 4016 1264 4074 lueruntante
1288 4018 1522 4088 plagam,
1555 4017 1607 4072 in
1634 4018 1803 4075 omni:

223 4109 316 4165 bus
352 4108 778 4181 miserabilibus,
804 4106 1062 4177 gravibus
1090 4121 1310 4178 quoque
1337 4116 1392 4161 et
1418 4117 1650 4162 mentem
1680 4122 1801 4179 per:

227 4200 591 4267 turbantibus,
623 4199 919 4267 praecordia
944 4197 1398 4268 perterrentibus.
1430 4194 1487 4251 in
1520 4197 1606 4251 his
1627 4197 1801 4263 omni-

226 4290 342 4348 bus.
399 4290 540 4345 Nam
576 4291 679 4365 nisi
726 4299 911 4345 essent
961 4289 1193 4358 plurima
1233 4298 1288 4343 et
1354 4303 1574 4358 magna,
1634 4298 1801 4359 atque

229 4385 514 4451 terribilia,
544 4398 648 4437 non
685 4383 874 4451 utique
911 4381 1141 4437 dixisset
1196 4380 1250 4434 in
1286 4380 1370 4435 bis
1402 4380 1655 4435 omnibus
1681 4395 1801 4450 quae

226 4476 273 4530 ei
296 4475 640 4539 acciderunt,
694 4484 952 4545 tauquam
993 4474 1037 4530 si
1064 4473 1322 4528 diceret:
1365 4471 1497 4538 Quis
1555 4486 1743 4541 regum
1771 4487 1798 4524 a

1903 1985 2164 2054 loqueris,
2200 2003 2362 2057 neque
2400 1988 2455 2041 in
2487 2001 2768 2059 conspectu
2819 1991 3065 2056 Domini,
3097 2011 3261 2064 neque
3292 1996 3348 2050 in
3394 1994 3477 2049 la-

1902 2077 1999 2131 biis
2029 2078 2336 2148 suisiEgo,
2371 2081 2569 2151 inquit,
2604 2082 2810 2152 absque
2845 2084 3129 2139 mendacio
3180 2087 3391 2155 loquor,
3421 2098 3477 2141 et

1896 2168 2046 2238 juste
2074 2171 2287 2240 loquor.
2315 2171 2370 2224 lu
2400 2183 2691 2242 conspectu
2717 2176 2860 2227 enim
2900 2176 3111 2230 Domini
3137 2194 3241 2232 non
3278 2193 3471 2246 pecca—

1900 2262 1999 2324 vit,
2033 2262 2135 2317 hoc
2159 2272 2263 2327 est,
2297 2264 2348 2317 iu
2390 2266 2585 2321 animae
2616 2267 2891 2331 consiliis,
2944 2282 3117 2338 neque
3162 2269 3214 2323 in
3273 2276 3477 2339 cogita-

1910 2354 2167 2419 tionibus,
2193 2370 2372 2425 neque
2406 2356 2460 2410 in
2508 2359 2921 2415 tractationibus
2968 2360 3173 2415 cordis.
3210 2361 3305 2416 His
3331 2362 3476 2417 enim

1900 2446 2175 2511 observat,
2235 2458 2291 2501 et
2336 2449 2439 2503 ista
2481 2450 2705 2520 respicit
2758 2451 2921 2507 iacies
2970 2452 3203 2519 Domini,
3236 2469 3358 2525 quae
3410 2454 3465 2507 in

1900 2540 2065 2594 corde
2091 2540 2398 2608 cogitantur
2429 2549 2596 2610 atque
2640 2551 2962 2606 tractantur,
2992 2542 3148 2611 juxta
3185 2544 3291 2598 hoc
3336 2544 3478 2613 quod

1900 2632 2102 2687 dictum
2142 2640 2225 2686 est
2266 2651 2281 2687 :
2341 2631 2463 2686 Non
2508 2636 2644 2687 sicut
2688 2636 2827 2689 videt
2884 2635 3063 2701 homo,
3121 2635 3259 2689 videt
3322 2636 3477 2700 Deus.

1898 2724 1986 2778 sed
2054 2724 2205 2778 homo
2256 2726 2393 2778 videt
2461 2726 2518 2778 in
2576 2727 2749 2793 facie,
2830 2735 2886 2780 et
2956 2742 3062 2780 non
3122 2727 3174 2780 in
3265 2729 3476 2784 corde:

1901 2814 2042 2870 Deus
2082 2828 2255 2870 autem
2300 2818 2437 2870 videt
2486 2818 2542 2871 in
2602 2820 2756 2871 corde
2818 2819 2901 2883 ⁸⁸,
2961 2828 3015 2875 et
3044 2820 3097 2874 in
3134 2820 3275 2875 facie
3319 2830 3376 2875 et
3420 2821 3476 2876 in

1910 2910 2356 2980 cogitationibus,
2390 2920 2552 2979 atque
2588 2912 2639 2963 in
2673 2910 2805 2975 ipsis
2834 2912 3012 2966 cordis
3048 2913 3311 2968 consiliis.
3336 2912 3479 2971 Istas

1901 3001 2109 3055 scilicet
2139 3002 2320 3055 cordis
2365 3002 2726 3070 cogitationes
2756 3045 2769 3067 ,
2807 3002 3033 3057 consilia
3065 3019 3281 3073 quoque
3312 3015 3479 3075 atque

1902 3101 2164 3146 tractatus
2197 3093 2508 3161 designans,
2541 3092 2674 3147 dicit
2704 3110 2719 3147 :
2750 3108 2911 3163 neque
2957 3094 3011 3147 in
3064 3107 3343 3165 conspectu
3375 3095 3482 3150 Do.

1903 3179 2049 3235 mini.
2081 3179 2253 3235 Verba
2284 3192 2464 3234 autem
2493 3190 2547 3235 et
2573 3181 2792 3247 eloquia
2838 3183 3219 3241 demonstrans
3245 3205 3259 3240 :
3292 3202 3476 3256 neque,

1903 3270 2101 3341 inquit,
2130 3272 2188 3326 in
2219 3272 2373 3328 labiis
2396 3273 2528 3339 suis,
2556 3288 2620 3328 ac
2650 3274 2693 3328 si
2728 3276 2962 3330 diceret:
2983 3275 3174 3331 Omnia
3205 3293 3325 3347 quae
3352 3293 3482 3348 pro-

1901 3374 2170 3417 venerunt
2199 3365 2271 3427 ei,
2302 3364 2373 3418 ita
2408 3364 2671 3419 sustinuit
2702 3363 2804 3421 Job
2832 3375 2886 3422 et
2914 3366 2986 3421 ita
3017 3369 3393 3437 supportavit,
3421 3376 3482 3423 ut

1902 3471 1999 3510 nec
2034 3457 2087 3509 in
2118 3456 2295 3510 verbis
2325 3455 2592 3510 labiorum
2620 3456 3029 3533 blasphemaret
3059 3459 3225 3511 Deum
3258 3497 3273 3524 ,
3303 3472 3480 3529 neque

1902 3546 1953 3599 iu
1998 3544 2177 3599 cordis
2227 3545 2653 3614 cogitationibus
2705 3545 3174 3614 reprehenderet,
3219 3561 3396 3617 neque
3426 3548 3480 3602 in

1902 3637 2097 3699 animae
2143 3636 2385 3691 consiliis
2419 3634 2688 3703 culparet.
2720 3635 3005 3702 Quomodo
3047 3637 3246 3690 malum
3278 3640 3482 3709 cogita-

1903 3741 2055 3782 turus
2089 3737 2209 3782 erat
2238 3726 2341 3780 Job
2380 3727 2432 3780 in
2482 3726 2648 3782 corde
2697 3742 2795 3781 suo
2834 3728 3097 3782 adversus
3146 3727 3312 3782 Deum
3338 3769 3356 3797 ,
3388 3730 3481 3800 qui

1902 3837 1998 3889 pro
2028 3819 2261 3873 ﬁliorum
2295 3818 2552 3872 cordibus
2591 3833 2775 3872 curam
2802 3832 3017 3888 gerens,
3052 3819 3221 3873 dixit:
3244 3819 3327 3874 Ne
3348 3821 3483 3890 forte

1900 3911 1999 3979 ﬁlii
2031 3910 2130 3963 mei
2178 3908 2236 3962 in
2285 3908 2529 3962 cordibus
2570 3908 2679 3961 suis
2727 3908 2855 3961 mali
2894 3910 3095 3979 aliquid
3139 3910 3480 3980 cogitaverim

1902 4002 2343 4077 atlversus'Deum
2365 4001 2411 4033 ⁸³
2444 4000 2606 4060 ?Non
2644 4002 2910 4072 peccavit,
2940 4002 3131 4071 inquit,
3166 4003 3218 4056 in
3250 4019 3484 4074 conspe-

1901 4106 1988 4151 ctu
2025 4095 2258 4160 Domini,
2287 4095 2449 4149 corde
2499 4092 2641 4148 male
2685 4093 2995 4163 cogitando,
3030 4111 3208 4166 neque
3238 4095 3290 4150 in
3324 4095 3484 4151 labiis

1903 4187 2037 4251 suis,
2072 4186 2260 4241 illicita
2300 4184 2593 4254 loquendo.
2627 4182 2802 4253 Super
2835 4185 2948 4240 haec
2987 4187 3192 4253 omnia,
3223 4183 3347 4240 Non
3391 4186 3485 4240 de-

1901 4281 1978 4333 dit
2005 4321 2021 4344 ,
2043 4280 2214 4347 inquit
2240 4320 2255 4345 ,
2292 4277 2651 4348 insipientiam
2679 4277 2812 4334 Deo.
2846 4277 2986 4345 Quid
3015 4290 3100 4335 est
3127 4282 3270 4350 quod
3303 4279 3436 4335 dicit
3462 4318 3480 4344 ,

1904 4388 2004 4425 non
2034 4372 2176 4424 dedit
2208 4370 2561 4437 insipientiam
2585 4368 2695 4422 Deo
2722 4372 2746 4426 ?
2779 4371 2856 4423 Ac
2884 4371 2929 4424 si
2965 4372 3169 4426 diceret
3196 4389 3209 4425 :
3235 4368 3355 4425 Non
3382 4386 3483 4426 ex-

1903 4463 2041 4517 stitit
2066 4462 2298 4529 inlidelis
2332 4462 2459 4526 Deo,
2490 4476 2594 4513 non
2628 4463 2836 4516 exstitit
2863 4462 3115 4517 inﬁrmus
3144 4503 3160 4528 ,
3188 4478 3364 4533 neque
3391 4463 3477 4518 in-

230 4568 424 4639 saeculo
453 4566 583 4641 talia
610 4565 747 4620 bella
773 4564 1000 4638 peregit,
1020 4578 1053 4635 ο
1080 4564 1226 4619 viri?
1254 4564 1385 4630 Quis
1408 4564 1476 4618 ab
1501 4562 1655 4617 initio
1679 4579 1802 4633 pro-
1835 4583 1878 4637 ι)
1906 4553 2139 4621 ﬂabilis.
2167 4568 2341 4622 ηθίιιιθ
2367 4553 2640 4633 Perﬁdus,
2677 4568 2851 4621 ηεψιθ
2882 4564 3206 4637 εοωῐῐιοιυεο
3241 4553 3366 4610 Non
3392 4554 3485 4609 άε·

231 4671 411 4712 cerum
468 4657 774 4732 huiusmodi
813 4657 1047 4731 perfecit
1080 4655 1404 4722 victoriam,
1456 4673 1489 4711 ο
1518 4655 1801 4725 homines,

233 4749 684 4829 quemadmodum
721 4749 1057 4821 admirabilis
1095 4748 1233 4817 Job;
1280 4751 1370 4819 qui
1408 4763 1700 4819 percussus
1722 4758 1806 4805 est
1856 4811 1868 4827 ν

234 4851 284 4897 et
313 4858 418 4897 non
457 4852 539 4908 est
567 4842 906 4909 interfectus,
932 4841 1224 4919 sagittatus
1254 4850 1337 4896 est
1360 4850 1542 4896 etnon
1569 4849 1653 4896 est
1681 4838 1804 4897 vul-

238 4948 471 5001 neratus,
504 4935 779 5009 doloribus
804 4943 888 4989 est
912 4932 1140 4989 aliectus
1162 4942 1215 4989 et
1250 4948 1358 4988 non
1384 4942 1467 4988 est
1520 4931 1760 5001 dejectus
1787 4972 1803 4997 ,

243 5029 501 5101 suﬁ‘ossps
529 5037 614 5095 est
650 5036 703 5093 et
744 5043 849 5097 non
888 5036 970 5081 est
998 5028 1313 5092 subversus,
1343 5025 1579 5082 miseriis
1614 5035 1698 5080 est
1722 5024 1805 5078 alo

241 5120 408 5177 ﬁictus
438 5131 494 5177 et
525 5137 630 5175 non
664 5129 747 5176 est
771 5120 1185 5185 comminutus?
1231 5118 1393 5174 Solus
1429 5134 1592 5189 super
1620 5133 1810 5173 omnes

245 5215 488 5283 antiquos
523 5228 588 5269 ac
620 5220 870 5284 posteros
901 5212 1195 5268 immobilis
1221 5212 1619 5283 gratiliceutiae,
1646 5219 1699 5265 et
1728 5220 1810 5263 to-

245 5304 479 5379 lerantia:
508 5316 667 5361 scuto
700 5320 759 5361 se
806 5307 1180 5375 circumdatis,
1233 5304 1491 5374 solusque
1552 5306 1811 5360 adversus

246 5396 548 5467 innumeros
586 5408 760 5463 stans,
803 5396 1183 5473 insuperabilis
1227 5395 1623 5466 perseveravit,
1646 5405 1809 5466 atque

247 5487 385 5543 solus
423 5489 488 5543 de
524 5489 870 5545 multitudine
898 5488 1209 5559 iniquorum
1235 5488 1518 5544 victoriam
1551 5488 1807 5558 sumpsit.

250 5573 357 5634 Iloc
380 5581 631 5634 nimirum
657 5582 921 5646 scribens,
957 5596 1020 5634 ac
1043 5580 1325 5661 proferens
1353 5579 1585 5652 Moyses,
1608 5589 1663 5634 et
1695 5588 1814 5647 tan-

252 5683 400 5737 quam
454 5683 726 5748 perpetem
778 5673 988 5727 titulum
1033 5673 1085 5726 iu
1140 5672 1367 5729 formam
1399 5673 1704 5735 tolerantia:
1743 5672 1811 5733 iis

322 5854 362 5909 κ
391 5856 532 5917 Psal.
560 5873 691 5925 an,
722 5858 773 5910 ‘2.
862 5858 905 5889 ⁵⁷
937 5858 1037 5936 Job
1075 5876 1114 5925 ι,
1142 5859 1230 5916 ‘22.

1911 4647 1987 4698 dit
2016 4645 2375 4715 insipientiam
2406 4644 2538 4700 Deo.
2574 4642 2691 4702 Non
2725 4645 2868 4699 enim
2899 4645 3001 4699 fuit
3025 4634 3483 4716 quemadmodum

1909 4737 2102 4791 domus
2134 4735 2221 4790 illa
2254 4751 2375 4815 quin
2424 4750 2587 4805 super
2629 4749 2856 4790 arenam
2905 4746 2990 4791 est
3033 4736 3294 4793 fabricata
3320 4780 3338 4806 ,
3365 4753 3486 4808 quae

1912 4843 2017 4883 non
2050 4828 2234 4883 habuit
2266 4828 2704 4893 fundamentum,
2742 4828 2843 4883 hoc
2873 4838 2977 4892 est,
3011 4830 3135 4884 ﬁdei
3186 4838 3240 4884 et
3270 4829 3486 4898 pietatis

1915 4922 2339 4985 ﬁrmamentum,
2370 4932 2490 4989 qua:
2532 4917 2692 4972 facile
2740 4920 2914 4973 ventis
2943 4928 2998 4974 et
3026 4921 3184 4989 aquis
3214 4930 3485 4974 commota

1914 5012 2132 5081 cecidit.
2162 5011 2269 5075 Sed
2302 5026 2407 5081 non
2439 5010 2539 5065 fuit
2593 5010 2720 5081 talis
2752 5011 2950 5066 beatus
2983 5010 3105 5077 Job,
3138 5013 3233 5066 sed
3271 5012 3482 5080 ﬁrmus,

1910 5105 2122 5161 stabilis
2166 5114 2328 5175 atque
2367 5103 2660 5158 immobilis
2688 5103 2812 5158 fuit.
2856 5103 3066 5159 idcirco
3109 5104 3287 5158 omnis
3316 5105 3485 5173 impe.

1912 5210 1995 5255 tus
2018 5198 2359 5274 nequissimi,
2382 5207 2434 5253 et
2460 5198 2637 5267 omnis
2671 5196 2951 5253 inundatio
2998 5197 3194 5251 diaboli
3252 5198 3485 5252 subver-

1915 5304 2051 5358 tere,
2078 5294 2161 5347 vel
2193 5292 2431 5361 dejicere
2472 5290 2803 5345 immobilem
2834 5290 2980 5344 illum
3030 5304 3136 5344 non
3168 5299 3483 5359 potuerunt.

1910 5384 2026 5442 lloc
2058 5387 2239 5456 itaque
2272 5384 2651 5447 demonstrans
2677 5384 2810 5440 dicit
2838 5404 2852 5439 :
2894 5382 3016 5437 Non
3040 5383 3180 5437 dedit
3228 5384 3485 5453 insipien-

1916 5477 2045 5534 tiam
2071 5478 2202 5534 Deo.
2238 5478 2389 5533 Sicut
2417 5478 2675 5544 diximus,
2707 5494 2815 5533 non
2843 5478 3053 5533 exstitit
3080 5478 3313 5533 inﬁdelis
3353 5478 3484 5545 Deo,

1920 5566 2095 5642 neque
2146 5571 2536 5642 iuﬁdigraphus
2563 5613 2581 5638 ,
2612 5586 2784 5640 neque
2832 5573 3097 5642 ingratus.
3128 5572 3236 5627 Aut
3266 5572 3443 5626 adhuc
3468 5609 3487 5637 ,

1919 5666 2116 5754 inquit,
2159 5665 2281 5731 Non
2322 5665 2465 5721 dedit
2511 5664 2861 5735 insipientiam
2909 5663 3036 5732 Deo,
3074 5679 3139 5720 ac
3171 5666 3216 5721 si
3262 5665 3490 5734 diceret,

1317 5860 1360 5891 ⁵³
1392 5859 1408 5912 l
1442 5858 1570 5924 Reg.
1607 5872 1716 5923 xvn,
1742 5856 1793 5931 Ἰ.
1870 5856 1913 5885 ⁸⁵
1940 5851 2038 5926 Job
2065 5866 2102 5923 ι,
2136 5850 2191 5923 5.,
