  <div class='ocr_page' id='page_1' title='image "/cluster/home/n/w/nwhite01/storage/ocr_20150623/17/mdp.39015031604831/229.png"; bbox 0 0 3992 6312; ppageno 0'>
   <div class='ocr_carea' id='block_1_1' title="bbox 486 388 591 444">
    <p class='ocr_par' dir='ltr' id='par_1_1' title="bbox 486 388 591 444">
     <span class='ocr_line' id='line_1_1' title="bbox 486 388 591 444; baseline -0.019 0"><span class='ocrx_word' id='word_1_1' title='bbox 486 388 591 444; x_wconf 61' lang='grc'><strong>447</strong></span> 
     </span>
    </p>
   </div>
   <div class='ocr_carea' id='block_1_2' title="bbox 1581 383 2627 443">
    <p class='ocr_par' dir='ltr' id='par_1_2' title="bbox 1581 383 2627 443">
     <span class='ocr_line' id='line_1_2' title="bbox 1581 383 2627 443; baseline 0.003 -4"><span class='ocrx_word' id='word_1_2' title='bbox 1581 383 1964 440; x_wconf 79' lang='lat' dir='ltr'><strong>ANONYMUS</strong></span> <span class='ocrx_word' id='word_1_3' title='bbox 2005 385 2069 439; x_wconf 82' lang='lat' dir='ltr'><strong>IN</strong></span> <span class='ocrx_word' id='word_1_4' title='bbox 2108 386 2245 440; x_wconf 82' lang='lat' dir='ltr'><strong>JOB.</strong></span> <span class='ocrx_word' id='word_1_5' title='bbox 2286 418 2353 430; x_wconf 88' lang='grc'><strong><em>--</em></strong></span> <span class='ocrx_word' id='word_1_6' title='bbox 2393 384 2516 441; x_wconf 81' lang='lat' dir='ltr'><strong>LIB.</strong></span> <span class='ocrx_word' id='word_1_7' title='bbox 2560 387 2627 443; x_wconf 88' lang='lat' dir='ltr'><strong>ll.</strong></span> 
     </span>
    </p>
   </div>
   <div class='ocr_carea' id='block_1_3' title="bbox 3627 390 3720 450">
    <p class='ocr_par' dir='ltr' id='par_1_3' title="bbox 3627 390 3720 450">
     <span class='ocr_line' id='line_1_3' title="bbox 3627 390 3720 450; baseline 0.043 -4"><span class='ocrx_word' id='word_1_8' title='bbox 3627 390 3720 450; x_wconf 66' lang='lat' dir='ltr'><strong>iis</strong></span> 
     </span>
    </p>
   </div>
   <div class='ocr_carea' id='block_1_4' title="bbox 491 508 3718 585">
    <p class='ocr_par' dir='ltr' id='par_1_4' title="bbox 491 508 3718 585">
     <span class='ocr_line' id='line_1_4' title="bbox 491 508 3718 585; baseline 0.003 -17"><span class='ocrx_word' id='word_1_9' title='bbox 491 528 599 568; x_wconf 90' lang='lat' dir='ltr'><strong>non</strong></span> <span class='ocrx_word' id='word_1_10' title='bbox 634 511 767 567; x_wconf 74' lang='lat' dir='ltr'><strong>iecit</strong></span> <span class='ocrx_word' id='word_1_11' title='bbox 800 525 1084 566; x_wconf 76' lang='lat' dir='ltr'><strong>sermones</strong></span> <span class='ocrx_word' id='word_1_12' title='bbox 1110 508 1199 565; x_wconf 83' lang='lat' dir='ltr'><strong>Dei</strong></span> <span class='ocrx_word' id='word_1_13' title='bbox 1233 525 1409 578; x_wconf 82' lang='lat' dir='ltr'><strong>neque</strong></span> <span class='ocrx_word' id='word_1_14' title='bbox 1436 511 1747 565; x_wconf 89' lang='lat' dir='ltr'><strong>testimonia</strong></span> <span class='ocrx_word' id='word_1_15' title='bbox 1779 513 1896 578; x_wconf 82' lang='lat' dir='ltr'><strong>ejus</strong></span> <span class='ocrx_word' id='word_1_16' title='bbox 1928 512 2059 566; x_wconf 79' lang='lat' dir='ltr'><strong>inﬁ-</strong></span> <span class='ocrx_word' id='word_1_17' title='bbox 2093 519 2135 579; x_wconf 78' lang='grc' dir='ltr'>Α</span> <span class='ocrx_word' id='word_1_18' title='bbox 2168 525 2384 583; x_wconf 92' lang='lat' dir='ltr'><strong>propter</strong></span> <span class='ocrx_word' id='word_1_19' title='bbox 2414 516 2701 585; x_wconf 80' lang='lat' dir='ltr'><strong>pecuniam</strong></span> <span class='ocrx_word' id='word_1_20' title='bbox 2724 557 2738 581; x_wconf 93' lang='lat'><strong>,</strong></span> <span class='ocrx_word' id='word_1_21' title='bbox 2770 516 2868 570; x_wconf 88' lang='lat' dir='ltr'><strong>sed</strong></span> <span class='ocrx_word' id='word_1_22' title='bbox 2898 525 3130 585; x_wconf 80' lang='lat' dir='ltr'><strong>propter</strong></span> <span class='ocrx_word' id='word_1_23' title='bbox 3159 515 3505 570; x_wconf 74' lang='lat' dir='ltr'><strong>dilectionem</strong></span> <span class='ocrx_word' id='word_1_24' title='bbox 3529 524 3718 577; x_wconf 77' lang='lat' dir='ltr'><strong>servie-</strong></span> 
     </span>
    </p>
   </div>
   <div class='ocr_carea' id='block_1_5' title="bbox 489 604 2066 672">
    <p class='ocr_par' dir='ltr' id='par_1_5' title="bbox 489 604 2066 672">
     <span class='ocr_line' id='line_1_5' title="bbox 489 604 2066 672; baseline 0.001 -14"><span class='ocrx_word' id='word_1_25' title='bbox 489 605 630 659; x_wconf 86' lang='lat' dir='ltr'><strong>delia</strong></span> <span class='ocrx_word' id='word_1_26' title='bbox 659 642 675 668; x_wconf 93' lang='lat'><strong>,</strong></span> <span class='ocrx_word' id='word_1_27' title='bbox 710 619 884 672; x_wconf 86' lang='lat' dir='ltr'><strong>neque</strong></span> <span class='ocrx_word' id='word_1_28' title='bbox 938 616 1271 671; x_wconf 85' lang='lat' dir='ltr'><strong>supervacua</strong></span> <span class='ocrx_word' id='word_1_29' title='bbox 1300 644 1315 667; x_wconf 91' lang='lat'><strong>,</strong></span> <span class='ocrx_word' id='word_1_30' title='bbox 1366 618 1543 670; x_wconf 85' lang='lat' dir='ltr'><strong>neque</strong></span> <span class='ocrx_word' id='word_1_31' title='bbox 1596 604 1900 658; x_wconf 80' lang='lat' dir='ltr'><strong>mendacia.</strong></span> <span class='ocrx_word' id='word_1_32' title='bbox 1935 605 2066 671; x_wconf 65' lang='lat' dir='ltr'><strong>Quae</strong></span> 
     </span>
    </p>
   </div>
   <div class='ocr_carea' id='block_1_6' title="bbox 491 693 2065 764">
    <p class='ocr_par' dir='ltr' id='par_1_6' title="bbox 491 693 2065 764">
     <span class='ocr_line' id='line_1_6' title="bbox 491 693 2065 764; baseline 0.004 -20"><span class='ocrx_word' id='word_1_33' title='bbox 491 696 656 749; x_wconf 84' lang='lat' dir='ltr'><strong>verba</strong></span> <span class='ocrx_word' id='word_1_34' title='bbox 699 694 819 756; x_wconf 79' lang='lat' dir='ltr'><strong>Dei.</strong></span> <span class='ocrx_word' id='word_1_35' title='bbox 854 693 936 747; x_wconf 87' lang='lat' dir='ltr'><strong>vel</strong></span> <span class='ocrx_word' id='word_1_36' title='bbox 962 708 1084 762; x_wconf 65' lang='lat' dir='ltr'><strong>quin</strong></span> <span class='ocrx_word' id='word_1_37' title='bbox 1113 694 1424 748; x_wconf 87' lang='lat' dir='ltr'><strong>testimonia</strong></span> <span class='ocrx_word' id='word_1_38' title='bbox 1454 694 1476 747; x_wconf 91' lang='lat'><strong>?</strong></span> <span class='ocrx_word' id='word_1_39' title='bbox 1513 694 1586 749; x_wconf 86' lang='lat' dir='ltr'><strong>Ea</strong></span> <span class='ocrx_word' id='word_1_40' title='bbox 1623 710 1743 764; x_wconf 70' lang='lat' dir='ltr'><strong>qua:</strong></span> <span class='ocrx_word' id='word_1_41' title='bbox 1770 697 1839 749; x_wconf 87' lang='lat' dir='ltr'><strong>ad</strong></span> <span class='ocrx_word' id='word_1_42' title='bbox 1873 697 2065 751; x_wconf 87' lang='lat' dir='ltr'><strong>diabo-</strong></span> 
     </span>
    </p>
   </div>
   <div class='ocr_carea' id='block_1_7' title="bbox 492 783 2064 855">
    <p class='ocr_par' dir='ltr' id='par_1_7' title="bbox 492 783 2064 855">
     <span class='ocr_line' id='line_1_7' title="bbox 492 783 2064 855; baseline 0.003 -16"><span class='ocrx_word' id='word_1_43' title='bbox 492 787 601 839; x_wconf 90' lang='lat' dir='ltr'><strong>lum</strong></span> <span class='ocrx_word' id='word_1_44' title='bbox 641 785 846 841; x_wconf 87' lang='lat' dir='ltr'><strong>locutus</strong></span> <span class='ocrx_word' id='word_1_45' title='bbox 876 794 983 849; x_wconf 88' lang='lat' dir='ltr'><strong>est,</strong></span> <span class='ocrx_word' id='word_1_46' title='bbox 1020 783 1393 839; x_wconf 85' lang='lat' dir='ltr'><strong>testimonium</strong></span> <span class='ocrx_word' id='word_1_47' title='bbox 1437 787 1774 855; x_wconf 89' lang='lat' dir='ltr'><strong>perhibendo</strong></span> <span class='ocrx_word' id='word_1_48' title='bbox 1803 786 1925 853; x_wconf 86' lang='lat' dir='ltr'><strong>Joh,</strong></span> <span class='ocrx_word' id='word_1_49' title='bbox 1960 806 2064 843; x_wconf 92' lang='lat' dir='ltr'><strong>non</strong></span> 
     </span>
    </p>
   </div>
   <div class='ocr_carea' id='block_1_8' title="bbox 496 874 2069 949">
    <p class='ocr_par' dir='ltr' id='par_1_8' title="bbox 496 874 2069 949">
     <span class='ocr_line' id='line_1_8' title="bbox 496 874 2069 949; baseline 0.004 -21"><span class='ocrx_word' id='word_1_50' title='bbox 496 876 623 930; x_wconf 81' lang='lat' dir='ltr'><strong>fecit</strong></span> <span class='ocrx_word' id='word_1_51' title='bbox 646 892 710 931; x_wconf 88' lang='lat' dir='ltr'><strong>ea</strong></span> <span class='ocrx_word' id='word_1_52' title='bbox 742 877 957 929; x_wconf 82' lang='lat' dir='ltr'><strong>inﬁrma</strong></span> <span class='ocrx_word' id='word_1_53' title='bbox 992 874 1074 928; x_wconf 87' lang='lat' dir='ltr'><strong>vel</strong></span> <span class='ocrx_word' id='word_1_54' title='bbox 1101 890 1433 944; x_wconf 84' lang='lat' dir='ltr'><strong>supervacua</strong></span> <span class='ocrx_word' id='word_1_55' title='bbox 1463 878 1872 932; x_wconf 86' lang='lat' dir='ltr'><strong>succumbendo</strong></span> <span class='ocrx_word' id='word_1_56' title='bbox 1904 892 2069 949; x_wconf 76' lang='lat' dir='ltr'><strong>atque</strong></span> 
     </span>
    </p>
   </div>
   <div class='ocr_carea' id='block_1_9' title="bbox 494 967 2064 1037">
    <p class='ocr_par' dir='ltr' id='par_1_9' title="bbox 494 967 2064 1037">
     <span class='ocr_line' id='line_1_9' title="bbox 494 967 2064 1037; baseline 0.006 -21"><span class='ocrx_word' id='word_1_57' title='bbox 494 967 826 1020; x_wconf 83' lang='lat' dir='ltr'><strong>detrahendo</strong></span> <span class='ocrx_word' id='word_1_58' title='bbox 852 1006 871 1033; x_wconf 90' lang='lat'><strong>,</strong></span> <span class='ocrx_word' id='word_1_59' title='bbox 897 967 988 1021; x_wconf 88' lang='lat' dir='ltr'><strong>sed</strong></span> <span class='ocrx_word' id='word_1_60' title='bbox 1022 967 1200 1023; x_wconf 88' lang='lat' dir='ltr'><strong>ﬁdelia</strong></span> <span class='ocrx_word' id='word_1_61' title='bbox 1253 967 1345 1022; x_wconf 88' lang='lat' dir='ltr'><strong>illa</strong></span> <span class='ocrx_word' id='word_1_62' title='bbox 1380 976 1541 1037; x_wconf 84' lang='lat' dir='ltr'><strong>atque</strong></span> <span class='ocrx_word' id='word_1_63' title='bbox 1568 970 1721 1024; x_wconf 87' lang='lat' dir='ltr'><strong>ﬁrma</strong></span> <span class='ocrx_word' id='word_1_64' title='bbox 1750 970 1901 1037; x_wconf 80' lang='lat' dir='ltr'><strong>fecit,</strong></span> <span class='ocrx_word' id='word_1_65' title='bbox 1942 988 2064 1026; x_wconf 91' lang='lat' dir='ltr'><strong>cum</strong></span> 
     </span>
    </p>
   </div>
   <div class='ocr_carea' id='block_1_10' title="bbox 494 1058 2068 1125">
    <p class='ocr_par' dir='ltr' id='par_1_10' title="bbox 494 1058 2068 1125">
     <span class='ocr_line' id='line_1_10' title="bbox 494 1058 2068 1125; baseline 0.007 -16"><span class='ocrx_word' id='word_1_66' title='bbox 494 1058 789 1125; x_wconf 78' lang='lat' dir='ltr'><strong>gratiarum</strong></span> <span class='ocrx_word' id='word_1_67' title='bbox 842 1059 1057 1113; x_wconf 86' lang='lat' dir='ltr'><strong>actione</strong></span> <span class='ocrx_word' id='word_1_68' title='bbox 1084 1058 1398 1114; x_wconf 82' lang='lat' dir='ltr'><strong>suﬁ‘erendo</strong></span> <span class='ocrx_word' id='word_1_69' title='bbox 1431 1072 1628 1116; x_wconf 90' lang='lat' dir='ltr'><strong>cuncta</strong></span> <span class='ocrx_word' id='word_1_70' title='bbox 1668 1062 1773 1116; x_wconf 88' lang='lat' dir='ltr'><strong>sibi</strong></span> <span class='ocrx_word' id='word_1_71' title='bbox 1816 1065 2068 1120; x_wconf 84' lang='lat' dir='ltr'><strong>acciden-</strong></span> 
     </span>
    </p>
   </div>
   <div class='ocr_carea' id='block_1_11' title="bbox 495 1149 2063 1224">
    <p class='ocr_par' dir='ltr' id='par_1_11' title="bbox 495 1149 2063 1224">
     <span class='ocr_line' id='line_1_11' title="bbox 495 1149 2063 1224; baseline 0.006 -23"><span class='ocrx_word' id='word_1_72' title='bbox 495 1151 587 1205; x_wconf 91' lang='lat' dir='ltr'><strong>tia.</strong></span> <span class='ocrx_word' id='word_1_73' title='bbox 620 1149 812 1203; x_wconf 79' lang='lat' dir='ltr'><strong>Merito</strong></span> <span class='ocrx_word' id='word_1_74' title='bbox 844 1165 974 1217; x_wconf 85' lang='lat' dir='ltr'><strong>ergo</strong></span> <span class='ocrx_word' id='word_1_75' title='bbox 1000 1150 1129 1206; x_wconf 85' lang='lat' dir='ltr'><strong>dicit</strong></span> <span class='ocrx_word' id='word_1_76' title='bbox 1158 1169 1173 1205; x_wconf 87' lang='lat'><strong>:</strong></span> <span class='ocrx_word' id='word_1_77' title='bbox 1209 1150 1335 1204; x_wconf 80' lang='lat' dir='ltr'><strong>Non</strong></span> <span class='ocrx_word' id='word_1_78' title='bbox 1371 1152 1517 1206; x_wconf 88' lang='lat' dir='ltr'><strong>dedit</strong></span> <span class='ocrx_word' id='word_1_79' title='bbox 1548 1154 1907 1224; x_wconf 80' lang='lat' dir='ltr'><strong>insipientiam</strong></span> <span class='ocrx_word' id='word_1_80' title='bbox 1932 1156 2063 1220; x_wconf 73' lang='lat' dir='ltr'><strong>Deo,</strong></span> 
     </span>
    </p>
   </div>
   <div class='ocr_carea' id='block_1_12' title="bbox 494 1242 2065 1312">
    <p class='ocr_par' dir='ltr' id='par_1_12' title="bbox 494 1242 2065 1312">
     <span class='ocr_line' id='line_1_12' title="bbox 494 1242 2065 1312; baseline 0.007 -20"><span class='ocrx_word' id='word_1_81' title='bbox 494 1256 596 1295; x_wconf 91' lang='lat' dir='ltr'><strong>uon</strong></span> <span class='ocrx_word' id='word_1_82' title='bbox 630 1242 956 1295; x_wconf 81' lang='lat' dir='ltr'><strong>exstiterunt</strong></span> <span class='ocrx_word' id='word_1_83' title='bbox 986 1243 1297 1297; x_wconf 83' lang='lat' dir='ltr'><strong>testimonia</strong></span> <span class='ocrx_word' id='word_1_84' title='bbox 1330 1244 1419 1298; x_wconf 87' lang='lat' dir='ltr'><strong>Dei</strong></span> <span class='ocrx_word' id='word_1_85' title='bbox 1451 1245 1517 1298; x_wconf 91' lang='lat' dir='ltr'><strong>de</strong></span> <span class='ocrx_word' id='word_1_86' title='bbox 1546 1245 1635 1299; x_wconf 89' lang='lat' dir='ltr'><strong>illo</strong></span> <span class='ocrx_word' id='word_1_87' title='bbox 1663 1246 1876 1301; x_wconf 90' lang='lat' dir='ltr'><strong>inﬁrma</strong></span> <span class='ocrx_word' id='word_1_88' title='bbox 1905 1289 1920 1312; x_wconf 90' lang='lat'><strong>,</strong></span> <span class='ocrx_word' id='word_1_89' title='bbox 1962 1264 2065 1303; x_wconf 86' lang='lat' dir='ltr'><strong>ne-</strong></span> 
     </span>
    </p>
   </div>
   <div class='ocr_carea' id='block_1_13' title="bbox 490 1330 2066 1403">
    <p class='ocr_par' dir='ltr' id='par_1_13' title="bbox 490 1330 2066 1403">
     <span class='ocr_line' id='line_1_13' title="bbox 490 1330 2066 1403; baseline 0.004 -20"><span class='ocrx_word' id='word_1_90' title='bbox 490 1346 596 1399; x_wconf 89' lang='lat' dir='ltr'><strong>que</strong></span> <span class='ocrx_word' id='word_1_91' title='bbox 625 1330 909 1385; x_wconf 88' lang='lat' dir='ltr'><strong>mendacia</strong></span> <span class='ocrx_word' id='word_1_92' title='bbox 954 1346 1047 1399; x_wconf 84' lang='lat' dir='ltr'><strong>per</strong></span> <span class='ocrx_word' id='word_1_93' title='bbox 1080 1331 1255 1395; x_wconf 86' lang='lat' dir='ltr'><strong>illum,</strong></span> <span class='ocrx_word' id='word_1_94' title='bbox 1273 1331 1368 1386; x_wconf 83' lang='lat' dir='ltr'><strong>sed</strong></span> <span class='ocrx_word' id='word_1_95' title='bbox 1401 1331 1575 1386; x_wconf 84' lang='lat' dir='ltr'><strong>ﬁdelia</strong></span> <span class='ocrx_word' id='word_1_96' title='bbox 1607 1348 1671 1386; x_wconf 90' lang='lat' dir='ltr'><strong>ac</strong></span> <span class='ocrx_word' id='word_1_97' title='bbox 1697 1331 1871 1396; x_wconf 86' lang='lat' dir='ltr'><strong>ﬁrma,</strong></span> <span class='ocrx_word' id='word_1_98' title='bbox 1902 1344 2066 1403; x_wconf 87' lang='lat' dir='ltr'><strong>atque</strong></span> 
     </span>
    </p>
   </div>
   <div class='ocr_carea' id='block_1_14' title="bbox 490 1421 2061 1494">
    <p class='ocr_par' dir='ltr' id='par_1_14' title="bbox 490 1421 2061 1494">
     <span class='ocr_line' id='line_1_14' title="bbox 490 1421 2061 1494; baseline 0.003 -20"><span class='ocrx_word' id='word_1_99' title='bbox 490 1437 643 1475; x_wconf 85' lang='lat' dir='ltr'><strong>vera.</strong></span> <span class='ocrx_word' id='word_1_100' title='bbox 682 1421 799 1476; x_wconf 83' lang='lat' dir='ltr'><strong>Non</strong></span> <span class='ocrx_word' id='word_1_101' title='bbox 829 1423 972 1476; x_wconf 83' lang='lat' dir='ltr'><strong>dedit</strong></span> <span class='ocrx_word' id='word_1_102' title='bbox 997 1422 1159 1476; x_wconf 82' lang='lat' dir='ltr'><strong>ullam</strong></span> <span class='ocrx_word' id='word_1_103' title='bbox 1191 1423 1552 1489; x_wconf 89' lang='lat' dir='ltr'><strong>occasionem,</strong></span> <span class='ocrx_word' id='word_1_104' title='bbox 1592 1423 1673 1480; x_wconf 85' lang='lat' dir='ltr'><strong>vel</strong></span> <span class='ocrx_word' id='word_1_105' title='bbox 1700 1424 2061 1494; x_wconf 78' lang='lat' dir='ltr'><strong>suspicionem</strong></span> 
     </span>
    </p>
   </div>
   <div class='ocr_carea' id='block_1_15' title="bbox 489 1512 2064 1573">
    <p class='ocr_par' dir='ltr' id='par_1_15' title="bbox 489 1512 2064 1573">
     <span class='ocr_line' id='line_1_15' title="bbox 489 1512 2064 1573; baseline 0.004 -7"><span class='ocrx_word' id='word_1_106' title='bbox 489 1512 827 1568; x_wconf 89' lang='lat' dir='ltr'><strong>inﬁdelitatis</strong></span> <span class='ocrx_word' id='word_1_107' title='bbox 861 1512 990 1570; x_wconf 87' lang='lat' dir='ltr'><strong>Deo.</strong></span> <span class='ocrx_word' id='word_1_108' title='bbox 1026 1512 1139 1568; x_wconf 80' lang='lat' dir='ltr'><strong>Non</strong></span> <span class='ocrx_word' id='word_1_109' title='bbox 1182 1530 1405 1570; x_wconf 87' lang='lat' dir='ltr'><strong>necesse</strong></span> <span class='ocrx_word' id='word_1_110' title='bbox 1436 1516 1626 1571; x_wconf 79' lang='lat' dir='ltr'><strong>habuit</strong></span> <span class='ocrx_word' id='word_1_111' title='bbox 1668 1516 1809 1573; x_wconf 79' lang='lat' dir='ltr'><strong>Deus</strong></span> <span class='ocrx_word' id='word_1_112' title='bbox 1834 1518 2064 1573; x_wconf 82' lang='lat' dir='ltr'><strong>confun-</strong></span> 
     </span>
    </p>
   </div>
   <div class='ocr_carea' id='block_1_16' title="bbox 487 1605 2063 1680">
    <p class='ocr_par' dir='ltr' id='par_1_16' title="bbox 487 1605 2063 1680">
     <span class='ocr_line' id='line_1_16' title="bbox 487 1605 2063 1680; baseline 0.004 -21"><span class='ocrx_word' id='word_1_113' title='bbox 487 1605 543 1659; x_wconf 88' lang='lat' dir='ltr'><strong>di</strong></span> <span class='ocrx_word' id='word_1_114' title='bbox 573 1606 639 1659; x_wconf 89' lang='lat' dir='ltr'><strong>de</strong></span> <span class='ocrx_word' id='word_1_115' title='bbox 670 1605 736 1659; x_wconf 92' lang='lat' dir='ltr'><strong>iis</strong></span> <span class='ocrx_word' id='word_1_116' title='bbox 762 1645 777 1670; x_wconf 91' lang='lat'><strong>,</strong></span> <span class='ocrx_word' id='word_1_117' title='bbox 831 1621 926 1675; x_wconf 92' lang='lat' dir='ltr'><strong>per</strong></span> <span class='ocrx_word' id='word_1_118' title='bbox 974 1622 1093 1676; x_wconf 68' lang='lat' dir='ltr'><strong>qua:</strong></span> <span class='ocrx_word' id='word_1_119' title='bbox 1122 1606 1269 1661; x_wconf 86' lang='lat' dir='ltr'><strong>velut</strong></span> <span class='ocrx_word' id='word_1_120' title='bbox 1304 1607 1447 1663; x_wconf 80' lang='lat' dir='ltr'><strong>ﬁdeli</strong></span> <span class='ocrx_word' id='word_1_121' title='bbox 1482 1608 1849 1664; x_wconf 80' lang='lat' dir='ltr'><strong>testimonium</strong></span> <span class='ocrx_word' id='word_1_122' title='bbox 1880 1611 2063 1680; x_wconf 84' lang='lat' dir='ltr'><strong>perhi-</strong></span> 
     </span>
    </p>
   </div>
   <div class='ocr_carea' id='block_1_17' title="bbox 486 1695 2062 1765">
    <p class='ocr_par' dir='ltr' id='par_1_17' title="bbox 486 1695 2062 1765">
     <span class='ocr_line' id='line_1_17' title="bbox 486 1695 2062 1765; baseline 0.004 -15"><span class='ocrx_word' id='word_1_123' title='bbox 486 1696 603 1750; x_wconf 61' lang='lat' dir='ltr'><strong>buit</strong></span> <span class='ocrx_word' id='word_1_124' title='bbox 640 1695 734 1752; x_wconf 88' lang='lat' dir='ltr'><strong>illi.</strong></span> <span class='ocrx_word' id='word_1_125' title='bbox 762 1695 891 1751; x_wconf 87' lang='lat' dir='ltr'><strong>Nam</strong></span> <span class='ocrx_word' id='word_1_126' title='bbox 923 1712 1041 1751; x_wconf 92' lang='lat' dir='ltr'><strong>cum</strong></span> <span class='ocrx_word' id='word_1_127' title='bbox 1075 1706 1221 1753; x_wconf 86' lang='lat' dir='ltr'><strong>esset</strong></span> <span class='ocrx_word' id='word_1_128' title='bbox 1250 1700 1439 1755; x_wconf 85' lang='lat' dir='ltr'><strong>ﬁrmus</strong></span> <span class='ocrx_word' id='word_1_129' title='bbox 1466 1709 1521 1754; x_wconf 92' lang='lat' dir='ltr'><strong>et</strong></span> <span class='ocrx_word' id='word_1_130' title='bbox 1550 1699 1746 1765; x_wconf 79' lang='lat' dir='ltr'><strong>fidelis,</strong></span> <span class='ocrx_word' id='word_1_131' title='bbox 1777 1717 1887 1756; x_wconf 90' lang='lat' dir='ltr'><strong>non</strong></span> <span class='ocrx_word' id='word_1_132' title='bbox 1913 1703 2062 1757; x_wconf 83' lang='lat' dir='ltr'><strong>dedit</strong></span> 
     </span>
    </p>
   </div>
   <div class='ocr_carea' id='block_1_18' title="bbox 488 1789 2057 1860">
    <p class='ocr_par' dir='ltr' id='par_1_18' title="bbox 488 1789 2057 1860">
     <span class='ocr_line' id='line_1_18' title="bbox 488 1789 2057 1860; baseline 0.004 -19"><span class='ocrx_word' id='word_1_133' title='bbox 488 1789 851 1858; x_wconf 90' lang='lat' dir='ltr'><strong>insipientiam</strong></span> <span class='ocrx_word' id='word_1_134' title='bbox 885 1791 989 1844; x_wconf 89' lang='lat' dir='ltr'><strong>Deo</strong></span> <span class='ocrx_word' id='word_1_135' title='bbox 1014 1830 1030 1855; x_wconf 96' lang='lat'><strong>,</strong></span> <span class='ocrx_word' id='word_1_136' title='bbox 1081 1790 1186 1846; x_wconf 91' lang='lat' dir='ltr'><strong>hoc</strong></span> <span class='ocrx_word' id='word_1_137' title='bbox 1232 1801 1315 1847; x_wconf 90' lang='lat' dir='ltr'><strong>est</strong></span> <span class='ocrx_word' id='word_1_138' title='bbox 1348 1791 1718 1847; x_wconf 79' lang='lat' dir='ltr'><strong>inﬁdelitatem</strong></span> <span class='ocrx_word' id='word_1_139' title='bbox 1745 1793 1873 1848; x_wconf 88' lang='lat' dir='ltr'><strong>Deo.</strong></span> <span class='ocrx_word' id='word_1_140' title='bbox 1902 1794 2057 1860; x_wconf 84' lang='lat' dir='ltr'><strong>Quod</strong></span> 
     </span>
    </p>
   </div>
   <div class='ocr_carea' id='block_1_19' title="bbox 2170 605 3720 665">
    <p class='ocr_par' dir='ltr' id='par_1_19' title="bbox 2170 605 3720 665">
     <span class='ocr_line' id='line_1_19' title="bbox 2170 605 3720 665; baseline 0.002 -3"><span class='ocrx_word' id='word_1_141' title='bbox 2170 610 2262 662; x_wconf 87' lang='lat' dir='ltr'><strong>bat</strong></span> <span class='ocrx_word' id='word_1_142' title='bbox 2300 607 2447 662; x_wconf 82' lang='lat' dir='ltr'><strong>Deo:</strong></span> <span class='ocrx_word' id='word_1_143' title='bbox 2481 615 2608 663; x_wconf 83' lang='lat' dir='ltr'><strong>tunc</strong></span> <span class='ocrx_word' id='word_1_144' title='bbox 2659 606 2867 661; x_wconf 85' lang='lat' dir='ltr'><strong>scilicet</strong></span> <span class='ocrx_word' id='word_1_145' title='bbox 2916 605 3293 661; x_wconf 85' lang='lat' dir='ltr'><strong>testimonium</strong></span> <span class='ocrx_word' id='word_1_146' title='bbox 3341 607 3532 663; x_wconf 75' lang='lat' dir='ltr'><strong>diaboli</strong></span> <span class='ocrx_word' id='word_1_147' title='bbox 3581 612 3720 665; x_wconf 82' lang='lat' dir='ltr'><strong>inﬁr-</strong></span> 
     </span>
    </p>
   </div>
   <div class='ocr_carea' id='block_1_20' title="bbox 2169 697 3723 762">
    <p class='ocr_par' dir='ltr' id='par_1_20' title="bbox 2169 697 3723 762">
     <span class='ocr_line' id='line_1_20' title="bbox 2169 697 3723 762; baseline 0.006 -10"><span class='ocrx_word' id='word_1_148' title='bbox 2169 713 2319 752; x_wconf 82' lang='lat' dir='ltr'><strong>mum</strong></span> <span class='ocrx_word' id='word_1_149' title='bbox 2346 712 2410 753; x_wconf 91' lang='lat' dir='ltr'><strong>ac</strong></span> <span class='ocrx_word' id='word_1_150' title='bbox 2444 698 2677 753; x_wconf 71' lang='lat' dir='ltr'><strong>mendax</strong></span> <span class='ocrx_word' id='word_1_151' title='bbox 2708 697 2907 753; x_wconf 81' lang='lat' dir='ltr'><strong>factum</strong></span> <span class='ocrx_word' id='word_1_152' title='bbox 2935 709 3040 761; x_wconf 75' lang='lat' dir='ltr'><strong>est,</strong></span> <span class='ocrx_word' id='word_1_153' title='bbox 3081 701 3176 753; x_wconf 83' lang='lat' dir='ltr'><strong>Det</strong></span> <span class='ocrx_word' id='word_1_154' title='bbox 3216 714 3346 753; x_wconf 76' lang='lat' dir='ltr'><strong>vero</strong></span> <span class='ocrx_word' id='word_1_155' title='bbox 3375 701 3723 762; x_wconf 79' lang='lat' dir='ltr'><strong>testimonium</strong></span> 
     </span>
    </p>
   </div>
   <div class='ocr_carea' id='block_1_21' title="bbox 2169 788 3722 858">
    <p class='ocr_par' dir='ltr' id='par_1_21' title="bbox 2169 788 3722 858">
     <span class='ocr_line' id='line_1_21' title="bbox 2169 788 3722 858; baseline 0.005 -16"><span class='ocrx_word' id='word_1_156' title='bbox 2169 805 2355 846; x_wconf 76' lang='lat' dir='ltr'><strong>verum</strong></span> <span class='ocrx_word' id='word_1_157' title='bbox 2398 804 2464 844; x_wconf 88' lang='lat' dir='ltr'><strong>ac</strong></span> <span class='ocrx_word' id='word_1_158' title='bbox 2508 788 2665 845; x_wconf 88' lang='lat' dir='ltr'><strong>ﬁdele</strong></span> <span class='ocrx_word' id='word_1_159' title='bbox 2692 789 2975 858; x_wconf 86' lang='lat' dir='ltr'><strong>probatum</strong></span> <span class='ocrx_word' id='word_1_160' title='bbox 3006 799 3110 845; x_wconf 89' lang='lat' dir='ltr'><strong>est.</strong></span> <span class='ocrx_word' id='word_1_161' title='bbox 3146 790 3277 845; x_wconf 76' lang='lat' dir='ltr'><strong>Haec</strong></span> <span class='ocrx_word' id='word_1_162' title='bbox 3326 805 3460 845; x_wconf 84' lang='lat' dir='ltr'><strong>sane</strong></span> <span class='ocrx_word' id='word_1_163' title='bbox 3491 796 3722 850; x_wconf 76' lang='lat' dir='ltr'><strong>universa</strong></span> 
     </span>
    </p>
   </div>
   <div class='ocr_carea' id='block_1_22' title="bbox 2169 879 3727 950">
    <p class='ocr_par' dir='ltr' id='par_1_22' title="bbox 2169 879 3727 950">
     <span class='ocr_line' id='line_1_22' title="bbox 2169 879 3727 950; baseline 0.006 -19"><span class='ocrx_word' id='word_1_164' title='bbox 2169 895 2276 932; x_wconf 79' lang='lat' dir='ltr'><strong>utin</strong></span> <span class='ocrx_word' id='word_1_165' title='bbox 2298 880 2467 933; x_wconf 85' lang='lat' dir='ltr'><strong>verbo</strong></span> <span class='ocrx_word' id='word_1_166' title='bbox 2497 879 2818 943; x_wconf 87' lang='lat' dir='ltr'><strong>ostendens,</strong></span> <span class='ocrx_word' id='word_1_167' title='bbox 2847 890 3008 947; x_wconf 90' lang='lat' dir='ltr'><strong>atque</strong></span> <span class='ocrx_word' id='word_1_168' title='bbox 3035 880 3431 950; x_wconf 77' lang='lat' dir='ltr'><strong>perstringens,</strong></span> <span class='ocrx_word' id='word_1_169' title='bbox 3461 882 3591 937; x_wconf 82' lang='lat' dir='ltr'><strong>dicit</strong></span> <span class='ocrx_word' id='word_1_170' title='bbox 3619 902 3631 937; x_wconf 87' lang='lat'><strong>:</strong></span> <span class='ocrx_word' id='word_1_171' title='bbox 3664 885 3727 941; x_wconf 63' lang='lat' dir='ltr'><strong>la</strong></span> 
     </span>
    </p>
   </div>
   <div class='ocr_carea' id='block_1_23' title="bbox 2166 966 3721 1038">
    <p class='ocr_par' dir='ltr' id='par_1_23' title="bbox 2166 966 3721 1038">
     <span class='ocr_line' id='line_1_23' title="bbox 2166 966 3721 1038; baseline 0.005 -17"><span class='ocrx_word' id='word_1_172' title='bbox 2166 966 2250 1021; x_wconf 84' lang='lat' dir='ltr'><strong>Itis</strong></span> <span class='ocrx_word' id='word_1_173' title='bbox 2290 968 2529 1021; x_wconf 71' lang='lat' dir='ltr'><strong>omnibus</strong></span> <span class='ocrx_word' id='word_1_174' title='bbox 2572 983 2689 1036; x_wconf 69' lang='lat' dir='ltr'><strong>quae</strong></span> <span class='ocrx_word' id='word_1_175' title='bbox 2724 967 2771 1019; x_wconf 82' lang='lat' dir='ltr'><strong>ei</strong></span> <span class='ocrx_word' id='word_1_176' title='bbox 2805 968 3144 1032; x_wconf 75' lang='lat' dir='ltr'><strong>acciderunt,</strong></span> <span class='ocrx_word' id='word_1_177' title='bbox 3178 968 3315 1022; x_wconf 76' lang='lat' dir='ltr'><strong>nihil</strong></span> <span class='ocrx_word' id='word_1_178' title='bbox 3352 972 3575 1037; x_wconf 72' lang='lat' dir='ltr'><strong>peccavit</strong></span> <span class='ocrx_word' id='word_1_179' title='bbox 3609 972 3721 1038; x_wconf 77' lang='lat' dir='ltr'><strong>Job,</strong></span> 
     </span>
    </p>
   </div>
   <div class='ocr_carea' id='block_1_24' title="bbox 2171 1057 3723 1129">
    <p class='ocr_par' dir='ltr' id='par_1_24' title="bbox 2171 1057 3723 1129">
     <span class='ocr_line' id='line_1_24' title="bbox 2171 1057 3723 1129; baseline 0.005 -16"><span class='ocrx_word' id='word_1_180' title='bbox 2171 1073 2334 1129; x_wconf 76' lang='lat' dir='ltr'><strong>neque</strong></span> <span class='ocrx_word' id='word_1_181' title='bbox 2357 1062 2413 1112; x_wconf 83' lang='lat' dir='ltr'><strong>in</strong></span> <span class='ocrx_word' id='word_1_182' title='bbox 2444 1070 2722 1128; x_wconf 78' lang='lat' dir='ltr'><strong>conspectu</strong></span> <span class='ocrx_word' id='word_1_183' title='bbox 2757 1057 3015 1122; x_wconf 83' lang='lat' dir='ltr'><strong>Domini,</strong></span> <span class='ocrx_word' id='word_1_184' title='bbox 3046 1076 3212 1122; x_wconf 75' lang='lat' dir='ltr'><strong>neque</strong></span> <span class='ocrx_word' id='word_1_185' title='bbox 3240 1060 3300 1114; x_wconf 78' lang='lat' dir='ltr'><strong>in</strong></span> <span class='ocrx_word' id='word_1_186' title='bbox 3330 1062 3484 1116; x_wconf 83' lang='lat' dir='ltr'><strong>labiis</strong></span> <span class='ocrx_word' id='word_1_187' title='bbox 3507 1066 3629 1119; x_wconf 79' lang='lat' dir='ltr'><strong>suis.</strong></span> <span class='ocrx_word' id='word_1_188' title='bbox 3663 1065 3723 1119; x_wconf 77' lang='lat' dir='ltr'><strong>Et</strong></span> 
     </span>
    </p>
   </div>
   <div class='ocr_carea' id='block_1_25' title="bbox 2170 1148 3727 1221">
    <p class='ocr_par' dir='ltr' id='par_1_25' title="bbox 2170 1148 3727 1221">
     <span class='ocr_line' id='line_1_25' title="bbox 2170 1148 3727 1221; baseline 0.006 -18"><span class='ocrx_word' id='word_1_189' title='bbox 2170 1168 2269 1205; x_wconf 81' lang='lat' dir='ltr'><strong>non</strong></span> <span class='ocrx_word' id='word_1_190' title='bbox 2305 1151 2448 1205; x_wconf 82' lang='lat' dir='ltr'><strong>dedit</strong></span> <span class='ocrx_word' id='word_1_191' title='bbox 2490 1151 2845 1219; x_wconf 71' lang='lat' dir='ltr'><strong>insipientiam</strong></span> <span class='ocrx_word' id='word_1_192' title='bbox 2881 1150 2988 1204; x_wconf 84' lang='lat' dir='ltr'><strong>Deo</strong></span> <span class='ocrx_word' id='word_1_193' title='bbox 3009 1151 3076 1204; x_wconf 79' lang='grc'><strong>⁶¹.</strong></span> <span class='ocrx_word' id='word_1_194' title='bbox 3111 1148 3447 1207; x_wconf 78' lang='lat' dir='ltr'><strong>Studeamus</strong></span> <span class='ocrx_word' id='word_1_195' title='bbox 3470 1156 3623 1209; x_wconf 88' lang='lat' dir='ltr'><strong>etiam</strong></span> <span class='ocrx_word' id='word_1_196' title='bbox 3644 1197 3659 1221; x_wconf 89' lang='lat'><strong>,</strong></span> <span class='ocrx_word' id='word_1_197' title='bbox 3694 1176 3727 1213; x_wconf 88' lang='grc' dir='ltr'><strong>ο</strong></span> 
     </span>
    </p>
   </div>
   <div class='ocr_carea' id='block_1_26' title="bbox 2166 1238 3729 1310">
    <p class='ocr_par' dir='ltr' id='par_1_26' title="bbox 2166 1238 3729 1310">
     <span class='ocr_line' id='line_1_26' title="bbox 2166 1238 3729 1310; baseline 0.007 -19"><span class='ocrx_word' id='word_1_198' title='bbox 2166 1240 2304 1304; x_wconf 87' lang='lat' dir='ltr'><strong>viri,</strong></span> <span class='ocrx_word' id='word_1_199' title='bbox 2360 1240 2672 1295; x_wconf 80' lang='lat' dir='ltr'><strong>Studeamus</strong></span> <span class='ocrx_word' id='word_1_200' title='bbox 2702 1239 2848 1293; x_wconf 90' lang='lat' dir='ltr'><strong>omni</strong></span> <span class='ocrx_word' id='word_1_201' title='bbox 2885 1238 3087 1294; x_wconf 89' lang='lat' dir='ltr'><strong>virtute</strong></span> <span class='ocrx_word' id='word_1_202' title='bbox 3124 1250 3315 1295; x_wconf 88' lang='lat' dir='ltr'><strong>nostra</strong></span> <span class='ocrx_word' id='word_1_203' title='bbox 3340 1278 3359 1305; x_wconf 87' lang='lat'><strong>,</strong></span> <span class='ocrx_word' id='word_1_204' title='bbox 3386 1256 3419 1299; x_wconf 91' lang='lat'><strong>0</strong></span> <span class='ocrx_word' id='word_1_205' title='bbox 3452 1243 3642 1310; x_wconf 86' lang='lat' dir='ltr'><strong>amici,</strong></span> <span class='ocrx_word' id='word_1_206' title='bbox 3674 1258 3729 1302; x_wconf 86' lang='lat' dir='ltr'><strong>ut.</strong></span> 
     </span>
    </p>
   </div>
   <div class='ocr_carea' id='block_1_27' title="bbox 2166 1331 3724 1397">
    <p class='ocr_par' dir='ltr' id='par_1_27' title="bbox 2166 1331 3724 1397">
     <span class='ocr_line' id='line_1_27' title="bbox 2166 1331 3724 1397; baseline 0.004 -12"><span class='ocrx_word' id='word_1_207' title='bbox 2166 1348 2272 1385; x_wconf 88' lang='lat' dir='ltr'><strong>non</strong></span> <span class='ocrx_word' id='word_1_208' title='bbox 2304 1332 2495 1387; x_wconf 90' lang='lat' dir='ltr'><strong>demus</strong></span> <span class='ocrx_word' id='word_1_209' title='bbox 2536 1331 2908 1388; x_wconf 87' lang='lat' dir='ltr'><strong>inﬁdelitatem</strong></span> <span class='ocrx_word' id='word_1_210' title='bbox 2946 1332 3075 1397; x_wconf 85' lang='lat' dir='ltr'><strong>Deo,</strong></span> <span class='ocrx_word' id='word_1_211' title='bbox 3107 1342 3167 1387; x_wconf 92' lang='lat' dir='ltr'><strong>ut</strong></span> <span class='ocrx_word' id='word_1_212' title='bbox 3199 1348 3313 1389; x_wconf 81' lang='lat' dir='ltr'><strong>nou</strong></span> <span class='ocrx_word' id='word_1_213' title='bbox 3339 1334 3652 1392; x_wconf 71' lang='lat' dir='ltr'><strong>exsistamus</strong></span> <span class='ocrx_word' id='word_1_214' title='bbox 3677 1338 3724 1392; x_wconf 89' lang='lat' dir='ltr'><strong>ei</strong></span> 
     </span>
    </p>
   </div>
   <div class='ocr_carea' id='block_1_28' title="bbox 2166 1422 3722 1497">
    <p class='ocr_par' dir='ltr' id='par_1_28' title="bbox 2166 1422 3722 1497">
     <span class='ocr_line' id='line_1_28' title="bbox 2166 1422 3722 1497; baseline 0.007 -22"><span class='ocrx_word' id='word_1_215' title='bbox 2166 1422 2428 1486; x_wconf 83' lang='lat' dir='ltr'><strong>inﬁdeles,</strong></span> <span class='ocrx_word' id='word_1_216' title='bbox 2459 1436 2633 1493; x_wconf 88' lang='lat' dir='ltr'><strong>neque</strong></span> <span class='ocrx_word' id='word_1_217' title='bbox 2663 1423 2714 1477; x_wconf 92' lang='lat' dir='ltr'><strong>in</strong></span> <span class='ocrx_word' id='word_1_218' title='bbox 2742 1424 2847 1479; x_wconf 88' lang='lat' dir='ltr'><strong>ﬁde</strong></span> <span class='ocrx_word' id='word_1_219' title='bbox 2876 1464 2892 1488; x_wconf 94' lang='lat'><strong>,</strong></span> <span class='ocrx_word' id='word_1_220' title='bbox 2924 1439 3099 1493; x_wconf 84' lang='lat' dir='ltr'><strong>neque</strong></span> <span class='ocrx_word' id='word_1_221' title='bbox 3129 1427 3184 1479; x_wconf 91' lang='lat' dir='ltr'><strong>in</strong></span> <span class='ocrx_word' id='word_1_222' title='bbox 3216 1426 3405 1481; x_wconf 75' lang='lat' dir='ltr'><strong>verbis</strong></span> <span class='ocrx_word' id='word_1_223' title='bbox 3433 1466 3448 1491; x_wconf 94' lang='lat'><strong>,</strong></span> <span class='ocrx_word' id='word_1_224' title='bbox 3478 1442 3642 1497; x_wconf 84' lang='lat' dir='ltr'><strong>neque</strong></span> <span class='ocrx_word' id='word_1_225' title='bbox 3673 1431 3722 1485; x_wconf 91' lang='lat' dir='ltr'><strong>in</strong></span> 
     </span>
    </p>
   </div>
   <div class='ocr_carea' id='block_1_29' title="bbox 2166 1512 3720 1586">
    <p class='ocr_par' dir='ltr' id='par_1_29' title="bbox 2166 1512 3720 1586">
     <span class='ocr_line' id='line_1_29' title="bbox 2166 1512 3720 1586; baseline 0.006 -21"><span class='ocrx_word' id='word_1_226' title='bbox 2166 1512 2347 1579; x_wconf 83' lang='lat' dir='ltr'><strong>factis,</strong></span> <span class='ocrx_word' id='word_1_227' title='bbox 2378 1528 2553 1582; x_wconf 87' lang='lat' dir='ltr'><strong>neque</strong></span> <span class='ocrx_word' id='word_1_228' title='bbox 2586 1513 2641 1569; x_wconf 93' lang='lat' dir='ltr'><strong>in</strong></span> <span class='ocrx_word' id='word_1_229' title='bbox 2672 1514 3097 1583; x_wconf 77' lang='lat' dir='ltr'><strong>cogitationibus</strong></span> <span class='ocrx_word' id='word_1_230' title='bbox 3119 1555 3134 1579; x_wconf 89' lang='lat'><strong>,</strong></span> <span class='ocrx_word' id='word_1_231' title='bbox 3175 1530 3356 1584; x_wconf 83' lang='lat' dir='ltr'><strong>neque</strong></span> <span class='ocrx_word' id='word_1_232' title='bbox 3386 1516 3441 1571; x_wconf 88' lang='lat' dir='ltr'><strong>in</strong></span> <span class='ocrx_word' id='word_1_233' title='bbox 3477 1520 3720 1586; x_wconf 84' lang='lat' dir='ltr'><strong>consiliis,</strong></span> 
     </span>
    </p>
   </div>
   <div class='ocr_carea' id='block_1_30' title="bbox 2163 1606 3721 1682">
    <p class='ocr_par' dir='ltr' id='par_1_30' title="bbox 2163 1606 3721 1682">
     <span class='ocr_line' id='line_1_30' title="bbox 2163 1606 3721 1682; baseline 0.007 -24"><span class='ocrx_word' id='word_1_234' title='bbox 2163 1620 2337 1674; x_wconf 91' lang='lat' dir='ltr'><strong>neque</strong></span> <span class='ocrx_word' id='word_1_235' title='bbox 2362 1606 2414 1658; x_wconf 91' lang='lat' dir='ltr'><strong>iu</strong></span> <span class='ocrx_word' id='word_1_236' title='bbox 2453 1606 2761 1674; x_wconf 85' lang='lat' dir='ltr'><strong>impietate,</strong></span> <span class='ocrx_word' id='word_1_237' title='bbox 2791 1620 2967 1675; x_wconf 76' lang='lat' dir='ltr'><strong>neque</strong></span> <span class='ocrx_word' id='word_1_238' title='bbox 2995 1607 3045 1663; x_wconf 92' lang='lat' dir='ltr'><strong>in</strong></span> <span class='ocrx_word' id='word_1_239' title='bbox 3079 1607 3538 1674; x_wconf 82' lang='lat' dir='ltr'><strong>tribulationibus,</strong></span> <span class='ocrx_word' id='word_1_240' title='bbox 3561 1628 3721 1682; x_wconf 89' lang='lat' dir='ltr'><strong>neque</strong></span> 
     </span>
    </p>
   </div>
   <div class='ocr_carea' id='block_1_31' title="bbox 2164 1697 3718 1770">
    <p class='ocr_par' dir='ltr' id='par_1_31' title="bbox 2164 1697 3718 1770">
     <span class='ocr_line' id='line_1_31' title="bbox 2164 1697 3718 1770; baseline 0.005 -20"><span class='ocrx_word' id='word_1_241' title='bbox 2164 1697 2216 1751; x_wconf 90' lang='lat' dir='ltr'><strong>in</strong></span> <span class='ocrx_word' id='word_1_242' title='bbox 2246 1697 2455 1751; x_wconf 82' lang='lat' dir='ltr'><strong>deliciis</strong></span> <span class='ocrx_word' id='word_1_243' title='bbox 2480 1740 2494 1765; x_wconf 91' lang='lat'><strong>,</strong></span> <span class='ocrx_word' id='word_1_244' title='bbox 2534 1713 2709 1766; x_wconf 86' lang='lat' dir='ltr'><strong>neque</strong></span> <span class='ocrx_word' id='word_1_245' title='bbox 2740 1698 2795 1751; x_wconf 90' lang='lat' dir='ltr'><strong>in</strong></span> <span class='ocrx_word' id='word_1_246' title='bbox 2821 1697 2991 1765; x_wconf 81' lang='lat' dir='ltr'><strong>gloria</strong></span> <span class='ocrx_word' id='word_1_247' title='bbox 3019 1738 3037 1763; x_wconf 88' lang='lat'><strong>,</strong></span> <span class='ocrx_word' id='word_1_248' title='bbox 3086 1713 3270 1769; x_wconf 86' lang='lat' dir='ltr'><strong>neque</strong></span> <span class='ocrx_word' id='word_1_249' title='bbox 3300 1700 3353 1754; x_wconf 93' lang='lat' dir='ltr'><strong>in</strong></span> <span class='ocrx_word' id='word_1_250' title='bbox 3388 1713 3718 1770; x_wconf 82' lang='lat' dir='ltr'><strong>paupertate,</strong></span> 
     </span>
    </p>
   </div>
   <div class='ocr_carea' id='block_1_32' title="bbox 2162 1790 3735 1866">
    <p class='ocr_par' dir='ltr' id='par_1_32' title="bbox 2162 1790 3735 1866">
     <span class='ocr_line' id='line_1_32' title="bbox 2162 1790 3735 1866; baseline 0.003 -20"><span class='ocrx_word' id='word_1_251' title='bbox 2162 1793 2257 1846; x_wconf 90' lang='lat' dir='ltr'><strong>sed</strong></span> <span class='ocrx_word' id='word_1_252' title='bbox 2282 1791 2395 1846; x_wconf 73' lang='lat' dir='ltr'><strong>haec</strong></span> <span class='ocrx_word' id='word_1_253' title='bbox 2433 1790 2686 1847; x_wconf 84' lang='lat' dir='ltr'><strong>universa</strong></span> <span class='ocrx_word' id='word_1_254' title='bbox 2713 1805 2835 1845; x_wconf 89' lang='lat' dir='ltr'><strong>cum</strong></span> <span class='ocrx_word' id='word_1_255' title='bbox 2868 1791 3127 1861; x_wconf 87' lang='lat' dir='ltr'><strong>patientia</strong></span> <span class='ocrx_word' id='word_1_256' title='bbox 3175 1802 3539 1860; x_wconf 86' lang='lat' dir='ltr'><strong>transeamus,</strong></span> <span class='ocrx_word' id='word_1_257' title='bbox 3577 1806 3735 1866; x_wconf 88' lang='lat' dir='ltr'><strong>atque</strong></span> 
     </span>
    </p>
   </div>
   <div class='ocr_carea' id='block_1_33' title="bbox 485 1865 3725 1953">
    <p class='ocr_par' dir='ltr' id='par_1_33' title="bbox 485 1865 3725 1953">
     <span class='ocr_line' id='line_1_33' title="bbox 485 1865 3725 1953; baseline 0.004 -23"><span class='ocrx_word' id='word_1_258' title='bbox 485 1890 665 1933; x_wconf 88' lang='lat' dir='ltr'><strong>autem</strong></span> <span class='ocrx_word' id='word_1_259' title='bbox 697 1882 985 1934; x_wconf 71' lang='lat' dir='ltr'><strong>erubesoat</strong></span> <span class='ocrx_word' id='word_1_260' title='bbox 1019 1880 1158 1934; x_wconf 70' lang='lat' dir='ltr'><strong>Deus</strong></span> <span class='ocrx_word' id='word_1_261' title='bbox 1208 1882 1515 1937; x_wconf 88' lang='lat' dir='ltr'><strong>inﬁdelibus</strong></span> <span class='ocrx_word' id='word_1_262' title='bbox 1562 1894 1726 1952; x_wconf 88' lang='lat' dir='ltr'><strong>atque</strong></span> <span class='ocrx_word' id='word_1_263' title='bbox 1783 1883 2011 1938; x_wconf 85' lang='lat' dir='ltr'><strong>inﬁrmis</strong></span> <span class='ocrx_word' id='word_1_264' title='bbox 2037 1925 2051 1950; x_wconf 90' lang='lat'><strong>,</strong></span> <span class='ocrx_word' id='word_1_265' title='bbox 2095 1865 2135 1918; x_wconf 74' lang='grc' dir='ltr'><strong>Β</strong></span> <span class='ocrx_word' id='word_1_266' title='bbox 2164 1901 2286 1939; x_wconf 90' lang='lat' dir='ltr'><strong>cum</strong></span> <span class='ocrx_word' id='word_1_267' title='bbox 2315 1885 2611 1953; x_wconf 75' lang='lat' dir='ltr'><strong>gratiarum</strong></span> <span class='ocrx_word' id='word_1_268' title='bbox 2640 1883 2944 1939; x_wconf 86' lang='lat' dir='ltr'><strong>actionibus</strong></span> <span class='ocrx_word' id='word_1_269' title='bbox 2978 1883 3391 1950; x_wconf 84' lang='lat' dir='ltr'><strong>sustineatnus,</strong></span> <span class='ocrx_word' id='word_1_270' title='bbox 3426 1894 3485 1939; x_wconf 85' lang='lat' dir='ltr'><strong>ut</strong></span> <span class='ocrx_word' id='word_1_271' title='bbox 3509 1885 3558 1941; x_wconf 91' lang='lat' dir='ltr'><strong>in</strong></span> <span class='ocrx_word' id='word_1_272' title='bbox 3591 1865 3725 1942; x_wconf 77' lang='lat' dir='ltr'><strong>muni</strong></span> 
     </span>
    </p>
   </div>
   <div class='ocr_carea' id='block_1_34' title="bbox 484 1970 2054 2043">
    <p class='ocr_par' dir='ltr' id='par_1_34' title="bbox 484 1970 2054 2043">
     <span class='ocr_line' id='line_1_34' title="bbox 484 1970 2054 2043; baseline 0.003 -17"><span class='ocrx_word' id='word_1_273' title='bbox 484 1970 604 2039; x_wconf 85' lang='lat' dir='ltr'><strong>ipse</strong></span> <span class='ocrx_word' id='word_1_274' title='bbox 644 1971 900 2025; x_wconf 87' lang='lat' dir='ltr'><strong>Dominus</strong></span> <span class='ocrx_word' id='word_1_275' title='bbox 928 1973 1183 2039; x_wconf 84' lang='lat' dir='ltr'><strong>ostendit,</strong></span> <span class='ocrx_word' id='word_1_276' title='bbox 1215 1974 1444 2028; x_wconf 87' lang='lat' dir='ltr'><strong>dicens:</strong></span> <span class='ocrx_word' id='word_1_277' title='bbox 1484 1972 1587 2041; x_wconf 81' lang='lat' dir='ltr'><strong>Qui</strong></span> <span class='ocrx_word' id='word_1_278' title='bbox 1632 1975 1893 2029; x_wconf 79' lang='lat' dir='ltr'><strong>erubuerit</strong></span> <span class='ocrx_word' id='word_1_279' title='bbox 1939 1993 2054 2043; x_wconf 82' lang='lat' dir='ltr'><strong>me,</strong></span> 
     </span>
    </p>
   </div>
   <div class='ocr_carea' id='block_1_35' title="bbox 483 2063 2059 2135">
    <p class='ocr_par' dir='ltr' id='par_1_35' title="bbox 483 2063 2059 2135">
     <span class='ocr_line' id='line_1_35' title="bbox 483 2063 2059 2135; baseline 0.005 -20"><span class='ocrx_word' id='word_1_280' title='bbox 483 2064 765 2129; x_wconf 79' lang='lat' dir='ltr'><strong>confundet</strong></span> <span class='ocrx_word' id='word_1_281' title='bbox 796 2064 933 2117; x_wconf 78' lang='lat' dir='ltr'><strong>[tunc</strong></span> <span class='ocrx_word' id='word_1_282' title='bbox 962 2063 1135 2118; x_wconf 82' lang='lat' dir='ltr'><strong>Filius</strong></span> <span class='ocrx_word' id='word_1_283' title='bbox 1164 2066 1391 2119; x_wconf 77' lang='lat' dir='ltr'><strong>hominis</strong></span> <span class='ocrx_word' id='word_1_284' title='bbox 1419 2082 1538 2119; x_wconf 81' lang='lat' dir='ltr'><strong>cum</strong></span> <span class='ocrx_word' id='word_1_285' title='bbox 1583 2068 1780 2119; x_wconf 76' lang='lat' dir='ltr'><strong>verterit</strong></span> <span class='ocrx_word' id='word_1_286' title='bbox 1812 2067 1865 2121; x_wconf 84' lang='lat' dir='ltr'><strong>in</strong></span> <span class='ocrx_word' id='word_1_287' title='bbox 1893 2070 2059 2135; x_wconf 81' lang='lat' dir='ltr'><strong>maie-</strong></span> 
     </span>
    </p>
   </div>
   <div class='ocr_carea' id='block_1_36' title="bbox 481 2155 2057 2224">
    <p class='ocr_par' dir='ltr' id='par_1_36' title="bbox 481 2155 2057 2224">
     <span class='ocr_line' id='line_1_36' title="bbox 481 2155 2057 2224; baseline 0.005 -16"><span class='ocrx_word' id='word_1_288' title='bbox 481 2163 616 2208; x_wconf 80' lang='lat' dir='ltr'><strong>uate</strong></span> <span class='ocrx_word' id='word_1_289' title='bbox 650 2172 748 2209; x_wconf 81' lang='lat' dir='ltr'><strong>sua</strong></span> <span class='ocrx_word' id='word_1_290' title='bbox 782 2156 848 2208; x_wconf 79' lang='lat'><strong>‘°.</strong></span> <span class='ocrx_word' id='word_1_291' title='bbox 895 2155 1037 2212; x_wconf 89' lang='lat' dir='ltr'><strong>Deus</strong></span> <span class='ocrx_word' id='word_1_292' title='bbox 1064 2173 1195 2212; x_wconf 87' lang='lat' dir='ltr'><strong>vero</strong></span> <span class='ocrx_word' id='word_1_293' title='bbox 1225 2159 1583 2213; x_wconf 84' lang='lat' dir='ltr'><strong>attestabatur</strong></span> <span class='ocrx_word' id='word_1_294' title='bbox 1617 2160 1738 2215; x_wconf 89' lang='lat' dir='ltr'><strong>ﬁdei</strong></span> <span class='ocrx_word' id='word_1_295' title='bbox 1768 2159 1870 2215; x_wconf 87' lang='lat' dir='ltr'><strong>Job</strong></span> <span class='ocrx_word' id='word_1_296' title='bbox 1896 2199 1911 2224; x_wconf 93' lang='lat'><strong>,</strong></span> <span class='ocrx_word' id='word_1_297' title='bbox 1938 2163 2057 2216; x_wconf 86' lang='lat' dir='ltr'><strong>dia-</strong></span> 
     </span>
    </p>
   </div>
   <div class='ocr_carea' id='block_1_37' title="bbox 482 2245 2055 2308">
    <p class='ocr_par' dir='ltr' id='par_1_37' title="bbox 482 2245 2055 2308">
     <span class='ocr_line' id='line_1_37' title="bbox 482 2245 2055 2308; baseline 0.006 -9"><span class='ocrx_word' id='word_1_298' title='bbox 482 2245 638 2301; x_wconf 87' lang='lat' dir='ltr'><strong>holus</strong></span> <span class='ocrx_word' id='word_1_299' title='bbox 682 2261 813 2301; x_wconf 87' lang='lat' dir='ltr'><strong>vero</strong></span> <span class='ocrx_word' id='word_1_300' title='bbox 858 2250 1223 2303; x_wconf 87' lang='lat' dir='ltr'><strong>attestabatur</strong></span> <span class='ocrx_word' id='word_1_301' title='bbox 1256 2250 1590 2307; x_wconf 89' lang='lat' dir='ltr'><strong>inﬁdelitati.</strong></span> <span class='ocrx_word' id='word_1_302' title='bbox 1621 2252 1761 2308; x_wconf 89' lang='lat' dir='ltr'><strong>Deus</strong></span> <span class='ocrx_word' id='word_1_303' title='bbox 1793 2254 2055 2308; x_wconf 68' lang='lat' dir='ltr'><strong>testiﬁca-</strong></span> 
     </span>
    </p>
   </div>
   <div class='ocr_carea' id='block_1_38' title="bbox 480 2340 2057 2416">
    <p class='ocr_par' dir='ltr' id='par_1_38' title="bbox 480 2340 2057 2416">
     <span class='ocr_line' id='line_1_38' title="bbox 480 2340 2057 2416; baseline 0.006 -24"><span class='ocrx_word' id='word_1_304' title='bbox 480 2340 643 2394; x_wconf 88' lang='lat' dir='ltr'><strong>batur</strong></span> <span class='ocrx_word' id='word_1_305' title='bbox 680 2344 820 2411; x_wconf 90' lang='lat' dir='ltr'><strong>quod</strong></span> <span class='ocrx_word' id='word_1_306' title='bbox 851 2356 956 2397; x_wconf 88' lang='lat' dir='ltr'><strong>non</strong></span> <span class='ocrx_word' id='word_1_307' title='bbox 994 2351 1213 2411; x_wconf 80' lang='lat' dir='ltr'><strong>propter</strong></span> <span class='ocrx_word' id='word_1_308' title='bbox 1239 2345 1524 2412; x_wconf 84' lang='lat' dir='ltr'><strong>pecuniam</strong></span> <span class='ocrx_word' id='word_1_309' title='bbox 1553 2385 1569 2409; x_wconf 94' lang='lat'><strong>,</strong></span> <span class='ocrx_word' id='word_1_310' title='bbox 1598 2346 1695 2400; x_wconf 90' lang='lat' dir='ltr'><strong>sed</strong></span> <span class='ocrx_word' id='word_1_311' title='bbox 1724 2356 1947 2416; x_wconf 82' lang='lat' dir='ltr'><strong>propter</strong></span> <span class='ocrx_word' id='word_1_312' title='bbox 1975 2348 2057 2402; x_wconf 85' lang='lat' dir='ltr'><strong>di-</strong></span> 
     </span>
    </p>
   </div>
   <div class='ocr_carea' id='block_1_39' title="bbox 481 2429 2054 2490">
    <p class='ocr_par' dir='ltr' id='par_1_39' title="bbox 481 2429 2054 2490">
     <span class='ocr_line' id='line_1_39' title="bbox 481 2429 2054 2490; baseline 0.003 -8"><span class='ocrx_word' id='word_1_313' title='bbox 481 2429 765 2485; x_wconf 89' lang='lat' dir='ltr'><strong>lectionem</strong></span> <span class='ocrx_word' id='word_1_314' title='bbox 823 2431 1050 2487; x_wconf 87' lang='lat' dir='ltr'><strong>coluerit</strong></span> <span class='ocrx_word' id='word_1_315' title='bbox 1096 2432 1245 2487; x_wconf 90' lang='lat' dir='ltr'><strong>illum</strong></span> <span class='ocrx_word' id='word_1_316' title='bbox 1280 2431 1382 2489; x_wconf 88' lang='lat' dir='ltr'><strong>Job</strong></span> <span class='ocrx_word' id='word_1_317' title='bbox 1415 2452 1429 2488; x_wconf 89' lang='lat'><strong>:</strong></span> <span class='ocrx_word' id='word_1_318' title='bbox 1463 2434 1706 2489; x_wconf 89' lang='lat' dir='ltr'><strong>diabolus</strong></span> <span class='ocrx_word' id='word_1_319' title='bbox 1743 2449 1873 2488; x_wconf 86' lang='lat' dir='ltr'><strong>vero</strong></span> <span class='ocrx_word' id='word_1_320' title='bbox 1919 2450 2054 2490; x_wconf 78' lang='lat' dir='ltr'><strong>eou-</strong></span> 
     </span>
    </p>
   </div>
   <div class='ocr_carea' id='block_1_40' title="bbox 481 2523 2052 2595">
    <p class='ocr_par' dir='ltr' id='par_1_40' title="bbox 481 2523 2052 2595">
     <span class='ocr_line' id='line_1_40' title="bbox 481 2523 2052 2595; baseline 0.003 -19"><span class='ocrx_word' id='word_1_321' title='bbox 481 2523 730 2579; x_wconf 90' lang='lat' dir='ltr'><strong>ﬁrmabat</strong></span> <span class='ocrx_word' id='word_1_322' title='bbox 759 2526 898 2593; x_wconf 81' lang='lat' dir='ltr'><strong>quod</strong></span> <span class='ocrx_word' id='word_1_323' title='bbox 932 2540 1038 2579; x_wconf 88' lang='lat' dir='ltr'><strong>non</strong></span> <span class='ocrx_word' id='word_1_324' title='bbox 1059 2536 1278 2595; x_wconf 88' lang='lat' dir='ltr'><strong>propter</strong></span> <span class='ocrx_word' id='word_1_325' title='bbox 1302 2525 1646 2581; x_wconf 90' lang='lat' dir='ltr'><strong>dilectionem</strong></span> <span class='ocrx_word' id='word_1_326' title='bbox 1673 2525 1886 2581; x_wconf 87' lang='lat' dir='ltr'><strong>colebat</strong></span> <span class='ocrx_word' id='word_1_327' title='bbox 1904 2525 2052 2580; x_wconf 85' lang='lat' dir='ltr'><strong>illum</strong></span> 
     </span>
    </p>
   </div>
   <div class='ocr_carea' id='block_1_41' title="bbox 475 2611 2052 2686">
    <p class='ocr_par' dir='ltr' id='par_1_41' title="bbox 475 2611 2052 2686">
     <span class='ocr_line' id='line_1_41' title="bbox 475 2611 2052 2686; baseline 0.002 -17"><span class='ocrx_word' id='word_1_328' title='bbox 475 2611 599 2681; x_wconf 88' lang='lat' dir='ltr'><strong>Job,</strong></span> <span class='ocrx_word' id='word_1_329' title='bbox 631 2617 725 2669; x_wconf 87' lang='lat' dir='ltr'><strong>sed</strong></span> <span class='ocrx_word' id='word_1_330' title='bbox 760 2626 982 2685; x_wconf 84' lang='lat' dir='ltr'><strong>propter</strong></span> <span class='ocrx_word' id='word_1_331' title='bbox 1026 2616 1401 2673; x_wconf 84' lang='lat' dir='ltr'><strong>substantiam.</strong></span> <span class='ocrx_word' id='word_1_332' title='bbox 1452 2617 1743 2686; x_wconf 87' lang='lat' dir='ltr'><strong>Postquam</strong></span> <span class='ocrx_word' id='word_1_333' title='bbox 1776 2633 1905 2674; x_wconf 89' lang='lat' dir='ltr'><strong>vero</strong></span> <span class='ocrx_word' id='word_1_334' title='bbox 1936 2633 2052 2673; x_wconf 53' lang='lat' dir='ltr'><strong>omv</strong></span> 
     </span>
    </p>
   </div>
   <div class='ocr_carea' id='block_1_42' title="bbox 478 2708 2050 2776">
    <p class='ocr_par' dir='ltr' id='par_1_42' title="bbox 478 2708 2050 2776">
     <span class='ocr_line' id='line_1_42' title="bbox 478 2708 2050 2776; baseline 0.005 -15"><span class='ocrx_word' id='word_1_335' title='bbox 478 2709 568 2761; x_wconf 71' lang='lat' dir='ltr'><strong>nia</strong></span> <span class='ocrx_word' id='word_1_336' title='bbox 599 2709 648 2761; x_wconf 91' lang='lat' dir='ltr'><strong>ei</strong></span> <span class='ocrx_word' id='word_1_337' title='bbox 685 2708 1175 2764; x_wconf 87' lang='lat' dir='ltr'><strong>abstulitdiabolus</strong></span> <span class='ocrx_word' id='word_1_338' title='bbox 1207 2718 1260 2763; x_wconf 91' lang='lat' dir='ltr'><strong>et</strong></span> <span class='ocrx_word' id='word_1_339' title='bbox 1288 2725 1400 2764; x_wconf 90' lang='lat' dir='ltr'><strong>rem</strong></span> <span class='ocrx_word' id='word_1_340' title='bbox 1430 2710 1782 2775; x_wconf 85' lang='lat' dir='ltr'><strong>familiarem,</strong></span> <span class='ocrx_word' id='word_1_341' title='bbox 1813 2710 2050 2776; x_wconf 82' lang='lat' dir='ltr'><strong>etﬁlios,</strong></span> 
     </span>
    </p>
   </div>
   <div class='ocr_carea' id='block_1_43' title="bbox 474 2798 2053 2875">
    <p class='ocr_par' dir='ltr' id='par_1_43' title="bbox 474 2798 2053 2875">
     <span class='ocr_line' id='line_1_43' title="bbox 474 2798 2053 2875; baseline 0.004 -22"><span class='ocrx_word' id='word_1_342' title='bbox 474 2808 531 2853; x_wconf 89' lang='lat' dir='ltr'><strong>et</strong></span> <span class='ocrx_word' id='word_1_343' title='bbox 567 2798 621 2853; x_wconf 91' lang='lat' dir='ltr'><strong>in</strong></span> <span class='ocrx_word' id='word_1_344' title='bbox 651 2800 843 2854; x_wconf 85' lang='lat' dir='ltr'><strong>iisdem</strong></span> <span class='ocrx_word' id='word_1_345' title='bbox 887 2802 1185 2871; x_wconf 71' lang='lat' dir='ltr'><strong>gratiarum</strong></span> <span class='ocrx_word' id='word_1_346' title='bbox 1236 2803 1542 2859; x_wconf 91' lang='lat' dir='ltr'><strong>actionibus</strong></span> <span class='ocrx_word' id='word_1_347' title='bbox 1578 2814 1923 2875; x_wconf 89' lang='lat' dir='ltr'><strong>permaneret</strong></span> <span class='ocrx_word' id='word_1_348' title='bbox 1952 2802 2053 2859; x_wconf 84' lang='lat' dir='ltr'><strong>Job</strong></span> 
     </span>
    </p>
   </div>
   <div class='ocr_carea' id='block_1_44' title="bbox 475 2890 2051 2967">
    <p class='ocr_par' dir='ltr' id='par_1_44' title="bbox 475 2890 2051 2967">
     <span class='ocr_line' id='line_1_44' title="bbox 475 2890 2051 2967; baseline 0.003 -22"><span class='ocrx_word' id='word_1_349' title='bbox 475 2890 622 2945; x_wconf 87' lang='lat' dir='ltr'><strong>circa</strong></span> <span class='ocrx_word' id='word_1_350' title='bbox 656 2890 823 2947; x_wconf 88' lang='lat' dir='ltr'><strong>Deum</strong></span> <span class='ocrx_word' id='word_1_351' title='bbox 851 2932 866 2959; x_wconf 97' lang='lat'><strong>,</strong></span> <span class='ocrx_word' id='word_1_352' title='bbox 913 2902 1039 2948; x_wconf 92' lang='lat' dir='ltr'><strong>tunc</strong></span> <span class='ocrx_word' id='word_1_353' title='bbox 1076 2894 1431 2949; x_wconf 89' lang='lat' dir='ltr'><strong>nihilominus</strong></span> <span class='ocrx_word' id='word_1_354' title='bbox 1462 2897 1711 2967; x_wconf 88' lang='lat' dir='ltr'><strong>apparuit</strong></span> <span class='ocrx_word' id='word_1_355' title='bbox 1741 2897 1885 2966; x_wconf 87' lang='lat' dir='ltr'><strong>quod</strong></span> <span class='ocrx_word' id='word_1_356' title='bbox 1942 2912 2051 2951; x_wconf 88' lang='lat' dir='ltr'><strong>non</strong></span> 
     </span>
    </p>
   </div>
   <div class='ocr_carea' id='block_1_45' title="bbox 2165 1971 3726 2045">
    <p class='ocr_par' dir='ltr' id='par_1_45' title="bbox 2165 1971 3726 2045">
     <span class='ocr_line' id='line_1_45' title="bbox 2165 1971 3726 2045; baseline 0.004 -20"><span class='ocrx_word' id='word_1_357' title='bbox 2165 1974 2271 2026; x_wconf 88' lang='lat' dir='ltr'><strong>vita</strong></span> <span class='ocrx_word' id='word_1_358' title='bbox 2302 1982 2487 2027; x_wconf 86' lang='lat' dir='ltr'><strong>nostra</strong></span> <span class='ocrx_word' id='word_1_359' title='bbox 2520 1971 2706 2028; x_wconf 88' lang='lat' dir='ltr'><strong>lideles</strong></span> <span class='ocrx_word' id='word_1_360' title='bbox 2751 1973 2861 2027; x_wconf 84' lang='lat' dir='ltr'><strong>Deo</strong></span> <span class='ocrx_word' id='word_1_361' title='bbox 2887 2013 2903 2038; x_wconf 94' lang='lat'><strong>,</strong></span> <span class='ocrx_word' id='word_1_362' title='bbox 2935 1984 2989 2027; x_wconf 90' lang='lat' dir='ltr'><strong>et</strong></span> <span class='ocrx_word' id='word_1_363' title='bbox 3023 1973 3168 2028; x_wconf 87' lang='lat' dir='ltr'><strong>ﬁrmi</strong></span> <span class='ocrx_word' id='word_1_364' title='bbox 3218 1974 3272 2028; x_wconf 82' lang='lat' dir='ltr'><strong>in</strong></span> <span class='ocrx_word' id='word_1_365' title='bbox 3303 1973 3410 2029; x_wconf 88' lang='lat' dir='ltr'><strong>ﬁde</strong></span> <span class='ocrx_word' id='word_1_366' title='bbox 3454 1989 3519 2029; x_wconf 84' lang='lat' dir='ltr'><strong>ac</strong></span> <span class='ocrx_word' id='word_1_367' title='bbox 3545 1975 3726 2045; x_wconf 75' lang='lat' dir='ltr'><strong>pietate</strong></span> 
     </span>
    </p>
   </div>
   <div class='ocr_carea' id='block_1_46' title="bbox 2168 2064 3725 2139">
    <p class='ocr_par' dir='ltr' id='par_1_46' title="bbox 2168 2064 3725 2139">
     <span class='ocr_line' id='line_1_46' title="bbox 2168 2064 3725 2139; baseline 0.004 -21"><span class='ocrx_word' id='word_1_368' title='bbox 2168 2069 2501 2135; x_wconf 74' lang='lat' dir='ltr'><strong>reperiamur</strong></span> <span class='ocrx_word' id='word_1_369' title='bbox 2530 2065 2597 2119; x_wconf 91' lang='lat' dir='ltr'><strong>ad</strong></span> <span class='ocrx_word' id='word_1_370' title='bbox 2632 2064 2804 2120; x_wconf 88' lang='lat' dir='ltr'><strong>instar</strong></span> <span class='ocrx_word' id='word_1_371' title='bbox 2836 2065 2977 2121; x_wconf 89' lang='lat' dir='ltr'><strong>beati</strong></span> <span class='ocrx_word' id='word_1_372' title='bbox 3006 2065 3105 2121; x_wconf 90' lang='lat' dir='ltr'><strong>Job</strong></span> <span class='ocrx_word' id='word_1_373' title='bbox 3132 2067 3233 2136; x_wconf 88' lang='lat' dir='ltr'><strong>qui</strong></span> <span class='ocrx_word' id='word_1_374' title='bbox 3267 2067 3320 2122; x_wconf 91' lang='lat' dir='ltr'><strong>in</strong></span> <span class='ocrx_word' id='word_1_375' title='bbox 3344 2068 3591 2124; x_wconf 86' lang='lat' dir='ltr'><strong>omnibus</strong></span> <span class='ocrx_word' id='word_1_376' title='bbox 3616 2086 3725 2139; x_wconf 73' lang='lat' dir='ltr'><strong>qua!</strong></span> 
     </span>
    </p>
   </div>
   <div class='ocr_carea' id='block_1_47' title="bbox 2165 2157 3725 2227">
    <p class='ocr_par' dir='ltr' id='par_1_47' title="bbox 2165 2157 3725 2227">
     <span class='ocr_line' id='line_1_47' title="bbox 2165 2157 3725 2227; baseline 0.002 -14"><span class='ocrx_word' id='word_1_377' title='bbox 2165 2160 2214 2214; x_wconf 92' lang='lat' dir='ltr'><strong>ei</strong></span> <span class='ocrx_word' id='word_1_378' title='bbox 2242 2159 2558 2215; x_wconf 91' lang='lat' dir='ltr'><strong>acciderunt</strong></span> <span class='ocrx_word' id='word_1_379' title='bbox 2580 2157 2752 2214; x_wconf 88' lang='lat' dir='ltr'><strong>ﬁdelis</strong></span> <span class='ocrx_word' id='word_1_380' title='bbox 2781 2160 3077 2227; x_wconf 87' lang='lat' dir='ltr'><strong>permansit</strong></span> <span class='ocrx_word' id='word_1_381' title='bbox 3101 2175 3292 2216; x_wconf 90' lang='lat' dir='ltr'><strong>coram</strong></span> <span class='ocrx_word' id='word_1_382' title='bbox 3322 2160 3455 2226; x_wconf 87' lang='lat' dir='ltr'><strong>Deo,</strong></span> <span class='ocrx_word' id='word_1_383' title='bbox 3484 2170 3539 2217; x_wconf 88' lang='lat' dir='ltr'><strong>et</strong></span> <span class='ocrx_word' id='word_1_384' title='bbox 3563 2161 3725 2217; x_wconf 83' lang='lat' dir='ltr'><strong>ﬁdelia</strong></span> 
     </span>
    </p>
   </div>
   <div class='ocr_carea' id='block_1_48' title="bbox 2164 2251 3725 2324">
    <p class='ocr_par' dir='ltr' id='par_1_48' title="bbox 2164 2251 3725 2324">
     <span class='ocr_line' id='line_1_48' title="bbox 2164 2251 3725 2324; baseline 0.003 -19"><span class='ocrx_word' id='word_1_385' title='bbox 2164 2252 2344 2306; x_wconf 86' lang='lat' dir='ltr'><strong>omnia</strong></span> <span class='ocrx_word' id='word_1_386' title='bbox 2378 2251 2618 2308; x_wconf 89' lang='lat' dir='ltr'><strong>ostendit</strong></span> <span class='ocrx_word' id='word_1_387' title='bbox 2650 2251 2719 2305; x_wconf 91' lang='lat' dir='ltr'><strong>de</strong></span> <span class='ocrx_word' id='word_1_388' title='bbox 2748 2266 2807 2308; x_wconf 85' lang='lat' dir='ltr'><strong>se</strong></span> <span class='ocrx_word' id='word_1_389' title='bbox 2851 2251 3160 2308; x_wconf 86' lang='lat' dir='ltr'><strong>testimonia</strong></span> <span class='ocrx_word' id='word_1_390' title='bbox 3219 2254 3340 2324; x_wconf 67' lang='lat' dir='ltr'><strong>eius</strong></span> <span class='ocrx_word' id='word_1_391' title='bbox 3370 2273 3385 2311; x_wconf 86' lang='lat'><strong>:</strong></span> <span class='ocrx_word' id='word_1_392' title='bbox 3416 2255 3504 2324; x_wconf 74' lang='lat' dir='ltr'><strong>qui</strong></span> <span class='ocrx_word' id='word_1_393' title='bbox 3533 2257 3725 2324; x_wconf 85' lang='lat' dir='ltr'><strong>primus</strong></span> 
     </span>
    </p>
   </div>
   <div class='ocr_carea' id='block_1_49' title="bbox 2164 2343 3723 2417">
    <p class='ocr_par' dir='ltr' id='par_1_49' title="bbox 2164 2343 3723 2417">
     <span class='ocr_line' id='line_1_49' title="bbox 2164 2343 3723 2417; baseline 0.003 -20"><span class='ocrx_word' id='word_1_394' title='bbox 2164 2344 2443 2399; x_wconf 87' lang='lat' dir='ltr'><strong>hominum</strong></span> <span class='ocrx_word' id='word_1_395' title='bbox 2497 2353 2617 2415; x_wconf 88' lang='lat' dir='ltr'><strong>post</strong></span> <span class='ocrx_word' id='word_1_396' title='bbox 2661 2343 2799 2400; x_wconf 78' lang='lat' dir='ltr'><strong>Abel</strong></span> <span class='ocrx_word' id='word_1_397' title='bbox 2851 2353 3014 2415; x_wconf 86' lang='lat' dir='ltr'><strong>atque</strong></span> <span class='ocrx_word' id='word_1_398' title='bbox 3068 2346 3359 2402; x_wconf 84' lang='lat' dir='ltr'><strong>Abraham</strong></span> <span class='ocrx_word' id='word_1_399' title='bbox 3402 2346 3489 2402; x_wconf 86' lang='lat' dir='ltr'><strong>bis</strong></span> <span class='ocrx_word' id='word_1_400' title='bbox 3536 2346 3624 2417; x_wconf 88' lang='lat' dir='ltr'><strong>qui</strong></span> <span class='ocrx_word' id='word_1_401' title='bbox 3675 2348 3723 2402; x_wconf 80' lang='lat' dir='ltr'><strong>in</strong></span> 
     </span>
    </p>
   </div>
   <div class='ocr_carea' id='block_1_50' title="bbox 2165 2434 3722 2506">
    <p class='ocr_par' dir='ltr' id='par_1_50' title="bbox 2165 2434 3722 2506">
     <span class='ocr_line' id='line_1_50' title="bbox 2165 2434 3722 2506; baseline 0.002 -18"><span class='ocrx_word' id='word_1_402' title='bbox 2165 2434 2364 2489; x_wconf 88' lang='lat' dir='ltr'><strong>mundo</strong></span> <span class='ocrx_word' id='word_1_403' title='bbox 2398 2444 2523 2491; x_wconf 85' lang='lat' dir='ltr'><strong>sunt</strong></span> <span class='ocrx_word' id='word_1_404' title='bbox 2580 2435 2842 2491; x_wconf 89' lang='lat' dir='ltr'><strong>bonorum</strong></span> <span class='ocrx_word' id='word_1_405' title='bbox 2875 2435 3168 2505; x_wconf 86' lang='lat' dir='ltr'><strong>dereliquit</strong></span> <span class='ocrx_word' id='word_1_406' title='bbox 3216 2435 3448 2490; x_wconf 85' lang='lat' dir='ltr'><strong>formam</strong></span> <span class='ocrx_word' id='word_1_407' title='bbox 3471 2477 3486 2501; x_wconf 97' lang='lat'><strong>,</strong></span> <span class='ocrx_word' id='word_1_408' title='bbox 3518 2436 3607 2506; x_wconf 82' lang='lat' dir='ltr'><strong>qui</strong></span> <span class='ocrx_word' id='word_1_409' title='bbox 3636 2450 3722 2491; x_wconf 81' lang='lat' dir='ltr'><strong>oo-</strong></span> 
     </span>
    </p>
   </div>
   <div class='ocr_carea' id='block_1_51' title="bbox 2163 2529 3722 2602">
    <p class='ocr_par' dir='ltr' id='par_1_51' title="bbox 2163 2529 3722 2602">
     <span class='ocr_line' id='line_1_51' title="bbox 2163 2529 3722 2602; baseline -0.003 -17"><span class='ocrx_word' id='word_1_410' title='bbox 2163 2532 2397 2586; x_wconf 85' lang='lat' dir='ltr'><strong>minatur</strong></span> <span class='ocrx_word' id='word_1_411' title='bbox 2426 2542 2591 2601; x_wconf 89' lang='lat' dir='ltr'><strong>atque</strong></span> <span class='ocrx_word' id='word_1_412' title='bbox 2639 2532 3019 2602; x_wconf 90' lang='lat' dir='ltr'><strong>magniﬁcatur</strong></span> <span class='ocrx_word' id='word_1_413' title='bbox 3066 2534 3211 2587; x_wconf 87' lang='lat' dir='ltr'><strong>inter</strong></span> <span class='ocrx_word' id='word_1_414' title='bbox 3255 2530 3501 2587; x_wconf 85' lang='lat' dir='ltr'><strong>homines</strong></span> <span class='ocrx_word' id='word_1_415' title='bbox 3531 2529 3581 2582; x_wconf 91' lang='lat' dir='ltr'><strong>in</strong></span> <span class='ocrx_word' id='word_1_416' title='bbox 3610 2543 3722 2596; x_wconf 87' lang='lat' dir='ltr'><strong>per-</strong></span> 
     </span>
    </p>
   </div>
   <div class='ocr_carea' id='block_1_52' title="bbox 2162 2621 3717 2692">
    <p class='ocr_par' dir='ltr' id='par_1_52' title="bbox 2162 2621 3717 2692">
     <span class='ocr_line' id='line_1_52' title="bbox 2162 2621 3717 2692; baseline -0.003 -16"><span class='ocrx_word' id='word_1_417' title='bbox 2162 2630 2323 2692; x_wconf 90' lang='lat' dir='ltr'><strong>petuo</strong></span> <span class='ocrx_word' id='word_1_418' title='bbox 2352 2662 2367 2687; x_wconf 94' lang='lat'><strong>,</strong></span> <span class='ocrx_word' id='word_1_419' title='bbox 2422 2622 2515 2691; x_wconf 85' lang='lat' dir='ltr'><strong>qui</strong></span> <span class='ocrx_word' id='word_1_420' title='bbox 2568 2623 2860 2692; x_wconf 81' lang='lat' dir='ltr'><strong>requiescit</strong></span> <span class='ocrx_word' id='word_1_421' title='bbox 2908 2638 3031 2679; x_wconf 75' lang='lat' dir='ltr'><strong>cum</strong></span> <span class='ocrx_word' id='word_1_422' title='bbox 3080 2623 3401 2688; x_wconf 72' lang='lat' dir='ltr'><strong>autgelorum</strong></span> <span class='ocrx_word' id='word_1_423' title='bbox 3451 2621 3627 2676; x_wconf 89' lang='lat' dir='ltr'><strong>choris</strong></span> <span class='ocrx_word' id='word_1_424' title='bbox 3673 2621 3717 2673; x_wconf 92' lang='lat' dir='ltr'><strong>iu</strong></span> 
     </span>
    </p>
   </div>
   <div class='ocr_carea' id='block_1_53' title="bbox 2160 2711 3719 2786">
    <p class='ocr_par' dir='ltr' id='par_1_53' title="bbox 2160 2711 3719 2786">
     <span class='ocr_line' id='line_1_53' title="bbox 2160 2711 3719 2786; baseline -0.003 -18"><span class='ocrx_word' id='word_1_425' title='bbox 2160 2715 2332 2786; x_wconf 80' lang='lat' dir='ltr'><strong>gloria</strong></span> <span class='ocrx_word' id='word_1_426' title='bbox 2366 2715 2765 2785; x_wconf 89' lang='lat' dir='ltr'><strong>incorruptibili</strong></span> <span class='ocrx_word' id='word_1_427' title='bbox 2812 2715 2865 2770; x_wconf 94' lang='lat' dir='ltr'><strong>in</strong></span> <span class='ocrx_word' id='word_1_428' title='bbox 2906 2714 3112 2771; x_wconf 90' lang='lat' dir='ltr'><strong>inﬁnita</strong></span> <span class='ocrx_word' id='word_1_429' title='bbox 3144 2729 3372 2771; x_wconf 64' lang='lat' dir='ltr'><strong>sacoma.</strong></span> <span class='ocrx_word' id='word_1_430' title='bbox 3407 2713 3518 2780; x_wconf 84' lang='lat' dir='ltr'><strong>Qua</strong></span> <span class='ocrx_word' id='word_1_431' title='bbox 3549 2711 3719 2782; x_wconf 76' lang='lat' dir='ltr'><strong>requie</strong></span> 
     </span>
    </p>
   </div>
   <div class='ocr_carea' id='block_1_54' title="bbox 2157 2802 3714 2876">
    <p class='ocr_par' dir='ltr' id='par_1_54' title="bbox 2157 2802 3714 2876">
     <span class='ocr_line' id='line_1_54' title="bbox 2157 2802 3714 2876; baseline -0.003 -17"><span class='ocrx_word' id='word_1_432' title='bbox 2157 2806 2320 2859; x_wconf 90' lang='lat' dir='ltr'><strong>etiatn</strong></span> <span class='ocrx_word' id='word_1_433' title='bbox 2370 2819 2468 2860; x_wconf 84' lang='lat' dir='ltr'><strong>nos</strong></span> <span class='ocrx_word' id='word_1_434' title='bbox 2496 2819 2688 2861; x_wconf 78' lang='lat' dir='ltr'><strong>omnes</strong></span> <span class='ocrx_word' id='word_1_435' title='bbox 2740 2804 2939 2876; x_wconf 76' lang='lat' dir='ltr'><strong>dignos</strong></span> <span class='ocrx_word' id='word_1_436' title='bbox 2975 2805 3183 2861; x_wconf 75' lang='lat' dir='ltr'><strong>habeat</strong></span> <span class='ocrx_word' id='word_1_437' title='bbox 3204 2802 3573 2859; x_wconf 83' lang='lat' dir='ltr'><strong>misericordia</strong></span> <span class='ocrx_word' id='word_1_438' title='bbox 3620 2802 3714 2855; x_wconf 85' lang='lat' dir='ltr'><strong>Do-</strong></span> 
     </span>
    </p>
   </div>
   <div class='ocr_carea' id='block_1_55' title="bbox 2159 2911 2310 2950">
    <p class='ocr_par' dir='ltr' id='par_1_55' title="bbox 2159 2911 2310 2950">
     <span class='ocr_line' id='line_1_55' title="bbox 2159 2911 2310 2950; baseline 0.013 -2"><span class='ocrx_word' id='word_1_439' title='bbox 2159 2911 2266 2949; x_wconf 81' lang='lat' dir='ltr'><strong>Illlll</strong></span> <span class='ocrx_word' id='word_1_440' title='bbox 2274 2911 2310 2950; x_wconf 77' lang='grc' dir='ltr'><strong>Ι.</strong></span> 
     </span>
    </p>
   </div>
   <div class='ocr_carea' id='block_1_56' title="bbox 2155 3104 3676 3129">
    <p class='ocr_par' dir='ltr' id='par_1_56' title="bbox 2155 3105 3676 3129">
     <span class='ocr_line' id='line_1_56' title="bbox 2155 3105 3676 3129; baseline 0.004 -3"><span class='ocrx_word' id='word_1_441' title='bbox 2155 3105 3676 3129; x_wconf 51' lang='grc' dir='ltr'>..Μ-ν</span> 
     </span>
    </p>
   </div>
   <div class='ocr_carea' id='block_1_57' title="bbox 1559 3293 2642 3386">
    <p class='ocr_par' dir='ltr' id='par_1_57' title="bbox 1559 3293 2642 3386">
     <span class='ocr_line' id='line_1_57' title="bbox 1559 3293 2642 3386; baseline 0.002 -5"><span class='ocrx_word' id='word_1_442' title='bbox 1559 3293 1914 3384; x_wconf 77' lang='lat' dir='ltr'><strong>LIBER</strong></span> <span class='ocrx_word' id='word_1_443' title='bbox 1986 3293 2642 3386; x_wconf 85' lang='lat' dir='ltr'><strong>SECUNDUS.</strong></span> 
     </span>
    </p>
   </div>
   <div class='ocr_carea' id='block_1_58' title="bbox 2065 3522 2136 3535">
    <p class='ocr_par' dir='ltr' id='par_1_58' title="bbox 2065 3522 2136 3535">
     <span class='ocr_line' id='line_1_58' title="bbox 2065 3522 2136 3535; baseline 0.014 -4"><span class='ocrx_word' id='word_1_444' title='bbox 2065 3522 2136 3535; x_wconf 65' lang='lat'><strong>&#39;—</strong></span> 
     </span>
    </p>
   </div>
   <div class='ocr_carea' id='block_1_59' title="bbox 542 3657 3710 3738">
    <p class='ocr_par' dir='ltr' id='par_1_59' title="bbox 542 3657 3710 3738">
     <span class='ocr_line' id='line_1_59' title="bbox 542 3657 3710 3738; baseline 0.002 -26"><span class='ocrx_word' id='word_1_445' title='bbox 542 3657 697 3713; x_wconf 89' lang='lat' dir='ltr'><strong>Sicut</strong></span> <span class='ocrx_word' id='word_1_446' title='bbox 731 3660 1081 3729; x_wconf 88' lang='lat' dir='ltr'><strong>pulcherrimi</strong></span> <span class='ocrx_word' id='word_1_447' title='bbox 1120 3665 1250 3719; x_wconf 84' lang='lat' dir='ltr'><strong>solis</strong></span> <span class='ocrx_word' id='word_1_448' title='bbox 1276 3665 1410 3721; x_wconf 89' lang='lat' dir='ltr'><strong>radii</strong></span> <span class='ocrx_word' id='word_1_449' title='bbox 1450 3666 1797 3723; x_wconf 88' lang='lat' dir='ltr'><strong>delectabiles</strong></span> <span class='ocrx_word' id='word_1_450' title='bbox 1823 3676 1951 3724; x_wconf 89' lang='lat' dir='ltr'><strong>sunt</strong></span> <span class='ocrx_word' id='word_1_451' title='bbox 1981 3669 2045 3723; x_wconf 90' lang='lat' dir='ltr'><strong>ad</strong></span> <span class='ocrx_word' id='word_1_452' title='bbox 2076 3678 2118 3734; x_wconf 86' lang='lat' dir='ltr'><strong>c</strong></span> <span class='ocrx_word' id='word_1_453' title='bbox 2152 3679 2277 3725; x_wconf 90' lang='lat' dir='ltr'><strong>ante</strong></span> <span class='ocrx_word' id='word_1_454' title='bbox 2323 3669 2616 3725; x_wconf 90' lang='lat' dir='ltr'><strong>secundam</strong></span> <span class='ocrx_word' id='word_1_455' title='bbox 2649 3668 3090 3736; x_wconf 82' lang='lat' dir='ltr'><strong>congressionem</strong></span> <span class='ocrx_word' id='word_1_456' title='bbox 3122 3668 3396 3722; x_wconf 86' lang='lat' dir='ltr'><strong>inutiliter</strong></span> <span class='ocrx_word' id='word_1_457' title='bbox 3436 3678 3576 3738; x_wconf 81' lang='lat' dir='ltr'><strong>terga</strong></span> <span class='ocrx_word' id='word_1_458' title='bbox 3605 3678 3710 3717; x_wconf 85' lang='lat' dir='ltr'><strong>ver-</strong></span> 
     </span>
    </p>
   </div>
   <div class='ocr_carea' id='block_1_60' title="bbox 470 3750 2041 3828">
    <p class='ocr_par' dir='ltr' id='par_1_60' title="bbox 470 3750 2041 3828">
     <span class='ocr_line' id='line_1_60' title="bbox 470 3750 2041 3828; baseline 0.008 -25"><span class='ocrx_word' id='word_1_459' title='bbox 470 3750 755 3807; x_wconf 75' lang='lat' dir='ltr'><strong>videudum</strong></span> <span class='ocrx_word' id='word_1_460' title='bbox 804 3754 949 3808; x_wconf 91' lang='lat' dir='ltr'><strong>omni</strong></span> <span class='ocrx_word' id='word_1_461' title='bbox 992 3754 1199 3809; x_wconf 90' lang='lat' dir='ltr'><strong>homini</strong></span> <span class='ocrx_word' id='word_1_462' title='bbox 1252 3757 1491 3813; x_wconf 85' lang='lat' dir='ltr'><strong>illibatos</strong></span> <span class='ocrx_word' id='word_1_463' title='bbox 1544 3760 1731 3815; x_wconf 90' lang='lat' dir='ltr'><strong>oculos</strong></span> <span class='ocrx_word' id='word_1_464' title='bbox 1786 3760 2041 3828; x_wconf 79' lang='lat' dir='ltr'><strong>habenti,</strong></span> 
     </span>
    </p>
   </div>
   <div class='ocr_carea' id='block_1_61' title="bbox 471 3843 2045 3921">
    <p class='ocr_par' dir='ltr' id='par_1_61' title="bbox 471 3843 2045 3921">
     <span class='ocr_line' id='line_1_61' title="bbox 471 3843 2045 3921; baseline 0.009 -27"><span class='ocrx_word' id='word_1_465' title='bbox 471 3843 543 3895; x_wconf 90' lang='lat' dir='ltr'><strong>ita</strong></span> <span class='ocrx_word' id='word_1_466' title='bbox 582 3852 637 3896; x_wconf 90' lang='lat' dir='ltr'><strong>et</strong></span> <span class='ocrx_word' id='word_1_467' title='bbox 684 3844 1024 3903; x_wconf 76' lang='lat' dir='ltr'><strong>admirabilis</strong></span> <span class='ocrx_word' id='word_1_468' title='bbox 1055 3846 1156 3901; x_wconf 89' lang='lat' dir='ltr'><strong>Job</strong></span> <span class='ocrx_word' id='word_1_469' title='bbox 1204 3850 1384 3918; x_wconf 90' lang='lat' dir='ltr'><strong>passio</strong></span> <span class='ocrx_word' id='word_1_470' title='bbox 1412 3849 1790 3910; x_wconf 89' lang='lat' dir='ltr'><strong>desiderabilis</strong></span> <span class='ocrx_word' id='word_1_471' title='bbox 1823 3862 1905 3907; x_wconf 90' lang='lat' dir='ltr'><strong>est</strong></span> <span class='ocrx_word' id='word_1_472' title='bbox 1930 3896 1944 3921; x_wconf 95' lang='lat'><strong>,</strong></span> <span class='ocrx_word' id='word_1_473' title='bbox 1982 3869 2045 3909; x_wconf 91' lang='lat' dir='ltr'><strong>ac</strong></span> 
     </span>
    </p>
   </div>
   <div class='ocr_carea' id='block_1_62' title="bbox 471 3933 2045 4005">
    <p class='ocr_par' dir='ltr' id='par_1_62' title="bbox 471 3933 2045 4005">
     <span class='ocr_line' id='line_1_62' title="bbox 471 3933 2045 4005; baseline 0.009 -19"><span class='ocrx_word' id='word_1_474' title='bbox 471 3933 810 3989; x_wconf 87' lang='lat' dir='ltr'><strong>delectabilis</strong></span> <span class='ocrx_word' id='word_1_475' title='bbox 835 3975 849 3999; x_wconf 93' lang='lat'><strong>,</strong></span> <span class='ocrx_word' id='word_1_476' title='bbox 882 3946 1045 4005; x_wconf 92' lang='lat' dir='ltr'><strong>atque</strong></span> <span class='ocrx_word' id='word_1_477' title='bbox 1072 3942 1380 3993; x_wconf 89' lang='lat' dir='ltr'><strong>necessaria</strong></span> <span class='ocrx_word' id='word_1_478' title='bbox 1416 3943 1482 3996; x_wconf 86' lang='lat' dir='ltr'><strong>ad</strong></span> <span class='ocrx_word' id='word_1_479' title='bbox 1512 3944 1836 3998; x_wconf 88' lang='lat' dir='ltr'><strong>audiendum</strong></span> <span class='ocrx_word' id='word_1_480' title='bbox 1867 3946 2045 4001; x_wconf 88' lang='lat' dir='ltr'><strong>omni-</strong></span> 
     </span>
    </p>
   </div>
   <div class='ocr_carea' id='block_1_63' title="bbox 470 4024 2043 4095">
    <p class='ocr_par' dir='ltr' id='par_1_63' title="bbox 470 4024 2043 4095">
     <span class='ocr_line' id='line_1_63' title="bbox 470 4024 2043 4095; baseline 0.009 -18"><span class='ocrx_word' id='word_1_481' title='bbox 470 4025 570 4077; x_wconf 86' lang='lat' dir='ltr'><strong>bus</strong></span> <span class='ocrx_word' id='word_1_482' title='bbox 596 4024 703 4090; x_wconf 89' lang='lat' dir='ltr'><strong>piis</strong></span> <span class='ocrx_word' id='word_1_483' title='bbox 727 4064 741 4088; x_wconf 95' lang='lat'><strong>,</strong></span> <span class='ocrx_word' id='word_1_484' title='bbox 772 4026 1025 4081; x_wconf 90' lang='lat' dir='ltr'><strong>omnibus</strong></span> <span class='ocrx_word' id='word_1_485' title='bbox 1061 4029 1413 4084; x_wconf 83' lang='lat' dir='ltr'><strong>credentibus</strong></span> <span class='ocrx_word' id='word_1_486' title='bbox 1440 4070 1455 4095; x_wconf 98' lang='lat'><strong>,</strong></span> <span class='ocrx_word' id='word_1_487' title='bbox 1487 4034 1735 4088; x_wconf 89' lang='lat' dir='ltr'><strong>omnibus</strong></span> <span class='ocrx_word' id='word_1_488' title='bbox 1765 4036 1931 4090; x_wconf 91' lang='lat' dir='ltr'><strong>Deum</strong></span> <span class='ocrx_word' id='word_1_489' title='bbox 1963 4037 2043 4091; x_wconf 90' lang='lat' dir='ltr'><strong>in-</strong></span> 
     </span>
    </p>
   </div>
   <div class='ocr_carea' id='block_1_64' title="bbox 471 4116 2041 4190">
    <p class='ocr_par' dir='ltr' id='par_1_64' title="bbox 471 4116 2041 4190">
     <span class='ocr_line' id='line_1_64' title="bbox 471 4116 2041 4190; baseline 0.01 -24"><span class='ocrx_word' id='word_1_490' title='bbox 471 4116 746 4171; x_wconf 87' lang='lat' dir='ltr'><strong>tuentibus</strong></span> <span class='ocrx_word' id='word_1_491' title='bbox 774 4157 788 4183; x_wconf 97' lang='lat'><strong>,</strong></span> <span class='ocrx_word' id='word_1_492' title='bbox 819 4127 980 4187; x_wconf 88' lang='lat' dir='ltr'><strong>atque</strong></span> <span class='ocrx_word' id='word_1_493' title='bbox 1014 4118 1182 4172; x_wconf 86' lang='lat' dir='ltr'><strong>Deum</strong></span> <span class='ocrx_word' id='word_1_494' title='bbox 1230 4121 1597 4190; x_wconf 87' lang='lat' dir='ltr'><strong>diligentibus.</strong></span> <span class='ocrx_word' id='word_1_495' title='bbox 1630 4125 1765 4180; x_wconf 89' lang='lat' dir='ltr'><strong>Nam</strong></span> <span class='ocrx_word' id='word_1_496' title='bbox 1807 4128 2041 4182; x_wconf 73' lang='lat' dir='ltr'><strong>admira~</strong></span> 
     </span>
    </p>
   </div>
   <div class='ocr_carea' id='block_1_65' title="bbox 469 4206 2044 4282">
    <p class='ocr_par' dir='ltr' id='par_1_65' title="bbox 469 4206 2044 4282">
     <span class='ocr_line' id='line_1_65' title="bbox 469 4206 2044 4282; baseline 0.007 -20"><span class='ocrx_word' id='word_1_497' title='bbox 469 4206 594 4262; x_wconf 85' lang='lat' dir='ltr'><strong>bilis</strong></span> <span class='ocrx_word' id='word_1_498' title='bbox 644 4207 786 4275; x_wconf 89' lang='lat' dir='ltr'><strong>Job,</strong></span> <span class='ocrx_word' id='word_1_499' title='bbox 836 4225 960 4264; x_wconf 91' lang='lat' dir='ltr'><strong>cum</strong></span> <span class='ocrx_word' id='word_1_500' title='bbox 1012 4211 1186 4280; x_wconf 90' lang='lat' dir='ltr'><strong>prima</strong></span> <span class='ocrx_word' id='word_1_501' title='bbox 1244 4214 1627 4282; x_wconf 89' lang='lat' dir='ltr'><strong>congressione</strong></span> <span class='ocrx_word' id='word_1_502' title='bbox 1656 4218 1937 4271; x_wconf 81' lang='lat' dir='ltr'><strong>victoriam</strong></span> <span class='ocrx_word' id='word_1_503' title='bbox 1977 4221 2044 4273; x_wconf 89' lang='lat' dir='ltr'><strong>de</strong></span> 
     </span>
    </p>
   </div>
   <div class='ocr_carea' id='block_1_66' title="bbox 468 4298 2043 4380">
    <p class='ocr_par' dir='ltr' id='par_1_66' title="bbox 468 4298 2043 4380">
     <span class='ocr_line' id='line_1_66' title="bbox 468 4298 2043 4380; baseline 0.008 -27"><span class='ocrx_word' id='word_1_504' title='bbox 468 4298 691 4355; x_wconf 90' lang='lat' dir='ltr'><strong>diabolo</strong></span> <span class='ocrx_word' id='word_1_505' title='bbox 719 4300 1033 4370; x_wconf 73' lang='lat' dir='ltr'><strong>perfecisset</strong></span> <span class='ocrx_word' id='word_1_506' title='bbox 1060 4343 1074 4367; x_wconf 94' lang='lat'><strong>,</strong></span> <span class='ocrx_word' id='word_1_507' title='bbox 1121 4315 1283 4375; x_wconf 89' lang='lat' dir='ltr'><strong>atque</strong></span> <span class='ocrx_word' id='word_1_508' title='bbox 1328 4306 1690 4375; x_wconf 87' lang='lat' dir='ltr'><strong>triumphator</strong></span> <span class='ocrx_word' id='word_1_509' title='bbox 1718 4309 1784 4363; x_wconf 90' lang='lat' dir='ltr'><strong>de</strong></span> <span class='ocrx_word' id='word_1_510' title='bbox 1811 4309 2043 4380; x_wconf 90' lang='lat' dir='ltr'><strong>maligno</strong></span> 
     </span>
    </p>
   </div>
   <div class='ocr_carea' id='block_1_67' title="bbox 467 4397 2041 4473">
    <p class='ocr_par' dir='ltr' id='par_1_67' title="bbox 467 4397 2041 4473">
     <span class='ocr_line' id='line_1_67' title="bbox 467 4397 2041 4473; baseline 0.006 -25"><span class='ocrx_word' id='word_1_511' title='bbox 467 4397 785 4460; x_wconf 80' lang='lat' dir='ltr'><strong>exstitisset,</strong></span> <span class='ocrx_word' id='word_1_512' title='bbox 821 4406 1026 4467; x_wconf 91' lang='lat' dir='ltr'><strong>quanto</strong></span> <span class='ocrx_word' id='word_1_513' title='bbox 1052 4400 1228 4470; x_wconf 81' lang='lat' dir='ltr'><strong>magis</strong></span> <span class='ocrx_word' id='word_1_514' title='bbox 1264 4400 1547 4455; x_wconf 85' lang='lat' dir='ltr'><strong>victoriam</strong></span> <span class='ocrx_word' id='word_1_515' title='bbox 1582 4403 1645 4457; x_wconf 91' lang='lat' dir='ltr'><strong>de</strong></span> <span class='ocrx_word' id='word_1_516' title='bbox 1676 4402 1763 4456; x_wconf 93' lang='lat' dir='ltr'><strong>illo</strong></span> <span class='ocrx_word' id='word_1_517' title='bbox 1790 4407 2041 4473; x_wconf 89' lang='lat' dir='ltr'><strong>sumpsit,</strong></span> 
     </span>
    </p>
   </div>
   <div class='ocr_carea' id='block_1_68' title="bbox 473 4491 2043 4566">
    <p class='ocr_par' dir='ltr' id='par_1_68' title="bbox 473 4491 2043 4566">
     <span class='ocr_line' id='line_1_68' title="bbox 473 4491 2043 4566; baseline 0.008 -25"><span class='ocrx_word' id='word_1_518' title='bbox 473 4498 623 4542; x_wconf 88' lang='lat' dir='ltr'><strong>tanto</strong></span> <span class='ocrx_word' id='word_1_519' title='bbox 652 4491 886 4560; x_wconf 91' lang='lat' dir='ltr'><strong>amplius</strong></span> <span class='ocrx_word' id='word_1_520' title='bbox 919 4492 1067 4546; x_wconf 91' lang='lat' dir='ltr'><strong>illum</strong></span> <span class='ocrx_word' id='word_1_521' title='bbox 1099 4494 1167 4546; x_wconf 89' lang='lat' dir='ltr'><strong>ad</strong></span> <span class='ocrx_word' id='word_1_522' title='bbox 1194 4493 1367 4547; x_wconf 90' lang='lat' dir='ltr'><strong>zelum</strong></span> <span class='ocrx_word' id='word_1_523' title='bbox 1398 4493 1545 4548; x_wconf 91' lang='lat' dir='ltr'><strong>circa</strong></span> <span class='ocrx_word' id='word_1_524' title='bbox 1579 4508 1657 4561; x_wconf 90' lang='lat' dir='ltr'><strong>se,</strong></span> <span class='ocrx_word' id='word_1_525' title='bbox 1688 4506 1743 4551; x_wconf 90' lang='lat' dir='ltr'><strong>et</strong></span> <span class='ocrx_word' id='word_1_526' title='bbox 1772 4497 1839 4552; x_wconf 91' lang='lat' dir='ltr'><strong>ad</strong></span> <span class='ocrx_word' id='word_1_527' title='bbox 1871 4498 2043 4566; x_wconf 89' lang='lat' dir='ltr'><strong>majus</strong></span> 
     </span>
    </p>
   </div>
   <div class='ocr_carea' id='block_1_69' title="bbox 466 4584 2044 4653">
    <p class='ocr_par' dir='ltr' id='par_1_69' title="bbox 466 4584 2044 4653">
     <span class='ocr_line' id='line_1_69' title="bbox 466 4584 2044 4653; baseline 0.008 -19"><span class='ocrx_word' id='word_1_528' title='bbox 466 4590 743 4636; x_wconf 73' lang='lat' dir='ltr'><strong>certamen</strong></span> <span class='ocrx_word' id='word_1_529' title='bbox 777 4594 935 4653; x_wconf 79' lang='lat' dir='ltr'><strong>atque</strong></span> <span class='ocrx_word' id='word_1_530' title='bbox 961 4584 1159 4639; x_wconf 90' lang='lat' dir='ltr'><strong>bellum</strong></span> <span class='ocrx_word' id='word_1_531' title='bbox 1189 4589 1501 4641; x_wconf 91' lang='lat' dir='ltr'><strong>commovit.</strong></span> <span class='ocrx_word' id='word_1_532' title='bbox 1532 4584 1690 4642; x_wconf 85' lang='lat' dir='ltr'><strong>Velut</strong></span> <span class='ocrx_word' id='word_1_533' title='bbox 1719 4589 1861 4643; x_wconf 92' lang='lat' dir='ltr'><strong>enim</strong></span> <span class='ocrx_word' id='word_1_534' title='bbox 1892 4591 2044 4646; x_wconf 84' lang='lat' dir='ltr'><strong>inex-</strong></span> 
     </span>
    </p>
   </div>
   <div class='ocr_carea' id='block_1_70' title="bbox 465 4675 2038 4752">
    <p class='ocr_par' dir='ltr' id='par_1_70' title="bbox 465 4675 2038 4752">
     <span class='ocr_line' id='line_1_70' title="bbox 465 4675 2038 4752; baseline 0.006 -24"><span class='ocrx_word' id='word_1_535' title='bbox 465 4675 793 4745; x_wconf 88' lang='lat' dir='ltr'><strong>stiuguibilis</strong></span> <span class='ocrx_word' id='word_1_536' title='bbox 846 4676 987 4747; x_wconf 83' lang='lat' dir='ltr'><strong>ignis</strong></span> <span class='ocrx_word' id='word_1_537' title='bbox 1021 4675 1234 4734; x_wconf 80' lang='lat' dir='ltr'><strong>ﬂamma</strong></span> <span class='ocrx_word' id='word_1_538' title='bbox 1290 4693 1585 4735; x_wconf 88' lang='lat' dir='ltr'><strong>succensus</strong></span> <span class='ocrx_word' id='word_1_539' title='bbox 1634 4682 2038 4752; x_wconf 90' lang='lat' dir='ltr'><strong>nequissimus,</strong></span> 
     </span>
    </p>
   </div>
   <div class='ocr_carea' id='block_1_71' title="bbox 468 4769 2042 4838">
    <p class='ocr_par' dir='ltr' id='par_1_71' title="bbox 468 4769 2042 4838">
     <span class='ocr_line' id='line_1_71' title="bbox 468 4769 2042 4838; baseline 0.008 -20"><span class='ocrx_word' id='word_1_540' title='bbox 468 4777 709 4822; x_wconf 89' lang='lat' dir='ltr'><strong>tractans</strong></span> <span class='ocrx_word' id='word_1_541' title='bbox 742 4769 885 4838; x_wconf 89' lang='lat' dir='ltr'><strong>apud</strong></span> <span class='ocrx_word' id='word_1_542' title='bbox 931 4770 1286 4838; x_wconf 90' lang='lat' dir='ltr'><strong>semetipsum</strong></span> <span class='ocrx_word' id='word_1_543' title='bbox 1340 4772 1474 4827; x_wconf 81' lang='lat' dir='ltr'><strong>dixit</strong></span> <span class='ocrx_word' id='word_1_544' title='bbox 1515 4789 1529 4827; x_wconf 90' lang='lat'><strong>:</strong></span> <span class='ocrx_word' id='word_1_545' title='bbox 1569 4770 1725 4829; x_wconf 88' lang='lat' dir='ltr'><strong>Nunc</strong></span> <span class='ocrx_word' id='word_1_546' title='bbox 1775 4773 1908 4829; x_wconf 91' lang='lat' dir='ltr'><strong>mihi</strong></span> <span class='ocrx_word' id='word_1_547' title='bbox 1959 4785 2042 4831; x_wconf 87' lang='lat' dir='ltr'><strong>est</strong></span> 
     </span>
    </p>
   </div>
   <div class='ocr_carea' id='block_1_72' title="bbox 466 4858 2037 4937">
    <p class='ocr_par' dir='ltr' id='par_1_72' title="bbox 466 4858 2037 4937">
     <span class='ocr_line' id='line_1_72' title="bbox 466 4858 2037 4937; baseline 0.007 -27"><span class='ocrx_word' id='word_1_548' title='bbox 466 4858 589 4912; x_wconf 85' lang='lat' dir='ltr'><strong>belli</strong></span> <span class='ocrx_word' id='word_1_549' title='bbox 624 4869 855 4931; x_wconf 89' lang='lat' dir='ltr'><strong>tempus,</strong></span> <span class='ocrx_word' id='word_1_550' title='bbox 890 4876 1032 4917; x_wconf 92' lang='lat' dir='ltr'><strong>nunc</strong></span> <span class='ocrx_word' id='word_1_551' title='bbox 1060 4864 1299 4919; x_wconf 73' lang='lat' dir='ltr'><strong>victoria:</strong></span> <span class='ocrx_word' id='word_1_552' title='bbox 1332 4880 1453 4933; x_wconf 84' lang='lat' dir='ltr'><strong>spes</strong></span> <span class='ocrx_word' id='word_1_553' title='bbox 1484 4864 1612 4920; x_wconf 90' lang='lat' dir='ltr'><strong>mihi</strong></span> <span class='ocrx_word' id='word_1_554' title='bbox 1644 4882 1911 4937; x_wconf 84' lang='lat' dir='ltr'><strong>nusquam</strong></span> <span class='ocrx_word' id='word_1_555' title='bbox 1936 4878 2037 4934; x_wconf 87' lang='lat' dir='ltr'><strong>est,</strong></span> 
     </span>
    </p>
   </div>
   <div class='ocr_carea' id='block_1_73' title="bbox 468 4958 2037 5026">
    <p class='ocr_par' dir='ltr' id='par_1_73' title="bbox 468 4958 2037 5026">
     <span class='ocr_line' id='line_1_73' title="bbox 468 4958 2037 5026; baseline 0.008 -25"><span class='ocrx_word' id='word_1_556' title='bbox 468 4966 608 5005; x_wconf 90' lang='lat' dir='ltr'><strong>nunc</strong></span> <span class='ocrx_word' id='word_1_557' title='bbox 641 4967 930 5021; x_wconf 81' lang='lat' dir='ltr'><strong>exsurgam</strong></span> <span class='ocrx_word' id='word_1_558' title='bbox 961 4958 1028 5010; x_wconf 91' lang='lat' dir='ltr'><strong>ad</strong></span> <span class='ocrx_word' id='word_1_559' title='bbox 1060 4966 1336 5012; x_wconf 89' lang='lat' dir='ltr'><strong>certamen</strong></span> <span class='ocrx_word' id='word_1_560' title='bbox 1367 4959 1511 5025; x_wconf 81' lang='lat' dir='ltr'><strong>circa</strong></span> <span class='ocrx_word' id='word_1_561' title='bbox 1554 4958 1656 5015; x_wconf 92' lang='lat' dir='ltr'><strong>Job</strong></span> <span class='ocrx_word' id='word_1_562' title='bbox 1682 5001 1696 5026; x_wconf 96' lang='lat'><strong>,</strong></span> <span class='ocrx_word' id='word_1_563' title='bbox 1750 4976 1894 5015; x_wconf 90' lang='lat' dir='ltr'><strong>nunc</strong></span> <span class='ocrx_word' id='word_1_564' title='bbox 1921 4962 2037 5014; x_wconf 77' lang='lat' dir='ltr'><strong>evi—</strong></span> 
     </span>
    </p>
   </div>
   <div class='ocr_carea' id='block_1_74' title="bbox 2151 3757 3710 3831">
    <p class='ocr_par' dir='ltr' id='par_1_74' title="bbox 2151 3757 3710 3831">
     <span class='ocr_line' id='line_1_74' title="bbox 2151 3757 3710 3831; baseline -0.005 -16"><span class='ocrx_word' id='word_1_565' title='bbox 2151 3771 2282 3816; x_wconf 91' lang='lat' dir='ltr'><strong>tam.</strong></span> <span class='ocrx_word' id='word_1_566' title='bbox 2332 3761 2607 3827; x_wconf 88' lang='lat' dir='ltr'><strong>Forsitan,</strong></span> <span class='ocrx_word' id='word_1_567' title='bbox 2645 3760 2840 3830; x_wconf 89' lang='lat' dir='ltr'><strong>inquit,</strong></span> <span class='ocrx_word' id='word_1_568' title='bbox 2880 3761 2931 3814; x_wconf 92' lang='lat' dir='ltr'><strong>in</strong></span> <span class='ocrx_word' id='word_1_569' title='bbox 2970 3760 3205 3814; x_wconf 85' lang='lat' dir='ltr'><strong>secunda</strong></span> <span class='ocrx_word' id='word_1_570' title='bbox 3244 3757 3710 3831; x_wconf 83' lang='lat' dir='ltr'><strong>congressiouevi-</strong></span> 
     </span>
    </p>
   </div>
   <div class='ocr_carea' id='block_1_75' title="bbox 2149 3846 3709 3907">
    <p class='ocr_par' dir='ltr' id='par_1_75' title="bbox 2149 3846 3709 3907">
     <span class='ocr_line' id='line_1_75' title="bbox 2149 3846 3709 3907; baseline -0.006 0"><span class='ocrx_word' id='word_1_571' title='bbox 2149 3853 2315 3907; x_wconf 86' lang='lat' dir='ltr'><strong>ctoria</strong></span> <span class='ocrx_word' id='word_1_572' title='bbox 2347 3854 2412 3907; x_wconf 91' lang='lat' dir='ltr'><strong>ad</strong></span> <span class='ocrx_word' id='word_1_573' title='bbox 2460 3869 2544 3906; x_wconf 90' lang='lat' dir='ltr'><strong>me</strong></span> <span class='ocrx_word' id='word_1_574' title='bbox 2578 3862 2895 3905; x_wconf 86' lang='lat' dir='ltr'><strong>revertetur.</strong></span> <span class='ocrx_word' id='word_1_575' title='bbox 2931 3850 3185 3906; x_wconf 86' lang='lat' dir='ltr'><strong>Forsitan</strong></span> <span class='ocrx_word' id='word_1_576' title='bbox 3225 3854 3373 3905; x_wconf 64' lang='lat' dir='ltr'><strong>etaim</strong></span> <span class='ocrx_word' id='word_1_577' title='bbox 3428 3846 3709 3905; x_wconf 88' lang='lat' dir='ltr'><strong>contemnit</strong></span> 
     </span>
    </p>
   </div>
   <div class='ocr_carea' id='block_1_76' title="bbox 2144 3944 3705 4013">
    <p class='ocr_par' dir='ltr' id='par_1_76' title="bbox 2144 3944 3705 4013">
     <span class='ocr_line' id='line_1_76' title="bbox 2144 3944 3705 4013; baseline -0.006 -15"><span class='ocrx_word' id='word_1_578' title='bbox 2144 3960 2266 4010; x_wconf 89' lang='lat' dir='ltr'><strong>sua,</strong></span> <span class='ocrx_word' id='word_1_579' title='bbox 2294 3954 2347 3999; x_wconf 91' lang='lat' dir='ltr'><strong>et</strong></span> <span class='ocrx_word' id='word_1_580' title='bbox 2385 3944 2553 4008; x_wconf 87' lang='lat' dir='ltr'><strong>ﬁlios,</strong></span> <span class='ocrx_word' id='word_1_581' title='bbox 2586 3944 2823 4013; x_wconf 89' lang='lat' dir='ltr'><strong>seipsum</strong></span> <span class='ocrx_word' id='word_1_582' title='bbox 2852 3954 3029 3997; x_wconf 90' lang='lat' dir='ltr'><strong>autem</strong></span> <span class='ocrx_word' id='word_1_583' title='bbox 3065 3959 3169 3997; x_wconf 85' lang='lat' dir='ltr'><strong>non</strong></span> <span class='ocrx_word' id='word_1_584' title='bbox 3212 3944 3532 4005; x_wconf 90' lang='lat' dir='ltr'><strong>contemnit,</strong></span> <span class='ocrx_word' id='word_1_585' title='bbox 3561 3952 3705 3993; x_wconf 87' lang='lat' dir='ltr'><strong>suum</strong></span> 
     </span>
    </p>
   </div>
   <div class='ocr_carea' id='block_1_77' title="bbox 2150 4031 3711 4106">
    <p class='ocr_par' dir='ltr' id='par_1_77' title="bbox 2150 4031 3711 4106">
     <span class='ocr_line' id='line_1_77' title="bbox 2150 4031 3711 4106; baseline -0.004 -18"><span class='ocrx_word' id='word_1_586' title='bbox 2150 4037 2424 4106; x_wconf 90' lang='lat' dir='ltr'><strong>proprium</strong></span> <span class='ocrx_word' id='word_1_587' title='bbox 2455 4051 2654 4106; x_wconf 84' lang='lat' dir='ltr'><strong>corpus</strong></span> <span class='ocrx_word' id='word_1_588' title='bbox 2684 4051 2793 4090; x_wconf 91' lang='lat' dir='ltr'><strong>non</strong></span> <span class='ocrx_word' id='word_1_589' title='bbox 2823 4036 3046 4106; x_wconf 83' lang='lat' dir='ltr'><strong>spernit,</strong></span> <span class='ocrx_word' id='word_1_590' title='bbox 3077 4036 3329 4105; x_wconf 91' lang='lat' dir='ltr'><strong>proprios</strong></span> <span class='ocrx_word' id='word_1_591' title='bbox 3359 4051 3484 4090; x_wconf 90' lang='lat' dir='ltr'><strong>suos</strong></span> <span class='ocrx_word' id='word_1_592' title='bbox 3508 4031 3711 4088; x_wconf 84' lang='lat' dir='ltr'><strong>dolores</strong></span> 
     </span>
    </p>
   </div>
   <div class='ocr_carea' id='block_1_78' title="bbox 2148 4124 3704 4196">
    <p class='ocr_par' dir='ltr' id='par_1_78' title="bbox 2148 4124 3704 4196">
     <span class='ocr_line' id='line_1_78' title="bbox 2148 4124 3704 4196; baseline -0.004 -17"><span class='ocrx_word' id='word_1_593' title='bbox 2148 4140 2254 4180; x_wconf 90' lang='lat' dir='ltr'><strong>non</strong></span> <span class='ocrx_word' id='word_1_594' title='bbox 2289 4126 2543 4196; x_wconf 72' lang='lat' dir='ltr'><strong>deSpicit.</strong></span> <span class='ocrx_word' id='word_1_595' title='bbox 2574 4126 2822 4192; x_wconf 70' lang='lat' dir='ltr'><strong>Quaaram</strong></span> <span class='ocrx_word' id='word_1_596' title='bbox 2854 4124 3024 4189; x_wconf 79' lang='lat' dir='ltr'><strong>illum,</strong></span> <span class='ocrx_word' id='word_1_597' title='bbox 3052 4125 3223 4194; x_wconf 91' lang='lat' dir='ltr'><strong>ipsum</strong></span> <span class='ocrx_word' id='word_1_598' title='bbox 3255 4124 3525 4195; x_wconf 88' lang='lat' dir='ltr'><strong>requiram</strong></span> <span class='ocrx_word' id='word_1_599' title='bbox 3553 4161 3568 4186; x_wconf 91' lang='lat'><strong>,</strong></span> <span class='ocrx_word' id='word_1_600' title='bbox 3594 4135 3704 4175; x_wconf 91' lang='lat' dir='ltr'><strong>cor-</strong></span> 
     </span>
    </p>
   </div>
   <div class='ocr_carea' id='block_1_79' title="bbox 2144 4210 3705 4287">
    <p class='ocr_par' dir='ltr' id='par_1_79' title="bbox 2144 4210 3705 4287">
     <span class='ocr_line' id='line_1_79' title="bbox 2144 4210 3705 4287; baseline -0.004 -17"><span class='ocrx_word' id='word_1_601' title='bbox 2144 4232 2244 4287; x_wconf 88' lang='lat' dir='ltr'><strong>pus</strong></span> <span class='ocrx_word' id='word_1_602' title='bbox 2275 4218 2445 4285; x_wconf 78' lang='lat' dir='ltr'><strong>ipsius</strong></span> <span class='ocrx_word' id='word_1_603' title='bbox 2491 4219 2788 4287; x_wconf 89' lang='lat' dir='ltr'><strong>percutiam</strong></span> <span class='ocrx_word' id='word_1_604' title='bbox 2826 4216 3012 4271; x_wconf 90' lang='lat' dir='ltr'><strong>dolore</strong></span> <span class='ocrx_word' id='word_1_605' title='bbox 3036 4258 3051 4283; x_wconf 95' lang='lat'><strong>,</strong></span> <span class='ocrx_word' id='word_1_606' title='bbox 3104 4216 3447 4287; x_wconf 86' lang='lat' dir='ltr'><strong>liquefaciam</strong></span> <span class='ocrx_word' id='word_1_607' title='bbox 3487 4210 3705 4268; x_wconf 84' lang='lat' dir='ltr'><strong>vulneri-</strong></span> 
     </span>
    </p>
   </div>
   <div class='ocr_carea' id='block_1_80' title="bbox 2145 4305 3701 4373">
    <p class='ocr_par' dir='ltr' id='par_1_80' title="bbox 2145 4305 3701 4373">
     <span class='ocr_line' id='line_1_80' title="bbox 2145 4305 3701 4373; baseline -0.004 -10"><span class='ocrx_word' id='word_1_608' title='bbox 2145 4309 2246 4363; x_wconf 91' lang='lat' dir='ltr'><strong>bus</strong></span> <span class='ocrx_word' id='word_1_609' title='bbox 2270 4348 2286 4373; x_wconf 93' lang='lat'><strong>,</strong></span> <span class='ocrx_word' id='word_1_610' title='bbox 2319 4322 2632 4363; x_wconf 85' lang='lat' dir='ltr'><strong>consumam</strong></span> <span class='ocrx_word' id='word_1_611' title='bbox 2662 4308 2940 4364; x_wconf 87' lang='lat' dir='ltr'><strong>vermibus</strong></span> <span class='ocrx_word' id='word_1_612' title='bbox 2976 4327 2988 4362; x_wconf 92' lang='lat'><strong>:</strong></span> <span class='ocrx_word' id='word_1_613' title='bbox 3026 4309 3254 4362; x_wconf 80' lang='lat' dir='ltr'><strong>forsitan</strong></span> <span class='ocrx_word' id='word_1_614' title='bbox 3308 4311 3394 4364; x_wconf 84' lang='lat' dir='ltr'><strong>Itis</strong></span> <span class='ocrx_word' id='word_1_615' title='bbox 3438 4305 3701 4363; x_wconf 88' lang='lat' dir='ltr'><strong>doloribus</strong></span> 
     </span>
    </p>
   </div>
   <div class='ocr_carea' id='block_1_81' title="bbox 2145 4402 3700 4472">
    <p class='ocr_par' dir='ltr' id='par_1_81' title="bbox 2145 4402 3700 4472">
     <span class='ocr_line' id='line_1_81' title="bbox 2145 4402 3700 4472; baseline -0.005 -18"><span class='ocrx_word' id='word_1_616' title='bbox 2145 4402 2501 4456; x_wconf 90' lang='lat' dir='ltr'><strong>succumbens</strong></span> <span class='ocrx_word' id='word_1_617' title='bbox 2547 4402 2833 4458; x_wconf 86' lang='lat' dir='ltr'><strong>maledicet</strong></span> <span class='ocrx_word' id='word_1_618' title='bbox 2863 4442 2878 4469; x_wconf 88' lang='lat'><strong>,</strong></span> <span class='ocrx_word' id='word_1_619' title='bbox 2913 4402 3139 4458; x_wconf 83' lang='lat' dir='ltr'><strong>forsitan</strong></span> <span class='ocrx_word' id='word_1_620' title='bbox 3174 4404 3316 4457; x_wconf 92' lang='lat' dir='ltr'><strong>hanc</strong></span> <span class='ocrx_word' id='word_1_621' title='bbox 3346 4413 3557 4472; x_wconf 61' lang='lat' dir='ltr'><strong>poenam</strong></span> <span class='ocrx_word' id='word_1_622' title='bbox 3605 4409 3700 4448; x_wconf 91' lang='lat' dir='ltr'><strong>non</strong></span> 
     </span>
    </p>
   </div>
   <div class='ocr_carea' id='block_1_82' title="bbox 2146 4491 3705 4563">
    <p class='ocr_par' dir='ltr' id='par_1_82' title="bbox 2146 4491 3705 4563">
     <span class='ocr_line' id='line_1_82' title="bbox 2146 4491 3705 4563; baseline -0.005 -18"><span class='ocrx_word' id='word_1_623' title='bbox 2146 4491 2412 4548; x_wconf 72' lang='lat' dir='ltr'><strong>suﬁ‘erens</strong></span> <span class='ocrx_word' id='word_1_624' title='bbox 2464 4492 2880 4563; x_wconf 89' lang='lat' dir='ltr'><strong>blasphemabit.</strong></span> <span class='ocrx_word' id='word_1_625' title='bbox 2912 4493 3135 4549; x_wconf 87' lang='lat' dir='ltr'><strong>Diversa</strong></span> <span class='ocrx_word' id='word_1_626' title='bbox 3182 4495 3325 4549; x_wconf 90' lang='lat' dir='ltr'><strong>enim</strong></span> <span class='ocrx_word' id='word_1_627' title='bbox 3364 4495 3705 4548; x_wconf 86' lang='lat' dir='ltr'><strong>immutantur</strong></span> 
     </span>
    </p>
   </div>
   <div class='ocr_carea' id='block_1_83' title="bbox 2146 4578 3698 4657">
    <p class='ocr_par' dir='ltr' id='par_1_83' title="bbox 2146 4578 3698 4657">
     <span class='ocr_line' id='line_1_83' title="bbox 2146 4578 3698 4657; baseline -0.003 -20"><span class='ocrx_word' id='word_1_628' title='bbox 2146 4592 2409 4653; x_wconf 86' lang='lat' dir='ltr'><strong>tempora,</strong></span> <span class='ocrx_word' id='word_1_629' title='bbox 2438 4584 2727 4653; x_wconf 86' lang='lat' dir='ltr'><strong>aliquando</strong></span> <span class='ocrx_word' id='word_1_630' title='bbox 2762 4586 2895 4653; x_wconf 86' lang='lat' dir='ltr'><strong>huc,</strong></span> <span class='ocrx_word' id='word_1_631' title='bbox 2934 4585 3224 4657; x_wconf 86' lang='lat' dir='ltr'><strong>aliquando</strong></span> <span class='ocrx_word' id='word_1_632' title='bbox 3250 4596 3431 4641; x_wconf 89' lang='lat' dir='ltr'><strong>autem</strong></span> <span class='ocrx_word' id='word_1_633' title='bbox 3463 4584 3584 4638; x_wconf 91' lang='lat' dir='ltr'><strong>illuc</strong></span> <span class='ocrx_word' id='word_1_634' title='bbox 3608 4578 3698 4633; x_wconf 85' lang='lat' dir='ltr'><strong>ﬂe-</strong></span> 
     </span>
    </p>
   </div>
   <div class='ocr_carea' id='block_1_84' title="bbox 2145 4673 3698 4746">
    <p class='ocr_par' dir='ltr' id='par_1_84' title="bbox 2145 4673 3698 4746">
     <span class='ocr_line' id='line_1_84' title="bbox 2145 4673 3698 4746; baseline -0.003 -16"><span class='ocrx_word' id='word_1_635' title='bbox 2145 4684 2382 4730; x_wconf 88' lang='lat' dir='ltr'><strong>ctuntur.</strong></span> <span class='ocrx_word' id='word_1_636' title='bbox 2411 4673 2601 4730; x_wconf 82' lang='lat' dir='ltr'><strong>Merito</strong></span> <span class='ocrx_word' id='word_1_637' title='bbox 2627 4717 2641 4742; x_wconf 89' lang='lat'><strong>,</strong></span> <span class='ocrx_word' id='word_1_638' title='bbox 2672 4676 2849 4745; x_wconf 85' lang='lat' dir='ltr'><strong>inquit</strong></span> <span class='ocrx_word' id='word_1_639' title='bbox 2871 4714 2891 4746; x_wconf 88' lang='lat'><strong>,</strong></span> <span class='ocrx_word' id='word_1_640' title='bbox 2934 4686 3019 4732; x_wconf 90' lang='lat' dir='ltr'><strong>est</strong></span> <span class='ocrx_word' id='word_1_641' title='bbox 3048 4678 3209 4732; x_wconf 88' lang='lat' dir='ltr'><strong>etiam</strong></span> <span class='ocrx_word' id='word_1_642' title='bbox 3236 4679 3367 4733; x_wconf 92' lang='lat' dir='ltr'><strong>mihi</strong></span> <span class='ocrx_word' id='word_1_643' title='bbox 3394 4677 3563 4731; x_wconf 86' lang='lat' dir='ltr'><strong>adhuc</strong></span> <span class='ocrx_word' id='word_1_644' title='bbox 3585 4685 3698 4740; x_wconf 89' lang='lat' dir='ltr'><strong>spes</strong></span> 
     </span>
    </p>
   </div>
   <div class='ocr_carea' id='block_1_85' title="bbox 2146 4767 3693 4840">
    <p class='ocr_par' dir='ltr' id='par_1_85' title="bbox 2146 4767 3693 4840">
     <span class='ocr_line' id='line_1_85' title="bbox 2146 4767 3693 4840; baseline -0.002 -20"><span class='ocrx_word' id='word_1_645' title='bbox 2146 4768 2406 4825; x_wconf 70' lang='lat' dir='ltr'><strong>victoriae.</strong></span> <span class='ocrx_word' id='word_1_646' title='bbox 2446 4767 2570 4822; x_wconf 66' lang='lat' dir='ltr'><strong>Haec</strong></span> <span class='ocrx_word' id='word_1_647' title='bbox 2601 4769 2781 4839; x_wconf 89' lang='lat' dir='ltr'><strong>itaque</strong></span> <span class='ocrx_word' id='word_1_648' title='bbox 2808 4811 2823 4836; x_wconf 94' lang='lat'><strong>,</strong></span> <span class='ocrx_word' id='word_1_649' title='bbox 2851 4781 3014 4840; x_wconf 86' lang='lat' dir='ltr'><strong>atque</strong></span> <span class='ocrx_word' id='word_1_650' title='bbox 3061 4769 3149 4825; x_wconf 85' lang='lat' dir='ltr'><strong>bis</strong></span> <span class='ocrx_word' id='word_1_651' title='bbox 3189 4770 3387 4825; x_wconf 90' lang='lat' dir='ltr'><strong>similia</strong></span> <span class='ocrx_word' id='word_1_652' title='bbox 3418 4767 3652 4837; x_wconf 87' lang='lat' dir='ltr'><strong>cogitans</strong></span> <span class='ocrx_word' id='word_1_653' title='bbox 3678 4802 3693 4826; x_wconf 92' lang='lat'><strong>,</strong></span> 
     </span>
    </p>
   </div>
   <div class='ocr_carea' id='block_1_86' title="bbox 2143 4854 3692 4932">
    <p class='ocr_par' dir='ltr' id='par_1_86' title="bbox 2143 4854 3692 4932">
     <span class='ocr_line' id='line_1_86' title="bbox 2143 4854 3692 4932; baseline -0.005 -20"><span class='ocrx_word' id='word_1_654' title='bbox 2143 4871 2308 4929; x_wconf 85' lang='lat' dir='ltr'><strong>atque</strong></span> <span class='ocrx_word' id='word_1_655' title='bbox 2340 4859 2479 4928; x_wconf 89' lang='lat' dir='ltr'><strong>apud</strong></span> <span class='ocrx_word' id='word_1_656' title='bbox 2530 4862 2878 4932; x_wconf 89' lang='lat' dir='ltr'><strong>semetipsum</strong></span> <span class='ocrx_word' id='word_1_657' title='bbox 2934 4870 3175 4916; x_wconf 88' lang='lat' dir='ltr'><strong>tractans</strong></span> <span class='ocrx_word' id='word_1_658' title='bbox 3210 4861 3564 4931; x_wconf 89' lang='lat' dir='ltr'><strong>nequissimus</strong></span> <span class='ocrx_word' id='word_1_659' title='bbox 3589 4854 3692 4908; x_wconf 88' lang='lat' dir='ltr'><strong>dia-</strong></span> 
     </span>
    </p>
   </div>
   <div class='ocr_carea' id='block_1_87' title="bbox 2142 4945 3693 5027">
    <p class='ocr_par' dir='ltr' id='par_1_87' title="bbox 2142 4945 3693 5027">
     <span class='ocr_line' id='line_1_87' title="bbox 2142 4945 3693 5027; baseline -0.008 -17"><span class='ocrx_word' id='word_1_660' title='bbox 2142 4956 2319 5021; x_wconf 87' lang='lat' dir='ltr'><strong>bolus,</strong></span> <span class='ocrx_word' id='word_1_661' title='bbox 2358 4970 2549 5011; x_wconf 87' lang='lat' dir='ltr'><strong>rursus</strong></span> <span class='ocrx_word' id='word_1_662' title='bbox 2586 4956 2916 5027; x_wconf 87' lang='lat' dir='ltr'><strong>impudentia</strong></span> <span class='ocrx_word' id='word_1_663' title='bbox 2943 4957 3132 5022; x_wconf 90' lang='lat' dir='ltr'><strong>utitur,</strong></span> <span class='ocrx_word' id='word_1_664' title='bbox 3164 4971 3352 5011; x_wconf 91' lang='lat' dir='ltr'><strong>rursus</strong></span> <span class='ocrx_word' id='word_1_665' title='bbox 3397 4945 3693 5022; x_wconf 88' lang='lat' dir='ltr'><strong>importuni-</strong></span> 
     </span>
    </p>
   </div>
   <div class='ocr_carea' id='block_1_88' title="bbox 460 5030 3695 5124">
    <p class='ocr_par' dir='ltr' id='par_1_88' title="bbox 460 5030 3695 5124">
     <span class='ocr_line' id='line_1_88' title="bbox 460 5030 3695 5124; baseline -0.002 -28"><span class='ocrx_word' id='word_1_666' title='bbox 460 5040 657 5096; x_wconf 89' lang='lat' dir='ltr'><strong>denter</strong></span> <span class='ocrx_word' id='word_1_667' title='bbox 708 5046 878 5101; x_wconf 83' lang='lat' dir='ltr'><strong>cecidi</strong></span> <span class='ocrx_word' id='word_1_668' title='bbox 925 5058 1144 5118; x_wconf 90' lang='lat' dir='ltr'><strong>propter</strong></span> <span class='ocrx_word' id='word_1_669' title='bbox 1195 5049 1537 5106; x_wconf 89' lang='lat' dir='ltr'><strong>tolerantiam</strong></span> <span class='ocrx_word' id='word_1_670' title='bbox 1582 5052 1721 5124; x_wconf 85' lang='lat' dir='ltr'><strong>ejus.</strong></span> <span class='ocrx_word' id='word_1_671' title='bbox 1758 5051 1914 5119; x_wconf 84' lang='lat' dir='ltr'><strong>Non,</strong></span> <span class='ocrx_word' id='word_1_672' title='bbox 1947 5054 2034 5109; x_wconf 77' lang='lat' dir='ltr'><strong>iu-</strong></span> <span class='ocrx_word' id='word_1_673' title='bbox 2068 5030 2111 5084; x_wconf 78' lang='grc' dir='ltr'><strong>Ῑ)</strong></span> <span class='ocrx_word' id='word_1_674' title='bbox 2145 5060 2311 5106; x_wconf 88' lang='lat' dir='ltr'><strong>tatem</strong></span> <span class='ocrx_word' id='word_1_675' title='bbox 2343 5051 2724 5117; x_wconf 84' lang='lat' dir='ltr'><strong>demonstrat,</strong></span> <span class='ocrx_word' id='word_1_676' title='bbox 2760 5064 2948 5105; x_wconf 88' lang='lat' dir='ltr'><strong>rursus</strong></span> <span class='ocrx_word' id='word_1_677' title='bbox 2988 5060 3248 5120; x_wconf 90' lang='lat' dir='ltr'><strong>tanquam</strong></span> <span class='ocrx_word' id='word_1_678' title='bbox 3293 5049 3440 5104; x_wconf 89' lang='lat' dir='ltr'><strong>canis</strong></span> <span class='ocrx_word' id='word_1_679' title='bbox 3484 5039 3695 5099; x_wconf 84' lang='lat' dir='ltr'><strong>rabidus</strong></span> 
     </span>
    </p>
   </div>
   <div class='ocr_carea' id='block_1_89' title="bbox 462 5135 2033 5217">
    <p class='ocr_par' dir='ltr' id='par_1_89' title="bbox 462 5135 2033 5217">
     <span class='ocr_line' id='line_1_89' title="bbox 462 5135 2033 5217; baseline 0.01 -31"><span class='ocrx_word' id='word_1_680' title='bbox 462 5135 619 5202; x_wconf 88' lang='lat' dir='ltr'><strong>quit,</strong></span> <span class='ocrx_word' id='word_1_681' title='bbox 652 5145 736 5191; x_wconf 88' lang='lat' dir='ltr'><strong>est</strong></span> <span class='ocrx_word' id='word_1_682' title='bbox 764 5140 893 5193; x_wconf 90' lang='lat' dir='ltr'><strong>mihi</strong></span> <span class='ocrx_word' id='word_1_683' title='bbox 931 5139 1267 5211; x_wconf 91' lang='lat' dir='ltr'><strong>fugiendutn.</strong></span> <span class='ocrx_word' id='word_1_684' title='bbox 1302 5141 1417 5197; x_wconf 87' lang='lat' dir='ltr'><strong>Non</strong></span> <span class='ocrx_word' id='word_1_685' title='bbox 1452 5146 1596 5199; x_wconf 92' lang='lat' dir='ltr'><strong>enim</strong></span> <span class='ocrx_word' id='word_1_686' title='bbox 1644 5148 1910 5217; x_wconf 83' lang='lat' dir='ltr'><strong>permittit</strong></span> <span class='ocrx_word' id='word_1_687' title='bbox 1941 5162 2033 5203; x_wconf 88' lang='lat' dir='ltr'><strong>su-</strong></span> 
     </span>
    </p>
   </div>
   <div class='ocr_carea' id='block_1_90' title="bbox 466 5230 2033 5305">
    <p class='ocr_par' dir='ltr' id='par_1_90' title="bbox 466 5230 2033 5305">
     <span class='ocr_line' id='line_1_90' title="bbox 466 5230 2033 5305; baseline 0.012 -28"><span class='ocrx_word' id='word_1_688' title='bbox 466 5230 795 5297; x_wconf 88' lang='lat' dir='ltr'><strong>peratiunem</strong></span> <span class='ocrx_word' id='word_1_689' title='bbox 827 5233 1003 5288; x_wconf 89' lang='lat' dir='ltr'><strong>virtus</strong></span> <span class='ocrx_word' id='word_1_690' title='bbox 1033 5236 1147 5305; x_wconf 88' lang='lat' dir='ltr'><strong>ipsa</strong></span> <span class='ocrx_word' id='word_1_691' title='bbox 1179 5251 1299 5304; x_wconf 67' lang='lat' dir='ltr'><strong>qua:</strong></span> <span class='ocrx_word' id='word_1_692' title='bbox 1332 5253 1474 5292; x_wconf 90' lang='lat' dir='ltr'><strong>nunc</strong></span> <span class='ocrx_word' id='word_1_693' title='bbox 1498 5247 1599 5303; x_wconf 91' lang='lat' dir='ltr'><strong>est,</strong></span> <span class='ocrx_word' id='word_1_694' title='bbox 1628 5243 1721 5295; x_wconf 90' lang='lat' dir='ltr'><strong>sed</strong></span> <span class='ocrx_word' id='word_1_695' title='bbox 1752 5240 1929 5296; x_wconf 89' lang='lat' dir='ltr'><strong>adhuc</strong></span> <span class='ocrx_word' id='word_1_696' title='bbox 1950 5251 2033 5296; x_wconf 88' lang='lat' dir='ltr'><strong>est</strong></span> 
     </span>
    </p>
   </div>
   <div class='ocr_carea' id='block_1_91' title="bbox 464 5318 2033 5393">
    <p class='ocr_par' dir='ltr' id='par_1_91' title="bbox 464 5318 2033 5393">
     <span class='ocr_line' id='line_1_91' title="bbox 464 5318 2033 5393; baseline 0.011 -24"><span class='ocrx_word' id='word_1_697' title='bbox 464 5318 596 5371; x_wconf 89' lang='lat' dir='ltr'><strong>mihi</strong></span> <span class='ocrx_word' id='word_1_698' title='bbox 631 5325 1113 5393; x_wconf 85' lang='lat' dir='ltr'><strong>congrediendum.</strong></span> <span class='ocrx_word' id='word_1_699' title='bbox 1146 5328 1335 5383; x_wconf 88' lang='lat' dir='ltr'><strong>Timeo</strong></span> <span class='ocrx_word' id='word_1_700' title='bbox 1366 5331 1509 5383; x_wconf 89' lang='lat' dir='ltr'><strong>enim</strong></span> <span class='ocrx_word' id='word_1_701' title='bbox 1550 5346 1617 5385; x_wconf 91' lang='lat' dir='ltr'><strong>ne</strong></span> <span class='ocrx_word' id='word_1_702' title='bbox 1653 5348 1839 5387; x_wconf 87' lang='lat' dir='ltr'><strong>rursus</strong></span> <span class='ocrx_word' id='word_1_703' title='bbox 1873 5334 2033 5387; x_wconf 87' lang='lat' dir='ltr'><strong>terri—</strong></span> 
     </span>
    </p>
   </div>
   <div class='ocr_carea' id='block_1_92' title="bbox 463 5408 2028 5491">
    <p class='ocr_par' dir='ltr' id='par_1_92' title="bbox 463 5408 2028 5491">
     <span class='ocr_line' id='line_1_92' title="bbox 463 5408 2028 5491; baseline 0.011 -31"><span class='ocrx_word' id='word_1_704' title='bbox 463 5408 646 5471; x_wconf 88' lang='lat' dir='ltr'><strong>biliter</strong></span> <span class='ocrx_word' id='word_1_705' title='bbox 678 5413 865 5468; x_wconf 90' lang='lat' dir='ltr'><strong>cadam</strong></span> <span class='ocrx_word' id='word_1_706' title='bbox 891 5426 1018 5472; x_wconf 90' lang='lat' dir='ltr'><strong>ante</strong></span> <span class='ocrx_word' id='word_1_707' title='bbox 1043 5433 1185 5474; x_wconf 90' lang='lat' dir='ltr'><strong>eum.</strong></span> <span class='ocrx_word' id='word_1_708' title='bbox 1220 5420 1326 5474; x_wconf 86' lang='lat' dir='ltr'><strong>Sed</strong></span> <span class='ocrx_word' id='word_1_709' title='bbox 1359 5420 1573 5474; x_wconf 88' lang='lat' dir='ltr'><strong>interim</strong></span> <span class='ocrx_word' id='word_1_710' title='bbox 1609 5420 1744 5491; x_wconf 80' lang='lat' dir='ltr'><strong>fugit</strong></span> <span class='ocrx_word' id='word_1_711' title='bbox 1771 5439 1892 5477; x_wconf 92' lang='lat' dir='ltr'><strong>cum</strong></span> <span class='ocrx_word' id='word_1_712' title='bbox 1924 5440 2028 5479; x_wconf 90' lang='lat' dir='ltr'><strong>non</strong></span> 
     </span>
    </p>
   </div>
   <div class='ocr_carea' id='block_1_93' title="bbox 464 5500 2033 5577">
    <p class='ocr_par' dir='ltr' id='par_1_93' title="bbox 464 5500 2033 5577">
     <span class='ocr_line' id='line_1_93' title="bbox 464 5500 2033 5577; baseline 0.012 -26"><span class='ocrx_word' id='word_1_713' title='bbox 464 5500 608 5554; x_wconf 84' lang='lat' dir='ltr'><strong>valet</strong></span> <span class='ocrx_word' id='word_1_714' title='bbox 638 5512 693 5554; x_wconf 94' lang='lat' dir='ltr'><strong>et</strong></span> <span class='ocrx_word' id='word_1_715' title='bbox 721 5508 970 5575; x_wconf 82' lang='lat' dir='ltr'><strong>congredi</strong></span> <span class='ocrx_word' id='word_1_716' title='bbox 1002 5524 1107 5564; x_wconf 89' lang='lat' dir='ltr'><strong>non</strong></span> <span class='ocrx_word' id='word_1_717' title='bbox 1140 5512 1299 5566; x_wconf 91' lang='lat' dir='ltr'><strong>audet</strong></span> <span class='ocrx_word' id='word_1_718' title='bbox 1325 5554 1338 5577; x_wconf 96' lang='lat'><strong>,</strong></span> <span class='ocrx_word' id='word_1_719' title='bbox 1383 5521 1435 5565; x_wconf 90' lang='lat' dir='ltr'><strong>et</strong></span> <span class='ocrx_word' id='word_1_720' title='bbox 1466 5526 1780 5570; x_wconf 89' lang='lat' dir='ltr'><strong>concertare</strong></span> <span class='ocrx_word' id='word_1_721' title='bbox 1819 5516 2033 5570; x_wconf 91' lang='lat' dir='ltr'><strong>metuit.</strong></span> 
     </span>
    </p>
   </div>
   <div class='ocr_carea' id='block_1_94' title="bbox 466 5589 2039 5673">
    <p class='ocr_par' dir='ltr' id='par_1_94' title="bbox 466 5589 2039 5673">
     <span class='ocr_line' id='line_1_94' title="bbox 466 5589 2039 5673; baseline 0.012 -30"><span class='ocrx_word' id='word_1_722' title='bbox 466 5589 657 5645; x_wconf 75' lang='lat' dir='ltr'><strong>Melius</strong></span> <span class='ocrx_word' id='word_1_723' title='bbox 703 5600 787 5648; x_wconf 89' lang='lat' dir='ltr'><strong>est</strong></span> <span class='ocrx_word' id='word_1_724' title='bbox 810 5635 827 5662; x_wconf 94' lang='lat'><strong>,</strong></span> <span class='ocrx_word' id='word_1_725' title='bbox 879 5595 1093 5665; x_wconf 86' lang='lat' dir='ltr'><strong>inquit,</strong></span> <span class='ocrx_word' id='word_1_726' title='bbox 1125 5610 1184 5655; x_wconf 91' lang='lat' dir='ltr'><strong>ut</strong></span> <span class='ocrx_word' id='word_1_727' title='bbox 1226 5603 1566 5673; x_wconf 80' lang='lat' dir='ltr'><strong>congrediar,</strong></span> <span class='ocrx_word' id='word_1_728' title='bbox 1595 5619 1757 5673; x_wconf 88' lang='lat' dir='ltr'><strong>quam</strong></span> <span class='ocrx_word' id='word_1_729' title='bbox 1790 5616 1918 5661; x_wconf 89' lang='lat' dir='ltr'><strong>ante</strong></span> <span class='ocrx_word' id='word_1_730' title='bbox 1952 5622 2039 5661; x_wconf 80' lang='lat' dir='ltr'><strong>se-</strong></span> 
     </span>
    </p>
   </div>
   <div class='ocr_carea' id='block_1_95' title="bbox 467 5686 2038 5769">
    <p class='ocr_par' dir='ltr' id='par_1_95' title="bbox 467 5686 2038 5769">
     <span class='ocr_line' id='line_1_95' title="bbox 467 5686 2038 5769; baseline 0.013 -32"><span class='ocrx_word' id='word_1_731' title='bbox 467 5686 699 5741; x_wconf 89' lang='lat' dir='ltr'><strong>cundam</strong></span> <span class='ocrx_word' id='word_1_732' title='bbox 751 5687 1107 5747; x_wconf 89' lang='lat' dir='ltr'><strong>luctationem</strong></span> <span class='ocrx_word' id='word_1_733' title='bbox 1166 5694 1591 5753; x_wconf 88' lang='lat' dir='ltr'><strong>indeliberanter</strong></span> <span class='ocrx_word' id='word_1_734' title='bbox 1646 5696 1888 5769; x_wconf 89' lang='lat' dir='ltr'><strong>fugiam,</strong></span> <span class='ocrx_word' id='word_1_735' title='bbox 1944 5710 2038 5760; x_wconf 78' lang='lat' dir='ltr'><strong>aut</strong></span> 
     </span>
    </p>
   </div>
   <div class='ocr_carea' id='block_1_96' title="bbox 531 5829 1426 5905">
    <p class='ocr_par' dir='ltr' id='par_1_96' title="bbox 531 5829 1426 5905">
     <span class='ocr_line' id='line_1_96' title="bbox 531 5829 1426 5905; baseline 0.011 -20"><span class='ocrx_word' id='word_1_736' title='bbox 531 5830 573 5861; x_wconf 77' lang='lat'><strong>°°</strong></span> <span class='ocrx_word' id='word_1_737' title='bbox 599 5829 728 5895; x_wconf 82' lang='lat' dir='ltr'><strong>Luc.</strong></span> <span class='ocrx_word' id='word_1_738' title='bbox 758 5847 832 5900; x_wconf 75' lang='grc' dir='ltr'><strong>ιιι,</strong></span> <span class='ocrx_word' id='word_1_739' title='bbox 874 5833 959 5887; x_wconf 69' lang='lat'><strong>26.</strong></span> <span class='ocrx_word' id='word_1_740' title='bbox 1066 5836 1105 5867; x_wconf 83' lang='lat'>&quot;</span> <span class='ocrx_word' id='word_1_741' title='bbox 1136 5835 1233 5893; x_wconf 86' lang='lat' dir='ltr'><strong>Job</strong></span> <span class='ocrx_word' id='word_1_742' title='bbox 1270 5856 1302 5905; x_wconf 88' lang='grc' dir='ltr'><strong>ι,</strong></span> <span class='ocrx_word' id='word_1_743' title='bbox 1338 5841 1426 5899; x_wconf 68' lang='grc'><strong>22.</strong></span> 
     </span>
    </p>
   </div>
   <div class='ocr_carea' id='block_1_97' title="bbox 2143 5131 3689 5214">
    <p class='ocr_par' dir='ltr' id='par_1_97' title="bbox 2143 5131 3689 5214">
     <span class='ocr_line' id='line_1_97' title="bbox 2143 5131 3689 5214; baseline -0.003 -18"><span class='ocrx_word' id='word_1_744' title='bbox 2143 5143 2195 5196; x_wconf 90' lang='lat' dir='ltr'><strong>in</strong></span> <span class='ocrx_word' id='word_1_745' title='bbox 2227 5141 2484 5197; x_wconf 88' lang='lat' dir='ltr'><strong>baculum</strong></span> <span class='ocrx_word' id='word_1_746' title='bbox 2510 5143 2701 5207; x_wconf 89' lang='lat' dir='ltr'><strong>irruit,</strong></span> <span class='ocrx_word' id='word_1_747' title='bbox 2728 5158 2833 5197; x_wconf 90' lang='lat' dir='ltr'><strong>non</strong></span> <span class='ocrx_word' id='word_1_748' title='bbox 2871 5142 3221 5197; x_wconf 83' lang='lat' dir='ltr'><strong>considerans</strong></span> <span class='ocrx_word' id='word_1_749' title='bbox 3250 5140 3516 5214; x_wconf 86' lang='lat' dir='ltr'><strong>propriam</strong></span> <span class='ocrx_word' id='word_1_750' title='bbox 3549 5131 3689 5200; x_wconf 75' lang='lat' dir='ltr'><strong>deje-</strong></span> 
     </span>
    </p>
   </div>
   <div class='ocr_carea' id='block_1_98' title="bbox 2140 5229 3683 5306">
    <p class='ocr_par' dir='ltr' id='par_1_98' title="bbox 2140 5229 3683 5306">
     <span class='ocr_line' id='line_1_98' title="bbox 2140 5229 3683 5306; baseline -0.003 -17"><span class='ocrx_word' id='word_1_751' title='bbox 2140 5236 2373 5289; x_wconf 91' lang='lat' dir='ltr'><strong>ctionem</strong></span> <span class='ocrx_word' id='word_1_752' title='bbox 2403 5275 2420 5302; x_wconf 94' lang='lat'><strong>,</strong></span> <span class='ocrx_word' id='word_1_753' title='bbox 2465 5250 2571 5290; x_wconf 89' lang='lat' dir='ltr'><strong>non</strong></span> <span class='ocrx_word' id='word_1_754' title='bbox 2624 5234 2930 5301; x_wconf 85' lang='lat' dir='ltr'><strong>intelligens</strong></span> <span class='ocrx_word' id='word_1_755' title='bbox 2981 5236 3252 5306; x_wconf 90' lang='lat' dir='ltr'><strong>propriam</strong></span> <span class='ocrx_word' id='word_1_756' title='bbox 3283 5229 3683 5288; x_wconf 73' lang='lat' dir='ltr'><strong>deformitatem-</strong></span> 
     </span>
    </p>
   </div>
   <div class='ocr_carea' id='block_1_99' title="bbox 2143 5330 3693 5387">
    <p class='ocr_par' dir='ltr' id='par_1_99' title="bbox 2143 5330 3693 5387">
     <span class='ocr_line' id='line_1_99' title="bbox 2143 5330 3693 5387; baseline 0.003 -5"><span class='ocrx_word' id='word_1_757' title='bbox 2143 5330 2350 5384; x_wconf 78' lang='lat' dir='ltr'><strong>ltursus</strong></span> <span class='ocrx_word' id='word_1_758' title='bbox 2388 5341 2514 5385; x_wconf 90' lang='lat' dir='ltr'><strong>ante</strong></span> <span class='ocrx_word' id='word_1_759' title='bbox 2544 5330 2734 5386; x_wconf 89' lang='lat' dir='ltr'><strong>faciem</strong></span> <span class='ocrx_word' id='word_1_760' title='bbox 2782 5331 2879 5386; x_wconf 81' lang='lat' dir='ltr'><strong>Det</strong></span> <span class='ocrx_word' id='word_1_761' title='bbox 2908 5332 3238 5387; x_wconf 90' lang='lat' dir='ltr'><strong>subintroire</strong></span> <span class='ocrx_word' id='word_1_762' title='bbox 3269 5330 3466 5385; x_wconf 87' lang='lat' dir='ltr'><strong>audet.</strong></span> <span class='ocrx_word' id='word_1_763' title='bbox 3513 5331 3693 5376; x_wconf 46' lang='lat' dir='ltr'><strong>rursus</strong></span> 
     </span>
    </p>
   </div>
   <div class='ocr_carea' id='block_1_100' title="bbox 2144 5420 3678 5492">
    <p class='ocr_par' dir='ltr' id='par_1_100' title="bbox 2144 5420 3678 5492">
     <span class='ocr_line' id='line_1_100' title="bbox 2144 5420 3678 5492; baseline -0.003 -16"><span class='ocrx_word' id='word_1_764' title='bbox 2144 5420 2680 5492; x_wconf 86' lang='lat' dir='ltr'><strong>irreprehensibilem</strong></span> <span class='ocrx_word' id='word_1_765' title='bbox 2708 5421 2854 5476; x_wconf 89' lang='lat' dir='ltr'><strong>illum</strong></span> <span class='ocrx_word' id='word_1_766' title='bbox 2902 5422 3001 5478; x_wconf 93' lang='lat' dir='ltr'><strong>Job</strong></span> <span class='ocrx_word' id='word_1_767' title='bbox 3030 5425 3423 5492; x_wconf 87' lang='lat' dir='ltr'><strong>reprehendere</strong></span> <span class='ocrx_word' id='word_1_768' title='bbox 3449 5432 3547 5473; x_wconf 92' lang='lat' dir='ltr'><strong>non</strong></span> <span class='ocrx_word' id='word_1_769' title='bbox 3575 5423 3678 5466; x_wconf 71' lang='lat' dir='ltr'><strong>m6-</strong></span> 
     </span>
    </p>
   </div>
   <div class='ocr_carea' id='block_1_101' title="bbox 2144 5498 3680 5582">
    <p class='ocr_par' dir='ltr' id='par_1_101' title="bbox 2144 5498 3680 5582">
     <span class='ocr_line' id='line_1_101' title="bbox 2144 5498 3680 5582; baseline -0.009 -17"><span class='ocrx_word' id='word_1_770' title='bbox 2144 5512 2265 5577; x_wconf 90' lang='lat' dir='ltr'><strong>tuit,</strong></span> <span class='ocrx_word' id='word_1_771' title='bbox 2301 5528 2413 5581; x_wconf 83' lang='lat' dir='ltr'><strong>quo</strong></span> <span class='ocrx_word' id='word_1_772' title='bbox 2440 5513 2609 5582; x_wconf 91' lang='lat' dir='ltr'><strong>magis</strong></span> <span class='ocrx_word' id='word_1_773' title='bbox 2640 5526 2736 5582; x_wconf 90' lang='lat' dir='ltr'><strong>per</strong></span> <span class='ocrx_word' id='word_1_774' title='bbox 2782 5528 2964 5567; x_wconf 90' lang='lat' dir='ltr'><strong>omma</strong></span> <span class='ocrx_word' id='word_1_775' title='bbox 3012 5514 3271 5568; x_wconf 89' lang='lat' dir='ltr'><strong>confusus</strong></span> <span class='ocrx_word' id='word_1_776' title='bbox 3319 5523 3473 5582; x_wconf 87' lang='lat' dir='ltr'><strong>atque</strong></span> <span class='ocrx_word' id='word_1_777' title='bbox 3513 5498 3680 5559; x_wconf 84' lang='lat' dir='ltr'><strong>convi-</strong></span> 
     </span>
    </p>
   </div>
   <div class='ocr_carea' id='block_1_102' title="bbox 2142 5604 3675 5676">
    <p class='ocr_par' dir='ltr' id='par_1_102' title="bbox 2142 5604 3675 5676">
     <span class='ocr_line' id='line_1_102' title="bbox 2142 5604 3675 5676; baseline -0.01 -19"><span class='ocrx_word' id='word_1_778' title='bbox 2142 5613 2260 5659; x_wconf 85' lang='lat' dir='ltr'><strong>ctus</strong></span> <span class='ocrx_word' id='word_1_779' title='bbox 2280 5605 2585 5663; x_wconf 84' lang='lat' dir='ltr'><strong>exsisteret.</strong></span> <span class='ocrx_word' id='word_1_780' title='bbox 2616 5604 2741 5662; x_wconf 71' lang='lat' dir='ltr'><strong>Haec</strong></span> <span class='ocrx_word' id='word_1_781' title='bbox 2759 5620 2989 5676; x_wconf 90' lang='lat' dir='ltr'><strong>namque</strong></span> <span class='ocrx_word' id='word_1_782' title='bbox 3024 5607 3274 5661; x_wconf 87' lang='lat' dir='ltr'><strong>universa</strong></span> <span class='ocrx_word' id='word_1_783' title='bbox 3303 5604 3675 5661; x_wconf 88' lang='lat' dir='ltr'><strong>demonstrans,</strong></span> 
     </span>
    </p>
   </div>
   <div class='ocr_carea' id='block_1_103' title="bbox 2143 5685 3685 5777">
    <p class='ocr_par' dir='ltr' id='par_1_103' title="bbox 2143 5685 3685 5777">
     <span class='ocr_line' id='line_1_103' title="bbox 2143 5685 3685 5777; baseline -0.007 -21"><span class='ocrx_word' id='word_1_784' title='bbox 2143 5710 2304 5777; x_wconf 89' lang='lat' dir='ltr'><strong>atque</strong></span> <span class='ocrx_word' id='word_1_785' title='bbox 2354 5719 2788 5762; x_wconf 89' lang='lat' dir='ltr'><strong>commemorans</strong></span> <span class='ocrx_word' id='word_1_786' title='bbox 2815 5746 2831 5774; x_wconf 88' lang='lat'><strong>,</strong></span> <span class='ocrx_word' id='word_1_787' title='bbox 2880 5703 3054 5762; x_wconf 82' lang='lat' dir='ltr'><strong>dicit:</strong></span> <span class='ocrx_word' id='word_1_788' title='bbox 3091 5702 3161 5758; x_wconf 84' lang='lat' dir='ltr'><strong>Et</strong></span> <span class='ocrx_word' id='word_1_789' title='bbox 3204 5702 3400 5772; x_wconf 83' lang='lat' dir='ltr'><strong>[actum</strong></span> <span class='ocrx_word' id='word_1_790' title='bbox 3426 5702 3497 5751; x_wconf 78' lang='lat' dir='ltr'><strong>est</strong></span> <span class='ocrx_word' id='word_1_791' title='bbox 3539 5685 3685 5760; x_wconf 62' lang='lat' dir='ltr'><strong>qua“</strong></span> 
     </span>
    </p>
   </div>
  </div>
