3992 6312
272 336 377 392 M9

1371 332 1761 392 ANONYMUS
1798 331 1867 391 IN
1903 332 2043 391 JOB.
2086 368 2154 377 —-
2189 326 2318 392 LIB.
2364 331 2427 391 ﬂ.

3428 342 3532 397 450

266 459 379 514 dies
413 456 511 511 illa
539 454 613 513 ”.
656 455 786 525 Quae
812 456 976 512 dies?
1026 455 1149 513 Dies
1185 457 1467 528 temporis,
1501 458 1618 514 dies
1646 473 1841 530 Oppor-
1876 476 1922 534 Α
1952 466 2006 512 et
2031 457 2257 512 veniunt
2288 454 2462 527 angeli
2509 464 2637 512 ante
2661 454 2856 512 Deum.
2898 456 3078 512 Prima
3119 459 3240 515 vice
3263 473 3532 517 venerunt

265 548 540 607 tunita—tis.
585 547 655 603 Et
706 549 906 619 factum
944 558 1019 603 est
1049 548 1205 619 quasi
1242 550 1358 605 dies
1390 549 1507 607 ma.
1545 550 1674 607 Dies
1704 550 1841 607 tole-

264 640 456 698 rantia:
480 681 499 705 ,
551 640 670 697 dies
715 642 1200 698 consummationis
1226 683 1244 708 ,
1290 642 1408 698 dies
1443 642 1845 712 adimpletionis

262 732 455 797 prima:
482 730 728 786 victoriae
754 730 875 787 Job.
913 731 981 786 Et
1033 732 1235 799 factum
1276 745 1355 788 est
1385 735 1537 803 quasi
1580 734 1691 789 dies
1726 736 1839 792 illa.

265 825 390 879 Dies
423 824 477 878 in
500 839 611 892 qua
648 822 895 880 diabolus
939 825 1135 879 cecidit
1160 865 1176 889 ,
1230 823 1333 880 Job
1376 840 1508 879 vero
1552 828 1790 881 surrexit
1826 849 1839 885 :

261 916 377 971 dies
410 916 463 970 in
492 931 597 986 qua
630 915 876 972 diabolus
917 917 1238 972 humiliatus
1268 925 1351 972 est
1371 960 1384 983 ,
1414 916 1515 974 Job
1539 933 1670 974 vero
1699 919 1843 974 exal-

261 1016 409 1063 tatus
434 1012 518 1063 est
551 1024 566 1063 :
602 1008 720 1063 dies
750 1009 806 1063 in
841 1024 946 1079 qua
979 1009 1229 1065 diabolus
1274 1011 1531 1066 confusus
1566 1022 1687 1077 est,
1739 1009 1839 1068 Job

253 1113 391 1156 vero
417 1109 712 1157 coronatus
737 1110 844 1156 est.
874 1099 941 1155 Et
983 1101 1185 1171 factum
1217 1113 1291 1156 est
1315 1105 1466 1173 quasi
1488 1104 1601 1159 dies
1634 1104 1751 1159 illa.
1780 1104 1835 1159 In

254 1206 361 1263 qua
400 1193 703 1248 redivivum
736 1192 1001 1264 judicium
1048 1194 1191 1249 inter
1219 1192 1321 1251 Job
1354 1205 1409 1251 et
1456 1197 1725 1252 diabolum
1756 1208 1839 1252 est

253 1284 500 1339 auditum
531 1326 546 1351 ,
596 1284 651 1339 in
683 1298 789 1355 qua
843 1286 1099 1340 rediviva:
1130 1301 1343 1342 corona:
1386 1286 1489 1344 Job
1523 1292 1590 1344 ab
1630 1290 1838 1360 angelis

251 1386 456 1444 aptatte
484 1416 500 1435 .
536 1386 698 1446 atque
726 1388 1065 1431 consecratae
1094 1388 1243 1432 sunt.
1273 1377 1498 1433 Factum
1524 1421 1538 1443 ,
1572 1382 1789 1450 inquam
1819 1423 1833 1448 ,

248 1474 327 1519 est
352 1506 374 1530 ,
402 1468 559 1536 quasi
592 1467 707 1520 die:
741 1466 836 1520 illa
864 1508 879 1533 ,
908 1468 1108 1523 similis
1149 1469 1197 1524 ei
1241 1470 1307 1523 de
1336 1485 1445 1539 qua
1478 1473 1728 1539 superius
1755 1472 1836 1525 di-

248 1566 404 1611 ctum
429 1568 535 1621 est,
565 1559 631 1612 de
654 1574 763 1627 qua
790 1558 903 1628 jnut
935 1561 1189 1627 superius
1214 1560 1446 1628 plurima
1482 1562 1736 1616 diximus.
1769 1563 1836 1617 Et

249 1650 459 1717 factum
482 1659 561 1703 est
584 1652 736 1720 quasi
783 1652 895 1705 dies
917 1652 1013 1705 illa
1039 1693 1053 1715 ,
1086 1661 1137 1707 et
1172 1664 1419 1707 venerunt
1454 1655 1627 1725 angeli
1659 1654 1749 1708 Dei
1780 1667 1837 1710 ut

245 1754 454 1797 starent
483 1753 604 1798 ante
630 1743 913 1798 Dominum
959 1756 1009 1799 et
1037 1746 1282 1800 diabolus
1316 1747 1455 1801 venit
1478 1764 1594 1801 cum
1625 1747 1734 1800 illis
1779 1760 1832 1800 ut

1949 558 2007 604 ut
2030 548 2509 621 justifieationibus
2534 547 2635 603 Job
2666 556 3052 605 attestarentur
3093 558 3151 605 et
3178 550 3301 606 lldei
3325 566 3392 607 ac
3420 552 3530 622 pie-

1949 645 2043 697 lati
2077 642 2197 711 ejus
2223 681 2238 708 ,
2270 642 2365 696 sed
2398 651 2523 695 tunc
2552 655 2684 695 sane
2733 641 2861 696 solis
2908 642 3395 712 justiticationibus
3426 641 3530 701 Job

1946 734 2181 790 attestati
2212 740 2359 788 sunt.
2415 732 2567 788 Nunc
2612 748 2741 789 vero
2790 736 3020 789 secunda
3075 738 3191 791 vice
3240 738 3527 793 venientes

1944 833 2070 880 ante
2106 824 2298 889 Deum,
2328 838 2432 878 non
2464 814 2595 879 solis
2622 826 3105 896 iustiﬁcationi‘bus
3136 829 3254 897 ejus
3287 839 3415 884 sunt
3438 837 3527 881 at-

1944 918 2146 979 testati,
2184 917 2277 971 sed
2304 925 2357 969 et
2389 914 2688 971 tolerantiae
2712 928 2766 972 et
2791 917 3289 985 iustificationibus,
3314 924 3527 988 patien-

1944 1008 2032 1062 tize
2060 1022 2277 1077 quoque
2300 1046 2316 1069 .
2349 1020 2414 1061 ac
2438 1009 2760 1062 constantiae
2780 1049 2797 1073 ,
2832 1018 2996 1079 atque
3025 1009 3329 1066 dilectionis
3359 1026 3523 1081 quam

1934 1098 2066 1170 erga
2098 1098 2268 1155 Deum
2298 1098 2489 1154 habuit
2522 1099 2868 1170 plenitudini.
2918 1101 3043 1157 istis
3080 1117 3317 1172 namque
3346 1104 3525 1158 omni-

1940 1193 2043 1247 bus
2079 1200 2399 1247 attestantes
2446 1191 2667 1261 gloriosi
2713 1192 2937 1263 angeli,
2986 1206 3197 1248 necnon
3241 1203 3293 1249 et
3323 1195 3525 1250 diaboli

1941 1284 2233 1352 nequitiam
2271 1293 2595 1338 accusantes
2629 1294 2794 1355 atque
2827 1287 3146 1341 mendacem
3198 1285 3345 1340 illum
3373 1300 3522 1341 com-

1937 1376 2248 1445 probantes,
2285 1382 2544 1428 venerunt
2575 1386 2704 1430 ante
2732 1375 2923 1441 Deum,
2950 1392 3072 1431 cum
3108 1378 3303 1446 quibus
3324 1387 3379 1432 et
3406 1378 3522 1432 dia-

1940 1464 2093 1520 bolus
2122 1464 2289 1518 venit.
2327 1464 2486 1520 Venit
2519 1465 2871 1522 nihilominus
2900 1482 3006 1521 non
3034 1465 3175 1521 facie
3201 1469 3269 1521 ad
3301 1467 3518 1531 faciem,

1938 1560 2034 1614 sed
2062 1561 2307 1616 consiliis
2351 1570 2407 1616 et
2440 1560 2863 1632 cogitationibus
2888 1603 2903 1627 ,
2935 1550 3186 1616 sensibus
3218 1570 3384 1631 atque
3414 1571 3523 1616 tra-

1939 1649 2261 1707 ctationibus
2288 1693 2303 1719 ,
2336 1653 2619 1707 desideriis
2650 1669 2713 1707 ac
2740 1653 3225 1708 deliberationibus
3262 1656 3406 1708 sicut
3434 1669 3524 1708 su-

1939 1742 2120 1811 perius
2148 1758 2246 1813 per
2270 1744 2501 1813 plurima
2542 1748 2972 1801 demonstratum
3009 1755 3115 1800 est.
3169 1744 3318 1812 Quas
3366 1747 3519 1815 cogi-

246 1845 413 1888 staret
444 1846 565 1889 ante
595 1832 948 1889 Dominum”.
980 1836 1258 1890 Venerunt
1278 1837 1479 1908 angeli,
1501 1853 1605 1892 non
1626 1838 1693 1893 de
1719 1838 1839 1893 loco
1869 1831 1913 1887 B
1944 1833 2175 1887 lationes
2203 1850 2324 1887 cum
2357 1836 2564 1891 videret
2595 1837 2735 1891 Deus
2758 1877 2773 1899 ,
2822 1837 3100 1906 respondit
3131 1837 3205 1890 illi
3230 1878 3245 1903 ,
3274 1838 3463 1891 dicens
3498 1853 3516 1891 :

246 1930 301 1979 in
339 1927 521 1982 locum
577 1927 821 1982 translati
850 1967 865 1990 ,
916 1940 1022 1983 non
1068 1926 1136 1983 de
1163 1931 1387 2000 regione
1438 1932 1509 1985 ad
1557 1930 1833 2001 regionem

251 2028 625 2085 transeuntes,
656 2035 763 2075 non
795 2020 860 2075 de
890 2022 1168 2090 provincia
1198 2022 1266 2077 ad
1299 2023 1633 2093 provinciam
1689 2040 1838 2080 com-

243 2123 520 2175 meantes,
552 2113 647 2173 sed
669 2120 794 2166 ante
833 2113 1121 2168 Dominum
1162 2114 1369 2186 jugitcr
1403 2129 1834 2186 perseverantes.

242 2198 392 2255 Nam
439 2203 481 2257 si
529 2214 587 2256 ut
626 2203 786 2273 justis
812 2205 905 2260 lux
950 2220 1187 2277 semper,
1224 2209 1297 2263 ita
1330 2210 1500 2264 facies
1533 2211 1624 2265 Dei
1677 2226 1838 2282 super

239 2297 445 2362 justos-
470 2310 710 2366 semper,
744 2298 815 2352 ita
846 2307 973 2352 ante
1002 2298 1171 2354 Deum
1217 2302 1350 2371 justi
1393 2317 1632 2372 semper,
1664 2305 1837 2359 multo

244 2387 428 2455 magis
455 2387 673 2456 gloriosi
702 2398 866 2458 atque
893 2392 1068 2445 sancti
1102 2392 1314 2461 angeli,
1349 2394 1440 2463 qui
1469 2394 1837 2449 indesinenter

235 2490 313 2530 ac
340 2487 608 2547 perpetue
650 2494 979 2551 permanent
1016 2493 1145 2538 ante
1198 2486 1365 2540 Deum
1415 2486 1467 2541 in
1508 2487 1697 2556 gloria.
1734 2489 1836 2545 Ve-

236 2567 368 2621 nire
395 2578 577 2625 autem
626 2572 885 2627 dicuntur
911 2574 996 2629 vel
1028 2575 1108 2630 ire
1134 2619 1148 2644 ,
1183 2568 1324 2631 cum‘
1356 2578 1424 2633 ad
1470 2579 1832 2636 pruinisterium

242 2648 459 2716 fuerint
483 2665 666 2731 missi,
703 2680 830 2721 eum
867 2667 1169 2738 legationes
1217 2669 1636 2741 adimpieverint
1658 2713 1675 2738 ,
1708 2689 1829 2728 cmn

238 2753 501 2809 mandata
531 2756 883 2824 perfecerint,
910 2775 1032 2814 cum
1064 2771 1285 2831 propter
1318 2776 1414 2818 eos
1442 2765 1533 2833 qui
1565 2766 1834 2835 patienter

240 2846 611 2904 sustinuerint
638 2888 655 2913 ,
683 2848 854 2904 Deum
889 2852 1356 2922 magnificaverint
1379 2895 1395 2919 ,
1444 2871 1566 2910 cum
1591 2868 1823 2926 propter

237 2952 334 2992 eos
368 2938 467 3008 qui
510 2939 743 2994 salutem
793 2940 1188 3010 adipiscuntur,
1231 2941 1398 2999 Deum
1447 2944 1787 3002 laudaverint
1816 2989 1831 3014 ,

247 3032 473 3097 «iurando
502 3045 601 3102 pro
641 3031 896 3103 perfectis
940 3033 1150 3089 codesti
1189 3035 1414 3093 Domino
1440 3038 1675 3093 confessi
1714 3040 1831 3095 fne-

1945 1923 2096 1978 Unde
2123 1927 2287 1993 venis,
2316 1937 2371 1980 tu
2402 1929 2494 1982 "‘i
2523 1929 2815 1998 Respondit
2839 1928 3186 1983 nihilominus
3219 1945 3325 1984 non
3359 1929 3521 1984 labiis

1941 2014 2171 2084 loquens
2202 2057 2218 2082 ,
2264 2032 2363 2072 nec
2415 2020 2579 2072 verba
2614 2021 2971 2087 depromens,
3023 2033 3197 2089 neque
3244 2021 3516 2089 colloquio

1940 2122 2039 2162 suo
2063 2108 2326 2177 iniustum
2360 2111 2505 2165 illum
2540 2114 2755 2182 dignum
2789 2111 3014 2179 faciens,
3048 2114 3142 2166 sed
3164 2127 3261 2166 nec
3295 2114 3516 2168 omnino

1939 2201 1991 2254 in
2021 2203 2306 2271 praesentia
2336 2219 2459 2257 eum
2506 2204 2836 2272 suscipiens.
2865 2204 3019 2271 {Nam
3055 2203 3141 2257 ille
3173 2207 3298 2271 quia
3326 2221 3355 2259 a
3390 2221 3518 2261 san—

1940 2293 2008 2347 tis
2045 2302 2386 2358 exsecratur,
2425 2304 2480 2349 et
2511 2295 2638 2348 odio
2684 2296 2920 2349 habetur
2949 2305 3113 2363 atque
3140 2296 3515 2363 conculcatur,

1938 2384 1991 2436 in
2024 2393 2323 2454 conspecto
2362 2385 2453 2439 Dei
2503 2400 2779 2455 nunquam
2815 2387 3017 2442 veniet.
3068 2385 3124 2442 Si
3174 2388 3317 2441 enim
3365 2389 3519 2455 rmm'i

1938 2476 2020 2540 (ut
2046 2478 2296 2545 superius
2322 2475 2527 2530 dictum
2554 2477 2659 2541 est)
2696 2494 2799 2531 non
2821 2488 3114 2547 resurgant,
3144 2493 3308 2548 neque
3330 2494 3516 2547 pecca-

1937 2579 2073 2621 tores
2115 2568 2173 2620 in
2220 2562 2444 2622 concilio
2464 2568 2735 2638 justorum
2759 2568 2839 2623 ἐς
2871 2570 3041 2625 multo
3070 2572 3243 2641 magis
3269 2571 3512 2625 omnium

1934 2661 2276 2732 impietatum
2308 2662 2582 2730 provisor,
2635 2670 2800 2729 atque
2848 2661 3016 2715 totius
3059 2661 3270 2731 peccati
3324 2671 3519 2717 auctor

1930 2753 2186 2809 diabolus
2228 2754 2285 2808 in
2328 2753 2616 2808 consilium
2662 2754 2906 2808 divinum
2938 2768 3045 2807 non
3093 2754 3301 2816 veniet,
3340 2766 3519 2823 neque

1934 2844 2131 2899 deiﬂco
2183 2844 2457 2913 colloquio
2510 2845 2706 2915 dignus
2765 2845 3076 2907 habebitur,
3122 2842 3279 2911 juxta
3333 2845 3517 2899 omnia

1931 2951 2053 3004 otiae
2078 2939 2133 2991 in
2169 2938 2537 2993 anterioribus
2564 2935 3186 2993 inemoravimus.Venit
3212 2953 3345 3007 ergo
3385 2952 3520 2993 con-

1928 3030 2072 3085 siliis
2094 3039 2155 3084 et
2183 3030 2611 3100 cogitationibus
2652 3040 2819 3099 atque
2845 3029 3132 3083 desideriis
3154 3069 3172 3094 ,
3206 3037 3263 3084 ct
3301 3030 3518 3084 audivit

238 3123 717 3193 rint,qunndopro
741 3126 1069 3180 oumimodis
1086 3125 1181 3181 Dei
1202 3127 1480 3183 miraculis
1497 3139 1700 3183 :eteruo
1722 3131 1830 3200 regi
1860 3171 1905 3231 ϐ
1933 3136 2041 3225 ἰξοιι
2072 3121 2410 3226 conﬂuit”.
2431 3162 2446 3186 ι
2479 3121 2573 3175 κά
2604 3120 3035 3231 ίπθνθξνξηξξδηθηι
3066 3129 3231 3189 mque
3259 3118 3513 3231 οίθίοξῦαο

249 3218 633 3271 indesinenter
662 3219 866 3287 gratias
900 3219 1211 3287 egerint.Et
1246 3220 1410 3276 nolite
1435 3222 1835 3290 mirari,oami-

238 3310 310 3377 ci,
342 3308 495 3378 quod
525 3308 702 3379 angeli
735 3309 922 3364 venire
950 3310 1030 3365 vel
1063 3311 1141 3366 ire
1169 3314 1444 3380 dicuntur,
1472 3314 1600 3383 quia
1628 3313 1836 3383 majora

236 3411 413 3470 atque
460 3398 726 3457 mirabilia
760 3404 999 3462 audituri
1057 3405 1209 3460 estis.
1253 3404 1389 3460 Nam
1418 3415 1476 3459 et
1502 3406 1618 3476 ipse
1652 3408 1791 3462 Deus
1815 3448 1830 3472 ,

238 3493 327 3560 qui
363 3500 454 3546 est
479 3492 792 3562 angelorum
827 3504 991 3565 atque
1014 3496 1261 3550 omnium
1316 3497 1607 3568 spirituum
1657 3510 1834 3554 rector

239 3591 290 3636 et
342 3582 621 3648 conditor,
669 3585 857 3640 venire
908 3594 966 3640 et
1011 3586 1092 3639 ire
1132 3586 1354 3651 dicitur,
1398 3586 1731 3642 descendere
1776 3596 1834 3645 et

238 3678 563 3738 ascendere,
580 3677 768 3730 sedere
784 3687 842 3730 et
859 3690 1102 3744 surgere,
1118 3677 1355 3732 dormire
1368 3686 1426 3733 et
1450 3694 1479 3731 a
1501 3693 1694 3733 somno
1720 3693 1833 3734 sur-

239 3780 394 3833 gene,
422 3777 484 3820 et
528 3767 673 3836 quod
717 3777 800 3821 est
823 3767 1077 3822 omnibus
1106 3771 1429 3838 stupendum
1464 3771 1659 3839 magis,
1692 3771 1825 3826 dici.

241 3867 327 3911 tur
380 3868 639 3927 tanquam
699 3870 891 3929 potens
932 3859 1249 3929 crapulatus
1296 3875 1330 3915 a
1355 3862 1483 3915 vino
1516 3878 1532 3914 :
1565 3861 1828 3932 Exsurge,

240 3968 409 4021 quare
451 3952 741 4017 obdormis,
768 3951 991 4007 Domine
1013 3953 1039 4006 .9
1067 3952 1309 4023 Exsurge
1349 3964 1397 4011 et
1429 3970 1491 4008 ne
1521 3955 1742 4024 repellas
1775 3957 1829 4009 in

245 4045 401 4111 ﬁnem
428 4042 497 4097 “.
524 4040 595 4098 Et
624 4044 911 4098 suscitatus
946 4053 1020 4098 est
1068 4054 1321 4115 tanquam
1349 4047 1614 4101 dormiens
1649 4047 1831 4101 Domi-

244 4149 363 4192 nus.
392 4142 645 4196 tanquam
670 4144 853 4203 potem
882 4134 1190 4199 crapulatus
1215 4152 1247 4189 a
1269 4138 1387 4191 sino
1406 4135 1478 4189 ".
1521 4138 1582 4191 lit
1613 4139 1829 4193 descen-

243 4229 318 4281 dit
344 4227 608 4282 Dominus
632 4236 693 4283 et
718 4227 928 4282 locutus
955 4238 1038 4282 est
1072 4244 1198 4283 cum
1238 4228 1443 4300 Moyse.
1483 4227 1549 4282 Et
1582 4232 1826 4286 ascendit

245 4318 387 4374 Deus
420 4329 711 4389 postquam
744 4320 957 4375 locutus
1013 4330 1097 4375 est
1143 4323 1209 4375 ad
1261 4320 1579 4386 Abraham,
1616 4331 1668 4378 et
1720 4324 1824 4379 alia

247 4409 529 4466 innumera
580 4412 667 4464 his
713 4411 910 4466 similia
960 4412 1030 4467 de
1082 4414 1189 4467 Deo
1237 4414 1289 4467 in
1346 4413 1625 4486 Scriptura
1670 4431 1825 4485 repe-

250 4503 466 4559 riuntur
499 4503 670 4559 fuisse
704 4505 870 4559 dicta.
902 4504 959 4560 Si
984 4520 1114 4573 ergo
1144 4505 1435 4562 immobilis
1481 4516 1533 4561 et
1562 4509 1827 4562 inexcita-
1858 4533 1902 4586 θ

250 4596 367 4651 bilis
392 4605 448 4651 et
475 4597 871 4669 iuemigrabilis
910 4608 1076 4668 atque
1121 4598 1351 4669 simplex
1382 4600 1433 4654 in
1460 4600 1651 4656 iisdem
1680 4615 1824 4655 sem-

250 4701 338 4755 per
366 4686 571 4759 jugter
611 4704 935 4759 permanens
984 4691 1127 4745 Deus
1160 4689 1273 4744 hinc
1325 4690 1573 4745 universa
1603 4691 1823 4750 dicitur.

249 4790 299 4832 et
336 4782 420 4834 ire
452 4789 508 4834 et
536 4779 741 4845 venire,
788 4778 966 4845 Venit,
1001 4781 1196 4848 inqu-it,
1228 4779 1368 4833 Deus
1407 4785 1474 4833 ad
1506 4779 1730 4833 Balaam
1754 4780 1825 4843 ⁸³,

250 4883 300 4926 ες
328 4874 525 4928 sedere
552 4883 611 4928 et
642 4887 869 4942 surgere
897 4886 913 4925 :
943 4872 1076 4941 quid
1124 4885 1384 4941 magnum
1417 4871 1463 4925 si
1497 4871 1672 4941 angeli
1705 4870 1829 4939 ejus

252 4975 410 5035 atque
461 4966 851 5021 ministeriales
902 4965 1128 5035 spiritus
1175 4963 1389 5018 venisse
1431 4965 1498 5016 ad
1540 4964 1704 5016 Deum
1742 4960 1824 5015 di-

253 5070 444 5114 cuntur
466 5060 534 5113 ad
565 5059 951 5129 increpandam
985 5057 1283 5123 diabolum,
1324 5067 1486 5125 atque
1513 5068 1705 5109 omnes
1731 5055 1824 5123 qui

252 5160 542 5220 cperantur
577 5153 910 5207 voluntatem
942 5150 1109 5214 illius,
1140 5161 1200 5203 et
1243 5150 1310 5203 ad
1332 5142 1333 5147 “
1357 5149 1663 5202 testandum
1697 5161 1830 5201 san-

255 5245 352 5297 t'l'ts
382 5256 551 5312 atque
576 5244 984 5299 sinceritotibus
1012 5259 1201 5298 eorum
1242 5286 1252 5307 ,
1280 5258 1415 5313 quas
1449 5242 1649 5297 habent
1676 5239 1823 5294 circa

257 5335 473 5391 Deum?
519 5339 600 5391 Ad
651 5336 1107 5405 magnificandum
1158 5337 1326 5393 Deum
1347 5338 1399 5391 in
1438 5334 1827 5391 miscricordiis

256 5431 365 5500 ejus
394 5445 449 5486 et
484 5432 823 5487 bonitatibus
848 5433 967 5502 ejus
992 5474 1011 5499 ,
1040 5445 1205 5503 atque
1246 5431 1743 5501 longanimitatibus
1770 5441 1827 5485 et

259 5523 724 5591 investigabiiibus
774 5523 892 5589 ejus
948 5523 1225 5579 miraculis
1250 5565 1266 5588 ,
1302 5537 1421 5593 qua:
1458 5521 1827 5576 indesinenter

258 5618 483 5671 nstemlit
512 5618 654 5671 circa
680 5631 849 5683 genus
880 5615 1176 5671 humanum
1201 5620 1223 5671 ?
1264 5616 1356 5672 Sic
1376 5628 1510 5686 ergo
1539 5622 1825 5678 venerunt,

310 5735 353 5767 "
377 5735 474 5790 Ja’h
510 5752 569 5797 It,
608 5735 656 5786 1.
762 5734 807 5765 ⁸⁸
842 5735 970 5790 ibid.

1052 5736 1097 5768 ⁸¹¹
1135 5734 1276 5789 Psal.
1312 5751 1467 5797 XLI-li,
1499 5733 1589 5788 25.

264 5821 295 5869 1,
340 5809 390 5862 ὅ.
504 5808 547 5837 ⁸9
579 5806 678 5860 Job
707 5820 766 5872 tt,
792 5806 844 5858 2.
1066 5811 1077 5827 ’

1670 5733 1715 5763 ⁸⁸
1738 5729 1878 5787 Psztl.
1896 5745 2098 5795 Lxxvu,
2117 5727 2207 5782 65.

1934 3214 2140 3268 tionem
2174 3212 2631 3284 nequissimarum
2662 3213 3055 3282 cegitationum
3085 3221 3521 3282 suarum,atque

1938 3306 2257 3361 infestorum
2286 3305 2679 3360 desideriorum
2704 3320 2766 3359 ac
2787 3303 3242 3359 deliberationum
3267 3319 3518 3369 suarum,

1932 3412 2056 3466 que
2094 3396 2479 3455 demonstrans
2528 3395 2660 3449 dicit
2709 3410 2726 3448 :
2783 3395 2849 3446 Et
2886 3395 3207 3461 respondens
3261 3392 3519 3446 υεοπιὶπιιι

1930 3489 2009 3542 ait
2039 3491 2107 3541 ad
2136 3486 2406 3541 diabolum
2432 3502 2449 3539 :
2485 3485 2634 3540 Unde
2660 3485 2829 3550 venis,
2858 3493 2919 3536 tu
2951 3482 3033 3536 ‘9?
3055 3483 3361 3547 lntenrogat
3385 3495 3519 3550 pra!-

1931 3580 2082 3643 scins
2106 3620 2123 3644 ,
2154 3590 2319 3648 atque
2349 3578 2611 3648 providus
2633 3615 2647 3638 ,
2677 3575 2769 3645 qui
2804 3588 3021 3628 omnem
3052 3572 3336 3627 scientiam
3381 3586 3522 3625 cun-

1932 3675 2039 3727 et-is
2080 3680 2305 3741 prmstat
2336 3669 2675 3733 lmminibus,
2710 3667 3011 3735 interrogat
3063 3663 3306 3733 reiugam
3333 3701 3350 3726 ,
3381 3678 3513 3730 apo-

1930 3772 2133 3821 statam
2154 3805 2169 3829 ,
2202 3761 2572 3817 adversarium
2601 3801 2617 3823 ,
2646 3758 3038 3828 nequissimum
3069 3796 3085 3819 ,
3116 3756 3397 3822 injust-tn.
3428 3753 3517 3808 ln-

1935 3866 2172 3926 terrogat
2198 3864 2255 3908 nt
2288 3870 2353 3908 es
2389 3868 2486 3906 ore
2519 3852 2663 3905 illius
2690 3894 2703 3916 ,
2738 3858 2905 3918 atque
2950 3863 3016 3902 ex
3051 3860 3315 3916 responso
3359 3846 3515 3903 illius

1932 3962 2055 4003 eum
2090 3956 2281 4013 arguat
2303 3954 2359 3999 et
2389 3944 2737 4007 condemnet,
2766 3950 2933 4009 atque
2956 3940 3247 3995 convincat
3275 3979 3291 4004 ,
3326 3946 3521 4009 utpote

1931 4040 2245 4097 mendacem
2273 4077 2289 4102 ,
2340 4048 2396 4092 et
2427 4033 2782 4102 malignitatis
2834 4034 2953 4087 zelo
2976 4073 2992 4100 ,
3023 4048 3087 4087 ac
3120 4033 3294 4088 livore
3340 4034 3517 4103 reple-

1930 4142 2067 4185 tum.
2098 4129 2253 4186 Unde
2275 4127 2432 4184 venis
2454 4167 2476 4194 η,
2506 4136 2560 4181 tu
2584 4126 2831 4196 dejecte,
2866 4124 3092 4181 confuse
3115 4167 3131 4191 ,
3182 4124 3464 4180 hnmiiiate
3490 4123 3521 4178 Υ

1934 4222 2091 4279 Unde
2121 4232 2177 4276 tu
2201 4220 2356 4275 venis
2375 4220 2575 4284 victus,
2602 4225 2911 4285 superatus,
2932 4216 3329 4271 conculcatus?
3363 4217 3521 4271 Unde

1933 4328 1987 4371 tu
2014 4315 2166 4371 venis
2199 4314 2292 4384 qui
2320 4314 2386 4367 de
2412 4310 2644 4367 excelsis
2690 4325 2750 4365 es
2796 4310 3053 4379 expulsus
3078 4351 3094 4373 ,
3131 4318 3187 4365 et
3208 4324 3379 4378 super
3412 4319 3515 4364 ter-

1930 4425 2045 4464 ram
2094 4423 2154 4462 es
2204 4406 2601 4461 condemnatus
2627 4441 2643 4467 ,
2678 4402 2770 4471 qui
2820 4405 2887 4457 de
2916 4401 3071 4457 cmlis
3099 4416 3160 4456 es
3194 4404 3469 4470 proiectus
3495 4436 3517 4464 γ

1932 4503 2073 4558 inter
2102 4500 2353 4555 homines
2393 4498 2676 4552 abdicatus
2705 4496 2731 4549 ?
2779 4494 2932 4551 Unde
2963 4505 3018 4549 tu
3048 4497 3204 4551 venis
3224 4533 3243 4561 ,
3269 4497 3362 4565 qui
3396 4504 3517 4564 post

1934 4594 2249 4664 iniquitates
2281 4590 2548 4652 festinas,
2596 4588 2688 4656 qui
2742 4596 2866 4656 post
2916 4586 3232 4657 iniustitiam
3284 4586 3515 4641 curris?

1932 4696 2011 4749 Tu
2042 4694 2135 4764 qui
2170 4691 2463 4747 homicidia
2494 4688 2703 4758 appetis
2729 4726 2745 4752 ,
2775 4697 2830 4740 tu
2866 4688 2957 4757 qui
2998 4687 3251 4741 adulterii
3285 4702 3344 4741 es
3368 4687 3518 4753 cupi-

1933 4801 2052 4862 dus,
2090 4807 2146 4851 tu
2179 4795 2271 4865 qui
2302 4792 2570 4862 sanguine
2614 4791 2842 4860 potaris,
2877 4790 2967 4860 qui
2998 4791 3239 4847 omnium
3272 4790 3515 4856 impieta-

1934 4911 2045 4953 tum
2097 4911 2261 4967 super
2304 4904 2507 4948 terram
2538 4906 2598 4947 es
2641 4889 2912 4959 provisor,
2945 4890 3186 4942 omnium
3242 4886 3512 4940 malorum

1935 5002 2077 5056 inter
2118 4996 2367 5053 homines
2413 4993 2684 5057 inventor,
2732 4992 2874 5046 unde
2926 4998 2983 5045 tu
3035 4987 3240 5043 venis?
3289 4984 3368 5040 Tu
3422 4986 3515 5055 qui

1936 5113 2148 5171 tempus
2176 5113 2282 5153 non
2315 5095 2481 5151 habes
2506 5136 2521 5161 ,
2565 5105 2621 5149 tu
2662 5093 2751 5164 qui
2781 5093 3020 5163 quietem
3055 5106 3159 5145 non
3189 5097 3470 5159 exspectas
3497 5127 3519 5154 ,

1936 5213 1992 5260 tu
2023 5202 2115 5274 qui
2148 5196 2535 5268 resumptionis
2565 5210 2772 5250 memor
2802 5209 2905 5249 non
2940 5207 3022 5257 es,
3060 5205 3236 5261 neque
3268 5190 3515 5259 requiem

1933 5320 2124 5377 speras
2155 5302 2338 5368 ,,unde
2378 5310 2433 5354 tu
2464 5298 2617 5352 venis
2643 5297 2665 5350 ?
2696 5294 2972 5351 Conﬁtere
2996 5335 3013 5362 ,
3044 5303 3099 5349 et
3124 5291 3235 5347 noli
3269 5306 3469 5363 negare
3497 5328 3519 5358 τ

1932 5407 2181 5469 ostende,
2221 5411 2279 5460 et
2313 5401 2419 5458 noli
2446 5398 2645 5455 celare.
2678 5396 2784 5452 Sed
2818 5411 2927 5452 non
2960 5396 3239 5468 accipiens
3265 5394 3383 5451 hinc
3426 5408 3517 5448 ne-

1937 5509 2235 5582 quissimus
2260 5545 2278 5573 ,
2306 5518 2408 5558 nec
2450 5499 2676 5555 omnino
2707 5497 2928 5552 aud-isse
2967 5509 3027 5552 se
3056 5496 3320 5551 simulans
3344 5536 3359 5559 ,
3413 5509 3517 5563 pro

1938 5610 2058 5665 aliis
2084 5606 2189 5662 alia
2219 5600 2497 5673 restiondit
2526 5598 2750 5655 dicens:
2786 5595 3019 5651 (Ιίνιιιὶυί
3046 5612 3250 5651 omnem
3291 5604 3513 5653 terram,

2286 5722 2332 5754 “
2363 5721 2522 5778 Num.
2560 5714 2770 5783 xxtt,8.
2851 5715 2893 5747 ⁸⁷
2922 5714 3021 5771 Job
3054 5730 3114 5783 ιι,
3156 5714 3213 5767 ‘2.
3292 5710 3337 5744 ⁸⁸
3364 5702 3512 5765 Pani.
