3992 6312
490 332 589 387 431

1555 312 1939 372 ANONYMUS
1977 311 2046 367 IN
2085 310 2227 367 JOB.
2273 341 2335 351 ο-
2372 307 2504 365 LIB.
2548 306 2616 363 li.

3652 310 3753 367 432

486 459 533 501 et
582 444 856 516 peragrati
904 448 1202 498 universum
1247 439 1424 493 orbem
1451 435 1544 506 qui
1571 433 1667 488 sub
1707 432 1834 487 creto
1875 440 1951 486 est
1992 430 2063 483 ⁷ο.
2092 434 2139 491 Α
2168 436 2343 495 posta
2374 426 2477 482 Job
2527 438 2650 516 cum
2706 419 3040 516 confusione.
3078 420 3268 476 Adam
3321 420 3472 516 cnim
3514 422 3638 478 olim
3677 442 3763 481 se-

488 539 776 596 Subtiliter
825 537 1008 608 ﬁngis,
1035 552 1068 590 o
1102 531 1474 590 infelicissime
1521 526 1736 583 diabole
1766 566 1782 590 ,
1813 523 2066 581 humilia-

488 631 692 686 tionent
734 639 877 684 tuam
914 628 1051 695 tegis
1080 666 1095 688 ,
1129 622 1528 679 deformitatem
1566 628 1710 673 tuam
1744 615 2025 672 reticescis
2048 655 2064 681 ,

484 721 862 778 confusionem
896 729 1041 773 tuam
1094 716 1317 771 minime
1362 712 1637 782 depromis
1663 750 1681 777 ,
1710 710 1856 781 quod
1885 724 1915 762 a
1952 707 2070 778 pul-

487 828 618 869 vere
639 811 809 867 fueris
832 818 1139 877 superatus.
1174 806 1373 860 Lutum
1426 804 1570 859 enim
1600 811 1655 858 et
1696 812 1841 856 terra
1871 809 1927 855 et
1956 798 2068 869 pul-

486 903 573 958 vis
600 911 685 958 est
715 899 818 957 Job
850 909 1071 970 propter
1117 905 1391 952 terrenum
1426 908 1661 963 corpus,
1713 891 1807 947 sed
1848 891 2066 946 interim

490 1004 736 1050 terrenus
775 1003 841 1045 ac
871 990 1046 1044 luteus
1079 988 1383 1059 superavit,
1415 987 1613 1056 inquit,
1650 996 1723 1052 te,
1747 999 1781 1037 ο
1806 983 2021 1039 diabole
2050 1024 2065 1046 ,

487 1082 577 1151 qui
611 1096 732 1135 cum
763 1078 838 1134 sis
866 1077 1296 1147 incorruptibilis
1322 1076 1570 1147 Spiritus,
1601 1085 1859 1144 tanquam
1887 1072 2069 1144 fulgur

486 1177 553 1229 de
587 1174 728 1231 ccelo
754 1172 999 1228 cecidisti
1031 1171 1325 1241 prnjectus.
1371 1168 1585 1240 Corpus
1619 1168 1832 1223 scilicet
1860 1168 2065 1222 luteum

484 1267 768 1337 superavit
806 1264 1071 1336 fulgorem
1122 1263 1516 1333 incorruptum,
1554 1260 1803 1330 Spiritum
1849 1261 2067 1314 immor-

489 1355 648 1409 talem
700 1363 868 1424 atque
920 1354 1326 1422 incorporeum.
1356 1350 1508 1404 lianc
1533 1349 1742 1404 scilicet
1789 1347 2070 1404 confusio-

484 1461 609 1501 nem
640 1457 785 1500 tuam
836 1445 1167 1500 reticescens
1214 1458 1277 1498 ac
1304 1442 1734 1511 praetermittens
1755 1481 1771 1506 ,
1804 1455 1838 1495 ο
1872 1439 2069 1496 callide

484 1539 703 1595 diabole
726 1580 743 1605 ,
784 1538 1039 1608 gloriaris
1067 1553 1130 1592 ac
1176 1538 1392 1608 plaudis
1426 1536 1569 1607 quod
1605 1546 1807 1590 terram
1832 1535 2067 1611 circuie-

486 1627 585 1693 ris,
613 1636 670 1681 et
691 1641 756 1681 ea
792 1642 912 1696 qua:
942 1628 1041 1681 su‘b
1069 1626 1209 1682 coelo
1240 1636 1369 1683 sunt
1400 1628 1799 1697 peragraveris.
1834 1624 1942 1681 Sed
1967 1626 2068 1682 hoc

487 1720 539 1773 in
566 1720 858 1774 maximam
887 1718 1290 1775 deformitatem
1335 1730 1479 1775 tuam
1512 1719 1652 1774 dicis
1687 1738 1702 1774 :
1741 1734 1865 1774 nam
1896 1718 2065 1790 gloria
2112 1719 2115 1723 ’

488 1821 578 1866 tua
626 1822 792 1881 atque
825 1813 990 1867 elatio
1047 1813 1248 1867 referta
1298 1820 1383 1867 est
1434 1813 1581 1867 omni
1626 1812 1957 1881 dejectione.
2008 1812 2065 1866 Si
2100 1798 2142 1852 Β

482 1905 632 1958 enim
664 1915 871 1959 tantum
908 1906 1125 1974 potuisti
1173 1914 1232 1959 ut
1269 1919 1483 1959 onmem
1521 1915 1722 1959 terram
1747 1943 1763 1969 ,
1796 1913 1919 1973 post
1954 1905 2067 1959 haec

483 2014 677 2054 omnes
716 2009 961 2053 terrenos
991 2038 1006 2061 ,
1055 2007 1222 2067 atque
1275 1998 1596 2060 universos,
1647 1997 1737 2065 qui
1790 1998 1892 2053 sub
1926 1997 2066 2054 caelo

482 2099 615 2143 sunt
642 2090 909 2144 circuires
939 2099 1101 2160 atque
1135 2104 1481 2160 peragrares,
1509 2092 1613 2144 hoe
1637 2100 1741 2157 est,
1775 2090 2065 2145 conculca-

487 2195 574 2235 res
598 2190 764 2251 atque
788 2183 889 2236 sub
922 2191 974 2236 te
1016 2180 1318 2249 subjiceres
1343 2225 1357 2247 ,
1402 2182 1673 2250 quomodo
1709 2196 1813 2236 non
1844 2183 2063 2251 potuisti

484 2274 579 2329 uni
612 2283 834 2329 terreno
857 2284 1024 2344 atque
1060 2274 1403 2345 corruptibili
1434 2272 1537 2329 Job
1565 2273 1915 2344 praevalere?
1957 2274 2063 2330 Sed

481 2365 662 2421 omnis
684 2366 927 2435 potentia
953 2374 1067 2434 tua,
1095 2381 1160 2423 ac
1185 2368 1377 2430 virtus,
1413 2375 1578 2436 atque
1597 2367 1881 2436 praedones
1912 2380 2065 2423 exer-

482 2459 625 2516 citus
668 2460 741 2516 tui
771 2468 826 2515 et
845 2458 1058 2531 gladius
1087 2474 1275 2514 eorum
1311 2469 1367 2515 et
1401 2459 1638 2529 triplicia
1680 2459 1920 2529 equitum
1951 2470 2066 2515 tuo-

483 2569 603 2608 rum
627 2568 832 2609 cornua
856 2561 912 2611 et
946 2554 1088 2625 ignis
1118 2554 1210 2622 qui
1236 2554 1302 2608 de
1349 2553 1490 2611 celo
1519 2553 1726 2609 cecidit
1749 2593 1764 2620 ,
1799 2564 1858 2609 ut
1881 2563 1937 2608 tu
1981 2555 2064 2609 di-

484 2646 611 2700 xisti
637 2683 655 2710 ,
701 2655 757 2700 et
781 2645 934 2702 venti
968 2646 1061 2714 qui
1091 2646 1160 2701 ab
1209 2660 1396 2700 eremo
1424 2652 1734 2712 venerunt,
1770 2645 1913 2714 quod
1946 2654 2064 2700 erat

484 2720 879 2806 tute‘nequitiae
908 2736 1234 2807 inspiratio,
1280 2736 1560 2802 universa,
1593 2736 1791 2805 inquit,
1819 2736 1933 2793 haec
1982 2737 2066 2792 in-

485 2831 641 2883 tirma
684 2844 750 2885 ac
778 2844 1113 2899 supervacua
1152 2830 1481 2885 exstiterunt
1507 2843 1606 2899 per
1634 2829 1764 2899 justi
1794 2828 1899 2885 Job
1930 2829 2061 2886 tole-

485 2920 761 2987 rantiam,
810 2934 975 2991 atque
1028 2936 1127 2993 per
1184 2922 1483 2992 gratiarum
1530 2922 1778 2977 actiones
1830 2920 2060 2978 confusa

482 3020 649 3085 atque
676 3028 889 3069 eversa.
918 3013 1048 3069 Post
1071 3030 1193 3084 qua:
1225 3014 1506 3078 universa,
1538 3029 1668 3081 non,
1700 3014 1897 3084 inquit,
1928 3025 2004 3079 te,
2028 3029 2064 3069 ο

2170 519 2397 585 duxisti,
2447 518 2541 572 sed
2570 515 2674 570 Job
2716 524 2839 584 post
2871 514 2973 571 hoc
3002 530 3122 569 non
3176 513 3569 584 supplantasti.
3600 518 3759 575 Adam

2169 613 2235 666 de
2263 608 2518 679 paradiso
2568 606 2857 661 eradicasti
2885 648 2901 672 ,
2946 609 3045 661 sed
3075 606 3183 663 Job
3236 622 3270 662 a
3318 608 3616 663 sanctitate
3661 628 3759 668 non

2169 708 2433 763 avertisti.
2471 705 2629 761 Unde
2662 713 2716 757 tu
2748 706 2903 759 venis
2929 705 2996 759 de
3036 705 3289 760 excelsis
3319 706 3604 775 expulsus,
3624 718 3675 762 et
3701 709 3762 765 de

2169 800 2328 855 caelis
2384 798 2650 868 dejectus,
2693 796 2762 852 de
2831 796 3156 867 angelorum
3216 797 3409 852 choris
3458 796 3761 867 projectus?

2171 891 2323 947 Umle
2350 891 2505 945 venis
2534 899 2588 942 tu
2626 888 2715 958 qui
2742 897 3137 957 supertcrram
3196 886 3530 956 injustitiam
3568 892 3761 960 germi-

2168 986 2335 1051 nasti,
2364 985 2456 1055 qui
2506 984 2605 1039 sub
2647 984 2763 1038 sole
2794 984 3103 1054 itnpietates
3146 982 3561 1047 disseminasti,
3589 986 3676 1052 qui
3703 992 3760 1039 ea

2168 1092 2289 1146 qua:
2308 1075 2410 1132 sub
2433 1077 2572 1131 caelo
2607 1086 2735 1132 sunt
2774 1076 3026 1130 universa
3062 1074 3231 1130 malis
3297 1073 3566 1144 replesti?
3617 1073 3763 1131 Unde

2168 1170 2320 1224 venis
2377 1169 2476 1223 tu?
2528 1168 2607 1223 Tu
2638 1171 2732 1239 qui
2775 1183 2834 1223 es
2893 1169 3087 1223 mortis
3132 1175 3361 1230 auctor,
3394 1166 3763 1238 malorumque

2170 1261 2440 1330 inventor,
2470 1273 2633 1334 atque
2685 1262 2949 1317 malorum
2990 1261 3243 1315 omnium
3291 1259 3531 1327 initium,
3569 1261 3761 1331 iniqui-

2172 1352 2299 1407 tatis
2352 1366 2626 1421 operator,
2672 1363 2827 1421 pater
2883 1352 3184 1407 mendacii.
3251 1348 3435 1414 Unde,
3485 1351 3676 1419 inquit,
3706 1358 3760 1406 tu

2171 1445 2369 1499 venis?
2402 1444 2658 1509 Circuivi,
2688 1447 2879 1514 inquit,
2913 1462 3121 1500 omnem
3155 1454 3387 1506 terram,
3414 1453 3463 1496 et
3497 1446 3759 1514 peragraui

2169 1538 2413 1590 universa
2440 1553 2560 1607 quia
2590 1538 2682 1591 sub
2716 1539 2842 1593 caelo
2864 1548 3010 1601 sunt,
3035 1547 3082 1591 et
3126 1552 3250 1590 ecce
3289 1536 3504 1589 adsum.
3541 1536 3755 1599 Adsum,

2172 1627 2369 1695 inquit,
2399 1628 2490 1696 qui
2527 1643 2633 1681 non
2661 1626 2961 1682 succumbo
3011 1642 3195 1697 neque
3228 1624 3517 1690 humilior,
3540 1626 3624 1696 qui
3652 1641 3753 1682 non

2170 1733 2462 1777 convertor
2515 1738 2691 1793 neque
2737 1724 3044 1788 satisfacio,
3090 1724 3188 1793 qui
3253 1722 3629 1793 paenitentiam
3653 1740 3752 1777 non

2169 1816 2403 1870 ostendo
2440 1852 2457 1879 ,
2520 1817 2616 1870 sed
2679 1826 2933 1886 tanquam
2986 1817 3132 1871 vitiis
3191 1816 3496 1871 indomitus
3548 1825 3751 1885 praesto.

2170 1908 2486 1975 Mutaberis,
2544 1911 2739 1980 inquit,-
2794 1910 3095 1975 odiabole,
3142 1911 3201 1967 in
3256 1909 3621 1963 dilectissimo
3646 1918 3753 1973 tuo,

2168 2001 2271 2056 hoc
2314 2010 2400 2057 est
2430 2001 2482 2056 in
2512 2003 2818 2083 temetipso.
2844 2001 2979 2056 Nam
3034 2018 3163 2058 cum
3216 2016 3329 2057 non
3359 1999 3622 2065 ﬂecteris,
3665 2017 3755 2056 ne-

2167 2107 2273 2161 que
2331 2091 2649 2160 subjiceris,
2706 2107 2882 2161 neque
2935 2093 3337 2162 paenitentiam
3389 2093 3754 2157 demonstras,

2168 2183 2221 2237 in
2266 2183 2721 2239 irremediabilem
2778 2184 3073 2239 inferorum
3110 2199 3341 2254 pamam
3396 2184 3751 2253 demergeris,

2168 2274 2592 2344 inexstinguibili
2625 2274 2732 2344 igni
2764 2274 3026 2344 gehennae
3051 2274 3293 2327 traderis
3321 2282 3379 2327 et
3404 2282 3460 2326 tu
3487 2281 3546 2327 et
3574 2287 3755 2328 omnes

2167 2366 2256 2435 qui
2296 2374 2349 2421 te
2400 2368 2474 2429 ad
2505 2365 2881 2420 infidelitatem
2938 2374 3252 2435 sequuntur
3287 2383 3299 2418 2
3335 2376 3417 2432 tu,
3441 2365 3677 2435 inquam,
3703 2375 3753 2420 et

2165 2473 2358 2515 omnes
2403 2459 2495 2530 qui
2554 2475 2650 2528 per
2702 2468 2753 2513 te
2809 2458 2875 2513 ad
2927 2459 3271 2528 impietatem
3334 2458 3749 2536 persuadentur.

2163 2552 2394 2619 Adsum,
2434 2551 2635 2621 inquit,
2686 2552 2731 2607 is
2783 2553 2874 2623 qui
2940 2567 3046 2607 non
3085 2552 3159 2605 ita
3199 2552 3377 2607 estin
3430 2551 3636 2607 factura
3659 2566 3749 2607 sua

2166 2644 2363 2712 factus,
2403 2645 2499 2700 sed
2543 2644 2596 2700 in
2644 2644 2907 2716 operibus
2940 2645 3011 2698 ita
3066 2644 3612 2714 demonstratus,qui
3639 2659 3739 2697 non

2166 2737 2241 2791 ita
2271 2744 2358 2792 est
2407 2737 2587 2792 faetus
2645 2745 2865 2801 natura,
2927 2737 3022 2792 sed
3079 2737 3258 2793 exivit
3303 2736 3606 2793 voluntate.
3638 2734 3744 2790 Non

2166 2828 2310 2883 enim
2362 2829 2416 2883 iu
2463 2827 2672 2882 iactura
2706 2838 2936 2894 naturae,
3000 2830 3093 2884 sed
3146 2829 3205 2884 in
3239 2830 3538 2885 voluntatis
3564 2843 3749 2898 opera-

2171 2920 2315 2975 tione
2361 2920 2613 2976 diabolus
2667 2930 2751 2976 est
2798 2921 2994 2976 factus.
3048 2923 3281 2986 Adsum,
3317 2921 3515 2990 inquit,
3561 2920 3607 2975 is
3658 2919 3744 2988 qui

2166 3013 2409 3083 peccatis
2445 3014 2783 3082 congaudeo,
2815 3013 2908 3082 qui
2949 3012 3519 3082 iiupietatibuslmtor,
3541 3012 3630 3082 qui
3654 3011 3748 3065 ini-

480 3104 697 3161 diabole
719 3147 736 3173 ,
775 3107 1053 3178 interrogo
1096 3122 1262 3177 quam
1307 3116 1508 3163 terram
1539 3106 1823 3164 circuieris
1845 3148 1862 3174 ,
1894 3116 1949 3163 et
1996 3122 2059 3163 ea
2086 3142 2131 3202 α
2163 3107 2473 3177 quitatibus
2495 3106 2789 3176 jucundor,
2816 3106 2906 3175 qui
2934 3104 3081 3159 omni
3126 3104 3402 3174 injustitia
3434 3112 3488 3160 et
3510 3104 3749 3159 omnibus

480 3214 602 3267 qua:
629 3200 732 3255 sub
780 3198 919 3255 cmlo
965 3209 1093 3255 sunt
1118 3201 1495 3271 peragraveris
1521 3240 1537 3266 ,
1566 3203 1635 3257 de
1678 3201 1795 3257 istis
1826 3216 2061 3272 namque

483 3291 825 3364 interrogare
851 3303 905 3347 te
933 3308 1071 3367 opus
1100 3309 1208 3350 non
1247 3294 1444 3349 habeo.
1476 3293 1603 3351 Scio
1636 3297 1781 3351 enim
1806 3296 1951 3365 quod
1978 3296 2063 3351 in-

479 3386 717 3441 cessauti
748 3384 987 3455 nequitia
1016 3386 1387 3442 indesinenter
1415 3396 1611 3443 cuncta
1645 3401 1767 3458 qua:
1797 3388 1897 3442 sub
1920 3387 2059 3444 caelo

482 3488 615 3534 sunt
644 3479 849 3534 circuis
872 3520 891 3546 ,
931 3488 987 3535 et
1022 3480 1269 3551 pervolas
1295 3521 1311 3546 ,
1360 3491 1548 3553 utpote
1588 3497 1782 3538 aereus
1832 3483 2060 3553 spiritus

483 3570 710 3641 fulguris
742 3571 1021 3627 velocitati
1048 3572 1448 3629 consimilatus.
1478 3572 1594 3628 Non
1616 3613 1633 3637 ,
1664 3572 1882 3644 inquit,
1912 3582 1965 3629 te
1993 3573 2061 3630 de

481 3663 586 3718 hoc
616 3662 916 3732 interrogo,
961 3664 1059 3719 sed
1087 3665 1212 3726 hoc.
1236 3652 1383 3721 unde
1409 3665 1648 3728 veneris,
1678 3664 1765 3719 vel
1800 3681 1830 3719 a
1861 3664 2061 3735 quibus

480 3757 714 3809 veneris.
749 3755 832 3810 Ab
874 3754 1159 3809 inconfuso
1186 3754 1470 3820 confusus,
1503 3757 1573 3810 ab
1603 3756 1843 3810 exaltato
1881 3755 2062 3810 burni-

482 3843 646 3899 liatus
671 3884 686 3909 ,
721 3860 751 3897 a
779 3845 1020 3914 glorioso
1051 3859 1147 3913 spe
1190 3860 1421 3900 vacuus.
1450 3846 1523 3899 De
1565 3846 1684 3902 istis
1706 3887 1721 3914 ,
1751 3847 1948 3915 inquit,
1977 3845 2061 3901 in-

480 3942 701 4003 terrogo
751 3945 918 4002 atque
961 3936 1028 3987 de
1061 3934 1148 3989 his
1177 3948 1232 3988 te
1276 3937 1540 3991 adnnuteo
1564 3978 1581 4004 ,
1624 3955 1747 3994 cum
1774 3950 1887 3994 stes
1911 3940 2060 3995 velut

484 4024 659 4094 igneis
687 4024 889 4095 jaculis
920 4026 1252 4081 stimulatus.
1280 4026 1413 4092 Quis
1434 4028 1578 4083 enim
1609 4039 1693 4085 est
1726 4032 1900 4102 major
1920 4032 2059 4103 ignis

483 4116 699 4173 diabolo
727 4132 892 4185 quam
921 4118 1033 4181 hic,
1064 4126 1173 4172 uta
1204 4118 1411 4172 carnali
1444 4129 1500 4173 et
1530 4130 1746 4175 terreno
1768 4133 2060 4191 superetur

481 4219 645 4279 atque
688 4208 1060 4274 conculcetur,
1109 4226 1233 4265 cuin
1267 4211 1339 4264 sit
1378 4211 1605 4280 spiritus
1653 4212 2005 4283 incorporeus
2032 4213 2059 4266 ?

483 4301 639 4358 Unde
666 4310 722 4357 tu
741 4302 914 4368 venis,
942 4302 1216 4366 seductor,
1244 4300 1549 4365 insidiator,
1580 4302 1892 4359 humiliatus
1916 4343 1932 4367 ,
1964 4305 2059 4360 de-

479 4393 675 4466 jectus,
703 4395 961 4449 confusus
986 4394 1008 4447 ?
1034 4393 1190 4450 Unde
1224 4401 1278 4446 tu
1316 4393 1516 4448 venis?
1549 4393 1649 4449 Ubi
1683 4405 1767 4449 est
1795 4412 2057 4466 arrogan-

2171 3199 2529 3270 impudicitiis
2551 3209 2715 3266 atque
2744 3198 2998 3254 omnibus
3055 3198 3211 3253 malis
3234 3199 3508 3254 delector.
3531 3197 3745 3259 Adsum,

2166 3291 2364 3360 inquit,
2418 3291 2463 3346 is
2510 3290 2601 3360 qui
2645 3305 2794 3359 spem
2845 3304 2951 3344 non
3012 3290 3206 3357 habeo,-
3274 3292 3363 3362 qni
3394 3291 3622 3346 salutem
3646 3304 3743 3344 non

2167 3394 2447 3453 exspecto,-
2483 3384 2573 3453 qui
2601 3382 3037 3438 misericordiam
3080 3398 3187 3439 non
3241 3385 3514 3444 sustineo.
3553 3383 3639 3452 qui
3664 3394 3746 3436 red

2167 3472 2372 3543 frigerii
2398 3489 2504 3528 non
2530 3489 2653 3532 sum
2693 3488 2925 3530 memor.
2964 3474 3216 3540 Circuivi,
3250 3478 3460 3546 inquit,
3488 3486 3673 3531 terram
3694 3484 3740 3528 et

2165 3564 2438 3634 peragravi
2460 3580 2598 3631 eam,
2622 3576 2671 3619 et
2693 3582 2755 3618 ea
2775 3582 2894 3636 quas
2917 3567 3013 3620 sub
3035 3569 3160 3621 caelo
3182 3582 3333 3635 sum,
3351 3580 3397 3623 et
3415 3586 3529 3622 ecce
3543 3569 3740 3621 adsum.

2166 3654 2267 3711 Cui
2294 3664 2415 3726 post
2444 3664 2558 3712 haec
2594 3657 2774 3712 omnia
2799 3660 3131 3728 respondens
3169 3661 3317 3719 Deus
3339 3662 3474 3717 dicit
3504 3679 3521 3717 :
3553 3660 3663 3715 Non
3693 3668 3740 3711 te

2167 3752 2234 3807 de
2280 3752 2385 3806 hoc
2446 3752 2725 3822 interrogo
2758 3754 2995 3822 qualiter
3046 3764 3245 3808 terram
3292 3755 3597 3821 circuieris,
3642 3753 3738 3807 hoc

2166 3851 2253 3896 cst
2277 3856 2372 3897 eos
2393 3842 2484 3912 qui
2536 3851 2751 3897 terrena
2796 3844 3033 3912 sapiunt,
3062 3858 3236 3913 neque
3259 3847 3329 3900 de
3361 3846 3468 3901 hoc
3491 3843 3734 3914 quemad;

2165 3932 2384 3989 modum
2448 3950 2513 3988 ea
2567 3950 2687 4008 qua:
2722 3938 2824 3991 sub
2875 3936 3015 3991 curio
3038 3948 3167 3992 sunt
3208 3938 3608 4010 peragraveris,
3641 3936 3734 3988 hoc

2166 4035 2250 4079 est
2303 4041 2398 4081 eos
2445 4027 2536 4095 qui
2587 4026 2832 4082 ccelestia
2893 4044 2997 4081 non
3057 4030 3397 4095 desiderant,
3442 4032 3578 4085 sicut
3603 4036 3654 4082 et
3680 4036 3732 4079 tu

2166 4115 2302 4184 ipse,
2333 4117 2425 4184 qui
2453 4116 2590 4171 coelo
2619 4116 2815 4171 reverti
2868 4117 3010 4172 ultra
3044 4133 3149 4174 non
3197 4129 3374 4189 potes,
3436 4119 3529 4175 sed
3562 4120 3657 4173 hoc
3686 4126 3732 4169 te

2166 4208 2495 4279 interrogavi
2520 4220 2576 4262 et
2607 4210 2885 4280 interrogo
2918 4227 2932 4263 :
2972 4211 3408 4268 Animadvertiin
3431 4215 3499 4266 ad
3522 4222 3729 4279 puerum

2167 4317 2337 4354 meum
2380 4299 2482 4354 Jub
2514 4302 2601 4354 7‘?
2651 4306 2729 4356 Ac
2786 4302 2832 4357 si
2873 4305 3118 4360 diceret:
3152 4306 3469 4360 Intellexisti
3516 4304 3637 4373 quid
3664 4300 3729 4355 sit

2164 4390 2299 4446 Job?
2325 4391 2601 4447 Relaxasti
2627 4408 2849 4448 scusum
2885 4405 3034 4448 tuum
3070 4396 3137 4450 ad
3168 4398 3332 4451 eum?
3364 4392 3729 4467 Coguovistiue

478 4487 557 4540 tia
582 4485 722 4540 tua?
751 4484 854 4541 Ubi
878 4496 963 4541 est
983 4486 1145 4540 elatio
1177 4485 1202 4539 ?
1248 4483 1350 4541 Ubi
1390 4486 1815 4555 magniloqnium
1853 4498 2001 4543 tuum
2035 4489 2058 4543 ?
2092 4516 2138 4572 υ
2167 4484 2340 4550 illum,
2388 4487 2472 4540 vel
2536 4486 2777 4555 probasti
2830 4487 3264 4546 indeclinabilem
3302 4491 3462 4547 [idem
3518 4488 3650 4554 ejus,
3675 4492 3724 4538 et

481 4576 583 4633 Ubi
619 4587 747 4633 sunt
780 4578 1062 4633 mendacia
1088 4589 1198 4643 tua,
1231 4579 1428 4647 quibus
1460 4578 1644 4633 dixisti
1668 4580 1811 4649 quod
1839 4595 1928 4635 me
1954 4579 2058 4638 Job

477 4678 702 4741 propter
744 4672 1027 4743 pecuniam
1059 4672 1310 4728 coleret?
1344 4670 1422 4725 Tu
1469 4670 1755 4729 facultates
1787 4674 1835 4727 ei
1873 4674 2058 4730 abstu-

478 4765 610 4828 listi,
641 4779 743 4835 ego
775 4779 907 4820 vero
938 4765 1233 4836 gratiarum
1274 4767 1515 4821 actiones
1548 4778 1713 4836 atque
1747 4768 2050 4825 confessio-

479 4873 601 4912 nem
632 4858 700 4911 ab
744 4870 810 4911 eo
858 4857 1094 4926 suscepi.
1128 4855 1265 4911 Nam
1310 4872 1432 4912 cun:
1464 4867 1516 4912 tu
1544 4899 1559 4923 ,
1590 4859 1766 4929 inquit
1793 4900 1809 4924 ,
1837 4876 2051 4916 omnem

478 4948 840 5002 substantiam
894 4947 1010 5015 ejus
1056 4949 1348 5003 abstuleris
1405 4960 1461 5004 ut
1507 4968 1612 5005 non
1664 4952 1866 5006 habeat
1914 4953 2054 5007 unde

479 5037 608 5090 mihi
646 5039 858 5093 hostias
886 5038 1080 5093 oﬂ'erat
1104 5079 1118 5102 ,
1152 5039 1309 5094 solita
1336 5041 1636 5109 gratiarum
1674 5043 1887 5097 actione
1921 5042 2051 5096 mihi

478 5128 739 5183 Sacriﬁcia
773 5131 1017 5183 immolat
1050 5144 1116 5183 ex
1146 5133 1345 5185 mundo
1383 5134 1547 5187 corde
1573 5144 1737 5203 atque
1771 5133 2055 5188 conscien-

481 5220 549 5271 tia
591 5236 743 5288 pura.
792 5220 945 5277 Unde
979 5221 1129 5276 VclllS
1154 5232 1206 5274 tu
1234 5263 1250 5285 ,
1300 5238 1334 5276 ο
1362 5222 1617 5277 diabolo?
1656 5223 1769 5279 Non
1805 5240 1834 5278 a
1882 5225 2056 5295 poeni-

479 5310 647 5362 tentia
675 5350 690 5371 ,
724 5325 829 5364 non
860 5326 888 5364 a
918 5313 1273 5367 conversione
1299 5352 1314 5377 ,
1351 5328 1523 5383 neque
1554 5315 1619 5368 ab
1646 5317 1747 5370 hoc
1780 5318 1922 5386 quod
1959 5320 2054 5373 de-

477 5398 807 5454 formitatem
858 5412 1002 5456 tuam
1055 5404 1246 5459 videns
1303 5404 1679 5460 confundaris.
1733 5407 1825 5463 Sic
1872 5409 2053 5479 itaque

478 5491 756 5561 interrogo
784 5503 855 5558 te,
886 5495 1307 5567 malignissime,
1339 5498 1482 5553 unde
1519 5499 1721 5554 venias.
1760 5497 1876 5554 Non
1905 5501 2051 5555 enim

480 5584 633 5638 venis
656 5584 799 5637 sicut
826 5586 1036 5653 pridem
1071 5588 1138 5641 ab
1172 5588 1338 5644 Adam
1358 5605 1480 5645 cum
1509 5589 1755 5656 victoria,
1796 5590 1889 5647 sed
1911 5590 2052 5647 sicut

546 5762 591 5792 ὀ
617 5762 719 5819 Job
751 5781 807 5832 ιι,
832 5765 887 5818 2.

965 5767 1005 5798 ⁷⁸
1044 5769 1170 5822 ibid.
1200 5769 1253 5825 5.

2166 4580 2494 4635 immobilem
2514 4580 2845 4647 firmitatem,
2872 4593 2924 4637 et
2950 4582 3315 4639 inviolabilem
3340 4581 3721 4639 fortitudinem.

2163 4685 2214 4729 et
2243 4672 2607 4728 inviolabilem
2632 4675 2889 4744 pietatem
2919 4685 3079 4746 atque
3109 4677 3519 4747 religiositatem
3550 4669 3721 4728 illius?

2162 4765 2601 4821 Animaduerliui
2626 4766 2711 4821 vel
2738 4768 3012 4821 intendisti
3042 4769 3110 4821 ad
3141 4785 3362 4837 puerum
3399 4780 3565 4821 meum
3592 4760 3723 4815 Job?

2163 4871 2227 4912 ac
2250 4858 2294 4910 si
2314 4856 2548 4911 diceret:
2567 4854 2761 4911 Certus
2787 4872 2873 4922 es,
2902 4872 2933 4911 ο
2956 4857 3177 4913 inimice
3199 4858 3439 4911 omnium
3473 4856 3719 4909 bonorum

2162 4946 2399 5011 diabole,
2460 4954 2583 5005 uter
2644 4958 2891 5003 nostrum
2948 4948 3237 5002 veritatem
3281 4946 3496 5011 dixerit,
3540 4956 3633 5012 ego
3658 4953 3718 4989 ³η

2165 5049 2242 5104 tu,
2282 5047 2400 5094 uter
2450 5040 2655 5109 absque
2712 5040 2993 5095 mendacio
3037 5041 3249 5096 locutus
3288 5040 3470 5106 fuerit,
3508 5049 3602 5105 ego
3632 5027 3717 5099 (Ιυί

2163 5130 2211 5184 ei
2239 5130 2607 5185 testimoniqu
2664 5132 2937 5201 perhibui,
2966 5148 3033 5187 an
3070 5142 3126 5187 tu
3154 5134 3245 5202 qui
3292 5147 3414 5188 eum
3443 5120 3716 5184 accusasti.

2169 5222 2314 5279 Dicis
2342 5224 2486 5294 quod
2546 5235 2748 5281 terram
2773 5227 3079 5292 circuieris,
3134 5239 3190 5281 et
3218 5242 3279 5280 ea
3315 5240 3433 5295 qua!
3456 5221 3550 5278 sub
3583 5214 3714 5271 C(Blo

2162 5324 2290 5371 sunt
2318 5320 2714 5387 peragraveris,
2755 5320 3001 5388 reperisti
3035 5319 3269 5373 similem
3302 5317 3444 5374 Job?
3473 5309 3713 5366 Vidistine

2161 5408 2424 5477 aqualem
2485 5410 2606 5464 illi?
2662 5411 2742 5465 0b
2801 5410 2925 5477 hoc,
2964 5412 3156 5481 inquit,
3191 5423 3241 5465 te
3296 5413 3557 5475 interrogo
3579 5398 3708 5455 unde

2166 5500 2397 5568 veneris,
2427 5500 2510 5555 vel
2537 5502 2679 5557 unde
2711 5503 2920 5566 venias,
2974 5513 3033 5556 ut
3083 5502 3365 5558 ostendam
3400 5498 3495 5555 Job
3528 5487 3711 5551 sancti-

2163 5600 2325 5648 tatem
2387 5608 2452 5651 ac
2488 5597 2762 5664 meritum,
2834 5595 3149 5665 patientiam
3202 5607 3417 5666 quoque
3476 5606 3533 5647 ac
3557 5587 3706 5641 victo-
