3992 6312
259 335 365 388 455

1353 327 1738 385 ΑΝΟΝΥΜυδ
1775 327 1843 383 ΙΝ
1884 327 2026 384 JOB.
2064 358 2129 370 --νε
2171 329 2299 384 LIB.
2343 329 2407 384 ll.

3408 333 3511 387 434

259 458 412 518 riam,
444 455 676 523 gloriam
734 453 1084 510 nihilominus
1132 460 1296 522 atque
1344 469 1627 522 coronam,
1691 467 1836 512 tuam
1869 465 1915 518 Α
1945 455 2230 510 tolerantia
2255 469 2318 509 ac
2339 454 2549 509 devotis
2566 453 2862 523 gratiarum
2893 455 3201 510 actionibus
3230 458 3509 524 superavit

258 563 384 601 vero
441 548 820 617 dejectionem,
870 558 923 601 et
955 546 1407 612 humiliationem,
1457 551 1828 605 confusionem

255 654 472 708 quoque
534 649 696 709 atque
757 639 1137 708 perditionem.
1190 639 1511 708 Quanquam
1580 642 1724 696 enim
1772 653 1826 696 tu

255 746 440 800 neges,
494 733 590 786 sed
653 748 751 800 ego
798 737 1095 789 ostendam.
1134 732 1391 799 Quamvis
1443 743 1497 788 tu
1550 749 1654 788 non
1703 749 1831 788 con-

255 825 482 886 ﬁtearis,
537 827 630 877 sed
681 839 781 894 ego
830 839 934 879 non
981 827 1140 880 sileo.
1189 825 1413 880 Terram
1474 826 1620 880 enim
1655 837 1703 879 te
1727 826 1833 879 cir-

252 915 431 967 cuisse
459 915 615 979 dicis,
653 916 1007 982 perditionem
1042 925 1186 968 tuam
1210 931 1341 970 vero
1395 931 1499 969 non
1527 916 1819 985 depromis.

253 1004 393 1057 Cum
430 992 718 1057 abscondis
761 1016 906 1059 luant
945 1004 1324 1072 dejectionem,
1362 1022 1592 1062 coronas
1616 1007 1716 1063 Job
1741 1007 1825 1061 fu-

253 1096 414 1150 raris.
459 1095 743 1162 "caper-isti
804 1098 872 1150 ad
922 1113 1144 1165 puerum
1178 1114 1348 1152 meum
1369 1099 1491 1164 Job,
1527 1101 1618 1170 qui
1667 1109 1830 1170 caput

252 1198 404 1241 tuum
435 1190 794 1252 t-onculcavit,
827 1191 920 1259 qui
949 1190 1251 1243 ltumiliavit
1281 1191 1620 1246 altitudinem
1657 1203 1825 1257 tuam,

249 1283 339 1347 qui
386 1278 900 1348 dt’jeciteiationem
936 1282 1119 1335 tuam?
1169 1281 1453 1348 Gloriaris,
1486 1284 1683 1353 inquit,
1730 1301 1826 1338 ne-

247 1371 518 1438 quissime
546 1371 763 1435 Satana,
790 1373 932 1442 quod
967 1382 1165 1426 terram
1193 1374 1500 1441 circuieris,
1533 1385 1586 1429 et
1618 1391 1681 1430 ea
1708 1391 1827 1446 quae

245 1466 350 1515 iub
384 1463 524 1518 casio
555 1474 681 1516 sunt
713 1467 1084 1535 peragraveris
1125 1482 1139 1518 :
1169 1465 1262 1518 sed
1309 1466 1447 1520 maia
1476 1478 1557 1521 est
1580 1469 1693 1521 haec
1719 1468 1829 1536 glo—

247 1557 415 1610 riatio
448 1566 536 1609 tua
567 1567 728 1624 atque
750 1559 952 1612 inutilis
980 1558 1161 1613 elatio.
1189 1560 1268 1612 Ad
1330 1560 1530 1612 malum
1557 1563 1700 1613 enim
1723 1561 1829 1615 cir-

246 1649 415 1702 cuisti
479 1659 700 1712 terram,
749 1658 802 1703 et
851 1650 916 1702 ad
959 1650 1279 1719 injustitiam
1329 1665 1590 1720 peragras
1622 1667 1681 1706 ea
1713 1669 1828 1721 qua:

244 1741 354 1796 sub
374 1742 517 1798 omlo
565 1753 709 1797 sunt.
745 1743 1000 1799 Pervolas
1019 1747 1162 1799 enim
1217 1745 1435 1815 pelagus
1469 1756 1524 1801 et
1567 1761 1744 1801 aerem
1774 1759 1830 1802 et

247 1841 512 1899 penetras
540 1847 730 1888 munes
760 1845 968 1902 gentes,
1003 1834 1306 1902 provincias
1365 1849 1426 1887 ac
1474 1835 1741 1904 regiones,
1772 1844 1828 1887 ut

247 1923 520 1991 plurimos
579 1925 716 1980 filios
787 1928 1049 1997 gehennae
1116 1927 1305 1991 facias,
1375 1935 1431 1980 ut
1486 1927 1668 1995 plures
1727 1937 1830 1983 tua:

248 2029 431 2084 pmnae
466 2015 670 2072 efﬁcias
707 2018 1018 2088 participes.
1066 2017 1213 2074 Sicut
1245 2019 1387 2074 enim
1420 2019 1573 2074 canis
1601 2019 1820 2074 rabidus

246 2108 372 2162 vias
399 2123 462 2162 ac
498 2109 757 2162 transitus
782 2111 1072 2177 percurrit,
1105 2120 1158 2164 ut
1219 2125 1403 2165 omnes
1441 2125 1579 2179 quos
1613 2123 1738 2165 ante
1771 2128 1829 2169 se

249 2202 551 2262 invenerit,
607 2201 743 2255 alios
796 2203 1008 2269 quidem
1073 2201 1339 2255 morsibus
1402 2202 1670 2269 vulneret,
1699 2203 1831 2258 alios

252 2289 616 2343 nihilominus
654 2291 705 2342 in
758 2301 1028 2358 stuporem
1079 2290 1315 2344 deducat
1367 2293 1634 2346 terroris:
1679 2293 1750 2346 ita
1778 2303 1830 2347 et

253 2387 338 2444 tu,
369 2378 562 2445 inquit,
609 2379 938 2446 nequissime
977 2379 1200 2442 Satana,
1261 2388 1458 2432 terram
1521 2381 1739 2445 circuis,
1776 2391 1830 2434 et

247 2483 317 2521 ea
350 2485 472 2536 qua:
525 2469 627 2522 sub
673 2470 812 2524 eicio
848 2481 975 2524 sunt
1022 2474 1274 2527 universa
1308 2487 1583 2541 peragras,
1633 2487 1736 2525 non
1771 2483 1830 2528 ut

248 2558 487 2627 aliquem
513 2576 826 2628 componas,
856 2561 951 2615 sed
977 2570 1034 2614 ut
1055 2572 1279 2616 cunctos
1305 2563 1659 2628 extermines,
1696 2578 1828 2632 quo-

252 2649 503 2703 rumdam
544 2651 778 2703 animam
842 2668 939 2720 per
972 2662 1190 2721 peccata
1233 2653 1543 2713 vulnerans.
1598 2654 1826 2706 aliorum

248 2742 612 2796 nihilominus
643 2754 851 2796 mentes
878 2743 1182 2797 obtundens
1223 2754 1384 2813 atque
1438 2742 1732 2796 infatuans.
1761 2742 1828 2795 lit

246 2849 349 2888 cur
399 2837 646 2903 superius
708 2850 838 2888 sane
889 2835 1034 2888 illum
1082 2835 1354 2889 diabolum
1396 2833 1657 2903 appellat,
1687 2851 1828 2890 nunc

248 2941 384 2978 vero
411 2925 704 2980 Satanam?
750 2926 1012 2982 Diabolus
1049 2927 1190 2980 enim
1230 2936 1509 2979 accusator
1555 2927 1818 2994 interpre-

250 3025 420 3080 tatur,
442 3014 674 3071 Satanas
712 3032 840 3072 vero
889 3019 1136 3072 resistens
1183 3017 1270 3072 vel
1298 3018 1526 3085 rebellis,
1550 3026 1641 3072 aut
1664 3024 1826 3073 etiam

249 3116 566 3162 contumax.
623 3108 760 3179 Ergo
793 3109 915 3178 quia
956 3111 1202 3179 superius
1232 3109 1446 3164 occulte
1487 3112 1702 3180 quidem
1733 3103 1824 3165 ac-
1855 3149 1897 3208 ο

250 3197 598 3253 cnsavitJob
657 3202 726 3255 ad
775 3202 958 3264 Deum,
1016 3201 1221 3256 idcirco
1255 3203 1506 3271 superius
1558 3202 1824 3256 diabolum

252 3290 407 3343 illum
431 3290 683 3360 appellat,
708 3300 890 3360 utpote
915 3303 1284 3348 accusatorem
1309 3312 1321 3346 :
1344 3309 1484 3348 nunc
1500 3309 1626 3350 vero
1647 3309 1829 3350 rursus

249 3383 338 3450 qui
377 3384 444 3435 ad
473 3383 772 3438 evidentem
809 3385 1210 3438 contumaciam
1252 3385 1397 3439 circa
1429 3384 1528 3439 Job
1564 3386 1827 3454 pervenit,

251 3476 450 3528 merito
482 3472 741 3528 Satanam
780 3476 926 3528 illum
980 3476 1134 3540 dicit,
1171 3485 1356 3545 utpote
1417 3477 1691 3532 rebellem.
1724 3476 1827 3530 Re-

247 3567 470 3636 spcxisti
523 3567 590 3619 ad
619 3583 835 3635 puerum
879 3584 1050 3621 meum
1079 3566 1218 3634 Job,
1270 3585 1302 3623 ο
1337 3567 1518 3624 infelix
1570 3571 1820 3626 diabolo?

249 3661 388 3714 Cum
439 3658 622 3714 dolore
680 3661 896 3725 audisti,
961 3663 1102 3728 quod
1135 3676 1358 3731 puerum
1423 3678 1578 3719 suum
1633 3678 1832 3717 nuncu-

250 3751 402 3818 pavit
438 3753 577 3806 Deus
627 3749 746 3805 Job.
783 3751 945 3805 Dolor
994 3753 1085 3806 tibi
1119 3753 1219 3806 fuit
1265 3753 1377 3808 htee
1410 3768 1514 3807 vox
1570 3757 1831 3808 amaritu-

249 3845 419 3908 dinis,
474 3844 587 3898 lia-.c
635 3842 842 3898 auditio
889 3844 1070 3910 gravis
1098 3843 1194 3897 tibi
1233 3844 1354 3908 fuit,
1384 3844 1472 3900 hic
1520 3845 1724 3900 dictum
1749 3862 1827 3900 va:

251 3935 348 3989 tibi
378 3934 480 3988 fuit
503 3950 598 4005 pro
628 3937 729 3990 hoc
759 3936 1070 3991 testimonio
1091 3937 1234 4005 quod
1259 3946 1550 3992 attestatus
1580 3946 1664 3992 est
1691 3937 1829 3993 Deus

246 4027 374 4089 Job,
414 4027 642 4082 dicens:
680 4027 975 4098 Respexisti
1025 4029 1091 4080 ad
1137 4044 1356 4098 puerum
1389 4045 1560 4083 meum
1585 4027 1731 4084 Job?
1765 4031 1827 4084 Et

252 4131 404 4184 ante,
453 4119 648 4188 inquit,
707 4136 838 4192 puer
891 4135 1042 4176 meus
1072 4120 1172 4176 fuit
1233 4131 1288 4177 et
1335 4137 1478 4182 nunc
1513 4136 1647 4191 puer
1677 4137 1827 4176 mens

253 4225 558 4284 permanet,
585 4227 638 4269 et
672 4225 774 4268 tua:
830 4215 1082 4283 nequitia:
1114 4215 1393 4270 accusatio
1444 4215 1576 4268 nihil
1607 4214 1655 4268 ei
1690 4229 1826 4282 pra:-

253 4308 476 4362 valebit.
510 4306 800 4370 Respexiin
822 4307 890 4358 ad
919 4322 1138 4374 puerum
1172 4321 1342 4360 meum
1381 4304 1482 4360 Job
1505 4307 1530 4358 .9
1561 4307 1827 4377 Snperlus

252 4403 435 4457 dixit:
489 4400 922 4456 Animadvertisti
984 4416 1203 4468 puerum
1267 4415 1437 4454 meum
1487 4397 1628 4452 Job?
1685 4414 1828 4456 nunc

1935 558 2098 616 atque
2134 547 2188 600 in
2217 545 2398 616 fugam
2423 545 2605 608 vertit,
2635 554 2690 599 et
2715 559 2904 600 omnes
2937 546 3156 601 fraudes
3189 546 3310 614 ejus
3344 556 3507 616 atque

1933 638 2247 707 iniquitates
2291 651 2656 707 supervacuas
2703 638 3116 693 demonstravit.
3185 638 3502 708 Respexisti,

1933 731 2136 800 inquit,
2172 732 2239 784 ad
2275 746 2494 796 puerum
2533 748 2706 785 meum
2743 728 2885 785 Job?
2916 731 2995 783 Ad
3044 731 3192 784 illum
3222 733 3509 800 obtempe-

1934 830 2140 876 rantem
2185 835 2412 890 puerum
2443 830 2610 890 atque
2642 835 2855 888 verum,
2912 823 3003 890 qui
3054 836 3345 889 percussus
3397 837 3505 875 non

1931 919 2196 981 discessit,
2259 919 2348 987 qui
2387 931 2558 972 caesus
2587 924 2691 979 est,
2727 925 2780 970 et
2834 929 2942 968 non
3004 914 3243 982 deliquit,
3270 914 3362 982 qui
3409 914 3509 966 tibi

1933 1019 2016 1063 est
2072 1011 2320 1073 traditus,
2357 1019 2412 1062 et
2468 1022 2572 1061 non
2631 1022 2716 1060 me
2779 1006 3082 1074 denegavit,
3126 1006 3216 1072 qui
3251 1021 3278 1057 a
3313 1014 3362 1058 te
3387 1020 3510 1072 pcr-

1929 1115 2123 1154 cussus
2155 1111 2259 1162 est,
2305 1110 2359 1153 et
2413 1099 2542 1152 mihi
2607 1098 2808 1168 gratias
2860 1098 2988 1166 agit.
3054 1094 3238 1158 Istum,
3297 1095 3494 1163 inquit,

1930 1203 2156 1256 puerum
2202 1188 2486 1257 respexisti
2531 1189 2622 1257 qui
2665 1188 2954 1240 adversum
3007 1197 3058 1238 te
3088 1187 3261 1249 stetit,
3298 1194 3353 1238 et
3379 1186 3510 1238 mihi
3556 1224 3563 1241 .

1930 1294 2036 1334 non
2063 1279 2286 1343 restitit,
2322 1281 2410 1348 qui
2440 1280 2726 1333 adversum
2757 1289 2808 1332 te
2845 1277 3147 1340 dimicavit,
3188 1287 3243 1331 et
3275 1292 3359 1331 me
3415 1277 3512 1330 ad-

1931 1371 2126 1436 oravit,
2176 1371 2267 1438 qui
2300 1380 2352 1424 te
2392 1371 2756 1434 conculcavit,
2793 1379 2849 1425 et
2891 1385 2976 1423 me
3022 1384 3127 1423 non
3164 1379 3510 1438 contempsrt,

1931 1461 2022 1529 qui
2051 1470 2103 1514 te
2130 1462 2255 1515 odio
2281 1462 2488 1527 habuit,
2523 1471 2578 1515 et
2606 1476 2692 1514 me
2743 1461 2970 1515 dilexit?
2999 1460 3079 1513 Ad
3119 1463 3284 1523 hunc,
3315 1460 3510 1530 inquit,

1934 1568 2162 1622 puerum
2200 1569 2378 1608 meum
2413 1555 2742 1624 rcspexisti?
2779 1556 2858 1609 Ad
2895 1555 3038 1609 hunc
3071 1555 3156 1608 cui
3215 1556 3409 1609 similis
3458 1556 3511 1608 in

1938 1641 2226 1696 tolerantia
2278 1659 2308 1696 a
2340 1644 2675 1712 temporibus
2707 1644 2840 1698 Abel
2875 1659 2982 1699 non
3029 1643 3170 1697 fuit?
3202 1645 3336 1699 Abel
3365 1647 3510 1699 enim

1933 1736 2250 1788 cumsemel
2305 1737 2604 1790 sustineret
2657 1736 3112 1801 internecionem,
3149 1738 3401 1792 transivit
3457 1747 3513 1791 et

1861 1811 1900 1865 Β
1933 1827 2216 1895 requievit.
2276 1825 2378 1880 Job
2409 1842 2542 1882 vero
2591 1844 2712 1882 cum
2771 1829 3008 1897 plurimo
3045 1838 3287 1898 tempore
3345 1830 3512 1883 susti~

1931 1929 2102 1984 neret,
2164 1920 2364 1974 diutius
2418 1929 2594 1974 morte
2623 1918 2848 1974 aﬂ‘ectus
2895 1929 3000 1985 est,
3041 1929 3096 1974 et
3146 1920 3513 1988 multipliciter

1929 2010 2208 2065 doloribus
2246 1999 2509 2064 multatus
2539 2020 2700 2080 atque
2752 2011 3004 2065 alllictus.
3034 2010 3090 2064 ln
3122 2027 3230 2081 quo
3263 2025 3510 2081 apparet,

1929 2101 2124 2169 inquit,
2176 2104 2320 2171 quod
2375 2117 2480 2156 non
2543 2112 2627 2157 est
2657 2101 2732 2156 illi
2783 2103 2978 2158 similis
3021 2105 3181 2159 homo
3211 2119 3373 2170 super
3399 2114 3512 2158 ter-

1933 2207 2066 2245 ram.
2089 2193 2365 2246 Abraham
2396 2208 2499 2246 non
2527 2202 2634 2257 est,
2692 2192 3053 2249 Melchisedec
3086 2197 3385 2250 translatus
3405 2205 3510 2258 est,

1928 2281 2040 2338 Noe
2071 2285 2357 2352 requievit,
2389 2285 2573 2338 Euoch
2603 2284 2853 2339 elevatus
2885 2300 2986 2350 eSt,
3024 2286 3158 2340 Abel
3200 2298 3512 2358 assumptus

1927 2383 2031 2428 est.
2067 2373 2273 2428 Meritis
2343 2391 2446 2429 non
2477 2385 2560 2430 est
2608 2376 2684 2429 illi
2750 2377 2943 2432 similis
2972 2377 3114 2432 alius
3148 2379 3309 2432 homo
3350 2395 3515 2447 super

1932 2475 2162 2520 terram.
2226 2465 2306 2518 Ex
2358 2467 2442 2521 his
2476 2467 2567 2536 qui
2628 2468 2786 2522 modo
2819 2469 3030 2534 vivunt,
3084 2485 3186 2522 non
3213 2479 3297 2524 est
3333 2470 3408 2523 illi
3439 2472 3512 2524 si-

1932 2557 2072 2611 milis
2101 2572 2264 2627 super
2291 2569 2518 2612 terrarn.
2546 2557 2768 2613 Intende
2793 2559 2920 2626 quia
2959 2575 3065 2615 non
3098 2560 3252 2624 dicit,
3285 2577 3394 2616 non
3431 2575 3515 2616 est

1929 2649 2004 2704 illi
2057 2649 2252 2705 similis
2300 2664 2462 2718 super
2514 2659 2714 2705 terram
2775 2664 2843 2703 ex
2899 2649 2966 2704 iis
2991 2651 3084 2718 qui
3142 2650 3380 2715 fuerunt,
3427 2654 3511 2706 vel

1929 2753 2110 2806 erunt,
2151 2757 2272 2795 nam
2313 2752 2432 2811 post
2461 2743 2566 2796 hoc
2590 2742 2692 2795 fuit
2713 2741 2974 2808 Joannes,
3010 2757 3120 2811 quo
3159 2743 3334 2811 major
3369 2745 3513 2800 inter

1931 2842 2086 2888 natos
2145 2833 2434 2888 mulierum
2479 2849 2584 2888 non
2639 2832 2762 2886 fuit.
2811 2833 3004 2888 Merito
3045 2834 3115 2889 de
3157 2835 3225 2889 iis
3253 2837 3346 2905 qui
3386 2847 3513 2892 tunc

1928 2925 2161 2992 fuerunt,
2189 2926 2320 2980 dicit
2349 2943 2361 2979 :
2397 2924 2521 2979 Non
2548 2936 2623 2980 est
2654 2926 2847 2978 similis
2899 2925 2981 2978 illi
3011 2927 3152 2981 alius
3191 2944 3256 2981 ea:-
3287 2930 3368 2982 his
3419 2932 3509 3000 qui

1927 3025 2049 3071 sunt
2079 3033 2234 3085 super
2267 3029 2459 3070 terram
2490 3018 2560 3070 ⁷³.
2587 3019 2668 3071 Ac
2702 3018 2746 3071 si
2784 3022 3028 3073 diceret:
3057 3018 3136 3073 Ex
3160 3021 3245 3075 his
3274 3023 3511 3090 quisunt

1929 3122 2099 3178 Super
2147 3118 2347 3162 terram
2400 3109 2741 3179 temporibus
2787 3109 2926 3177 ejus,
2961 3111 3013 3164 in
3071 3112 3262 3168 diebus
3291 3113 3426 3181 ejus,
3455 3116 3509 3169 in

1935 3200 2042 3256 vita
2069 3198 2230 3264 illius,
2277 3209 2491 3254 nonest
2534 3201 2673 3255 alius
2709 3203 2905 3257 similis
2960 3202 3038 3256 illi
3072 3204 3124 3257 in
3171 3205 3406 3273 justitia,
3457 3207 3510 3261 in

1931 3292 2058 3357 fide,
2100 3291 2156 3346 in
2179 3292 2397 3361 pietate,
2425 3292 2476 3345 in
2507 3294 2816 3358 tolerantia,
2844 3296 2895 3348 iu
2929 3299 3266 3364 constantia,
3301 3300 3356 3354 in
3386 3317 3511 3369 gra‘

1939 3385 2133 3438 tiarum
2162 3384 2487 3450 actionibus,
2529 3385 2580 3437 in
2614 3387 2995 3440 misericordia
3044 3399 3210 3457 atque
3244 3392 3296 3443 in
3332 3391 3516 3445 omni-

1931 3475 2031 3531 bus
2087 3477 2398 3541 virtutibus,
2457 3493 2562 3530 non
2596 3486 2678 3530 est
2737 3478 2873 3531 alius
2908 3479 3070 3533 homo
3126 3481 3320 3535 similis
3351 3482 3424 3535 illi
3457 3484 3513 3537 in

1933 3577 2112 3621 terris.
2132 3568 2264 3634 Quis
2302 3568 2444 3622 alius
2477 3579 2602 3621 ante
2628 3583 2777 3630 eum,
2806 3569 2888 3622 vel
2923 3581 3047 3637 post
3069 3585 3192 3622 eum
3228 3569 3355 3625 talia
3386 3588 3512 3627 sus-

1935 3660 2114 3728 tinuit,
2173 3670 2227 3714 et
2281 3661 2556 3714 sustinens
2622 3662 2921 3730 gratiarum
2978 3662 3230 3714 actiones
3298 3676 3511 3716 recom-

1932 3751 2182 3822 pensavit
2245 3767 2342 3822 pro
2410 3751 2920 3810 vehementioribus
3001 3751 3276 3808 doloribus
3349 3763 3513 3823 atque

1931 3843 2290 3896 amarissimis
2344 3844 2562 3914 poenis?
2629 3843 2762 3910 Quis
2817 3845 3029 3898 exstitit
3065 3845 3367 3904 tolerantiae
3409 3845 3513 3901 Job

1931 3934 2149 3987 forma?
2196 3933 2412 3990 Nullus.
2467 3935 2740 3991 Abraham
2791 3937 2934 3991 enim
3005 3936 3171 3990 filium
3231 3939 3512 3994 immolare

1929 4037 2230 4097 prmceptus
2259 4038 2361 4092 est,
2387 4030 2482 4083 sed
2515 4029 2766 4097 protinus
2801 4029 3092 4086 identidem
3148 4031 3328 4085 vivum
3357 4033 3507 4087 illum

1929 4120 2207 4191 suscepit,
2289 4133 2446 4190 quem
2501 4131 2838 4178 mactaturus
2915 4132 3077 4192 atque
3128 4124 3509 4179 immolaturus

1931 4211 2130 4266 fuerat.
2190 4209 2291 4266 Job
2335 4227 2463 4266 vero
2489 4229 2592 4266 non
2647 4213 2744 4279 ita,
2774 4216 2867 4270 sed
2927 4225 3163 4284 repente,
3194 4217 3396 4281 subito,
3425 4220 3508 4272 in-

1927 4314 2142 4372 sperate
2188 4315 2392 4374 septem
2443 4305 2584 4360 lllios
2649 4317 2705 4360 et
2757 4316 2869 4361 tres
2918 4307 3057 4376 tilias
3110 4307 3268 4362 sitnul
3309 4310 3510 4376 pariter

1929 4405 2194 4462 mortuos,
2221 4407 2275 4451 et
2311 4413 2586 4466 nunquam
2621 4401 3015 4455 revrviscentes
3032 4400 3239 4452 audivit
3263 4411 3317 4453 et
3341 4402 3508 4454 vidit:

255 4509 399 4558 vero,
461 4492 756 4561 Respexisti
809 4494 876 4548 ad
905 4509 1124 4562 puerum
1160 4507 1329 4546 meum
1392 4490 1488 4547 Iob
1513 4491 1538 4543 Ρ
1564 4491 1641 4546 Ac
1676 4492 1720 4544 si
1746 4491 1827 4544 di-
1853 4494 1903 4554 D
1930 4490 2022 4543 sed
2056 4488 2189 4543 fides
2235 4503 2299 4543 ex
2356 4503 2421 4544 eo
2450 4500 2664 4544 mortua
2731 4508 2833 4545 non
2868 4501 2972 4556 est,
3008 4508 3184 4561 neque
3225 4494 3508 4564 patientia,

253 4597 434 4642 ceret:
469 4586 676 4652 vidisti,
737 4585 1001 4656 probasti,
1065 4595 1246 4639 certus
1301 4598 1380 4650 es,
1409 4583 1534 4653 quia
1579 4592 1630 4636 et
1660 4591 1819 4636 antea

254 4694 446 4734 servus
496 4695 648 4735 meus
713 4679 914 4746 fuerit:
957 4690 1012 4734 et
1070 4693 1213 4734 nunc
1264 4692 1454 4733 servus
1509 4692 1657 4732 meus
1694 4692 1820 4746 per-

256 4781 457 4836 manet,
482 4781 537 4824 et
568 4787 597 4824 a
639 4786 777 4836 mea,
813 4772 1024 4842 inquit,
1052 4771 1310 4826 servitute
1345 4785 1624 4838 nunquam
1663 4771 1818 4839 fugit,

259 4878 352 4916 nec
383 4860 573 4932 fugiet.
608 4862 674 4915 Et
705 4863 840 4931 ipse,
866 4861 1062 4930 inquit,
1093 4862 1249 4915 testis
1277 4876 1418 4923 sum,
1445 4860 1687 4927 etangeli
1716 4860 1816 4913 mei

257 4953 551 5019 auditores,
577 4954 668 5020 qui
701 4954 753 5004 in
778 4965 1075 5022 conspectu
1122 4967 1239 5006 meo
1278 4951 1573 5013 venientes.
1620 4961 1674 5006 et
1715 4949 1817 5004 Job

260 5046 599 5102 tolerantiam
653 5045 912 5100 mirantes
959 5044 1252 5098 dixerunt:
1301 5059 1552 5112 magnum
1585 5043 1822 5096 miracu-

259 5137 362 5190 lmn
413 5135 648 5192 vidimus
692 5137 832 5191 inter
899 5137 1158 5197 homines,
1217 5150 1250 5188 ο
1293 5134 1546 5188 terribilis
1597 5132 1825 5188 Creator

258 5231 516 5293 omnium,
576 5229 746 5284 nimio
796 5238 1013 5297 stupore
1043 5228 1288 5296 dignum,
1319 5241 1352 5280 ο
1401 5234 1600 5280 atterite
1625 5224 1824 5278 ltector

260 5324 655 5376 universorum.
698 5320 846 5375 Unus
905 5330 1151 5374 terrenus
1202 5319 1362 5372 homo
1413 5318 1479 5371 de
1532 5315 1657 5368 limo
1705 5316 1820 5383 pla-

259 5425 459 5468 smatus
477 5414 677 5468 nostris
701 5411 1097 5466 immortalibus
1120 5409 1429 5478 angelorum
1454 5408 1632 5462 choris
1657 5406 1822 5462 multo

259 5505 499 5570 inferior,
554 5505 705 5558 illum
736 5504 830 5573 qui
877 5519 941 5558 ex
1001 5499 1394 5556 immortalibus
1426 5500 1704 5555 cherubim
1741 5501 1823 5554 of-

264 5601 390 5656 liciis
450 5601 648 5656 cecidit
702 5609 862 5667 atque
913 5597 1188 5667 projectus
1220 5604 1301 5650 est
1361 5594 1654 5660 diabolum,
1706 5595 1816 5650 sola

1931 4597 2104 4650 neque
2145 4583 2443 4652 gratiarum
2475 4584 2640 4648 actio,
2688 4600 2866 4652 neque
2926 4586 3140 4640 dilectio
3189 4603 3350 4654 quam
3382 4605 3510 4657 erga

1926 4672 2094 4729 Deum
2125 4674 2334 4729 habuit.
2356 4676 2461 4728 Sed
2490 4677 2955 4745 quemadmodum
2981 4694 3173 4732 aurum
3203 4695 3298 4746 per
3331 4681 3508 4747 ignem

1931 4765 2200 4820 transiens
2227 4766 2561 4835 splendidius
2589 4779 2751 4838 atque
2784 4770 3070 4840 gloriosius
3123 4769 3385 4833 efficitur,
3433 4772 3507 4823 ita

1926 4855 2102 4912 etJob
2153 4860 2512 4912 teutationum
2573 4861 2750 4930 ignem
2782 4864 3070 4928 transiens,
3119 4862 3322 4916 clarior
3345 4873 3508 4930 atque

1929 4952 2039 5006 Deo
2091 4953 2378 5019 pretiosior
2453 4963 2618 5022 atque
2673 4955 3059 5022 acceptabilior
3124 4957 3507 5022 comprobatus

1927 5055 2032 5098 est.
2070 5045 2271 5099 ‘lllerito
2322 5060 2452 5113 ergo
2485 5046 2615 5098 dicit
2651 5063 2664 5100 :
2707 5043 2830 5099 Non
2883 5056 2957 5098 est
3015 5046 3202 5098 similis
3241 5047 3319 5099 illi
3349 5063 3507 5115 super

1926 5145 2146 5188 terram.
2180 5135 2394 5205 Fulget,
2428 5137 2620 5205 inquit,
2653 5147 2905 5206 tanquam
2941 5138 3019 5192 sol
3057 5139 3286 5192 veritate
3316 5155 3379 5193 ac
3411 5155 3505 5209 pa-

1929 5228 2140 5293 tientia,
2201 5228 2409 5283 relucet
2438 5230 2539 5282 lide
2588 5239 2641 5282 et
2679 5229 2965 5293 tolerantia
3022 5229 3162 5284 velut
3191 5231 3310 5285 coeli
3350 5231 3506 5284 lumi-

1928 5319 2101 5372 naria.
2131 5318 2210 5374 Ob
2267 5320 2368 5374 hoc
2398 5337 2501 5373 non
2553 5331 2635 5374 est
2677 5320 2869 5375 similis
2901 5321 2982 5374 illi
3038 5322 3177 5376 alius
3205 5337 3366 5392 super
3393 5333 3503 5377 ter-

1932 5427 2068 5477 ram,
2115 5415 2300 5467 firmus
2325 5423 2382 5465 ut
2436 5413 2593 5482 lapis,
2631 5423 2687 5467 nt
2739 5413 3147 5467 fundamentum
3187 5415 3500 5479 immobilis,

1934 5516 2182 5574 tanquam
2217 5506 2441 5559 adamas
2495 5506 2937 5560 incomminutus.
3001 5506 3121 5559 Non
3183 5516 3256 5558 est
3311 5506 3500 5558 similia

1929 5597 2009 5649 illi
2062 5614 2126 5652 ea:
2175 5599 2248 5652 his
2279 5599 2368 5668 qui
2398 5611 2515 5652 sunt
2572 5598 2624 5653 in
2654 5601 2830 5653 terris.
2875 5599 3003 5654 Sine
3049 5600 3281 5669 querela,
3308 5609 3500 5667 ntpote
