3992 6312
468 300 576 366 435

1574 294 1960 366 ANONYMUS
1986 308 2054 363 lN
2088 297 2227 366 ton.
2265 338 2333 350 .-
2372 304 2499 365 LIB.
2545 307 2613 365 tt.

3670 304 3769 369 456

470 444 573 486 nec
596 429 664 484 ab
693 427 924 500 angelis,
955 442 1057 485 nec
1080 428 1149 484 ab
1173 426 1484 484 hominibus
1523 428 1576 484 in
1602 428 1713 485 ullo
1758 440 1843 484 est
1870 443 2053 498 repru-
2081 434 2125 489 Α
2155 428 2505 499 simplicitate
2534 442 2738 500 :super
2759 429 2873 484 lucc
2930 429 3205 484 universa
3250 440 3385 497 qua:
3418 427 3699 499 ingessisti
3724 434 3771 486 ei

473 523 702 579 bensus.
733 522 948 590 Justus,
982 533 1165 591 utpote
1190 523 1339 591 justo
1369 521 1461 577 Dei
1474 522 1682 588 judicio
1710 523 1893 605 justus
1910 540 2047 578 com-

472 618 756 687 probatus.
791 615 971 679 Verus,
991 624 1175 685 utpote
1196 628 1300 669 nec
1317 614 1370 667 in
1384 613 1573 679 verbo,
1591 629 1692 669 nec
1705 614 1758 668 in
1781 614 1943 679 facto,
1964 628 2053 669 ne-

473 726 581 779 que
595 711 648 765 in
665 726 883 780 magno,
898 724 1070 778 neque
1086 709 1142 763 in
1162 709 1625 765 minimofalsisati
1639 709 2048 779 approximans,

475 818 651 873 neque
676 816 958 859 mettOnCIO
1002 816 1440 858 communicaris.
1478 801 1571 855 Dei
1622 801 1814 866 cultor,
1863 809 2051 869 utpote

478 910 584 950 non
634 894 914 950 oberranti
973 892 1140 947 animi
1217 892 1558 948 conscientia
1639 907 1808 946 unum
1866 892 2050 947 colens

475 987 934 1055 Omnipoteutem,
986 984 1228 1039 omnium
1281 983 1617 1045 Creatorem,
1655 983 1870 1037 Patrem
1919 982 2048 1038 Jesu

471 1079 698 1134 Christi.
757 1076 1035 1132 Abstinens
1060 1093 1112 1131 se
1140 1076 1202 1130 ab
1228 1076 1471 1129 omnibus
1518 1076 1763 1143 operibus
1787 1075 1969 1137 malis,
1999 1083 2055 1129 et

472 1181 661 1236 antea,
694 1179 751 1225 et
809 1184 974 1233 nunc,
1029 1162 1098 1224 ab
1128 1168 1284 1222 initio
1334 1177 1388 1223 et
1424 1182 1597 1236 usque.
1638 1168 1689 1222 in
1718 1166 1904 1223 tinctu.
1931 1165 2050 1221 Non

466 1264 642 1325 etaim,
702 1278 800 1318 nec
845 1270 1003 1316 antea
1050 1259 1370 1315 factitatum
1435 1259 1807 1324 abundantia,
1873 1273 2050 1328 neque

472 1371 615 1411 nunc
651 1357 916 1409 lituorum
941 1352 1175 1424 perditio
1207 1352 1275 1408 ad
1298 1350 1441 1406 mala
1458 1366 1587 1406 eum
1606 1351 2046 1407 declinaverunt.

472 1446 651 1519 Super
684 1449 801 1502 istnc
849 1446 1029 1500 omnia
1054 1444 1271 1514 quidem
1329 1459 1543 1499 summo
1590 1444 1850 1514 singulari
1889 1454 2052 1511 atque

472 1536 710 1592 mirabili
765 1536 924 1590 modo
980 1546 1315 1603 perseverans
1378 1532 1438 1585 in
1497 1531 1851 1599 sintplicitate.
1913 1529 2051 1585 Cum

472 1637 644 1690 tanta,
677 1627 871 1694 inquit,
901 1640 934 1680 a
966 1633 1015 1678 te
1039 1623 1383 1687 sustinuerit,
1406 1637 1532 1677 cum
1554 1630 1703 1675 tanta
1731 1636 1759 1673 a
1783 1626 1835 1675 te
1861 1635 2053 1689 passus

472 1717 657 1780 fuerit,
697 1724 842 1771 tanta
893 1729 961 1769 ex
994 1723 1084 1768 tua
1140 1712 1347 1767 malitia
1391 1710 1813 1782 supportaverit,
1862 1709 2050 1764 Ad‘huc

2153 524 2468 584 perseverat
2492 516 2545 569 in
2571 516 2947 585 simplicitate.
2975 517 3038 572 Et
3064 518 3229 587 quis,
3272 516 3487 586 inquit,
3522 529 3645 587 post
3673 520 3775 574 hoc

2151 622 2217 662 ex
2247 608 2330 662 bis
2386 607 2480 676 qui
2538 608 2832 670 audierint.
2889 610 2969 665 vel
3002 609 3381 681 agnoverint,
3440 625 3550 662 non
3577 626 3665 666 me
3695 627 3777 667 re-

2153 699 2475 769 prehendat,
2505 700 2596 770 qui
2636 710 2842 756 tantum
2884 704 3108 772 permisi
3158 712 3277 758 tua:
3326 703 3655 758 crudelitati
3685 710 3778 762 ad-

2152 802 2344 848 versus
2390 790 2597 861 justum
2650 793 2800 848 illum
2860 794 3180 865 insurgere,
3227 803 3290 849 et
3344 795 3423 850 ita
3480 796 3774 853 immiseri-

2154 885 2391 939 corditer
2445 885 2787 940 innocentem
2843 889 3079 942 vexare?
3137 888 3283 943 Post
3352 902 3483 956 quia:
3520 890 3775 945 universa

2155 988 2463 1047 perseverat
2489 979 2543 1034 in
2569 979 2938 1047 simplicitate.
2966 980 3129 1046 Ec‘ce,
3185 981 3407 1050 inquit,
3472 991 3634 1037 antea
3660 983 3777 1039 lau-s

2154 1070 2275 1125 davi
2312 1069 2606 1126 testiﬁcaris
2656 1072 2755 1127 tibi
2822 1072 2947 1141 quis
2995 1072 3167 1127 fuerit
3217 1070 3369 1141 Job,
3446 1089 3581 1130 ecce
3635 1092 3779 1134 nunc

2154 1163 2349 1231 adjicio
2404 1172 2567 1232 super
2611 1165 2823 1220 laudem
2861 1167 2997 1236 ejus,
3044 1168 3252 1222 dicens
3287 1182 3303 1220 :
3352 1162 3679 1222 Perseverat
3720 1171 3776 1226 in

2150 1255 2503 1324 simplicitate.
2548 1252 2894 1326 Persei-erat,
2921 1261 3017 1327 ait,
3049 1262 3101 1315 id
3124 1269 3244 1328 est,
3277 1271 3600 1329 exspectat.
3636 1265 3774 1332 Quid

2154 1360 2284 1416 ergo
2331 1348 2648 1415 exspectat?
2711 1332 3034 1405 ri‘olerantiae
3082 1355 3640 1419 remunerationem,
3681 1371 3775 1410 ex-

2155 1446 2361 1506 spectat
2388 1453 2621 1494 coronas
2658 1440 3001 1499 innocentite.
3052 1444 3156 1499 Aut
3226 1444 3424 1499 adhuc
3463 1458 3769 1515 exspectat,

2157 1530 2348 1599 inquit.
2384 1530 2546 1599 Quid,
2582 1531 3117 1605 inquit,exspectati
3174 1535 3282 1603 Te,
3320 1538 3428 1600 ait,
3465 1540 3760 1610 exspectat

2154 1621 2444 1688 odiabole,
2512 1633 2769 1694 tanquam
2826 1627 2999 1682 audax
3053 1628 3460 1698 belligerator,
3513 1639 3766 1703 tanquat:

2159 1712 2641 1770 constantissimus
2666 1716 2965 1785 prteliator,
2999 1726 3273 1788 tanquam
3301 1721 3654 1778 admirabilis
3682 1724 3762 1778 vir

470 1817 763 1879 perseverat
793 1809 847 1862 in
873 1806 1233 1875 simplicitate.
1286 1802 1491 1859 Omnes
1531 1804 1625 1873 qui
1681 1803 1734 1856 in
1776 1801 2049 1856 doloribus
2081 1784 2122 1839 Β
2153 1800 2331 1861 fortis.
2360 1806 2450 1860 Sic
2478 1784 2794 1877 itaquerait.
2835 1784 3138 1879 exspectat,
3204 1826 3322 1866 non
3363 1811 3584 1866 dubitat
3617 1831 3630 1867 ε
3658 1830 3763 1869 non

470 1914 526 1957 et
564 1903 619 1958 in
650 1901 936 1957 tormentis
987 1908 1151 1969 atque
1183 1898 1236 1952 in
1286 1895 1631 1968 passionibus
1668 1893 1889 1958 fuerint,
1919 1894 2051 1963 ipsis

472 1992 749 2047 doloribus
772 1988 1121 2045 examarlcati
1161 1995 1327 2057 atque
1351 1986 1692 2057 exaggerati,
1723 1986 2049 2049 amariores,

471 2094 528 2138 et
559 2082 819 2138 noxiores
840 2091 1005 2148 atque
1036 2078 1246 2148 pejores
1282 2077 1617 2133 efﬁciuntur.
1673 2076 1780 2133 Sed
1822 2084 1929 2131 non
1976 2077 2049 2132 ita

471 2187 575 2239 est,
612 2176 815 2244 inquit,
872 2172 1354 2228 constantissimus
1409 2170 1535 2235 Job,
1574 2169 1669 2226 sed
1721 2170 1797 2226 ita
1826 2174 1935 2227 no'n
1966 2181 2051 2227 est

470 2268 809 2324 admirabilis
865 2267 956 2324 ille
988 2268 1094 2332 vir,
1138 2265 1235 2322 sed
1266 2266 1448 2321 adhuc
1494 2274 1816 2337 perseverat
1842 2265 1896 2319 in
1918 2264 2051 2319 sim.

470 2364 732 2434 plicitate.
760 2364 838 2417 Ac
860 2361 904 2416 si
939 2361 1167 2425 diceret,
1206 2359 1388 2414 adhuc
1444 2360 1790 2415 innocentior
1831 2358 1884 2412 in
1918 2358 2051 2428 ipsis

470 2456 745 2511 doloribus
801 2463 1114 2522 perseverat
1150 2491 1166 2518 ,
1207 2451 1387 2505 adhuc
1441 2450 1830 2520 longanimlor,
1870 2451 2051 2506 adlmc

470 2549 789 2610 modestior,
822 2544 1001 2600 adhuc
1051 2543 1360 2612 benignior,
1392 2542 1572 2595 adhuc
1607 2541 1833 2612 justior,
1874 2541 2051 2596 adhuc

468 2640 736 2696 sincerior
760 2640 906 2693 circa
931 2638 1121 2691 Deum.
1146 2634 1419 2702 Quantum
1447 2636 1620 2699 enim,
1666 2634 1864 2701 inquit,
1904 2642 1984 2701 tu,
2014 2649 2050 2689 ο

469 2730 720 2795 diabole,
752 2728 1112 2797 augmentasti
1160 2727 1208 2781 ei
1241 2727 1403 2794 mala,
1461 2735 1669 2780 tantum
1720 2725 1827 2781 Job
1853 2726 2052 2796 adjecit

469 2824 535 2877 ad
572 2823 938 2878 innocentiam
976 2843 988 2875 :
1021 2821 1205 2876 Adhuc
1229 2836 1567 2890 perseverans
1590 2822 1648 2875 in
1671 2821 2045 2889 simplicitate.

468 2917 678 2979 Adhuc,
730 2915 927 2984 inquit,
982 2929 1048 2970 ac
1095 2914 1138 2969 si
1189 2914 1390 2969 diceret
1431 2931 1446 2969 :
1489 2912 1665 2983 Super
1696 2914 1880 2969 omnia
1934 2928 2051 2984 quae

469 3008 519 3061 ei
573 3004 770 3070 fecisti,
834 3019 999 3075 super
1033 3005 1217 3060 omnia
1278 3019 1399 3073 quae
1454 3005 1503 3058 ei
1549 3004 2053 3071 ostendisti,slper

468 3097 651 3150 omnia
710 3095 912 3165 quibus
941 3111 1067 3151 eum
1114 3094 1376 3161 alllixistt,
1410 3110 1574 3166 super
1620 3098 1804 3151 omnia
1834 3096 1949 3151 haec
1970 3097 2051 3150 vi-
2077 3137 2120 3194 Ε

470 3186 668 3242 delicet
690 3186 869 3241 adhuc
893 3196 1212 3256 perseverat
1232 3188 1283 3240 in
1320 3185 1692 3255 simplicitate.
1735 3186 1791 3241 in
1842 3201 2048 3256 praece-

470 3276 726 3332 dentibus
748 3275 1005 3332 laudatur
1033 3274 1134 3331 Job
1164 3291 1195 3330 a
1228 3275 1357 3335 Deo,
1381 3286 1566 3347 utpote
1580 3278 1760 3346 justus
1785 3292 1851 3332 ac
1885 3291 2048 3333 verax

468 3366 566 3422 Dei
594 3367 974 3423 cultormuac
1000 3384 1139 3423 vero
1172 3368 1369 3435 adjecit
1428 3368 1532 3423 illis
1563 3368 1700 3423 Betis
1732 3384 1895 3437 super
1917 3369 2056 3423 banc

470 3459 708 3525 laudem,
743 3459 977 3515 dicens:
1025 3456 1376 3514 Perseverans
1429 3459 1487 3513 in
1547 3458 1887 3527 simplicitate
1932 3476 2053 3513 me.

468 3551 614 3608 lictis
670 3566 736 3608 ae
770 3552 950 3622 digne.
1004 3550 1203 3622 Figura
1257 3552 1402 3606 enim
1474 3550 1574 3606 fuit
1615 3565 1804 3606 θοι-ιω]
1863 3552 1954 3621 qui
1998 3554 2056 3606 ia

468 3660 608 3701 nova
632 3644 808 3714 gratia
856 3643 1044 3700 ornnia
1075 3644 1126 3698 iu
1151 3643 1501 3713 simplicitate
1532 3645 1869 3698 transierunt
1893 3655 2057 3713 atque

470 3737 865 3797 sustinuerunt,
896 3734 1025 3788 nulli
1066 3734 1270 3788 malum
1325 3751 1425 3805 pro
1451 3736 1594 3790 tnalo
1622 3736 1932 3800 neddentes,
1964 3736 2057 3792 sed

471 3836 801 3896 praeeptum
830 3827 1044 3880 Domini
1089 3827 1468 3895 adimpleutes,
1520 3829 1753 3883 dicentis
1784 3846 1800 3882 :
1836 3827 2058 3898 Diligite

472 3912 710 3965 inimicos
741 3925 931 3965 uestros
952 3914 1020 3978 ",
1038 3922 1121 3968 et:
1147 3912 1445 3970 Benedicite
1473 3918 1547 3972 eis
1569 3918 1660 3986 qui
1687 3916 2058 3972 maledixerisst

476 4004 617 4057 vobis
645 4004 712 4066 7*,
748 4014 802 4057 et
832 4022 844 4057 :
884 4003 1093 4057 Valenti
1136 4005 1347 4075 auferre
1391 4007 1615 4074 pallium
1648 4018 1820 4073 tuum,
1848 4011 2060 4064 dimitte

475 4100 524 4153 ei
547 4110 596 4154 et
629 4101 863 4153 tunicam
893 4099 960 4152 ⁷⁵.
991 4098 1194 4156 ﬂorum
1217 4114 1449 4168 namque
1491 4104 1730 4157 omnium
1758 4114 1938 4174 typum
1965 4117 2060 4175 ge-

478 4207 603 4246 rens
631 4194 819 4246 beatus
842 4190 968 4258 Job,
1002 4208 1126 4248 cum
1165 4193 1270 4247 hoc
1297 4195 1441 4262 quod
1480 4194 1532 4247 in
1564 4195 1919 4264 simplicitate
1938 4211 2060 4265 per.

477 4285 746 4339 severavit
771 4294 933 4353 atque
948 4295 1147 4343 cuncta
1166 4287 1445 4347 sustinuit.
1471 4301 1596 4340 cum
1621 4286 1722 4340 hoc
1750 4287 1867 4355 ipso
1890 4288 2057 4347 etiam

476 4378 743 4432 auferenti
788 4377 1009 4447 pallium
1064 4393 1243 4445 suum,
1275 4370 1376 4434 hoc
1430 4389 1514 4432 est
1543 4393 1761 4432 omnem
1798 4380 2062 4434 substan-

2154 1905 2303 1967 terga
2335 1897 2503 1961 dedit,
2568 1897 2663 1952 sed
2694 1899 2875 1953 adhuc
2932 1908 3247 1969 aspectat.
3297 1900 3527 1966 Adhuc,
3573 1902 3765 1971 inquit,

2150 1998 2430 2058 exspectat
2456 2001 2519 2044 ut
2565 1999 2618 2045 te
2649 2002 2870 2059 superet
2908 2003 3079 2063 atque
3120 1994 3424 2057 devincat,
3480 1996 3764 2053 conculcet

2144 2092 2312 2152 atque
2350 2083 2622 2148 humiliet,
2657 2094 2712 2140 et
2735 2086 3047 2141 omnimodo
3098 2086 3392 2156 dejectum
3429 2096 3599 2156 atque
3626 2102 3756 2143 con-

2152 2174 2327 2231 lusum
2369 2176 2725 2231 demonstret.
2782 2176 2914 2232 Cum
2980 2178 3142 2233 talem
3198 2194 3345 2249 ergo
3384 2178 3617 2235 noveris
3642 2192 3760 2235 esse

2148 2264 2274 2329 Job,
2311 2275 2367 2321 et
2401 2267 2473 2322 ita
2529 2277 2780 2338 prompte
2807 2280 2858 2324 te
2885 2281 3313 2340 exspectantem
3361 2274 3431 2325 ad
3458 2273 3757 2326 secundam

2149 2356 2612 2425 congressionem,
2651 2358 2695 2413 si
2748 2359 2936 2424 audes,
2993 2363 3355 2432 approxima,
3408 2363 3612 2433 incipe,
3667 2379 3756 2433 ap-

2150 2452 2463 2518 prehende,
2522 2462 2772 2523 paratum
2842 2454 3091 2511 invenies
3181 2466 3237 2511 te
3315 2465 3753 2525 exspectantem.

2149 2538 2360 2601 Adhuc,
2390 2540 2589 2609 inquit,
2616 2552 2897 2611 exspectat
2928 2544 2979 2597 in
3001 2545 3373 2614 simplicitate
3418 2564 3433 2603 :
3470 2554 3525 2599 tu
3575 2554 3754 2599 autem

2152 2640 2350 2686 terram
2403 2634 2621 2697 circuis,
2649 2645 2703 2688 et
2754 2651 2814 2688 ea
2839 2648 2959 2704 quae
2985 2639 3084 2692 sub
3117 2638 3267 2694 coelo
3315 2648 3452 2693 sunt
3480 2647 3757 2708 peragras,

2152 2732 2209 2775 ut
2231 2722 2373 2777 idola
2398 2723 2617 2786 laudas,
2648 2736 2710 2781 ut
2736 2729 3058 2782 adulterium
3106 2734 3432 2799 germines,
3477 2739 3538 2783 ut
3585 2729 3748 2784 homi-

2149 2813 2351 2867 cidium
2380 2814 2729 2885 multiplices,
2756 2830 2816 2873 ut
2858 2821 3173 2890 sanguinem
3195 2819 3493 2883 eﬂ’undas,
3527 2829 3585 2873 ut
3613 2827 3753 2874 artes

2155 2906 2411 2974 magicas,
2454 2917 2510 2963 et
2553 2912 2801 2981 auguria,
2854 2921 2907 2966 et
2962 2912 3347 2968 divinationes
3392 2922 3564 2983 atque
3591 2911 3752 2966 male-

2151 2996 2272 3052 ﬁcia
2331 2999 2679 3065 dissemiues,
2742 3012 2802 3056 ut
2866 3004 3236 3059 inlldelitatem
3294 3007 3519 3069 doceas,
3569 3014 3627 3058 ut
3664 3003 3751 3058 Dei

2156 3087 2486 3159 blasphemia
2524 3103 2689 3163 atque
2712 3096 2970 3151 omnibus
2996 3098 3175 3161 malis,
3236 3112 3314 3151 ea
3346 3111 3473 3166 qua
3501 3098 3749 3153 sunt‘snb

2152 3179 2293 3232 C(BIO
2321 3181 2552 3248 repleas,
2572 3191 2633 3235 ut
2656 3193 2839 3240 castos
2874 3185 2958 3241 vel
2973 3197 3156 3243 castas
3184 3188 3432 3257 polluas,
3467 3189 3656 3257 utpios
3684 3188 3747 3241 ad

2150 3270 2482 3337 impietatem
2506 3273 2767 3339 declines,
2807 3287 2865 3331 ut
2887 3276 3045 3346 justis
3065 3281 3350 3336 molestias
3379 3291 3546 3351 atque
3578 3278 3743 3334 tribu-

2154 3361 2386 3416 lationes
2438 3365 2688 3422 suscites.
2728 3366 2834 3423 Pro
2892 3370 2998 3435 his,
3050 3371 3244 3440 inquit,
3282 3374 3549 3428 omnibus
3593 3378 3672 3435 tu,
3711 3384 3747 3425 ο

2158 3453 2389 3520 diabole,
2447 3464 2645 3511 terram
2697 3459 2919 3526 eircuis,
2952 3471 3010 3517 et
3037 3477 3101 3517 ea
3134 3477 3255 3530 quae
3298 3474 3434 3519 sunt
3473 3463 3573 3518 sub
3608 3460 3744 3517 coelo

2158 3557 2434 3615 peragras.
2462 3545 2562 3601 Job
2596 3561 2727 3603 vero
2751 3564 2856 3604 non
2893 3552 2988 3617 ita,
3039 3553 3135 3607 sed
3165 3562 3459 3623 exspectat
3490 3551 3666 3607 adhuc
3689 3551 3744 3605 in

2156 3652 2267 3692 uno
2293 3638 2416 3695 loco
2465 3652 2722 3711 tanquam
2750 3643 2805 3698 iu
2836 3650 3028 3701 eadem
3085 3649 3380 3716 patientia,
3409 3657 3466 3704 et
3493 3647 3738 3711 veritate,

2156 3728 2212 3783 in
2238 3730 2427 3785 eadem
2459 3730 2566 3787 ﬁde
2591 3742 2646 3788 et
2668 3735 2872 3803 pietate
2899 3745 3061 3806 atque
3082 3738 3176 3792 Dei
3209 3738 3429 3795 cultura
3466 3739 3738 3802 fundatus,

2156 3823 2427 3879 stabilitas
2477 3836 2640 3896 atque
2693 3828 3069 3896 conﬁrmatus,
3129 3841 3184 3885 et
3221 3847 3508 3903 nunquam
3564 3831 3631 3886 ab
3678 3843 3738 3885 ea

2156 3914 2483 3984 declinatus,
2519 3928 2615 3971 aut
2656 3920 3069 3989 praevaricatus.
3105 3920 3196 3976 Sic
3241 3922 3434 3992 itaque
3468 3928 3740 3992 exspectat

2160 4004 2471 4073 immobilis,
2530 4016 2696 4077 atque
2746 4010 3025 4067 innocens.
3083 4012 3276 4069 Adhuc
3341 4020 3631 4084 exspectat
3684 4013 3736 4066 in

2158 4098 2526 4167 simplicitate.
2558 4100 2843 4168 Columba,
2906 4106 3101 4175 inqutt,
3156 4116 3240 4162 est
3284 4108 3544 4178 simplex,
3578 4105 3736 4161 ratio-

2162 4190 2380 4257 nubilis,
2431 4193 2718 4261 spiritalis,
2772 4194 3187 4267 incorruptione
3242 4200 3429 4271 digna,
3492 4206 3733 4266 accepta—

2161 4278 2305 4345 bilis.
2354 4283 2558 4352 angelis
2621 4285 2712 4340 Dei
2764 4286 3077 4344 familiaris.
3125 4288 3342 4348 Idcirco
3366 4302 3623 4361 tanquam
3646 4302 3734 4343 co-

2160 4371 2343 4427 lumba
2394 4375 2797 4445 simplicitatem
2830 4381 3087 4437 ostendit.
3145 4382 3277 4438 Nam
3312 4386 3461 4441 sicut
3488 4381 3732 4440 columba

477 4471 608 4524 tiam
636 4485 793 4525 suam
836 4469 1076 4532 diabolo,
1126 4481 1180 4526 et
1238 4471 1472 4527 tunicam
1534 4471 1759 4537 dimisit,
1807 4472 2056 4527 ωηεοίη.
2092 4493 2135 4549 D
2162 4463 2232 4519 de
2258 4464 2383 4521 nido
2403 4464 2633 4537 eﬂ'ugata
2660 4469 3009 4528 sublatissibi
3035 4473 3198 4544 pullis
3217 4486 3382 4546 atque
3403 4488 3529 4533 ante
3556 4474 3731 4531 oculos

478 4564 612 4617 detis
675 4562 819 4617 illam
870 4572 1032 4633 atque
1082 4565 1374 4634 projiciens
1428 4565 1549 4631 illi,
1581 4573 1638 4619 et
1666 4564 2057 4631 dicenszQute

478 4654 761 4724 postulasti
792 4670 821 4709 a
876 4654 1010 4723 Deo,
1032 4657 1324 4726 accepisti;
1372 4657 1504 4713 tolle
1542 4667 1597 4711 et
1622 4659 1743 4712 haec
1775 4673 1897 4728 qum
1947 4673 2054 4712 non

478 4745 745 4813 quaesisti,
810 4748 1047 4802 tunicam
1100 4756 1263 4816 atque
1288 4748 1506 4819 pallium
1570 4764 1765 4803 meum.
1806 4746 2057 4803 Perseue-

481 4849 602 4888 rans
650 4836 821 4889 adhuc
868 4837 925 4889 in
973 4838 1327 4906 simplicitate.
1373 4839 1507 4893 Nam
1544 4850 1807 4909 quantum
1838 4840 1905 4893 ad
1938 4850 2059 4894 tuos

482 4942 794 4990 sermones,
854 4942 888 4982 ο
944 4928 1177 4994 diabole,
1227 4930 1522 4985 adversarii
1588 4931 1640 4984 in
1698 4946 1821 4984 eum
1883 4931 2060 4987 insur-

480 5030 763 5084 rexerunt,
828 5021 1032 5076 inimici
1100 5040 1222 5077 eum
1282 5024 1574 5092 deprwdati
1624 5036 1756 5080 sunt
1784 5041 1805 5079 .:
1832 5026 1928 5081 sed
1957 5043 2061 5083 nec

486 5111 601 5164 istis
626 5112 677 5164 in
706 5112 889 5182 aliquo
917 5115 1223 5183 replicavit,
1258 5116 1353 5170 sed
1382 5116 1525 5171 circa
1550 5117 1684 5172 istos
1705 5133 1895 5173 omnes
1925 5120 2060 5174 sim-

486 5201 784 5268 plicitatem
834 5205 1092 5259 ostendit.
1151 5204 1343 5259 Merito
1391 5206 1542 5271 dicit,
1596 5205 1945 5262 Perseuerans
2001 5209 2056 5263 in

486 5294 843 5361 simplicitate,
899 5306 1083 5368 typum
1134 5307 1299 5368 atque
1344 5297 1572 5368 ﬁgurant
1613 5315 1807 5371 gerens
1838 5301 2059 5356 Domini

489 5385 716 5439 dicentis
738 5402 838 5454 per
879 5390 1194 5457 prophetam
1244 5393 1311 5443 de
1363 5391 1699 5460 semetipso:
1730 5390 1844 5462 Ego
1883 5404 2060 5449 autem

490 5488 738 5544 tanquam
765 5496 931 5548 agnus
961 5482 1332 5535 immaculalus
1395 5483 1582 5535 ductus
1616 5499 1731 5536 sum
1752 5484 1826 5537 ad
1885 5485 2063 5537 sacri-

488 5567 776 5635 ρεἱιιηιτιν.
812 5570 901 5625 Sic
935 5572 1118 5642 itaque
1140 5574 1477 5630 admirabilis
1511 5573 1610 5628 Job
1659 5584 1974 5643 perseverat
2006 5575 2061 5629 in

561 5746 606 5777 τ³
655 5746 782 5804 Luc.
840 5765 912 5813 γι,
949 5749 1039 5801 27.
1115 5749 1160 5780 ⁷⁸
1193 5750 1321 5805 ibid.
1364 5751 1453 5804 Q8.

2167 4558 2438 4622 mactatis,
2504 4575 2611 4616 non
2661 4562 2994 4634 indignatur,
3038 4583 3219 4639 neque
3266 4580 3531 4635 terretur,
3564 4578 3730 4636 neque

2166 4649 2351 4704 nidum
2376 4650 2599 4719 deserit,
2632 4668 2806 4724 neque
2863 4658 2929 4711 ad
2966 4658 3228 4713 malitiam
3263 4662 3582 4717 immutatur
3609 4677 3626 4715 :
3657 4659 3727 4712 ita

2168 4749 2224 4793 et
2254 4739 2443 4794 beatus
2475 4740 2577 4796 Job
2613 4757 2736 4797 cum
2773 4744 2935 4801 nidus
2957 4746 3025 4799 ab
3052 4761 3121 4801 eo
3164 4747 3491 4813 auferretur,
3529 4749 3628 4803 hoc
3650 4751 3729 4798 est

2165 4832 2367 4887 divitiae
2388 4845 2552 4903 atque
2569 4836 2897 4903 substantia,
2936 4846 2992 4891 et
3018 4837 3115 4893 ﬁlii
3147 4839 3266 4909 ejus
3300 4838 3727 4896 interﬁcerentur

2166 4934 2292 4979 ante
2320 4925 2504 4980 oculos
2528 4926 2669 4995 ejus,
2694 4944 2801 4982 non
2827 4938 2915 4983 est
2937 4931 3271 5000 indignatus,
3325 4946 3499 5002 neque
3530 4929 3593 4983 ad
3621 4940 3725 4981 ma-

2166 5015 2357 5081 litiam,
2413 5018 2520 5072 hoc
2563 5028 2650 5074 est
2703 5020 2768 5074 ad
2813 5020 3211 5091 blasphemiam
3247 5033 3343 5079 aut
3393 5024 3459 5079 ad
3514 5015 3723 5075 maledi-

2166 5110 2421 5177 ctionetn,
2462 5119 2548 5167 est
2577 5112 2893 5169 immutatus
2918 5156 2934 5179 ,
2979 5117 3079 5171 sed
3111 5128 3305 5173 cuncta
3333 5114 3578 5173 sustinuit
3608 5122 3721 5165 cum

2162 5202 2467 5258 innocentia
2509 5213 2675 5276 atque
2732 5207 3033 5275 gratiarum
3107 5211 3429 5265 actionibus.
3501 5207 3601 5261 Pro
3642 5198 3720 5254 bis

2161 5310 2292 5366 ergo
2336 5296 2587 5353 omnibus
2622 5297 2777 5367 dicit,
2807 5314 3147 5368 perseverans
3201 5303 3256 5359 in
3282 5298 3604 5371 innocentia.
3644 5290 3715 5344 Τιι

2169 5403 2303 5442 vero
2348 5389 2535 5445 dixisti
2608 5390 2837 5458 perdere
2890 5408 3004 5447 rem
3050 5395 3219 5463 ejus:
3282 5392 3466 5449 dixisti
3507 5398 3560 5442 ut
3590 5397 3715 5454 per-

2167 5484 2369 5547 deret;
2426 5483 2709 5552 paululum
2774 5496 2952 5542 autem
2998 5503 3193 5543 carnes
3212 5488 3333 5559 ejus
3372 5486 3505 5543 dicis
3531 5490 3717 5548 mile"

2169 5575 2288 5640 das,
2314 5584 2375 5629 ut
2407 5576 2509 5629 ista
2541 5576 2597 5631 in
2634 5578 2982 5650 simplicitate
3024 5582 3297 5637 sustinens
3338 5578 3458 5645 Job,
3482 5584 3714 5642 augmen.

1539 5752 1583 5784 ⁷³
1630 5750 1762 5806 ibid.
1796 5750 1885 5805 29.
1962 5751 2031 5782 ⁷³·
2067 5748 2265 5807 Jerem.
2304 5752 2487 5819 30,19.
