3992 6312
231 415 297 472 45
305 416 332 467 7

1333 407 1706 465 ANONYMUS
1744 407 1806 460 IN
1847 407 1984 462 JOB.
2025 434 2092 444 -
2130 405 2256 459 LIB.
2291 407 2354 461 I'I.

3374 410 3477 464 458

233 541 339 585 tum
363 526 726 597 gloriosarnm
759 539 1076 581 coronarum
1125 524 1379 595 accipiat,
1408 534 1463 580 et
1492 535 1568 588 tu,
1599 525 1792 594 inquit,
1826 535 1872 584 Α
1897 523 2128 577 triticum
2150 522 2241 587 7“,
2264 533 2318 577 et
2339 530 2555 577 caetera.
2583 520 2703 576 llaec
2733 536 2963 592 namque
2984 523 3236 579 universa
3261 538 3480 595 propter

230 639 263 678 ο
302 620 767 683 versutediabole,
821 627 1166 687 augmentum
1221 618 1562 675 confusionis
1619 626 1673 670 et
1705 619 1798 672 de-

224 712 480 783 jectionis
523 721 685 778 atque
715 708 882 763 ruina
909 709 1198 778 percipias,
1245 716 1433 777 utpote
1495 719 1548 762 et
1575 709 1639 762 de
1662 707 1798 762 cado

204 799 483 872 jdejeetus.
511 811 576 854 et-
605 802 654 853 in
685 799 848 854 terris
872 797 938 851 ab
968 797 1070 852 Job
1111 807 1444 866 prostratus,
1471 799 1634 851 etiam
1660 807 1714 850 et
1744 798 1794 850 iu

227 895 330 949 hoc
359 893 551 947 ultimo
582 902 904 962 exspectans
933 893 1160 962 quando
1189 906 1218 944 a
1259 892 1490 946 Domino
1513 890 1613 944 Job
1637 899 1798 958 atque

222 987 470 1039 omnium
501 993 709 1040 rectore
733 985 840 1038 Deo
878 985 1172 1054 Uuigenito
1200 999 1295 1053 per
1319 997 1536 1037 crucem
1559 992 1796 1051 proster-

222 1077 374 1129 uaris
422 1085 583 1146 atque
650 1076 701 1128 in
755 1075 956 1129 inferos
1000 1074 1356 1143 demergaris.
1407 1072 1506 1139 Tu,
1550 1072 1793 1141 iuquaut,

220 1167 409 1221 dixisti
442 1182 552 1222 rem
607 1167 725 1237 ejus
756 1168 981 1237 perdere
1009 1166 1129 1222 sine
1151 1181 1340 1231 causa,
1385 1175 1636 1233 nequeut
1659 1180 1799 1234 prte-

218 1259 454 1326 cipiens,
507 1273 680 1327 neque
728 1269 787 1311 ut
829 1259 1125 1326 imperans.
1151 1256 1384 1310 Caruisti
1409 1256 1555 1310 enim
1599 1256 1722 1318 hoc,
1763 1273 1796 1309 υ

216 1349 460 1412 diabole,
486 1361 543 1404 ut
575 1365 696 1404 cum
727 1359 998 1416 potestate
1028 1349 1179 1402 dicas
1233 1349 1492 1417 jubendo,
1522 1348 1608 1402 vel
1653 1364 1792 1421 prte-

216 1443 516 1512 cipiendo:
563 1443 656 1497 sed
709 1442 890 1496 dixisti
943 1456 1216 1510 quaerens,
1241 1443 1547 1511 postulans,
1586 1443 1793 1511 suppli-

213 1548 374 1598 cans,
403 1543 610 1603 petens.
647 1535 758 1600 Sic,
796 1535 1037 1602 inquam,
1071 1535 1253 1589 dixisti
1288 1548 1402 1588 rem
1427 1533 1541 1602 ejus
1569 1534 1796 1610 perdere

211 1625 337 1680 sine
371 1641 555 1680 causa.
576 1626 712 1697 Age,
745 1627 940 1696 inquit,
961 1628 1104 1695 quod
1135 1626 1248 1691 ille,
1274 1627 1375 1680 hoc
1404 1635 1510 1689 est,
1543 1626 1792 1679 diabolus

212 1719 287 1772 ita
322 1719 552 1783 dixerit,
600 1719 674 1772 ita
713 1720 949 1787 petierit,
985 1719 1056 1771 ita
1085 1719 1380 1787 quaesierit,
1427 1719 1497 1771 ita
1530 1717 1792 1786 supplica-

211 1814 381 1878 verit,
429 1823 484 1868 tu
518 1829 648 1868 vero
707 1828 800 1867 cur
827 1812 1114 1875 exaudisti,
1165 1827 1263 1865 cur
1312 1810 1663 1879 acquievisti,
1698 1824 1796 1862 cur

211 1906 568 1968 dedisti,cur
591 1906 710 1959 sine
741 1920 903 1958 causa
936 1919 1047 1958 retu
1081 1903 1224 1957 illius
1257 1903 1388 1974 justi
1421 1903 1649 1972 perdere
1675 1918 1798 1971 per-
1831 1887 1873 1945 Β

213 1996 458 2050 misisti?
489 1995 569 2050 0b
595 1997 720 2060 hoc,
745 1995 942 2063 inquit,
975 1995 1242 2060 exaudivi,
1279 1996 1347 2049 ob
1377 1998 1476 2048 hoc
1497 2009 1607 2048 rem
1639 2003 1798 2062 atque

210 2088 362 2144 tilios
387 2089 506 2158 ejus
541 2087 764 2157 perdere
788 2087 1028 2155 permisi,
1058 2096 1114 2140 ut
1145 2084 1796 2156 appareretJohjustitia,

205 2191 269 2233 et
298 2180 504 2234 diaboli
560 2178 843 2248 injustitia,
896 2187 949 2232 ut
979 2187 1264 2248 appareret
1323 2192 1439 2231 mea
1487 2179 1711 2243 veritas,
1746 2187 1800 2231 et

208 2271 423 2326 diaboli
453 2271 810 2334 mendacium,
833 2279 892 2324 ut
934 2269 1166 2324 clareret
1197 2284 1372 2323 meum
1407 2269 1795 2334 testimonium,

206 2369 274 2415 et
308 2362 478 2431 iniqui
507 2361 647 2416 illius
667 2361 1022 2429 blasphemia.
1076 2360 1292 2424 Dixisti,
1326 2361 1520 2430 inquit,
1559 2362 1651 2415 sed
1691 2377 1796 2416 nou

207 2462 274 2507 ut
305 2452 524 2522 jubens.
545 2453 677 2518 Nisi,
709 2453 901 2522 inquit,
933 2453 1266 2519 exaudirem,
1305 2462 1358 2506 et
1384 2453 1792 2521 acquiescerent

207 2554 383 2612 atque
419 2545 682 2598 traderem
709 2558 921 2597 onmem
951 2558 1062 2596 rem
1117 2540 1218 2596 Job
1250 2543 1304 2597 in
1336 2551 1656 2610 potestatem
1679 2543 1800 2596 dia-

210 2635 347 2699 boli,
377 2645 433 2690 et
471 2637 693 2706 perdere
719 2648 877 2689 omne
909 2635 1174 2703 peculium
1198 2650 1262 2690 ac
1299 2634 1441 2688 filios
1501 2634 1660 2704 juxta
1709 2649 1800 2690 vo-

213 2728 482 2781 luntatem
506 2742 658 2781 suam
679 2728 1068 2797 permitterem,
1093 2740 1366 2794 nunquam
1394 2725 1578 2794 utique
1597 2740 1800 2795 cogno-

213 2828 400 2872 sceret
433 2818 698 2883 diabolus,
733 2819 857 2887 quia
903 2835 1007 2872 non
1048 2827 1267 2888 propter
1309 2833 1423 2873 rem
1455 2818 1682 2873 coluerit
1713 2834 1798 2874 me

213 2904 335 2972 Job,
409 2909 501 2962 sed
551 2919 770 2978 propter
825 2907 1146 2962 charitatem
1201 2924 1214 2960 :
1267 2921 1544 2978 nunquam
1613 2908 1798 2977 utique

214 2999 528 3066 quiesceret
561 2998 981 3067 blasphemando
1007 3008 1226 3053 sanctos
1270 3008 1396 3052 ante
1426 2998 1592 3052 Deum
1624 3007 1677 3052 et
1701 2999 1798 3052 ho-

215 3091 418 3153 mines,
476 3089 568 3144 sed
622 3090 674 3142 in
732 3092 833 3144 hoc
876 3100 1045 3144 staret
1083 3099 1243 3158 atque
1305 3104 1496 3144 omnes
1547 3090 1797 3144 homines

214 3179 636 3248 scandalizaret,
660 3181 783 3250 quia
806 3191 860 3235 et
896 3182 1038 3236 Deus
1070 3181 1440 3236 favorabiliter
1489 3181 1793 3237 colentibus

213 3289 418 3329 serem
443 3275 613 3340 daret,
686 3283 738 3327 et
796 3273 1031 3329 colentes
1083 3273 1231 3328 illum
1287 3289 1390 3328 non
1417 3282 1638 3343 propter
1672 3273 1797 3327 dile-

215 3367 484 3429 ctionem,
517 3367 610 3420 sed
646 3377 866 3436 promer
906 3366 982 3421 rei
1033 3365 1320 3419 familiaris
1340 3367 1568 3436 gratiam
1601 3365 1649 3419 ei
1682 3379 1796 3418 ser-

215 3459 421 3511 virent.
463 3455 652 3510 Merito
685 3471 814 3526 ergo
844 3470 911 3510 ne
959 3463 1140 3524 posset
1173 3454 1287 3508 haec
1319 3455 1499 3508 dicere
1528 3451 1795 3516 diabolus,

216 3549 366 3602 dedit
388 3547 465 3600 illi
511 3547 563 3600 in
589 3556 906 3614 potestatem
933 3555 986 3600 et
1023 3561 1134 3600 rem
1174 3543 1302 3609 Job,
1328 3553 1383 3597 et
1409 3544 1568 3610 filios,
1592 3554 1648 3597 et
1678 3554 1800 3612 post

217 3636 499 3706 paululum
529 3638 700 3706 ipsum
725 3650 920 3705 corpus
948 3635 1060 3704 ejus
1114 3637 1180 3690 ad
1214 3633 1556 3703 supplicium.
1586 3632 1643 3686 Si
1673 3648 1800 3701 ergo

218 3743 336 3781 cum
369 3737 517 3781 tanta
576 3727 885 3796 ingessisset
934 3725 1055 3789 Job,
1085 3735 1137 3779 et
1179 3725 1267 3779 ille
1294 3725 1346 3778 iu
1373 3724 1562 3778 iisdem
1589 3724 1796 3792 gratia-

221 3835 336 3872 rum
371 3819 671 3873 actiouihus
725 3828 886 3888 atque
942 3816 1375 3871 confessionibus
1422 3821 1800 3884 perseveraret

221 3913 421 3974 adhuc,
483 3925 642 3979 super
695 3911 810 3963 haec
862 3909 1041 3963 omnia
1097 3908 1286 3962 eadem
1327 3922 1455 3962 usus
1491 3915 1574 3961 est
1625 3906 1800 3975 impu-

223 4005 402 4058 dentia
467 4013 627 4072 atque
676 4001 1019 4071 improbitate
1057 3999 1241 4054 dicens
1275 4017 1290 4054 :
1327 3999 1543 4054 Corium
1590 4014 1684 4067 pro
1710 4013 1799 4050 co-

225 4097 296 4147 rio
335 4095 391 4124 ⁷⁸
430 4111 443 4146 :
493 4092 619 4162 quid
663 4092 864 4146 faceret
888 4092 931 4146 si
960 4090 1199 4144 omnium
1243 4085 1623 4143 bonorumJob
1651 4098 1800 4158 pote-

225 4199 416 4243 statetn
443 4184 859 4254 nonacciperet?
877 4183 956 4238 Ob
980 4184 1100 4248 hoc,
1122 4180 1384 4252 inquit,in
1402 4189 1662 4251 potestate
1682 4180 1800 4248 ejus

229 4283 449 4346 tradidi,
502 4297 607 4335 uou
652 4281 794 4348 quod
852 4276 1066 4333 diabolo
1120 4274 1335 4345 placere
1376 4273 1663 4334 voluerim,
1707 4273 1798 4325 sed

230 4383 396 4428 totum
423 4373 679 4426 mundum
746 4361 1040 4424 informare
1089 4367 1373 4432 festinans,
1425 4381 1544 4435 qua:
1585 4365 1654 4418 sit
1683 4378 1798 4417 mea

227 4469 454 4536 iustitia,
507 4474 561 4519 et
623 4463 822 4518 diaboli
867 4461 1150 4530 iniquitas,
1210 4459 1348 4513 livor
1413 4470 1634 4527 quoque
1683 4458 1801 4524 ejus

1907 616 2306 684 improbitatem
2351 627 2512 684 atque
2578 616 2988 684 impudentiam,
3047 617 3220 671 zelum
3263 633 3479 688 quoque

1905 724 1971 764 ac
2027 710 2282 764 invidiam
2340 707 2562 776 maligni
2610 723 2772 777 quam
2824 708 2990 762 habet
3039 709 3184 763 circa
3235 721 3476 774 sanctos,

1906 800 2052 853 dicta
2078 809 2222 853 sunt.
2261 800 2340 854 Ad
2371 813 2532 868 quem
2577 800 2644 850 de
2691 798 2808 852 istis
2855 799 3082 868 loquens
3119 800 3260 854 Deus
3285 802 3417 856 dicit
3458 819 3474 856 ε

1908 893 1985 946 Tu
2019 904 2196 948 autem
2239 893 2415 959 petisti
2457 908 2563 944 rem
2597 891 2712 960 ejus
2762 894 2977 961 perdere
3037 894 3146 946 sine
3189 911 3350 947 causa
3405 895 3474 948 ⁷⁷.

1905 981 2070 1048 Cujus
2104 983 2258 1036 rem?
2296 982 2433 1036 Justi
2477 996 2538 1035 ac
2572 981 2644 1050 pii
2680 989 2842 1048 atque
2872 983 3139 1036 credentis
3162 981 3287 1037 Job.
3322 984 3476 1038 Desi-

1903 1076 2101 1128 derain
2140 1093 2244 1129 rem
2283 1076 2398 1144 ejus
2422 1074 2638 1140 perdere
2662 1073 2777 1126 sine
2803 1090 2982 1137 causa,
3009 1089 3105 1141 pro
3136 1083 3248 1138 tuo,
3279 1075 3474 1144 inquit,

1906 1168 2020 1222 zelo
2057 1180 2217 1238 atque
2275 1167 2514 1229 invidia,
2565 1182 2663 1234 pro
2714 1177 2803 1220 tua
2851 1167 3082 1235 maligna
3147 1168 3476 1235 SuspiciOue,

1903 1260 2252 1314 callidissime
2295 1258 2526 1314 diabole.
2564 1255 2750 1310 Petiin
2798 1275 2906 1312 rem
2954 1259 3066 1327 ejus
3112 1262 3329 1327 perdere
3368 1261 3478 1316 sine

1865 1364 2086 1416 'causa,
2123 1353 2255 1407 nihil
2299 1366 2560 1422 peragens
2634 1352 2714 1404 vel
2764 1351 3080 1419 perficieus,
3144 1353 3245 1406 nisi
3307 1354 3476 1406 solam

1905 1445 2244 1514 iniquitatem
2273 1455 2420 1500 tuam
2451 1460 2613 1516 atque
2649 1449 2930 1501 malitiam.
2975 1444 3162 1500 Petisti
3207 1463 3313 1500 rem
3365 1448 3478 1516 ejus

1903 1537 2119 1603 perdere
2150 1539 2262 1590 sine
2286 1555 2470 1592 causa.
2499 1538 2669 1594 Porro
2703 1540 2822 1593 sine
2861 1553 3024 1592 causa
3065 1539 3248 1608 periit.
3298 1538 3478 1604 Quare

1905 1628 2110 1693 periit?
2145 1629 2390 1693 Diaholo,
2447 1631 2644 1701 inquit,
2704 1631 2824 1686 sine
2872 1644 3037 1684 causa
3083 1631 3266 1698 periit.
3330 1629 3477 1684 Nihil

1908 1720 2055 1772 enim
2089 1722 2296 1791 peregit
2330 1738 2504 1792 neque
2534 1723 2788 1791 perfecit,
2845 1739 2967 1777 cum
2993 1736 3105 1777 rem
3139 1722 3253 1790 ejus
3280 1723 3476 1789 perde-

1907 1822 2009 1875 ret,
2071 1813 2170 1866 uisi
2223 1828 2374 1867 suam
2419 1815 2774 1883 dejectionem
2827 1824 2991 1884 atque
3044 1814 3474 1868 humiliationem

1902 1906 2158 1958 ostendit.
2192 1903 2294 1959 Job
2335 1920 2465 1960 vero
2512 1906 2627 1960 haec
2658 1921 2744 1960 res
2776 1921 2882 1959 non
2923 1907 3043 1960 sine
3068 1921 3231 1961 causa
3281 1921 3476 1976 prove-

1900 1995 1999 2060 uit,
2028 1999 2122 2050 sed
2148 1998 2214 2049 ad
2241 1996 2508 2064 ingentem
2537 1997 2766 2066 gloriam
2797 2005 2852 2051 et
2883 1997 3091 2050 laudem
3119 2008 3280 2067 atque
3307 1999 3476 2053 houo-

1902 2099 2012 2138 rem
2040 2085 2203 2154 hujus
2239 2086 2316 2140 rei
2345 2086 2577 2155 perditio
2614 2086 2866 2155 provenit
2901 2101 3084 2141 coram
3131 2087 3240 2141 Deo
3271 2098 3322 2142 et
3374 2105 3473 2143 an-

1900 2178 2037 2248 gelis
2065 2178 2184 2248 ejus
2223 2195 2236 2231 :
2272 2188 2326 2233 et
2385 2179 2524 2248 apud
2567 2179 2734 2233 Deum
2769 2178 2956 2249 gloria;
3005 2181 3370 2248 augmentatio
3423 2181 3474 2236 ei

1901 2269 2176 2338 provenit,
2197 2279 2251 2324 et
2281 2284 2445 2339 super
2468 2279 2669 2325 terram
2701 2270 2894 2340 duplex
2923 2285 3021 2339 pro
3043 2274 3478 2328 remuneratione

1903 2360 2141 2429 receptio
2170 2370 2331 2430 atque
2364 2361 2674 2415 retributio.
2736 2361 2828 2414 Sic
2875 2363 3062 2430 itaque
3111 2361 3324 2416 diabolo
3357 2364 3477 2431 qui-

1901 2450 2020 2503 dem
2054 2449 2174 2503 sine
2201 2466 2366 2503 causa
2419 2449 2564 2503 facta
2615 2460 2697 2505 est
2743 2450 2904 2518 hujus
2949 2452 3025 2505 rei
3064 2451 3321 2520 perditio,
3377 2451 3476 2508 Joh

1900 2553 2030 2592 vero
2081 2554 2186 2592 uon
2225 2548 2308 2593 est
2339 2537 2486 2594 facta
2541 2540 2660 2594 sine
2713 2557 2897 2606 causa,
2963 2543 3055 2596 sed
3109 2556 3206 2608 pro
3263 2551 3478 2596 :eternze

1899 2630 2249 2684 beatitudinis
2279 2631 2736 2696 remuneratione,
2760 2641 2814 2686 et
2836 2633 2887 2686 in
2922 2632 3076 2687 cmlis
3100 2647 3280 2686 coram
3309 2648 3475 2701 ange-

1901 2720 1966 2775 lis
2003 2721 2117 2788 Dei,
2149 2731 2203 2777 et
2235 2722 2288 2774 in
2321 2731 2466 2776 terra
2515 2722 2570 2775 in
2614 2733 2907 2792 conspectu
2940 2723 3178 2776 omnium
3211 2723 3472 2792 gentium.

1901 2813 2194 2883 Increpans
2223 2828 2350 2884 ergo
2372 2823 2425 2868 et
2459 2815 2796 2884 redargueus
2826 2822 2987 2883 atque
3017 2813 3311 2884 objurgaus
3357 2814 3477 2868 dia-

1901 2907 2109 2971 bolum,
2141 2907 2278 2960 dixit
2306 2926 2318 2961 :
2356 2905 2433 2960 Tu
2479 2924 2596 2962 vero
2641 2907 2817 2976 petisti
2846 2923 2954 2960 rem
2986 2906 3102 2975 ejus
3123 2907 3341 2973 perdere
3363 2909 3476 2960 sine

1900 3016 2085 3063 causa,
2142 3006 2198 3052 tu
2231 2999 2577 3065 desiderasti,
2646 3009 2700 3052 tu
2737 2999 2944 3068 petisti,
3002 3009 3054 3052 tu
3087 2999 3355 3068 quaesisti,
3418 3009 3472 3054 lu

1903 3106 2014 3144 rem
2060 3088 2176 3159 ejus
2223 3088 2488 3145 festinasti
2525 3091 2752 3161 perdere
2794 3092 2913 3146 sine
2943 3105 3146 3157 causa;
3213 3101 3471 3162 tanquam

1902 3181 1945 3237 si
1976 3182 2223 3236 diceret:
2258 3181 2356 3236 Ubi
2387 3190 2470 3236 est
2491 3184 2838 3253 praesumptio
2867 3193 2982 3251 tua,
3005 3198 3038 3237 o
3068 3183 3298 3250 diabole,
3325 3186 3468 3254 quod

1903 3291 2021 3329 mox
2070 3284 2270 3329 utrem
2318 3275 2433 3345 ejus
2477 3276 2799 3331 abstulisses
2837 3277 3096 3332 continuo
3136 3292 3260 3331 eum
3311 3294 3341 3331 a
3385 3278 3472 3349 pia

1900 3363 1995 3418 Dei
2020 3363 2230 3418 cultura
2255 3374 2417 3435 atque
2449 3367 2564 3436 ejus
2593 3367 2894 3437 gratiarum
2945 3367 3250 3422 actionibus
3296 3369 3474 3424 disce-

1902 3455 2028 3509 dere
2077 3454 2346 3510 fecisses?
2403 3455 2502 3511 Ubi
2559 3467 2663 3521 est,
2731 3456 2929 3524 inquit,
2991 3459 3304 3526 arrogantia
3358 3469 3473 3522 tua,

1903 3546 2164 3600 bonorum
2211 3549 2452 3602 omnium
2497 3548 2714 3604 inimice
2735 3548 2982 3603 diabole?
3009 3550 3107 3605 Ubi
3131 3551 3478 3607 tumultuatio

1906 3648 1992 3690 tua
2023 3650 2183 3706 atque
2207 3639 2440 3693 seditio?
2471 3639 2571 3695 Ubi
2601 3639 2757 3693 labor
2789 3649 2913 3694 tuus
2942 3651 3105 3710 atque
3132 3642 3473 3698 sollicitudo?

1906 3729 2005 3784 Ubi
2033 3730 2310 3782 contentio
2336 3743 2423 3782 tua
2459 3739 2622 3800 atque
2646 3730 2933 3784 altercatio
2958 3731 2980 3784 ‘l
3007 3730 3286 3786 Laborasti
3324 3735 3472 3788 enim

1904 3832 2065 3890 atque
2099 3822 2323 3875 certasti
2356 3821 2496 3876 bella
2545 3823 2758 3876 diversa
2789 3823 3152 3890 conficiendo,
3199 3832 3253 3877 et
3295 3835 3475 3880 castra

1904 3912 2224 3977 statuendo,
2253 3921 2308 3965 et
2341 3914 2553 3983 equites
2581 3914 3032 3979 demonstrando,
3065 3924 3122 3968 et
3171 3915 3293 3984 igne
3339 3932 3476 3972 exu-

1905 4005 2094 4068 rendo,
2133 4012 2187 4058 et
2219 4014 2408 4060 ventos
2450 4006 2812 4070 admovendo,
2856 4014 2911 4059 et
2955 4005 3306 4060 fundamenta
3343 4024 3478 4076 qua-

1907 4097 2108 4161 tiendo,
2145 4107 2200 4150 et
2223 4097 2412 4152 domos
2451 4097 2754 4168 dejiciendo
2780 4106 2942 4168 atque
2975 4113 3187 4153 omnem
3216 4100 3473 4156 sollicitu-

1903 4187 2084 4240 dinem
2124 4187 2543 4243 demonstrando
2567 4230 2582 4254 ,
2619 4187 2826 4257 utjusti
2871 4188 2974 4243 Job
3008 4203 3120 4242 rem
3149 4200 3312 4260 atque
3340 4192 3478 4249 filios

1905 4277 2324 4346 perderes:sed
2368 4278 2573 4333 frustra
2633 4281 2841 4334 exstitit
2898 4281 3084 4353 ingens
3145 4293 3268 4337 tuus
3320 4283 3476 4338 labor

1902 4379 2064 4438 atque
2111 4368 2439 4425 sollicitudo.
2490 4370 2620 4424 Rem
2671 4372 2814 4426 enim
2865 4370 2968 4427 Job
3023 4374 3326 4443 perdidisti,
3382 4375 3478 4430 sed

1898 4461 2163 4528 justitiam
2193 4461 2309 4532 ejus
2337 4478 2442 4516 non
2469 4465 2774 4533 perdidisti,
2807 4465 2899 4518 sed
2927 4466 3086 4520 [idem
3116 4468 3233 4535 ejus
3265 4481 3329 4521 ac
3357 4469 3476 4537 pie-

234 4569 391 4628 atque
424 4557 644 4620 invidia,
687 4565 741 4610 et
769 4570 888 4624 qua:
920 4554 989 4607 sit
1015 4553 1286 4620 justorum
1318 4551 1449 4605 fides
1475 4560 1528 4602 et
1567 4549 1801 4604 tolerau-
1832 4570 1877 4626 ι)
1909 4559 2073 4606 tatem
2129 4569 2235 4608 non
2306 4554 2610 4623 dissipasti.
2650 4555 2854 4609 Idcirco
2905 4559 3050 4622 audi,
3102 4559 3296 4629 inquit,
3352 4576 3476 4615 cum

238 4656 328 4717 tia,
358 4653 441 4706 vel
473 4650 689 4705 dilectio
728 4663 914 4702 eorum
955 4647 1101 4702 circa
1153 4662 1262 4700 me.
1320 4645 1584 4700 Similiter
1623 4643 1799 4712 petiit,

235 4757 286 4800 et
309 4753 460 4816 petet
487 4757 658 4812 usque
686 4742 737 4795 in
771 4741 932 4794 ﬁnem
966 4738 1145 4794 seaculi
1173 4754 1271 4807 pro
1293 4737 1543 4790 omnibus
1573 4737 1800 4798 sanctis,

237 4844 292 4889 ut
330 4843 650 4904 potestatem
674 4830 902 4899 accipiat
935 4838 992 4883 ul
1025 4843 1254 4898 corpora
1285 4841 1472 4881 eorum
1495 4825 1715 4894 afﬂigat,
1746 4833 1802 4876 et

240 4930 446 4982 animas
499 4940 685 4980 eorum
742 4931 948 4991 tangat.
1012 4921 1104 4975 Sic
1161 4918 1350 4973 afﬂixit
1386 4927 1654 4988 martyres
1706 4931 1803 4985 per

241 5021 511 5089 principes
539 5017 700 5087 hujus
740 5014 957 5079 mundi,
991 5014 1110 5083 igne
1167 5023 1220 5066 et
1266 5011 1443 5079 gladio
1479 5025 1806 5065 consumens

244 5128 428 5166 carnes
455 5126 665 5166 eorum.
699 5107 822 5162 Haec
861 5121 1092 5175 namque
1136 5105 1237 5158 fuit
1263 5103 1512 5157 voluntas
1536 5112 1589 5156 et
1618 5103 1807 5172 petitio

245 5203 458 5266 diaboli,
513 5211 570 5255 ut
607 5211 825 5255 sanctos
878 5198 1162 5254 tormentis
1207 5197 1449 5250 alliceret
1497 5206 1658 5263 atque
1699 5203 1810 5247 tor-

246 5307 449 5363 queret.
492 5293 556 5346 Et
611 5296 723 5348 haec
771 5293 872 5347 fuit
904 5303 1214 5347 sanctorum
1261 5291 1461 5351 oratio,
1521 5299 1577 5339 ut
1623 5286 1801 5339 omnia

247 5385 500 5452 Supplicia
542 5393 762 5453 pmpter
796 5383 964 5437 Deum
996 5384 1326 5436 sustinentes
1365 5388 1583 5433 :eteruze
1620 5375 1803 5446 gloria:

249 5477 380 5544 apud
414 5491 533 5530 eum
563 5476 613 5528 in
655 5475 758 5529 fide
789 5474 1126 5529 edicerentur
1156 5473 1414 5527 haeredes.
1439 5469 1592 5536 Quod
1627 5477 1805 5521 autem

252 5567 361 5622 haec
411 5580 558 5638 petat
601 5569 873 5635 dtabolus,
933 5564 1169 5622 ostendit
1217 5565 1494 5618 evidenter
1550 5559 1807 5613 Dominus

254 5654 476 5717 dicens:
513 5642 743 5718 Satanas
793 5659 941 5729 petiit
995 5669 1050 5712 ut
1110 5673 1195 5711 vos
1247 5655 1503 5709 cribraret
1559 5664 1807 5721 tanquam

321 5825 361 5854 "
389 5825 488 5880 Joh
525 5841 584 5886 ll,
619 5826 672 5878 4.
747 5824 815 5854 7"
868 5823 997 5877 Luc.
1032 5838 1167 5883 uti,
1197 5821 1286 5875 5|.

568 5924 832 5980 ΡΑτιιοι..
881 5921 999 5979 Gn.
1049 5919 1247 5979 XVII.

1365 5821 1408 5850 ""
1440 5817 1539 5876 Job
1569 5834 1629 5881 ιι,
1665 5815 1720 5870 5.
1798 5813 1864 5844 ’⁷⁸

1901 4645 2272 4713 increpatione
2298 4664 2312 4701 :
2343 4646 2536 4702 Petisti
2563 4663 2669 4700 rem
2715 4648 2831 4715 ejus
2871 4651 3086 4716 perdere
3113 4652 3226 4705 sine
3255 4669 3422 4706 causa
3453 4668 3472 4706 :

1901 4735 1996 4786 sed
2030 4734 2156 4788 olim
2190 4735 2410 4803 quidem
2462 4751 2573 4789 rem
2621 4732 2720 4790 Job
2761 4736 2878 4790 sine
2932 4754 3091 4794 causa
3150 4740 3477 4809 perdidisti;

1904 4835 2026 4893 post
2069 4825 2171 4878 hoc
2217 4834 2394 4878 autem
2431 4841 2551 4878 cum
2607 4826 2866 4880 Dominus
2895 4829 3132 4883 venisset
3179 4830 3246 4882 ad
3281 4839 3478 4896 terras,

1906 4917 2048 4971 illius
2074 4917 2337 4986 unguenti
2377 4916 2738 4987 perditionem
2788 4920 2958 4988 gratis
3008 4920 3123 4972 fieri
3173 4920 3478 4986 aestimasti,

1905 5009 2092 5062 dicens
2132 5024 2226 5078 per
2291 5023 2352 5062 os
2413 5006 2562 5062 Juda!
2599 5025 2613 5062 :
2651 5007 2847 5079 Ulquid
2901 5011 3010 5064 lucc
3049 5010 3272 5079 perditio
3320 5011 3481 5079 hujus

1908 5103 2157 5171 unguenti
2193 5100 2336 5169 facta
2384 5109 2457 5153 est
2507 5101 2618 5154 '7‘?
2685 5102 2747 5156 Et
2810 5113 3139 5172 unguentum
3179 5117 3309 5157 sane
3339 5106 3480 5172 quod

1909 5208 2007 5261 pro
2038 5194 2178 5248 bono
2225 5208 2345 5246 cum
2386 5191 2490 5245 fide
2534 5191 2760 5247 eﬂ‘usum
2809 5204 2893 5248 est
2939 5195 3294 5264 perditionem
3335 5195 3481 5263 judi-

1914 5286 2050 5339 i-asti
2084 5303 2096 5338 :
2136 5300 2247 5338 rem
2277 5300 2407 5339 vero
2451 5285 2555 5340 Job
2598 5302 2718 5356 qua:
2772 5304 2894 5342 cum
2955 5288 3240 5356 iniquitate
3298 5291 3477 5360 periit,

1913 5376 2270 5445 perditionem
2305 5392 2410 5428 non
2443 5375 2748 5430 aestimasti.
2777 5377 2842 5430 Et
2869 5376 3010 5446 quod
3041 5377 3212 5445 majus
3239 5391 3321 5434 est
3353 5380 3479 5442 hoc,

1914 5476 2248 5536 unguentum
2281 5466 2410 5521 illud
2434 5466 2576 5537 quod
2610 5482 2639 5519 a
2673 5465 2809 5520 Juda
2840 5467 3069 5522 effusum
3097 5480 3208 5533 est,
3246 5470 3346 5524 hoc
3375 5479 3479 5532 est,

1913 5560 2232 5630 sanguinem
2265 5558 2544 5628 Unigeniti
2591 5560 2948 5628 perditionem
3015 5562 3295 5629 reputasti.
3350 5560 3480 5615 Nam

1915 5650 2056 5704 sicut
2092 5665 2214 5705 cum
2261 5649 2372 5706 illic
2420 5661 2748 5724 unguentum
2783 5653 2915 5708 illud
2960 5651 3349 5718 effunderetur,
3399 5669 3484 5707 re-

1917 5810 2083 5868 Marc.
2138 5825 2249 5876 xlv,
2281 5811 2336 5866 4.

3132 5903 3199 5963 15
