3992 6312
310 421 416 480 159

1420 414 1805 472 ANONYMUS
1848 413 1911 467 ΙΝ
1951 412 2089 469 JOB.
2132 446 2199 456 —
2237 413 2367 471 LIB.
2409 415 2477 472 ll.

3474 422 3583 478 460

313 540 456 609 pleta
502 546 586 593 est
627 537 821 593 domus
854 538 941 593 illa
979 536 1236 607 unguenti
1278 536 1441 590 odore
1475 554 1490 604 ;
1521 537 1594 590 ita
1650 546 1705 590 et
1748 535 1885 599 istic,
1920 539 1965 594 Α
1996 533 2246 591 fortiore.
2294 536 2582 603 Minorem,
2632 538 2828 607 inquit,
2868 556 2933 597 ac
2968 541 3230 597 leviorem
3267 550 3435 612 atque
3465 557 3581 595 mo-

313 631 367 685 id
400 639 507 696 cst,
543 631 597 685 in
646 630 899 702 passione
930 630 1173 693 Domini,
1218 644 1341 684 cum
1395 630 1621 699 sanguis
1679 627 1891 681 Domini

312 721 708 790 eﬂ‘underetnr,
740 723 979 792 repletus
1007 733 1090 776 est
1124 722 1271 777 orbis
1307 731 1465 776 terra:
1489 720 1682 775 salutis
1713 719 1895 775 suavi-

316 825 450 871 tate.
483 816 594 871 Sed
624 816 676 870 in
706 816 964 871 omnibus
999 829 1105 868 non
1134 814 1370 869 cessavit
1405 813 1797 882 nequissimus,
1840 825 1896 867 et

316 910 591 980 improbus
624 918 787 979 atque
826 906 1112 976 impudens
1141 905 1394 960 diabolus
1421 945 1439 971 ,
1474 920 1655 975 neque
1706 906 1895 959 confuo

314 1016 433 1055 sum
464 1016 523 1056 se
549 999 901 1066 recognovit:
938 999 1031 1053 sed
1082 1007 1341 1067 tanquam
1388 997 1544 1052 canis
1584 997 1804 1052 rabidus
1827 998 1893 1050 ad

313 1092 564 1147 baculum
590 1091 773 1145 infelix
814 1091 1081 1155 cucurrit,
1109 1105 1231 1145 cum
1261 1092 1498 1160 priorem
1535 1105 1687 1144 suam
1718 1089 1896 1145 defor-

314 1186 558 1240 mitatem
601 1199 707 1238 non
737 1183 1013 1253 intelligit,
1047 1184 1140 1239 sed
1185 1194 1371 1253 sperat
1402 1185 1544 1252 quod
1584 1199 1680 1254 per
1711 1183 1896 1237 novis-

315 1279 511 1332 simum
553 1276 753 1332 bellum
806 1277 1046 1347 priorem
1103 1278 1316 1332 ruinam
1371 1283 1556 1344 posset
1608 1276 1892 1337 resarcire,

315 1370 565 1425 nesciens
596 1369 764 1423 miser
785 1369 931 1439 quod
976 1368 1274 1423 novissima
1317 1368 1499 1438 pejora
1542 1368 1814 1436 prioribus
1844 1367 1892 1419 ei

314 1474 496 1517 essent
518 1462 821 1518 eﬂicienda.
847 1462 1055 1516 idcirco
1080 1469 1201 1531 post
1227 1461 1343 1515 haec
1366 1464 1649 1523 universa,
1673 1474 1896 1528 respon-

312 1557 393 1611 dit
422 1555 672 1609 diabolus
700 1564 825 1609 ante
854 1554 1045 1616 Deum,
1082 1564 1136 1607 et
1162 1553 1297 1607 dixit
1322 1569 1335 1607 :
1365 1552 1579 1607 Corium
1608 1569 1702 1622 pro
1730 1552 1890 1607 corio.

313 1648 358 1703 Ο
414 1646 747 1716 impudentia
811 1656 975 1715 atque
1034 1646 1356 1716 improbitas
1409 1655 1541 1711 tua,
1581 1661 1613 1699 ο
1647 1645 1889 1700 diabole!

314 1750 520 1795 tantam
549 1738 946 1793 deformitatem
978 1746 1145 1808 atque
1194 1739 1573 1794 confusionem
1610 1743 1754 1792 tua'm
1788 1754 1894 1791 non

313 1832 642 1898 consideras,
676 1833 769 1887 sed
800 1831 1167 1886 inverecunde
1204 1840 1370 1900 atque
1414 1830 1737 1894 identidem,
1793 1829 1895 1883 hoc

1998 628 2325 683 deratiorem
2387 630 2664 686 sustinens
2701 630 2803 687 Job
2831 632 3077 688 dolorem
3120 632 3341 687 videtur
3402 633 3587 687 adhuc

1998 719 2366 773 constantiam
2400 719 2627 784 habere,
2662 735 2760 790 pro
2788 722 3133 793 gravioribus
3180 721 3382 778 leviora
3420 722 3589 777 facile

1996 811 2291 875 sustinens,
2332 826 2431 880 pro
2462 812 2792 867 arctioribns
2824 814 3040 869 mitiora
3069 813 3265 870 leniter
3294 813 3586 871 sufferens.

1998 903 2132 958 Nam
2159 906 2339 960 omnis
2364 920 2550 977 paena,
2590 915 2645 960 et
2672 907 2852 962 omnis
2887 907 3047 963 dolor
3072 909 3164 979 qui
3196 908 3331 965 foris
3362 909 3521 964 fuerit
3556 925 3590 965 a

1997 1012 2250 1069 corpore,
2296 999 2467 1054 levior
2497 1000 2717 1054 videtur
2749 1014 2871 1056 esse
2900 1003 3073 1073 magis
3109 1018 3271 1073 quam
3313 1002 3385 1057 illi
3427 1004 3587 1060 dolo-

1999 1105 2106 1155 res,
2140 1091 2229 1161 qni
2265 1100 2395 1145 sunt
2439 1092 2492 1146 in
2526 1106 2775 1162 corpore.
2830 1091 2955 1148 ideo
3001 1095 3211 1149 corium
3258 1109 3357 1164 pro
3405 1097 3587 1159 corio,

1998 1183 2102 1237 hoc
2136 1192 2223 1237 est
2260 1196 2421 1253 poma
2454 1184 2633 1239 minor
2661 1199 2759 1253 pro
2792 1198 2949 1252 paena
2982 1186 3211 1254 majore,
3236 1185 3390 1241 dolor
3412 1186 3591 1241 levior

1972 1286 2097 1355 'pro
2127 1272 2313 1327 dolore
2342 1272 2771 1329 vehementiore.
2814 1272 2946 1327 Nam
2978 1274 3128 1330 aliud
3155 1285 3242 1329 est
3274 1289 3387 1330 rem
3418 1274 3585 1331 fami-

2002 1362 2070 1417 lia
2083 1378 2195 1418 rem
2230 1365 2585 1429 amittere,'et
2616 1364 2941 1419 detrimenta
2964 1364 3259 1430 sustinere,
3277 1365 3423 1421 aliud
3449 1380 3590 1423 sane

1999 1467 2087 1512 est
2116 1460 2380 1513 carnibus
2411 1458 2546 1529 ipsis
2580 1466 2900 1527 putrescere
2925 1499 2940 1525 ,
2968 1468 3022 1513 et
3053 1459 3328 1514 vermibus
3361 1459 3588 1530 repleri,

1997 1562 2053 1605 et
2084 1550 2139 1605 in
2170 1550 2450 1621 pulverem
2481 1561 2640 1606 terra:
2669 1550 3025 1606 commassari
3058 1550 3286 1606 humore
3316 1550 3588 1616 ulcerum,

2001 1642 2092 1713 qui
2115 1657 2180 1697 ex
2206 1641 2340 1712 ipsis
2365 1641 2791 1712 liquescentibus
2818 1642 3076 1696 carnibus
3106 1642 3344 1698 elicitur.
3369 1641 3588 1700 idcirco

2000 1733 2159 1789 facile
2204 1735 2439 1788 sustinet
2487 1732 2590 1788 Job
2644 1733 2934 1788 exterioris
2991 1732 3130 1789 curii
3189 1733 3429 1789 dolorem
3479 1748 3585 1803 pro

2000 1825 2187 1880 dolore
2239 1824 2377 1879 corii
2424 1825 2869 1896 propinquioris,
2939 1825 3083 1880 hanc
3153 1826 3233 1881 rei
3291 1823 3585 1881 familiaris

312 1932 418 1988 est,
445 1923 639 1977 iterum
672 1932 834 1993 atque
859 1924 1056 1977 iterum
1084 1899 1324 1978 recurris
1354 1921 1631 1976 contraria
1662 1921 1895 1976 tibimet-
1924 1899 1969 1958 Β
1996 1918 2359 1987 direptionem
2392 1932 2491 1987 pro
2521 1918 2765 1988 corporis
2807 1917 3122 1973 amictione.
3159 1918 3409 1985 Quandiu
3447 1932 3585 1989 ergo

314 2016 412 2085 ipsi
442 2016 707 2087 loquendo
734 2030 798 2070 ac
820 2014 1048 2071 dicendo
1075 2025 1237 2083 atque
1262 2014 1577 2085 quaerendo,
1604 2020 1660 2067 et
1697 2021 1895 2068 temet-

312 2107 490 2175 ipsum
548 2106 899 2161 destruendo.
961 2106 1203 2161 Primum
1251 2106 1397 2160 enim
1442 2105 1623 2161 dixisti
1664 2120 1787 2161 cum
1827 2106 1894 2160 ad

315 2198 483 2253 Deum
522 2198 589 2253 de
613 2198 713 2253 Job
738 2198 949 2254 locutus
982 2198 1176 2253 fuisses
1210 2222 1225 2253 -.
1258 2197 1425 2253 Aufer
1457 2197 1533 2251 illi
1571 2212 1708 2262 rem,
1741 2197 1894 2267 priva

311 2306 434 2345 eum
475 2291 698 2356 divitiis,
736 2291 918 2347 minne
964 2306 1086 2346 eum
1127 2289 1403 2361 apulentia
1432 2330 1447 2355 ,
1501 2282 1725 2344 humilia
1770 2304 1893 2344 eum

312 2383 380 2438 de
414 2381 722 2448 altitudine,
760 2382 972 2437 denuda
1005 2381 1156 2436 illum
1187 2381 1273 2436 his
1292 2396 1413 2450 quae
1447 2378 1668 2444 dedisti,
1700 2381 1747 2434 si
1785 2395 1891 2434 non

311 2473 570 2528 continuo
603 2473 653 2528 in
682 2472 873 2527 faciem
912 2471 1256 2526 maledixerit
1295 2470 1426 2535 tibi,
1475 2480 1531 2524 et
1571 2471 1892 2533 detraxerit,

311 2571 474 2631 atque
504 2560 990 2631 blasphemaverit,
1017 2560 1173 2630 quasi
1201 2576 1457 2630 magnum
1495 2560 1662 2615 fuerit
1687 2562 1814 2623 boc,
1837 2571 1895 2615 ut

204 2708 213 2723 ι
312 2654 514 2707 divitiae
547 2662 712 2721 atque
739 2667 825 2706 res
863 2651 982 2721 ejus
1016 2651 1313 2705 familiares
1340 2650 1712 2706 auferrentur.
1739 2651 1893 2719 Quod

312 2754 591 2811 ergotunc
617 2743 1003 2813 magnificasti,
1053 2750 1111 2797 ut
1152 2743 1203 2798 ei
1258 2759 1346 2799 res
1383 2742 1682 2800 familiares
1711 2742 1896 2798 aufer-

313 2845 525 2902 renlur,
554 2837 662 2891 hoc
696 2851 838 2890 nunc
866 2835 1122 2891 nimirum
1158 2835 1421 2891 minoras.
1444 2835 1596 2903 Quod
1624 2846 1753 2890 tunc
1782 2836 1895 2889 sin-

313 2928 499 2996 gulare
533 2940 697 2999 atque
746 2927 1114 2982 indubitabile
1138 2927 1397 2998 judicasti
1423 2969 1439 2994 ,
1478 2930 1623 2998 quod
1666 2926 1895 2984 sublatis

313 3020 520 3075 divitiis
572 3018 674 3074 Job
725 3019 985 3074 continuo
1035 3028 1181 3075 esset
1226 3019 1746 3089 blasphematurus,
1792 3021 1895 3076 hoc

314 3111 666 3167 nihilominus
690 3126 834 3167 nunc
860 3112 927 3166 ad
954 3110 1179 3166 nihilum
1199 3112 1447 3183 redigens
1470 3112 1607 3171 dicis
1633 3111 1886 3168 :Corium

312 3218 409 3272 pro
433 3203 598 3256 corio.
654 3202 876 3257 Corium
925 3201 1239 3256 divitiarum
1284 3216 1385 3272 pro
1427 3203 1584 3258 corio
1622 3205 1889 3274 corporis,
1920 3242 1962 3302 α

311 3295 522 3350 corium
563 3295 828 3349 bonorum
878 3307 977 3363 pro
1024 3294 1175 3349 corio
1218 3295 1449 3350 ossium.
1504 3294 1629 3349 Haec
1662 3310 1894 3365 namque

312 3400 422 3443 auo
448 3389 594 3442 coria
629 3388 849 3458 repetit,
886 3403 953 3442 ac
984 3396 1257 3442 memorat
1283 3388 1405 3443 istic
1448 3386 1694 3443 diabolus
1730 3406 1743 3442 :
1779 3402 1891 3443 rem

314 3478 635 3533 familiarem
686 3488 743 3533 et
785 3478 1005 3534 divitias
1062 3478 1306 3535 exterius
1360 3481 1604 3548 corium;
1667 3481 1894 3536 interius

313 3585 444 3625 vero
499 3571 709 3624 corium
750 3583 949 3641 corpus
1007 3581 1063 3626 et
1121 3585 1269 3625 ossa.
1321 3570 1541 3627 Corium
1594 3573 1736 3642 quod
1786 3588 1893 3627 non

314 3660 468 3715 valde
514 3661 716 3725 doleat,
765 3676 878 3716 rem
926 3660 1290 3727 familiarem;
1321 3662 1532 3717 corium
1563 3665 1707 3733 quod
1740 3664 1894 3719 valde

316 3752 516 3817 doleat,
550 3754 757 3807 corium
790 3752 1061 3822 corporis.
1104 3749 1231 3807 Haec
1264 3752 1471 3808 scilicet
1497 3754 1743 3823 cogitans
1780 3770 1895 3808 ma-

315 3846 655 3914 lignisslmus
688 3842 960 3907 diabolus,
987 3859 1014 3896 a
1045 3858 1153 3913 quo
1180 3860 1455 3913 nunquam
1482 3846 1639 3901 mala:
1680 3846 1892 3912 cogita-

317 3938 495 3991 tiones
532 3936 807 3996 deiiciunt,
874 3935 988 3988 haec
1035 3948 1166 4005 ergo
1226 3936 1597 4006 nequissimus
1650 3936 1895 3993 diabolus

318 4028 565 4096 nequiter
604 4038 766 4097 atque
792 4026 989 4083 callide
1028 4036 1293 4092 tractans,
1338 4028 1471 4083 dicit
1499 4030 1566 4084 ad
1604 4029 1891 4084 Dominum

316 4120 384 4174 de
408 4118 507 4174 Job
531 4139 543 4173 :
564 4116 892 4188 Coriumpro
908 4120 1076 4185 corio,
1106 4134 1170 4175 ac
1198 4118 1244 4175 si
1268 4120 1509 4175 diceret:
1537 4120 1676 4189 Quid
1712 4124 1893 4193 magni

316 4226 508 4280 passus
535 4219 616 4265 est
641 4209 782 4265 Job?
822 4211 951 4281 quid
977 4226 1144 4281 grave
1166 4211 1388 4265 sustulit
1410 4211 1498 4267 hic
1527 4228 1687 4282 quem
1709 4213 1894 4269 defen-

317 4303 437 4357 dis?
491 4301 622 4357 item
674 4300 997 4358 familiarem
1046 4309 1102 4357 et
1136 4301 1277 4357 ﬁlios
1318 4302 1524 4368 amisit,
1563 4305 1656 4359 sed
1709 4316 1896 4374 sperat

316 4395 460 4463 quod
493 4408 680 4447 rursus
701 4404 756 4449 et
787 4408 902 4447 rem
930 4403 986 4448 et
1028 4393 1167 4449 filios
1196 4393 1466 4464 acquirat,
1494 4395 1721 4451 conlidit
1748 4399 1894 4468 quod

316 4494 371 4539 et
398 4483 689 4538 identidem
722 4486 816 4539 des
842 4484 985 4539 sicut
1010 4492 1063 4540 et
1093 4494 1223 4541 ante
1250 4484 1467 4540 dedisti.
1502 4484 1609 4541 Pro
1635 4485 1739 4542 hac
1766 4500 1894 4560 ergo

1997 2009 2258 2064 leviorem
2296 2007 2542 2063 dolorem
2570 2008 2825 2075 sustinet,
2858 2009 2953 2063 illo
2988 2024 3160 2078 usque
3184 2024 3215 2063 a
3259 2018 3311 2063 te
3338 2024 3444 2063 non
3469 2010 3585 2063 disc

1997 2100 2160 2163 cedit,
2188 2115 2362 2171 neque
2386 2100 2603 2170 negabit
2634 2108 2703 2155 te.
2745 2099 3000 2167 lmmuta,
3038 2100 3236 2171 inquit,
3269 2101 3441 2168 coria,
3476 2102 3583 2156 hoc

1964 2199 2081 2247 .e'st
2110 2192 2333 2245 immuta
2363 2191 2580 2247 dolores
2605 2230 2621 2255 ,
2664 2199 2721 2246 et
2760 2191 3018 2246 continuo
3055 2192 3327 2247 immutari
3362 2206 3482 2246 eum
3510 2192 3581 2245 ad

1996 2283 2393 2353 blasphemiam
2435 2282 2660 2338 senties.
2712 2280 2961 2348 Corium,
3006 2283 3202 2352 inquit,
3258 2298 3356 2352 pro
3411 2284 3578 2336 corio.

2000 2378 2169 2449 Hujus
2202 2378 2278 2433 rei
2310 2378 2617 2448 exemplum
2646 2375 2808 2431 etiam
2847 2376 2901 2430 in
2947 2375 3101 2431 nobis
3136 2376 3403 2431 videmus.
3439 2372 3579 2429 Nam

1998 2485 2120 2525 cum
2162 2470 2476 2540 percutitur
2526 2469 2777 2540 quilibet,
2826 2467 2913 2523 vel
2959 2468 3203 2528 czeditur,
3261 2465 3586 2534 frequenter

1996 2573 2218 2616 manum
2259 2574 2356 2631 pro
2387 2570 2499 2616 toto
2526 2562 2758 2632 porrigit
2785 2575 3041 2630 corpore,
3066 2568 3122 2613 et
3144 2559 3384 2628 protegit
3405 2565 3577 2626 caput

1996 2663 2052 2706 et
2082 2653 2305 2707 dorsum
2336 2667 2524 2715 manu,
2560 2660 2615 2707 et
2648 2652 2862 2706 videtur
2889 2650 2988 2717 illi,
3032 2658 3091 2704 ut
3120 2651 3172 2704 in
3206 2664 3367 2703 manu
3400 2650 3581 2719 magis

1998 2742 2336 2813 percutiatur
2364 2758 2527 2813 quam
2552 2742 2605 2797 in
2636 2742 2821 2808 dorso,
2846 2741 2930 2797 vel
2956 2742 3156 2812 capite,
3182 2741 3347 2796 etdat
3365 2741 3578 2795 corium

1996 2845 2096 2900 pro
2138 2830 2310 2896 corio,
2362 2831 2569 2885 corium
2604 2846 2800 2886 manus
2846 2846 2946 2901 pro
2986 2832 3139 2886 corio
3181 2831 3394 2900 capitis.
3447 2830 3580 2887 Haec

1998 2923 2185 2991 itaque
2217 2922 2472 2977 universa
2501 2922 2795 2994 designans
2818 2922 3187 2992 nequissimus
3217 2920 3414 2977 callide
3443 2922 3581 2977 dicit

1998 3014 2067 3071 de
2090 3013 2214 3083 Job,
2248 3013 2467 3069 Corium
2498 3032 2592 3083 pro
2621 3017 2785 3070 corio.
2817 3014 2953 3069 Nam
2988 3016 3130 3069 sicut
3168 3015 3223 3070 hi
3267 3015 3361 3085 qui
3404 3028 3581 3083 vapu-

1997 3109 2133 3177 lant,
2202 3110 2355 3165 corio
2414 3125 2607 3167 manus
2683 3111 2915 3166 alterum
2982 3110 3228 3180 corporis
3288 3120 3580 3180 protegunt

1998 3202 2228 3266 corium,
2256 3203 2326 3257 ob
2348 3202 2451 3257 hoc
2468 3210 2682 3257 tantum
2710 3212 2768 3258 ut
2797 3203 3282 3274 eorpusintegrnm
3306 3202 3577 3257 habeant:

1995 3294 2097 3359 sic,
2127 3294 2324 3363 inquit,
2375 3303 2429 3349 et
2476 3292 2580 3348 Job
2617 3296 2889 3348 exteriora
2929 3294 3004 3349 rei
3068 3292 3356 3348 familiaris
3405 3292 3583 3347 detri-

1995 3392 2179 3440 menta
2232 3387 2537 3440 contemnit
2598 3385 2877 3450 universa,
2939 3393 3147 3438 tantum
3220 3394 3279 3437 ut
3328 3384 3580 3455 corporis

1998 3477 2223 3549 effugiat
2249 3493 2487 3549 pcenam.
2550 3476 2643 3532 Sic
2689 3492 2924 3547 namque
2976 3486 3030 3529 et
3081 3476 3133 3530 lii
3194 3476 3286 3547 qui
3337 3477 3387 3530 in
3436 3476 3581 3530 mari

1996 3570 2275 3639 navigant,
2312 3586 2435 3624 cum
2462 3567 2765 3639 periculum
2813 3567 2958 3636 passi
2991 3566 3193 3622 fuerint
3221 3567 3403 3621 omnia
3451 3581 3582 3636 qua:

1995 3661 2049 3715 in
2080 3662 2201 3716 navi
2230 3662 2524 3717 habuerint
2548 3668 2904 3715 contemnunt
2933 3668 3097 3729 atque
3136 3658 3189 3713 in
3236 3658 3373 3713 mari
3412 3657 3583 3727 proji-

1994 3754 2148 3807 ciunt
2188 3753 2259 3808 ob
2310 3754 2412 3809 hoc
2447 3762 2505 3808 ut
2561 3752 2664 3823 ipsi
2724 3753 2980 3807 evadant.
3037 3750 3126 3806 Sic
3162 3762 3216 3805 et
3266 3750 3588 3820 quicunque

1994 3847 2221 3902 divitum
2263 3860 2387 3901 cum
2435 3845 2489 3899 in
2532 3844 2779 3914 corporis
2836 3843 3209 3897 infirmitatem
3263 3842 3577 3911 inciderint,

1993 3952 2209 3992 omnem
2242 3936 2604 3991 substantiam
2642 3950 2795 3991 suam
2820 3935 3056 3989 libenter
3076 3931 3331 3999 oll'erunt,
3364 3942 3577 3988 tantum

1995 4039 2054 4082 ut
2082 4028 2330 4098 corporis
2362 4028 2794 4083 incolumitatem
2835 4026 3120 4097 recipiant.
3152 4025 3264 4091 Sic,
3292 4025 3491 4095 inquit,
3516 4035 3580 4080 et

1992 4120 2092 4177 Job
2148 4135 2339 4175 omnes
2390 4121 2644 4185 divitias,
2694 4129 2750 4174 et
2810 4134 3028 4173 omnem
3084 4133 3197 4173 rem
3248 4117 3577 4173 familiarem

1995 4214 2155 4269 facile
2201 4214 2526 4279 contemnit,
2564 4222 2775 4266 tantum
2825 4220 2886 4265 ut
2939 4209 3155 4265 dolores
3196 4224 3301 4264 non
3359 4209 3580 4281 contin-

1994 4316 2123 4375 gant
2143 4319 2341 4360 carnes
2367 4303 2504 4373 ejus.
2540 4304 2659 4371 Quo
2696 4312 2877 4357 autem
2911 4303 3190 4373 proposito
3228 4302 3432 4356 dixerit
3456 4301 3577 4361 haec

1994 4399 2246 4453 universa
2281 4398 2647 4468 nequissimus
2672 4397 2908 4461 daemon,
2937 4410 3033 4464 per
3057 4396 3176 4450 haec
3202 4409 3323 4464 qua:
3340 4408 3576 4463 sequun-

1996 4501 2083 4546 tur
2138 4492 2395 4555 ostendit,
2448 4490 2677 4544 dicens:
2710 4486 2903 4541 Omnia
2952 4503 3276 4556 quaecunque
3333 4486 3576 4540 habuerit

316 4588 413 4645 spe
451 4585 615 4644 atque
639 4573 964 4629 conﬁdentia
999 4575 1230 4631 necdum
1261 4591 1290 4631 a
1318 4588 1369 4632 te
1392 4576 1637 4642 recessit,
1664 4578 1890 4634 necdum
1927 4607 1968 4661 υ
1996 4583 2171 4646 homo,
2220 4582 2366 4635 dabit
2417 4598 2513 4651 pro
2563 4582 2743 4634 anima
2779 4595 2877 4633 sua
2894 4578 2960 4631 ⁷³.
2992 4577 3104 4646 Sic,
3134 4578 3330 4650 inquit,
3359 4588 3413 4632 et
3470 4576 3577 4632 Job

319 4677 373 4721 te
403 4666 643 4735 reliquit,
672 4667 899 4721 necdum
930 4675 984 4722 te
1007 4668 1264 4733 detraxit,
1299 4669 1528 4723 necdqu
1560 4677 1611 4724 te
1638 4669 1891 4741 blasphe-

317 4758 509 4821 mavit,
542 4757 668 4827 quia
708 4759 938 4812 necdum
992 4762 1289 4830 tetigerunt
1334 4761 1483 4815 illum
1527 4761 1743 4818 dolores
1778 4778 1897 4819 cor-

318 4848 486 4917 poris,
517 4848 641 4918 quia
671 4848 898 4903 necdum
930 4852 1288 4919 apprehendit
1313 4867 1437 4906 eum
1461 4854 1667 4908 ossium
1696 4869 1882 4923 paena.

319 4932 535 4995 Corium
567 4958 661 5011 pro
690 4946 855 4995 corio.
886 4941 1192 5008 Exteriore,
1224 4944 1434 5014 inquit,
1468 4945 1620 5000 corio
1645 4947 1894 5002 decuria-

323 5043 428 5098 tus,
477 5035 578 5088 hoc
613 5044 692 5089 est
736 5049 850 5089 rem
900 5032 1225 5090 familiarem
1267 5036 1502 5090 ablatam
1561 5041 1893 5107 contempsit

322 5135 483 5194 atque
531 5127 598 5179 ad
648 5126 877 5181 nihilum
908 5126 1127 5180 reduxit
1156 5142 1171 5179 :
1206 5136 1369 5197 tange
1420 5128 1651 5183 interius
1685 5131 1890 5185 corium

322 5214 461 5282 ejus,
498 5216 599 5270 hoc
644 5228 728 5271 est
761 5218 1049 5273 tormentis
1080 5216 1234 5273 alIiee
1261 5233 1451 5274 carnes
1483 5219 1636 5288 ejus;
1674 5231 1728 5275 et
1761 5237 1893 5277 con-

325 5316 439 5361 tere
480 5321 673 5362 carues
732 5308 902 5373 illius,
945 5319 1002 5364 et
1052 5309 1336 5379 apparebit
1387 5312 1698 5367 constantia
1750 5311 1890 5383 ejus,

323 5413 484 5466 quam
520 5414 663 5453 nunc
692 5401 890 5455 habere
920 5401 1156 5455 videtur.
1200 5399 1547 5472 Supervacua
1578 5404 1723 5459 enim
1762 5406 1893 5461 fides

322 5491 461 5558 ejus,
494 5505 653 5559 quam
687 5508 830 5547 nunc
858 5493 1003 5548 circa
1042 5502 1095 5549 te
1128 5494 1331 5550 habere
1377 5509 1436 5549 se
1468 5505 1638 5567 putat.
1675 5495 1892 5551 Corium

321 5600 416 5653 pm
462 5582 644 5649 corio,
701 5600 763 5639 ac
803 5585 847 5642 si
894 5584 1134 5653 diceret,
1191 5587 1432 5642 dolorem
1480 5588 1745 5644 minorem
1796 5605 1893 5659 pro

323 5675 506 5729 dolore
574 5676 807 5747 majore,
872 5691 1083 5747 poenam
1128 5678 1545 5735 moderatiorem
1599 5694 1696 5749 pro
1731 5693 1892 5749 poena

396 5860 441 5889 τ’
468 5858 565 5912 Job
604 5875 660 5922 ιι,
695 5858 758 5913 ι.

1995 4676 2173 4733 omnia
2201 4691 2536 4745 quacunque
2562 4674 2814 4729 habuerit
2856 4673 3206 4742 contempsit,
3262 4682 3469 4727 tantum
3514 4680 3576 4726 ut

1996 4782 2195 4836 corpus
2241 4776 2595 4822 conservaret
2645 4765 2894 4820 illmsum.
2945 4765 3051 4820 Sed
3114 4765 3313 4830 adhuc,
3370 4764 3573 4833 inquit,

1997 4860 2207 4914 corium
2241 4874 2340 4928 pro
2372 4858 2547 4913 corio.
2601 4857 2737 4924 Quis
2783 4857 2921 4913 dixit
2970 4856 3112 4911 hoc?
3167 4855 3437 4910 diabolus.
3490 4858 3575 4910 Ad

2000 4964 2158 5017 quem
2184 4947 2362 5003 dixit?
2385 4948 2465 5002 Ad
2499 4948 2688 5003 Deum.
2720 4948 2795 5002 De
2829 4962 2939 5017 quo
2966 4947 3138 5002 dixit?
3174 4946 3248 5002 De
3286 4946 3409 5002 Job.
3456 4945 3576 5013 Quo

1998 5042 2273 5110 proposito
2289 5041 2462 5095 dixit?
2487 5041 2747 5112 Superius
2775 5039 3144 5111 multipliciter
3164 5040 3558 5095 demonstrato.

2000 5134 2177 5205 Super
2204 5134 2321 5190 hzec
2348 5147 2530 5188 autem
2554 5136 2803 5188 universa
2834 5173 2850 5198 ,
2878 5134 3056 5189 adhuc
3084 5134 3207 5189 audi
3238 5134 3304 5187 de
3339 5134 3422 5187 his
3450 5147 3573 5201 qua

1999 5225 2201 5280 dudum
2235 5226 2287 5279 in
2325 5224 2590 5294 principio
2618 5224 2760 5279 facta
2792 5236 2938 5279 sunt.
2989 5224 3421 5281 Commonefaeit
3453 5224 3573 5279 istic

2000 5316 2366 5386 nequissimus
2425 5316 2700 5380 diabolus,
2769 5317 2897 5386 quia
2951 5317 3160 5387 pridem
3204 5317 3422 5387 quando
3468 5313 3574 5369 Job

2001 5421 2155 5478 pater
2184 5420 2347 5481 atque
2371 5410 2687 5480 patriarcha
2720 5410 2892 5465 Adam
2928 5410 3097 5474 meis,
3138 5409 3257 5476 ait,
3296 5408 3573 5464 seductio-

2003 5501 2160 5555 nibus
2212 5500 2470 5555 obediens
2524 5511 2574 5555 te
2623 5501 2972 5572 contempsit,
3038 5501 3108 5555 ob
3157 5500 3264 5557 hoc
3327 5499 3576 5569 pelliceis

2004 5591 2201 5646 tunicis
2260 5608 2289 5644 a
2351 5603 2401 5647 te
2448 5592 2715 5650 Creatore
2761 5594 2983 5649 indutus
3032 5604 3117 5648 est
3172 5608 3273 5663 pro
3332 5592 3573 5647 vindicta

2004 5683 2370 5753 abnegatoris,
2402 5698 2467 5740 eo
2499 5684 2644 5755 quod
2675 5694 2725 5741 te
2755 5684 3133 5754 dereliquerit,
3164 5684 3231 5738 ad
3272 5696 3357 5737 me
3392 5694 3575 5738 autem
