3992 6312
234 408 324 463 ιιι

1318 395 1694 454 ANONYMUS
1733 394 1798 450 IN
1837 393 1973 450 JOB.
2016 424 2081 434 —
2119 392 2247 448 LIB.
2288 392 2354 449 ll.

3368 394 3470 448 4672

236 525 381 591 ierit,
403 532 460 579 et
483 539 552 580 ex
594 523 698 579 hoc
726 519 883 589 hujus
916 517 992 574 rei
1027 518 1155 573 mihi
1184 512 1399 571 deb'ttor
1422 515 1655 578 exstitit,
1686 528 1799 569 me-
1826 517 1874 573 Α
1903 511 2157 566 familiari
2205 520 2372 581 atque
2399 510 2606 565 divitiis
2649 508 2753 566 Job
2792 511 3007 568 locutus
3046 525 3127 580 es,
3164 527 3311 568 nunc
3343 527 3471 568 vero

235 619 338 674 rito
359 632 530 682 nunc,
558 617 751 686 inquit,
769 613 984 669 Corium
1014 629 1108 682 pro
1139 611 1305 664 corio.
1333 609 1578 676 Corium,
1603 609 1799 678 inquit,

229 708 330 765 Job
384 724 486 779 pro
541 707 692 762 corio
737 706 908 760 Adam
962 704 1031 757 da
1090 700 1244 757 mihi.
1291 698 1602 755 Vexaturus
1651 713 1800 753 eram

231 800 440 855 corium
473 798 663 859 Adam,
687 806 743 852 et
777 810 883 849 non
917 810 1003 849 me
1035 792 1352 863 permisisti.
1390 791 1463 845 Da
1505 806 1635 861 ergo
1668 792 1802 845 mihi

230 891 442 947 corium
468 888 572 945 Job
611 903 709 958 pro
732 887 883 943 corio
908 888 1103 940 Adam.
1164 885 1239 941 Da
1287 883 1417 938 mihi
1450 883 1660 937 corium
1708 880 1802 937 ﬁlii

228 997 324 1052 pro
347 983 504 1037 corio
542 979 731 1048 patris.
784 978 1049 1048 Exigam,
1092 975 1299 1045 inquit,
1349 990 1381 1030 a
1424 974 1533 1028 lillo
1562 972 1801 1029 debitum

226 1076 514 1146 genitoris.
548 1073 845 1140 Persolvat,
876 1072 977 1132 ait.
1005 1069 1199 1139 pellem
1223 1067 1306 1122 vel
1329 1068 1536 1123 corium
1569 1066 1804 1121 novissi-

231 1185 350 1225 mus
414 1183 565 1225 nunc
615 1165 813 1236 prioris
861 1173 989 1219 tunc
1040 1162 1228 1218 debiti.
1282 1159 1527 1217 Ulciscar
1580 1170 1803 1230 peccata

226 1260 435 1331 prioris
488 1258 656 1329 patris
713 1255 858 1326 ejus,
911 1264 1077 1322 atque
1137 1252 1309 1322 patris
1366 1252 1631 1305 omnium.
1682 1250 1807 1304 Haec

227 1355 415 1423 itaque
445 1352 697 1406 universa
728 1361 1036 1404 memorans
1086 1354 1249 1414 atque
1299 1344 1366 1399 de
1412 1343 1497 1397 bis
1540 1340 1806 1396 universis

226 1448 538 1501 admonens
563 1442 950 1513 nequissimus,
981 1436 1373 1506 malignissime
1404 1434 1805 1489 dicitzCarium

224 1555 320 1609 pro
365 1540 540 1593 corio.
599 1536 762 1593 Corio
802 1533 904 1589 Job
945 1546 1042 1601 pro
1078 1530 1228 1586 corio
1274 1527 1426 1583 Adae.
1462 1526 1679 1581 Coriqu
1712 1526 1807 1579 ﬁlii

226 1645 326 1700 pro
376 1629 533 1685 corio
587 1629 777 1697 patris.
834 1624 1054 1680 Corium
1120 1617 1439 1687 posterioris
1493 1630 1595 1686 pro
1656 1615 1808 1672 corio

226 1724 429 1792 patris.
462 1721 540 1776 lta
578 1720 793 1777 scilicet
824 1718 1041 1773 diverse
1070 1714 1474 1767 demonstratur
1500 1724 1566 1764 ac
1602 1722 1808 1764 memo-

227 1826 389 1871 ratur
422 1819 526 1872 hoc
575 1814 720 1885 quod
763 1812 840 1867 ait
866 1826 967 1881 pro
1007 1807 1179 1864 corio.
1236 1804 1305 1859 Et
1347 1802 1547 1873 adjecit
1578 1802 1801 1857 dicens:

225 1909 435 1964 Omnia
478 1920 804 1976 quacunque
850 1902 1092 1956 habuerit
1139 1904 1292 1952 homo
1324 1896 1471 1950 dabit
1495 1932 1512 1961 ,
1567 1902 1617 1948 et
1667 1903 1812 1947 eruet

225 2004 476 2054 animam
499 2015 678 2053 suam.
708 1993 909 2050 Verum
933 2003 1019 2048 est
1052 1992 1176 2055 hoc,
1200 1990 1328 2057 quia
1358 2002 1483 2043 cum
1505 1986 1571 2040 ad
1600 1987 1814 2056 pericu-

222 2094 347 2147 ium
404 2091 486 2146 vel
534 2090 827 2147 discrimen
866 2085 1177 2157 pervenerit
1227 2082 1415 2147 homo,
1444 2094 1657 2134 omnem
1699 2093 1813 2132 rem

224 2182 566 2237 familiarem
633 2177 976 2240 contemnit,
1060 2174 1374 2229 universam
1452 2168 1814 2224 substantiam

225 2290 399 2328 suam
430 2271 638 2340 spernit
671 2279 880 2324 tantum
906 2277 965 2321 ut
992 2268 1229 2322 animam
1257 2272 1446 2329 eruat,
1492 2268 1550 2315 ut
1574 2260 1813 2313 animam

225 2380 403 2420 suam
434 2363 759 2419 incolumem
798 2359 1008 2414 liberet.
1036 2348 1100 2412 Et
1132 2372 1276 2411 nunc
1306 2370 1427 2410 cum
1456 2367 1645 2422 speras
1672 2349 1814 2420 quod

228 2458 535 2511 adversum
570 2452 673 2508 Job
695 2450 964 2523 loqueris,
1005 2463 1104 2518 pro
1135 2446 1237 2503 Job
1276 2445 1515 2516 loqueris
1540 2480 1554 2508 ,
1592 2443 1813 2497 inimice

226 2550 488 2605 omnium
528 2548 791 2603 bonorum
837 2543 1070 2608 diabole,
1129 2550 1185 2596 et
1220 2555 1325 2594 non
1371 2535 1650 2608 intelligis.
1691 2535 1817 2589 Evi.

228 2643 436 2697 denter
470 2641 614 2697 enim
641 2638 744 2695 Job
783 2637 901 2707 plus
945 2648 1107 2705 quam
1147 2631 1327 2687 cateri
1366 2629 1582 2701 plurimi
1632 2627 1817 2682 omnia

228 2746 578 2804 quaecunque
627 2729 815 2785 habuit
859 2725 1110 2796 despexit
1156 2734 1320 2791 atque
1373 2719 1719 2791 contempsit,
1763 2726 1820 2773 et

229 2826 487 2890 divitias,
515 2832 570 2879 et
605 2820 1040 2893 possibilitatem,
1073 2827 1129 2873 et
1159 2815 1323 2879 filios,
1352 2823 1408 2869 et
1439 2828 1549 2867 rem
1575 2810 1814 2866 fatnilia-

231 2932 380 2983 rem,
424 2918 496 2972 ob
535 2914 640 2970 hoc
672 2921 884 2968 tantum
928 2919 990 2965 ut
1027 2909 1264 2965 animam
1315 2905 1628 2974 acquireret
1656 2911 1820 2970 atque

231 3007 620 3069 lncrifaeeret,
657 3015 718 3060 ut
743 3004 978 3058 animam
1004 3015 1156 3058 suam
1188 2999 1433 3061 illtesam.
1478 3005 1536 3051 et
1570 2996 1818 3050 inconta—

231 3105 507 3158 minatam
537 3110 700 3169 atque
744 3096 1003 3152 illibatam
1060 3092 1382 3148 custodiret.
1417 3089 1543 3144 llaec
1606 3088 1823 3145 scilicet

1843 1860 1886 1916 Β

1901 603 2135 657 animam
2183 601 2462 672 proponis,
2516 601 2750 656 animam
2799 604 3110 660 nominans.
3166 602 3248 659 Ob
3301 618 3465 672 quam

1904 708 2040 758 rem,
2064 693 2162 747 nisi
2186 696 2255 748 ob
2287 695 2410 757 hoc,
2438 693 2563 761 quia
2608 690 2721 761 jam
2771 694 3004 765 maligne
3049 697 3117 750 de
3157 697 3337 750 anima
3369 694 3470 750 Joh

1905 787 2141 841 tractas?
2170 788 2296 857 quia
2333 786 2529 841 callide
2563 786 2799 840 animam
2831 785 2946 856 ejus
2965 789 3201 857 quaeris?
3230 789 3475 845 Necdum

1901 881 2035 937 corii
2063 882 2181 951 ejus
2205 890 2529 950 potestatem
2563 881 2843 950 accepisti,
2888 882 3111 936 necdum
3148 881 3301 952 pellis
3331 884 3468 953 ejus,

1904 973 2004 1028 hoc
2031 982 2136 1039 est,
2173 972 2419 1042 corporis
2470 972 2610 1041 ejus,
2658 972 3018 1025 constantiam
3055 973 3385 1041 approbasti,
3416 982 3470 1028 et

1897 1063 2010 1132 jam
2050 1065 2245 1119 animus
2289 1062 2404 1131 ejus
2456 1062 2654 1133 quaeris
2694 1062 3226 1131 supplantationem,
3259 1061 3470 1127 Omnia,

1905 1157 2175 1227 inquiens,
2196 1173 2519 1227 quiscunque
2543 1155 2786 1209 habuerit
2810 1156 2962 1208 homo
2998 1155 3141 1209 dabit
3169 1172 3265 1223 pro
3299 1157 3474 1210 anima

1904 1249 2083 1304 sua".
2105 1248 2233 1303 Post
2264 1247 2375 1301 haec
2403 1246 2619 1314 adjecit,
2644 1246 2868 1300 dicens:
2896 1242 3021 1299 Non
3062 1263 3184 1312 ergo
3244 1249 3317 1299 ita
3377 1258 3472 1301 est.

1906 1340 2044 1406 Quid
2073 1340 2226 1405 dicis,
2266 1355 2298 1393 ο
2330 1338 2562 1400 diabole,
2605 1354 2713 1391 non
2752 1338 2821 1389 ita
2857 1338 2984 1391 est?
3041 1336 3138 1389 Vel
3195 1339 3262 1390 ob
3312 1353 3474 1407 quam

1911 1447 2020 1485 rem
2070 1431 2173 1486 hoc
2225 1429 2383 1496 dicis,
2440 1444 2543 1483 non
2595 1443 2726 1499 ergo
2759 1429 2832 1481 ita
2864 1426 2989 1482 est?
3038 1427 3116 1481 Ac
3150 1428 3194 1481 si
3226 1428 3473 1483 diceret:

1910 1524 2025 1578 Non
2055 1532 2137 1579 est
2165 1514 2348 1578 adhuc
2378 1521 2681 1583 definitum,
2714 1520 2942 1574 necdum
2980 1530 3064 1575 est
3092 1519 3476 1587 deliberatum,

1911 1614 2027 1669 Non
2070 1624 2153 1669 est
2189 1615 2331 1668 sicut
2383 1611 2483 1667 Job
2536 1612 2856 1677 arbitratur,
2891 1611 3046 1679 quod
3096 1608 3209 1679 jam
3261 1612 3475 1678 vicerit,

1910 1706 2053 1776 quod
2099 1705 2276 1760 omnia
2315 1702 2607 1774 perfecerit
2652 1712 2815 1771 atque
2863 1701 3192 1767 impleverit,
3244 1702 3478 1756 necdum

1912 1806 1995 1851 est
2021 1796 2073 1850 in
2108 1795 2212 1850 ﬁne
2239 1795 2475 1858 doloris,
2511 1794 2604 1849 sed
2638 1793 2692 1847 in
2729 1794 2903 1847 initio.
2956 1793 3069 1847 Non
3106 1808 3237 1864 ergo
3270 1794 3339 1847 ita
3373 1802 3477 1857 est,

1915 1889 2055 1944 sicut
2083 1887 2282 1941 dictmn
2306 1893 2407 1951 est,
2432 1886 2580 1953 quod
2612 1900 2717 1939 non
2741 1885 2809 1938 sit
2828 1884 2904 1938 illi
2937 1884 3131 1940 similis
3153 1885 3290 1939 alius
3314 1900 3482 1955 super

1918 1990 2136 2035 terram.
2169 1977 2307 2046 Quid
2346 1977 2570 2032 omnino
2597 1976 2844 2048 peregit?
2882 1976 3009 2045 quid
3036 1976 3329 2031 sustinuit?
3352 1976 3480 2046 quid

1916 2068 2304 2140 supportavit?
2379 2068 2488 2122 Nec
2546 2067 2836 2137 quidquam
2897 2081 3152 2136 magnum
3223 2068 3481 2122 adversus

1917 2163 2124 2218 futura.
2166 2162 2302 2219 Cum
2357 2160 2680 2220 sustinuerit
2730 2158 3047 2225 novissima,
3095 2168 3221 2213 tunc
3264 2159 3479 2213 demum

1917 2255 2241 2319 laudabitur,
2268 2268 2411 2308 nunc
2439 2267 2570 2307 vero
2603 2267 2707 2306 non
2738 2251 2813 2306 ita
2853 2258 2956 2304 est.
2993 2249 3099 2304 Sed
3132 2251 3341 2319 porrige
3372 2266 3484 2301 ma-

1919 2364 2043 2401 num
2081 2356 2249 2410 tuam,
2280 2354 2329 2399 et
2364 2354 2517 2415 tange
2554 2359 2764 2397 carnem
2808 2341 2947 2411 ejus,
2976 2353 3023 2395 et
3053 2358 3191 2405 ossa,
3224 2341 3267 2393 si
3301 2357 3401 2392 non
3429 2341 3485 2393 iu

1918 2435 2106 2500 faciem
2123 2434 2216 2487 tibi
2245 2433 2563 2486 benedixerit
2582 2430 2885 2501 "‘.Tange,
2910 2431 3108 2499 inquit,
3129 2446 3238 2485 rem
3258 2428 3487 2483 familia-

1917 2539 2032 2578 rem
2064 2533 2117 2578 et
2135 2523 2295 2588 filios,
2330 2532 2488 2593 tange
2517 2521 2737 2575 divitias
2760 2530 2813 2575 et
2841 2520 3278 2590 possibilitatem;
3307 2528 3484 2589 tange,

1919 2616 2115 2687 inquit,
2156 2630 2376 2671 carnem
2406 2624 2461 2670 et
2491 2628 2637 2677 ossa,
2667 2613 2709 2666 si
2750 2629 2855 2667 non
2883 2613 2935 2666 in
2964 2611 3157 2666 faciem
3190 2610 3487 2665 benedixe-

1920 2703 2009 2767 rit,
2043 2702 2149 2757 hoc
2170 2711 2252 2756 est
2297 2700 2657 2755 maledixerit.
2683 2698 2970 2767 Patientia,
3000 2700 3194 2769 inquit,
3231 2700 3283 2752 in
3303 2698 3489 2754 dolore

1921 2800 2103 2850 carnis
2170 2795 2510 2861 Ostendatnr,
2570 2792 2881 2848 suﬁcrentia
2939 2793 2993 2846 in
3054 2793 3259 2847 ossium
3327 2806 3488 2862 [liena

1922 2888 2341 2940 demonstretur.
2376 2880 2597 2953 Porrigo
2638 2899 2852 2936 manum
2892 2892 3057 2945 tuam,
3108 2883 3421 2946 identidem,
3453 2897 3488 2938 ο

1922 2976 2155 3038 tliabole,
2189 2992 2406 3030 manum
2445 2986 2499 3029 ut
2536 2976 2776 3047 porrigat
2817 2984 3059 3044 quaarere
3092 2974 3271 3045 fingis,
3302 2992 3490 3045 quem-

1923 3070 2210 3125 admodum
2239 3080 2291 3124 et
2325 3069 2592 3138 superius.
2646 3066 2778 3121 Nam
2824 3081 2953 3122 vere
3008 3074 3064 3119 ut
3107 3066 3200 3120 tibi
3244 3068 3491 3121 tradatur

231 3156 503 3253 dicendo.
530 3202 563 3246 ο
588 3156 822 3251 diabolo,
844 3195 899 3243 et
927 3186 1158 3255 teipsum
1185 3181 1316 3239 conf
1318 3182 1477 3236 undis
1503 3220 1519 3246 ,
1553 3178 1655 3235 Job
1692 3194 1819 3233 vero

1925 3159 2097 3230 cupis,
2134 3172 2191 3214 ut
2224 3161 2315 3215 tibi
2349 3160 2401 3214 in
2446 3168 2765 3228 potestatem
2806 3158 2965 3213 detur
2991 3157 3092 3211 vis.
3128 3156 3346 3227 Porrige
3378 3174 3491 3210 ma—

233 3284 591 3357 propositum
622 3279 866 3336 ostendis
904 3295 917 3331 :
951 3275 1144 3332 Omnia
1198 3288 1524 3345 quaecunque
1575 3270 1819 3326 habuerit

233 3383 400 3435 homo
427 3377 601 3442 dabit,
635 3385 690 3428 ut
721 3381 871 3428 erunt
894 3372 1129 3425 animam
1153 3386 1327 3434 suam,
1354 3368 1424 3423 ob
1462 3380 1629 3436 quam
1669 3362 1825 3418 rem?

234 3472 373 3541 quia
409 3466 694 3535 redemptio
718 3465 813 3519 uiri
843 3463 1060 3534 prepria
1084 3470 1160 3516 est
1177 3458 1479 3514 substantia
1495 3457 1586 3513 ⁷⁸⁵.
1632 3454 1824 3512 Omnia

235 3574 592 3634 quaecunque
616 3557 869 3613 habuerit
895 3557 1055 3611 homo
1096 3554 1266 3620 dabit,
1293 3561 1352 3605 ut
1392 3559 1550 3605 eruat
1589 3548 1825 3603 animam

237 3670 429 3712 suam.
459 3652 570 3708 Hoc
586 3652 694 3720 egit
722 3649 847 3717 Job,
878 3660 1166 3720 propterea
1197 3646 1441 3701 animam
1466 3659 1619 3699 suam
1651 3642 1828 3697 invio-

240 3750 416 3805 latam
456 3745 822 3804 conservavit.
879 3740 994 3798 Hoc
1044 3750 1273 3812 egerunt
1324 3738 1469 3794 beati
1518 3747 1824 3806 martyres,

242 3842 462 3897 idcirco
496 3848 781 3910 postquam
805 3836 988 3891 omnia
1012 3831 1386 3902 corruptibilis
1417 3840 1578 3900 atque
1606 3838 1824 3884 terrena

240 3941 744 4002 contempserunt,
802 3934 925 3999 post
986 3926 1089 3982 hoc
1148 3923 1499 3980 nihilominus
1547 3921 1824 3992 proprium

242 4040 456 4095 corpus
481 4026 534 4078 in
562 4036 779 4094 paruam
804 4030 969 4090 atque
1004 4020 1056 4073 in
1099 4016 1412 4074 incendium
1460 4014 1826 4078 tradiderunt,

244 4116 435 4186 ignem
471 4124 640 4184 atque
679 4113 913 4185 gladium
961 4109 1328 4173 sustinentes,
1383 4116 1592 4163 tantum
1624 4104 1828 4159 utani-

247 4223 370 4263 mas
399 4222 531 4262 suas
554 4207 972 4282 mundasatque
996 4210 1180 4258 castas
1214 4201 1322 4256 Deo
1349 4200 1693 4255 exhiberem.
1720 4194 1827 4251 Sed

246 4301 476 4356 interim
507 4298 787 4355 videamus
819 4297 993 4352 adhuc
1018 4302 1140 4366 post
1165 4294 1282 4349 haec
1311 4307 1433 4363 quas
1452 4292 1590 4345 bene
1614 4288 1826 4360 digesta

248 4402 401 4448 sunt.
434 4390 569 4445 Nam
591 4404 735 4460 saepe
761 4388 924 4443 etiam
952 4402 982 4443 a
1014 4386 1157 4442 malo
1193 4384 1396 4453 aliquid
1443 4382 1571 4438 boni
1617 4380 1832 4451 proﬁci-

251 4488 449 4549 scitur,
481 4496 588 4539 nen
619 4482 761 4553 quod
794 4483 1062 4552 pessimus
1082 4487 1138 4533 et
1168 4477 1437 4546 malignus
1457 4475 1531 4530 ita
1566 4475 1826 4541 voluerit,

253 4579 348 4633 sed
375 4576 508 4647 quia
544 4577 719 4631 bonus
760 4589 824 4629 ac
870 4571 1193 4627 benedictus
1237 4567 1379 4623 Deus
1411 4567 1632 4637 maligni
1670 4565 1827 4619 mali-

257 4669 389 4723 tiam
429 4670 482 4722 in
508 4666 705 4721 bonum
750 4665 1020 4719 convertit
1054 4660 1374 4717 timentibus
1406 4669 1571 4730 atque
1602 4657 1832 4726 diligen-

260 4762 407 4815 tibus
436 4773 523 4823 se,
557 4758 699 4812 sicut
732 4754 853 4823 Job,
891 4754 975 4809 vel
1003 4750 1335 4823 martyribus
1359 4759 1519 4820 atque
1553 4747 1832 4805 credenti-

258 4852 383 4915 bus,
414 4850 506 4920 qui
539 4847 688 4903 omni
720 4845 1005 4900 tolerantia
1036 4850 1359 4912 superantes
1384 4837 1680 4907 nequitiam
1715 4836 1836 4906 ejus

261 4958 481 5000 :rternae
504 4943 627 4997 vita:
643 4949 806 5010 atque
831 4937 1018 5009 glorias
1032 4933 1411 4991 ba-reditatem
1445 4931 1664 5000 capient
1691 4927 1834 4996 apud

268 5039 458 5092 Deum.
488 5035 579 5090 Sic
610 5034 775 5089 etiam
812 5047 956 5085 nune
996 5027 1119 5083 istic
1158 5039 1339 5082 sermo
1390 5024 1485 5095 qui
1539 5022 1772 5091 maligne
1800 5033 1831 5071 a

264 5131 477 5187 diabolo
501 5130 681 5184 dictus
705 5135 786 5182 est
809 5143 823 5179 :
844 5122 1037 5179 Omnia
1060 5134 1383 5192 quacunque
1413 5114 1655 5171 habuerit
1683 5115 1840 5167 homo

266 5224 430 5288 dabit,
451 5231 505 5275 ut
537 5228 685 5275 eruat
720 5217 953 5271 animum
985 5229 1163 5276 suam,
1196 5226 1301 5281 pro
1330 5206 1551 5278 pietatis
1596 5217 1837 5258 comme-

269 5315 570 5369 moratione
596 5308 946 5381 diligentibus
970 5304 1139 5359 Deum
1165 5300 1404 5372 prolicit.
1425 5296 1840 5356 Verumtamen,

271 5415 328 5459 nt
359 5404 619 5467 diximus,
661 5409 785 5472 post
828 5398 945 5452 haec
984 5395 1235 5449 universa
1270 5387 1488 5459 maligni
1532 5385 1703 5454 ipsius
1726 5384 1839 5436 dia-

273 5498 371 5551 boli
405 5513 472 5553 ex
516 5496 650 5566 ipsis
693 5489 1034 5554 sermonibus
1081 5486 1200 5556 ejus
1226 5492 1410 5539 notam
1462 5476 1835 5535 ostendamus.

274 5604 389 5641 cum
427 5565 730 5657 iniquitatis
755 5582 875 5651 ejus
899 5594 1048 5634 arma
1073 5578 1126 5632 in
1155 5590 1278 5631 eum
1308 5568 1694 5627 convertimus.
1720 5565 1837 5633 Dic,

276 5698 307 5733 ο
335 5655 667 5751 nequissime
700 5673 932 5737 diabole,
958 5671 1243 5724 adversum
1277 5677 1349 5730 te,
1386 5655 1450 5718 ab
1486 5661 1642 5716 initio
1671 5659 1737 5714 de
1782 5674 1841 5713 re

345 5907 411 5985 "f
443 5905 603 5961 Prov.
631 5915 752 5967 xm,
779 5899 831 5954 8.
907 5898 949 5929 ⁷⁸
973 5892 1069 5951 Job
1105 5911 1166 5957 tt,
1207 5891 1257 5946 5.
1373 5892 1437 5922 "‘
1469 5888 1599 5944 ibid.

1861 4534 1905 4587 Ι)

1928 3267 2053 3304 num
2093 3261 2257 3304 tuam.
2310 3250 2390 3304 Ad
2425 3249 2554 3320 quid
2592 3244 2896 3303 faciendum
2930 3248 3247 3318 porrigam?
3294 3248 3491 3318 Tange,

1928 3342 2122 3412 inquit,
2150 3358 2360 3396 carnem
2384 3351 2434 3395 et
2465 3357 2586 3394 ossa
2617 3339 2750 3408 ejus.
2790 3339 2999 3410 Atilige,
3033 3341 3230 3409 inquit,
3267 3342 3493 3393 commi-

1929 3451 2056 3500 nue,
2082 3443 2326 3502 contere,
2355 3433 2635 3490 doloribus
2665 3431 2816 3486 aliive
2839 3472 2854 3498 ,
2890 3432 3134 3502 putrefac
3163 3446 3356 3486 carnes
3378 3432 3495 3500 ejus

1931 3535 1986 3581 et
2008 3542 2154 3590 ossa,
2181 3536 2236 3579 et
2267 3529 2549 3579 universas
2585 3537 2873 3591 compages
2918 3537 3200 3577 nervorum
3231 3521 3398 3584 illius,
3449 3523 3494 3575 si

1932 3633 2037 3671 non
2074 3616 2124 3669 in
2154 3614 2349 3669 faciem
2374 3614 2466 3668 tibi
2505 3613 2850 3667 maledixerit
2894 3616 3055 3682 atque
3086 3612 3495 3681 blasphemave-

1930 3710 2020 3761 rit.
2056 3707 2187 3771 Hoc,
2219 3706 2410 3776 inquit,
2434 3703 2779 3761 sitindicium
2810 3705 3103 3774 patientia,
3133 3715 3185 3757 et
3217 3704 3494 3761 firmitatis

1933 3809 2095 3867 atque
2140 3794 2463 3851 constantia:
2513 3792 2648 3861 ejus,
2708 3800 2769 3849 ut
2818 3795 3022 3850 ossium
3085 3795 3166 3849 sic
3224 3806 3495 3850 tormenta

1930 3891 2137 3960 absque
2175 3887 2549 3943 numeratione
2593 3884 2838 3951 Suderat,
2888 3894 2947 3940 ut
3003 3886 3221 3942 dolores
3254 3889 3498 3957 corporis

1931 3985 2139 4054 absque
2202 3966 2637 4053 reprehensione
2671 3980 2976 4045 sustineat,
3047 3989 3107 4034 ut
3158 3982 3497 4051 putredinem

1932 4077 2197 4132 vermium
2254 4084 2535 4146 snpportet
2590 4074 2794 4143 absque
2843 4073 3201 4141 blasphemia.
3264 4073 3342 4129 0b
3395 4075 3500 4128 hoc

1930 4184 2062 4240 ergo
2087 4170 2208 4225 dico
2238 4187 2251 4223 :
2283 4167 2407 4222 Non
2440 4168 2513 4221 ita
2543 4176 2616 4221 est
2636 4206 2652 4230 ,
2696 4167 2788 4220 sed
2817 4167 3023 4236 porrige
3063 4183 3277 4220 manum
3328 4176 3499 4229 tuam,

1932 4273 1988 4317 ut
2047 4262 2117 4318 sit
2175 4259 2446 4316 inchoatio
2498 4259 2663 4330 hujus
2709 4258 2855 4325 belli,
2912 4258 3234 4315 certaminis
3288 4271 3503 4327 quoque

1929 4366 2094 4426 atque
2123 4352 2569 4424 disceptationis,
2624 4360 2685 4405 ut
2729 4359 2988 4420 appareat
3039 4348 3141 4405 Job
3187 4350 3499 4404 constantia

1933 4446 2196 4514 perfecta,
2247 4450 2340 4497 aut
2384 4456 2536 4495 meus
2602 4452 2780 4495 sermo
2834 4439 3123 4494 veridicus.
3179 4437 3278 4494 Cui
3345 4440 3504 4508 digne

1936 4536 2328 4606 respondeatur
2356 4554 2368 4589 :
2400 4533 2445 4590 Ο
2467 4534 2685 4588 inimice
2707 4532 2948 4586 omnium
2975 4531 3238 4585 bonorum
3269 4531 3502 4596 diabolo,

1938 4644 2043 4683 non
2072 4628 2167 4682 tibi
2209 4623 2543 4681 suffecerunt
2569 4622 2812 4692 propria,
2834 4622 2927 4676 sed
2954 4630 3159 4675 tantum
3183 4622 3506 4677 crudelitate

1939 4732 2103 4790 atque
2131 4720 2406 4787 impietate
2442 4717 2701 4771 adversus
2727 4714 2929 4781 justum
2973 4715 3114 4768 hunc
3142 4715 3334 4768 uteris.
3361 4713 3507 4767 Tan-

1937 4823 2049 4867 tum
2086 4809 2411 4878 injustitiam
2445 4824 2531 4861 me
2566 4805 2829 4877 perlicere
2858 4807 3010 4876 cupis
3032 4847 3047 4872 ,
3082 4816 3139 4861 ut
3172 4805 3375 4874 justum
3402 4803 3506 4859 Job

1940 4904 2035 4958 tibi
2071 4901 2269 4969 injuste
2298 4896 2656 4955 contradam?
2690 4906 2749 4950 ut
2780 4898 3122 4952 innocentem
3148 4895 3314 4965 impio
3339 4896 3508 4966 depnc

1939 4993 2090 5048 tem?
2129 5001 2188 5046 ut
2212 4990 2447 5047 miseriis
2476 4988 2700 5044 alliciam
2725 5000 2847 5043 eum
2879 4987 2968 5056 qui
2997 4988 3116 5042 sine
3148 4994 3371 5057 peccato
3388 4984 3508 5042 est?

1940 5100 1998 5145 ut
2044 5087 2344 5144 molestiam
2389 5085 2630 5155 ingeram
2684 5082 2919 5138 devoto?
2964 5093 3021 5135 ut
3069 5096 3175 5135 non
3227 5079 3509 5136 discedent-

1942 5196 2050 5240 tem
2102 5180 2449 5254 percutiam?
2497 5190 2554 5234 ut
2613 5176 2874 5250 ﬁagellem
2910 5189 3016 5232 non
3064 5177 3509 5248 delinquentem?

1942 5291 1999 5334 nt
2027 5280 2274 5335 tribulem
2329 5277 2534 5346 gratias
2567 5275 2856 5346 agentem?
2902 5274 3039 5342 Quid
3081 5274 3186 5330 hoc
3229 5274 3510 5329 indecoro-

1943 5376 2056 5431 sius
2112 5382 2277 5443 atque
2324 5370 2603 5426 illicitius?
2645 5368 2766 5438 quis
2806 5367 3027 5422 omnino
3065 5365 3363 5421 carnalium
3407 5368 3511 5443 hoc

1944 5464 2145 5521 faciat?
2197 5464 2320 5535 quis
2349 5478 2418 5517 ex
2447 5460 2679 5517 terrenis
2704 5472 2925 5529 prorsus
2952 5459 3054 5514 hoc
3083 5468 3225 5530 agat,
3254 5468 3310 5512 ut
3345 5437 3515 5519 mori-3

1946 5574 2134 5630 gerum
2159 5566 2320 5628 atque
2346 5556 2597 5610 devotum
2626 5568 2842 5609 servum
2870 5550 3070 5621 injuste
3100 5549 3164 5604 ad
3184 5549 3512 5619 supplicium

1946 5649 2272 5710 contradat?
2301 5646 2410 5705 Sed
2445 5646 2665 5705 interim
2687 5654 2745 5701 ut
2777 5656 2922 5703 tuam
2956 5644 3296 5715 iniquitatem
3327 5640 3513 5697 redar-
