3992 6312
356 421 460 477 46³5

1450 415 1831 473 ANONYML'S
1871 414 1935 469 lN
1975 412 2114 471 JOB.
2157 448 2225 455 —
2262 416 2391 473 LIB.
2433 417 2499 473 ll.

3516 426 3631 479 464

357 560 521 613 gnam
552 552 714 613 atque
756 542 1071 613 injuStitiam
1120 538 1421 609 obiurgem,
1454 538 1589 594 Ecce
1642 549 1796 592 traao
1836 537 1932 591 tibi
1961 542 2008 597 Α
2036 538 2120 593 nis
2164 547 2569 594 coronanuntur
2618 540 2671 595 in
2724 552 3020 612 conspectu
3071 554 3211 595 meo.
3242 540 3321 595 Ne
3356 543 3626 613 tetigeris:

357 653 477 691 eum
496 632 655 701 “,nt
704 635 910 704 absque
963 634 1399 689 contradictione
1448 630 1826 696 convincaris,
1886 640 1942 685 et

360 731 570 799 absque
592 730 944 783 excusatione
970 728 1373 790 condemneris,
1413 738 1578 795 atque
1603 727 1657 780 in
1686 724 1941 781 omnibus

362 820 593 873 mendax
625 818 1016 888 comproberis.
1064 816 1200 871 Ecce
1233 818 1387 870 trado
1438 816 1531 869 tibi
1576 815 1749 869 illum.
1797 814 1939 869 Sub-

362 911 621 965 stantiam
656 909 895 979 quaesisti
928 919 983 963 et
1026 909 1307 979 accepisti.
1337 925 1478 963 nunc
1509 909 1684 978 ipsum
1715 908 1936 976 quau-is,

359 1003 548 1058 habes.
580 1001 716 1057 Ecce
743 1002 895 1056 trado
927 1003 1024 1055 tibi
1060 1003 1232 1056 illam.
1261 1002 1375 1056 Non
1404 1001 1744 1064 contradico,
1771 999 1939 1054 male-

357 1095 530 1159 dicte;
565 1109 670 1148 non
710 1094 803 1148 tibi
834 1095 1044 1163 deuego
1070 1135 1084 1157 ,
1129 1094 1528 1159 condemnate;
1575 1106 1680 1147 non
1716 1102 1937 1162 propter

360 1196 527 1247 tuam,
558 1187 756 1255 inquit,
790 1187 1185 1257 malignitatem
1214 1228 1228 1251 ,
1261 1187 1353 1240 sed
1396 1195 1617 1256 propter
1646 1183 1749 1238 Job
1778 1184 1934 1238 inno-

353 1280 610 1342 centiam,
663 1288 720 1332 ut
766 1278 947 1349 justus
975 1289 1256 1348 appareat,
1303 1288 1361 1333 ut
1395 1280 1514 1333 sine
1553 1275 1771 1347 querela
1813 1291 1934 1331 esse

354 1372 767 1442 comprobatur,
802 1381 859 1424 ut
888 1370 1160 1441 gloriosus
1187 1381 1502 1435 coronetur,
1536 1379 1593 1423 ut
1641 1384 1807 1422 verax
1842 1369 1932 1422 de-

352 1474 712 1520 monstretur.
772 1464 875 1518 Pro
932 1464 1038 1528 his,
1102 1464 1303 1533 inquit,
1357 1463 1610 1518 omnibus
1661 1475 1789 1515 ecce
1831 1461 1927 1515 tibi

352 1560 506 1612 trado
530 1558 703 1611 illum.
746 1556 959 1611 Nudum
985 1554 1135 1608 illum
1168 1554 1460 1622 reliquisui,
1494 1555 1694 1608 nudum
1722 1552 1929 1608 consti-

352 1652 525 1713 tuisti.
553 1650 724 1705 solum
758 1648 1060 1715 reddidisti,
1111 1648 1286 1703 solum
1317 1648 1467 1701 illum
1500 1646 1593 1702 tibi
1644 1646 1817 1705 trado.
1873 1654 1928 1699 et

347 1745 583 1813 accipies
633 1745 781 1798 illum
830 1742 1027 1800 solum.
1105 1743 1354 1796 Animam
1409 1755 1517 1795 non
1583 1738 1922 1810 quaesivisti,

346 1839 582 1891 animam
628 1854 692 1891 ne
735 1836 965 1906 tetigeris
1020 1834 1087 1889 ³³.
1139 1835 1368 1889 Carnem
1429 1845 1481 1888 et
1536 1850 1657 1889 Ossa
1714 1832 1921 1902 petisti,

2041 631 2238 701 inquit,
2266 634 2502 687 animam
2536 631 2661 687 Job.
2693 632 3046 689 Conculcabit
3088 636 3232 688 enim
3256 646 3419 704 caput
3447 648 3627 705 tunni,

2039 732 2090 777 et
2126 725 2458 779 comminuet
2483 726 2739 781 virtutem
2776 736 2919 780 tuam
2940 766 2956 792 ,
2984 736 3041 781 et
3066 737 3315 781 conteret
3347 728 3627 783 fortitudi-

2039 829 2161 869 nem
2194 824 2365 879 tuam,
2392 825 2446 871 et
2476 816 2781 872 humiliabit
2812 818 3149 873 altitudinem
3182 825 3330 872 tuam
3354 859 3370 883 ,
3402 826 3458 873 et
3490 819 3629 887 dejio’

2036 908 2147 962 ciet
2192 907 2479 964 elationem
2527 917 2702 974 tuam,
2742 919 2799 964 et
2835 910 3231 964 demonstrabit
3279 913 3428 965 omni
3465 911 3625 966 carni

2039 999 2288 1054 ﬁduciam
2321 999 2390 1054 ad
2415 1001 2668 1055 standum
2700 1000 2985 1054 adversum
3021 1008 3075 1055 te
3102 1010 3415 1057 constanter
3446 1018 3624 1073 usque

2036 1092 2090 1146 in
2119 1094 2336 1148 saecula.
2366 1093 2635 1164 Malignus
2670 1107 2903 1163 namque
2956 1108 3015 1149 es
3058 1106 3109 1148 et
3148 1088 3436 1159 invalidus,
3464 1096 3625 1151 calli-

2035 1185 2136 1242 dus
2183 1196 2346 1256 atque
2391 1186 2662 1251 inﬁrmus,
2717 1195 2932 1241 astutus
2977 1188 3043 1241 ad
3090 1187 3486 1253 insidiandum,
3517 1188 3624 1244 sed

2035 1279 2389 1349 impossibilis
2420 1280 2485 1333 ad
2520 1280 2935 1350 opprimendum
2961 1319 2978 1345 ,
3006 1281 3196 1335 doctus
3221 1281 3290 1336 ad
3335 1282 3619 1352 decipien-

2033 1373 2182 1439 dum,
2218 1380 2275 1426 et
2303 1371 2568 1427 invalidus
2603 1371 2670 1425 ad
2699 1371 3081 1428 resistendum.
3106 1372 3240 1427 Nam
3281 1372 3425 1428 sicut
3450 1374 3617 1431 facile

2030 1459 2243 1513 seducit
2270 1459 2555 1515 instabiles
2583 1468 2746 1528 atque
2793 1460 3126 1527 incredulos,
3166 1478 3291 1517 cum
3331 1464 3403 1519 sit
3451 1466 3614 1520 calli-

2032 1551 2309 1617 dissimus,
2336 1551 2587 1607 similiter
2641 1551 2802 1606 facile
2851 1554 3111 1609 resistunt
3162 1554 3235 1609 illi
3262 1571 3452 1613 omnes
3473 1556 3612 1625 justi

2030 1653 2193 1712 atque
2224 1645 2527 1711 credentes,
2557 1661 2750 1701 omnes
2797 1646 2965 1701 Deum
3014 1649 3265 1705 timentes
3305 1659 3466 1720 atque
3503 1650 3612 1706 Job

2030 1737 2333 1803 imitantes,
2367 1747 2551 1808 utpote
2599 1738 2853 1794 invalido.
2888 1741 2948 1794 In
2993 1742 3224 1796 arbitrio
3252 1758 3386 1813 ergo
3424 1745 3609 1800 homi-

2030 1848 2155 1886 num
2192 1840 2274 1886 est
2302 1841 2565 1901 potestas,
2598 1833 2862 1889 sanctitas
2889 1844 3053 1905 atque
3074 1840 3403 1891 constantia.
3427 1837 3482 1892 In
3508 1854 3606 1893 ar-

345 1933 578 1986 onimam
601 1948 662 1985 ne
693 1931 942 1999 tetigeris.
989 1928 1225 1984 Contere
1265 1937 1478 1983 tantum
1513 1943 1757 1992 carnem,
1795 1926 1923 1980 a'ﬁli-
1954 1890 1999 1950 Β
2026 1923 2189 1979 bitrio
2220 1934 2303 1978 est
2352 1925 2631 1979 hominum
2682 1934 2928 1995 poteSIas
2969 1926 3093 1981 ﬁdei
3148 1943 3213 1983 ac
3253 1930 3487 1998 pietatis.
3545 1930 3608 1986 Si

345 2039 414 2094 ge
454 2038 609 2089 ossa,
642 2022 876 2075 animam
927 2038 989 2074 ne
1023 2019 1275 2089 tetigeris.
1324 2019 1551 2073 Terram
1590 2018 1690 2073 tibi
1739 2020 1919 2083 trado,

344 2114 490 2169 caelo
533 2130 599 2168 ne
629 2112 1174 2183 appropinquaveris.
1228 2109 1647 2181 Corruptionem
1697 2110 1919 2175 habeto,

345 2206 806 2275 incorruptionem
833 2220 898 2258 ne
925 2204 1191 2272 tetigeris,
1230 2202 1336 2257 hoc
1366 2212 1450 2258 est
1491 2202 1752 2256 animam.
1789 2200 1921 2255 Ter-

353 2315 542 2355 renum
605 2314 699 2353 vas
752 2296 1032 2367 confringe
1078 2306 1136 2351 ut
1178 2295 1450 2362 volueris,
1489 2295 1738 2350 interiori
1786 2308 1920 2348 vero

343 2393 602 2447 thesauro
632 2406 699 2447 ne
756 2390 1300 2461 appropinquaveris.
1342 2386 1530 2444 Luterc
1561 2396 1715 2442 testa:
1748 2386 1917 2441 facito

342 2484 489 2557 quod
554 2483 838 2549 volueris,
924 2482 1404 2551 pretiosissimam‘
1443 2494 1577 2533 vero
1651 2478 1919 2547 margari-

342 2591 452 2633 tam
516 2592 583 2631 ne
629 2575 897 2646 tetigeris.
942 2573 1057 2629 Non
1099 2572 1399 2628 maculavit
1438 2571 1589 2625 illam
1631 2570 1914 2641 iniquitas,
1940 2557 1955 2575 ⁸

340 2688 447 2725 non
520 2670 742 2723 violavit
788 2668 936 2722 illam
1004 2668 1237 2738 pessima
1292 2665 1573 2736 cogitatio,
1632 2681 1739 2720 non
1796 2680 1918 2735 per-

341 2763 503 2817 vertit
561 2762 704 2816 illam
750 2762 844 2817 Dei
905 2760 1284 2831 blasphemia,
1349 2775 1456 2815 non
1511 2758 1707 2830 polluit
1772 2756 1916 2813 illam

337 2854 618 2911 Creatoris
684 2853 1053 2924 reprehensio.
1113 2852 1323 2908 Idcirco
1394 2851 1626 2905 animam
1684 2851 1797 2920 ejus
1852 2867 1915 2904 ne

339 2945 591 3013 tetigeris.
624 2943 820 3008 Meum,
853 2942 1046 3010 inquit,
1078 2941 1286 3011 plasma
1317 2949 1400 2995 est
1432 2940 1761 3004 inviolabile,
1796 2954 1915 2995 mea

338 3039 603 3095 habitatio
648 3046 736 3093 est
778 3035 1241 3100 incontaminata,
1277 3048 1396 3089 mea
1441 3033 1801 3089 commoratio
1831 3044 1917 3089 est

336 3127 758 3197 incoinquinata.
803 3125 929 3181 ideo
970 3124 1206 3178 animam
1236 3123 1352 3194 ejus
1384 3139 1453 3178 ne
1485 3122 1725 3193 tetigeris
1746 3162 1761 3187 ,
1794 3138 1915 3191 (pne

2024 2016 2168 2069 enim
2196 2014 2468 2070 voluerint
2501 2015 2777 2071 declinare
2812 2031 2843 2070 a
2892 2016 3087 2083 malis,
3127 2028 3182 2072 et
3226 2017 3408 2075 facere
3441 2019 3608 2085 bona,

2022 2115 2076 2161 et
2109 2104 2310 2169 valent,
2341 2114 2397 2159 et
2432 2113 2679 2174 possunt,
2713 2111 2770 2158 et
2821 2119 2925 2157 non
2962 2106 3220 2175 praevalet
3246 2105 3352 2161 illis
3383 2107 3610 2176 nequis-

2024 2197 2215 2259 simus,
2247 2200 2291 2253 si
2319 2197 2485 2251 fuerit
2514 2212 2612 2253 cor
2641 2210 2829 2251 eorum
2862 2198 3160 2253 secundum
3192 2197 3383 2263 Deum,
3404 2199 3449 2253 si
3485 2199 3607 2253 fue-

2024 2292 2094 2345 rit
2131 2292 2380 2347 voluntas
2422 2307 2612 2347 eorum
2659 2291 2712 2345 in
2760 2291 3073 2357 sanctitate,
3116 2293 3161 2346 si
3200 2293 3376 2347 anima
3412 2308 3609 2348 eorum

2023 2385 2185 2441 fuerit
2211 2386 2266 2440 in
2298 2387 2546 2453 veritate,
2575 2386 2619 2442 si
2650 2402 2803 2443 mens
2847 2388 2899 2442 in
2931 2387 3037 2441 ﬁde
3068 2400 3135 2441 ac
3168 2387 3398 2457 pietate,
3426 2387 3470 2441 si
3507 2388 3608 2440 ad-

2021 2480 2332 2536 monuerint
2378 2480 2701 2549 semetipsos
2731 2480 2783 2534 in
2818 2478 3253 2533 misericordiam
3297 2488 3354 2533 et
3380 2478 3609 2533 misera-

2021 2573 2221 2628 tionem
2248 2612 2265 2637 ,
2294 2571 2348 2626 in
2383 2572 2525 2627 bona
2555 2587 2717 2644 opera
2761 2580 2924 2642 atque
2952 2571 3136 2626 omnia
3163 2585 3284 2640 quae
3318 2571 3369 2624 in
3406 2570 3498 2625 Dei
3536 2572 3607 2624 ti-

2020 2679 2169 2719 more
2199 2664 2577 2735 pertlciuntur,
2603 2674 2659 2720 et
2684 2664 2753 2720 de
2779 2666 3031 2721 omnibus
3053 2680 3174 2735 quae
3195 2663 3349 2732 juxta
3380 2664 3475 2719 Dei
3505 2678 3605 2719 vo-

2019 2754 2282 2811 luntatem
2315 2756 2468 2811 ﬁunt.
2505 2755 2638 2812 Cum
2674 2758 2819 2812 enim
2861 2758 3111 2812 voluntas
3142 2756 3420 2811 hominum
3465 2772 3604 2812 con-

2018 2850 2250 2908 senserit
2275 2850 2537 2904 voluntati
2590 2849 2707 2917 Dei,
2756 2856 2883 2905 tunc
2934 2850 3114 2904 omnia
3147 2864 3266 2919 qua;
3301 2848 3439 2904 bona
3470 2858 3602 2904 sunt

2017 2941 2176 2997 facile
2204 2942 2489 3012 perﬁciunt
2515 2941 2784 2998 homines.
2815 2942 2950 2997 Cum
2980 2943 3043 2996 iis
3070 2941 3268 3012 quibus
3290 2928 3602 2997 delectatur

2018 3030 2178 3097 Deus,
2211 3030 2462 3087 delectati
2501 3031 2704 3087 fuerint
2746 3031 2997 3087 homines
3019 3071 3035 3096 ,
3073 3043 3200 3087 tunc
3235 3032 3599 3087 nihilominus

2016 3125 2197 3179 omnia
2227 3139 2567 3194 quaecunque
2595 3124 2701 3177 vita
2740 3125 2900 3195 digna
2925 3136 3075 3189 sunt,
3110 3134 3308 3196 praesto
3338 3133 3464 3180 sunt
3493 3125 3599 3180 bo-

335 3221 404 3275 ad
437 3220 720 3291 imaginem
756 3206 847 3272 Dei
893 3227 977 3272 est
1004 3227 1203 3287 creata,
1244 3231 1363 3285 qua:
1396 3215 1789 3285 incorruptibili
1827 3230 1915 3271 sa-
1940 3234 1983 3293 ρ
2018 3217 2274 3273 minibus.
2306 3216 2442 3271 Nam
2471 3228 2525 3272 et
2558 3216 2663 3273 Job
2689 3218 2850 3272 homo
2879 3216 2981 3271 fuit
3007 3217 3265 3281 carnalis,
3298 3217 3399 3273 fuit
3422 3227 3599 3274 terre-

335 3313 534 3382 pientia
567 3320 650 3368 est
684 3312 908 3376 imbuta,
933 3325 1053 3379 qua:
1082 3324 1331 3365 sermone
1361 3317 1417 3364 et
1443 3308 1670 3363 scientia
1698 3316 1783 3363 est
1815 3323 1911 3363 co-

336 3415 557 3468 ronata,
594 3418 712 3474 quae
749 3403 839 3457 Dei
871 3402 1185 3473 cognitione
1216 3408 1298 3456 est
1349 3401 1533 3455 induta
1559 3439 1575 3464 ,
1621 3414 1741 3469 quae
1793 3414 1914 3453 cor-

334 3499 571 3569 ruptibili
601 3498 973 3551 dominatione
998 3494 1158 3565 hujus
1202 3496 1385 3549 mundi
1413 3505 1496 3549 est
1524 3492 1909 3559 honoriﬁcata,

331 3606 450 3661 qua:
476 3590 634 3661 paulo
663 3592 926 3646 minorem
950 3589 1176 3659 gloriam
1200 3590 1269 3643 ab
1294 3588 1500 3659 angelis
1525 3603 1685 3657 super
1708 3599 1907 3642 terrain

328 3691 413 3736 est
447 3682 657 3752 adepta.
695 3680 845 3736 Hanc
885 3680 1095 3735 scilicet
1129 3679 1366 3733 animam
1411 3694 1478 3733 ne
1514 3679 1786 3750 tetigeris,
1818 3694 1913 3733 ne-

328 3790 435 3842 que
463 3775 589 3829 huic
621 3773 1161 3844 appropinquaveris,
1192 3786 1367 3841 neque
1396 3770 1906 3832 comninnicaveris,

328 3881 504 3937 neque
538 3865 947 3921 commiscearis
970 3903 985 3929 ,
1020 3879 1195 3934 neque
1228 3863 1528 3927 obtuderis,
1557 3877 1732 3933 neque
1763 3861 1907 3916 infa-

331 3957 591 4019 tuaveris,
614 3971 790 4026 neque
823 3955 1157 4024 fatigaveris,
1183 3970 1358 4024 neque
1384 3940 1681 4028 deceperis.
1718 3955 1907 4011 Omni-

328 4048 428 4101 bus
479 4047 661 4115 itaque
703 4045 875 4100 niodis
919 4045 1155 4099 animam
1201 4046 1317 4116 ejus
1347 4061 1478 4101 cave
1525 4062 1595 4102 ne
1640 4046 1902 4117 tetigeris.

326 4137 461 4193 Nam
513 4148 566 4192 tu
598 4153 719 4191 cum
756 4136 990 4190 animam
1024 4136 1141 4207 ejus
1178 4151 1286 4191 non
1321 4137 1595 4208 tetigeris,
1636 4154 1810 4211 neque
1850 4141 1902 4196 ei

327 4230 752 4301 proximaveris,
792 4242 1066 4297 nunquam
1116 4243 1204 4283 me
1251 4229 1514 4286 innocens
1556 4229 1672 4300 ejus
1722 4234 1902 4288 anima

324 4322 565 4391 negabit.
601 4319 708 4373 Pro
760 4319 843 4373 bis
890 4332 1022 4388 ergo
1056 4318 1311 4373 omnibus
1357 4320 1595 4374 animam
1627 4320 1744 4390 ejus
1771 4337 1903 4379 cave

324 4431 391 4470 ne
422 4414 683 4484 tetigeris.
713 4410 829 4465 Non
860 4410 1103 4480 tetigisti,
1132 4410 1325 4480 inquit,
1354 4412 1588 4465 animam
1618 4411 1814 4483 Josepli
1848 4411 1918 4468 in

323 4509 557 4571 luxuria,
580 4523 687 4561 non
713 4504 937 4576 tetigisti
960 4505 1193 4558 animam
1222 4504 1456 4558 Abrahae
1488 4506 1556 4557 in'
1575 4504 1896 4572 tentatione,

2018 3327 2140 3375 nus,
2169 3310 2558 3379 corruptibilis,
2592 3310 2714 3364 talis
2742 3309 2935 3380 quales
2968 3325 3160 3365 omnes
3199 3311 3467 3379 homines,
3498 3312 3597 3368 sed

2014 3403 2261 3458 devotior
2284 3413 2446 3472 atque
2469 3403 2763 3458 studiosior
2783 3403 2930 3458 circa
2950 3404 3350 3477 eleemosynas,
3376 3418 3430 3459 et
3452 3405 3595 3460 bona

2014 3509 2179 3564 opera
2199 3494 2251 3547 in
2280 3494 2385 3548 ﬁde
2410 3509 2474 3549 ac
2504 3493 2596 3547 Dei
2623 3494 2819 3550 timore
2841 3510 2952 3564 prie
2976 3495 3229 3550 omnibus
3256 3496 3593 3551 hominibus.

2013 3586 2221 3641 Idcirco
2252 3585 2602 3654 acceptabilis
2638 3584 2740 3640 fuit
2767 3584 2871 3642 Job
2920 3585 3032 3642 Deo
3063 3601 3228 3656 super
3261 3601 3451 3642 omnes
3491 3587 3593 3643 ho-

2015 3679 2229 3744 mines;
2294 3678 2500 3734 idcirco
2545 3679 2820 3749 superavit
2861 3680 3248 3750 nequissimum
3294 3680 3591 3747 diabolum,

2010 3772 2184 3841 magis
2226 3787 2389 3841 quam
2434 3786 2624 3827 omnes
2675 3772 2923 3828 homines
2969 3774 3022 3828 in
3061 3783 3303 3845 tempore
3338 3791 3454 3831 suo.
3495 3776 3593 3831 Sic

2008 3865 2193 3935 itaque
2221 3875 2449 3935 possunt
2472 3880 2661 3921 omnes
2690 3866 2936 3922 homines
2956 3868 3047 3938 qui
3078 3868 3368 3935 voluerint,
3391 3879 3446 3924 et
3476 3869 3591 3925 Deo

2006 3957 2242 4027 placere,
2274 3968 2333 4011 et.
2360 3957 2573 4013 diabolo
2602 3959 2892 4026 resistere,
2926 3970 2979 4015 et
3012 3960 3343 4016 voluntatem
3374 3962 3465 4017 Dei
3497 3962 3589 4016 fa-

2007 4063 2166 4110 cere,
2203 4056 2257 4102 et
2290 4047 2342 4100 in
2378 4062 2605 4117 regnum
2647 4048 2910 4103 caelorum
2944 4050 3197 4114 introire,
3249 4061 3305 4105 et
3334 4051 3386 4105 in
3416 4051 3585 4106 vitam

2005 4147 2264 4191 aiternam
2301 4138 2665 4206 requiescere.
2699 4138 2804 4192 Aut
2852 4138 3027 4195 adhuc
3073 4140 3367 4195 secundum
3410 4141 3583 4212 ipsam

2006 4229 2313 4285 historiam.
2347 4229 2593 4283 Animam
2620 4269 2636 4296 ,
2667 4230 2884 4301 inquit,
2927 4235 3040 4301 ejus
3073 4249 3137 4286 ne
3180 4233 3445 4303 tetigeris,
3480 4235 3587 4289 hoc

2004 4331 2087 4375 est
2124 4337 2191 4377 ne
2229 4338 2349 4376 eam
2402 4333 2531 4377 ante
2557 4332 2770 4393 tempus
2809 4325 2876 4379 de
2915 4339 3144 4394 corpore
3186 4324 3397 4393 ejicias.
3429 4328 3506 4383 Ac
3533 4327 3580 4381 si

2001 4413 2209 4469 diceret
2233 4429 2249 4468 :
2278 4414 2353 4468 lta
2378 4414 2639 4469 demetire
2660 4416 2836 4484 ipsum
2858 4414 3102 4471 dolorem
3134 4429 3300 4487 atque
3330 4422 3582 4488 corporis

2003 4523 2221 4578 pinnam
2243 4548 2257 4571 ,
2292 4518 2347 4563 ut
2376 4510 2545 4579 ipsam
2579 4510 2814 4564 animam
2840 4522 2967 4565 ante
3017 4522 3228 4581 tempus
3254 4513 3321 4568 de
3349 4528 3583 4582 corpore

324 4620 429 4657 non
470 4599 690 4671 tetigisti
727 4600 959 4652 animam
991 4597 1109 4652 Noe
1144 4599 1198 4653 in
1236 4597 1415 4651 medio
1446 4598 1750 4668 gigantum,
1787 4613 1893 4652 non
1927 4603 1971 4657 D
2002 4600 2155 4655 exire
2183 4615 2289 4655 non
2321 4602 2633 4671 couipellas.
2665 4600 2784 4657 Noli
2824 4618 2956 4672 ergo
2998 4604 3329 4659 mortiﬁcare
3356 4621 3577 4676 corpus,

323 4694 544 4765 tetigisti
589 4693 775 4747 Enoch
818 4692 871 4746 in
903 4692 1081 4746 medio
1126 4690 1471 4761 injustorum,
1520 4708 1627 4745 non
1668 4692 1894 4761 tetigisti

318 4785 556 4839 animam
607 4783 739 4838 Abel
776 4783 1115 4838 innocentem
1167 4784 1287 4854 ejus
1316 4783 1713 4839 internecione.
1752 4785 1894 4854 Ergo

317 4880 443 4947 quia
498 4878 739 4945 nullius,
780 4877 992 4947 inquit,
1037 4876 1252 4930 illorum
1298 4876 1536 4931 animam
1585 4876 1830 4947 tetigisti,
1862 4897 1895 4933 υ

317 4971 566 5039 diabole,
612 4972 817 5026 idcirco
854 4971 1185 5025 immaculati
1235 4987 1425 5026 omnes
1463 4981 1625 5042 atque
1663 4972 1804 5025 beati
1838 4973 1894 5026 in

316 5074 608 5133 conspectu
639 5079 760 5120 meo
788 5063 1148 5119 consummati
1179 5072 1323 5119 sunt.
1349 5063 1470 5119 Noli
1500 5080 1631 5134 ergo
1660 5080 1760 5120 nec
1790 5065 1893 5121 Job

316 5156 547 5211 animam
575 5166 814 5227 tangere,
839 5167 894 5211 et
918 5155 1182 5227 gloriosus
1209 5158 1372 5210 etiam
1398 5157 1485 5212 hic
1516 5158 1572 5212 in
1596 5168 1890 5227 conspectu

315 5262 437 5301 meo
464 5251 947 5305 consuininahitur.
1002 5248 1121 5303 Non
1158 5248 1414 5317 tetigisti,
1448 5250 1644 5321 inquit,
1682 5259 1889 5320 marty-

314 5354 434 5393 rnni
467 5354 706 5394 meorum
742 5342 989 5408 animas,
1026 5356 1134 5395 non
1182 5340 1403 5411 tetigisti
1439 5343 1765 5397 mirabilium
1797 5358 1890 5398 ve-

314 5430 607 5485 ridicorum
638 5448 882 5487 meorum
913 5433 1133 5501 testium
1178 5433 1409 5487 animas.
1455 5432 1661 5488 Idcirco
1695 5434 1732 5489 ii
1763 5450 1887 5489 suc-

314 5527 632 5581 cnmbentes
674 5526 954 5592 universi,
1002 5535 1222 5596 propter
1253 5524 1410 5580 ﬁdem
1439 5535 1886 5595 contempserunt

313 5626 566 5681 mortem,
600 5617 720 5673 ideo
747 5617 1051 5672 intaminati
1083 5633 1297 5673 omnem
1342 5616 1481 5687 ignis
1507 5633 1723 5686 pinnam
1755 5618 1880 5672 irri-

311 5720 500 5765 serunt
534 5718 695 5779 atque
719 5709 902 5778 gladii,
930 5710 1121 5765 merito
1155 5709 1698 5765 immarcescibilibus
1721 5725 1877 5765 coro-

382 5893 427 5920 εο
463 5888 561 5945 Job
595 5906 658 5957 ιι,
691 5889 745 5944 6.
824 5830 865 5920 δέ
895 5887 1022 5943 ibid.
1100 5888 1143 5921 ιι
1181 5888 1312 5946 ibid.
1341 5891 1378 5943 7.

2005 4711 2073 4752 ne
2101 4704 2226 4751 ante
2257 4694 2644 4760 perfectionem
2681 4697 3023 4764 constantiae,
3048 4698 3132 4751 vel
3157 4702 3581 4755 consummatio-

2004 4803 2127 4843 nem
2159 4787 2460 4842 tolerantia:
2493 4788 2738 4842 discedat
2769 4790 2973 4843 anima.
2994 4789 3086 4845 Sic
3112 4791 3297 4860 itaque
3322 4791 3580 4849 omnibus

2004 4880 2179 4935 modis
2213 4888 2323 4934 tam
2346 4878 2683 4944 carnalibus,
2707 4895 2870 4951 quam
2894 4882 3057 4937 etiam
3088 4882 3423 4951 spiritalibus
3456 4900 3577 4944 anl-

2003 4987 2144 5025 mam
2173 4986 2241 5025 ne
2272 4971 2534 5043 tetigeris.
2566 4969 2695 5025 Post
2728 4986 2849 5040 qua:
2884 4972 3157 5040 universa,
3198 4973 3368 5031 dicit:
3401 4974 3577 5034 Exivi:

1999 5061 2241 5117 diabolus
2276 5079 2308 5115 a
2354 5061 2490 5130 [acie
2518 5059 2730 5116 Domini
2753 5061 2824 5116 ".
2854 5062 3133 5129 Quomodo
3168 5063 3338 5121 exivit
3372 5082 3402 5122 a
3434 5067 3577 5124 facie

2001 5156 2210 5212 Domini
2256 5155 2304 5210 is
2331 5156 2424 5226 qui
2466 5154 2717 5225 indignus
2761 5164 2844 5210 est
2877 5156 3162 5226 praesentia
3192 5156 3452 5215 Domini?
3482 5162 3575 5215 Sic

1997 5250 2165 5303 exivit
2185 5265 2212 5302 a
2241 5248 2378 5303 facie
2400 5247 2793 5315 Domini,sicut
2819 5256 2873 5303 et
2899 5250 3047 5303 venit
3068 5258 3191 5307 ante
3219 5262 3569 5322 conspectum

1998 5344 2230 5401 Domini.
2294 5344 2387 5399 Sic
2438 5343 2643 5407 exivit,
2700 5342 3152 5413 quemadmodum
3207 5355 3263 5399 et
3318 5347 3569 5417 superius

1993 5447 2268 5492 ostensum
2296 5451 2359 5492 ac
2386 5444 2739 5490 memoratum
2774 5443 2894 5491 est:
2924 5433 3108 5491 Exibit
3134 5436 3377 5491 diabolus
3414 5455 3447 5490 a
3481 5437 3567 5507 fa-

1992 5530 2068 5583 cie
2105 5529 2333 5583 Domini.
2374 5527 2555 5583 Exivit
2582 5568 2597 5589 ,
2641 5531 2736 5583 sed
2778 5544 2883 5585 non
2931 5530 3241 5585 carnalibus
3298 5529 3562 5599 vestigiis,

1993 5634 2166 5688 neque
2215 5618 2657 5689 corruptibilibus
2701 5608 2978 5690 gressibus
3004 5660 3019 5685 ,
3063 5622 3156 5675 sed
3213 5622 3563 5690 aequissimis

1992 5710 2434 5783 cogitationibus,
2468 5710 2665 5781 quibus
2693 5709 2955 5767 adversus
2976 5710 3077 5766 Job
3112 5709 3361 5779 nequiter
3391 5710 3561 5764 medi-
