3992 6312
243 318 339 373 465

1315 321 1695 377 ANONYMUS
1737 322 1800 376 IN
1838 321 1979 377 JOB.
2019 353 2084 364 --
2123 321 2249 377 LIB.
2291 321 2356 375 11.

3365 321 3466 378 166

243 447 368 490 tatus
396 446 474 491 est
507 446 666 507 alque
700 437 953 506 cogitavit
977 439 1280 496 :emnlando
1309 453 1472 511 atque
1501 442 1792 497 invidendo
1823 445 1868 503 Α
1896 450 2056 508 atque
2088 441 2506 509 impmnitentes,
2548 437 2641 507 qui
2676 435 2739 489 ad
2777 435 2943 491 Deum
2977 453 3082 492 non
3119 451 3462 507 convertunt,

239 530 495 583 innocenti
531 531 605 584 illi
640 540 805 600 atque
835 532 996 600 justo.
1042 531 1134 587 Sic
1165 533 1348 601 itaque
1377 535 1797 605 cogitationibus

235 623 370 676 venit
397 633 526 676 ante
558 624 720 677 Deum
747 639 994 693 quaerens
1018 640 1082 680 ac
1110 627 1446 690 desiderans,
1478 637 1536 680 ut
1567 626 1667 682 Job
1698 642 1794 681 ac-

230 716 420 783 ciperet
443 715 500 768 in
527 726 868 786 potestatem.
895 715 984 771 Sic
1009 717 1304 772 identidem
1337 719 1794 787 nequissimorum

230 806 574 860 consiliorum
629 809 904 876 accipiens
943 807 1366 877 perfectionem,
1415 811 1517 866 hoc
1563 821 1650 866 est
1694 810 1795 866 Job

225 906 544 965 potestatem
596 899 662 953 ad
709 899 1052 970 amigendum
1107 917 1328 956 carnem
1379 912 1434 956 et
1488 919 1610 957 ossa
1655 905 1792 973 ejus,

226 1003 340 1042 nam
371 989 477 1044 hoc
507 992 798 1047 meditatus
820 994 1092 1063 quaesivit,
1122 994 1298 1048 Exirit
1327 1013 1358 1048 a
1390 995 1525 1058 {acie
1557 994 1792 1062 Domini,

223 1081 320 1133 hoc
353 1089 434 1134 est
491 1082 694 1150 quievit
743 1083 992 1138 meditari
1025 1099 1088 1139 ac
1118 1086 1393 1155 cogitare,
1442 1087 1532 1156 qui
1585 1089 1791 1156 pridem

224 1170 510 1226 meditatus
555 1171 732 1228 fuerat
771 1183 934 1245 atque
980 1175 1335 1242 cogitaverat.
1386 1177 1518 1231 Nam
1549 1181 1788 1249 primum

222 1265 352 1332 apud
381 1265 739 1333 semetipsum
764 1267 1014 1336 nequiter
1038 1268 1305 1322 meditans
1335 1278 1497 1338 atque
1521 1269 1791 1337 cogitans,

220 1354 345 1408 dixit
371 1370 384 1407 :
417 1353 557 1420 Quis
584 1354 713 1409 mihi
731 1356 907 1421 daret,
935 1365 992 1410 ut
1013 1372 1227 1426 possem
1245 1359 1431 1413 venire
1451 1367 1577 1412 ante
1602 1359 1789 1425 Deum,

218 1458 268 1502 et
298 1449 545 1504 invenire
594 1457 916 1518 potestatem
961 1449 1142 1504 carnis
1165 1491 1180 1514 ,
1214 1451 1531 1521 ossiumque
1563 1450 1681 1516 Job,
1735 1462 1793 1504 ut

218 1538 464 1608 afﬂigens
509 1541 656 1596 illum
707 1542 1000 1596 secundum
1053 1543 1292 1597 animum
1324 1558 1504 1598 meum
1547 1559 1791 1613 cogerem

216 1647 334 1686 eum
377 1633 781 1703 reprehendere
820 1633 966 1686 illum
1009 1648 1170 1702 quem
1213 1651 1355 1690 nunc
1401 1635 1690 1704 praedicat,
1740 1647 1794 1691 et

215 1738 418 1792 negare
451 1725 600 1779 illum
625 1725 709 1778 cui
737 1739 879 1778 nunc
908 1727 1110 1794 gratias
1148 1726 1298 1795 agit?
1332 1727 1455 1782 Istis
1483 1743 1614 1798 ergo
1645 1729 1792 1798 cogi-

1899 534 1988 604 qui
2037 533 2409 602 prenitentiam
2455 545 2558 584 non
2595 527 2952 597 confitentur,
3011 530 3102 599 qui
3145 531 3337 584 faciem
3371 533 3464 585 Dei

1899 643 2001 680 non
2037 627 2339 694 requirunt,
2373 625 2463 694 qui
2504 625 2596 679 Dei
2640 624 2900 693 judicium
2932 639 3036 678 non
3064 632 3333 687 metuunt,
3369 624 3463 693 qui

1897 733 2111 789 poenam
2163 715 2461 770 inferorum
2513 731 2617 769 non
2684 715 3144 778 contremiscunt,
3185 716 3276 784 qui
3329 731 3462 770 con-

1897 812 2238 867 demnatione
2269 811 2527 879 gehennae
2560 824 2664 863 non
2694 817 2986 863 terrentur.
3021 808 3133 864 lloc
3162 817 3466 863 metuentes

1895 919 2085 958 omnes
2112 903 2244 970 justi
2283 903 2473 957 devote
2503 901 2774 972 deprecati
2812 909 2939 954 sunt
2968 899 3134 954 Deum
3182 901 3460 956 dicentes:

1897 994 1982 1048 Ne
2018 992 2268 1063 projicias
2310 1008 2390 1044 me
2426 1009 2457 1045 a
2504 991 2639 1061 facie
2677 1001 2769 1045 tua
2807 989 2874 1046 ³⁸.
2918 989 2984 1043 Et
3033 989 3198 1043 alibi:
3249 988 3464 1043 Faciem

1894 1097 2060 1149 tuam,
2093 1083 2332 1148 Domine,
2361 1085 2644 1154 requiram.
2689 1083 2770 1136 Ne
2805 1092 3010 1136 avertas
3039 1082 3228 1150 facient
3264 1093 3408 1134 tuam
3434 1100 3465 1133 a

1893 1196 1972 1232 me
1998 1177 2066 1243 ",
2096 1186 2150 1232 et
2179 1177 2283 1230 alia
2311 1176 2543 1246 plurima
2571 1176 2656 1230 his
2682 1174 2904 1229 similia.
2937 1173 3011 1227 Ex
3048 1174 3165 1228 istis
3195 1189 3323 1243 ergo
3351 1189 3466 1227 ont-

1894 1271 2051 1323 nibus
2081 1269 2194 1323 exit
2235 1267 2506 1322 diabolus.
2551 1268 2755 1340 omnes
2805 1267 2897 1335 qui
2944 1267 3010 1321 ab
3041 1282 3106 1321 eo
3139 1269 3189 1319 in
3223 1282 3463 1320 errorem

1893 1360 2168 1414 ducuntur
2199 1367 2358 1427 atque
2385 1355 2746 1418 seducuntur,
2781 1364 2835 1408 et
2863 1369 3052 1409 omnes
3088 1355 3178 1423 qui
3217 1354 3465 1406 volunta-

1894 1459 2000 1506 tem
2042 1449 2159 1520 ejus
2212 1449 2454 1513 faciunt,
2496 1456 2551 1502 et
2601 1463 2790 1502 omnes
2837 1447 2928 1516 qui
2979 1447 3045 1500 ad
3092 1446 3464 1514 paenitendum

1892 1543 2059 1598 corda
2091 1557 2188 1596 sua
2215 1540 2508 1604 obdurant,
2535 1539 2621 1593 isti
2651 1555 2839 1594 omnes
2871 1537 3233 1606 projiciuntur
3267 1554 3296 1591 a
3331 1535 3468 1592 facie

1895 1637 2012 1703 Dei,
2048 1637 2136 1692 isti
2170 1649 2360 1690 omnes
2388 1632 2731 1702 expelluntur
2767 1632 2819 1683 in
2853 1631 3103 1685 tenebras
3140 1630 3462 1691 exteriores.

1894 1740 1948 1785 et
1983 1731 2157 1800 ignem
2191 1725 2706 1795 inexstinguibilem,
2743 1724 2832 1792 qui
2873 1727 3205 1792 praeparatus
3236 1729 3319 1776 est
3347 1720 3467 1776 dia-

215 1816 518 1871 tationibus
544 1816 751 1885 pridem
778 1793 930 1870 venit
950 1824 1074 1871 ante
1104 1793 1410 1873 Dominum.
1437 1793 1640 1874 Deinde
1669 1793 1789 1875 cum
1825 1793 1866 1848 Β
1895 1793 2058 1885 bolo,
2112 1829 2167 1874 et
2215 1817 2418 1888 angelis
2439 1793 2580 1884 'ejus
2601 1857 2616 1880 ,
2651 1826 2817 1885 atque
2844 1817 3096 1870 omnibus
3138 1814 3227 1882 qui
3258 1814 3466 1868 faciunt

210 1907 515 1976 accepisset
545 1916 867 1976 potestatem
897 1906 1029 1973 Job,
1063 1923 1127 1963 ac
1160 1910 1465 1980 quiesceret
1504 1912 1616 1966 haec
1647 1915 1791 1984 cogi-

209 2007 352 2061 tare,
385 2010 672 2068 postquam
697 1999 904 2067 quievit
926 2000 992 2054 ab
1015 2001 1138 2056 istis
1162 2004 1602 2061 meditationibus
1630 2018 1792 2078 atque

203 2090 488 2156 consiliis,
517 2091 694 2145 exisse
730 2090 931 2144 dicitur
970 2107 999 2144 a
1035 2093 1174 2148 facie
1223 2093 1458 2150 Domini.
1489 2099 1629 2169 Ergo
1661 2103 1788 2170 quia

201 2182 470 2236 exierunt
487 2198 514 2235 a
536 2182 671 2236 faeie
695 2182 900 2236 Domini
919 2185 1274 2252 cogitationes
1294 2188 1432 2258 ejus,
1457 2192 1652 2247 merito
1677 2194 1792 2263 ipse

201 2273 420 2328 dicitur
438 2275 586 2330 exire
615 2290 643 2329 a
673 2277 810 2330 facie
837 2277 1070 2342 Domini,
1104 2278 1204 2332 hoc
1231 2289 1314 2332 est
1365 2289 1627 2336 tractatus
1650 2283 1790 2351 ejus,

201 2373 264 2420 et
299 2367 587 2436 cogitatio,
635 2368 914 2422 meditatio
939 2385 1154 2439 quoque
1187 2373 1418 2441 maligna
1462 2382 1624 2441 atque
1653 2375 1794 2446 inju-

203 2467 358 2513 stum
392 2458 746 2514 desiderium.
796 2458 970 2542 Exivit
1008 2479 1039 2514 a
1082 2461 1218 2530 facie
1265 2462 1517 2531 Domini,
1577 2467 1676 2521 hoc
1708 2475 1790 2522 est

205 2550 423 2620 quievit
453 2561 614 2621 atque
659 2554 890 2607 cessavit
934 2555 1220 2618 meditari,
1273 2565 1328 2609 et
1370 2559 1611 2627 cogitare
1643 2569 1791 2628 post-

207 2657 374 2712 quam
412 2642 462 2696 id
493 2642 634 2712 quod
661 2645 909 2712 quaesivit
933 2647 1163 2714 accepit.
1186 2645 1320 2700 Nam
1345 2659 1545 2704 etvere
1569 2651 1791 2706 veniunt

211 2742 337 2786 ante
370 2734 562 2799 Deum,
591 2745 644 2788 et
679 2734 903 2802 justitize
925 2737 1196 2806 justorum
1226 2780 1240 2804 ,
1277 2747 1330 2793 et
1366 2741 1676 2809 impietates
1706 2743 1789 2797 in-

207 2835 506 2895 justorum.
542 2825 632 2881 Sic
661 2844 893 2897 namque
917 2829 1051 2885 dicit
1079 2833 1302 2903 angelus
1335 2833 1400 2888 ad
1433 2833 1745 2889 Cornelium
1772 2855 1784 2889 :

209 2917 499 2973 Orationes
536 2929 676 2986 tum,
709 2929 758 2974 et
803 2920 1141 2993 eleemosynaa
1193 2934 1297 2977 tuae
1341 2927 1688 2980 ascenderunt
1734 2928 1788 2981 in

209 3012 523 3064 memoriam
551 3021 670 3064 ante
699 3009 863 3064 Deum
891 3013 958 3068 ⁸³.
991 3013 1084 3068 Sic
1119 3024 1174 3069 et
1216 3015 1344 3069 olim
1387 3017 1524 3071 dixit
1567 3019 1789 3088 angelus

1891 1913 2226 1967 voluntatem
2277 1909 2415 1977 ejus.
2459 1907 2636 1962 Exivit
2683 1906 2932 1960 diabolus
2975 1921 3004 1959 a
3064 1904 3203 1959 facie
3250 1903 3462 1957 Domini

1891 2006 2140 2062 deferens
2162 2001 2284 2066 Job,
2314 2010 2374 2055 ut
2395 2001 2637 2070 putabat,
2674 1998 3008 2053 interﬁciens
3052 1997 3254 2066 justum
3287 1997 3462 2057 illum.

1891 2107 1952 2151 ut
1981 2093 2308 2151 confidebat.
2346 2091 2438 2146 Sic
2469 2105 2706 2160 namque
2736 2098 2790 2144 et
2818 2089 3024 2157 primus
3072 2089 3461 2157 discipulorum

1891 2189 2011 2259 ejus
2033 2187 2166 2242 Cain
2194 2194 2478 2256 postquam
2508 2192 2724 2253 propter
2749 2181 3006 2235 invidiam
3032 2179 3113 2249 (ut
3134 2179 3335 2234 dictum
3359 2181 3464 2249 est)

1892 2280 2164 2337 interfecit
2215 2277 2386 2340 Abel,
2421 2277 2589 2331 exivit
2617 2290 2647 2330 a
2687 2273 2825 2329 facie
2872 2273 3106 2327 Domini.
3156 2273 3246 2328 Sic
3277 2274 3466 2341 itaque

1891 2373 2134 2427 diabolus
2163 2380 2317 2440 pater
2344 2379 2398 2424 et
2424 2370 2576 2438 origo
2608 2368 2849 2421 omnium
2879 2365 3168 2428 malorum,
3199 2366 3466 2420 exsistens

1890 2463 2208 2519 interfector
2252 2473 2515 2532 quantum
2552 2459 2618 2513 ad
2654 2460 2824 2528 ipsum
2855 2456 2994 2523 Job,
3041 2457 3206 2511 exivit
3253 2473 3282 2510 a
3330 2457 3468 2512 facie

1890 2557 2123 2612 Domini.
2148 2555 2366 2610 Certum
2391 2563 2476 2608 est
2497 2553 2644 2624 quod
2673 2553 2922 2622 nequiter
2945 2559 3107 2619 atque
3138 2550 3299 2617 itnpie
3325 2550 3466 2617 aputl

1890 2646 2242 2716 semetipsum
2274 2653 2547 2710 tractans,
2579 2641 2718 2696 dixit
2752 2641 2819 2695 ad
2853 2642 3059 2694 Deum:
3097 2639 3323 2693 ulterius
3357 2653 3463 2691 non

1890 2740 2102 2811 indigeo
2128 2738 2265 2793 facie
2297 2746 2406 2799 tua,
2434 2736 2558 2805 quia
2581 2733 2764 2802 accepi
2798 2740 3121 2800 potestatem
3151 2729 3268 2798 ejus
3300 2745 3463 2799 quem

1891 2830 2106 2886 zelabar
2148 2827 2233 2882 vel
2281 2825 2608 2896 quaerebam.
2657 2822 2800 2877 Deus
2851 2836 2981 2876 vero
3035 2821 3213 2875 sciens
3255 2819 3464 2873 firmam

1888 2921 2410 2981 consummationem
2446 2917 2568 2986 Job,
2599 2918 2870 2988 acquievit
2919 2927 2978 2971 ut
3013 2932 3108 2987 per
3137 2916 3463 2970 diabolicum

1890 3017 2065 3086 ignem
2111 3014 2369 3084 probatus
2423 3010 2632 3074 fuisset,
2681 3009 3137 3080 quemadmodum
3189 3009 3234 3062 si
3287 3015 3466 3062 teneat

209 3105 276 3157 ad
300 3102 536 3158 Tobiam
565 3122 578 3158 :
610 3103 739 3158 Cum
766 3121 946 3160 orares
1005 3117 1060 3159 tu
1089 3115 1138 3161 et
1185 3107 1323 3162 Sara
1364 3109 1476 3177 ﬁlia
1513 3110 1784 3180 Raguetis,
1814 3136 1861 3198 ο
1892 3109 1945 3164 in
1973 3124 2135 3162 manu
2165 3123 2259 3162 sua
2291 3107 2414 3174 quis
2442 3107 2807 3171 adamantem,
2831 3114 2885 3159 et
2907 3103 3044 3157 alius
3071 3101 3293 3172 quilibet
3316 3101 3466 3155 dicat

205 3212 294 3263 ego
326 3195 501 3248 obtuii
534 3198 840 3251 memoriam
864 3199 1158 3252 orationum
1187 3209 1475 3253 vestrarum
1499 3203 1551 3256 in
1577 3219 1788 3273 conspe-

207 3295 288 3338 ctu
311 3285 413 3339 Dei
440 3285 507 3340 “.
542 3285 672 3341 Item
694 3302 819 3342 vero
851 3289 918 3342 de
946 3288 1126 3357 impiis
1154 3289 1288 3343 dicit
1312 3291 1606 3347 Dominus:
1631 3291 1788 3347 Nunc

206 3377 528 3431 recordabar
561 3378 946 3447 injustitiarum
979 3379 1211 3446 illorum,
1233 3391 1283 3435 et
1319 3381 1546 3437 ulciscar
1573 3398 1788 3453 peccata

206 3483 384 3524 eorum
412 3470 485 3527 ⁸⁸.
521 3471 582 3525 Et
606 3471 871 3527 Jeremias
896 3473 1025 3528 dicit
1050 3474 1116 3527 ad
1150 3474 1437 3544 impiorum
1466 3479 1781 3534 consilium:

211 3558 405 3616 Nonne
452 3565 784 3617 incensorum
835 3577 1127 3619 vestrorum
1170 3569 1474 3624 recordatus
1513 3580 1584 3624 est
1613 3571 1789 3625 Domi-

209 3667 300 3708 nus
341 3652 416 3706 de
451 3652 771 3708 idololatriis
793 3699 806 3721 ,
839 3665 886 3709 et
923 3659 1156 3711 ascendit
1181 3658 1234 3714 in
1281 3675 1370 3711 cor
1389 3661 1502 3727 ejus
1519 3661 1608 3714 86?
1636 3663 1787 3718 Sicut

209 3760 329 3814 ergo
359 3744 619 3800 universa
656 3747 769 3801 hate
802 3748 1026 3802 veniunt
1060 3759 1186 3804 ante
1216 3749 1408 3816 Deum,
1433 3751 1506 3804 ita
1540 3751 1788 3808 diabolus

209 3838 429 3891 venisse
452 3837 670 3901 dicitur,
703 3848 757 3894 et
790 3840 972 3896 exisse
999 3858 1026 3894 a
1075 3841 1212 3897 facie
1243 3843 1490 3910 Domini,
1527 3859 1629 3898 non
1662 3861 1785 3915 per-

210 3944 330 3983 sona
367 3929 602 3984 veniens
622 3972 636 3994 ,
667 3931 760 3986 sed
792 3932 1216 4001 cogitationibus
1245 3945 1407 4006 atque
1438 3937 1788 4007 malignitatis

210 4032 311 4072 sine
325 4017 795 4085 meditationibus,
816 4035 935 4089 quin
950 4022 1242 4092 aliquando
1263 4026 1681 4081 veniebantcum
1701 4027 1787 4081 ille

211 4110 510 4180 cogitabat,
529 4111 822 4180 aliquando
838 4114 1063 4168 exibant
1079 4155 1092 4176 ,
1114 4130 1236 4170 cum
1251 4115 1338 4170 ille
1354 4118 1591 4186 cogitare
1604 4120 1787 4186 quies-

211 4202 386 4258 cebat.
414 4200 536 4280 Ilaec
560 4202 742 4272 itaque
757 4203 1141 4260 demonstrans
1154 4205 1286 4260 dicit
1317 4205 1522 4261 :Exivit
1546 4211 1785 4264 diabolus

210 4309 240 4346 a
253 4293 394 4361 [acie
415 4292 646 4347 Domini.
667 4295 841 4349 Exivit
860 4311 1001 4361 vere,
1019 4297 1119 4351 hoc
1133 4309 1216 4352 est
1241 4301 1507 4362 discessit,
1533 4301 1785 4370 deseruit,

211 4383 416 4438 oblitus
451 4394 534 4438 est
573 4425 588 4449 ,
622 4384 761 4438 ultra
802 4401 908 4440 non
955 4388 1263 4452 aestimavit,
1311 4405 1485 4459 neque
1537 4391 1784 4458 curavit,

1898 3201 1962 3255 ad
1990 3215 2148 3254 eum:
2185 3198 2260 3252 Da
2293 3197 2428 3252 mihi
2475 3198 2620 3251 hunc
2649 3194 2989 3250 adamantem
3030 3194 3081 3247 in
3117 3201 3461 3261 potestatem,

1892 3303 1946 3350 et
1975 3308 2076 3360 ego
2128 3291 2278 3345 illum
2328 3289 2693 3345 comminuam
2729 3287 2782 3341 in
2831 3287 3036 3355 ignem,
3080 3292 3466 3351 conteramquc

1893 3384 2127 3446 ictibus;
2155 3381 2242 3436 ille
2265 3395 2396 3435 vero
2423 3380 2513 3448 qui
2545 3393 2670 3432 eum
2699 3376 2752 3430 in
2779 3391 2938 3429 manu
2971 3376 3152 3437 habet,
3185 3373 3466 3428 conlidens

1892 3492 2020 3532 vere
2048 3477 2172 3546 quia
2215 3475 2436 3529 adamas
2466 3480 2571 3536 est,
2595 3470 2740 3524 dicat
2768 3488 2780 3522 :
2816 3466 2968 3520 Tolle
2995 3509 3008 3532 ,
3045 3466 3238 3536 proba,
3266 3478 3465 3530 exper-

1894 3566 2167 3635 ire,'quia
2215 3578 2552 3633 nequaquam
2598 3559 2724 3612 huic
2779 3557 3056 3611 adamanti
3123 3553 3462 3638 pratvalebis.

1897 3658 1989 3712 Sic
2020 3671 2150 3726 ergo
2177 3664 2231 3710 et
2264 3654 2505 3708 omnium
2549 3645 2796 3720 cognitor
2827 3656 2990 3714 atque
3013 3646 3271 3714 prtescius
3300 3643 3463 3707 Deus,

1893 3748 2037 3802 velut
2067 3743 2436 3800 inviolabilem
2465 3742 2805 3796 adamantem
2827 3738 3035 3791 habens
3056 3733 3178 3797 101),
3203 3734 3464 3804 quaerenti

1893 3841 2107 3897 diabolo
2141 3839 2290 3895 dedit
2336 3852 2459 3891 eum
2512 3836 2564 3888 in
2607 3840 2960 3904 potestatem,
3011 3831 3290 3884 conlidens
3338 3844 3466 3883 vere

1890 3935 2017 4006 quia
2046 3947 2206 3988 verus
2253 3931 2474 3983 adamas
2515 3936 2600 3982 est
2639 3925 2760 3980 Job.
2796 3924 2888 3979 Sic
2937 3939 3170 3993 namque
3201 3932 3255 3979 et
3287 3924 3468 3993 singu-

1891 4028 2022 4080 laris
2055 4024 2166 4089 ille,
2198 4033 2252 4078 et
2287 4021 2504 4076 divinus
2525 4061 2539 4085 ,
2576 4019 2817 4074 caelestis
2845 4034 3062 4088 quoque
3103 4031 3262 4087 atque
3290 4018 3465 4072 incor-

1891 4116 2160 4187 ruptibilis
2187 4117 2406 4169 adamas
2431 4112 2752 4183 Unigenitus
2781 4111 2921 4167 Deus
2945 4127 2973 4165 a
2999 4111 3160 4165 Patre
3190 4111 3256 4164 ad
3289 4119 3464 4164 terras

1890 4212 2107 4271 missus,
2144 4207 2210 4262 de
2237 4221 2346 4277 quo
2384 4206 2514 4261 dicit
2543 4206 2683 4259 Deus
2730 4204 2926 4259 Pater:
2963 4204 3101 4259 Ecce
3133 4219 3231 4272 ego
3265 4219 3460 4272 ponam

1889 4305 2231 4356 adamantem
2264 4299 2315 4352 in
2345 4299 2520 4352 medio
2549 4298 2728 4368 populi
2763 4299 2864 4352 mei
2899 4315 2911 4350 :
2937 4312 3097 4366 quem
3124 4311 3295 4364 neque
3324 4295 3462 4364 ignis

1891 4393 2244 4449 tentationutn
2276 4391 2330 4444 in
2359 4390 2575 4445 deserto
2603 4389 3125 4459 comminuit,quem
3157 4405 3262 4441 non
3293 4387 3461 4457 plaga:

213 4491 388 4545 neque
417 4479 733 4532 recordatus
757 4487 838 4532 est
866 4480 1007 4547 quod
1034 4479 1105 4534 sit
1134 4481 1291 4536 Deus.
1311 4482 1406 4536 lllo
1433 4484 1575 4538 enim
1614 4500 1783 4554 usque
1814 4489 1858 4544 D
1888 4487 2176 4557 impiorum
2223 4489 2274 4541 in
2323 4500 2486 4540 cruce
2525 4485 2925 4547 contriverunt,
2961 4498 3120 4551 quem
3175 4498 3349 4551 neque
3380 4496 3463 4537 se-

213 4576 333 4622 ante
361 4566 533 4621 Deum
559 4566 723 4622 fuisse
753 4569 976 4631 dicitur,
1006 4571 1248 4640 quandiu
1273 4573 1338 4627 de
1368 4573 1475 4627 Deo
1501 4575 1780 4644 cogitavit,

213 4673 330 4711 cum
379 4655 483 4712 Job
526 4667 834 4717 accusaret.
879 4659 1170 4730 Postquam
1210 4677 1339 4716 vero
1384 4665 1592 4733 accepit
1639 4667 1781 4734 quod

214 4749 416 4813 voluit,
454 4758 508 4804 et
553 4751 693 4819 quod
739 4753 1018 4822 quaesivit,
1051 4755 1313 4809 continuo
1342 4755 1656 4825 relinquens
1688 4757 1780 4811 Dei

215 4840 550 4906 memoriam,
589 4857 616 4894 a
649 4841 787 4896 facie
819 4843 910 4897 Dei
945 4844 1124 4898 exisse
1166 4844 1309 4912 juste
1340 4846 1557 4901 dicitur.
1606 4847 1784 4902 Exivit

215 4934 461 4992 diabolus
487 4953 516 4991 a
544 4938 680 4992 facie
709 4939 953 5006 Domini,
989 4949 1134 4995 totus
1173 4941 1374 5005 exivit,
1405 4951 1461 4996 et
1500 4957 1663 4998 sensu
1687 4983 1701 5008 ,
1729 4952 1784 4998 et

216 5027 459 5094 consilio,
491 5039 551 5082 et-
582 5031 950 5095 meditatione,
982 5041 1036 5086 et
1071 5039 1306 5086 tractatu
1332 5043 1492 5104 atque
1520 5038 1782 5091 memoria

217 5118 378 5174 exivit
405 5135 435 5173 a
477 5117 619 5175 facie
650 5119 879 5175 Domini.
918 5121 1011 5177 Sic
1040 5123 1208 5178 exivit
1248 5123 1376 5178 olim
1423 5125 1476 5179 in
1514 5126 1784 5197 principio

219 5211 410 5269 diaboli
453 5213 752 5283 discipulus
779 5214 984 5283 primus
1033 5217 1329 5272 adversarii
1367 5218 1582 5273 fructus
1622 5220 1780 5286 Cain,

218 5316 335 5356 cum
366 5303 572 5369 justum
607 5304 965 5360 interfecisset
1003 5304 1157 5361 Abel.
1193 5306 1286 5363 Sic
1329 5308 1496 5362 exivit
1531 5309 1675 5364 sicut
1701 5310 1783 5362 di-

219 5394 291 5447 cit
338 5393 660 5465 Scriptura:
694 5395 871 5450 Exibit
917 5396 1049 5450 Cain
1096 5414 1127 5451 a
1169 5399 1304 5467 facie
1358 5399 1569 5454 Domini
1593 5400 1659 5458 ⁸⁷.
1690 5400 1782 5457 Sic

217 5495 407 5541 exeunt
430 5487 596 5542 etiam
630 5503 776 5543 nunc
802 5503 832 5541 a
860 5487 996 5543 facie
1027 5487 1234 5543 Domini
1261 5492 1441 5546 cuncti
1470 5491 1779 5561 pertinaces

286 5698 327 5730 "
352 5702 469 5755 Act.
504 5718 534 5755 χ
564 5741 578 5763 ,
628 5700 680 5755 4.
757 5700 803 5732 ⁸⁸
828 5701 961 5756 Το1).
1017 5715 1092 5753 xu
1120 5744 1132 5764 ,
1170 5701 1253 5754 12.

227 5765 247 5797 ⁸
278 5767 411 5826 Psal.
448 5788 498 5842 1.,
531 5771 618 5828 15.
698 5772 743 5807 ⁸⁸
771 5771 911 5829 Psal.
946 5788 1094 5840 xxvi,
1128 5775 1180 5842 8,
1209 5774 1262 5828 9.

1333 5704 1374 5738 "
1412 5702 1521 5759 Jer.
1573 5719 1680 5771 xw,
1719 5703 1812 5771 l0;
1865 5703 1985 5764 Osc.
2015 5721 2149 5773 vui,
2185 5706 2272 5764 l5.

1883 4579 2102 4649 pultura
2133 4577 2390 4648 sepulcri,
2438 4593 2615 4647 neque
2657 4579 2848 4632 mortis
2893 4578 3148 4632 introitus
3191 4577 3274 4632 vel
3324 4575 3462 4630 infe-

1887 4683 2072 4722 rorum
2107 4667 2369 4732 violavit,
2404 4670 2498 4723 sed
2543 4668 2722 4722 omnia
2769 4684 3035 4736 superans
3061 4709 3075 4732 ,
3114 4669 3357 4723 divinum
3409 4677 3464 4721 ct

1887 4761 2354 4829 incorruptibilem
2379 4777 2436 4816 se
2469 4761 2809 4815 adamantem
2849 4761 3020 4817 fuisse
3045 4761 3458 4816 demonstravit.

1888 4852 2128 4905 Adamas
2156 4865 2286 4905 vero
2313 4861 2398 4905 est
2425 4851 2744 4906 naturaliter
2787 4851 2909 4907 talis
2949 4853 3107 4922 lapis,
3153 4853 3240 4906 cui
3291 4866 3463 4918 neque

1896 4942 2061 5012 ignis.
2095 4957 2271 5011 neque
2299 4942 2521 5010 ferrum,
2555 4959 2731 5012 neque
2757 4944 2902 5000 aliud
2922 4945 3219 5013 quidquam
3253 4957 3461 5012 praeva-

1892 5035 1987 5090 let.
2013 5034 2180 5091 Ferro
2201 5037 2343 5091 enim
2370 5038 2415 5091 si
2439 5038 2796 5106 percutiatur,
2821 5017 3155 5107 demergitur
3177 5036 3232 5090 in
3253 5036 3459 5089 ferrum

1892 5137 2145 5199 tanquam
2178 5129 2454 5200 plumbum
2485 5130 2708 5185 missum
2745 5131 2794 5183 in
2842 5130 3045 5200 ignem.
3083 5129 3138 5182 Si
3179 5127 3231 5181 in
3282 5128 3458 5196 ignetn

1891 5221 2157 5285 mittatur,
2201 5222 2450 5276 similiter
2493 5230 2774 5292 permanet
2808 5231 2867 5276 ut
2900 5222 3098 5277 missus
3128 5231 3233 5286 est,
3261 5232 3316 5276 et
3349 5238 3456 5275 non

1889 5314 2140 5368 violatur.
2172 5315 2313 5386 Ergo
2339 5316 2466 5385 quia
2510 5316 2644 5370 nihil
2686 5317 2734 5371 ei
2767 5316 3044 5386 praevalet,
3080 5317 3201 5371 ideo
3234 5318 3458 5370 adamas

1890 5405 2212 5474 appellatur.
2251 5407 2487 5462 Adamas
2535 5421 2659 5462 vero
2704 5409 3091 5479 interpretatur
3151 5425 3216 5464 ex
3265 5408 3454 5463 Grmca

1887 5494 2065 5565 lingua
2092 5537 2108 5563 ,
2145 5498 2500 5567 indomabilis,
2529 5499 2856 5568 inﬂexibilis,
2884 5542 2900 5566 ,
2929 5502 3338 5556 incomminutus
3380 5512 3453 5564 et,

2349 5706 2537 5763 "Jcr.
2595 5722 2757 5777 κων,
2818 5708 2904 5764 21.
2975 5709 3180 5766 "Gen.
3243 5724 3320 5778 tv,
3367 5707 3455 5764 16.
