3992 6312
454 271 558 328 467

1524 273 1901 330 ANONYMUS
1939 273 2006 330 ΙΝ
2046 273 2183 330 JOB.
2224 307 2286 317 —
2326 275 2454 331 LIB.
2497 276 2565 332 ll.

3583 276 3690 329 ὅδε

454 400 513 447 ιιι
542 389 776 461 breviter
807 388 1008 455 dicam,
1037 390 1121 444 cui
1163 403 1259 444 nec
1282 388 1579 459 quidquam
1602 392 1884 459 praevalet,
1922 407 2014 444 ne-
2044 397 2090 451 Α
2118 406 2237 445 rum
2271 389 2641 461 fatigationem
2666 431 2682 453 ,
2719 398 2774 446 et
2812 390 3174 445 membrorum
3235 387 3686 455 debilitationem,

451 496 559 551 que
586 481 961 551 percutienda,
995 480 1175 557 neque
1212 480 1507 535 adurendo.
1551 479 1685 534 Nam
1728 494 2017 551 percussus

453 588 560 628 non
598 572 1003 638 comminuitur,
1044 581 1270 628 exustus
1316 586 1424 626 non
1460 572 1782 627 conteritur.
1822 572 2017 626 Merito

452 654 585 738 ergo
613 666 836 720 adamas
865 664 1186 735 appellatur,
1207 673 1396 734 utpote
1424 664 1829 733 insuperabilis.
1860 664 2013 731 Quod

452 759 498 813 si
527 759 725 812 dixerit
748 758 942 827 aliquis
966 775 979 811 :
1005 754 1106 812 Ubi
1133 766 1216 812 est
1244 757 1423 820 modo,
1447 756 1529 811 vel
1556 754 1646 810 ubi
1682 756 2018 825 conspicitur

451 842 823 919 hujuscemodi
872 847 1012 917 lapis
1051 847 1467 902 adamantinus?
1494 847 1655 919 audi,
1683 848 1799 902 haec
1833 850 2014 901 omnia

449 953 607 1012 typus
650 942 871 994 fuerunt
902 939 1111 994 Domini
1156 937 1284 994 Jesu
1313 938 1536 1005 Christi,
1581 937 1709 1007 quia
1750 952 1919 1007 usque
1946 940 2014 992 ad

447 1033 733 1085 adventum
768 1029 979 1085 Domini
1011 1039 1188 1097 erant,
1225 1040 1277 1083 et
1301 1030 1418 1083 visa
1455 1038 1605 1093 sunt,
1636 1038 1761 1098 post
1808 1030 2015 1083 adven-

449 1137 559 1178 tum
589 1136 770 1177 autem
805 1123 1013 1176 Domini
1050 1121 1165 1175 visa
1192 1137 1298 1175 non
1326 1129 1473 1174 sunt.
1499 1119 1602 1175 Ubi
1631 1121 1845 1175 Videtur
1871 1134 2014 1174 nunc

446 1217 664 1286 phmnix
687 1216 711 1269 ?
737 1215 823 1268 ubi
871 1229 1004 1268 urna
1054 1212 1270 1268 Adam?
1313 1212 1401 1265 ubi
1447 1209 1658 1265 videtur
1691 1225 1816 1268 arca
1848 1220 2015 1265 testa.

446 1309 659 1362 tuenti?
703 1307 791 1361 ubi
840 1321 973 1360 urna
1024 1305 1280 1359 manum?
1315 1301 1405 1358 Sic
1453 1304 1705 1359 similiter
1748 1317 1891 1358 nunc
1923 1303 2013 1357 ubi

444 1400 658 1452 videtur
686 1399 908 1452 adamas
933 1406 1096 1467 atque
1123 1412 1186 1452 ea
1230 1412 1350 1466 quae
1381 1406 1566 1467 typum
1596 1396 1807 1451 Domini
1853 1411 2013 1464 gere-

442 1492 716 1547 bant?Ea
764 1489 972 1544 scilicet
1008 1504 1179 1559 usque
1218 1491 1286 1543 ad
1318 1488 1609 1544 adventum
1642 1488 1856 1544 Domini
1895 1490 2011 1545 visa

444 1594 571 1638 sunt
603 1595 788 1653 utpote
817 1585 1018 1652 ﬁgurat,
1047 1590 1101 1637 et
1133 1580 1258 1637 inde
1285 1581 1599 1637 abscondita
1624 1590 1752 1636 sunt
1782 1581 2013 1637 Domino

444 1677 591 1746 ipsas
630 1675 828 1741 figuras
858 1673 1207 1743 adimplente.
1253 1671 1460 1726 Idcirco
1493 1685 1638 1726 nunc
1680 1684 1854 1741 neque
1883 1685 2011 1725 arca

2118 496 2183 537 ac
2221 484 2385 538 totius
2413 483 2646 538 carnalis
2671 484 3001 554 compaginis
3036 482 3335 553 passionem
3375 490 3538 550 atque
3589 485 3690 539 do-

2117 572 2309 629 iorem.
2336 573 2470 627 Nam
2499 577 2639 629 sicut
2668 574 2871 629 nullum
2894 575 3256 630 membrorum
3276 574 3523 643 corporis
3550 590 3693 643 pra-—

2116 664 2352 719 termisit
2383 664 2671 733 malignus,
2702 678 2880 733 neque
2909 664 3074 719 ullum
3101 664 3392 733 dereliquit
3429 664 3681 727 illaasutn,

2116 757 2211 812 sed
2241 766 2433 811 cuncta
2451 755 2758 811 vehementi
2790 755 3009 811 vulnere
3042 755 3285 824 implevit
3310 766 3474 827 atque
3501 759 3689 812 omnia

2114 848 2409 904 saevissima
2458 846 2612 917 plaga
2658 848 2963 916 percussit,
3017 847 3096 902 sic
3132 846 3424 902 identidem
3478 847 3689 903 nullum

2114 938 2400 1008 dereliquit
2428 938 2746 1008 supplicium
2767 977 2784 1002 ,
2816 952 2993 1007 neque
3036 952 3250 1006 pinnam
3272 980 3288 1005 ,
3321 952 3502 1008 neque
3532 938 3691 994 dolo-

2116 1043 2253 1094 rem,
2285 1028 2430 1098 quod
2461 1029 2585 1091 huic
2606 1028 2779 1100 plagas
2804 1044 2911 1085 non
2942 1028 3410 1091 commiscuisset:
3444 1029 3538 1084 sed
3560 1044 3688 1087 ont-

2115 1136 2236 1176 uem
2268 1122 2521 1176 virtutem
2559 1130 2723 1191 atque
2766 1128 3140 1190 argumentum
3189 1120 3446 1190 nequitia:
3477 1137 3591 1176 sua:
3626 1122 3690 1179 in

2114 1214 2218 1270 bac
2249 1213 2541 1268 stevissima
2575 1216 2730 1285 plaga
2761 1214 3055 1271 osuendens
3085 1222 3251 1284 atque
3277 1214 3685 1276 demonstrans,

2113 1304 2459 1359 novissimam
2483 1303 2709 1374 gloriam
2732 1303 3004 1372 patientiae
3026 1303 3114 1358 hic
3137 1302 3398 1370 perlicere
3419 1304 3687 1375 speravit,

2112 1396 2193 1451 sic
2222 1396 2429 1452 scilicet
2452 1396 2720 1467 percussit
2740 1393 2842 1451 Job
2867 1395 3026 1465 plaga
3059 1395 3376 1460 suavissima,
3397 1409 3428 1451 a
3456 1395 3687 1464 pedibus

2113 1500 2285 1555 usque
2317 1485 2384 1539 ad
2431 1494 2614 1554 caput.
2662 1484 2862 1555 Plaga,
2908 1482 3123 1553 inquit,
3166 1484 3461 1540 saevissima
3496 1491 3688 1554 utpote

2112 1592 2239 1635 una.
2272 1577 2338 1633 Et
2367 1592 2469 1633 cur
2497 1593 2603 1632 una
2646 1577 2803 1648 plaga
2836 1587 3170 1633 memoratur
3192 1616 3209 1643 ,
3257 1585 3514 1649 tanquam
3544 1591 3685 1639 una,

2112 1678 2166 1723 et
2211 1682 2317 1724 non
2349 1668 2481 1725 dicit
2521 1668 2709 1738 plagas
2741 1677 3000 1737 tanquam
3042 1667 3347 1738 plurimas?
3388 1666 3683 1737 Propterea

447 1764 784 1832 testamenti,
831 1777 1004 1834 neque
1039 1777 1171 1817 urna
1221 1777 1465 1827 mannae,
1513 1776 1688 1832 neque
1729 1763 2010 1817 einnamo-
2041 1748 2086 1804 Β
2115 1774 2220 1818 una
2246 1760 2399 1830 plaga
2431 1769 2797 1826 memoratur,
2830 1760 2957 1829 quia
2990 1768 3162 1815 totum
3206 1774 3406 1829 corpus
3445 1757 3574 1827 justi
3607 1758 3683 1813 il-

444 1875 615 1923 mum,
640 1872 816 1927 neque
844 1857 1087 1921 adamas,
1116 1869 1291 1925 neque
1322 1855 1547 1924 phoenix
1586 1854 1709 1910 istis
1741 1862 1887 1910 nunc
1912 1854 2013 1909 bo-

445 1950 681 2005 minibus
701 1963 827 2004 vere
855 1948 1123 2012 videntur,
1150 1946 1254 2003 nisi
1284 1945 1424 2002 forte
1449 1948 1570 2016 quis
1599 1946 1779 2002 simile
1802 1946 2009 2014 aliquid

444 2041 752 2105 simulatum
796 2038 1123 2102 contendat,
1174 2038 1360 2093 dicens
1401 2052 1523 2094 esse
1562 2038 1705 2108 quod
1755 2053 1860 2093 non
1896 2024 2006 2094 est.

440 2134 576 2189 Cum
601 2148 731 2203 ergo
758 2142 916 2204 typus
944 2139 1088 2187 esset
1117 2131 1326 2186 Domini
1359 2129 1485 2186 Jesu
1513 2131 1719 2189 Christi
1749 2129 1872 2196 Job,
1900 2141 2010 2187 tra-

441 2228 579 2282 didit
609 2227 757 2281 illum
786 2228 924 2282 Deus
952 2226 1006 2281 in
1046 2225 1418 2295 probationem
1453 2233 1712 2294 tanquam
1740 2226 2008 2280 adamam

440 2329 549 2375 tem
566 2318 946 2382 inviolabilem,
961 2316 1115 2386 cujus
1129 2324 1450 2387 potestatem
1469 2317 1743 2386 accipiens
1760 2317 2006 2372 diabolus

439 2412 608 2466 exivit
631 2427 658 2464 a
684 2411 821 2466 facie
853 2410 1087 2465 Domini.
1108 2407 1284 2465 Eripit
1318 2408 1581 2477 diabolus,
1609 2410 1712 2465 hoc
1731 2420 1837 2475 est,
1859 2410 2007 2466 defoo

440 2517 587 2556 rens.
620 2501 699 2555 Ad
727 2499 1073 2557 deferendum
1108 2501 1253 2556 enim
1284 2500 1605 2556 introierat:
1654 2510 1709 2556 et
1741 2512 2003 2572 quantum

433 2591 586 2660 juxta
622 2592 955 2662 iniquitatem
985 2606 1138 2646 suam
1188 2591 1241 2644 in
1270 2590 1387 2660 ipsa
1413 2589 1685 2647 deiatidne
1714 2592 2003 2660 proficiens

440 2698 502 2737 ac
524 2681 684 2735 delati
709 2688 1033 2751 potestatem
1059 2680 1352 2750 accipiens,
1371 2682 1537 2736 exivit
1560 2697 1589 2736 a
1608 2681 1746 2738 facie
1768 2683 1999 2738 Domini.

438 2774 620 2828 Exivit
649 2773 885 2841 gaudens
917 2773 1008 2844 qui
1034 2787 1304 2843 nunquam
1328 2781 1413 2829 est
1439 2774 1678 2845 gavisus,
1707 2775 1879 2829 exivit
1904 2774 2001 2830 lie-

436 2875 524 2920 tus
552 2864 643 2918 ille
666 2865 756 2933 qui
784 2879 1054 2934 nunquam
1081 2874 1164 2921 est
1190 2865 1421 2930 laetatus,
1447 2874 1632 2937 utpote
1660 2867 1867 2922 habens
1897 2867 2000 2925 Job

437 2955 491 3009 in
521 2962 841 3025 potestatem
870 2956 935 3011 ad
972 2956 1301 3025 puniendum
1331 2957 1480 3011 illum
1524 2958 1819 3012 secundum
1847 2973 1997 3013 suam

438 3045 799 3117 iniquitatem.
833 3046 1009 3103 Exivit
1038 3048 1283 3104 diabolus
1318 3064 1347 3103 a
1380 3049 1519 3105 facie
1551 3050 1803 3116 Domini,
1832 3050 1999 3105 exivit

437 3124 692 3208 tanquam
719 3137 875 3209 lupus
904 3141 1142 3206 rabiens,
1167 3151 1423 3212 tanquam
1473 3142 1559 3197 leo
1605 3143 1843 3213 rugiens,
1877 3154 1998 3197 tan-

435 3222 596 3300 quam
627 3245 784 3287 nrsus
812 3232 1122 3302 sanguinem
1142 3242 1420 3303 appetens,
1446 3242 1701 3304 tanquam
1729 3235 1999 3305 malignus

435 3337 679 3391 serpens,
711 3334 963 3394 tanquam
994 3326 1179 3394 vipera
1219 3340 1361 3381 saava
1413 3342 1476 3381 ac
1522 3326 1847 3397 perniciosa.
1885 3326 1996 3381 Es-

433 3413 525 3467 s‘vit
561 3414 803 3468 diabolus
832 3431 865 3469 a
892 3414 1026 3484 facie
1051 3413 1284 3470 Domini.
1322 3416 1504 3471 Exivit
1540 3416 1685 3471 omni
1716 3417 1997 3487 iniquitate

433 3513 488 3559 et
516 3503 618 3567 ira,
638 3504 821 3559 furore
845 3519 1058 3574 quoque
1084 3516 1249 3575 atque
1266 3505 1655 3578 indignatione,
1675 3508 1996 3565 crudelitate

433 3595 784 3650 nihilominus
820 3604 985 3665 atque
1015 3595 1161 3650 omni
1196 3598 1473 3667 impietate
1519 3598 1772 3655 relertus.
1814 3598 1997 3655 Exivit

431 3692 686 3754 tanquam
717 3685 886 3740 bestia
920 3687 1068 3740 ferox
1094 3701 1155 3740 ac
1188 3701 1326 3741 sava
1364 3697 1531 3758 atque
1565 3688 1836 3745 immanis.
1886 3689 1997 3743 Ex-

431 3778 530 3831 ivit
564 3779 808 3847 cogitans
844 3778 1029 3834 infelix
1072 3795 1170 3835 suo
1199 3780 1544 3836 amarissimo
1570 3782 1727 3836 modo
1758 3780 1859 3837 Job
1879 3781 1996 3838 alli-

431 3882 558 3921 cere
588 3869 785 3937 poenis,
812 3870 955 3938 quod
989 3879 1043 3924 et
1063 3871 1193 3926 fecit
1215 3872 1399 3927 statim
1426 3873 1542 3927 sine
1571 3888 1745 3928 mora.
1765 3871 1995 3929 Percus-

429 3960 496 4013 sit
524 3958 625 4013 Job
648 3961 806 4031 plaga
830 3962 1114 4016 smissima
1153 3980 1185 4016 ιι
1208 3964 1420 4028 pedibus
1453 3981 1618 4035 nstrae
1638 3967 1708 4020 ad
1738 3980 1897 4035 caput
1920 3967 1989 4020 ’°.

428 4050 849 4120 Magnitudinem
878 4053 1050 4123 plagae
1084 4063 1247 4124 atque
1275 4055 1513 4112 vulneris
1551 4057 1990 4127 admirationem,

428 4141 733 4213 dolorisque
776 4143 1145 4200 fortitudinem
1200 4159 1307 4200 non
1344 4146 1529 4201 valens
1571 4147 1731 4204 aliter
1774 4150 1991 4206 edicere

426 4242 590 4303 atque
623 4236 908 4290 ostendere
931 4274 948 4299 ,
977 4235 1148 4304 dixit,
1182 4237 1453 4305 percussit
1477 4236 1578 4293 Job
1615 4237 1769 4310 plaga
1798 4242 1989 4297 savis-

424 4326 584 4391 sima,
628 4341 733 4381 non
783 4328 955 4382 solum
999 4327 1186 4400 plaga,
1232 4329 1325 4384 sed
1370 4338 1423 4385 et
1465 4331 1759 4387 saevissima
1807 4332 1984 4402 plaga.

2111 1853 2217 1909 lius
2253 1862 2309 1909 et
2350 1853 2530 1909 omnia
2570 1853 2689 1922 ejus
2732 1852 2972 1909 membra
3023 1866 3134 1908 uno
3167 1852 3412 1908 contexit
3436 1851 3683 1917 vulnere,

2110 1954 2272 2014 atque
2308 1946 2374 2000 ad
2403 1960 2569 2000 unum
2611 1944 2882 2001 convertit
2925 1944 3205 2010 dolorem,
3255 1955 3317 1999 ut
3361 1959 3459 2015 per
3502 1954 3683 2000 totum

2107 2050 2305 2108 corpus
2343 2044 2507 2105 atque
2535 2039 2775 2092 membra
2810 2037 2953 2095 beati
2991 2036 3132 2093 illius
3172 2051 3313 2093 unus
3356 2036 3507 2092 dolor
3533 2044 3685 2093 esset

2108 2136 2270 2203 atque
2289 2127 2505 2187 vulnus.
2533 2125 2615 2183 Ob
2646 2127 2749 2183 hoc
2777 2142 2908 2199 ergo
2932 2128 3146 2198 plagam
3172 2129 3326 2193 dicit,
3351 2129 3482 2199 quia
3510 2144 3682 2183 unum

2105 2219 2307 2275 vulnus
2342 2228 2459 2279 erat
2487 2235 2584 2290 per
2614 2227 2784 2275 totum
2812 2233 3029 2289 corpus.
3062 2218 3214 2286 Quod
3246 2234 3376 2275 vero
3410 2236 3549 2277 unus
3576 2222 3680 2275 do-

2106 2312 2189 2368 lor
2209 2322 2375 2382 atque
2400 2313 2579 2382 passio
2604 2321 2725 2367 erat
2743 2327 2837 2383 per
2862 2320 3030 2371 totum
3058 2326 3256 2383 corpus
3271 2311 3391 2384 ejus
3417 2321 3474 2368 et
3504 2327 3678 2368 mem-

2103 2403 2224 2469 bra,
2258 2406 2651 2474 subsequenter
2677 2404 2912 2461 ostendit
2942 2404 3129 2460 dicens
3156 2421 3172 2460 :
3202 2404 3244 2457 .4
3267 2404 3484 2474 pedibus
3507 2421 3677 2475 usque

2102 2497 2174 2555 ad
2203 2507 2378 2564 caput.
2412 2495 2689 2552 Percussit
2723 2493 2824 2550 Job
2864 2496 3017 2567 plaga
3061 2496 3357 2553 saivissima
3386 2511 3416 2552 a
3445 2496 3681 2566 pedibus

2102 2602 2275 2658 usque
2302 2588 2370 2647 ad
2406 2597 2587 2659 caput.
2619 2587 2773 2652 Sicut
2809 2602 2839 2641 a
2878 2587 3104 2657 pedibus
3150 2602 3322 2658 usque
3372 2588 3438 2642 ad
3485 2601 3673 2658 caput,

2102 2678 2177 2734 ita
2218 2678 2512 2739 identidem
2537 2694 2567 2735 a
2594 2677 2771 2748 capite
2799 2694 2972 2750 usque
3005 2679 3073 2751 ad
3121 2680 3316 2749 pedum
3348 2680 3569 2753 vestigia
3589 2721 3606 2747 ,
3639 2696 3676 2736 a

2102 2782 2258 2824 coma
2293 2769 2487 2838 capitis
2516 2784 2689 2839 usque
2720 2770 2787 2824 ad
2834 2784 3042 2840 ungues
3071 2770 3346 2840 pollicum,
3378 2787 3480 2827 nec
3507 2771 3673 2842 quid-

2100 2873 2263 2927 quam
2295 2859 2511 2930 reliquit
2532 2875 2748 2925 sanum,
2776 2876 2951 2931 neque
2980 2863 3279 2930 integrum,
3308 2869 3401 2917 aut
3430 2862 3547 2917 sine
3570 2862 3674 2917 do-

2084 2940 2233 3014 lore,
2253 2951 2348 3007 sed
2379 2951 2629 3007 universa
2656 2967 2762 3007 uno
2792 2954 3037 3009 contexit
3066 2953 3286 3008 vulnere
3316 2962 3480 3023 atque
3516 2953 3674 3025 plaga

2101 3042 2377 3112 cooperuit
2392 3052 2609 3111 cuncta,
2630 3052 2686 3104 et
2706 3045 3023 3099 saevissima.
3050 3046 3382 3110 Sevissima,
3412 3046 3661 3115 inquam,

2100 3133 2203 3189 hoc
2232 3143 2316 3189 est
2358 3134 2729 3204 lamentabili,
2759 3137 3079 3205 insanabili,
3110 3138 3390 3194 incurabili
3416 3180 3431 3204 ,
3464 3138 3518 3193 in
3560 3153 3674 3208 qua

2099 3240 2206 3281 non
2225 3238 2344 3282 erat
2363 3228 2453 3283 ubi
2472 3229 2736 3301 malagma
2762 3233 3153 3300 imponeretur,
3180 3245 3354 3301 neque
3380 3231 3673 3294 medicina,

2097 3332 2275 3388 neque
2308 3319 2655 3389 adiutorium,
2683 3336 2856 3391 neque
2880 3322 3059 3377 oleum
3102 3322 3269 3377 ullum
3290 3361 3307 3386 ,
3337 3337 3525 3393 neque.
3546 3322 3673 3377 alli-

2097 3421 2310 3482 gatura.
2335 3411 2393 3468 ln
2422 3426 2527 3481 qua
2559 3409 2734 3483 plaga,
2768 3414 3038 3485 superﬂua
3080 3426 3197 3470 erat
3238 3424 3293 3470 et
3334 3429 3671 3485 supervacua

2096 3503 2273 3558 omnis
2314 3504 2642 3567 medicorum
2691 3505 2885 3575 peritia
2935 3514 3100 3576 atque
3162 3506 3450 3576 sapientia.
3511 3504 3671 3562 Sicut

2096 3595 2240 3650 enim
2268 3596 2403 3651 dicit
2422 3596 2565 3667 quod
2591 3595 2795 3657 nullum
2824 3607 3207 3668 argumentum
3235 3598 3544 3653 illuminare
3569 3608 3669 3667 po-

2097 3695 2237 3742 terat
2264 3688 2604 3745 tenebrosam
2635 3697 2801 3758 atque
2845 3689 3246 3747 lamentabilem
3278 3688 3665 3761 Egyptiorum

2094 3788 2309 3835 noctem
2335 3798 2353 3847 ;
2383 3780 2457 3839 ita
2489 3780 2635 3836 nulla
2660 3781 3014 3837 medicamina
3045 3797 3239 3839 curare
3275 3793 3531 3852 poterant
3562 3797 3667 3838 sae-

2094 3871 2369 3925 vissimam
2406 3871 2551 3927 illam
2578 3872 2777 3931 diaboli
2826 3870 3037 3944 plagam
3060 3914 3077 3942 ,
3104 3874 3277 3930 donec
3324 3874 3545 3945 impleta
3575 3885 3667 3930 est

2096 3964 2384 4019 tolerantia
2432 3966 2897 4035 et-longanimitas
2925 3965 3049 4023 Job.
3075 3966 3413 4035 Tolerantia,
3448 3984 3549 4038 pro
3568 3984 3666 4023 co-

2094 4070 2348 4111 ronarum
2374 4056 2768 4125 redhibitione;
2799 4057 2895 4114 Dei
2924 4060 3330 4131 longanimitas,
3363 4075 3463 4131 pro
3494 4060 3661 4131 justi-

2093 4144 2181 4199 tiae
2227 4147 2649 4215 approbatione;
2682 4149 2884 4205 diaboli
2923 4164 3056 4206 vero
3103 4150 3387 4220 iniquitas,
3419 4165 3517 4220 pro
3536 4165 3667 4207 cor-

2092 4238 2336 4308 reptione
2367 4239 2619 4308 nequitia:
2652 4239 2770 4308 ejus
2810 4251 2973 4312 atque
3001 4242 3387 4308 damnatione,
3413 4256 3576 4313 quam
3601 4242 3661 4297 in

2090 4328 2185 4384 illo
2217 4330 2365 4398 justo
2390 4331 2633 4388 exercuit
2663 4333 2800 4387 viro.
2832 4332 3098 4388 Percussit
3137 4349 3254 4387 vero
3288 4332 3390 4388 Job
3411 4375 3427 4400 ,
3460 4335 3661 4402 inquit,

424 4415 724 4472 Suil‘ecerat
755 4419 855 4473 hoc
886 4418 1060 4474 solum
1085 4429 1143 4473 ut
1168 4419 1324 4490 plaga
1361 4404 1567 4475 tantum
1593 4421 1810 4489 fuisset,
1843 4440 1987 4481 nunc
2017 4449 2062 4505 Β
2089 4422 2243 4493 plaga
2271 4423 2557 4478 suavissima
2585 4440 2617 4476 a
2646 4424 2864 4493 pedibus
2895 4441 3056 4496 usque
3098 4426 3167 4479 ad
3193 4437 3374 4495 caput.
3422 4425 3659 4482 Tantum

424 4522 553 4562 vero
575 4510 738 4563 etiam
762 4510 972 4580 plagam
997 4511 1347 4567 smvissimam
1371 4527 1495 4568 esse
1517 4514 1686 4573 dixit:
1714 4513 1983 4572 Percussit

422 4600 524 4665 Job
548 4601 703 4670 plaga
731 4602 1041 4658 ειευίεεὶηια.
1072 4603 1366 4658 Considera
1395 4606 1560 4659 etiam
1598 4605 1699 4662 hoc
1724 4608 1869 4677 quod
1899 4609 1984 4663 di-

420 4696 533 4755 cit;
572 4692 841 4749 Percussit
865 4694 986 4749 Job.
1022 4694 1331 4759 Percussit,
1374 4696 1581 4767 inquit,
1617 4713 1738 4753 cum
1778 4698 1985 4766 furore,

422 4802 545 4843 cum
575 4788 672 4853 ira,
703 4802 824 4840 cum
856 4782 1525 4858 indignatione.Pcrcussit
1546 4788 1669 4845 Job.
1704 4790 1984 4857 Quomodo

422 4878 733 4944 percussit?
751 4877 831 4931 sic
857 4882 1125 4947 percussit
1146 4882 1416 4948 quomodo
1446 4881 1694 4951 parabat,
1715 4886 1982 4953 quomodo

421 4970 662 5038 putabat.
712 4968 975 5023 Percussit
1011 4969 1150 5035 Job,
1197 4979 1256 5025 ut
1304 4974 1698 5029 comminueret
1732 4976 1980 5044 spiritum

423 5063 558 5129 ejus,
597 5072 656 5117 ut
693 5075 996 5121 contereret
1031 5066 1265 5121 animam
1288 5066 1423 5136 ejus,
1456 5078 1514 5125 ut
1547 5069 1807 5142 ailligeret
1842 5088 1982 5141 prae-

425 5153 605 5207 cordia
631 5154 767 5225 ejus.
808 5155 902 5211 Sic
951 5157 1221 5225 percussit
1277 5173 1509 5228 sperans
1534 5162 1676 5230 quod
1743 5163 1979 5217 secunda

424 5242 574 5311 plaga
614 5260 828 5299 omnem
864 5248 1224 5303 constantiam
1266 5256 1431 5318 atque
1468 5252 1838 5308 fortitudinem
1881 5253 1980 5310 Job

423 5336 747 5393 debilitaret.
779 5337 871 5394 Sic
893 5354 1022 5411 ergo
1045 5342 1314 5411 percussit
1333 5340 1433 5397 Job
1462 5344 1615 5415 plaga
1647 5345 1971 5412 savissims,

422 5426 772 5494 lamentabili,
799 5431 1011 5494 urenti,
1042 5428 1320 5501 aﬂligenti,
1345 5429 1617 5500 ﬂagranti,
1648 5421 1976 5498 incendenti,

421 5515 641 5582 dolenti,
669 5531 828 5572 omne
879 5520 1194 5589 supplicium
1244 5520 1299 5576 in
1339 5536 1397 5577 se
1427 5523 1682 5590 habente,
1711 5532 1766 5578 et
1799 5533 1981 5592 putre-

419 5607 618 5669 dinem,
646 5618 703 5663 et
736 5623 948 5666 vermes
970 5651 986 5679 ,
1020 5620 1073 5668 et
1094 5612 1295 5670 ossium
1327 5613 1674 5681 divisionem,
1700 5623 1755 5672 et
1788 5630 1979 5672 nervo-

485 5719 529 5749 ”
580 5715 683 5774 Job
707 5735 769 5787 tt,
806 5719 856 5775 Ἰ.

2089 4517 2230 4570 enim
2261 4515 2557 4571 saevissima
2584 4515 2685 4572 fuit
2717 4516 2831 4572 haec
2876 4516 3035 4587 plaga
3056 4556 3075 4583 ,
3100 4527 3360 4587 quantam
3393 4518 3655 4588 iniquita-

2088 4616 2195 4660 tem
2243 4604 2431 4662 habuit
2474 4606 2739 4663 diabolus.
2788 4606 2921 4662 Nam
2964 4610 3262 4664 secundum
3306 4610 3656 4680 iniquitatem

2086 4713 2238 4754 suam
2284 4711 2507 4754 mensus
2537 4708 2624 4754 est
2672 4699 2921 4755 diabolus
2954 4699 3092 4754 hanc
3122 4699 3333 4771 plagam
3356 4742 3374 4769 ,
3408 4702 3509 4757 hoc
3540 4702 3656 4756 vul-

2086 4805 2210 4845 nus.
2259 4788 2405 4845 Nihil
2436 4790 2657 4862 reliquit
2704 4795 2991 4859 tormenti,
3040 4810 3213 4865 neque
3247 4795 3651 4860 amaritudinis,

2086 4896 2259 4952 neque
2284 4882 2661 4951 immanitatis,
2686 4899 2859 4954 neque
2906 4885 3226 4951 ferocitatis,
3253 4901 3426 4958 neque
3455 4890 3657 4942 crude—

2086 4974 2276 5039 litatis,
2307 4990 2480 5045 neque
2515 4976 2841 5045 impietatis,
2875 4993 3049 5048 neque
3082 4979 3436 5051 malignitatis
3457 5019 3474 5046 ,
3505 4981 3653 5050 quod

2082 5081 2187 5119 non
2212 5067 2519 5123 exercuerit
2541 5068 2593 5121 in
2622 5067 2989 5124 lamentabilis
3018 5069 3177 5139 hujus
3200 5069 3437 5125 vulneris
3462 5070 3647 5140 plaga.

2082 5156 2500 5213 Consideremus
2548 5173 2710 5228 ergo,
2764 5173 2798 5213 o
2848 5159 3055 5225 amici,
3103 5162 3499 5217 vehementiam
3544 5163 3652 5218 bu-

2076 5247 2166 5315 jus
2218 5248 2417 5305 doloris
2484 5252 2636 5320 juxta
2691 5251 3086 5307 vehementiam
3150 5254 3451 5324 iniquitatis
3523 5256 3647 5311 dia-

2079 5341 2211 5399 boli.
2240 5341 2671 5409 Consideremus,
2702 5360 2736 5399 o
2772 5344 2897 5410 viri,
2932 5344 3149 5400 diversa
3177 5344 3305 5413 justi
3347 5346 3489 5404 illius
3527 5356 3647 5402 tor-

2080 5441 2296 5499 menta,
2336 5447 2542 5491 necnon
2586 5443 2640 5489 et
2694 5436 2830 5501 boc‘,
2868 5436 3125 5493 adversus
3158 5446 3390 5506 quantos
3429 5437 3649 5494 dolores

2079 5523 2377 5592 perstiterit
2426 5523 2705 5581 innocens.
2766 5526 2885 5583 Uno
2958 5525 3141 5583 dolore
3202 5527 3479 5584 confectus
3522 5540 3649 5583 erat

2078 5624 2246 5685 totus,
2287 5631 2389 5673 una
2422 5616 2575 5690 plaga
2604 5619 2779 5677 omnis
2817 5620 3064 5677 vesﬁtus.
3101 5619 3265 5676 Facta
3289 5634 3522 5691 namque
3558 5631 3647 5678 est
