3992 6312
760 252 779 281 Ι

271 298 376 355 Mill

1359 286 1739 343 ANONYMUS
1775 285 1838 339 IN
1879 284 2014 342 JOB.
2058 321 2121 330 —-
2159 288 2289 343 LIB.
2332 288 2396 341 ll.

3402 287 3510 341 470

274 414 346 468 illi
399 413 512 465 haec
565 410 720 480 plaga
764 417 1019 477 tanquam
1070 407 1238 463 vestis
1307 406 1577 470 amictus,
1623 413 1678 460 et
1725 413 1838 458 tan-
1869 407 1914 462 Α
1942 405 2299 459 enarrabilem
2350 403 2611 460 dolorem.
2649 402 2852 466 Accepit
2885 401 3066 458 testam
3105 414 3156 455 ut
3191 403 3390 456 raderet
3422 421 3508 458 sa-

272 519 431 573 quam
485 503 854 556 indumentum
889 515 996 569 quo
1042 509 1165 554 erat
1213 498 1434 553 indutus
1461 537 1478 564 ,
1507 507 1561 554 et
1587 508 1840 568 tanquam

271 595 542 664 cingulum
585 611 691 664 quo
725 609 931 662 semper
957 591 1291 662 cingebatur,
1336 590 1431 646 sed
1461 605 1566 644 non
1624 590 1675 643 itt
1713 605 1842 644 con—

271 687 847 750 demuatiouem,sicut
868 686 941 740 illi
975 685 1138 755 impio
1164 681 1337 748 Judze,
1371 682 1466 737 sed
1501 683 1553 736 in
1587 696 1842 736 coronam

267 779 472 848 gloriae,
513 788 694 846 utpote
740 778 885 844 justo
940 776 1060 832 Job.
1121 777 1293 832 Omne
1342 791 1477 844 ergo
1535 790 1730 844 corpus
1791 784 1845 829 et

267 868 508 922 membra
549 869 681 938 justi
741 869 884 923 illius
919 883 1026 922 uno
1075 868 1408 922 circumdata
1465 876 1622 920 erant
1664 866 1845 921 dolore

263 968 430 1026 atque
479 957 719 1022 vulnere,
774 958 890 1012 sive
927 965 1108 1025 caput,
1163 955 1277 1010 sive
1319 955 1503 1025 pedes,
1535 955 1646 1010 sive
1678 956 1840 1022 oculi,

265 1048 377 1102 sive
421 1063 602 1112 aures,
639 1049 754 1103 sive
778 1048 967 1110 latera,
994 1047 1108 1102 sive
1135 1046 1392 1115 scapulae,
1435 1061 1604 1116 usque
1635 1047 1702 1102 ad
1728 1048 1841 1117 ipsa

262 1139 465 1207 pedum
494 1139 715 1209 vestigia
748 1153 853 1192 uno
882 1137 1103 1192 vulnere
1143 1136 1494 1199 distillabaut,
1523 1153 1623 1191 una
1657 1148 1841 1206 putre-

262 1232 392 1284 dine
431 1223 680 1286 deten’tus
722 1239 862 1298 erat,
905 1230 1094 1284 iisdem
1133 1229 1406 1283 vermibus
1435 1231 1696 1284 scatebat.
1751 1229 1835 1284 Ja-

259 1337 387 1377 cere
419 1336 522 1376 non
563 1330 797 1388 poterat,
828 1321 1020 1375 sedere
1051 1336 1154 1374 non
1186 1321 1423 1384 valebat,
1450 1322 1688 1392 requiem
1735 1339 1841 1378 non

261 1414 523 1478 habebat,
555 1413 974 1483 resumptionem
998 1429 1101 1468 non
1137 1413 1464 1476 inveniebat,
1487 1423 1539 1466 et
1559 1417 1699 1483 quod
1726 1425 1842 1469 erat

257 1505 506 1557 omnium
545 1504 856 1568 maximum,
885 1518 1044 1573 super
1070 1503 1184 1558 haec
1220 1517 1469 1558 universa
1505 1503 1646 1558 fame
1676 1513 1730 1560 et
1753 1506 1840 1560 siti

259 1594 581 1648 necabatur.
627 1593 764 1648 Nam
822 1595 1069 1649 manibus
1138 1595 1318 1649 cibum
1381 1595 1462 1649 vel
1524 1605 1706 1663 potum
1775 1598 1840 1651 ad

255 1697 318 1736 os
360 1685 644 1753 porrigere
678 1698 784 1738 non
833 1693 1064 1752 poterat.
1102 1681 1342 1739 Tametsi
1378 1685 1626 1740 manibus
1664 1687 1731 1740 ad
1781 1702 1843 1742 os

256 1778 547 1845 porrigere
575 1776 800 1841 valeret,
833 1791 926 1831 ore
962 1791 1024 1832 ac
1049 1776 1206 1832 labiis
1242 1778 1525 1846 putredine
1553 1792 1615 1832 ac
1641 1779 1842 1833 vermi-

255 1871 367 1926 bus
414 1871 604 1941 plenus
639 1870 882 1940 recipere
935 1886 1040 1926 non
1092 1871 1324 1926 valebat.
1357 1872 1664 1926 Attestatur
1703 1872 1842 1927 idem

257 1963 383 2030 ipse
436 1963 625 2017 dicens
677 1961 839 2032 paulo
884 1971 1008 2031 post
1039 1980 1050 2016 :
1083 1960 1296 2017 Scatere
1331 1963 1480 2017 video
1513 1980 1660 2018 escas
1703 1980 1844 2018 meas

255 2062 522 2124 tanquam
549 2053 762 2107 odorem
791 2053 978 2110 leonis.
1015 2053 1149 2108 Cum
1186 2053 1304 2109 istis
1333 2069 1565 2125 namque
1599 2054 1846 2110 nefandis

252 2147 549 2201 doloribus
576 2146 984 2201 exsecrabiliter
1041 2155 1293 2208 scateret,
1343 2147 1502 2216 hujus
1548 2148 1846 2218 putredinis

256 2239 492 2292 odorem
521 2238 879 2306 nequissimus
897 2237 1043 2292 fecit.
1070 2237 1181 2294 Hoc
1200 2255 1431 2309 namque
1459 2238 1660 2294 deﬂens
1679 2239 1843 2294 dicit:

260 2329 483 2383 Scatere
515 2331 656 2382 video
699 2345 843 2382 escas
887 2345 1028 2383 meas
1079 2340 1330 2400 tanquam
1382 2334 1595 2384 odorem
1657 2331 1842 2386 leonis.

255 2420 349 2474 Ob
392 2435 553 2489 quam
611 2435 746 2487 rem,
781 2436 814 2476 ο
865 2422 1022 2476 beate
1051 2419 1194 2476 Job?
1220 2420 1299 2476 Ob
1331 2424 1453 2488 hoc,
1485 2423 1680 2492 inquit,
1719 2424 1845 2492 quia

254 2515 422 2570 bullit
453 2531 648 2584 corpus
676 2531 852 2571 meum
887 2516 938 2570 in
977 2515 1259 2584 putredine
1289 2517 1551 2570 vermium
1581 2533 1596 2581 ;
1628 2518 1697 2571 ob
1720 2517 1843 2582 hoc,

253 2608 388 2676 quia
429 2607 706 2663 doloribus
755 2623 970 2663 macero
1011 2608 1193 2663 sulcos
1242 2617 1398 2663 terrae
1447 2623 1512 2662 ex
1562 2607 1844 2663 vulnerum

254 2713 507 2754 meorum
533 2701 794 2766 humore;
826 2701 896 2755 ob
921 2701 1042 2768 hoe,
1071 2700 1195 2770 quia
1225 2699 1504 2755 doloribus
1550 2700 1846 2757 obvolutus

253 2805 406 2854 sum,
433 2801 487 2846 et
516 2791 618 2844 alia
651 2791 878 2860 plurima
913 2793 996 2846 bis
1015 2792 1231 2847 similia.
1251 2791 1384 2847 Cum
1422 2802 1530 2847 tam
1557 2795 1846 2849 vehemen-

254 2883 495 2937 tioribus
515 2883 792 2940 doloribus
819 2884 1112 2940 restitisset
1143 2894 1306 2954 atque
1335 2895 1692 2956 repugnasset
1715 2885 1837 2952 Job,

252 2975 585 3029 constantiae
608 2991 713 3030 non
755 2976 1103 3040 renuntiavit,
1134 2977 1451 3047 patientiam
1479 2995 1584 3033 non
1621 2977 1840 3047 abjeclt,

253 3067 425 3121 tidem
479 3082 586 3122 non
639 3066 907 3136 deposuit,
969 3067 1263 3139 gratiarum
1315 3070 1559 3125 actiones
1605 3086 1712 3126 non
1760 3084 1917 3158 estC

250 3158 464 3211 oblitus
504 3172 520 3210 :
554 3157 648 3212 sed
706 3169 911 3228 quanto
945 3159 1212 3228 pluriores
1257 3160 1555 3215 sustinebat
1611 3162 1842 3227 dolores,

254 3259 417 3303 tanto
450 3249 680 3318 amplius
713 3248 976 3320 pluriores
1006 3249 1295 3322 adjiciebat
1313 3259 1515 3308 attento
1548 3253 1679 3324 Regi
1725 3268 1849 3323 gra-

254 3343 331 3396 tia
346 3358 465 3395 rum
499 3346 742 3399 actiones
770 3353 933 3414 atque
949 3344 1340 3400 confessiones.
1366 3343 1584 3398 Sciebat
1615 3359 1851 3413 namque

252 3446 486 3491 sanctus
521 3437 631 3502 ille,
660 3437 785 3507 quia
820 3438 1112 3492 secundum
1143 3436 1544 3490 multitudinem
1571 3435 1842 3502 dolorum,

255 3528 554 3583 multitudo
586 3531 635 3582 ei
660 3529 1067 3598 praeparabatur
1091 3543 1440 3583 coronarum.
1466 3527 1510 3584 Ο
1538 3528 1696 3582 beate
1715 3527 1836 3589 Job,

255 3617 538 3682 quomodo
569 3625 619 3670 te
639 3617 995 3681 admiremur,
1029 3618 1298 3686 quomodo
1334 3626 1386 3671 te
1423 3616 1725 3682 laudemus,
1761 3618 1848 3672 vel

255 3711 540 3778 quomodo
577 3707 986 3778 magniﬁcemus
1015 3709 1105 3778 qui
1144 3708 1292 3763 solus
1335 3717 1460 3763 ante
1493 3707 1846 3776 Evangelium

255 3817 450 3858 eorum
494 3815 614 3869 qua:
642 3800 693 3853 in
729 3799 1022 3869 Evangelio
1060 3809 1184 3854 sunt
1211 3797 1504 3868 perfectam
1535 3800 1840 3869 passionem

255 3894 591 3958 sustinuisti,
624 3893 714 3960 qui
745 3891 893 3947 solus
924 3901 1050 3946 ante
1092 3902 1360 3963 martyres
1390 3901 1687 3962 martyrum
1713 3892 1842 3947 tole-

259 3989 496 4044 rantiam
521 4003 642 4042 cum
680 3987 978 4058 gratiarum
1015 3985 1322 4040 actionibus
1353 3984 1649 4056 perfecisti.
1704 3983 1839 4039 Nam

259 4084 408 4136 sicut
441 4081 628 4135 omnia
687 4087 956 4135 tormenta
992 4087 1154 4146 atque
1203 4077 1372 4146 ﬂagra
1421 4091 1518 4146 per
1568 4077 1844 4146 principes

261 4174 425 4243 bujus
458 4173 643 4228 mundi
669 4172 898 4242 ingessit
926 4170 1172 4224 diabolus
1193 4170 1524 4240 martyribus
1549 4170 1661 4224 :sic
1691 4171 1845 4224 simi-

261 4265 391 4320 liter
427 4265 684 4318 universa
714 4261 974 4333 supplicia
1011 4269 1176 4330 atque
1211 4259 1456 4313 incendia
1501 4261 1714 4316 induxit
1753 4277 1846 4315 su-

262 4371 360 4428 per
386 4355 489 4411 Job
522 4371 618 4425 per
645 4356 991 4423 semetipsum
1025 4362 1186 4421 atque
1227 4366 1323 4404 sua
1366 4351 1672 4420 iniquitate,
1735 4353 1839 4408 hoc

1947 492 2102 547 niem.
2124 493 2203 546 Ad
2227 508 2346 563 qua:
2376 492 2534 563 digne
2566 491 2794 557 dicatur,
2826 493 2932 556 dic,
2969 508 3001 547 o
3045 495 3198 547 beate
3223 491 3320 548 Job
3349 503 3509 562 atque

1947 583 2056 638 Deo
2088 584 2301 648 dilecte,
2326 587 2395 639 ob
2432 599 2590 651 quam
2630 598 2741 637 rem
2774 584 2876 638 ltoc
2903 584 3070 639 facis?
3094 583 3203 638 Cur
3235 587 3377 641 ltu-nc
3410 587 3507 640 do-

1946 670 2112 724 lorem
2160 670 2485 739 exasperas?
2528 686 2626 724 cur
2684 673 3033 741 augmentas?
3074 688 3170 727 cur
3214 689 3509 745 exaggeras

1948 773 2078 818 testa
2108 764 2344 818 radendo
2366 762 2709 818 lamentabile
2745 765 2846 818 hoc
2876 764 3069 820 vulnus
3092 776 3253 834 atque
3279 767 3510 822 suavissi-

1945 870 2088 907 mam
2123 855 2259 908 hanc
2289 854 2522 925 plagam,
2553 870 2675 909 cum
2705 855 2884 925 potius
2905 857 3170 913 debueras
3195 859 3505 924 observare,

1937 947 2148 1015 juvare,
2168 947 2369 1012 levare,
2394 947 2595 1013 fovere,
2626 963 2850 1017 ungere,
2875 948 3159 1014 defricare,
3194 960 3249 1005 ut
3276 967 3368 1020 per
3395 951 3509 1005 lucc

1944 1038 2191 1093 universa
2225 1038 2493 1092 mitiorem
2529 1048 2688 1107 atque
2717 1037 3054 1093 blandiorem
3083 1039 3332 1094 redderes
3366 1041 3509 1093 bunc

1941 1129 2296 1185 saevissimum
2348 1131 2612 1195 dolorem,
2656 1129 2978 1199 plagamque
3022 1131 3358 1186 terribilem?
3401 1131 3506 1186 Sed

1943 1222 2271 1292 respondens
2293 1223 2471 1292 justus
2500 1220 2623 1288 Job,
2665 1223 2795 1276 dicit
2826 1240 2838 1275 :
2879 1223 3011 1292 Ego,
3043 1238 3076 1276 ο
3101 1223 3224 1290 viri,
3251 1240 3354 1279 non
3383 1241 3508 1279 suc-

1941 1316 2133 1370 cumbo
2161 1314 2246 1370 his
2286 1314 2576 1378 doloribus,
2605 1329 2776 1384 neque
2807 1315 2924 1368 istis
2963 1315 3137 1385 ptenis
3161 1316 3375 1380 deﬁcio,
3406 1333 3509 1372 non

1941 1406 2212 1470 debilitor,
2267 1421 2440 1476 neque
2501 1405 2761 1462 delassor.
2792 1404 2906 1461 Non
2951 1407 3096 1460 enim
3141 1420 3266 1461 sunt
3297 1408 3512 1463 dolores

1942 1498 2030 1554 isti
2082 1497 2338 1554 fortiores
2394 1498 2586 1554 anima:
2613 1513 2745 1552 mea:
2782 1498 3060 1563 ﬁrmitate,
3089 1515 3196 1553 non
3235 1509 3361 1554 sunt
3401 1501 3513 1555 haec

1945 1599 2206 1646 tormenta
2225 1591 2440 1645 duriora
2473 1591 2651 1646 cordis
2679 1592 2782 1646 mei
2813 1590 3034 1646 duritia.
3064 1591 3280 1659 Merito,
3311 1593 3511 1664 inquit,

1943 1696 2207 1752 exaggero
2263 1694 2425 1752 atque
2471 1698 2785 1739 commoveo
2835 1684 2979 1754 ipsos
3020 1685 3251 1751 dolores,
3300 1693 3359 1738 ut
3419 1700 3514 1755 per

1945 1783 2140 1827 cuncta
2171 1776 2449 1828 ostendam
2473 1775 2807 1844 nequissimo
2831 1775 3067 1843 diabolo,
3099 1777 3224 1847 quia
3255 1776 3371 1846 ejus
3402 1792 3514 1830 ma-

1943 1866 2113 1920 litiam
2143 1867 2364 1932 irrideo,
2389 1868 2515 1936 quia
2541 1868 2878 1937 iniquitatem
2904 1869 3023 1939 ejus
3056 1880 3371 1932 contemno,
3392 1871 3512 1939 quia

1944 1972 2132 2013 omnes
2160 1959 2277 2029 ejus
2306 1959 2491 2029 plagas
2515 1969 2676 2028 atque
2703 1961 2924 2015 vulnera
2953 1962 3021 2017 ad
3046 1963 3275 2017 nihilum
3303 1975 3510 2033 reputo.

1945 2049 2026 2104 Ob
2052 2050 2154 2105 hoc
2174 2064 2301 2120 ergo
2319 2052 2524 2120 accepit
2549 2059 2763 2118 testam,
2791 2061 2849 2105 ut
2872 2053 3083 2108 raderet
3107 2055 3310 2109 saniem
3339 2071 3511 2109 suam.

1946 2142 2110 2206 Ecce,
2143 2143 2335 2212 inquit,
2353 2158 2385 2198 ο
2409 2143 2797 2213 malignissiute
2819 2144 3053 2208 diabole,
3083 2146 3222 2200 sicut
3244 2156 3370 2203 tunc
3393 2161 3514 2202 cum

1948 2249 2061 2289 rem
2087 2233 2408 2290 familiarem
2433 2246 2486 2290 et
2506 2236 2645 2290 ﬁlios
2675 2235 2805 2290 mihi
2836 2235 3099 2302 auferres,
3131 2247 3259 2293 tunc
3289 2239 3519 2309 denique

1946 2342 2045 2396 ego
2078 2329 2221 2397 quod
2278 2338 2563 2398 supererat
2606 2337 2807 2384 vestem
2861 2339 3024 2399 atque
3070 2345 3282 2386 comam
3329 2333 3518 2400 capitis

1946 2419 2309 2474 conscindens
2344 2430 2506 2490 atque
2535 2421 2761 2476 tondens
2787 2422 2880 2477 tibi
2914 2423 3142 2492 projeci,
3166 2432 3369 2478 vestem
3402 2435 3521 2492 post

1948 2525 2060 2565 rem
2089 2509 2428 2572 familiarem,
2457 2520 2512 2566 et
2536 2526 2745 2566 comam
2774 2521 2893 2582 post
2919 2514 3120 2569 liberos
3147 2532 3159 2567 :
3192 2514 3294 2578 sic,
3324 2515 3517 2583 inquit,

1947 2604 2112 2658 etiam
2161 2618 2302 2658 nunc
2341 2618 2464 2658 cum
2497 2619 2585 2659 me
2633 2605 2928 2660 satvissima
2980 2605 3134 2676 plaga
3186 2616 3519 2676 percuteres,

1949 2698 2090 2767 quod
2134 2696 2227 2752 tibi
2264 2699 2531 2768 superfuit
2563 2697 2724 2765 hujus
2763 2699 2985 2765 doloris,
3011 2699 3112 2754 hoc
3135 2700 3393 2754 nimirum
3446 2701 3518 2755 ita

1948 2791 2165 2861 adjicio,
2201 2793 2303 2848 bac
2339 2801 2478 2848 testa
2505 2793 2717 2848 dolores
2768 2795 3134 2862 provocando,
3184 2803 3238 2850 et
3285 2809 3521 2864 exagge-

1951 2882 2121 2937 rando
2149 2892 2312 2953 atque
2347 2885 2744 2956 exasperanda,
2776 2894 2834 2939 ut
2880 2900 2977 2955 per
3006 2885 3141 2952 haec,
3177 2886 3373 2955 inquit,
3403 2885 3520 2940 uni-

1952 2991 2107 3031 versa
2142 2976 2450 3034 informeris
2473 2980 2538 3033 de
2568 2993 2688 3034 mea
2718 2981 3042 3048 constantia,
3081 2995 3147 3035 ne
3174 2981 3312 3035 ultra
3344 2991 3516 3050 putes,

1953 3070 2283 3140 nequissime
2315 3070 2547 3134 diabolo,
2580 3071 2724 3140 quod
2748 3086 2846 3141 ego
2876 3072 3157 3127 detraham
3192 3072 3518 3142 benignissi-

1952 3179 2042 3218 mo
2065 3163 2330 3228 Creatori,
2357 3162 2438 3217 vel
2464 3162 2828 3234 blasphemem
2859 3173 3102 3220 sanctum
3119 3164 3519 3219 benefactorem

1951 3272 2128 3310 meum
2165 3257 2475 3325 aliquando.
2501 3256 2579 3312 0b
2605 3258 2705 3312 hoc
2735 3272 2864 3326 ergo
2903 3259 3109 3328 accepit
3137 3268 3325 3313 testam
3350 3269 3408 3312 ut
3435 3274 3524 3311 ra-

1950 3347 2102 3401 deret
2128 3348 2330 3402 saniem
2359 3362 2534 3402 suam.
2561 3348 2859 3414 Advortite,
2877 3364 2910 3403 o
2936 3348 3228 3412 viri,valde
3253 3349 3520 3418 ingentem

1951 3439 2109 3493 fidem
2133 3438 2234 3493 Job
2253 3448 2413 3508 atque
2436 3438 2753 3493 cbaritatem
2773 3454 2931 3507 quam
2959 3437 3146 3492 habuit
3165 3438 3310 3492 circa
3335 3437 3521 3498 Deum,

1954 3531 2292 3584 tolerantiam
2320 3544 2535 3600 quoque
2561 3538 2726 3598 atque
2748 3529 3128 3583 constantiam.
3162 3528 3294 3582 Nam
3329 3528 3397 3583 ob
3421 3529 3524 3581 ltoc

1951 3623 2084 3677 rasit
2127 3622 2228 3677 Job
2281 3623 2502 3677 vulnera
2538 3638 2632 3676 sua
2664 3629 2823 3686 testa,
2853 3638 2956 3675 non
2981 3625 3121 3690 quod
3148 3637 3253 3676 non
3292 3622 3340 3676 ei
3372 3622 3528 3675 valde

1949 3711 2269 3776 doluissent,
2301 3711 2394 3767 sed
2423 3712 2493 3767 ob
2519 3712 2623 3766 hoc
2651 3713 2784 3767 rasit
2808 3721 2966 3778 testa,
2992 3725 3047 3765 ut
3078 3712 3233 3768 nobis
3255 3713 3526 3781 patientia:

1950 3814 2126 3874 atque,
2139 3805 2436 3860 tolerantiae
2461 3821 2706 3860 normam
2746 3806 2920 3860 daret.
2948 3805 3030 3861 Ob
3059 3806 3162 3860 hoc
3193 3806 3327 3859 rasit
3361 3814 3521 3870 testa,

1955 3906 2012 3950 ut
2037 3905 2352 3952 sanctorum
2390 3906 2690 3968 martyrum
2720 3897 3120 3952 demonstraret
3145 3897 3395 3967 ﬁguram,
3431 3900 3523 3967 qui

1950 3996 2072 4056 post
2106 3987 2385 4043 universas
2414 3988 2600 4059 plagas
2623 4003 2688 4044 ac
2713 3988 2942 4052 dolores,
2973 3995 3098 4058 post
3128 3989 3374 4043 universa
3405 4003 3528 4058 sup-

1951 4077 2108 4147 plicia
2138 4089 2299 4148 atque
2348 4089 2641 4144 tormenta,
2676 4081 2784 4134 rasi
2822 4089 2982 4149 atque
3026 4079 3242 4150 ungulis
3277 4079 3519 4136 confossi

1949 4179 2077 4224 sunt
2105 4185 2201 4240 pro
2225 4181 2516 4242 augmento
2550 4173 2794 4230 dolorum
2823 4171 3088 4225 omniunt.
3124 4170 3215 4225 Sic
3249 4180 3302 4224 et
3335 4171 3526 4225 beatus

1950 4259 2049 4316 Job
2071 4271 2192 4331 post
2213 4262 2409 4319 nimios
2425 4263 2640 4317 dolores
2665 4263 2756 4333 qui
2791 4263 2842 4316 in
2873 4277 3104 4330 corpore
3129 4268 3303 4327 erant,
3367 4270 3521 4314 extra

1949 4369 2147 4424 corpus
2198 4363 2333 4410 testa
2381 4357 2518 4410 rasit
2571 4370 2667 4410 sua
2702 4356 2949 4419 vulnera,
2992 4365 3049 4409 ut
3072 4354 3326 4409 omnibus
3359 4352 3525 4406 Deum

265 4449 444 4518 ipsum
472 4463 571 4516 per
604 4449 788 4504 omnia
825 4448 1152 4516 deprecante
1189 4440 1310 4508 Job,
1338 4445 1480 4513 quod
1507 4444 1673 4498 etiam
1703 4460 1848 4498 mar-
1882 4441 1924 4495 D
1957 4445 2271 4500 timentibus
2303 4447 2578 4516 patientia:
2617 4456 2777 4515 atque
2817 4447 3118 4501 tolerantiae
3165 4447 3218 4500 in
3265 4454 3526 4515 perpetuo

265 4551 414 4608 tyres
448 4541 715 4607 fecerunt,
770 4548 829 4594 ut
872 4539 1164 4610 gloriosum
1208 4554 1403 4594 nomen
1457 4537 1548 4591 Dei
1597 4536 1845 4606 blasphe-

266 4649 416 4688 mare
444 4647 553 4686 non
584 4641 892 4698 cogeretur.
921 4629 1026 4684 Sed
1052 4629 1514 4684 incontaminatus
1546 4629 1846 4696 permansit

267 4739 496 4793 magnus
513 4723 600 4776 ille
620 4722 1002 4776 adamantinus
1021 4719 1142 4784 Job,
1157 4720 1307 4788 juxta
1331 4719 1574 4774 dolorum
1606 4717 1846 4772 multitu-

267 4817 447 4870 dinem
469 4825 634 4884 atque
651 4815 1008 4876 nimietatem,
1032 4811 1393 4881 multiplicans
1407 4820 1571 4880 atque
1593 4809 1851 4879 adjiciens

268 4908 566 4977 gratiarum
595 4907 859 4962 actiones.
906 4903 1020 4961 lloc
1055 4903 1310 4958 nimirum
1349 4917 1444 4973 per
1471 4903 1585 4955 haec
1618 4917 1736 4969 qua:
1765 4916 1852 4956 se-

271 5008 507 5066 quuntur
522 5007 760 5067 apparet,
795 4997 927 5051 dicit
961 5011 1232 5064 namque:
1269 4993 1332 5047 Et
1354 5004 1564 5060 accepta
1587 4991 1688 5045 Job
1713 5000 1851 5045 testa

272 5089 487 5142 radebat
531 5090 731 5142 saniem
762 5104 912 5142 suam
940 5089 1008 5141 “.
1039 5085 1154 5141 Non
1207 5083 1421 5154 accepit
1453 5082 1615 5136 molle
1644 5081 1847 5150 aliquid

274 5191 330 5233 ut
355 5182 696 5251 abstergeret
735 5179 990 5238 molliter.
1038 5179 1250 5242 leviter,
1291 5174 1510 5240 leniter,
1546 5173 1847 5228 artificiose

275 5274 600 5330 moderando
645 5283 812 5343 atque
856 5273 1186 5329 relevando:
1239 5272 1332 5327 sed
1393 5269 1601 5337 accepit
1653 5275 1846 5321 testam

277 5365 490 5427 duram,
545 5379 816 5433 asperam,
855 5373 912 5417 ut
954 5363 1171 5417 raderet
1217 5376 1339 5416 cum
1395 5359 1584 5414 dolore
1642 5358 1847 5414 saniem

277 5469 448 5520 suam,
481 5467 538 5509 et
567 5471 676 5512 non
711 5464 1018 5523 extergeret
1043 5454 1234 5508 blande
1261 5462 1422 5522 atque
1446 5451 1688 5506 modeste
1709 5449 1850 5503 miti-

281 5561 412 5616 gans
461 5558 624 5616 atque
674 5550 923 5604 relevans
967 5547 1340 5602 vehementem
1384 5543 1532 5601 illum
1579 5553 1737 5612 atque
1767 5543 1849 5598 in-

347 5731 387 5762 "
417 5728 512 5784 Job
555 5745 610 5793 ll,
644 5727 694 5783 8.

1954 4537 2193 4592 traderet
2227 4537 2457 4593 formam
2493 4557 2505 4591 :
2549 4547 2608 4592 ut
2653 4553 2843 4592 omnes
2872 4538 3089 4594 dolores
3129 4548 3290 4606 atque
3339 4537 3526 4605 plagas

1953 4629 2067 4682 sive
2101 4628 2152 4681 in
2183 4642 2433 4697 corpore,
2469 4628 2582 4684 sive
2622 4637 2775 4683 extra
2816 4642 3036 4696 corpus,
3060 4628 3174 4682 sive
3217 4626 3525 4680 detrimenti

1955 4728 2113 4787 atque
2135 4719 2412 4787 languoris
2434 4734 2555 4773 cum
2586 4719 2885 4789 gratiarum
2917 4717 3224 4774 actionibus
3254 4717 3526 4771 sustinen-

1963 4820 2042 4865 tes
2069 4812 2391 4880 accipianta
2421 4812 2528 4866 Deo
2562 4820 2777 4866 aeternae
2806 4811 2987 4881 gloria:
3014 4808 3527 4872 remunerationem,

1959 4916 2124 4972 atque
2163 4904 2690 4960 immarcescibilium
2721 4918 3045 4958 coronarum
3095 4907 3412 4967 exspectent
3443 4911 3529 4952 re-

1958 4997 2306 5051 tributionem
2360 5014 2390 5050 a
2443 4997 2574 5052 Deo.
2621 4996 2773 5063 Quod
2814 5007 2992 5052 autem
3027 4994 3320 5050 secundum
3359 4994 3527 5061 ipsam

1956 5087 2240 5142 historiam
2265 5089 2416 5143 testis
2443 5088 2666 5142 lacerati
2697 5097 2857 5158 atque
2879 5086 3154 5156 pernecati
3178 5083 3383 5138 fuerint
3407 5097 3530 5138 san—

1955 5180 2028 5233 cti
2077 5189 2364 5250 martyres,
2437 5179 2777 5234 manifestum
2826 5189 2911 5234 est
2963 5189 3124 5247 atque
3172 5173 3529 5230 irrefutabile.

1957 5268 2088 5322 Nam
2117 5277 2238 5339 post
2273 5270 2524 5324 universa
2560 5278 2827 5324 tormenta
2847 5267 3178 5323 recludentes
3215 5281 3308 5320 eos
3333 5263 3386 5318 in
3413 5278 3531 5318 car-

1956 5375 2133 5426 ceres,
2174 5370 2228 5414 et
2267 5368 2432 5416 testas
2485 5359 2715 5428 pollinas
2766 5359 2818 5412 in
2863 5359 2943 5412 eis
2981 5363 3304 5420 sternentes,
3329 5361 3385 5408 et
3435 5368 3530 5422 per

1959 5463 2194 5522 quatuor
2221 5462 2410 5522 partes
2437 5469 2530 5508 eos
2575 5453 2724 5523 itnpii
2777 5452 2875 5522 ipsi
2921 5450 3275 5506 extendentes
3326 5444 3530 5500 crudeli

1957 5551 2132 5598 morte
2154 5557 2248 5599 eos
2287 5542 2681 5613 pernecabant.
2703 5539 2780 5598 Ita
2810 5551 3214 5600 consummatus
3236 5543 3320 5593 est
3343 5533 3533 5591 beatus
