3992 6312
500 313 596 368 ΠΙ

1580 314 1959 369 ANONYMUS
1996 313 2064 368 IN
2101 314 2239 367 Jllli.
2282 344 2345 353 —-
2386 314 2508 369 LIB.
2552 317 2617 371 ll.

3662 311 3766 366 ΗΞ

486 436 661 502 atque
700 431 969 503 gloriosus
1020 432 1307 492 anianus,
1345 431 1557 486 lucidus
1594 433 1727 497 vita,
1766 433 1975 487 lucidus
2007 442 2056 484 et
2089 433 2133 487 Α
2164 434 2249 485 but
2294 448 2449 500 super
2487 448 2729 486 acervum
2762 432 3004 485 stercoris
3045 440 3206 487 extra
3257 429 3553 495 civitatem,
3581 432 3762 484 sedem

500 525 625 589 lide,
677 525 883 579 lucidus
936 526 1097 578 etiam
1147 524 1444 579 tolerantiae
1474 525 1955 582 consummatione.
1980 527 2060 580 0h

497 616 601 670 hoc
624 615 767 670 enim
799 614 1065 669 Lucianns
1087 613 1497 684 cognominatus
1514 623 1620 677 est,
1653 623 1907 684 tanquam
1940 616 2066 668 luci-

499 707 620 769 dus,
655 716 750 761 aut
802 707 1019 777 pr0prio
1066 706 1265 760 lumine
1291 705 1390 760 sibi
1423 705 1655 775 fulgens,
1690 716 1783 762 aut
1822 708 1939 762 aliis
1984 708 2058 760 Iu-

500 812 648 852 cens.
693 796 791 852 llic
841 812 1073 869 namque
1115 795 1306 850 beatus
1339 797 1620 851 duodecim
1679 798 1865 852 diebus
1900 814 2061 865 supra

499 896 667 944 testas
695 890 923 959 pollinas
952 898 1208 945 extensus
1260 891 1416 945 tertia
1463 890 1672 945 decima
1708 891 1793 945 die
1820 901 1904 946 est
1932 908 2062 945 con-

498 992 817 1047 summatus,
855 981 1050 1051 aliique
1081 982 1348 1037 innumeri
1382 984 1554 1038 sancti
1579 994 1851 1055 martyres
1871 986 2061 1038 eodem

498 1068 656 1123 modo
690 1078 912 1123 mortem
944 1080 1282 1125 transeuntes
1308 1074 1665 1128 consummati
1690 1083 1835 1128 sunt.
1861 1073 2062 1130 Horum

496 1174 729 1228 namque
752 1160 989 1215 omnium
1032 1172 1212 1232 typum
1244 1178 1437 1232 gerens
1471 1162 1594 1229 Job,
1624 1165 1835 1235 accepit
1864 1173 2061 1221 teSIam

496 1261 557 1305 nt
596 1253 810 1307 raderet
843 1254 1050 1308 saniem
1092 1253 1370 1310 vulnerum
1406 1270 1646 1310 suorum.
1680 1256 1842 1323 Ecce,
1870 1258 2061 1328 inquit,

495 1359 529 1397 ο
552 1344 785 1415 maligne
810 1344 1040 1410 diabole,
1071 1346 1333 1402 conculeo
1355 1354 1428 1412 te,
1454 1348 1696 1402 deformo
1724 1359 1774 1402 te
1801 1358 1855 1402 et
1884 1350 2064 1404 humi-

495 1435 587 1501 lio,
619 1446 782 1506 atque
825 1451 1037 1492 omnem
1081 1438 1468 1508 malignitatem
1520 1448 1664 1493 tuam
1697 1449 1751 1495 et
1802 1439 2062 1495 malitiam

494 1530 951 1599 contemptibilem
982 1532 1232 1586 omnibus
1254 1532 1585 1587 demonstro.
1618 1531 1840 1601 Accepit
1871 1541 2063 1587 testam

494 1631 555 1676 ut
571 1622 784 1676 raderet
807 1624 1008 1677 saniem
1024 1623 1304 1678 vulnerum
1327 1638 1566 1679 suorum.
1586 1624 1770 1690 Testa,
1792 1624 2061 1694 inquiens,

496 1722 634 1766 testa
655 1715 893 1767 radendo
908 1714 1258 1784 corruptibile
1287 1724 1448 1785 atque
1476 1716 1693 1771 carnale
1710 1716 1809 1772 hoc
1833 1718 2061 1781 corium,

495 1814 711 1859 terrena
750 1814 909 1874 atque
943 1820 1132 1875 aspera
1159 1815 1314 1863 testa.
1350 1808 1573 1878 Accepit
1603 1819 1791 1864 testam
1826 1818 1883 1864 ut
1912 1811 2063 1864 rade.

497 1905 582 1949 ret
616 1896 819 1950 saniem
849 1897 1130 1953 vulnerum
1184 1915 1424 1955 suorum.
1461 1901 1661 1973 Typus,
1699 1903 1890 1972 inquit,
1943 1918 2063 1957 sum

497 1989 622 2043 sine
656 1998 878 2058 peccato
925 1990 1023 2044 hos
1056 1990 1368 2047 sustinendo
1397 1993 1634 2058 dolores,
1681 1994 1825 2049 illius
1859 1995 1950 2061 qui
2008 1996 2061 2049 in

496 2082 791 2136 novissimo
814 2094 1053 2152 tempore
1088 2083 1420 2139 descendens
1454 2086 1520 2140 de
1550 2087 1706 2143 ctelis
1739 2087 1829 2143 Dei
1856 2087 2062 2160 Unige-

498 2174 643 2228 nitus
682 2175 882 2229 terreni
912 2176 1152 2245 corporis
1184 2185 1323 2232 testa
1367 2192 1432 2232 ex
1481 2176 1702 2251 Virgine
1742 2195 1802 2235 se
1835 2181 2063 2238 induens

498 2267 663 2321 totius
692 2267 872 2322 mundi
896 2268 1123 2334 saniem,
1143 2268 1533 2325 immunditiam
1559 2286 1771 2342 quoque
1788 2288 1850 2327 ac
1880 2284 2065 2345 pntre-

500 2360 677 2414 dinem
707 2361 860 2426 rasit,
892 2370 1054 2431 atque
1081 2361 1360 2415 mundavit
1382 2362 1561 2416 omnia
1589 2374 1807 2433 peccata
1839 2379 2067 2435 suppor-

499 2453 683 2506 tando.
712 2449 1060 2507 Postmodum
1104 2467 1201 2521 pro
1227 2452 1591 2520 impietatibus
1624 2471 1810 2511 eorum
1844 2456 1894 2510 in
1921 2472 2063 2512 mor-

501 2550 609 2595 tem
643 2541 907 2597 deductus
950 2550 1056 2603 est,
1090 2542 1243 2610 cuius
1276 2540 1443 2597 livore
1467 2558 1657 2601 omnes
1695 2547 1869 2601 sanati
1901 2557 2064 2618 atque

496 2631 742 2684 mundati
770 2640 916 2695 sunt,
945 2632 1033 2699 qui
1061 2642 1341 2700 peccatum
1378 2646 1481 2687 non
1508 2632 1655 2700 fecit,
1680 2650 1779 2690 nec
1816 2637 2065 2693 inventus

497 2733 581 2775 est
617 2722 770 2776 dolus
796 2724 847 2776 in
879 2738 973 2779 ore
998 2725 1135 2793 eius.
1172 2724 1435 2781 Omnibus
1474 2726 1654 2795 itaque
1699 2728 1872 2782 modis
1910 2744 2063 2783 acce-

495 2812 597 2882 pit,
617 2812 812 2881 inquit,
844 2824 1037 2868 testam
1073 2825 1128 2870 ut
1160 2815 1374 2870 raderet
1406 2818 1614 2872 saniem
1644 2834 1821 2874 suam.
1860 2818 1927 2873 Et
1953 2822 2063 2889 ipse

496 2906 705 2959 sedebat
752 2922 909 2974 super
941 2924 1178 2963 acervum
1210 2910 1453 2963 stercoris
1501 2920 1649 2965 extra
1682 2912 1941 2967 civitatem
1971 2915 2060 2967 9".

495 2991 613 3048 Non
654 2995 794 3064 quod
840 2996 1227 3052 habitationem
1275 2998 1525 3054 deserere
1563 3000 1812 3066 voluerit,
1865 3002 1959 3056 sed
1998 3002 2063 3057 iis

2161 538 2258 592 pro
2294 524 2421 579 sede
2466 523 2778 587 immutans,
2813 532 2868 579 et
2898 523 3210 579 sessionem
3253 534 3362 591 pro
3392 519 3640 575 sessione
3661 521 3766 574 dit-

2161 616 2359 672 ferens.
2385 616 2519 672 Nam
2549 617 2593 672 is
2622 618 2712 686 qui
2753 616 2913 687 paulo
2950 624 3077 671 ante
3107 628 3288 683 supra
3331 610 3525 681 regale
3548 610 3769 665 sedebat

2161 708 2376 775 solium,
2418 724 2563 764 nunc
2613 709 2763 764 sedet
2813 721 2973 776 super
3008 706 3283 763 stercoris
3329 716 3597 758 acervum
3633 718 3648 755 :
3685 703 3769 757 ille

2163 806 2253 874 qui
2310 813 2435 859 ante
2471 804 2743 874 paululum
2798 804 2949 873 regio
3001 803 3332 858 diademate
3383 809 3557 869 atque
3599 799 3766 868 gloria

2162 904 2280 951 erat
2308 895 2548 959 indutus,
2572 909 2713 949 nunc
2732 896 2884 949 sedet
2908 894 2962 949 in
2990 892 3343 949 abundantia
3380 890 3764 960 putredinum:

2164 986 2253 1041 ille
2292 986 2381 1055 qui
2414 994 2538 1041 ante
2590 985 2865 1056 paululum
2912 986 2981 1040 ab
3012 984 3335 1040 innumeris
3375 982 3629 1037 catervis
3655 982 3769 1037 cir-

2164 1078 2542 1146 cumdahatur,
2579 1094 2721 1133 nunc
2773 1093 2801 1132 a
2841 1076 3189 1132 multitudine
3221 1074 3507 1130 vermium
3532 1072 3767 1129 comedi-

2165 1180 2273 1223 tur.
2322 1170 2557 1226 Sedebat
2602 1184 2765 1239 super
2808 1184 3062 1223 acervum
3095 1165 3767 1255 stercoris,.condignam

2164 1272 2328 1333 atque
2380 1278 2671 1333 congruam
2715 1264 2854 1318 hanc
2887 1263 3068 1317 sedem
3099 1262 3234 1316 huic
3279 1260 3549 1329 judicans
3577 1258 3763 1328 plagae,

2165 1355 2443 1410 vermibus
2480 1365 2709 1421 stercus,
2742 1353 3016 1423 putredini
3046 1351 3437 1424 putredinem.
3468 1349 3764 1418 Suscipiat,

2166 1446 2355 1516 inquit,
2412 1447 2640 1515 putredo
2693 1446 3057 1515 pntredinem,
3112 1444 3287 1513 hujus
3357 1440 3627 1497 stercoris
3665 1456 3763 1511 puo

2164 1539 2337 1601 tredo.
2370 1538 2615 1607 corporis
2665 1536 2824 1608 hujus
2872 1548 3037 1607 atque
3065 1536 3350 1591 vermium
3393 1533 3759 1602 putredinem.

2164 1625 2385 1682 Sedebat
2406 1644 2561 1693 super
2600 1643 2841 1681 acervum
2864 1628 3129 1682 stercoris.
3164 1623 3413 1681 Stercus
3442 1637 3604 1691 supra
3625 1630 3760 1676 ster-

2168 1733 2286 1782 cus,
2342 1717 2572 1787 putredo
2611 1733 2770 1787 supra
2806 1718 3168 1788 putredinem.
3220 1713 3368 1769 Nam
3406 1714 3539 1784 quia
3588 1713 3757 1766 omnis

2170 1808 2332 1862 homo
2366 1808 2615 1877 putredo,
2656 1817 2710 1863 et
2740 1807 2882 1863 ﬁlius
2925 1808 3165 1863 hominis
3211 1806 3457 1873 vermis,
3495 1805 3680 1859 merito
3714 1806 3759 1859 is

2165 1901 2255 1969 qui
2287 1901 2339 1955 in
2371 1889 2713 1970 putredinem
2746 1901 3007 1955 vermium
3035 1910 3116 1957 est
3147 1914 3493 1966 conversus,
3527 1902 3676 1956 sedet
3704 1903 3756 1956 in

2164 1991 2446 2060 putredine
2477 1992 2753 2048 stercoris.
2773 1993 2922 2060 Quod
2940 1991 3256 2049 efﬁciuntur
3288 2007 3491 2049 omnes
3518 1992 3757 2047 homines

2164 2091 2283 2152 post
2316 2082 2516 2137 exitum
2539 2084 2733 2137 animae
2767 2084 3015 2153 putredo,
3034 2092 3086 2139 et
3112 2097 3362 2144 vermes,
3396 2082 3536 2146 haec,
3563 2082 3753 2150 inquit,

2164 2176 2496 2245 praeveniens
2554 2176 2729 2231 adhuc
2778 2178 2958 2231 anima
3001 2177 3054 2230 in
3106 2189 3351 2245 corpore
3397 2174 3603 2244 posita,
3659 2189 3753 2242 ego

2164 2267 2389 2323 ell'ectus
2427 2284 2566 2323 sum.
2611 2267 2813 2323 Idcirco
2842 2280 3096 2338 tanquam
3132 2268 3380 2339 putredo
3434 2276 3493 2322 et
3551 2277 3755 2321 stercus

2162 2360 2413 2425 effectus,
2446 2360 2607 2429 digne
2637 2361 2799 2415 sedeo
2827 2375 2986 2431 super
3011 2369 3254 2427 stercus,
3283 2373 3487 2414 omnes
3516 2356 3757 2411 homines

2166 2451 2459 2516 instruens,
2495 2452 2619 2521 quia
2658 2450 2836 2505 omnis
2878 2461 3089 2506 terrena
3115 2465 3321 2507 eorum
3345 2450 3522 2520 gloria
3559 2449 3611 2502 in
3660 2463 3756 2516 pu-

2167 2543 2450 2603 tredinem,
2469 2551 2525 2594 et
2542 2548 2755 2596 stercus
2772 2549 2933 2611 atque
2957 2556 3170 2597 vermes
3190 2551 3586 2597 convertetur.
3609 2539 3752 2593 Sedit

2164 2646 2326 2702 super
2364 2647 2615 2687 acervum
2642 2634 2918 2689 stercoris.
2948 2632 3243 2697 lntendite,
3267 2633 3548 2702 inquiens,
3567 2646 3751 2687 omnes

2166 2722 2256 2777 lilii
2286 2721 2582 2786 hominum,
2611 2724 2677 2776 ad
2706 2731 2963 2792 quantam
3010 2722 3292 2777 miseriam
3333 2732 3551 2776 terrena
3586 2722 3746 2791 gloria

2165 2812 2490 2880 devolvitur,
2529 2813 2594 2868 ad
2631 2822 2884 2882 quantam
2913 2813 3281 2869 humilitatem
3329 2824 3549 2870 terrena
3580 2812 3742 2868 subli—

2142 2903 2327 2958 mitas
2367 2904 2704 2960 immutatur.
2753 2905 2945 2960 Merito
2999 2906 3291 2976 praesentia
3335 2906 3520 2961 nullus
3552 2905 3741 2974 aliquid

2163 2995 2416 3061 aestimet,
2442 2996 2535 3051 sed
2553 2995 2731 3050 futura
2759 2996 2980 3052 timeat:
3006 2997 3183 3052 nullus
3201 2998 3325 3053 hac
3350 3013 3475 3067 quae
3502 2998 3742 3052 videntur

498 3081 590 3151 qui
630 3082 682 3136 in
725 3084 944 3139 civitate
968 3096 1121 3141 erant
1156 3098 1318 3158 atque
1351 3089 1721 3146 mansionibus
1753 3092 2057 3148 molestiam
2086 3109 2132 3172 ρ
2163 3096 2387 3155 Quaerat,
2433 3087 2524 3141 sed
2554 3102 2616 3141 ea
2648 3102 2767 3156 quae
2800 3102 2904 3142 non
2939 3087 3186 3142 videntur
3233 3090 3533 3144 sustineat.
3562 3086 3745 3143 Omnis

497 3179 747 3248 ingerere
804 3195 907 3235 non
959 3190 1041 3237 est
1089 3198 1296 3252 passus.
1353 3182 1570 3239 Sedebat
1628 3201 1783 3255 super
1821 3203 2061 3242 acervum

497 3272 744 3325 stercoris
795 3282 942 3327 extra
986 3275 1268 3342 civitatem,
1315 3291 1401 3331 me
1425 3276 1622 3341 solum,
1669 3277 1938 3348 inquiens,
1964 3279 2063 3334 cir-

496 3365 750 3418 cumdant
780 3365 918 3418 mala
955 3382 1094 3435 mea,
1119 3368 1247 3423 mihi
1273 3368 1372 3425 soli
1404 3369 1629 3425 molesta
1656 3383 1916 3427 suntmea
1947 3373 2064 3425 vul-

497 3469 652 3509 nera.
704 3455 816 3510 Non
858 3456 1080 3525 elliciar,
1130 3459 1325 3529 inquit,
1373 3460 1535 3515 etiam
1569 3461 1689 3516 aliis
1735 3463 2061 3528 exsecratio,

501 3558 570 3597 ne
597 3545 698 3599 sim
727 3546 810 3601 his
839 3548 930 3617 qui
980 3550 1118 3604 intra
1150 3551 1427 3605 civitatem
1458 3560 1583 3605 sunt
1607 3552 1955 3617 abominatio,
1997 3568 2064 3608 ne

499 3638 895 3693 exacerbemur
917 3642 1079 3695 etiam
1112 3642 1258 3697 cives
1282 3642 1517 3697 civitatis
1534 3652 1752 3712 propter
1778 3658 1927 3699 meos
1960 3645 2063 3699 do-

499 3729 664 3787 lores.
695 3731 931 3788 Sedebat
955 3743 1105 3788 extra
1140 3734 1414 3790 civitatem
1451 3734 1563 3799 ille,
1590 3735 1680 3805 qui
1714 3746 1839 3790 ante
1871 3736 2061 3806 paulu-

499 3819 610 3874 lum
655 3822 931 3876 civitatum
980 3833 1141 3891 atque
1190 3824 1523 3878 mansionum
1564 3823 1740 3880 fuerat
1789 3826 2060 3892 dominus,

499 3920 681 3966 rector
712 3922 871 3981 atque
905 3913 1249 3982 gubernator.
1278 3914 1512 3970 Sedebat
1531 3930 1660 3986 ergo
1686 3926 1840 3972 extra
1871 3917 2062 3971 civita-

501 4011 632 4055 tem.
686 4000 905 4056 Certum
957 4012 1042 4055 est
1090 4004 1230 4070 quod
1263 4004 1491 4073 plurima
1531 4006 1671 4075 apud
1712 4008 2060 4076 semetipsum

501 4102 743 4148 tractans
769 4108 832 4148 ac
860 4094 1044 4148 dicens
1068 4111 1081 4146 :
1109 4093 1218 4149 Cur
1243 4095 1297 4150 in
1324 4097 1544 4152 civitate
1576 4100 1855 4153 maneam?
1885 4115 1983 4155 cur
2009 4101 2059 4155 in

501 4184 749 4242 domibus
775 4186 1026 4241 sedeam?
1076 4186 1207 4241 Cum
1252 4202 1312 4242 re
1359 4203 1422 4243 ac
1450 4188 1595 4255 liliis,
1635 4200 1689 4244 et
1714 4191 1956 4259 civitate,
2010 4202 2066 4247 et

501 4278 745 4333 domibus
772 4279 940 4340 carui,
968 4294 1089 4332 cum
1126 4293 1182 4333 re
1210 4278 1456 4334 familiari
1493 4295 1555 4335 ac
1584 4280 1767 4336 liberis
1789 4283 1936 4351 regni
1970 4298 2062 4337 co-

500 4384 629 4422 rona
654 4369 829 4422 ablata
875 4378 957 4423 est
1000 4368 1153 4432 mihi,
1184 4384 1305 4423 cum
1334 4385 1390 4425 re
1431 4385 1494 4425 ac
1541 4371 1681 4425 natis
1708 4372 1832 4426 dedi
1893 4372 2058 4425 etiam

498 4469 704 4514 vestem
735 4471 897 4529 atque
922 4477 1131 4516 comam
1157 4462 1367 4532 capitis.
1411 4461 1561 4516 Nunc
1595 4478 1721 4518 vero
1742 4479 1862 4518 cum
1895 4479 2060 4533 regno
2094 4442 2137 4497 D

500 4554 800 4623 relinquam
824 4555 986 4609 etiam
1004 4554 1276 4609 civitatem
1308 4571 1370 4609 ac
1389 4556 1627 4609 domum.
1645 4557 1880 4611 Sedebat
1908 4566 2060 4610 extra

500 4648 775 4703 civitatem
795 4649 940 4703 solus
962 4650 1230 4705 sustinens
1252 4649 1490 4705 dolorem
1511 4649 1658 4703 illum
1683 4651 2060 4716 saevissimum,

500 4748 707 4794 certum
748 4746 831 4791 est
868 4739 1006 4807 quod
1037 4753 1240 4794 memor
1267 4738 1411 4792 illius
1445 4748 1604 4807 atque
1644 4738 1885 4793 imitatus
1914 4738 2059 4794 illum

501 4832 591 4901 qui
638 4831 783 4887 solus
827 4832 1068 4886 dolorem
1118 4833 1355 4887 omnium
1392 4840 1542 4886 extra
1593 4831 1866 4886 civitatem
1897 4834 2061 4888 susti-

503 4924 639 4987 nuit,
680 4924 732 4977 id
760 4932 843 4977 est
887 4922 976 4976 Dei
1006 4921 1346 4992 Unigenitus,
1378 4931 1431 4977 et
1456 4924 1522 4975 de
1554 4922 1697 4976 illius
1734 4922 1908 4977 futura
1934 4940 2058 4995 pas-

502 5016 656 5069 sione
686 5015 920 5085 seipsum
951 5011 1255 5067 consolatus
1282 5020 1388 5077 est,
1425 5012 1644 5067 dicens:
1690 5012 1830 5079 Quid
1882 5014 2059 5082 magni

502 5121 601 5176 ego
622 5106 860 5161 sustineo
882 5120 1002 5160 cum
1040 5104 1141 5158 sim
1165 5104 1323 5157 homo
1344 5116 1442 5171 pro
1477 5102 1780 5170 mvipsoﬂsi
1814 5101 1907 5156 Dei
1932 5100 2063 5156 Uni-

503 5198 712 5261 genitus
739 5207 997 5251 venturus
1026 5206 1108 5249 est
1140 5194 1208 5248 ad
1232 5203 1433 5255 terras,
1460 5204 1514 5247 et
1542 5209 1662 5247 cum
1690 5193 1761 5247 sit
1805 5193 2061 5248 Dominus

502 5303 601 5357 pro
626 5290 875 5343 omnibus
910 5288 1136 5357 plurima
1182 5284 1483 5355 passurus?
1518 5285 1723 5349 Brevis,
1759 5285 1955 5354 inquit,
1980 5295 2062 5339 est

503 5380 617 5433 haec
646 5392 760 5432 mea
784 5381 986 5448 passio,
1017 5388 1071 5433 et
1106 5375 1416 5447 temporalis
1451 5377 1553 5430 erit
1578 5377 1665 5430 hic
1705 5392 1854 5431 meus
1887 5376 2058 5430 dolor.

500 5473 609 5526 Aut
634 5471 773 5525 enim
798 5487 939 5527 mors
954 5487 1074 5526 eum
1104 5470 1372 5535 excludet,
1403 5478 1494 5522 aut
1517 5478 1665 5522 certe
1693 5469 2059 5522 sanitasillum

502 5562 752 5629 expellet,
779 5565 892 5618 sive
922 5564 999 5619 sic
1025 5562 1145 5620 linis
1180 5561 1653 5634 appropinquabit.
1692 5560 1755 5614 Et
1785 5563 1891 5629 ipse
1916 5562 2060 5614 sede-

570 5743 634 5772 "'
665 5739 760 5794 .luit
800 5756 860 5803 tl,
887 5740 938 5794 8.

2164 3181 2306 3235 enim
2332 3179 2499 3250 gloria
2533 3179 2766 3235 hominis
2798 3191 3052 3249 tanquam
3082 3183 3365 3245 fenum,et
3388 3183 3565 3236 omnis
3585 3183 3739 3236 decor

2162 3270 2591 3340 corruptibilium
2642 3280 2899 3341 tauquam
2940 3272 3089 3327 olera
3121 3264 3424 3328 herbarum
3476 3283 3530 3328 et
3555 3287 3740 3327 omnes

2162 3362 2369 3431 species
2423 3370 2758 3416 terrenarum
2810 3372 3062 3432 tanquam
3108 3362 3208 3418 ﬂos
3274 3364 3554 3421 decidens.
3606 3364 3734 3430 Quid

2136 3452 2439 3522 pulchrius
2467 3452 2619 3509 sole?
2647 3462 2701 3507 et
2728 3453 2817 3508 hic
2842 3453 3076 3512 decidet.
3117 3454 3256 3522 Quid
3279 3456 3507 3512 suavius
3526 3455 3734 3509 ﬂoribus

2162 3544 2370 3614 campi?
2402 3554 2457 3599 et
2481 3544 2531 3598 hi
2572 3554 2820 3599 arescent
2856 3544 3124 3601 similiter.
3168 3547 3312 3613 Quid
3337 3546 3624 3618 gloriosius
3649 3554 3734 3598 aut
3798 3600 3801 3603 .

2163 3636 2474 3691 decorosius
2530 3636 2699 3706 gloria
2748 3647 2912 3707 atque
2963 3638 3133 3693 forma
3178 3639 3459 3694 humana?
3505 3646 3559 3692 et
3617 3636 3733 3703 quid

2164 3726 2579 3782 abominabilius
2634 3736 2797 3797 atque
2860 3729 3266 3794 exsecrabilius,
3327 3744 3453 3785 eum
3486 3727 3731 3791 aruerint,

2162 3822 2401 3869 exeunte
2429 3815 2654 3869 anima?
2674 3814 2740 3869 Et
2762 3816 2893 3886 quid
2930 3817 3185 3873 humilius
3214 3818 3298 3873 his
3333 3820 3426 3889 qtti
3466 3819 3516 3873 in
3542 3826 3732 3871 sterco-

2163 3920 2244 3970 ra,
2274 3914 2332 3960 et
2380 3920 2593 3962 vermes
2635 3918 2801 3978 atque
2851 3910 3190 3979 putredinem
3238 3908 3727 3966 immutanturilie

2164 4013 2270 4063 me,
2304 3998 2497 4066 inquit,
2540 4018 2574 4054 υ
2623 4000 2893 4066 homines,
2930 4010 3090 4069 atque
3116 4003 3182 4057 de
3214 4018 3337 4057 mea
3369 4001 3726 4059 immutatione

2165 4089 2216 4143 in
2246 4091 2329 4145 his
2356 4092 2608 4145 omnibus
2647 4092 3033 4151 informamini.
3063 4094 3287 4161 Qualem
3327 4113 3418 4152 me
3446 4106 3567 4151 ante
3604 4110 3723 4163 pau-

2165 4180 2333 4235 lulum
2374 4180 2605 4245 vidistis,
2662 4190 2716 4234 et
2773 4182 2987 4250 qualem
3041 4198 3127 4239 me
3184 4200 3329 4240 nunc
3384 4180 3723 4253 conspicitis?

2164 4277 2375 4346 qualem
2408 4292 2493 4333 me
2529 4285 2652 4331 ante
2687 4277 2956 4346 paululum
2992 4278 3404 4349 magniﬁcastis,
3442 4289 3497 4334 et
3523 4275 3717 4348 qualem

2164 4384 2249 4423 me
2280 4385 2421 4424 nunc
2445 4368 2795 4438 conspicitis?
2830 4368 2930 4424 Ubi
2976 4380 3101 4426 sunt
3142 4371 3217 4426 illi
3255 4372 3475 4440 plurimi
3513 4369 3598 4439 qui
3642 4380 3719 4420 me

2166 4462 2610 4518 circumdabant?
2638 4465 2743 4517 Pro
2779 4464 2975 4533 quibus
3015 4465 3266 4520 omnibus
3309 4461 3612 4523 multitudo,
3642 4459 3716 4512 iu-

2166 4557 2300 4626 quit,
2326 4556 2609 4619 vermium,
2631 4566 2686 4609 et
2711 4555 2936 4625 putredo
2959 4570 3043 4609 me
3089 4556 3450 4612 circumdant.
3483 4554 3601 4608 Haec
3623 4551 3715 4603 ita-

2166 4664 2271 4720 que
2298 4658 2459 4715 atque
2488 4647 2571 4700 his
2588 4647 2786 4701 similia
2810 4646 3147 4702 admirabilis
3174 4645 3273 4702 Job
3292 4649 3358 4702 ad
3383 4654 3596 4702 cunctos
3619 4640 3711 4695 sibi

2166 4739 2603 4807 approximantes
2629 4737 2878 4806 loquens,
2914 4736 3195 4792 evidenter
3217 4738 3466 4793 omnibus
3492 4736 3708 4790 futuram

2168 4830 2571 4885 contestabatur
2600 4829 3050 4884 immutationem.
3076 4830 3141 4883 Et
3179 4830 3292 4899 ipse
3315 4830 3532 4885 sedebat
3560 4836 3710 4891 super

2167 4937 2415 4976 acervum
2433 4922 2711 4987 stercoris,
2744 4920 2860 4990 plus
2879 4920 2980 4975 sibi
3007 4921 3073 4974 de
3108 4921 3239 4990 ipsis
3272 4922 3535 4976 vermibus
3562 4925 3708 4984 atque

2167 5011 2467 5077 putredine,
2501 5026 2663 5080 quam
2718 5011 2845 5067 olim
2874 5011 2939 5065 de
2970 5012 3115 5081 regni
3159 5012 3327 5082 gloria
3364 5022 3520 5081 atque
3544 5005 3704 5062 multi-

2171 5104 2355 5159 tudine
2391 5103 2847 5159 circumdantium
2892 5117 2955 5157 se
3011 5104 3328 5172 populorum
3364 5100 3699 5170 eontplacens.

2168 5196 2299 5250 Nam
2338 5196 2579 5251 omnium
2639 5195 2851 5250 illurum
2882 5192 3041 5249 linem
3083 5206 3205 5266 post
3251 5196 3364 5250 ln-c
3396 5193 3564 5251 omnia
3596 5200 3703 5257 quze

2167 5288 2394 5358 gloriosa
2425 5297 2574 5351 sunt,
2596 5286 2779 5341 carnis
2795 5301 2939 5340 mors
2959 5296 3269 5357 exspectat:
3299 5295 3485 5355 etpost
3507 5292 3699 5337 omnem

2166 5377 2501 5447 putredinem
2546 5385 2707 5445 atque
2740 5390 3001 5441 vermetn,
3060 5378 3505 5432 resurrectionem
3538 5366 3702 5424 carnis

2164 5476 2478 5536 exspectat;
2528 5466 2720 5522 mortis
2746 5481 2874 5523 vero
2900 5468 3243 5538 putredinem
3274 5477 3439 5536 atque
3466 5460 3697 5518 vermium

2169 5559 2327 5615 linem
2360 5559 2685 5616 resurrectio
2710 5573 2740 5614 a
2772 5560 3020 5617 mortuis.
3060 5558 3164 5615 Pro
3204 5559 3286 5614 bis
3315 5573 3443 5631 ergo
3473 5551 3699 5612 ouutibus
