3992 6312
221 283 326 338 475

1313 281 1692 340 ANONYMUS
1729 282 1797 340 IN
1832 283 1974 340 JOB.
2014 314 2084 325 —
2121 280 2250 338 LIB.
2286 281 2350 336 11.

3374 283 3480 336 4Ἱῶ

220 397 442 453 sedebat
481 410 647 467 super
673 412 924 454 acervum
981 398 1241 454 stercoris
1282 410 1436 454 extra
1490 402 1792 458 civitatem.
1826 409 1874 464 Α
1902 411 2213 458 monstrans
2247 399 2426 455 omnia
2452 411 2570 469 qum
2591 408 2714 454 sunt
2733 397 2991 466 humana,
3015 414 3079 455 ac
3103 401 3476 470 eorruptibilia

219 491 301 545 Ad
347 504 510 559 quem
562 492 724 545 etiam
772 507 915 546 nunc
941 493 1102 562 digne
1135 492 1384 547 dicitur:
1418 494 1533 560 Dic,
1565 510 1598 549 ο
1643 494 1798 549 beate

217 581 352 647 Job;
391 582 502 644 dic,
536 596 569 635 ο
604 591 790 636 sancte
820 581 912 636 Dei
935 581 1241 652 praeliator;
1277 583 1383 648 dic,
1408 598 1441 638 o
1465 585 1797 639 admirabilis

222 676 305 726 vir
347 673 564 728 Domini
611 675 1071 741 constantissime,
1124 676 1216 745 qui
1264 677 1596 731 terribilibus
1633 689 1799 746 atque

220 767 453 822 fortibus
515 766 731 838 maligni
779 768 948 838 plagis
999 768 1052 821 in
1096 769 1243 824 nullo
1289 772 1648 834 succubuisti,
1707 772 1797 840 qtti

221 869 413 908 amara
469 855 732 924 supplicia
766 866 928 926 atque
959 855 1132 913 fortes
1165 858 1382 915 dolores
1424 861 1629 930 absque
1653 877 1802 916 mur-

223 948 528 1002 muratione
558 949 911 1017 supportasti,
931 965 1031 1004 cur
1052 960 1206 1005 extra
1231 952 1502 1006 civitatem
1526 968 1798 1024 egressus,

224 1051 280 1094 et
305 1056 468 1110 super
515 1056 765 1096 acervum
793 1044 1056 1098 stercoris
1085 1055 1252 1112 atque
1284 1059 1567 1100 muranam
1607 1048 1802 1103 sedens

223 1133 595 1203 spectaculum
622 1135 964 1206 temetipsum
994 1138 1209 1191 cunctis
1242 1139 1646 1195 transeuntibus
1673 1155 1804 1210 prae-

223 1227 432 1283 buisti?
456 1227 655 1283 Omnes
691 1228 834 1284 enim
863 1229 954 1299 qui
979 1230 1380 1300 ingrediuntur,
1404 1233 1487 1287 vel
1512 1235 1801 1303 egrediun-

227 1328 340 1386 tur,
361 1335 548 1376 omnes
584 1321 673 1390 qui
703 1329 984 1375 transeunt
1020 1322 1156 1388 vias,
1197 1333 1251 1377 et
1293 1324 1599 1394 diriguntur
1635 1327 1685 1379 in
1710 1327 1802 1380 iti-

227 1411 448 1465 neribus
500 1413 635 1472 suis.
666 1426 857 1466 omnes
892 1412 984 1482 qui
1040 1412 1093 1466 in
1137 1424 1189 1466 te
1218 1415 1654 1484 contemplantur
1684 1415 1805 1470 istic

229 1516 392 1568 super
418 1516 671 1555 acervum
725 1504 983 1556 stercoris
1010 1514 1175 1572 atque
1213 1520 1495 1558 muranam
1530 1507 1802 1560 sedentem

229 1594 546 1648 absentibus
576 1604 858 1660 enarrant,
917 1605 1080 1665 atque
1122 1596 1187 1650 iis
1232 1597 1322 1666 qui
1367 1595 1524 1666 longe
1556 1606 1680 1652 sunt
1710 1614 1806 1651 an-

229 1688 504 1750 nuntiant,
545 1687 614 1741 ita
641 1696 697 1742 ut
728 1697 975 1758 penetret
1013 1687 1104 1743 hic
1132 1703 1318 1743 rumor
1359 1699 1483 1743 tuus
1508 1690 1564 1744 in
1597 1690 1805 1759 longin-

230 1790 396 1843 quum
437 1775 506 1831 de
545 1776 763 1845 regione
797 1777 848 1830 in
905 1777 1200 1847 regionem.
1239 1777 1376 1833 Nam
1430 1781 1523 1850 qui
1565 1791 1614 1834 te
1664 1781 1811 1834 vide—
1845 1765 1886 1819 Β

229 1868 363 1933 rint,
398 1883 502 1922 non
547 1869 858 1924 videntibus
893 1872 1230 1924 enarrabunt
1275 1887 1290 1925 :
1331 1871 1420 1939 qui
1453 1886 1579 1927 vero
1617 1873 1810 1927 audie-

230 1952 363 2016 rint,
411 1954 476 2008 iis
521 1953 612 2022 qui
642 1954 799 2023 longe
850 1961 977 2008 sunt
1009 1954 1169 2022 positi
1208 1953 1365 2008 istam
1393 1955 1809 2026 recognitionem

231 2057 383 2099 tuam
416 2045 782 2100 insinuabunt.
839 2044 943 2099 Sed
973 2046 1255 2115 respondit
1307 2047 1571 2103 mirabilis
1600 2046 1701 2102 Job
1733 2050 1814 2101 di-

229 2150 366 2190 cens
399 2153 413 2189 :
451 2135 580 2203 Ego,
635 2152 668 2191 o
717 2136 822 2198 vir,
862 2151 981 2189 cum
1019 2136 1122 2190 sim
1167 2138 1312 2205 prior
1348 2149 1511 2208 atque
1540 2139 1814 2209 antiquior

229 2221 345 2277 illis
396 2223 486 2291 qui
541 2221 593 2276 in
639 2223 934 2278 novissimo
969 2233 1208 2291 tempore
1239 2234 1400 2281 erunt
1448 2230 1702 2297 apostoli,
1730 2229 1816 2283 vel

226 2315 606 2383 evangelista,
640 2330 759 2385 qua:
797 2315 868 2369 illi
906 2315 1084 2370 verbis
1119 2317 1394 2383 dixerunt,
1429 2319 1570 2388 quod
1599 2333 1814 2390 specta-

230 2405 421 2459 culum
449 2406 575 2460 facti
615 2416 740 2460 sunt
764 2415 818 2461 et
844 2406 1048 2474 angelis
1071 2416 1127 2462 et
1161 2407 1491 2475 hominibus,
1526 2411 1637 2466 haec
1662 2413 1817 2466 nimi-

235 2512 362 2552 rum
406 2512 510 2568 ego
545 2497 674 2568 ipsis
697 2497 956 2567 operibus
981 2499 1288 2568 anticipans
1319 2509 1571 2570 tanquam
1603 2503 1654 2557 in
1691 2514 1816 2574 typo

239 2589 531 2660 adimpleo,
575 2591 945 2660 spectaculum
999 2592 1211 2646 cunctis
1251 2592 1493 2659 effectus,
1527 2605 1582 2648 et
1611 2597 1818 2665 angelis

240 2695 294 2739 et
346 2685 697 2740 hominibus:
738 2693 795 2738 ut
843 2695 1086 2754 penetret
1135 2686 1251 2741 haec
1301 2686 1488 2743 relatio
1543 2704 1660 2743 mea
1712 2707 1815 2744 non

242 2779 416 2832 solum
447 2793 476 2830 ει
511 2777 788 2847 provincia
823 2777 874 2830 in
901 2777 1259 2847 provinciam,
1295 2779 1386 2834 sed
1414 2781 1590 2834 adhuc
1613 2781 1818 2851 longius

241 2887 340 2942 per
378 2886 566 2928 omnes
598 2880 784 2941 gentes
811 2880 863 2925 et
899 2885 996 2939 per
1023 2886 1213 2924 omnes
1263 2871 1399 2928 fines
1439 2881 1618 2938 terrae,
1653 2890 1820 2944 usque

243 2968 310 3021 ad
336 2965 857 3021 consummationem
887 2965 1093 3018 saeculi.
1123 2965 1259 3019 Vere
1285 2967 1429 3020 enim
1456 2981 1600 3032 vere,
1627 2983 1660 3022 ο
1685 2969 1822 3022 ami-

241 3060 316 3124 ci,
353 3057 720 3128 spectaculum
751 3057 928 3113 factus
979 3068 1064 3113 est
1103 3057 1291 3113 beatus
1316 3057 1417 3113 Job
1446 3068 1498 3114 et
1526 3060 1730 3130 angelis
1768 3069 1822 3114 et

242 3153 577 3209 hominibus.
618 3150 752 3204 Nam
804 3165 994 3206 omnes
1026 3151 1273 3224 homines
1318 3160 1618 3221 stupentes,
1663 3162 1825 3222 atque

241 3247 583 3300 admirantes
617 3242 814 3313 duplici
852 3243 903 3296 iu
933 3257 1053 3296 eum
1078 3243 1237 3299 modo
1263 3243 1638 3309 intendebant,
1662 3254 1825 3314 atque

241 3337 522 3408 geminam
574 3336 639 3389 de
677 3333 767 3389 illo
820 3334 1130 3403 opinionem
1163 3334 1426 3388 habentes
1465 3334 1702 3402 undique
1758 3335 1824 3389 ad

242 3445 371 3485 eum
421 3427 825 3496 respiciebant;
863 3428 1079 3497 quidam
1109 3427 1175 3483 de
1212 3428 1447 3496 peccatis
1484 3427 1632 3480 illum
1665 3443 1826 3481 arcu-

243 3523 446 3577 sabant
468 3523 608 3576 sicut
637 3521 882 3591 Eliphaz,
924 3520 1239 3589 similesque
1279 3520 1398 3587 illi;
1435 3519 1522 3574 alii
1560 3519 1828 3574 nihilomi-

244 3629 354 3668 nus
383 3629 489 3667 non
517 3627 613 3682 pro
641 3614 881 3683 peccatis
909 3612 1059 3667 illum
1089 3613 1581 3682 reprehendebant,
1619 3612 1713 3665 sed
1738 3627 1831 3681 po-

247 3707 360 3761 tius
386 3706 594 3776 justum
627 3705 771 3760 illum
794 3714 1128 3774 reputantes,
1152 3703 1560 3759 mirabantnrin
1580 3703 1833 3758 omnibus

247 3814 370 3870 quae
394 3815 424 3853 a
464 3798 695 3854 Domino
711 3798 758 3852 ei
791 3797 938 3852 illata
963 3798 1196 3853 fuerant.
1219 3797 1482 3851 Similiter
1511 3806 1564 3851 et
1590 3796 1832 3851 omnium

248 3891 571 3963 angelorum
600 3898 656 3947 et
687 3891 971 3961 spirituum
1023 3891 1251 3961 geminae
1285 3899 1465 3961 partes
1496 3890 1549 3943 in
1593 3903 1714 3942 eum
1749 3889 1832 3942 in-

251 3987 571 4043 tendebant.
623 3985 805 4041 Sancti
859 3983 1077 4054 quidem
1134 3980 1309 4052 angeli
1360 3979 1455 4035 Dei
1489 3995 1610 4043 cum
1641 3991 1833 4049 magna

251 4081 622 4138 sollicitudine
673 4079 724 4132 in
770 4092 894 4132 eum
932 4075 1322 4147 respiciebant,
1362 4072 1662 4128 tolerantiae
1722 4070 1837 4140 ejus

253 4172 778 4230 consummationem
825 4179 1231 4239 exspectantes,
1261 4176 1322 4222 ut
1349 4168 1415 4223 de
1444 4166 1672 4223 victoria
1724 4163 1839 4234 ejus

255 4269 449 4323 devote
517 4265 790 4321 ccelestem
837 4262 1036 4333 Regem
1102 4258 1493 4324 collaudarent,
1552 4257 1838 4312 victoriam

251 4360 384 4430 justi
419 4358 545 4425 Job,
598 4367 762 4429 atque
818 4357 1030 4412 ruinam
1071 4354 1257 4422 injusti
1301 4352 1500 4409 diaboli
1527 4360 1835 4406 cernentes.

256 4452 384 4509 Post
413 4455 512 4508 hos
551 4467 742 4507 omnes
769 4449 1022 4504 nimirum
1074 4444 1388 4516 nequissimi
1424 4444 1644 4514 spiritus
1671 4442 1843 4512 respi-

258 4547 477 4601 ciebant
525 4545 577 4598 in
613 4551 734 4598 eum
771 4541 896 4596 ﬁxis
943 4540 1222 4596 obtutibus
1249 4553 1371 4593 eum
1414 4533 1842 4601 considerantes,

259 4645 490 4701 sollicite
565 4648 870 4710 Sperantes,
944 4647 1111 4706 atque
1173 4641 1576 4702 exspectantes.
1630 4630 1847 4701 quando

258 4735 616 4807 blasphemiae
645 4734 869 4788 verbum
898 4733 966 4784 ab
1005 4747 1068 4784 eo
1103 4729 1378 4790 audirent,
1429 4725 1645 4792 quando
1677 4722 1846 4777 male-

262 4833 555 4890 dictionem
587 4825 856 4883 sermonis
872 4824 942 4879 ab
974 4838 1037 4877 eo
1064 4821 1426 4890 susciperent.
1461 4815 1566 4870 Sed
1604 4815 1848 4869 infelices

263 4943 292 4983 a
319 4944 415 4998 spe
440 4943 536 4982 sua
567 4924 905 4987 deciderunt,
952 4935 1072 4975 cum
1106 4917 1208 4973 Job
1245 4913 1673 4972 benedictionem
1723 4923 1843 4964 cum

266 5036 563 5106 gratiarum
610 5029 921 5085 actionibus
968 5025 1114 5082 omni
1165 5034 1408 5094 tempore
1446 5020 1558 5076 Deo
1601 5018 1845 5075 referret.

271 5143 360 5196 Sic
393 5142 576 5213 itaqge
608 5139 741 5208 ipsis
786 5136 952 5191 rebus
997 5133 1311 5202 adimplevit
1343 5132 1539 5184 beatus
1566 5126 1665 5184 Job
1706 5125 1846 5179 idem

270 5248 411 5318 quod
441 5256 564 5317 post
601 5245 705 5300 hoc
749 5258 777 5296 a
815 5241 1018 5298 sanctis
1058 5240 1261 5294 dictum
1306 5246 1435 5293 est:
1483 5233 1846 5304 Spectaculum

271 5353 405 5422 {acti
440 5367 619 5406 sumus
637 5349 856 5412 mundo,
885 5356 932 5401 et
955 5344 1155 5415 angelis
1180 5354 1224 5397 et
1239 5341 1535 5397 hominibus
1555 5340 1622 5393 θ’.
1644 5337 1723 5392 0b
1744 5337 1844 5393 hoc

273 5471 325 5515 et
348 5474 510 5530 super
535 5470 788 5511 acervum
823 5451 1082 5509 stercoris
1113 5459 1265 5504 extra
1289 5449 1559 5504 civitatem
1593 5445 1730 5500 sedit
1758 5443 1844 5499 hic

272 5569 470 5638 iustus,
513 5574 727 5621 stercus
755 5577 818 5618 ac
845 5557 1186 5630 putredinem
1216 5555 1536 5612 existimans
1558 5565 1718 5624 atque
1747 5550 1840 5609 de-

347 5751 394 5796 ἰ
433 5749 605 5806 lCor.
647 5762 723 5814 tv,
757 5745 811 5800 9.
888 5743 931 5776 "
959 5741 1058 5798 Job
1096 5755 1153 5809 tt,
1180 5739 1233 5794 9.
1311 5737 1352 5770 ”
1378 5735 1474 5792 Jub
1509 5750 1604 5798 vn,
1633 5732 1685 5787 ὅ.

1899 504 2064 562 atque
2097 501 2341 556 terrena,
2382 490 2525 546 sicut
2545 497 2599 545 et
2626 491 2878 557 superius
2911 491 3338 547 demonstratmn
3373 503 3478 546 est.

1900 585 2031 640 Post
2068 598 2188 653 qua:
2232 584 2487 638 universa
2535 581 2712 636 dicit:
2767 581 3003 646 Plurima
3039 591 3212 635 autem
3255 593 3483 651 tempore

1898 677 2207 744 interposito
2229 676 2364 730 dixit
2393 679 2462 728 ad
2483 691 2600 728 eum
2625 690 2760 728 uxor
2781 674 2894 742 ejus
2917 674 2982 730 9'.
3011 672 3234 729 Diversa
3264 676 3480 745 plurimi

1901 770 1968 824 de
2005 771 2108 824 hoc
2139 779 2383 837 tempore
2426 767 2568 836 quod
2603 766 2724 820 istic
2770 777 3127 820 memoratum
3167 779 3271 832 est,
3309 781 3363 823 et
3395 769 3481 821 in-

1903 860 2256 923 tellexerunt,
2317 867 2371 913 et
2433 857 2592 913 locuti
2622 865 2772 921 sunt,
2819 857 2909 911 alii
2943 859 3158 927 quidem
3189 860 3351 913 breve
3381 859 3482 914 hoc

1903 961 2114 1022 tempus
2154 949 2323 1006 fuisse
2371 950 2759 1020 percipientes,
2793 949 2881 1004 alii
2940 950 3285 1005 nihilominus
3315 953 3481 1022 pluri-

1901 1060 2047 1098 mum
2108 1052 2441 1108 astruentes,
2488 1041 2643 1111 quasi
2678 1043 2849 1096 tribus
2896 1045 3131 1098 anniset
3159 1044 3379 1099 dimidio
3430 1047 3482 1098 in

1904 1146 2085 1205 typum
2123 1133 2423 1190 Dominicae
2449 1135 2873 1204 praedicationis,
2901 1135 3062 1189 etiam
3095 1146 3142 1190 et
3174 1136 3332 1206 hujus
3363 1152 3485 1204 pas-

1903 1227 2070 1282 sionis
2119 1237 2336 1295 tempus
2388 1227 2531 1282 sicut
2576 1238 2631 1282 et
2681 1229 2735 1281 in
2769 1228 2984 1282 caeteris
3016 1229 3365 1283 ostenderent
3407 1231 3489 1282 di-

1904 1330 2107 1373 centes.
2159 1318 2394 1388 Ideoque
2432 1319 2523 1387 qui
2569 1318 2844 1373 voluerint
2879 1331 2944 1372 ex
2983 1318 3342 1381 auditoribus,
3414 1318 3488 1371 ita

1905 1411 2222 1480 percipiant.
2248 1408 2356 1464 Nos
2383 1424 2513 1464 vero
2535 1410 2830 1478 Scriptura:
2857 1410 3258 1464 consentientes
3295 1409 3491 1464 intelli-

1904 1516 2119 1572 gamus,
2151 1511 2205 1555 et
2241 1501 2387 1556 sicut
2423 1500 2799 1572 intelligimus,
2830 1500 2902 1554 ita
2935 1509 2990 1555 et
3011 1515 3339 1564 asseramus,
3389 1502 3492 1554 hoc

1906 1594 2140 1662 primum
2178 1591 2422 1646 dicentes
2451 1601 2506 1646 et
2539 1601 2865 1660 quaerentes,
2893 1605 2990 1644 cur
3012 1589 3325 1643 benedictus
3349 1587 3491 1640 Deus

1909 1686 2110 1738 diutius
2132 1694 2274 1739 esset
2311 1691 2703 1753 pernecaturus
2731 1680 2936 1749 justum
2979 1679 3154 1745 illum,
3191 1693 3313 1734 eum
3339 1677 3489 1733 suﬂi»

1916 1787 2059 1831 ceret
2113 1775 2495 1830 brevissimum
2547 1783 2764 1842 tempus
2798 1773 2866 1827 ad
2916 1772 3286 1842 superandum
3335 1769 3492 1824 mali-

1917 1868 2234 1937 gnissimum
2282 1866 2595 1922 diabolum?
2638 1866 2754 1920 Non
2797 1865 2938 1919 enim
2991 1866 3094 1920 hoc
3120 1862 3496 1919 delectabatur

1918 1960 2081 2027 Deus,
2107 1970 2163 2014 ut
2189 1959 2290 2014 Job
2324 1968 2696 2028 torqueretur;
2716 1959 2807 2012 sed
2835 1958 2938 2011 hoc
2957 1957 3136 2027 potius
3162 1965 3221 2010 ut
3246 1955 3496 2013 diabolus

1919 2054 2347 2118 convinceretur,
2376 2061 2430 2106 et
2465 2052 2656 2106 beatus
2681 2048 2782 2104 Job
2805 2048 2982 2116 justus
3014 2049 3487 2116 comprobaretur.

1921 2143 2062 2198 Nihil
2109 2157 2236 2212 ergo
2277 2141 2422 2196 aliud
2462 2142 2795 2212 exspectavit
2828 2140 2990 2204 Deus,
3037 2141 3137 2195 nisi
3172 2141 3274 2194 hoc
3319 2139 3493 2194 solmn

1919 2234 2137 2305 quando
2163 2233 2413 2288 diabolus
2451 2232 2759 2286 universam
2784 2231 3125 2300 iniquitatem
3152 2245 3304 2286 suam
3337 2230 3498 2299 perti-

1921 2337 2088 2390 ceret,
2127 2335 2181 2380 et
2219 2325 2434 2394 quando
2466 2321 2568 2379 Job
2609 2325 2917 2377 universam
2951 2321 3295 2376 tolerantiam
3345 2334 3498 2374 suam

1921 2417 2263 2486 adimpleret,
2297 2425 2356 2470 ut
2395 2415 2844 2469 inexcusabiliter
2871 2412 3290 2468 convinceretur
3311 2411 3498 2465 diabo-

1921 2507 2023 2570 lus,
2048 2509 2301 2575 etjnstus
2333 2519 2460 2560 vere
2495 2512 2785 2573 appareret
2807 2501 2932 2558 Job.
2969 2501 3080 2556 Hoc
3108 2500 3362 2554 nimirum
3395 2514 3500 2553 non

1923 2599 2179 2654 diuturno
2208 2612 2473 2652 annorum
2520 2595 2724 2664 spatio,
2753 2593 2846 2648 sed
2889 2592 3210 2648 brevissimo
3237 2589 3500 2644 mensium

1925 2703 2166 2763 tempore
2224 2689 2644 2746 irrefutabiliter
2700 2696 3138 2743 consummatum
3185 2693 3288 2738 est.
3337 2681 3504 2750 Hujus

1925 2800 2162 2857 namque
2197 2784 2275 2840 rei
2309 2783 2463 2838 testis
2497 2781 2887 2850 comprobatur
2920 2780 3084 2833 etiam
3123 2777 3237 2847 ipse
3268 2774 3390 2841 Job,
3423 2776 3500 2829 di-

1926 2894 2102 2933 cens:
2159 2876 2408 2930 Sustinui
2452 2889 2651 2926 menses
2700 2885 3049 2936 supervacuos
3078 2868 3149 2930 “,
3193 2882 3298 2920 non
3331 2881 3508 2920 annos

1926 2970 2019 3025 sed
2040 2982 2274 3023 menses.
2303 2964 2439 3019 Nam
2474 2963 2614 3018 sicut
2645 2963 2711 3017 de
2735 2961 3014 3016 mensibus
3050 2973 3156 3012 non
3187 2956 3336 3012 siluit
3379 2954 3501 3021 Job,

1927 3061 2004 3116 sic
2048 3058 2214 3113 multo
2247 3055 2478 3126 amplius
2517 3055 2585 3110 de
2617 3053 2774 3107 annis
2807 3067 2912 3106 nou
2943 3049 3186 3105 siluisset
3233 3047 3278 3102 si
3334 3059 3506 3100 annos

1925 3150 2289 3206 sustinuisset.
2315 3147 2472 3203 Nunc
2490 3159 2618 3202 vero
2638 3145 2765 3215 quia
2795 3159 2898 3198 non
2919 3156 3090 3197 annos
3116 3139 3392 3205 sustinuit,
3410 3138 3508 3192 sed

1925 3255 2159 3306 menses,
2181 3239 2374 3294 merito
2390 3251 2522 3293 sane
2548 3250 2723 3292 annos
2743 3250 2846 3290 non
2871 3239 3158 3294 memorat,
3177 3245 3394 3284 menses
3409 3245 3508 3281 au-

1928 3341 2036 3387 tem
2051 3329 2492 3386 nominatdicens
2516 3344 2531 3381 :
2555 3326 2796 3382 Sustinui
2818 3340 3016 3379 menses
3034 3320 3510 3392 aupervacuos.De-

1928 3430 2154 3498 buerant
2186 3442 2315 3497 ergo
2353 3424 2408 3480 hi
2454 3425 2546 3494 qui
2589 3432 2701 3476 tres
2736 3434 2906 3475 annos
2940 3427 2995 3473 et
3038 3416 3321 3471 dimidium
3345 3415 3512 3467 fuisse

1929 3521 2198 3593 paSSiunis
2227 3517 2328 3574 Job
2359 3523 2629 3580 astruunt,
2661 3523 2771 3568 tres
2798 3523 3016 3565 menses
3037 3517 3093 3562 et
3114 3504 3396 3560 dimidium
3428 3505 3510 3557 di-

1931 3630 2072 3678 cere,
2096 3622 2155 3667 ut
2185 3620 2335 3667 certe
2363 3609 2443 3664 vel
2465 3624 2530 3662 ex
2564 3615 2720 3676 parte
2742 3601 2958 3658 veritati
2990 3615 3097 3653 non
3115 3597 3516 3659 rcsistereut,et

1932 3701 2269 3756 Dominicum
2308 3695 2615 3766 exemplum
2666 3693 2796 3747 illud
2843 3688 3273 3746 consitnilarent.
3320 3683 3516 3739 Tribus

1936 3808 2170 3864 namque
2223 3791 2382 3848 annis
2427 3798 2483 3845 et
2539 3786 2758 3844 dimidio
2807 3781 3122 3855 praedicavit
3167 3777 3428 3832 Dominus
3485 3793 3514 3828 a

1934 3886 2204 3956 baptismo
2231 3895 2403 3952 usque
2433 3880 2486 3934 in
2521 3877 2851 3948 passionem.
2895 3871 2988 3926 Sic
3030 3880 3085 3924 et
3130 3868 3246 3938 ipsa
3290 3867 3518 3921 historia

1936 3991 2042 4031 non
2083 3984 2192 4029 tres
2221 3985 2392 4028 annos
2423 3967 2712 4039 signiﬁcat,
2744 3964 2839 4020 sed
2879 3963 3043 4017 breve
3080 3958 3343 4013 mensium
3383 3966 3521 4011 tem-

1937 4083 2060 4139 pus.
2107 4065 2349 4121 Primum
2384 4060 2602 4132 quidem
2651 4073 2748 4128 per
2798 4055 2900 4110 hoc
2939 4051 3080 4122 quod
3127 4050 3351 4119 contigit
3398 4065 3518 4104 cum

1939 4176 2066 4217 suas
2095 4158 2279 4230 plagas
2312 4156 2363 4211 ei
2401 4152 2587 4210 intulit
2616 4151 2905 4222 malignus.
2939 4146 3072 4200 Nam
3107 4158 3321 4213 semper
3347 4142 3523 4195 adhuc

1941 4252 2115 4323 primo
2143 4250 2398 4318 loquente
2430 4246 2570 4301 alius
2602 4240 3020 4314 superveniebat
3052 4237 3294 4291 nuntius.
3323 4233 3524 4288 Deinde

1943 4343 2124 4399 statim
2164 4341 2282 4396 sine
2320 4355 2470 4395 mora
2508 4338 2807 4395 suavissima
2842 4349 2906 4388 ac
2935 4331 3162 4388 terribili
3202 4328 3352 4382 illum
3400 4340 3524 4396 per-

1944 4435 2112 4488 cussit
2137 4432 2316 4502 plaga.
2350 4431 2481 4486 item
2515 4445 2635 4484 mox
2673 4442 2768 4496 per
2792 4439 3016 4480 uxorem
3047 4420 3284 4481 seduxit,
3331 4416 3529 4472 deinde

1946 4534 2344 4594 consequenter
2387 4524 2442 4576 in
2489 4519 2738 4575 ordinem
2781 4531 2877 4585 per
2924 4515 3128 4568 amicos
3159 4510 3526 4580 reprehendit,

1945 4634 2066 4688 qua:
2097 4599 2346 4670 universa
2373 4613 2425 4668 in
2459 4611 2648 4682 paucis
2681 4608 2959 4662 mensibus
2990 4604 3237 4675 perfecit.
3272 4602 3528 4656 Protinus

1943 4708 2338 4776 subsequenter
2371 4703 2632 4759 Dominus
2664 4699 2732 4752 ad
2761 4714 2882 4752 eum
2936 4697 3151 4750 locutus
3198 4702 3280 4747 est
3323 4693 3528 4761 justum

1946 4802 2092 4856 illum
2133 4799 2386 4855 omnibus
2445 4798 2844 4854 demonstrans,
2885 4799 3045 4859 atque
3082 4802 3325 4844 sanctum
3379 4783 3528 4837 illum

1946 4894 2157 4950 cunctis
2224 4890 2567 4954 testificaris,
2615 4895 2672 4942 et
2711 4885 2816 4939 illis
2873 4882 2963 4952 qui
3025 4891 3151 4934 tunc
3194 4881 3427 4938 fuerunt,
3478 4881 3532 4924 et

1953 4989 2077 5043 istis
2117 4985 2210 5056 qui
2283 4992 2444 5039 erunt
2512 4992 2685 5049 usque
2745 4977 2799 5031 in
2841 4983 3183 5044 perpetuum.
3218 4967 3343 5022 Haec
3374 4979 3530 5018 nam-

1959 5096 2065 5152 que
2109 5054 2252 5135 intra
2303 5089 2507 5146 paucos
2551 5085 2767 5127 menses
2816 5065 3002 5138 perfici
3048 5065 3360 5133 potuerunt.
3413 5054 3531 5108 Non

1955 5149 2098 5228 enim
2132 5179 2251 5226 erat
2285 5169 2490 5240 justum
2516 5204 2532 5231 ,
2566 5178 2743 5234 neque
2777 5159 3020 5230 amplexa
3054 5165 3136 5209 cst
3165 5152 3254 5207 Dei
3299 5149 3531 5209 bonitas,

1955 5279 2014 5322 ut
2061 5263 2309 5337 plurimis
2366 5259 2525 5314 annis
2568 5254 2966 5310 latnentabilem
3016 5249 3162 5304 illam
3212 5243 3522 5314 passionem

1946 5334 2124 5430 justus
2163 5350 2558 5413 sufferretJob.
2591 5348 2858 5405 Omnibus
2895 5346 3074 5412 itaque
3107 5334 3535 5430 modis-demon-

1953 5421 2114 5508 strari
2153 5457 2349 5520 potest,
2391 5443 2516 5515 quia
2561 5457 2667 5497 non
2714 5435 2960 5509 plurimis
2991 5431 3149 5486 annis
3172 5467 3187 5493 ,
3220 5424 3311 5481 sed
3343 5421 3531 5492 paucis

1952 5517 2252 5614 mensibus,
2299 5543 2416 5600 hate
2469 5540 2727 5598 universa
2775 5531 2991 5602 impleta
3045 5531 3193 5583 sunt.
3245 5517 3532 5590 Quomodo
