3992 6312
594 298 700 355 475

1687 303 2068 361 ANONYMUS
2104 304 2172 359 IN
2206 302 2349 361 J08.
2387 338 2455 348 —
2494 305 2624 363 LIB.
2667 306 2732 361 ll.
3716 319 3806 374 476
3886 318 3889 321 λ

593 416 741 470 enim
771 414 1001 471 sufferre
1024 425 1277 487 poterant
1302 431 1496 473 carnes
1520 418 1643 483 Job,
1677 421 1761 475 vel
1792 424 2031 475 membra
2054 462 2072 487 ,
2108 432 2172 475 ut
2202 426 2245 483 Α
2278 423 2454 479 minus
2501 421 2699 478 eﬂiciet
2744 421 3017 478 suasionis
3059 421 3330 478 seductto.
3369 423 3699 497 Confugiam,
3736 435 3809 487 in-

593 510 770 565 tribus
801 511 960 565 annis
982 522 1037 566 et
1060 502 1285 566 diinidio
1306 526 1335 564 a
1362 514 1642 568 vermibus
1669 529 1733 568 ac
1766 515 2050 583 putredine
2081 529 2172 569 es-

593 613 720 657 sent
761 604 1049 658 comesta?
1093 603 1374 671 Quomodo
1412 615 1662 674 poterant
1710 606 1943 661 suﬂ'erre
1976 622 2172 664 carnes

596 695 717 762 ejus
742 711 807 751 ac
831 711 976 761 ossa,
1009 707 1067 750 ut
1096 695 1273 751 tribus
1302 698 1461 753 annis
1491 707 1545 752 et
1574 698 1803 755 dimidio
1832 701 2173 756 amarissimo

593 787 781 842 dolore
827 786 1020 842 fuisset
1067 786 1304 841 vexata?
1346 787 1401 842 In
1442 804 1550 860 qua
1597 791 1943 845 amarissima
1985 805 2169 860 poena,

591 878 771 933 omnis
813 879 963 932 furor
998 888 1053 932 et
1098 879 1404 949 indignatio
1448 880 1667 952 maligni
1712 881 1911 938 diaboli
1958 893 2043 939 est
2075 884 2170 941 de-

591 979 914 1026 monstrata.
961 970 1093 1024 Post
1134 972 1326 1026 horum
1368 986 1601 1044 namque
1630 974 1870 1029 omnium
1900 974 2169 1045 approba-

592 1066 799 1120 tionem
825 1065 955 1120 dicit
981 1085 993 1120 :
1025 1064 1271 1119 Plurima
1300 1075 1473 1121 autem
1511 1075 1740 1136 tempore
1772 1069 2081 1137 interposito
2098 1069 2167 1123 "‘.

589 1157 656 1213 Et
680 1172 820 1212 unus
849 1158 1055 1211 mensis
1086 1166 1300 1227 tempus
1323 1168 1425 1223 est,
1467 1166 1522 1213 et
1552 1158 1659 1212 duo
1685 1158 1769 1213 vel
1809 1171 1922 1213 tres
1956 1175 2171 1216 menses

589 1249 882 1323 plurimum
928 1260 1145 1317 tempus
1188 1260 1311 1305 est:
1374 1249 1580 1304 idcirco
1612 1265 1721 1304 non
1753 1252 1889 1307 dicit
1919 1251 2169 1321 plurimis

587 1349 714 1394 ante
742 1341 931 1403 annis,
968 1341 1065 1394 sed
1096 1339 1329 1407 plurimo
1349 1379 1366 1404 ,
1397 1339 1609 1410 inquit,
1640 1349 1902 1411 tempore.
1947 1340 2082 1395 Nam
2115 1353 2170 1399 et

589 1432 912 1502 frequenter
950 1432 1203 1502 proximo
1231 1431 1415 1501 aliquo
1440 1431 1741 1501 quemlibet
1780 1434 2089 1501 mittentes,
2123 1434 2169 1490 si

588 1525 942 1595 tardigradus
983 1522 1148 1577 fuerit
1182 1522 1230 1577 is
1258 1523 1351 1594 qui
1380 1524 1576 1579 missus
1598 1533 1718 1590 est,
1765 1535 2170 1582 murmurantes

589 1615 731 1670 soliti
761 1622 889 1670 sunt
917 1615 1138 1670 dicere:
1168 1615 1306 1681 Quid
1350 1614 1534 1670 fecisti
1579 1624 1730 1672 tanto
1773 1619 2058 1687 tempore?
2111 1620 2168 1675 Si

587 1723 718 1776 ergo
763 1708 879 1763 dies
914 1716 1131 1777 tempus
1176 1709 1378 1763 dicitur
1423 1708 1694 1778 prolixum
1720 1750 1736 1776 ,
1778 1710 1949 1768 multo
1998 1714 2169 1782 magis

588 1801 857 1856 mensium
921 1810 1137 1873 tempus
1194 1800 1463 1872 prolixum
1515 1811 1677 1871 atque
1721 1803 2011 1871 plurimum
2066 1805 2170 1860 dici

586 1904 788 1965 potest.
835 1894 917 1951 0b
966 1896 1069 1950 hoc
1112 1911 1242 1966 ergo
1288 1896 1422 1950 dicit
1457 1896 1691 1966 plurimo
1730 1904 1971 1966 tempore
2002 1898 2173 1953 inter-

586 1987 788 2057 posito.
829 1985 1125 2041 Plurimum
1158 2003 1394 2059 namque
1422 1996 1759 2042 memoratur
1796 1987 1899 2042 hoc
1936 1996 2171 2057 tempus,

584 2094 695 2134 non
726 2081 794 2134 ob
822 2080 924 2133 hoc
949 2078 1120 2132 solum
1148 2080 1290 2147 quod
1317 2079 1606 2149 plurimum
1634 2077 1803 2134 fuerit
1832 2078 2172 2149 longitudine

589 2171 872 2240 temporis,
917 2172 1000 2227 vel
1038 2172 1201 2240 spatii
1242 2172 1588 2241 prolixitate,
1622 2171 1716 2226 sed
1761 2172 1998 2227 maxime
2043 2188 2171 2243 pro-

585 2276 708 2335 pter
748 2265 1038 2335 plurimum
1079 2264 1340 2330 dolorem,
1381 2263 1674 2335 plurimum
1718 2263 1915 2320 dicitur
1940 2275 1995 2320 et
2026 2266 2171 2321 msti-

586 2367 769 2414 matur
801 2359 903 2414 hoc
944 2365 1157 2427 tempus
1188 2358 1378 2412 luisse.
1407 2356 1667 2423 Plurimo,
1695 2358 1892 2429 inquit,
1925 2367 2171 2428 tempore

584 2450 930 2520 interposito,
970 2460 1193 2519 pr0pter
1237 2447 1530 2519 plurimam
1569 2448 1904 2517 passionem,
1948 2459 2171 2519 prapter

586 2544 918 2598 acerrimum
943 2542 1218 2607 dolorem,
1242 2550 1466 2612 propter
1494 2541 2038 2597 vehementissimum
2062 2541 2171 2597 vul-

583 2652 707 2700 nus,
746 2646 965 2706 propter
997 2635 1396 2689 amarissimam
1427 2647 1671 2705 pmnam.
1713 2632 1956 2691 Plurimo
1990 2646 2167 2691 autem

582 2738 828 2797 tempore
858 2727 1202 2795 interposito,
1237 2736 1460 2796 propter
1489 2727 1776 2797 plagarum
1806 2728 2167 2795 nimietatem,

583 2831 809 2892 propter
860 2820 1146 2873 humorem
1197 2832 1393 2887 corpus
1439 2830 1603 2887 atque
1647 2820 1891 2874 membra
1939 2818 2168 2886 liquefa-

581 2914 855 2973 ciemem.
908 2926 1004 2979 pro
1052 2909 1359 2964 innumeris
1415 2909 1692 2965 vermibus
1748 2925 1948 2966 nervos
2003 2921 2168 2980 atque

580 3020 705 3061 ossa
751 3003 1159 3058 devorantibus.
1225 2999 1332 3056 Pro
1396 2999 1480 3055 bis
1528 3000 1784 3055 omnibus
1836 3001 2047 3070 magnis
2103 3015 2167 3054 ac

580 3096 833 3168 plurimis
888 3095 1144 3167 gravibus
1203 3100 1367 3165 atque
1399 3091 1732 3148 terribilibus
1772 3092 2165 3148 exsistentibus
2192 3123 2234 3178 ε

579 3190 874 3261 plurimum
920 3187 1094 3241 fuisse
1135 3187 1238 3241 hoc
1262 3192 1477 3253 tempus
1517 3192 1873 3238 memoratur.
1918 3181 2159 3239 PIurinvo

581 3291 765 3335 autem
799 3290 1040 3350 tempore
1072 3278 1432 3348 interposito,
1475 3290 1599 3331 cum
1636 3274 1737 3330 Job
1770 3290 1877 3329 non
1910 3290 2164 3330 succum-

579 3372 757 3437 beret,
786 3385 961 3440 neque
996 3368 1395 3435 debilitaretur,
1432 3381 1608 3436 neque
1635 3365 2040 3431 delassaretur,
2072 3381 2166 3421 ne-

580 3479 688 3535 que
732 3463 1024 3526 deficeret,
1057 3461 1151 3517 sed
1186 3461 1241 3516 in
1283 3460 1488 3516 eisdem
1532 3459 1831 3531 gratiarum
1863 3459 2168 3515 actionibus

579 3565 745 3625 atque
778 3552 1217 3610 confessionibus
1245 3559 1614 3622 permaneret.
1640 3551 1796 3608 Unde
1818 3551 1962 3606 enim
1976 3553 2164 3621 cmpit,

580 3649 691 3705 illic
722 3656 779 3702 et
810 3646 1206 3717 perseveravit,
1241 3644 1292 3699 in
1328 3644 1631 3714 gratiarum
1666 3643 1976 3699 actionibus
2004 3652 2167 3710 atque

578 3729 1074 3798 benedictionibus.
1113 3735 1231 3802 Sit,
1278 3737 1490 3807 inquit,
1528 3751 1719 3790 nomen
1754 3734 1966 3789 Domini
2011 3733 2161 3787 bene-

578 3832 780 3886 dictum
823 3833 880 3884 in
908 3828 1105 3884 sarcula
1127 3828 1197 3883 ⁸⁸.
1230 3826 1362 3881 Cum
1390 3828 1444 3881 in
1472 3826 1594 3881 istis
1628 3840 1759 3896 ergo
1794 3832 2169 3896 perseveraret

578 3924 704 3991 Job,
738 3923 1107 3996 nequissimus
1144 3919 1393 3975 diabolus
1434 3919 1738 3990 obstupuit,
1785 3918 2027 3987 expavit,
2075 3916 2169 3972 de-

581 4018 853 4087 speravit,
892 4026 1057 4085 atque
1094 4011 1451 4081 semetipsum
1493 4024 1820 4067 consumens
1856 4010 2027 4065 dixit:
2057 4009 2161 4066 Ubi

580 4119 662 4164 est
716 4109 1067 4180 praesumptio
1138 4106 1299 4161 mea?
1352 4105 1446 4160 ubi
1498 4114 1584 4161 est
1632 4104 1905 4160 audacia?
1944 4104 2037 4159 ubi
2083 4113 2168 4159 est

579 4207 733 4264 labor
770 4208 958 4262 meus?
991 4206 1217 4262 Omnem
1245 4202 1668 4259 sollicitudinem
1707 4203 1965 4269 exercui,
2007 4212 2063 4258 et
2107 4204 2162 4257 in

577 4301 680 4357 Job
705 4299 837 4376 nihil
868 4299 993 4365 feci;
1022 4296 1205 4353 omnia
1238 4304 1558 4366 argumenta
1587 4293 1821 4363 osmndi,
1854 4304 1909 4350 et
1944 4294 2166 4350 fortitu-

578 4394 760 4449 dinem
790 4392 890 4447 Job
913 4408 1020 4447 non
1058 4390 1270 4459 dejeci;
1307 4402 1501 4444 omnes
1543 4386 1773 4457 sagittas
1813 4387 2164 4457 nequissima.-

2274 513 2413 584 quit,
2463 515 2533 569 ad
2578 514 2803 584 antiqua
2847 528 2965 569 mea
3016 528 3190 580 arma,
3238 529 3339 584 per
3378 529 3494 585 quae
3536 518 3687 575 Adam
3729 540 3807 578 se-

2273 607 2495 660 ductum
2534 605 2898 676 supplantavi.
2950 604 3065 661 lllic
3097 615 3355 675 serpente
3395 622 3479 661 me
3522 608 3727 667 induens
3751 618 3808 669 ad

2274 696 2439 751 Evam
2468 696 2681 751 locutus
2713 710 2855 761 sum,
2892 695 3084 749 deinde
3111 709 3211 764 per
3241 694 3407 748 Evam
3437 694 3638 753 locutus
3660 699 3808 758 Adam

2272 790 2485 847 seduxi.
2528 788 2700 844 Habet
2732 789 2896 844 etiam
2929 786 3030 843 Job
3062 800 3292 843 uxorem
3316 826 3332 850 ,
3363 802 3465 857 qua
3496 803 3580 844 me
3608 788 3813 852 induens

2272 880 2548 938 subtiliter
2569 895 2669 951 per
2693 880 2841 935 illam
2874 893 2996 935 eum
3032 880 3311 944 seducam,
3347 888 3507 950 atque
3535 880 3809 942 fraudulen-

2274 985 2357 1030 ter
2385 975 2764 1046 persuadeam.
2796 972 2931 1029 Cum
2962 973 3078 1027 haec
3108 972 3251 1043 apud
3277 985 3337 1027 se
3364 974 3644 1042 cogitaret,
3672 984 3811 1049 atque

2270 1068 2631 1123 meditaretur
2673 1066 3058 1137 nequissimus,
3098 1065 3285 1121 statim
3328 1080 3465 1120 uxor
3499 1080 3559 1122 os
3598 1068 3665 1122 ad
3702 1085 3810 1139 per-

2270 1158 2604 1215 suadendum
2650 1158 2868 1229 aperire
2910 1158 3244 1228 properavit.
3274 1156 3432 1224 Quod
3466 1158 3812 1217 demonstrans

2272 1251 2388 1305 haec
2420 1249 2702 1320 Scriptura
2733 1250 2863 1306 dicit
2889 1266 2903 1304 :
2944 1249 3182 1305 Plurima
3214 1262 3394 1304 autem
3424 1260 3639 1319 tempore
3668 1251 3811 1307 inter-

2269 1342 2475 1410 posito,
2535 1342 2674 1395 dixit
2718 1342 2790 1395 ad
2842 1356 2963 1395 eum
3029 1356 3167 1395 umor
3222 1340 3339 1410 ejus
3362 1341 3429 1395 ⁸⁷.
3474 1340 3695 1397 Plurimo
3730 1360 3813 1397 au-

2269 1441 2377 1488 tem
2429 1441 2673 1502 tempore
2733 1433 3087 1505 interposito,
3124 1447 3248 1487 cum
3309 1431 3411 1487 Job
3452 1445 3811 1504 perseveraret,

2271 1535 2328 1579 et
2372 1540 2480 1579 non
2527 1524 2933 1591 immutaretur,
2979 1540 3104 1582 cum
3132 1523 3237 1580 Job
3272 1524 3325 1579 in
3374 1524 3478 1579 fide
3518 1526 3811 1593 firmaretur,

2271 1623 2329 1669 et
2381 1616 2434 1669 in
2468 1616 2699 1670 veritate
2735 1616 3121 1680 roboraretur,
3169 1617 3491 1672 fundaretur
3525 1616 3575 1671 in
3616 1618 3812 1688 pietate,

2274 1716 2437 1777 atque
2481 1708 2534 1761 in
2579 1708 2789 1778 iustitia
2835 1708 3319 1774 coustabiliretur,
3360 1710 3413 1763 in
3454 1708 3697 1767 charitate
3741 1710 3817 1767 in-

2273 1809 2602 1864 strueretur,
2646 1807 2703 1855 et
2746 1799 2801 1854 in
2845 1800 3147 1870 gratiarum
3192 1799 3499 1856 actionibus
3532 1802 3815 1872 persisteret

2273 1892 2499 1947 devotus
2542 1901 2702 1963 atque
2743 1893 3033 1959 sollicitus,
3068 1909 3191 1949 cum
3224 1894 3281 1949 in
3318 1894 3612 1965 huiusmodi
3644 1911 3815 1952 conso-

2273 1983 2458 2038 nantia
2494 1983 2596 2040 Job
2629 1985 2970 2055 persisteret,
3009 1988 3146 2043 dixit
3178 1989 3246 2042 ad
3288 2001 3412 2042 eum
3448 2003 3575 2042 uxor
3603 1986 3722 2059 ejus.
3756 1988 3814 2045 Et

2273 2091 2464 2133 revera
2492 2093 2596 2133 non
2628 2094 2768 2134 uxor
2793 2078 2963 2147 dixit,
3000 2080 3095 2135 sed
3129 2080 3385 2136 diabolus
3407 2081 3497 2150 qui
3525 2095 3614 2150 per
3638 2095 3693 2136 os
3715 2080 3814 2149 ejus

2270 2176 2353 2222 est
2382 2166 2615 2235 locutus,
2644 2170 2736 2239 qui
2775 2168 3091 2241 frequenter
3123 2170 3411 2226 consuevit
3440 2169 3579 2240 loqui
3607 2170 3666 2224 ad
3691 2172 3813 2226 viros

2269 2273 2369 2329 per
2408 2274 2470 2315 os
2508 2260 2817 2325 mulierum,
2863 2263 2955 2333 qui
2998 2276 3143 2333 saepe
3184 2262 3385 2317 solitus
3423 2272 3507 2316 est
3535 2263 3815 2316 subvertere

2270 2352 2418 2409 viros
2453 2369 2551 2424 per
2575 2370 2638 2410 os
2663 2356 2953 2427 coniugum
2978 2396 2994 2423 ,
3021 2367 3187 2426 atque
3217 2356 3294 2410 ad
3325 2353 3466 2410 mala
3495 2355 3743 2410 concitare
3771 2365 3815 2410 ct

2271 2445 2413 2500 mala
2440 2447 2658 2512 docere,
2702 2449 2945 2517 rapinas,
2985 2448 3321 2513 calumnias,
3350 2445 3669 2512 violentiam,
3697 2446 3815 2516 cupi-

2270 2541 2521 2606 ditatem,
2549 2540 2848 2595 alienorum
2882 2541 3284 2610 appetentiam,
3310 2550 3472 2611 atque
3494 2539 3663 2594 odium
3691 2539 3813 2594 circa

2268 2633 2567 2702 proximos.
2625 2632 2970 2703 Frequenter
3021 2632 3167 2687 enim
3237 2632 3500 2687 invidiam
3549 2630 3814 2686 accendunt

2270 2726 2415 2781 inter
2464 2725 2646 2792 viros,
2699 2726 2844 2781 sicut
2893 2725 3128 2781 invicem
3184 2737 3416 2796 propter
3456 2722 3812 2794 improbitatem

2268 2834 2421 2873 suam
2451 2818 2826 2889 Iitigaverunt.
2868 2817 3143 2873 Continuo
3178 2818 3289 2872 illa:
3320 2817 3375 2872 in
3411 2814 3646 2872 infelices
3688 2812 3812 2866 viros

2268 2910 2390 2964 odia
2418 2919 2584 2979 atque
2611 2907 2994 2963 contentiones
3020 2905 3334 2960 adinvicem
3365 2905 3598 2960 excitare
3622 2908 3814 2955 conten-

2268 3002 2421 3055 dunt.
2456 3001 2606 3068 Quos
2649 3014 2770 3055 cum
2802 2999 2911 3055 sint
2944 2998 3158 3069 pacifici
3201 3009 3371 3069 atque
3399 2994 3685 3059 unanimes,
3709 3005 3811 3045 cum

2267 3093 2593 3147 adversariis
2635 3093 2749 3147 suis
2789 3090 2904 3147 sive
2946 3090 3032 3145 bis
3073 3091 3165 3162 qui
3200 3091 3357 3146 intus
3396 3097 3552 3152 sunt,
3591 3085 3696 3141 sive
3734 3083 3811 3153 qui

2267 3184 2399 3240 foris
2446 3195 2573 3241 sunt
2596 3225 2611 3251 ,
2647 3185 2944 3240 concordes
2987 3192 3133 3240 stare
3167 3190 3490 3254 oportuerat
3518 3188 3572 3236 et
3608 3192 3662 3234 se
3695 3174 3811 3231 iuvi-

2266 3293 2384 3333 cem
2412 3277 2706 3334 defendere
2728 3318 2743 3343 ,
2778 3286 2943 3348 atque
2974 3275 3209 3332 invicem
3246 3276 3536 3345 adjuvare,
3565 3268 3649 3326 isti
3673 3264 3811 3323 nimis

2266 3387 2385 3426 rum
2415 3370 2822 3441 compelluntur
2854 3380 3081 3441 propter
3110 3370 3386 3438 nequitias
3409 3379 3626 3422 uxorum
3648 3362 3813 3415 adver-

2266 3478 2385 3517 sum
2415 3461 2646 3516 invicem
2677 3462 2964 3533 insurgere
3000 3471 3055 3517 et
3096 3477 3155 3516 se
3197 3462 3432 3517 invicem
3472 3457 3591 3514 odio
3618 3453 3810 3515 habere,

2266 3569 2374 3626 quo
2402 3553 2616 3625 possint
2651 3553 2961 3624 iniquarum
2994 3567 3226 3608 uxorum
3257 3550 3479 3607 malitia:
3509 3542 3807 3603 satisfacere.

2266 3645 2609 3716 Frequenter
2631 3646 2775 3699 enim
2801 3660 2900 3716 per
2922 3643 3211 3715 conjugum
3236 3659 3304 3699 os
3327 3644 3443 3699 haec
3465 3639 3587 3695 talia
3604 3634 3811 3705 loquitur

2266 3737 2512 3793 diabolus
2545 3737 2614 3792 ad
2653 3737 2824 3803 viros,
2863 3735 3178 3806 frequenter
3204 3734 3349 3791 dicit
3384 3733 3451 3789 ad
3478 3731 3616 3787 viros
3652 3739 3736 3798 per
3759 3736 3811 3775 os

2265 3829 2554 3901 coniugum
2590 3828 2795 3885 :Existi
2826 3826 2975 3885 foras
2998 3870 3013 3895 ,
3054 3838 3107 3884 et
3141 3828 3278 3884 nihil
3308 3832 3456 3883 intro
3482 3821 3713 3880 attulisti.
3753 3816 3815 3870 De

2266 3922 2354 3976 via
2383 3922 2603 3989 venisti,
2627 3931 2684 3977 et
2707 3920 2893 3978 vacuis
2919 3922 3169 3978 manibus
3198 3923 3428 3977 domum
3460 3912 3698 3974 introisti.
3721 3907 3812 3963 Alii

2265 4023 2417 4080 eunt,
2445 4023 2501 4070 et
2533 4016 2743 4070 reversi
2770 4012 3045 4068 afferunt:
3081 4013 3172 4068 alii
3214 4012 3630 4082 proficiscuntur
3658 4013 3707 4057 et
3728 4015 3809 4053 ve-

2266 4105 2479 4159 nientes
2518 4105 2914 4175 perducuntur.
2960 4102 3041 4159 Tu
3086 4119 3213 4159 vero
3239 4105 3481 4167 deterior
3508 4097 3698 4156 caeteris
3720 4133 3733 4159 ,
3760 4102 3809 4145 tu

2265 4206 2446 4253 autem
2470 4196 2702 4253 debilior
2728 4197 2880 4264 viris,
2922 4196 3170 4252 inutilior
3212 4200 3449 4261 cunctis,
3484 4194 3681 4261 aliaque
3707 4186 3809 4258 plu-

2268 4288 2402 4344 rima
2444 4304 2564 4361 quae
2607 4290 2782 4346 solitae
2822 4290 3006 4360 impia:
3049 4289 3309 4346 mulieres
3364 4289 3507 4360 loqui
3548 4285 3670 4343 viris
3711 4279 3808 4336 suis

2266 4393 2524 4451 «Ogentes
2571 4396 2666 4437 eos
2710 4381 2777 4437 ad
2822 4381 2999 4448 mala,
3042 4389 3207 4451 atque
3246 4384 3463 4437 animas
3513 4380 3731 4435 virorum
3757 4370 3803 4425 in

581 4487 851 4557 pharetrae
898 4500 1033 4539 meat
1082 4483 1366 4548 evacuavi,
1418 4490 1474 4537 et
1506 4478 1743 4533 animam
1773 4476 1875 4534 Job
1909 4493 2014 4533 non
2045 4478 2162 4533 vul-
2192 4478 2240 4539 D
2264 4476 2536 4531 modicum
2572 4486 2838 4546 quantum
2876 4476 3272 4541 venundantes,
3301 4477 3391 4532 vel
3415 4475 3583 4546 potius
3603 4467 3806 4540 perden-

581 4578 792 4632 neravi.
821 4577 1012 4642 Filios,
1043 4575 1239 4646 inquit,
1270 4576 1387 4646 ejus
1417 4573 1625 4646 perdidi
1657 4583 1712 4627 et
1737 4585 1955 4627 sensum
1984 4570 2099 4640 ejus
2129 4586 2161 4626 a

580 4671 694 4725 Deo
724 4685 829 4724 non
868 4668 1244 4739 praevaricavi.
1282 4665 1420 4721 Rem
1465 4665 1791 4720 familiarem
1836 4664 1955 4734 ejus
1984 4674 2164 4719 exter-

578 4756 815 4824 minari,
847 4757 941 4810 sed
971 4756 1293 4811 charitatem
1324 4754 1443 4824 ejus
1472 4769 1634 4824 quam
1677 4755 1843 4810 habet
1880 4754 2028 4809 circa
2059 4754 2162 4808 Do-

579 4850 786 4904 minum
812 4848 981 4903 Deum
1032 4862 1139 4903 non
1188 4847 1446 4902 exstinxi.
1483 4845 1718 4902 Carnem
1770 4856 1826 4900 et
1870 4859 1995 4900 ossa
2044 4842 2161 4913 ejus

576 4942 856 4997 vermibus
896 4949 1059 5010 atque
1085 4938 1373 5008 putredine
1395 4938 1734 5009 consumpsi,
1766 4938 1860 4994 sed
1886 4939 2046 4995 fidem
2079 4948 2162 4992 at-

578 5051 685 5107 que
715 5034 1087 5092 sinceritatem
1122 5032 1319 5087 animae
1347 5030 1462 5100 eius
1491 5047 1600 5086 non
1633 5030 1856 5086 violavi.
1890 5030 2029 5099 Quid
2059 5032 2163 5102 igi-

580 5143 668 5187 tur
705 5128 899 5186 faciam
942 5129 1019 5184 illi
1061 5126 1243 5182 adhuc
1282 5125 1426 5194 quod
1470 5140 1577 5179 non
1621 5124 1768 5181 feci?
1817 5125 1958 5194 Quid
2005 5127 2060 5182 in
2096 5142 2163 5183 eo

580 5237 868 5277 exerceam
897 5222 1075 5277 adhuc
1105 5219 1249 5289 quod
1280 5230 1385 5269 non
1427 5216 1694 5272 exercui?
1726 5215 1869 5288 Ergo
1907 5217 2033 5299 quia
2067 5233 2165 5289 per

579 5316 835 5371 universa
869 5314 1136 5385 supplicia
1186 5321 1351 5382 atque
1398 5318 1671 5365 tormenta
1716 5302 1919 5382 cogere
1944 5326 2069 5366 eum
2105 5322 2164 5366 ut

581 5410 751 5465 Deum
781 5408 1116 5480 relinqueret
1149 5421 1256 5461 non
1285 5404 1467 5475 potui,
1499 5402 1779 5458 conferam
1803 5444 1818 5469 ,
1851 5404 2046 5475 inquit,
2073 5419 2159 5458 me

580 5496 648 5551 ad
671 5496 1067 5564 seductionem,
1098 5494 1379 5550 conferam
1416 5493 1483 5547 ad
1518 5493 1949 5562 persuasionem.
1976 5492 2160 5549 Forsi-

582 5601 676 5647 tan
701 5587 847 5646 enim
871 5592 1011 5658 quod
1040 5606 1146 5646 non
1174 5586 1342 5643 valuit
1368 5599 1541 5656 prauae
1564 5586 1798 5651 coactio,
1827 5585 1930 5641 hoc
1959 5585 2159 5643 nihilo-

650 5774 694 5807 "
720 5770 820 5829 Job
850 5786 908 5837 tt,
949 5772 1003 5828 9.
1079 5771 1124 5805 "‘
1154 5770 1251 5829 Job
1287 5788 1324 5841 1,
1351 5771 1442 5829 ί21.
1520 5771 1564 5805 ⁸⁷
1595 5769 1697 5828 Job
1726 5788 1783 5841 ιι,
1820 5774 1872 5830 9.

2265 4577 2381 4624 tes:
2414 4568 2612 4639 quibus
2647 4582 2793 4623 cura:
2826 4584 2932 4625 non
2970 4576 3053 4624 est
3080 4570 3223 4625 unde
3262 4572 3547 4643 acquirant
3584 4562 3676 4618 viri
3712 4568 3803 4611 tam

2263 4676 2330 4717 ex
2369 4660 2573 4729 rapinis
2621 4675 2785 4731 quam
2838 4661 3003 4715 etiam
3042 4674 3111 4715 ex
3140 4661 3361 4732 praedis,
3399 4672 3504 4717 tam
3527 4672 3590 4714 cx
3627 4649 3803 4706 violen-

2264 4754 2353 4809 tiis
2404 4768 2570 4824 quam
2631 4767 2700 4807 ex
2742 4753 2937 4821 furtis,
2981 4763 3189 4809 tantum
3221 4762 3279 4809 ut
3322 4754 3377 4810 in
3414 4765 3573 4808 unum
3619 4754 3803 4801 coacer-

2262 4855 2460 4902 vantes
2501 4845 2609 4901 illis
2655 4843 2905 4901 aﬂ‘erant.
2954 4846 3076 4900 Istas
3118 4861 3261 4902 verm
3292 4856 3421 4902 sunt
3458 4837 3801 4900 subversioues

2262 4936 2524 4993 virorum.
2564 4935 2688 4992 Istat
2718 4946 2845 4993 sunt
2874 4938 3210 5007 perditiones
3254 4939 3523 5001 virorum,
3567 4943 3656 5000 per
3685 4934 3799 4993 (1⁸³³⁸

2257 5045 2378 5083 rum
2405 5044 2471 5085 os
2500 5029 2570 5085 ad
2598 5029 2860 5100 plurimos
2890 5029 3133 5099 loquitur
3158 5030 3425 5097 diabolus,
3454 5033 3571 5097 post
3594 5026 3797 5090 quarum

2257 5123 2420 5177 verba
2461 5121 2710 5178 conversi
2747 5122 2983 5192 plurimi,
3020 5123 3213 5179 miseri
3255 5122 3431 5178 cﬂ‘ecti
3477 5125 3595 5174 sunt
3624 5120 3675 5168 et
3704 5103 3800 5161 clli-

2256 5212 2499 5278 ciuntur,
2531 5222 2769 5281 etsuper
2800 5220 3001 5265 terram
3032 5222 3084 5267 et
3117 5213 3171 5267 in
3191 5214 3344 5284 [coelo
3368 5222 3418 5267 et
3445 5208 3577 5279 apud
3603 5206 3796 5267 ευρθτοθ

2258 5318 2314 5364 et
2347 5309 2489 5377 apud
2535 5305 2766 5362 inferos.
2812 5303 2906 5359 Sic
2946 5304 3123 5361 locuta
3161 5317 3246 5363 est
3273 5303 3519 5366 Jezahel,
3556 5306 3606 5352 et
3631 5284 3796 5347 Achab

2264 5398 2521 5469 perdidit.
2574 5396 2666 5452 Sic
2708 5396 2888 5450 locuta
2932 5405 3018 5451 est
3047 5396 3313 5454 Herodias
3343 5408 3397 5455 et
3425 5389 3669 5451 Herodem
3702 5379 3795 5433 fra-

2268 5506 2405 5550 trem
2442 5491 2675 5562 Philippi
2711 5488 3010 5547 interfecit.
3056 5491 3150 5548 Sic
3188 5491 3383 5549 locutae
3427 5496 3549 5547 sunt
3586 5473 3800 5562 plurima!

2266 5602 2388 5658 qua:
2424 5558 2789 5644 multis-mala
2820 5581 3184 5652 ingesserunt.
3217 5580 3310 5640 Sic
3336 5584 3522 5654 utique
3554 5583 3606 5631 et
3630 5568 3690 5624 ad
3710 5558 3799 5617 Job
