3992 6312
555 298 662 354 679

1670 295 2052 355 ANONYMUS
2090 294 2155 350 IN
2192 295 2330 351 .IOB.
2372 324 2437 337 —-
2474 292 2607 353 LIB.
2645 292 2710 348 Il.

3705 304 3803 361 480

554 416 703 482 cisti,
754 430 930 487 neque
982 415 1346 481 succubuisti,
1404 416 1498 470 sed
1549 415 1724 471 adhuc
1772 426 2010 471 sustines
2035 455 2049 477 ,
2096 431 2130 469 ο
2160 420 2204 478 Α
2234 412 2411 483 magni
2431 412 2697 466 luerunta
2728 411 2944 478 saeculo,
2964 418 3018 467 et
3040 411 3369 483 plerumque
3397 427 3586 470 eorum
3613 432 3806 477 memo—

557 506 702 565 Job?
750 508 1080 565 Delecerunt
1106 508 1329 571 divitiae,
1377 507 1695 563 defecerunt
1736 508 1855 573 ﬁlii,
1906 524 2129 577 compu-

560 604 811 650 truerunt
837 612 1053 660 carnes,
1096 595 1372 664 liquel'acti
1411 609 1538 651 sunt
1586 599 1761 666 nervi,
1801 610 1857 652 et
1898 614 2022 653 ossa
2074 601 2126 653 in

556 697 799 740 stercora
844 689 1062 742 redacta
1103 694 1254 750 sunt,
1296 695 1438 741 terra
1469 688 1967 744 concalescentibus
2004 706 2126 744 car-

557 776 716 831 nibus
758 778 863 832 luis
891 779 1175 833 commista
1201 819 1217 843 ,
1244 787 1299 833 et
1324 780 1502 834 adhuc
1528 780 1808 835 sustines?
1835 781 1985 847 Quod
2014 782 2129 836 eiii-

555 868 775 921 t-iuntur
810 869 1006 923 mortui
1052 870 1107 923 in
1151 871 1402 939 sepulcro
1448 881 1566 940 post
1597 879 1849 939 mortem,
1898 875 2127 940 putredo

552 967 610 1013 et
638 973 846 1012 vermes
880 969 1045 1028 atque
1089 968 1250 1015 terra!
1289 962 1597 1028 commisti,
1645 962 1749 1018 hoc
1782 964 2032 1019 videlicet
2070 976 2126 1019 ιιι

554 1046 780 1103 eﬂ‘vctus
824 1050 1003 1104 adhuc
1034 1050 1219 1105 vivens
1266 1051 1487 1115 videris,
1521 1061 1577 1107 et
1605 1067 1768 1123 super
1796 1054 1910 1109 haec
1944 1059 2125 1109 omnia

552 1137 729 1192 adhuc
744 1140 1005 1205 sustines,
1026 1156 1060 1196 o
1081 1139 1184 1196 .Iob
1199 1180 1215 1207 ,
1244 1141 1437 1197 suffers
1456 1143 1762 1214 hujusmodi
1794 1147 2123 1215 passionem,

551 1229 768 1300 qualem
799 1248 906 1287 non
933 1236 1196 1289 sustinuit
1225 1237 1376 1305 prior
1408 1246 1458 1291 te
1485 1239 1658 1303 alter,
1695 1253 1871 1309 neque
1897 1242 2127 1295 sustine-

550 1322 630 1377 bit
656 1324 795 1379 alius
821 1341 990 1397 usque
1027 1328 1079 1380 in
1108 1331 1499 1398 sempiternum
1529 1340 1651 1400 post
1686 1332 1779 1385 te?
1817 1333 2123 1404 Quousque,

550 1415 750 1486 inquit,
785 1422 1012 1474 sustines
1038 1423 1063 1474 .9
1097 1419 1365 1477 Deliciens
1387 1424 1499 1492 jam
1536 1425 1841 1495 requiesce,
1873 1435 1932 1480 ut
1962 1428 2125 1482 etiam

551 1524 640 1564 me
677 1510 1020 1578 requiescere
1056 1515 1226 1569 iacias
1263 1532 1293 1569 a
1332 1517 1473 1571 bello
1502 1526 1558 1572 et
1596 1520 1915 1583 certamine,
1963 1530 2128 1591 atque

550 1601 936 1659 colluctatione
962 1622 1124 1676 quam
1150 1608 1326 1662 habeo
1349 1609 1493 1663 circa
1525 1620 1594 1665 te.
1636 1610 1743 1666 Sed
1773 1610 1839 1665 ad
1868 1612 1983 1666 hac
2006 1613 2127 1666 uni-

552 1708 709 1748 versa
757 1711 867 1750 uno
907 1698 1074 1752 verbo
1120 1699 1399 1767 respondit
1439 1701 1665 1757 dicens:
1710 1702 1767 1757 Si
1824 1703 2125 1774 interrogas

2230 503 2309 558 ria
2328 511 2627 573 permanet,
2641 510 2732 555 aut
2749 504 2801 556 in
2818 503 3015 567 verbis,
3034 514 3125 558 aut
3142 506 3196 558 in
3218 503 3408 568 lactis,
3425 506 3585 560 autin
3604 506 3804 568 liberis:

2231 605 2317 650 tua
2343 604 2521 649 autem
2555 596 2815 649 memoria
2850 596 3028 650 omnis
3057 596 3245 651 subito
3279 599 3642 652 exterminata
3675 614 3753 658 est
3777 622 3803 659 ει

2228 694 2392 747 terra,
2417 698 2609 754 neque,
2631 684 2825 754 inquit,
2846 686 3063 740 verbum
3081 695 3201 755 post
3222 697 3298 750 te,
3327 700 3511 756 neque
3534 689 3671 744 [ilius
3687 733 3701 756 ,
3728 710 3809 746 ne-

2226 790 2333 844 que
2353 774 2480 838 ﬁlia,
2502 789 2676 844 neque
2698 776 2916 837 factum,
2940 789 3036 845 per
3055 790 3174 843 qua:
3197 776 3377 842 possit
3413 786 3563 830 stare
3594 794 3806 847 praeter-

2230 868 2349 923 iens
2366 867 2625 921 memoria
2652 877 2768 922 tua.
2796 867 2933 937 Ergo
2954 867 3076 937 quia
3105 867 3318 922 nullum
3343 867 3411 921 de
3439 868 3525 922 bis
3549 880 3666 939 post
3693 874 3804 927 tein

2227 960 2485 1016 memoria
2498 960 2911 1026 remansit,i«leo
2939 961 3305 1015 exterminata
3335 970 3424 1015 est
3447 964 3700 1017 memoria
3724 975 3804 1019 tua

2228 1071 2256 1109 a
2296 1065 2457 1110 terra.
2490 1052 2608 1109 Non
2637 1052 2808 1108 solum
2843 1052 3171 1117 oblitterata,
3204 1068 3306 1107 seu
3343 1052 3579 1117 sublata,
3599 1056 3689 1109 sed
3715 1071 3804 1110 ex-

2242 1144 2547 1211 terminata,
2580 1152 2835 1213 tanquam
2859 1142 3102 1197 delavata
3129 1151 3300 1212 atque
3323 1153 3545 1197 extersa
3566 1154 3804 1213 tanquam

2229 1238 2367 1293 ultra
2400 1251 2505 1293 non
2531 1237 2603 1293 sit
2646 1237 2733 1292 cui
2766 1237 2929 1307 digne
2968 1235 3379 1306 respondeatur
3408 1252 3422 1287 :
3465 1232 3531 1288 In
3562 1238 3803 1289 memoria

2227 1341 2423 1384 (eterna
2459 1332 2558 1385 erit
2597 1330 2782 1400 justus
2805 1329 2848 1394 ',
2904 1337 2959 1383 et
2995 1328 3262 1382 memoria
3311 1326 3451 1397 justi
3487 1341 3608 1380 cum
3637 1327 3801 1381 laude.

2232 1421 2432 1476 Deinde
2458 1422 2745 1476 identidem
2780 1418 3123 1475 abscondens
3152 1416 3421 1473 diabolus
3448 1426 3610 1486 atque
3630 1425 3804 1486 tegens

2231 1513 2567 1584 iniquitatem
2624 1528 2810 1578 suam,
2864 1511 3138 1567 convertit
3190 1511 3346 1565 hunc
3397 1522 3698 1563 sermonem
3742 1509 3801 1561 ad

2230 1606 2416 1660 uxoris
2440 1620 2723 1676 personam
2753 1622 2768 1659 :
2804 1614 2859 1659 et
2887 1615 3141 1675 tanquam
3176 1618 3250 1659 ex
3287 1601 3441 1657 illius
3472 1614 3694 1671 persona
3726 1599 3802 1657 lo-

2229 1714 2401 1769 quens
2427 1739 2443 1764 ,
2481 1698 2613 1754 dicit
2644 1718 2657 1754 :
2692 1697 2816 1753 Filii
2850 1700 2921 1754 tui
2956 1712 3094 1767 quos
3135 1697 3307 1752 ﬁdem
3351 1694 3631 1758 docuisti,
3678 1709 3802 1763 quos

552 1800 663 1849 me,
688 1801 721 1839 o
756 1787 989 1852 inimice,
1018 1804 1302 1860 quousque
1339 1794 1660 1857 sustineam,
1693 1796 1839 1850 audi.
1875 1773 2121 1862 Quandiu
2156 1773 2199 1830 Β
2230 1793 2483 1859 pietatem
2514 1790 2757 1854 induisti,
2789 1806 2926 1860 quos
2953 1791 3285 1845 cbaritatem
3331 1788 3640 1843 adinvicem
3666 1788 3798 1843 circa

552 1877 817 1943 percutis,
862 1878 954 1932 illo
1000 1894 1169 1948 usque
1209 1894 1309 1949 ego
1351 1883 1621 1948 sustineo;
1653 1886 1890 1953 quandiu
1930 1896 1982 1940 ιιι
2014 1896 2125 1941 tor-

550 1982 705 2034 ques,
745 1969 836 2023 illo
861 1985 1032 2039 usque
1068 1986 1168 2042 ego
1205 1972 1440 2038 sull'ero;
1487 1977 1724 2043 quandiu
1762 1987 1815 2030 tu
1861 1976 2122 2048 ﬂztchlns,

553 2059 647 2113 illo
672 2075 843 2131 usque
865 2077 966 2131 ego
996 2076 1284 2131 exspecto;
1325 2067 1560 2135 quandiu
1590 2083 1696 2121 non
1728 2069 1985 2125 deIeCeril
2016 2088 2128 2124 ma-

490 2208 493 2215 .
550 2152 772 2222 ligmtas
804 2171 965 2224 quam
997 2156 1164 2212 babes
1192 2158 1336 2212 circa
1368 2173 1474 2224 me,
1515 2159 1605 2214 illo
1643 2176 1816 2231 usque
1852 2177 1959 2217 non
1986 2164 2123 2218 deﬁ-

549 2245 659 2300 ciet
697 2247 981 2301 tolerantia
1009 2263 1172 2318 quam
1210 2249 1381 2304 habeo
1418 2250 1563 2305 circa
1599 2262 1673 2306 te.
1723 2252 1999 2319 Delusisti,
2038 2254 2122 2308 in-

548 2336 710 2405 quit,
761 2340 1148 2409 temetipsum,
1197 2357 1231 2396 ο
1292 2342 1544 2411 diabole,
1589 2360 1711 2399 cum
1765 2355 1924 2416 putas
1980 2350 2125 2417 quod

547 2429 719 2484 Adam
756 2431 1036 2487 incautum
1070 2434 1364 2501 inveneris,
1402 2445 1455 2490 et
1491 2438 1713 2493 nescisti
1743 2438 1886 2509 quod
1929 2442 2123 2496 adver-

548 2539 667 2578 sum
696 2522 799 2579 .Ioh
843 2538 1187 2582 constantem
1229 2531 1331 2584 hoc
1374 2530 1654 2588 habueris.
1693 2531 1801 2587 Sed
1838 2534 2015 2589 adlmc
2058 2539 2123 2588 ad

548 2614 786 2684 priorem
808 2631 1030 2672 sensum
1052 2628 1215 2687 atque
1237 2634 1540 2676 sermonem
1568 2634 1923 2681 revertamur.
1951 2624 2127 2691 Quan-

546 2708 666 2775 diu,
705 2710 899 2780 inquit,
937 2712 1212 2766 sustines?
1252 2712 1462 2767 Deinde
1495 2722 1752 2785 tanquam
1786 2717 2127 2787 cogitatoni-

548 2798 652 2853 bus
691 2798 811 2867 ejus
852 2810 1017 2872 atque
1056 2804 1257 2872 spebus
1301 2807 1680 2874 compendium
1723 2807 1931 2864 faciens
1963 2819 2126 2880 atque

550 2892 918 2959 respondens,
972 2893 1233 2961 adjiciens
1275 2897 1409 2952 dicit
1446 2916 1459 2951 :
1500 2897 1635 2952 Ecce
1677 2910 1918 2967 exspecto
1954 2903 2126 2957 adhuc

547 2999 775 3050 paucam
807 2995 1025 3054 tempus,
1059 3004 1274 3058 sperans
1323 3006 1463 3059 spem
1512 2994 1704 3047 salutis
1743 3010 1871 3049 mea:
1894 2996 1935 3050 ³.
1982 2993 2124 3050 Tan-

547 3090 710 3144 quam
757 3077 805 3131 si
854 3078 1104 3135 diceret:
1143 3081 1391 3149 Quandin
1439 3087 1679 3142 sustines
1726 3087 1831 3142 hoc
1879 3097 2125 3144 tractans

546 3177 603 3221 et
657 3168 761 3223 hoc
802 3171 1071 3240 cogitans,
1118 3182 1284 3243 atque
1324 3176 1483 3231 istam
1533 3194 1683 3247 spem
1734 3180 1931 3247 habes,
1978 3183 2126 3252 quod

544 3259 726 3315 adhuc
757 3262 1028 3317 modicum
1063 3275 1276 3335 tempus
1321 3272 1592 3339 sustines,
1629 3273 1859 3327 salutem
1895 3284 1949 3328 et
1994 3274 2127 3329 libe-

546 3350 840 3419 rationem,
882 3366 1043 3425 atque
1080 3357 1322 3425 requiem
1369 3373 1725 3431 exspectans,
1764 3364 1993 3434 teipsum
2032 3364 2127 3419 de-

546 3441 707 3509 ludis,
739 3459 771 3499 o
795 3442 916 3500 Job.
958 3445 1075 3501 Non
1110 3450 1255 3503 enim
1296 3451 1366 3505 ita
1402 3468 1463 3509 es
1491 3455 1886 3524 deprehensus,
1928 3467 1985 3510 ut
2012 3472 2127 3512 mo-

545 3534 669 3591 dico
701 3539 978 3594 sustinens
1021 3549 1265 3611 tempore
1302 3546 1517 3601 evadas.
1569 3547 1685 3603 Non
1737 3550 1887 3617 talia,
1924 3551 2121 3621 inquit,

545 3632 601 3679 te
650 3629 792 3681 mala
827 3628 1206 3699 circumdant,
1250 3650 1283 3689 ο
1322 3635 1518 3704 homo,
1569 3648 1627 3694 ut
1677 3655 1799 3695 cum
1855 3641 2123 3696 modicum

546 3719 809 3787 temporis
854 3722 967 3776 htcc
1004 3729 1452 3797 supporlaveris,
1487 3730 1716 3786 salutem
1749 3746 1971 3800 Sperare
1997 3749 2123 3803 pos-

544 3807 663 3861 sis:
704 3810 799 3863 sed
856 3814 1154 3881 sustinens,
1208 3816 1406 3887 inquit,
1457 3824 1775 3891 sustinebis,
1816 3831 1872 3878 et
1912 3824 2125 3893 patiens

544 3900 800 3968 patieris,
857 3913 913 3957 et
957 3905 1080 3961 linis
1126 3912 1392 3976 passionis
1434 3924 1598 3983 atque
1649 3916 1851 3971 doloris
1900 3918 1973 3971 tui
2016 3934 2121 3973 non

545 3991 672 4045 erit.
698 3993 854 4061 Quod
892 3999 1037 4051 enim
1068 3998 1309 4056 facturus
1336 4018 1396 4057 es
1418 4004 1468 4057 in
1502 4005 1709 4072 ultimo,
1738 4024 1859 4062 cum
1890 4009 2121 4079 plurima

546 4096 739 4151 passus
772 4086 974 4154 lueris,
1016 4106 1080 4144 ac
1112 4094 1467 4159 sustinueris,
1511 4105 1570 4149 ut
1601 4097 1951 4167 blasphemes
1974 4140 1990 4164 ,
2022 4102 2125 4156 hoc

544 4189 676 4231 sane
722 4193 819 4233 cur
854 4196 959 4235 non
1003 4182 1137 4239 facis
1175 4186 1448 4253 celeriter,
1495 4200 1553 4242 ut
1589 4189 1781 4244 saltem
1830 4192 1914 4245 vel
1956 4209 2121 4248 unum

543 4283 611 4325 ex
656 4271 788 4342 ipsis
824 4274 1102 4331 doloribus
1130 4277 1396 4349 ellugiens
1426 4283 1757 4352 requiescas.
1791 4284 1918 4341 Hmc
1944 4287 2124 4356 itaque

545 4363 799 4418 universa
840 4376 1003 4436 atque
1035 4370 1120 4425 his
1147 4371 1297 4441 plura
1328 4374 1695 4444 nequissimus
1717 4376 1967 4432 diabolus
1996 4378 2121 4434 licet

2226 1898 2417 1939 omnes
2444 1883 2644 1938 habere
2667 1883 2971 1939 instruxisti
3009 1903 3023 1939 :
3064 1883 3157 1938 ﬁlii
3190 1882 3271 1938 tui
3303 1895 3407 1951 pro
3435 1881 3632 1951 quibus
3654 1880 3800 1936 corde

2228 1974 2374 2028 luisti
2390 1974 2653 2029 sollicitus
2670 1982 2726 2028 et
2742 1975 2923 2028 animo
2941 1973 3192 2044 cogitasti
3212 1981 3273 2028 et
3294 1971 3597 2042 singularia
3613 1973 3799 2027 sacriﬁ-

2227 2064 2308 2118 cia
2331 2063 2723 2126 immolasti,de
2741 2064 2940 2134 quibus
2956 2065 3096 2134 apud
3120 2063 3480 2132 temetipsum
3499 2062 3704 2116 dixisti:
3726 2061 3797 2115 Ne

2228 2154 2364 2224 forte
2381 2154 2480 2223 ﬁlii
2502 2156 2602 2209 mei
2623 2156 2677 2208 in
2704 2155 3011 2223 praecordiis
3031 2156 3172 2207 mala
3194 2154 3552 2223 cogitaverim
3572 2155 3795 2206 adversus

2228 2247 2395 2302 Deum
2424 2248 2464 2300 ⁸.
2496 2247 2587 2301 Isti
2621 2262 2750 2317 ergo
2780 2246 2874 2301 lilii
2907 2262 3044 2318 quos
3094 2246 3172 2301 tui
3228 2246 3482 2301 Ineredes
3535 2244 3648 2300 lore
3678 2260 3786 2314 spe-

2229 2339 2382 2404 rasti,
2414 2354 2444 2393 a
2471 2338 2668 2408 quibus
2695 2337 3029 2407 sepulturam
3052 2345 3415 2408 accepturum
3446 2345 3501 2391 te
3531 2346 3794 2405 exspecta-

2228 2432 2317 2497 Sli,
2353 2446 2449 2500 per
2492 2446 2627 2498 quos
2676 2446 2874 2486 nomen
2910 2439 3059 2485 tuum
3114 2445 3178 2486 ac
3231 2429 3561 2485 memoriam
3595 2438 3709 2498 post
3747 2438 3794 2482 te

2229 2538 2448 2578 manere
2487 2522 2793 2578 credidisti.
2826 2522 2918 2577 lsti
2947 2537 3078 2593 ergo
3107 2521 3200 2576 ﬁlii
3237 2522 3445 2593 quibus
3471 2521 3611 2575 inter
3641 2520 3793 2575 botni-

2228 2632 2324 2671 nes
2357 2615 2590 2671 nihilest
2617 2616 2850 2681 dulcius,
2878 2616 3078 2685 quibus
3106 2615 3245 2669 nihil
3290 2624 3378 2671 est
3406 2614 3549 2669 inter
3569 2611 3792 2667 carnales

2228 2708 2466 2762 cbarius.
2498 2705 2589 2762 Isti
2609 2707 2701 2762 lilii
2734 2709 2810 2761 tui
2840 2722 3070 2778 quorum
3095 2706 3369 2761 visionem
3403 2720 3509 2761 non
3535 2712 3790 2773 exspecta-

2227 2800 2311 2855 bis
2358 2800 2612 2871 amplius,
2645 2816 2876 2871 quorum
2912 2800 3103 2855 faciem
3154 2815 3266 2854 non
3319 2798 3530 2853 videbis
3560 2796 3785 2861 ulterius,

2228 2906 2464 2962 quorum
2502 2891 2870 2946 reversionem
2902 2904 3005 2944 non
3032 2903 3225 2959 speras
3244 2886 3504 2957 amplius.
3529 2884 3639 2939 Non
3660 2884 3785 2935 enim

2229 2982 2283 3037 in
2322 2981 2715 3052 profectionem
2752 2992 3034 3037 terrenam
3068 2984 3475 3052 perrexerunt,
3526 2984 3585 3031 ut
3627 2973 3787 3029 denuo

2231 3074 2600 3130 reversionem
2638 3088 2824 3143 speres
2858 3088 3073 3139 eorum,
3100 3086 3282 3142 neque
3315 3072 3371 3126 in
3398 3067 3625 3124 navibus
3652 3063 3788 3119 navi-

2227 3175 2417 3239 gantes
2455 3166 2523 3222 ad
2560 3174 2780 3221 exteras
2805 3165 3116 3236 provincias
3138 3164 3510 3227 transierunt,
3536 3170 3593 3215 ut
3628 3158 3790 3213 denuo

2226 3260 2293 3314 ad
2321 3269 2534 3330 tempus
2568 3265 2877 3316 remeantes
2924 3258 3224 3329 suscipere,
3281 3268 3459 3327 atque
3489 3255 3666 3309 videre
3710 3262 3793 3305 eos

2227 3352 2427 3425 possis.
2456 3351 2624 3407 Terra
2668 3351 2789 3408 illos
2845 3351 3026 3407 subito
3069 3365 3302 3421 eoopern
3326 3350 3390 3415 it,
3431 3358 3485 3404 et
3515 3360 3655 3401 mors
3685 3343 3793 3399 illos

2227 3453 2453 3502 cunctos
2498 3446 2703 3517 pariter
2735 3445 3007 3516 perdidit;
3045 3443 3241 3499 domus
3300 3442 3473 3499 ruina
3528 3450 3789 3496 commune

2226 3539 2537 3609 sepulcrum
2566 3538 2672 3593 illis
2692 3537 2905 3593 cunctis
2935 3536 3136 3593 eﬁ'ecit.
3191 3534 3306 3602 Isti,
3357 3533 3552 3605 inquit,
3584 3530 3674 3585 lilii
3718 3525 3785 3581 tui

2225 3640 2279 3685 et
2310 3647 2416 3685 non
2437 3631 2606 3686 solum
2631 3631 2725 3685 ﬁlii
2756 3633 2921 3686 sedet
2947 3630 3086 3683 ﬁliae.
3119 3628 3178 3683 Si
3198 3630 3352 3683 enim
3376 3628 3545 3682 solum
3566 3622 3652 3676 lilii
3682 3634 3788 3690 pcr-

2227 3723 2447 3788 iissent,
2505 3722 2627 3777 ﬁlia:
2670 3737 2801 3778 vero
2855 3732 3235 3793 superessent,
3292 3718 3563 3775 diminuta
3614 3713 3783 3768 luisset

2225 3816 2464 3881 miseria,
2513 3816 2923 3885 diminutusque
2971 3813 3235 3868 nefandus
3290 3812 3477 3868 dolor.
3538 3807 3777 3864 Filiam!"

2227 3923 2463 3978 namque
2495 3908 2916 3978 prosperitatem
2958 3921 3055 3975 pro
3087 3904 3402 3960 heredibus
3432 3908 3779 3972 exspectares,

2229 3998 2470 4052 ﬁliarum
2511 3998 2832 4067 progeniem
2879 4012 2978 4066 pro
3021 3996 3397 4051 consolatione
3435 3997 3673 4055 duceres,
3703 4001 3782 4042 reo

2232 4091 2529 4146 stituerent
2574 4092 2673 4146 tibi
2724 4091 2957 4145 liliarum
2990 4090 3104 4145 nati
3152 4090 3390 4145 ﬁliorum
3422 4085 3775 4155 direptionem.

2225 4182 2376 4263 Nunc
2401 4198 2531 4238 vero
2560 4194 2614 4237 et
2656 4184 2750 4238 ﬁlii
2796 4185 2874 4238 tui
2918 4192 2971 4239 et
3009 4184 3132 4239 ﬁlia:
3164 4197 3358 4239 omnes
3414 4181 3613 4263 pariter
3665 4188 3779 4246 per-

2225 4260 2626 4343 ierunt,omnes
2657 4278 2759 4331 sub
2784 4292 2892 4331 una
2926 4277 3063 4332 hora
3100 4275 3262 4331 deleti
3287 4284 3441 4339 sunt,
3471 4260 3652 4328 Omnes
3681 4279 3776 4318 uno

2226 4377 2468 4437 tempore
2500 4367 2553 4422 in
2583 4378 2759 4423 morte
2786 4377 3042 4439 tanquam
3075 4369 3127 4422 in
3159 4368 3352 4439 pelago
3381 4362 3609 4422 demersi
3634 4364 3774 4415 sunt:

546 4468 651 4507 non
699 4456 1128 4517 evidentioribus
1171 4464 1350 4519 verbis
1386 4467 1785 4522 sermocinatus
1830 4466 1933 4537 sit,
1980 4480 2117 4523 atta-
2151 4477 2196 4536 υ
2222 4474 2413 4515 omnes
2433 4459 2487 4514 in
2527 4477 2631 4514 "Ila
2666 4462 2829 4517 domo
2879 4471 3135 4530 tanquam
3191 4460 3246 4515 ίη
3299 4474 3405 4514 una
3433 4456 3553 4512 ῐ¹²νί
3580 4470 3607 4508 ³
3634 4460 3775 4505 “me

543 4559 666 4598 men
703 4548 930 4604 occultis
953 4554 1382 4624 cogitationibus
1413 4558 1477 4611 ad
1501 4557 1601 4613 Job
1634 4557 1845 4616 loeutus
1878 4572 1961 4615 est
1991 4563 2120 4617 sub-

544 4639 711 4694 tiliter
749 4643 1004 4698 seducere
1043 4648 1232 4704 volens
1274 4650 1535 4706 famulum
1576 4651 1674 4707 Dei
1726 4653 2115 4709 inviolabilem.

541 4728 718 4798 Super
758 4746 879 4801 quae
935 4735 1185 4793 universa
1247 4742 1512 4811 atljiciens
1573 4743 1705 4798 dicit
1740 4765 1752 4800 :
1794 4742 1929 4798 Ecce
1979 4749 2119 4799 enim

539 4825 887 4879 exterminata
929 4839 1005 4881 est
1042 4834 1290 4886 memoria
1322 4844 1413 4888 tua
1444 4852 1475 4887 α
1508 4844 1649 4889 terra
1667 4838 1708 4890 ⁸.
1754 4835 1893 4903 Quid
1921 4852 2119 4901 exspe-

539 4915 697 4969 ctas?
727 4920 854 4987 quid
882 4922 1158 4977 sustines?
1184 4925 1313 4995 quid
1344 4928 1564 4997 speras?
1606 4928 1736 4999 quid
1786 4938 1999 4998 tempus
2027 4943 2120 4983 sa-

540 5004 669 5061 lutis
723 5013 1048 5080 exspectas?
1110 5014 1476 5071 Extermt'nata
1523 5029 1598 5072 est
1645 5018 1899 5073 memoria
1948 5029 2041 5071 tua
2087 5036 2121 5073 a

545 5106 704 5152 terra.
754 5100 1122 5161 Exterminata
1150 5118 1232 5163 est
1261 5110 1406 5163 enim
1427 5151 1444 5177 ,
1481 5111 1730 5179 sublata,
1766 5110 1939 5164 ﬁnita.
1984 5109 2119 5164 Pro-

538 5189 721 5259 jectus
750 5208 893 5259 esse,
934 5198 1127 5268 inquit,
1166 5202 1384 5268 videris,
1421 5212 1475 5257 et
1514 5212 1774 5273 tanquam
1810 5219 1916 5259 non
1943 5204 2020 5258 sis
2049 5202 2118 5257 ab

542 5282 793 5337 omnibus
825 5292 1119 5358 reputaris.
1163 5292 1522 5347 Deseruerant
1560 5308 1792 5363 namque
1823 5303 1877 5349 te
1906 5309 2116 5360 omnes,

538 5373 911 5435 discesserunt
940 5382 1143 5447 cuncti,
1171 5383 1324 5438 obliti
1349 5392 1476 5439 sunt
1517 5386 1777 5452 universi,
1798 5386 2120 5455 desperave-

546 5480 675 5525 runt
707 5480 757 5527 te
798 5474 919 5540 toti,
948 5483 1002 5529 et
1029 5476 1121 5545 qui
1154 5492 1340 5546 prOpe,
1379 5487 1434 5532 et
1470 5477 1558 5545 qui
1600 5479 1759 5551 longe
1797 5488 1947 5544 sunt,
1987 5480 2119 5550 quia

547 5562 724 5618 deleta
769 5574 855 5620 est
906 5566 1165 5622 memoria
1214 5577 1302 5622 tua
1344 5584 1373 5623 a
1431 5578 1599 5625 terra.
1648 5569 1867 5638 Quanti,
1917 5572 2115 5641 inquit,

616 5740 636 5772 ⁸
663 5737 763 5796 Iob
798 5756 857 5807 ιι,
890 5741 944 5796 9.
1020 5741 1041 5772 ‘
1072 5741 1197 5797 ibid.

1282 5743 1299 5775 '
1332 5743 1475 5800 l‘sal.
1508 5760 1617 5812 CXI,
1650 5743 1700 5799 7.
1794 5746 1810 5776 ⁶
1851 5743 1949 5801 .Iob
1976 5761 2014 5811 ι,
2039 5746 2091 5801 5.

2228 4554 2417 4623 pelago
2447 4552 2689 4623 absorpti
2722 4563 2850 4607 sunt
2878 4573 2892 4609 :
2924 4562 2978 4609 et
3010 4557 3153 4609 sicut
3185 4552 3253 4608 iis
3275 4554 3367 4621 qui
3398 4552 3451 4607 in
3484 4548 3664 4621 pelago
3693 4542 3774 4595 de-

2227 4648 2390 4701 mersi
2439 4645 2645 4700 fuerint
2681 4646 3025 4702 ascensionis
3063 4646 3146 4701 vel
3197 4646 3389 4702 salutis
3417 4656 3537 4715 apes
3564 4635 3772 4693 ulteI'ius

2229 4752 2337 4793 non
2372 4746 2477 4807 est,
2524 4741 2605 4795 sic
2648 4740 2903 4806 ﬁliorum,
2938 4739 3137 4810 inquit,
3174 4747 3390 4793 tuorum
3416 4745 3469 4793 et
3500 4734 3714 4789 liliarum
3744 4738 3771 4776 a

2226 4833 2457 4889 mortuis
2502 4832 2839 4890 lamentabili
2871 4833 3142 4906 profundo
3189 4834 3562 4903 absorptorum
3606 4832 3769 4877 rever-

2226 4924 2400 4980 sionis
2435 4924 2520 4980 vel
2570 4927 2928 4997 reparationis
2976 4941 3099 4995 spes
3156 4925 3387 4993 amplius
3436 4935 3541 4975 non
3580 4920 3672 4974 est,
3717 4912 3768 4961 ιιι

2226 5015 2367 5069 diem
2401 5018 2672 5073 memoriae
2701 5025 2809 5073 tute
2843 5019 3154 5087 celebrent,
3193 5026 3254 5073 ut
3294 5026 3506 5088 tempus
3536 5006 3765 5066 recorda-

2227 5111 2394 5165 tionis
2421 5120 2526 5166 tua:
2548 5121 2730 5184 agant.
2762 5113 2874 5176 Sic,
2903 5113 3145 5181 inquam,
3185 5112 3281 5167 ﬁlii
3317 5112 3392 5166 tui
3432 5118 3485 5165 et
3514 5104 3628 5160 ﬁliae
3656 5101 3765 5196 aula

2224 5210 2436 5271 ῑοιηρυε
2464 5204 2767 5273 Perierunt,
2801 5218 2992 5259 omnes
3039 5210 3166 5260 ante
3196 5213 3408 5274 tempus
3434 5215 3462 5254 a
3495 5199 3655 5253 morte
3685 5186 3783 5241 di-A

2226 5297 2363 5365 repti
2393 5304 2556 5364 sunt,
2600 5305 2657 5351 ut
2696 5313 2800 5352 non
2834 5299 3279 5369 deri-linquerent
3306 5291 3678 5368 posteritatem,
3706 5283 3759 5331 ιιι

2226 5404 2350 5442 cum
2383 5400 2610 5459 nepotes
2641 5405 2745 5444 non
2785 5403 3101 5461 supersunt,
3139 5390 3284 5444 avia
3329 5388 3473 5444 nullo
3502 5377 3758 5437 nominen-

2226 5490 2334 5536 tur.
2367 5480 2473 5536 Sed
2508 5482 2615 5537 noli
2639 5490 2850 5553 putare,
2884 5482 3051 5550 oJob,
3074 5482 3217 5554 quod
3246 5480 3339 5536 tibi
3369 5477 3465 5535 soli
3491 5472 3618 5528 ﬁlios
3644 5464 3757 5563 istos

2225 5574 2498 5644 deputem,
2527 5574 2619 5631 sed
2654 5575 2785 5631 mihi
2811 5576 2989 5648 potius
3023 5575 3244 5645 deputo,
3297 5571 3392 5630 sed
3436 5564 3558 5625 mihi
3604 5564 3754 5625 [ηερε
