3992 6312
600 378 707 433 ἄεξ’)

1686 378 2065 436 ANONYMUS
2106 379 2171 433 ΙΝ

2274 380 2345 433 ιΒ.
2380 409 2444 419 -
2482 378 2612 436 LIB.
2654 382 2722 435 ll.
3694 396 3779 453 tu

602 499 846 554 civitatis
875 500 1137 556 transitus
1157 500 1363 571 ignara.
1393 498 1526 554 Nam
1553 500 1697 555 intra
1718 500 1918 572 palatia
1946 502 2174 570 nutrita,
2201 505 2249 563 Α
2278 514 2540 555 mearum.
2573 498 2711 557 Nam
2739 515 2867 556 cum
2916 499 3016 564 sol,
3065 501 3256 573 .nqnit,
3283 502 3662 570 ceciderit,nox
3711 523 3777 582 ίῳ·

603 598 662 645 et
685 590 738 644 in
768 603 937 661 regno
962 590 1172 655 vivens,
1200 598 1256 644 et
1282 590 1334 644 in
1365 590 1672 662 principatu
1707 601 1870 661 atque
1898 592 2175 662 opulentia

606 682 832 752 degens,
884 683 1123 737 omnium
1156 682 1288 736 foris
1332 697 1485 738 eram
1524 684 1735 753 ignara.
1794 683 1875 740 0b
1908 685 2009 739 hoc
2049 698 2172 755 ego,

606 772 803 840 inquit,
834 784 891 826 ut
921 789 1050 842 vaga
1110 773 1405 839 circumeo,
1458 782 1621 844 atque
1661 790 1807 840 erro,
1839 785 2026 845 utpote
2054 791 2174 831 om-

606 867 754 920 nium
785 867 955 921 inscia
984 877 1038 920 et
1071 866 1283 921 viarum
1313 876 1368 921 et
1402 869 1654 922 itinerum
1682 877 1736 922 et
1778 869 2088 924 incessunm
2118 878 2177 924 et

606 958 1020 1027 colloquiorum,
1053 968 1109 1012 et
1142 975 1247 1013 non
1279 959 1452 1013 solum
1499 975 1659 1031 vaga,
1702 962 1795 1015 sed
1831 962 2016 1016 habitu
2069 977 2172 1015 an-

606 1048 745 1103 cillm
793 1058 1049 1119 tanquam
1110 1051 1477 1117 mercenaria,
1537 1063 1700 1121 atque
1730 1052 1855 1106 aliis
1903 1053 2171 1121 indigens,

605 1152 861 1208 tanquam
943 1141 1129 1196 infelix
1196 1150 1253 1196 et
1325 1144 1635 1198 omnimode
1707 1143 1883 1213 inops.
1973 1143 2171 1200 Habitu

601 1233 832 1296 ancillae,
864 1244 1048 1303 utpote
1069 1250 1303 1303 operans
1340 1250 1406 1290 ac
1452 1235 1705 1291 laborans
1734 1246 1789 1291 et
1821 1251 2169 1292 mercennum

604 1325 843 1392 faciens;
900 1337 956 1381 et
1006 1328 1259 1382 omnibus
1311 1328 1644 1398 supplicans,
1697 1340 1864 1400 atque
1918 1333 2171 1387 omnibus

602 1419 844 1484 humilis,
880 1429 1065 1488 utpote
1116 1421 1371 1475 omnibus
1421 1422 1685 1491 subjecta,
1748 1424 1828 1477 sic
1875 1425 2056 1493 itaque
2110 1432 2173 1479 ut

600 1523 758 1578 vaga,
802 1509 1017 1579 inquit,
1062 1520 1116 1565 et
1164 1510 1353 1565 habitu
1404 1513 1642 1568 ancillas.
1682 1512 1953 1571 lnnumeri
2002 1516 2168 1584 servi,

602 1614 764 1671 atque
814 1601 1118 1657 innumera:
1163 1603 1375 1658 ancillae
1423 1604 1551 1658 olim
1593 1607 1906 1661 servierunt
1940 1607 2072 1662 mihi
2116 1617 2174 1663 et

600 1693 1045 1748 ministraverunt
1082 1702 1138 1749 et
1171 1695 1479 1750 detulerunt
1519 1705 1573 1751 et
1608 1698 1847 1765 requiem
1880 1699 2171 1764 dederunt,

600 1797 655 1841 et
683 1787 923 1856 nudique
953 1803 1081 1843 curn
1109 1788 1419 1846 reverentia
1469 1789 1832 1847 adoraverunt
1858 1806 1945 1847 tne
1978 1809 1992 1845 :
2026 1809 2169 1850 nunc

599 1896 730 1935 vero
758 1881 825 1933 ad
862 1889 1061 1935 tantam
1096 1880 1469 1937 infelicitatem
1497 1883 1746 1939 devoluta
1781 1899 1925 1952 sum,
1958 1885 2027 1938 ad
2048 1894 2168 1940 tan-

598 1980 707 2023 tam
752 1971 1024 2025 miseriam
1063 1972 1307 2041 perveni,
1344 1978 1404 2025 ut
1434 1973 1552 2041 ipsa
1594 1987 1697 2042 ego
1738 1988 1871 2043 vaga
1905 1973 2026 2029 aliis
2058 1990 2172 2029 ser-

598 2060 816 2124 vierim,
854 2062 1103 2117 omnibus
1141 2062 1410 2133 indigens,
1437 2064 1688 2120 omnibus
1714 2064 1982 2136 subjecta.
2030 2066 2166 2139 Ego,

599 2155 795 2224 inquit,
817 2170 940 2223 qua:
960 2155 1278 2212 immensum
1300 2172 1582 2213 numerum
1610 2158 1829 2229 inopum
1860 2169 2022 2231 atque
2036 2176 2170 2230 pau-

598 2262 808 2315 perum,
832 2246 1126 2303 infelicium
1139 2263 1379 2319 quoque,
1397 2264 1462 2304 ac
1479 2250 1745 2306 nudorum
1764 2251 2170 2323 sitientiumque

596 2337 726 2391 olim
751 2352 816 2393 ex
858 2339 965 2393 tuis
1004 2348 1060 2394 et
1088 2339 1225 2395 meis
1267 2340 1547 2397 laboribus
1589 2350 1756 2412 atque
1807 2341 2166 2401 facultatibus

597 2428 860 2492 saturavi,
876 2429 1089 2494 vestiri,
1116 2428 1381 2496 benefeci,
1404 2431 1666 2500 requievi,
1688 2430 1776 2486 ref
1776 2431 2030 2502 rigeravi,
2047 2447 2169 2501 ego,

599 2520 799 2590 inquit,
823 2521 891 2575 ad
927 2530 1106 2576 tantos
1134 2521 1350 2577 dolores
1377 2530 1432 2576 et
1479 2522 1750 2587 miserias,
1786 2533 1947 2594 atque
1993 2524 2173 2580 infeli-

596 2614 818 2667 citatem
843 2614 1089 2682 perveni,
1130 2623 1189 2668 ut
1216 2623 1473 2685 tanquam
1509 2629 1643 2685 vaga
1676 2615 2026 2683 circumiens,
2047 2616 2169 2673 aliis

598 2715 822 2775 propter
870 2704 1105 2775 inopiam
1150 2705 1406 2773 serviam,
1436 2714 1496 2760 ut
1541 2706 1667 2771 tibi,
1721 2706 1918 2777 inquit,
1962 2723 1997 2764 o
2045 2707 2169 2774 Job,

603 2794 980 2863 quotidianam
1029 2810 1212 2851 escam
1265 2811 1558 2853 mercenno
1610 2799 1911 2867 acquiram,
1962 2809 2021 2855 ut
2076 2799 2169 2857 tibi

597 2888 976 2958 quotidianum
1016 2887 1220 2943 victum
1258 2888 1555 2943 inveniam.
1586 2889 1669 2946 0b
1706 2891 1837 2955 hoc,
1883 2891 2079 2961 inquit,
2111 2900 2171 2946 ut

602 2994 735 3050 vaga
757 2988 812 3034 et
842 2979 1029 3035 habitu
1057 2979 1270 3035 ancilla:
1297 2980 1366 3037 de
1400 2980 1520 3035 loco
1554 2982 1622 3036 ad
1663 2980 1837 3036 locum
1871 2983 2169 3050 circumeo,

600 3078 658 3124 et
687 3072 754 3127 de
775 3072 937 3126 domo
977 3071 1032 3126 in
1064 3071 1304 3138 domum,
1336 3071 1506 3128 sicubi
1536 3086 1849 3142 exposcam,
1876 3081 1933 3129 et
1962 3073 2171 3129 mendi—

600 3178 743 3231 cem,
789 3172 1067 3232 expetam,
1102 3163 1276 3219 velut
1307 3164 1472 3219 etiam
1518 3178 1807 3220 mercenno
1836 3165 2069 3235 exigam,
2106 3165 2171 3220 de
2197 3203 2240 3261 ο

600 3255 720 3310 loco
754 3255 823 3308 ad
850 3256 1050 3319 locum,
1101 3256 1167 3310 de
1195 3258 1355 3310 domo
1397 3256 1453 3311 in
1480 3256 1697 3312 domum
1733 3258 2027 3312 circumeo.
2057 3255 2165 3311 Ali-

599 3347 746 3413 cubi,
770 3347 964 3417 inquit,
982 3347 1275 3418 suscipior,
1306 3347 1504 3403 alicubi
1541 3358 1720 3403 autem
1748 3363 1854 3403 non
1878 3349 2170 3420 suscipior,

599 3438 797 3492 alicubi
829 3440 1073 3493 defertur
1116 3437 1274 3505 mihi,
1302 3436 1504 3493 alicubi
1532 3446 1714 3492 autem
1743 3453 1855 3493 non
1902 3437 2171 3494 defertur.

596 3531 810 3586 Alicnhi
856 3530 1214 3594 houorilicor,
1260 3529 1459 3585 alicubi
1506 3529 1862 3586 nihilominus
1900 3544 2173 3586 exsecror.

597 3618 740 3672 Nam
766 3630 961 3687 praeter
997 3620 1049 3674 id
1085 3618 1233 3690 quod
1275 3635 1381 3675 non
1408 3620 1734 3691 suscipiunt,
1768 3622 1988 3690 insuper
2015 3634 2174 3676 exse-

594 3722 850 3776 crantur,
886 3711 1187 3776 declinant,
1215 3713 1602 3767 abominantur
1622 3724 1864 3769 nostram
1890 3714 2174 3771 infelicita-

604 3813 745 3865 tem,
775 3804 1147 3872 unusquisque
1175 3803 1278 3860 sibi
1305 3813 1573 3873 metuens,
1608 3816 1663 3861 et
1692 3813 1951 3876 tanquam
1986 3808 2053 3861 ah
2079 3824 2177 3861 au-

2274 590 2690 659 pr0pinquat,et
2724 590 2960 645 tenebrae
2983 589 3256 657 oriuntur,
3282 602 3338 647 et
3361 598 3785 664 supervenitsom-

2273 697 2397 744 nus,
2434 683 2527 753 qui
2558 698 2746 738 omnes
2790 683 3005 738 dolores
3037 684 3269 755 mitigat,
3314 686 3407 756 qui
3435 701 3587 742 omne
3620 691 3790 749 vulnus

2273 775 2446 838 sedat,
2492 774 2584 844 qui
2618 790 2834 828 onmem
2892 774 3165 829 tristitiam
3198 775 3360 844 sopit.
3394 775 3472 832 Ob
3517 779 3610 835 hoc
3646 796 3791 852 ergo,

2272 865 2366 929 ait,
2400 875 2656 935 tanquam
2688 865 2931 935 requiem
2958 875 3013 919 et
3040 867 3280 920 omnium
3313 868 3692 927 tribulationum
3711 876 3793 931 de-

2272 956 2593 1024 positionem
2619 958 2698 1011 sic
2712 966 2969 1026 exspecto
2993 957 3205 1026 quando
3229 957 3310 1012 sol
3336 961 3540 1026 subeat,
3561 970 3614 1015 ut
3628 963 3793 1019 saltem

2271 1044 2355 1098 vel
2392 1044 2543 1099 brevi
2565 1046 2741 1100 noctis
2771 1056 3015 1115 tempore
3048 1060 3078 1099 a
3117 1046 3563 1111 tribulationibus,
3586 1066 3695 1120 quae
3722 1070 3796 1110 me

2273 1151 2420 1189 nunc
2445 1137 2921 1206 apprehenderunt
2952 1137 3308 1208 requiescam.
3341 1138 3636 1196 Sicutenim
3669 1143 3797 1202 locus

2271 1228 2389 1283 loco
2406 1244 2492 1284 me
2519 1228 2719 1295 reddit,
2748 1237 2803 1284 et
2827 1230 3023 1285 domus
3060 1228 3267 1295 domui,
3288 1231 3479 1300 Stipem
3504 1246 3797 1303 quaerentem

2270 1330 2320 1375 et
2370 1320 2799 1391 eleemosynam,
2830 1328 2997 1391 atque
3046 1321 3445 1377 humanitatem
3490 1339 3664 1391 vagam
3711 1328 3800 1381 cir-

2271 1420 2638 1475 cumeuntem,
2667 1411 2748 1467 sic
2785 1411 3038 1467 similiter
3058 1412 3174 1467 dies
3210 1412 3317 1467 diei
3344 1426 3431 1468 me
3461 1415 3613 1470 tradit
3640 1426 3688 1471 et
3708 1434 3800 1474 nox

2273 1505 2439 1569 nocti,
2472 1505 2712 1575 requiem
2740 1505 3155 1561 tribulationum
3188 1515 3352 1576 atque
3376 1506 3611 1561 dolorum
3627 1524 3799 1565 conso-

2273 1596 2524 1652 lationem
2548 1607 2882 1668 quaerentem
2900 1598 3271 1668 exspeCtando
3286 1599 3500 1668 quando
3526 1600 3597 1655 sol
3614 1602 3798 1667 subeat,

2272 1700 2332 1744 ut
2363 1691 2604 1760 requiem
2660 1693 2889 1746 habeam
2946 1691 3362 1747 tribulationum
3392 1706 3511 1762 quae
3555 1708 3632 1748 me
3673 1710 3803 1749 nunc

2274 1783 2761 1852 appreltenderunt.
2787 1782 2924 1837 Nam
2955 1783 3086 1838 solis
3111 1797 3342 1838 occasus
3368 1782 3606 1838 omnibus
3633 1784 3802 1840 huma-

2280 1876 2365 1931 nis
2389 1875 2662 1930 laboribus
2684 1889 2750 1929 ac
2790 1874 3202 1943 fatigationihus
3236 1875 3399 1929 finem
3431 1874 3658 1945 imponit,
3688 1876 3806 1932 solis

2274 1982 2503 2022 occasus
2524 1967 2793 2023 universis
2822 1967 3071 2023 Immanis
3094 1968 3306 2022 naturis
3334 1966 3565 2039 requiem
3594 1978 3803 2037 praestat,

2273 2065 2329 2113 et
2356 2058 2706 2127 pauperibus,
2736 2066 2792 2112 et
2820 2074 2929 2113 non
2964 2057 3317 2121 habentibus,
3339 2066 3394 2113 et
3418 2058 3583 2113 servis
3613 2069 3659 2113 et
3686 2058 3801 2114 libe-

2277 2151 2353 2207 ris
2383 2167 2395 2203 :
2426 2160 2482 2205 et
2517 2165 2705 2205 omnes
2732 2166 3019 2220 vesperum
3043 2157 3208 2220 atque
3244 2149 3376 2205 solis
3398 2165 3659 2217 occasum,
3682 2150 3805 2205 velut

2277 2242 2580 2297 libertatem
2624 2251 2679 2297 et
2718 2243 3111 2313 indulgentiam
3164 2251 3334 2313 atque
3368 2242 3598 2312 requiem
3639 2258 3803 2312 exspe-

2276 2344 2446 2391 Ctant.
2475 2335 2608 2389 Cum
2635 2334 2829 2405 quibus
2857 2334 3112 2388 omnibus
3134 2373 3151 2399 ,
3190 2334 3390 2404 inquit,
3423 2348 3518 2405 ego
3550 2333 3699 2389 etiam
3722 2348 3803 2390 ex-

2280 2439 2469 2498 specw
2499 2429 2724 2498 quando
2755 2426 2834 2481 sol
2864 2429 3080 2491 subeat,
3117 2437 3178 2481 ut
3220 2427 3467 2497 requiem
3495 2424 3703 2480 habeam
3724 2426 3807 2479 tri-

2276 2519 2646 2582 bulationum,
2682 2533 2803 2587 quae
2844 2533 2932 2573 me
2981 2533 3129 2573 nunc
3184 2516 3669 2589 apprehenderunt.
3717 2517 3806 2571 Vo-

2277 2610 2498 2664 luerunt
2548 2610 2771 2680 quidam
2822 2618 2877 2664 et
2931 2608 3088 2664 aliter
3131 2610 3248 2664 haec
3297 2609 3501 2675 dicere,
3533 2608 3681 2680 quasi
3718 2610 3808 2664 n’ou

2277 2703 2449 2772 possit
2482 2716 2577 2771 per
2607 2702 2748 2756 diem
2788 2716 2899 2772 pra:
2951 2701 3276 2757 verecundia
3327 2712 3491 2772 atque
3528 2699 3816 2755 confusione

2277 2808 2375 2865 per
2397 2794 2585 2849 domos
2618 2794 2718 2859 ire,
2754 2802 2810 2849 et
2841 2795 3036 2863 stipem
3072 2795 3333 2864 recipere
3371 2809 3469 2865 pro
3498 2792 3814 2849 cernentibus

2276 2896 2333 2944 et
2380 2886 2779 2941 declinantibus
2816 2894 3039 2955 propter
3076 2886 3383 2952 augurium
3427 2900 3496 2941 ne
3521 2883 3569 2939 ei
3595 2896 3814 2938 occurre-

2278 2986 2421 3044 rent,
2438 2977 2521 3033 vel
2539 2978 2591 3032 in
2613 2976 2831 3032 domum
2856 2977 3216 3045 susciperent,
3231 2985 3544 3032 metuentes
3572 2989 3633 3030 ne
3653 2973 3813 3029 eadem

2279 3059 2593 3140 paterentur
2640 3068 2801 3124 etiam
2834 3080 3023 3122 omnes
3050 3068 3117 3121 ad
3147 3083 3287 3137 quos
3340 3067 3681 3131 accessisset,
3735 3063 3807 3119 vel

2279 3159 2474 3230 quibus
2489 3158 2938 3228 approximasset.
2968 3157 3051 3214 Ob
3069 3158 3173 3213 hoc
3196 3173 3335 3229 ergo
3358 3160 3508 3224 dicit,
3529 3167 3816 3227 exspectans

2273 3253 2489 3324 quando
2518 3252 2599 3307 sol
2631 3254 2841 3318 subeat,
2868 3262 2928 3309 ut
2954 3255 3006 3307 in
3039 3253 3274 3308 tenebris
3296 3255 3580 3309 nocturnis
3605 3252 3811 3321 requiem

2274 3344 2564 3399 inveniam.
2602 3342 2708 3399 Sed
2739 3358 2867 3400 vere
2922 3344 3172 3414 superior
3203 3343 3483 3412 expositio
3527 3358 3648 3398 vera
3677 3351 3817 3411 atque

2273 3434 2625 3492 irrefutahilis
2652 3444 2754 3492 est.
2805 3435 2911 3491 Sed
2949 3445 3070 3506 post
3106 3436 3221 3491 haec
3275 3436 3534 3491 universa
3579 3435 3641 3490 ad
3684 3433 3813 3488 illum

2274 3541 2576 3583 sermonem
2626 3539 3009 3583 convertamns
3038 3567 3055 3596 ,
3105 3526 3258 3596 cujus
3309 3526 3476 3581 etiam
3529 3526 3635 3581 haec
3674 3525 3816 3581 verba

2273 3617 2520 3685 fuerunt,
2545 3620 2597 3675 id
2623 3626 2706 3674 est
2736 3619 2802 3674 ad
2831 3618 3125 3674 diabolum.
3156 3616 3288 3672 Nam
3313 3618 3406 3674 hic
3425 3618 3675 3690 gloriatur
3694 3613 3817 3685 quod

2273 3713 2339 3766 de
2365 3713 2484 3766 loco
2516 3712 2569 3766 in
2601 3713 2777 3767 locum
2806 3711 3102 3765 circumeat
3133 3720 3189 3765 et
3216 3712 3284 3766 de
3318 3711 3485 3767 domo
3516 3711 3567 3765 in
3602 3710 3817 3769 domum,

2273 3814 2329 3859 ut
2360 3804 2599 3869 seducet,
2624 3812 2683 3858 ut
2704 3803 3002 3873 perturbet,
3032 3811 3091 3857 ut
3116 3804 3495 3870 commisceat,
3514 3811 3572 3858 ut
3591 3800 3817 3871 decipiat,

2274 3904 2412 3951 utea
2439 3910 2559 3963 quae
2589 3894 2865 3950 contraria
2892 3906 3022 3949 sunt
3049 3903 3276 3950 cunctos
3301 3896 3524 3958 doceat,
3564 3901 3615 3948 et
3647 3904 3816 3960 exspe-

603 3892 760 3961 gurio
791 3908 967 3949 meum
998 3908 1273 3948 accessum
1299 3904 1464 3965 atque
1506 3898 1784 3953 introitum
1838 3912 1948 3969 pra:
1979 3898 2177 3953 timore

600 3983 856 4049 declinat,
890 3997 957 4036 ne
982 3980 1127 4037 forte.
1157 3997 1282 4036 cum
1305 3996 1495 4040 nostra
1534 3986 1757 4043 miseria
1785 3996 2060 4059 tangatur.
2093 3986 2175 4042 0b

600 4071 725 4140 hoc,
763 4073 958 4144 inquit,
991 4091 1024 4127 ο
1068 4074 1195 4145 Joh,
1220 4076 1287 4131 de
1328 4077 1450 4131 loco
1477 4076 1531 4131 in
1564 4077 1741 4132 locum
1780 4077 2076 4143 circumeo,
2122 4088 2177 4133 et

600 4167 667 4220 de
720 4166 879 4223 domo
906 4168 965 4221 in
989 4169 1227 4226 domum.
1253 4169 1382 4239 Ego,
1420 4169 1517 4234 ait,
1548 4185 1667 4240 quae
1705 4169 1833 4224 olim
1857 4169 2003 4226 foras
2037 4186 2177 4226 nun-

600 4275 765 4329 quam
801 4262 969 4326 etivi,
993 4277 1113 4330 quas
1140 4263 1289 4318 feras
1318 4279 1593 4333 nunquam
1616 4265 1854 4334 respexi,
1881 4281 2023 4321 nunc
2050 4282 2176 4322 vero
2276 4265 2459 4321 citatis
2482 4275 2537 4320 et
2581 4266 2786 4321 erroris
2814 4277 2977 4335 atque
3027 4265 3324 4336 impietatis
3355 4265 3545 4334 fuerit,
3578 4263 3684 4319 illic
3715 4273 3819 4314 ma-

599 4353 811 4407 deloco
841 4356 894 4408 in
926 4354 1103 4410 locum
1136 4356 1486 4425 circumiens,
1512 4366 1568 4412 et
1600 4357 1668 4414 de
1693 4359 1854 4413 domo
1886 4358 1935 4413 in
1958 4359 2174 4415 domum
2281 4353 2459 4425 lignus
2491 4356 2800 4425 requiescit,
2842 4356 2954 4411 illic
2993 4370 3210 4411 omnem
3251 4354 3474 4427 iniquus
3503 4369 3650 4410 suum
3693 4350 3823 4405 labo-

599 4443 668 4498 ab
700 4445 949 4501 omnibus
985 4447 1312 4515 conspicior,
1342 4448 1411 4502 ab
1430 4448 1685 4506 omnibus
1729 4450 2087 4521 contemplor,
2122 4461 2177 4508 et
2277 4463 2391 4502 retu
2426 4448 2675 4518 deponit.
2702 4447 2912 4505 Idcirco
2944 4448 3155 4504 deloco
3206 4448 3259 4502 in
3308 4447 3490 4504 locum
3522 4443 3728 4509 circuit,
3774 4450 3824 4496 et

598 4550 631 4589 a
656 4534 811 4589 malis
834 4544 891 4590 et
911 4553 940 4591 a
967 4536 1143 4601 bonis,
1168 4540 1515 4609 etacoguitis
1536 4549 1592 4595 et
1606 4541 1673 4596 ab
1703 4540 2009 4610 incognitis.
2044 4540 2175 4596 Nam
2206 4548 2254 4608 ι)
2282 4541 2355 4595 de
2374 4540 2534 4595 duino
2559 4541 2611 4594 in
2647 4540 2893 4607 domum,
2922 4550 3109 4610 utpote
3153 4555 3349 4596 aereus
3380 4539 3606 4611 spiritus
3645 4546 3821 4592 cuncta

2274 3998 2385 4043 ctat
2407 3986 2622 4056 quando
2651 3986 2734 4041 sol
2755 3988 2967 4055 subeat,
2999 3996 3058 4042 ut
3090 3987 3329 4052 requiem
3363 3988 3564 4043 habeat
3595 3984 3815 4040 laborum

2274 4096 2340 4136 ac
2367 4080 2795 4136 tribulationum.
2831 4079 2967 4135 Nam
2988 4080 3075 4135 ubi
3099 4078 3192 4134 Sol
3208 4078 3439 4147 iustitiae
3471 4094 3574 4134 non
3595 4075 3817 4138 subierit,

2276 4172 2367 4229 ubi
2402 4172 2489 4228 lux
2518 4173 2763 4228 veritatis
2793 4187 2900 4229 non
2931 4172 3150 4241 luxerit,
3186 4172 3276 4228 ubi
3329 4172 3634 4229 obscuritas
3663 4167 3821 4224 infeli-

600 4627 660 4691 ii,
703 4628 905 4699 inquit,
947 4631 1037 4698 qui
1072 4630 1205 4685 olim
1248 4647 1351 4687 nec
1400 4631 1653 4687 viderunt
1696 4648 1803 4699 me,
1846 4648 1946 4688 nec
1982 4633 2173 4690 videre

597 4730 916 4793 potuerunt,
975 4723 1066 4777 isti
1109 4739 1260 4779 nunc
1290 4734 1348 4778 ut
1380 4739 1567 4794 vagam
1620 4739 1707 4779 me
1738 4724 2169 4780 circumeuntem

597 4828 721 4867 cum
754 4813 1058 4883 ignominia
1089 4816 1295 4879 vident,
1353 4823 1517 4886 atque
1554 4822 1868 4886 contemptu
1925 4828 2169 4871 conteru-

600 4904 837 4974 plantur.
878 4903 962 4959 Ob
996 4905 1118 4974 hoc,
1156 4908 1351 4974 inquit,
1387 4908 1455 4961 de
1486 4905 1603 4961 loco
1625 4906 1691 4960 ad
1719 4906 1903 4960 locum
1930 4908 2167 4961 circum-

598 5014 666 5055 eo
707 5004 764 5048 et
812 4998 884 5052 de
926 4997 1085 5052 domo
1125 4998 1178 5053 in
1207 4997 1423 5051 domum
1448 4998 1630 5066 operis
1660 4997 1860 5067 gratia,
1897 5009 1953 5053 et
1975 5012 2166 5067 exspe-

600 5104 755 5147 etans
784 5092 1005 5163 quando
1038 5088 1119 5147 sol
1164 5090 1376 5153 subeat,
1407 5098 1465 5143 ut
1493 5088 1732 5159 requiem
1765 5089 1991 5145 habeam
2027 5089 2170 5144 labo-

602 5202 722 5241 rum
746 5196 909 5256 atque
925 5184 1241 5257 gemituum,
1264 5183 1355 5253 qui
1384 5198 1523 5238 nunc
1547 5182 2121 5253 meapprehenderunt
2150 5200 2164 5237 :

572 5316 575 5320 ι
602 5281 692 5349 qui
727 5296 870 5335 nunc
891 5285 1297 5347 occupaverunt
1328 5285 1437 5331 tam
1470 5291 1568 5346 pro
1588 5286 1678 5330 tua
1709 5278 1984 5347 passione,
2007 5291 2167 5345 quam

601 5370 763 5426 ctiam
795 5385 892 5440 pro
931 5385 1053 5425 mea
1100 5368 1405 5439 vagatione,
1458 5377 1566 5421 tam
1599 5382 1696 5437 pro
1736 5368 1843 5423 tuis
1894 5366 2169 5423 laboribus

601 5476 761 5532 quam
805 5462 969 5516 etiam
1015 5477 1111 5533 pro
1140 5460 1277 5515 meis
1328 5458 1792 5525 tribulationibus,
1843 5466 2167 5528 exspectans

602 5557 819 5625 quando
842 5557 923 5611 sol
950 5558 1157 5611 subeat.
1188 5553 1272 5611 0b
1312 5569 1475 5626 quam
1499 5553 1659 5609 rem?
1691 5551 1777 5609 0b
1808 5553 1933 5615 hoc,
1966 5552 2161 5621 inquit,

602 5660 658 5704 ut
717 5649 955 5719 requiem
1014 5649 1238 5705 habeam
1295 5648 1539 5703 laborum
1616 5661 1679 5702 ac
1758 5643 2163 5701 tribulationum

673 5830 712 5860 “
744 5827 931 5883 Matth.
963 5838 1063 5887 xu,
1097 5822 1185 5877 ιδ.

2280 4642 2572 4703 penetrans
2596 4642 2758 4704 atque
2773 4633 3077 4705 pervolans,
3100 4643 3155 4689 et
3174 4634 3358 4689 omnia
3380 4629 3821 4701 circumspiciens.

2280 4733 2335 4779 et
2366 4724 2566 4794 ubique
2599 4725 2780 4779 omnia
2809 4724 3115 4794 inquirens,
3151 4722 3330 4779 sicubi
3369 4738 3482 4778 sua:
3511 4719 3719 4776 malitia:
3746 4730 3824 4770 ne-

2275 4817 2505 4888 quttiam
2562 4818 2912 4881 requiescere
2965 4817 3150 4872 faciat.
3184 4816 3336 4883 Quod
3394 4826 3574 4870 autem
3624 4812 3693 4866 ita
3738 4808 3821 4871 sit,

2273 4911 2438 4965 etiam
2463 4910 2580 4980 ipse
2598 4908 2859 4964 Dominus
2882 4910 2936 4964 in
2963 4908 3273 4979 Evangeliis
3290 4908 3661 4963 demonstrans
3681 4900 3815 4956 dicit.

2274 5001 2407 5058 Cum
2443 5002 2743 5056 immundus
2797 5000 3013 5070 spiritus
3067 4999 3351 5053 exierit'ab
3399 4997 3606 5051 homine
3651 4990 3817 5047 circuit

2274 5111 2519 5165 ᾳιιωηιιε
2547 5094 2774 5165 requiem
2801 5093 2865 5146 “.
2900 5090 2991 5148 Sic
3023 5092 3206 5162 itaque
3260 5103 3316 5164 et
3358 5092 3479 5146 istic
3524 5086 3711 5143 circuit
3760 5086 3820 5137 de

2274 5187 2461 5242 locoin
2490 5186 2756 5248 locum,et
2776 5184 2841 5239 de
2870 5182 3035 5238 domo
3054 5181 3105 5235 in
3134 5182 3375 5249 domum,
3402 5178 3572 5235 sicubi
3601 5175 3820 5229 subeun-

2278 5286 2385 5331 tem
2420 5274 2657 5330 inveniat
2686 5272 2859 5327 solem
2885 5278 2939 5325 et
2978 5270 3232 5324 tenebras
3263 5278 3318 5324 et
3362 5269 3740 5326 obscuritatem
3770 5271 3821 5315 et

2276 5375 2512 5430 noctem,
2546 5362 2935 5432 impudicitias,
2990 5368 3046 5414 et
3089 5359 3356 5416 adulteria
3399 5369 3453 5415 et
3482 5355 3815 5429 pertinacius,

2274 5465 2335 5513 ut
2365 5457 2473 5512 illic
2497 5455 2839 5526 requiescere
2861 5453 3107 5523 perﬁciat
3127 5451 3434 5507 universam
3455 5464 3608 5505 suam
3636 5444 3819 5515 iniqui-

2274 5559 2461 5616 tatem,
2495 5557 2657 5618 atque
2695 5560 2912 5601 omnem
2958 5544 3198 5600 laborem
3229 5558 3406 5600 suum.
3463 5540 3553 5595 Sic
3602 5548 3817 5605 namque

2274 5642 2569 5714 requiescit
2602 5649 2767 5711 caput
2798 5638 3104 5710 huiusmodi
3137 5646 3197 5693 ut
3223 5636 3363 5693 ultra
3393 5648 3525 5707 opus
3569 5644 3671 5686 non
3722 5625 3806 5680 he-
