3992 6312
216 397 324 451 435

1330 392 1708 449 ANONYMUS
1748 393 1812 446 IN
1853 392 1991 448 JOB.
2018 425 2084 434 ——
2123 391 2250 448 LIB.
2294 391 2356 448 II.

3389 397 3494 450 486

218 512 346 564 beat
399 508 662 565 laborare
711 519 770 563 ut
820 523 917 564 eos
967 509 1212 564 seducat.
1243 507 1533 579 ~Proprios
1580 525 1813 577 namque
1841 514 1888 569 Α
1917 507 2228 562 mutabilem
2273 518 2420 562 tuam
2461 508 2764 576 passionem
2792 517 2847 563 et
2879 517 3064 564 noctes
3101 509 3347 564 dolorum
3376 527 3492 582 perv

217 601 390 656 habet
419 599 568 664 illos,
600 609 655 655 et
679 600 730 654 in
755 599 860 655 illis
883 600 1198 669 requiescit.
1235 599 1380 654 Idem
1413 614 1544 670 ergo
1567 599 1813 654 diabolus

219 705 363 746 sane
395 689 571 744 dixit:
602 689 836 744 Circuivi
859 705 1062 742 omnem
1095 699 1314 755 terram,
1345 699 1394 744 et
1428 690 1708 760 peragraei
1749 706 1811 743 ea

217 798 348 851 qum
381 781 475 834 sub
507 782 635 834 cmlo
666 790 784 834 sunt
808 781 872 836 “.
929 779 1072 834 Idem
1105 779 1223 848 ipse
1248 779 1416 834 etiam
1464 795 1609 835 nunc
1647 781 1808 844 dixit,

219 875 373 941 quod
397 874 461 926 de
483 871 600 926 loco
617 871 670 924 in
693 872 895 935 locum,
917 880 971 925 et
991 873 1059 924 de
1084 870 1247 926 domo
1269 872 1321 926 in
1341 873 1555 927 domum
1575 872 1810 926 circum-

220 965 374 1017 ierit.
439 963 581 1016 Idem
629 963 744 1032 ipse
777 963 943 1016 ctiam
998 961 1178 1017 adhuc
1242 963 1572 1017 circumiens
1615 964 1810 1033 quaerit

225 1055 501 1124 requiem.
536 1055 641 1108 Sed
671 1070 795 1109 cum
825 1054 1134 1109 universam
1165 1054 1426 1108 malitiam
1449 1070 1601 1109 suam
1629 1055 1810 1124 parte.

218 1148 368 1202 cerit
395 1147 668 1213 diabolus,
691 1156 855 1217 atque
899 1162 1116 1202 omnem
1149 1146 1490 1216 iniquitatem
1524 1163 1676 1202 suam
1713 1147 1806 1202 de-

219 1239 636 1302 monstraverit,
671 1237 907 1294 ostendit
939 1239 991 1292 in
1017 1238 1123 1292 ﬁne
1149 1238 1277 1308 quid
1311 1239 1650 1308 cegitaverit,
1673 1240 1804 1309 quid

219 1333 530 1400 quaesierit,
566 1332 763 1402 quidve
804 1331 1035 1401 cupierit
1069 1332 1260 1386 dicens
1291 1351 1303 1384 :
1347 1332 1444 1385 Dic
1465 1333 1678 1403 aliquod
1700 1351 1807 1388 uer-

218 1426 348 1476 bum
386 1426 440 1478 in
482 1424 764 1478 Dominum
808 1435 857 1479 et
894 1424 1175 1479 morere“.
1209 1421 1253 1478 Ο
1285 1425 1544 1494 iniquitas
1571 1437 1626 1480 et
1652 1426 1808 1480 mali-

217 1519 324 1581 tia,
351 1517 567 1573 fallacia
603 1532 820 1588 quoque
855 1533 921 1572 ac
950 1517 1190 1572 versutia
1224 1525 1336 1585 tua,
1367 1517 1603 1581 diabole,
1633 1535 1805 1587 quan-

221 1621 342 1664 tum
378 1610 722 1681 percurristi,
773 1619 826 1665 et
857 1618 1122 1681 quantum
1158 1609 1423 1676 circuisti,
1460 1621 1515 1665 et
1541 1620 1800 1680 quantum

229 1701 346 1756 tuis
399 1701 742 1756 sermonibus
788 1709 952 1771 atque
981 1701 1193 1758 callidis
1242 1702 1605 1759 Iocutionibus
1651 1718 1804 1757 com-

214 1793 416 1859 plexus
444 1809 524 1858 es,
560 1809 684 1848 cum
709 1793 1135 1850 commonefaeis
1168 1811 1292 1849 eum
1325 1794 1592 1861 dolorum,
1622 1795 1804 1865 plaga-

215 1898 367 1947 rum,
398 1883 691 1949 vermium,
732 1883 1101 1951 putredinum,
1151 1884 1385 1938 liliorum
1417 1892 1582 1950 atque
1613 1885 1802 1940 uxoris

212 1974 553 2044 vagationis.
605 1974 674 2027 Et
713 1982 1003 2043 postquam
1035 1989 1132 2044 per
1159 1976 1273 2030 haec
1305 1975 1559 2031 universa
1589 1984 1800 2046 raptum

210 2065 400 2132 .ilum,
421 2075 589 2136 atque
617 2074 738 2135 post
770 2079 831 2121 se
869 2081 1191 2122 conversum
1219 2067 1423 2123 habere
1449 2077 1626 2138 putat,
1680 2080 1802 2137 post

209 2156 336 2210 ιηυε
367 2156 722 2211 nihilominus
748 2157 929 2211 omnia
962 2158 1114 2228 quasi
1150 2160 1383 2227 gratiam
1414 2170 1582 2230 atque
1623 2161 1804 2215 since-

208 2247 448 2302 ritatem
511 2248 586 2302 illi
638 2249 993 2313 demonstret,
1046 2258 1101 2302 et
1150 2257 1404 2319 tanquam
1440 2251 1674 2305 sollicite
1723 2253 1801 2308 illi-

205 2338 512 2392 consilium
541 2337 801 2408 praebeat,
834 2339 911 2393 ait
941 2338 1073 2393 :Dic
1113 2340 1331 2410 aliquod
1363 2343 1572 2396 uerbum
1608 2345 1661 2397 in
1693 2344 1800 2400 Do-

205 2428 420 2481 minum
469 2439 518 2482 et
554 2446 777 2484 morere.
818 2429 1029 2496 Melior,
1056 2430 1251 2501 inquit,
1281 2441 1366 2487 est
1411 2448 1580 2498 mors,
1613 2450 1646 2489 ο
1671 2434 1795 2502 Job,

207 2533 378 2587 quam
409 2520 518 2574 vita
549 2536 763 2586 amara,
789 2529 844 2575 et
880 2522 1098 2590 requies
1126 2533 1332 2578 aeterna
1358 2540 1519 2594 quam
1545 2541 1798 2594 perseve-

210 2627 342 2665 rans
372 2613 675 2669 inﬁrmitas.
703 2615 827 2670 Ideo
841 2618 928 2670 die
957 2618 1171 2688 aliquod
1203 2620 1410 2674 uerbum
1429 2621 1486 2673 in
1512 2621 1794 2676 Dominum

208 2713 256 2755 et
280 2720 510 2770 morere,
535 2715 594 2760 ut
619 2706 835 2761 inanem
855 2709 1020 2763 vitam
1036 2711 1176 2765 hanc
1202 2709 1455 2777 ﬁnias,ut
1483 2712 1595 2767 hac
1608 2728 1792 2767 amara

210 2805 486 2851 tormenta
515 2798 811 2869 relinquas,
846 2811 904 2855 ut
925 2801 996 2857 ab
1027 2801 1147 2858 istis
1171 2803 1666 2858 vehementioribus
1691 2804 1788 2857 do-

210 2884 424 2942 loribus
467 2897 732 2944 transeas.
768 2889 850 2945 0b
875 2891 978 2945 hoc
1010 2905 1141 2961 ergo
1177 2893 1268 2946 dic
1315 2892 1536 2963 aliquod
1567 2894 1791 2950 verbum

209 2976 263 3030 in
296 2977 590 3034 Dominum
618 2990 674 3035 et
723 2995 963 3037 morere.
997 2981 1094 3038 Dic
1117 2983 1336 3054 aliquod
1366 2985 1596 3040 verb-um
1644 2988 1791 3056 quod

207 3071 412 3136 irritet,
435 3073 576 3141 quod
601 3074 914 3139 exacerbet,
944 3075 1090 3145 quod
1114 3085 1421 3146 exasperet.
1453 3077 1549 3132 Dic
1575 3077 1790 3147 aliquod

206 3164 443 3217 verbum
475 3163 529 3218 in
574 3165 884 3219 Dominum.
914 3167 1124 3221 Accusa
1172 3167 1237 3222 de
1265 3167 1550 3236 injustitia,
1596 3171 1788 3225 crimi-

207 3275 367 3323 nare,
399 3260 568 3315 irride
601 3261 668 3316 de
715 3260 939 3327 malitia,
982 3263 1320 3333 reprehendo
1366 3263 1438 3318 de
1489 3265 1786 3334 impietate.

211 3352 312 3405 Dic
340 3351 564 3422 aliquod
592 3351 818 3408 verbum
846 3355 990 3422 quod
1018 3363 1182 3423 neget
1213 3353 1388 3420 illum,
1418 3364 1474 3410 et
1499 3357 1784 3426 providen-

210 3443 346 3497 tiam
368 3445 488 3515 ejus
522 3454 686 3514 atque
721 3447 1112 3511 provisiouem,
1143 3447 1543 3516 prtescientiam
1574 3463 1789 3517 quoque

209 3551 277 3592 ac
313 3540 572 3591 virtutem
596 3548 758 3607 atque
781 3538 1202 3606 magnitudinem
1236 3539 1402 3593 illius.
1435 3539 1524 3594 Sic
1543 3556 1674 3610 ergo
1704 3541 1788 3595 dic

208 3627 434 3697 aliquod
480 3630 700 3683 verbum
747 3629 800 3683 in
847 3627 1132 3684 Dominum
1184 3639 1238 3685 et
1265 3645 1496 3686 morere.
1545 3631 1604 3685 Si
1641 3631 1787 3686 enim

209 3720 419 3789 aliquid
450 3721 758 3791 huiusmodi
789 3721 1016 3784 dixeris,
1051 3721 1310 3776 continuo
1340 3722 1612 3790 morieris,
1657 3738 1788 3777 con-

213 3813 373 3866 tinuo
411 3813 477 3867 de
524 3813 778 3867 omnibus
828 3813 1190 3882 praesentibus
1231 3813 1513 3870 laboribus
1561 3830 1788 3873 securus

213 3911 382 3970 atque
423 3901 634 3956 alienus
682 3901 946 3966 reddaris,
997 3902 1254 3957 continuo
1302 3919 1479 3974 neque
1509 3904 1786 3961 confusio-

216 4009 364 4059 nem,
398 3994 594 4063 inquit,
647 3993 961 4058 sustinebis,
993 4009 1168 4063 neque
1202 3995 1525 4066 improperia
1571 3999 1783 4064 audies,

218 4099 395 4154 neque
440 4085 682 4138 dolorem
739 4083 987 4153 patieris,
1045 4100 1221 4154 neque
1260 4101 1475 4154 pteuam
1531 4086 1783 4151 sniferes.

217 4179 311 4231 sed
353 4185 550 4229 cuncta
603 4175 848 4245 protinus
897 4174 1178 4244 deponens
1238 4176 1379 4230 inter
1427 4189 1670 4234 mortuos
1700 4194 1786 4233 re-

219 4269 484 4338 quiesces.
528 4266 648 4332 Dic,
674 4267 870 4335 inquit,
905 4267 1124 4330 aliquod
1147 4269 1358 4322 uerbum
1390 4269 1442 4322 in
1475 4267 1781 4335 Dominum,

221 4371 267 4414 et
289 4376 504 4414 morere.
533 4358 668 4424 Hoc,
700 4359 896 4429 inquit,
919 4369 1195 4429 exspecto,
1233 4361 1335 4415 hoc
1367 4362 1630 4425 sustineo,
1681 4361 1785 4418 hoc

222 4452 483 4520 desidero,
518 4453 623 4507 hoc
665 4467 870 4522 quam,
906 4460 970 4506 ut
994 4453 1146 4508 dicas
1190 4453 1411 4524 aliquod
1458 4454 1682 4510 verbum
1728 4455 1782 4508 in

1912 613 2079 668 agens
2117 607 2341 668 propter
2373 598 2612 653 animam
2655 609 2800 653 tuam
2835 599 2886 653 in
2918 599 3193 654 doloribus
3223 617 3328 656 non
3366 618 3490 658 suc-

1910 691 2276 746 cumbentem.
2304 690 2422 745 Non
2471 691 2615 746 enim
2671 700 2722 746 te
2771 691 2866 758 ita,
2908 707 2940 744 o
2973 689 3105 756 Job,
3151 693 3238 747 isti
3276 695 3490 750 dolores

1911 780 2185 850 affligunt,
2233 783 2376 838 sicut
2428 798 2514 836 me
2568 792 2655 836 tua
2712 782 3000 836 tolerantia
3065 795 3341 853 pernecat.
3386 786 3490 841 Pro

1912 874 1996 928 bis
2024 890 2158 944 ergo
2180 875 2430 930 omnibus
2461 873 2551 928 dic
2580 873 2798 941 aliquod
2829 875 3053 928 verbum
3088 875 3140 928 in
3178 875 3488 944 Dominum,

1891 977 1962 1019 et
1996 981 2228 1019 morere.
2275 965 2381 1020 Sed
2425 965 2530 1019 tale
2564 965 2788 1020 verbum
2825 966 2932 1029 dic,
2987 975 3046 1018 ut
3077 968 3336 1022 coritinuo
3390 971 3485 1025 tibi

1906 1065 2133 1111 mortem
2169 1068 2448 1127 procuret,
2479 1059 2575 1112 sed
2609 1057 2745 1112 bene
2775 1058 2914 1111 dixit
2947 1059 3291 1127 postmodum
3324 1060 3368 1114 is
3394 1061 3488 1129 qui

1907 1148 1982 1201 ait
2013 1162 2028 1201 :
2064 1151 2214 1218 Aqua
2255 1149 2420 1204 multa
2454 1166 2558 1204 non
2598 1153 2894 1219 exstinguat
2930 1150 3270 1213 charitalem,
3301 1159 3350 1202 et
3383 1151 3488 1218 ﬂu-

1906 1241 2048 1294 mina
2081 1258 2185 1295 non
2235 1243 2568 1296 inundabunt
2601 1259 2739 1297 eam.
2773 1243 2815 1273 ¹¹⁸
2854 1241 3048 1296 Omnia
3090 1243 3233 1297 enim
3265 1241 3488 1298 ﬂumina

1903 1342 1960 1386 et
1982 1334 2162 1388 omnis
2188 1336 2442 1403 impetus,
2470 1343 2524 1388 et
2548 1335 2727 1390 omnis
2758 1334 3039 1388 inundatio
3068 1334 3287 1404 maligni
3325 1345 3489 1403 atque

1904 1424 2107 1478 malitia
2155 1424 2391 1490 diaboli,
2436 1427 2780 1494 exstinguere
2829 1426 2914 1479 vel
2966 1425 3234 1479 inundare
3291 1441 3483 1493 puram

1903 1513 2047 1570 illius
2079 1517 2398 1572 charitatem
2431 1515 2531 1572 Job
2572 1533 2734 1587 quam
2767 1517 2913 1572 circa
2970 1517 3256 1571 Dominum
3313 1517 3484 1572 Deum

1905 1607 2090 1662 habuit
2125 1622 2228 1662 non
2265 1617 2579 1676 potuerunt.
2624 1610 2886 1665 Iudicium
2935 1608 3096 1678 hujus
3141 1608 3216 1662 rei
3264 1624 3325 1664 ea
3363 1625 3486 1678 qua:

1895 1696 2217 1767 jampridem
2263 1700 2408 1755 dicta
2460 1711 2620 1767 sunt,
2673 1711 2728 1757 et
2777 1717 2841 1756 ea
2893 1717 3013 1770 quae
3065 1701 3240 1755 adhuc
3289 1703 3482 1756 subse-

1903 1800 2130 1858 quenter
2166 1791 2536 1859 proferuntur,
2582 1795 2976 1850 demonstrant.
3008 1793 3141 1848 Nam
3193 1813 3314 1852 mox
3359 1794 3484 1851 istic

1833 1861 1875 1916 B
1906 1882 1958 1936 in
2009 1882 2470 1952 subsequentibus
2517 1885 2695 1940 dicit:
2730 1884 2855 1950 Ipse
2905 1903 3023 1940 vero
3078 1891 3360 1956 respiciens
3410 1888 3482 1943 ad

1900 1990 2016 2030 eam
2048 1974 2176 2028 dicit
2202 1990 2220 2027 :
2253 1975 2431 2039 Quare
2452 1986 2508 2028 ut
2539 1993 2644 2029 una
2675 1992 2738 2030 ea:
2769 1978 3133 2044 insipientibus
3172 1980 3482 2034 mulieribus

1899 2067 1974 2120 ita
2009 2066 2184 2120 locuta
2223 2083 2277 2120 es
2315 2067 2399 2122 "7
2434 2067 2549 2136 Ipse
2579 2083 2706 2122 vero
2743 2069 3036 2137 respiciens
3066 2071 3131 2122 ad
3165 2086 3304 2124 eam.
3341 2070 3477 2142 Ipse.

1900 2158 2068 2225 Quis?
2104 2157 2204 2214 Job
2236 2159 2353 2228 ipse
2387 2159 2623 2228 respexit
2647 2174 2767 2214 eam
2809 2161 2898 2230 qui
2935 2170 3060 2214 ante
3091 2164 3156 2215 ad
3193 2163 3358 2216 Deum
3395 2178 3483 2217 rc-

1899 2250 2180 2318 spiciebat,
2226 2250 2319 2320 qui
2359 2251 2593 2319 primum
2652 2251 2937 2306 Dominum
2986 2253 3480 2322 contemplabatur,

1897 2342 1991 2410 qui
2027 2341 2226 2396 dudum
2262 2341 2328 2395 ad
2375 2351 2635 2396 aeternam
2685 2343 3145 2412 incorruptionem
3192 2344 3482 2398 sinceriter

1899 2432 2238 2488 intendebat.
2280 2433 2397 2501 Ipse
2425 2448 2561 2503 ergo
2587 2433 2844 2502 respexit.
2878 2433 2995 2502 Ipse
3035 2433 3125 2488 ille
3163 2434 3479 2499 immobilis,

1897 2523 2322 2589 indeclinabilis,
2394 2523 2858 2590 insubvertibilis,
2898 2525 3317 2580 inseductibilis.
3365 2525 3483 2595 Ipse

1895 2615 1984 2684 qui
2022 2615 2424 2671 circumventus
2451 2631 2555 2670 non
2592 2626 2694 2680 est,
2739 2618 2829 2685 qui
2865 2632 2894 2670 a
2938 2617 3052 2673 Deo
3097 2633 3200 2671 non
3239 2629 3322 2671 est
3357 2619 3482 2675 abs-

1895 2716 2120 2762 tractus.
2171 2707 2290 2777 Ipse
2325 2709 2564 2776 respexit
2595 2709 2663 2762 ad
2703 2723 2843 2765 eam.
2877 2709 2958 2762 Ad
2999 2724 3160 2778 quam
3192 2710 3351 2764 eam?
3396 2710 3481 2764 Ad

1895 2812 2140 2864 uxorem,
2173 2801 2240 2854 ad
2285 2798 2532 2861 insidias,
2581 2801 2648 2853 ad
2700 2799 3090 2868 muscipttlatn,
3141 2802 3207 2854 ad
3251 2801 3481 2857 subver-

1893 2891 2122 2956 sionem,
2168 2892 2235 2945 ad
2285 2891 2518 2948 ruinam.
2568 2891 2706 2946 Nam
2753 2892 2842 2946 illa
2892 2908 3052 2962 quam
3104 2909 3326 2947 uxorem
3357 2909 3480 2950 esse

1892 2982 2196 3051 oportebat,
2227 2992 2284 3038 et
2316 2985 2558 3038 omnium
2613 2985 2882 3039 bonorum
2931 2986 3347 3041 consiliatricem
3394 2995 3480 3040 at-

1892 3087 1999 3142 que
2024 3074 2481 3145 suﬂ‘ragatricem,
2509 3075 2700 3130 eii'ecta
2735 3087 2817 3130 est
2858 3076 2936 3130 illi
2969 3076 3204 3139 insidiae,
3239 3076 3374 3131 retia
3423 3087 3480 3133 et

1893 3163 2042 3220 fraus
2085 3180 2148 3220 ac
2179 3167 2344 3222 totius
2377 3168 2670 3236 impietatis
2718 3169 3058 3223 consiliatrix
3110 3169 3194 3222 vel
3242 3167 3476 3236 fautrix,

1891 3271 2203 3325 quanquam
2233 3256 2416 3325 justus
2460 3256 2562 3313 Job
2611 3259 2756 3314 illam
2804 3276 2909 3314 non
2943 3260 3198 3314 audierit.
3246 3260 3354 3315 Sed
3396 3263 3477 3315 in-

1893 3349 2050 3403 terim
2086 3364 2208 3405 cum
2244 3365 2304 3406 se
2334 3350 2439 3405 ista
2472 3351 2786 3406 ministram
2814 3352 3052 3423 maligno
3077 3351 3278 3416 eIIecit,
3311 3368 3477 3421 quan-

1891 3450 2112 3508 tumque
2151 3441 2220 3495 ad
2250 3441 2424 3512 ipsam
2469 3442 2873 3497 circumvenire
2923 3454 3087 3512 atque
3121 3443 3473 3511 supplantare

1889 3530 2106 3586 beatum
2155 3531 2256 3589 Job
2301 3536 2540 3597 studuit,
2583 3536 2774 3588 merito
2802 3535 2985 3601 justus
3040 3535 3130 3588 ille
3172 3536 3475 3604 respiciens

1888 3624 1954 3677 ad
1983 3638 2131 3688 eam,
2169 3623 2408 3694 primunt
2448 3626 2518 3680 ad
2561 3641 2684 3680 eum
2720 3627 2811 3696 qui
2845 3627 2899 3678 in
2945 3641 3012 3680 ea.
3045 3625 3387 3695 loquebatur,
3425 3628 3477 3682 id

1888 3723 1972 3769 est
2008 3716 2072 3768 ad
2114 3716 2410 3783 diabolum,
2437 3717 2712 3786 respexit:
2740 3716 2972 3786 primum
3007 3716 3286 3772 inimicum
3327 3717 3476 3773 illum

1886 3807 1978 3876 qui
2008 3822 2103 3876 per
2131 3822 2193 3862 os
2221 3807 2338 3876 ejus
2365 3808 2721 3863 insidiabatur
2750 3807 3034 3868 intellexit.
3060 3818 3223 3879 atque
3249 3809 3476 3864 malitia:

1887 3897 2004 3966 ejus
2049 3913 2342 3954 occurrens
2375 3898 2602 3966 restitit,
2647 3908 2701 3954 et
2737 3905 2835 3970 per
2873 3900 3018 3954 illam
3071 3915 3194 3972 qua:
3243 3901 3310 3955 ad
3350 3916 3475 3958 eum

1889 3989 2065 4046 locuta
2097 4000 2181 4047 est
2217 3992 2415 4046 diaboli
2453 3992 2792 4062 iniquitatem
2847 3992 3128 4062 redarguit
3164 4003 3330 4062 atque
3373 3995 3474 4046 de-

1883 4082 2033 4153 jecit.
2060 4082 2212 4150 Quod
2243 4083 2621 4139 demonstrans
2655 4083 2932 4154 Scriptura
2971 4084 3136 4150 dicit;
3195 4085 3309 4153 ipse
3346 4100 3475 4140 vero

1890 4178 2125 4244 respexit
2157 4175 2222 4229 ad
2256 4190 2380 4229 eam
2429 4174 2648 4231 turbido
2684 4184 2907 4245 aspectu
2932 4215 2950 4238 ,
2997 4177 3276 4230 immutata
3311 4175 3470 4242 facie,

1886 4265 2135 4323 frementi
2166 4268 2460 4334 locutione,
2496 4269 2818 4339 perturbato
2849 4269 3018 4324 vultu.
3060 4265 3180 4348 Ipse
3224 4283 3351 4322 vero
3381 4283 3470 4322 re-

1885 4358 2118 4427 spiciens
2162 4359 2228 4413 ad
2269 4375 2386 4415 eam
2432 4374 2556 4415 cum
2602 4360 2682 4414 ira
2713 4375 2777 4415 ac
2813 4357 3020 4426 furore,
3064 4375 3186 4414 cum
3225 4359 3472 4430 indigna-

1888 4449 2031 4504 tione
2083 4461 2246 4520 atque
2302 4459 2640 4520 contemptu.
2693 4450 2965 4521 Cognovit
3032 4467 3269 4520 namque
3324 4453 3469 4522 quod

225 4542 503 4598 Dominum
551 4554 608 4598 et
661 4545 939 4598 moriaris.
975 4541 1056 4599 (Ib
1112 4546 1237 4610 hoc,
1296 4546 1496 4616 inquit,
1548 4546 1782 4616 plurimo
1815 4543 1858 4598 D
1888 4540 2102 4609 maligni
2135 4551 2294 4596 erant
2321 4543 2436 4596 bzec
2461 4543 2778 4607 seminaria,
2807 4543 2934 4610 quia
2970 4541 3241 4596 maledicti
3284 4558 3468 4598 semen

229 4649 461 4706 tempore
490 4636 777 4706 advigilavi
807 4638 926 4702 tibi,
951 4638 1251 4693 observans
1280 4639 1517 4708 atquein
1550 4638 1784 4709 speculis

229 4730 408 4782 sedens
455 4729 672 4796 quando
728 4729 1139 4793 succumberes,
1199 4730 1416 4798 quando
1463 4728 1782 4796 flectereris,

229 4820 436 4888 quando
447 4818 724 4881 deiiceres,
738 4817 956 4885 quando
980 4817 1032 4871 in
1053 4817 1136 4872 bis
1161 4818 1440 4876 doloribus
1457 4817 1783 4888 defatigatus

233 4920 376 4980 atque
403 4911 457 4964 in
491 4910 621 4979 ipsis
652 4910 936 4964 tormentis
961 4910 1268 4966 delassatus
1299 4912 1366 4964 ad
1397 4911 1783 4980 reprehensio-

233 5017 338 5055 nem
355 4999 633 5054 Creatoris
661 4999 978 5066 IIectereris,
996 5011 1160 5071 atque
1179 5002 1229 5055 in
1259 5000 1419 5055 factis
1440 5001 1531 5054 Dei
1551 5001 1616 5054 ad
1640 5000 1787 5056 blas-

234 5091 489 5160 phemiam
523 5101 572 5144 te
594 5102 964 5146 converteres.
1002 5093 1134 5147 Cum
1165 5109 1283 5163 ego,
1306 5092 1501 5162 inquit,
1529 5093 1643 5146 haec
1664 5094 1788 5148 uni-

234 5196 374 5238 versa
404 5181 726 5252 perfeceriui
755 5192 916 5252 atque
948 5186 1276 5254 peregerim,
1310 5198 1476 5237 unum
1507 5183 1639 5236 mibi
1665 5198 1790 5237 ver-

235 5275 342 5330 Itum
359 5273 798 5339 condona,uuum
816 5275 1039 5329 verbum
1057 5290 1140 5328 me
1153 5276 1369 5341 exaudi,
1387 5290 1551 5329 unum
1565 5275 1786 5329 verbum

237 5367 384 5421 dicito
402 5367 453 5420 in
481 5366 790 5429 Dominum,
805 5378 861 5420 et
884 5380 1113 5421 morere.
1134 5365 1286 5432 Quod
1305 5366 1451 5421 enim
1472 5375 1530 5418 tu
1545 5365 1787 5419 dicturus

236 5477 283 5516 es
310 5472 428 5532 post
457 5461 754 5532 paululum,
793 5476 828 5515 o
868 5459 992 5526 Job,
1039 5474 1257 5515 incuses.
1283 5475 1482 5516 vacuos
1516 5470 1570 5516 et
1601 5469 1787 5514 noctes

235 5556 460 5609 dolorum
503 5555 732 5609 sustinui
774 5573 786 5607 :

235 5649 482 5712 sustineo,
527 5660 740 5702 menses
775 5659 974 5699 vacuos
1018 5646 1386 5713 pertransicns
1425 5655 1641 5716 propter
1683 5647 1784 5701 im-

691 5827 731 5858 ¹³
757 5825 852 5882 Job
880 5840 938 5890 It,
964 5824 1016 5879 9.
1098 5826 1139 5858 ⁸⁵
1180 5826 1334 5882 Cant.
1382 5843 1502 5893 vm,
1535 5830 1583 5884 7.

300 5834 337 5881 η
358 5830 453 5886 Job
489 5845 524 5895 I,
556 5829 608 5884 7.

833 5554 972 5617 hoc,
1017 5553 1222 5622 inquit,
1274 5567 1370 5621 ego
1413 5553 1530 5623 jam
1577 5569 1644 5608 ex
1686 5553 1814 5621 hoc,

1669 5829 1708 5859 ”
1750 5827 1849 5885 Job
1895 5845 1927 5882 tt
1956 5871 1968 5893 ,
2024 5829 2107 5885 II).

1891 4632 1992 4686 hoc
2021 4632 2214 4698 fuerat,
2245 4634 2370 4703 quia
2414 4634 2595 4702 injusti
2640 4643 2759 4688 erat
2792 4634 2884 4688 ille
2928 4633 3165 4700 fructus,
3198 4635 3327 4702 quia
3371 4651 3470 4689 ne-

1889 4725 2134 4793 quissimi
2178 4724 2276 4779 fuit
2311 4726 2425 4780 bzec
2457 4725 2770 4779 concitatio.
2814 4725 3018 4780 Idcirco
3064 4725 3359 4795 respiciens
3401 4728 3468 4779 ad

1889 4831 2007 4871 eam
2042 4816 2256 4885 quidem
2312 4818 2584 4884 respexit,
2630 4817 2727 4870 sed
2776 4819 2842 4870 ad
2879 4816 3150 4872 diabolum
3189 4817 3365 4885 dixit,
3401 4819 3470 4872 ad

1891 4909 2159 4963 diabolum
2199 4909 2410 4963 locutus
2446 4917 2549 4962 est.
2590 4906 2721 4972 Cur,
2774 4908 2971 4976 inquit,
3005 4923 3039 4963 o
3079 4907 3315 4974 diabolo,
3366 4909 3466 4962 ini-

1890 5002 2027 5055 mice
2059 5000 2284 5071 iustitiae
2323 5012 2484 5070 atque
2535 5000 2777 5054 omnium
2815 4999 3081 5054 bonorum
3131 4998 3466 5066 adversario,

1889 5108 1987 5148 cur
2033 5107 2368 5163 supervacue
2419 5091 2646 5160 speras?
2714 5106 2812 5146 cur
2855 5090 3018 5145 stulte
3071 5090 3320 5160 cogitas?
3373 5105 3470 5144 cur

1890 5183 2232 5238 bumiliatum
2281 5185 2622 5254 temetipsum
2672 5182 2793 5255 plus
2833 5183 3111 5247 humilius,
3143 5197 3265 5236 cum
3309 5191 3468 5252 putas

1890 5277 2034 5346 quod
2088 5276 2261 5348 Adam
2314 5277 2620 5340 inveneris,
2673 5275 2921 5330 nesciens
2981 5275 3125 5345 quod
3177 5274 3467 5329 adversum

1890 5367 1992 5424 Job
2038 5383 2146 5423 rem
2200 5368 2445 5424 habeas?
2511 5366 2695 5437 Neque
2741 5376 2792 5422 te
2847 5368 2951 5422 hoc
3010 5367 3284 5422 revocavit
3323 5367 3466 5438 quod

1888 5462 2148 5529 prtescius
2197 5460 2438 5516 omnium
2497 5461 2754 5516 Dominus
2821 5460 2958 5514 dixit
3008 5472 3025 5513 :
3081 5456 3204 5513 Non
3256 5467 3334 5511 est
3389 5457 3467 5512 illi

1887 5555 2163 5624 quisquam
2208 5554 2396 5608 similis
2445 5569 2602 5623 super
2651 5564 2846 5606 terram
2887 5551 2983 5606 1“."
3021 5549 3206 5622 Neque
3259 5550 3360 5606 hoc
3417 5559 3468 5604 te

1887 5647 2184 5711 revocavit,
2224 5645 2368 5716 quod
2405 5648 2716 5702 universam
2751 5645 3085 5717 iniquitatem
3132 5654 3278 5699 tuam
3327 5656 3473 5698 nunc

2222 5829 2260 5858 “’
2302 5827 2400 5881 Jub
2443 5844 2496 5892 I,
2549 5826 2601 5881 8.
