3992 6312
605 384 712 440 ιεη

1701 380 2085 440 ANONYMUS
2121 383 2187 437 IN
2225 382 2365 438 JUB.
2406 413 2471 423 —
2510 383 2638 439 LIB.
2678 385 2742 439 Il.
3379 439 3387 451 ,
3730 398 3821 453 £38

606 498 920 558 ostendens.
948 505 1002 551 et
1035 495 1215 553 omnia
1246 494 1384 550 bella
1428 504 1514 550 tua
1546 503 1600 551 et
1641 495 1823 551 omnia
1870 493 2054 566 praelia
2100 503 2188 549 tua
2218 502 2262 559 Α
2294 506 2560 566 potestate
2610 507 2773 567 atque
2820 496 3155 566 operatione.
3203 494 3309 551 Sed
3376 496 3696 568 insipientior
3735 506 3824 561 fuit

608 592 893 647 adversum
936 603 1024 643 me
1065 579 1359 650 suscitans,
1407 587 1669 643 confusus
1716 588 1769 641 in
1808 586 2063 643 omnibus
2104 603 2192 642 re-

2296 590 2398 644 hac
2422 589 2657 645 obscena
2693 588 2781 643 illa
2815 587 3065 660 JEgyptia
3102 589 3379 649 meretrix.
3410 605 3525 658 quae
3559 594 3818 651 maximam

608 697 820 745 versus,
861 681 1193 736 deformatus
1222 681 1273 734 in
1315 680 1572 735 omnibus
1615 679 1897 735 convictus
1937 680 2029 735 es?
2060 678 2193 735 Post
2292 672 2626 751 impietatem
2665 695 2941 750 aggressa,
2984 681 3051 736 ad
3096 682 3461 737 castissimum
3505 682 3645 737 illum
3689 695 3825 756 atque

609 774 697 828 illa
727 774 904 828 omnia
942 774 1084 827 sicut
1114 772 1242 826 olim
1274 771 1441 827 etiam
1494 772 1560 825 ad
1598 772 1770 826 Adam
1795 811 1810 835 ,
1856 772 1928 825 ita
1983 773 2049 825 ad
2103 786 2190 826 me
2284 773 2643 843 justissitnttm
2696 771 2896 843 Joseph
2947 773 3124 829 dicit:
3168 773 3327 827 Mane
3368 790 3561 827 mecum
3601 776 3661 831 ¹⁹.
3714 777 3826 831 Insi-

608 882 833 920 uxorem
868 880 1041 919 meam
1084 864 1303 928 misisti,
1347 879 1571 932 sperans
1618 863 1829 929 infelix,
1872 864 2000 933 quia
2045 865 2188 934 quod

609 959 691 1013 vel
732 958 815 1012 his
846 956 1129 1012 tormentis
1180 972 1289 1011 non
1326 955 1637 1026 perfecisti,
1687 958 1790 1013 hoc
1832 956 2188 1012 nihilominus

606 1051 786 1105 verbis
832 1050 1166 1105 seductionis
1222 1049 1547 1118 perliceres,
1599 1049 1832 1120 teipsum
1887 1050 2184 1113 deludens,

605 1154 768 1215 atque
818 1143 1272 1199 circumveniens.
1322 1142 1442 1196 Eva'
1490 1142 1633 1196 enim
1693 1141 1970 1212 exemplar
2029 1142 2185 1197 inve-

603 1236 769 1299 nisti,
815 1236 909 1290 sed
957 1234 1167 1288 ruinam
1214 1250 1320 1289 non
1372 1235 1659 1299 invenisti,
1700 1235 1795 1291 sed
1831 1234 1883 1288 in
1926 1249 2049 1289 eum
2092 1234 2183 1304 qui

604 1344 657 1381 Ill
695 1337 745 1380 te
787 1328 912 1381 Adae
946 1325 1191 1380 fraudem
1233 1325 1527 1381 ulciscatur
1566 1326 1896 1391 oecurristi,
1945 1326 2040 1381 sed
2084 1327 2183 1380 ad-

602 1436 793 1473 versus
857 1434 978 1474 eum
1045 1418 1386 1473 insurrexisti
1442 1420 1532 1489 qui
1593 1429 1777 1491 typum
1829 1419 1973 1489 gerit
2038 1417 2184 1473 illius

600 1512 691 1582 qui
758 1512 811 1565 in
873 1511 1169 1565 novissimo
1226 1510 1452 1565 veniens
1527 1518 1772 1581 tempore
1840 1510 2184 1565 conculcabit

601 1614 762 1672 caput
809 1614 978 1668 tuum,
1013 1602 1346 1659 comminuet
1376 1604 1631 1658 virtutem
1680 1611 1848 1666 tuam,
1882 1602 2183 1657 confundet

603 1696 974 1750 fortitudinem
1025 1705 1209 1762 tuam,
1253 1694 1556 1749 humiliabit
1605 1694 1949 1750 altitudinem
1993 1704 2176 1761 luant,

601 1798 657 1841 et
694 1787 909 1857 dejiciet
935 1786 1223 1842 elationem
1252 1794 1423 1848 tuam,
1456 1785 1755 1841 vindicabit
1780 1787 1909 1840 Adae
1939 1786 2173 1854 priorem

2291 867 2445 933 piens
2495 865 2595 920 fuit
2630 883 2769 922 uxor
2818 864 3025 929 Tobiae,
3073 880 3191 935 qua:
3240 864 3438 933 injuste
3486 866 3611 919 dicit
3648 870 3707 920 ad
3737 868 3827 922 To-

2290 958 2433 1013 biain
2463 976 2476 1013 :
2512 956 2614 1012 Ubi
2666 966 2789 1012 sunt
2828 957 3056 1027 justitite
3106 968 3212 1011 tute
3246 966 3297 1009 et
3334 956 3660 1027 eleentosyna:
3701 962 3829 1014 tum?

2292 1049 2425 1104 Ecce
2450 1068 2569 1122 qua:
2610 1051 2804 1120 pateris
2849 1050 3089 1103 omnibus
3132 1047 3343 1118 cognita
3378 1059 3493 1101 sunt
3520 1048 3582 1101 “.
3616 1048 3712 1103 Sed
3756 1050 3827 1104 in-

2287 1144 2573 1213 sipientior
2624 1143 2727 1198 hac
2777 1142 2916 1207 fuit,
2954 1141 3081 1212 quia
3127 1151 3183 1195 et
3216 1139 3466 1206 nequior,
3512 1143 3829 1198 exsecrabilis

2289 1236 2375 1291 illa
2407 1246 2462 1291 et
2494 1236 2771 1291 immunda
2820 1247 2985 1306 atque
3028 1234 3306 1289 luxuriosa
3356 1232 3545 1293 Dalila,
3572 1249 3682 1303 qua:
3704 1233 3827 1290 clan-

2286 1329 2409 1384 culo
2451 1330 2717 1384 seducens
2760 1328 2991 1383 Samson
3040 1342 3174 1396 pure
3219 1340 3278 1382 se
3305 1324 3628 1392 diligentem,
3668 1325 3716 1380 in
3745 1326 3828 1379 de-

2289 1423 2548 1476 risiouem
2592 1431 2762 1491 atque
2793 1422 2845 1475 in
2877 1430 3105 1475 mortem
3145 1418 3513 1485 imparcenter
3547 1417 3747 1472 tradidit
3768 1419 3823 1474 “.

2284 1511 2418 1566 Alia:
2449 1513 2706 1568 nimirum
2742 1514 3042 1569 innumerae
3080 1529 3144 1569 ex
3176 1511 3466 1581 Scriptura
3507 1510 3699 1566 ostendi
3724 1526 3831 1580 pos-

2283 1616 2411 1659 sunt
2464 1604 2779 1675 insipientes
2831 1605 3112 1670 mulieres,
3152 1618 3293 1674 quas
3338 1617 3525 1657 omnes
3560 1616 3688 1657 nunc
3724 1604 3830 1658 istic

2283 1710 2391 1750 uno
2432 1697 2597 1751 verbo
2633 1697 3002 1768 perstringens
3045 1694 3146 1751 Job
3185 1694 3364 1750 dicit:
3398 1693 3567 1759 Quare
3605 1705 3829 1763 tanquam

2283 1804 2389 1840 una
2416 1803 2481 1841 ea:
2525 1787 2894 1858 insipientibus
2932 1788 3241 1841 mulieribus
3282 1786 3461 1840 locuta
3492 1788 3579 1840 es?
3615 1785 3679 1840 Ex
3713 1787 3829 1841 insi-

602 1854 1093 1949 snpplantationem
1145 1878 1271 1932 vitae
1318 1876 1463 1932 illius
1512 1878 1728 1932 ruinam
1770 1877 2081 1943 excitando,
2126 1887 2183 1933 et
2211 1854 2254 1910 Β
2286 1880 2595 1949 pientibus,
2632 1854 2857 1949 inquit,
2915 1878 3247 1944 inutilibus,
3313 1878 3529 1940 stultis,
3576 1877 3827 1948 imperitis,

603 1980 749 2024 tuam
786 1970 1070 2024 elationem
1124 1969 1447 2039 dejiciendo.
1497 1967 1622 2023 Haec
1668 1969 1851 2038 itaque
1903 1970 2178 2035 universa,

600 2074 764 2133 atque
793 2063 896 2118 alia
940 2063 1026 2118 his
1069 2061 1218 2132 plura
1267 2062 1333 2116 ad
1368 2074 1653 2131 personam
1700 2062 1907 2129 uxoris,
1953 2062 2019 2117 ad
2066 2061 2183 2116 dia-

599 2157 781 2212 bolum
821 2154 970 2209 illum
1003 2154 1213 2209 locutus
1243 2162 1347 2220 est,
1389 2154 1676 2223 increpans
1713 2153 1865 2209 illum
1896 2163 2059 2225 atque
2094 2156 2184 2212 de'

601 2248 859 2302 formans.
889 2246 1023 2301 Nam
1070 2248 1214 2302 sicut
1261 2245 1508 2301 diabolus
1549 2261 1646 2315 per
1674 2261 1900 2301 uxorem
1933 2262 2056 2302 eum
2103 2262 2183 2303 se-

600 2341 781 2403 duxit,
829 2339 900 2393 ita
949 2340 1114 2394 etiam
1151 2338 1267 2408 ipse
1318 2352 1416 2407 per
1466 2352 1586 2392 eam
1637 2338 1853 2392 demum
1907 2337 2180 2395 diabolum

599 2431 920 2486 deformavit
946 2442 1109 2500 atque
1136 2430 1433 2498 redarguit.
1464 2428 1571 2484 Sed
1602 2438 1784 2485 tamen
1811 2439 1865 2484 et
1901 2433 1970 2486 ad
2005 2431 2180 2501 ipsam

598 2539 825 2578 uxorem
856 2522 1035 2578 dixit:
1069 2521 1246 2589 Quare
1270 2524 1404 2576 sicut
1440 2537 1539 2574 una
1573 2536 1635 2575 ea:
1675 2521 2039 2591 insipientibus
2071 2538 2183 2576 mu-

598 2615 814 2671 lieribus
876 2616 953 2670 ita
1018 2615 1195 2668 locuta
1246 2616 1350 2670 es?
1401 2613 1545 2677 Cur,
1619 2613 1792 2683 inquit
1813 2614 1844 2683 ,Ι
1892 2615 2179 2669 maximam

598 2709 966 2778 insipientiam
1021 2706 1296 2775 arripuistl
1342 2715 1507 2775 atque
1542 2719 1795 2775 aggressa
1845 2705 1944 2760 es?
1973 2720 2072 2761 cur
2101 2716 2181 2761 le-

600 2800 771 2871 ipsani
809 2816 905 2853 vas
941 2798 1138 2854 diaboli
1176 2796 1437 2852 effecisti?
1492 2812 1590 2851 cur
1622 2796 1850 2866 teipsam
1892 2797 2184 2853 habitatio-

599 2909 724 2948 nem
772 2892 989 2963 maligni
1026 2890 1383 2962 praaparasti?
1413 2905 1509 2944 cur
1548 2889 1797 2945 diabolus
1842 2889 2055 2946 locutus
2098 2901 2183 2947 est

597 3001 696 3057 per
749 3000 812 3040 os
868 2995 1062 3049 tuum,
1117 2982 1393 3039 infatuans
1449 2982 1681 3052 primum
1738 2990 1973 3037 mentem
2034 2990 2180 3036 tuam

598 3089 763 3148 atque
810 3077 1004 3131 anima:
1041 3083 1145 3131 tuae
1180 3074 1559 3131 intellectum?
1610 3072 1781 3128 Tanta
1832 3074 1993 3144 digna
2035 3088 2181 3139 eras,

597 3185 632 3225 o
671 3168 886 3234 mulier,
928 3166 1311 3223 maledictione
1349 3181 1412 3221 ac
1454 3165 1816 3231 devotatione,
1865 3167 1941 3222 ita
1969 3182 2182 3237 quoque

596 3262 760 3332 atque
814 3261 1181 3331 indignatione
1231 3258 1315 3315 vel
1369 3259 1752 3325 deformitate,
1809 3268 2068 3329 quantam
2122 3269 2180 3313 ut

597 3354 767 3409 Deum
796 3354 1233 3422 blasphemarem
1263 3365 1329 3406 ac
1359 3350 1841 3421 reprehenderem.
1887 3360 2051 3417 atque
2078 3350 2180 3407 cri-

596 3447 837 3501 minarer
884 3445 1019 3500 mihi
1061 3443 1306 3510 suasisti,
1337 3454 1393 3497 et
1433 3458 1531 3511 per
1576 3443 1747 3514 ipsam
1784 3442 2177 3513 blasphemiam

594 3548 823 3594 niortem
857 3553 1022 3606 super
1061 3552 1148 3591 me
1178 3536 1435 3591 inducere
1458 3551 1678 3607 operam
1708 3534 1904 3591 dedisti
1935 3555 1947 3590 :
1981 3536 2177 3604 quibus

593 3646 696 3686 nec
726 3630 1020 3701 quidquam
1045 3638 1129 3684 est
1162 3628 1480 3683 sceleratius
1507 3642 1572 3682 ac
1597 3628 1897 3698 nequitias,
1933 3627 2178 3683 illicitius

594 3739 809 3793 quoque
852 3733 1015 3793 atque
1073 3719 1493 3790 imprudentius,
1523 3718 1574 3774 id
1601 3729 1680 3773 est
1712 3720 1803 3774 Dei
1837 3720 2175 3789 blasphemia

592 3827 651 3871 et
682 3827 856 3870 morte
898 3824 1218 3882 spontanea.
1254 3811 1432 3877 Quare
1466 3822 1520 3865 ut
1562 3828 1668 3866 una
1709 3828 1775 3866 ea:
1811 3813 2175 3881 insipientibus

595 3906 905 3960 mulieribus
933 3908 1010 3959 ita
1035 3905 1212 3959 locuta
1260 3905 1354 3958 es?
1394 3904 1606 3971 Quare,
1653 3904 1868 3975 inquit,
1918 3920 2029 3959 non
2059 3920 2175 3961 me-

597 3998 799 4053 lniuisti
834 4013 968 4051 meae
1017 3996 1298 4059 doetrinm,
1343 4010 1376 4051 ο
1408 3995 1640 4052 mulier?
1678 3996 1860 4064 Quare
1905 3997 2070 4053 oblita
2114 4013 2175 4054 es

596 4104 716 4143 mea
761 4090 1034 4152 mandata,
1060 4102 1094 4143 ο
1124 4087 1360 4142 femina?
1403 4086 1639 4144 Hoecine
1684 4089 1881 4145 audisti
1911 4106 1942 4145 a
1983 4105 2071 4147 me
2116 4099 2177 4146 ut

590 4180 828 4237 Creator
872 4180 1312 4250 blasphemetur?
1363 4178 1600 4236 Haecine
1654 4181 1851 4237 audisti
1898 4197 1928 4237 a
1981 4198 2069 4238 me
2116 4191 2174 4238 ut

599 4277 739 4331 Deus
785 4272 1141 4329 criminetur?
1184 4270 1382 4327 Vocem
1421 4280 1599 4339 tuam,
1635 4274 1845 4342 inquit,
1882 4289 2169 4345 cognosco,

594 4382 631 4423 o
668 4366 887 4433 mulier,
919 4367 1059 4421 sicut
1086 4374 1139 4421 et
1177 4364 1305 4420 olim
1339 4364 1490 4421 Isaac
1545 4365 1733 4431 Jacob,
1775 4367 1870 4421 sed
1904 4368 2175 4424 seductio-

597 4476 722 4515 nem
767 4470 912 4513 tuam
958 4473 1066 4513 non
1097 4473 1390 4530 cognosco,
1436 4468 1492 4514 et
1520 4459 1820 4514 doctrinam
1866 4468 2012 4514 tuam
2064 4475 2170 4515 non

2284 1971 2767 2038 irrationabilibus,
2800 1971 2982 2042 impiis
3013 1982 3176 2041 atque
3213 1970 3458 2041 injustis.
3488 1970 3611 2035 Cur,
3649 1971 3827 2041 inquit,

2285 2073 2544 2134 tanquam
2594 2078 2703 2119 una
2755 2079 2823 2118 ex
2876 2063 3266 2132 insipientibus
3330 2060 3630 2130 huiusmodi
3677 2062 3831 2117 locuta

2281 2156 2380 2211 es?
2412 2156 2517 2211 Sed
2560 2156 2688 2225 quia
2737 2170 2841 2209 non
2879 2155 3008 2210 dicit
3043 2163 3314 2225 tanquam
3349 2154 3593 2225 quaedam
3625 2168 3685 2207 ex
3721 2153 3835 2209 insi-

2281 2250 2554 2319 pientibus
2598 2247 2936 2313 mulieribus,
2980 2249 3074 2303 sed
3123 2257 3393 2318 tanquam
3435 2260 3560 2312 una,
3589 2254 3832 2315 propterea

2282 2341 2632 2410 quaerendum
2663 2351 2771 2405 est,
2800 2356 2923 2411 quae
2952 2339 3037 2396 vel
3075 2339 3254 2411 qualis
3317 2340 3387 2394 sit
3437 2339 3549 2393 haec
3593 2352 3688 2391 una
3722 2337 3831 2391 insi-

2282 2434 2454 2504 piens.
2496 2431 2721 2503 Oportet
2761 2432 2907 2488 enim
2956 2445 3079 2487 esse
3126 2431 3285 2486 illam
3339 2427 3678 2499 singulariter
3721 2426 3833 2482 insi-

2282 2527 2540 2597 pientem,
2576 2537 2633 2579 et
2665 2540 2830 2595 super
2868 2540 3080 2588 omnes,
3120 2533 3296 2594 atque
3326 2522 3449 2593 plus
3476 2521 3734 2585 omnibus,
3760 2528 3830 2573 ut-

2284 2627 2407 2687 pote
2448 2618 2659 2673 caeteris
2706 2617 2959 2672 omnibus
3010 2614 3344 2671 mulieribus
3379 2613 3705 2684 insipientior
3735 2612 3831 2666 δέκα

2282 2709 2393 2764 sola
2453 2719 2676 2764 ostensa
2738 2719 2900 2778 atque
2941 2708 3346 2763 demonstrata.
3393 2705 3521 2770 Ouze
3563 2714 3644 2759 est
3700 2700 3832 2756 luet-.1

2282 2799 2394 2856 Eva
2423 2802 2597 2873 prima
2643 2799 2840 2856 mulier
2868 2801 3043 2869 prima
3076 2800 3128 2853 in
3168 2799 3516 2868 insipientia,
3545 2796 3757 2851 maxima
3786 2793 3829 2847 in

2283 2892 2772 2960 lrrationabilitate,
2801 2894 2957 2963 inops
2987 2907 3150 2948 sensu
3183 2901 3360 2963 atque
3393 2890 3633 2951 scientia,
3667 2900 3831 2943 exsors

2264 2990 2583 3060 prudentiae
2614 2999 2670 3044 et
2710 2988 3045 3054 intellectus,
3089 3002 3209 3058 quae
3259 2987 3557 3042 maximam
3604 2983 3831 3053 insipien—

2285 3082 2413 3136 tiam
2447 3081 2540 3135 toti
2573 3081 2771 3135 mundo
2802 3080 3035 3144 invexit,
3065 3094 3185 3150 quae
3213 3079 3547 3149 singularem
3582 3076 3834 3131 irrationa-

2208 3200 2251 3257 ο
2285 3172 2545 3228 bilitatem
2585 3174 2829 3227 omnium
2880 3171 3185 3226 mortalium
3231 3172 3441 3227 saeculo
3472 3170 3700 3235 induxit,
3737 3176 3831 3221 tum

2282 3276 2501 3336 peccata
2531 3275 2696 3336 atque
2734 3276 2939 3321 mortes
2981 3280 3199 3335 semper
3227 3280 3331 3335 per
3361 3262 3756 3320 inobedienliam
3787 3260 3831 3313 in

2280 3358 2482 3413 mundo
2513 3358 2791 3429 produxit.
2823 3356 2991 3426 Hujus
3019 3372 3162 3411 nunc
3190 3356 3479 3411 evidenter
3508 3369 3701 3410 memor
3724 3349 3829 3416 Job,

2278 3462 2335 3508 et
2362 3453 2429 3508 de
2455 3454 2555 3508 hac
2580 3452 2733 3508 uxori
2762 3465 3194 3507 commemorans
3222 3451 3365 3505 dixit
3398 3451 3467 3505 ad
3498 3465 3610 3503 eam
3637 3466 3648 3500 :
3680 3445 3833 3511 Qum

2279 3555 2527 3611 tanquam
2561 3562 2665 3599 una
2694 3560 2760 3599 ea:
2786 3543 3149 3614 insipientibus
3189 3541 3505 3597 mulieribus
3537 3539 3704 3594 locuta
3748 3535 3830 3590 es!

2280 3636 2347 3691 Et
2376 3652 2482 3691 non
2514 3638 2610 3702 ita,
2635 3638 2727 3692 sed
2759 3637 2880 3708 plus
2906 3651 2973 3691 ac
3000 3635 3240 3690 deterius
3261 3642 3432 3704 atque
3460 3632 3686 3704 gravius.
3715 3625 3829 3681 Nam

2278 3740 2575 3783 memorata
2608 3728 2719 3783 Eva
2756 3745 2880 3785 cum
2932 3729 3094 3795 olim,
3142 3726 3356 3797 inquit,
3407 3726 3459 3780 in
3497 3722 3746 3795 principio
3774 3718 3831 3773 ad

2276 3820 2447 3877 Adam
2489 3821 2666 3879 locuta
2702 3832 2869 3887 esset,
2902 3830 2956 3877 et
2986 3821 3297 3876 mandatum
3347 3818 3442 3873 Dei
3482 3814 3833 3883 derelinquere

2275 3928 2397 3967 eum
2439 3914 2660 3969 doceret
2702 3923 2866 3984 atque
2898 3913 3220 3978 seduceret,
3256 3908 3627 3981 persuasionis
3664 3918 3832 3968 causa,

2275 4004 2405 4077 ligni
2464 4006 2698 4075 speciem
2751 4015 2808 4062 et
2860 4006 3071 4061 fructus
3123 4003 3467 4059 dulcedinem
3520 3998 3719 4072 protulit
3766 3994 3832 4051 illi

2275 4109 2438 4168 atque
2468 4098 2724 4152 ostendit.
2757 4097 2836 4151 Tu
2882 4112 3041 4162 vero,
3074 4111 3108 4151 o
3153 4095 3375 4161 mulier,
3423 4094 3557 4150 foris
3599 4092 3664 4147 ab
3701 4084 3834 4144 omni

2274 4188 2579 4254 occasione,
2624 4190 2833 4242 detecta
2879 4186 3181 4257 impietate,
3232 4185 3405 4240 Deum
3454 4194 3693 4240 sanctum
3734 4176 3835 4232 bla-

2277 4282 2565 4351 sphemare
2591 4290 2643 4334 et
2683 4280 2813 4334 mihi
2854 4280 2953 4349 ipsi
3002 4287 3232 4334 mortem
3266 4277 3475 4332 inferre
3490 4278 3664 4338 doces,
3692 4281 3834 4337 atque

2275 4382 2400 4428 ante
2430 4384 2617 4427 omnes
2646 4372 2837 4425 merito
2863 4371 3023 4442 digne
3052 4383 3084 4423 a
3114 4384 3199 4424 me
3229 4370 3391 4424 audis
3420 4388 3432 4422 :
3468 4367 3577 4423 Cur
3610 4374 3834 4432 tanquam

2276 4482 2382 4519 una
2425 4479 2490 4519 ea:
2528 4462 2891 4531 insipientibus
2935 4460 3248 4515 mulieribus
3279 4460 3461 4515 locuta
3491 4458 3586 4514 es?
3622 4456 3726 4521 Tu,
3759 4451 3831 4505 in-

597 4552 857 4620 snscipio.
887 4551 1093 4621 Agnovi
1140 4552 1283 4605 enim
1314 4554 1460 4621 quod
1506 4550 1823 4620 nequissimi
1876 4551 2172 4607 adversarii
2207 4546 2250 4600 Ι)
2276 4556 2416 4624 quit,
2445 4569 2478 4609 ο
2504 4554 2720 4621 mulier,
2750 4552 2891 4609 facta
2922 4566 2983 4607 es
3010 4551 3250 4608 deterior
3280 4551 3396 4606 Eva
3434 4552 3486 4605 in
3524 4543 3830 4617 insipientia.

598 4644 761 4699 letale
793 4659 1062 4699 venenum
1091 4653 1195 4699 est.
1224 4643 1401 4709 Quare
1425 4645 1559 4698 sicut
1583 4659 1687 4697 una
1714 4658 1781 4697 ea:
1807 4644 2175 4714 insipientibus

596 4736 908 4790 mulieribus
963 4736 1039 4789 ita
1072 4734 1247 4789 locuta
1277 4736 1370 4791 es?
1396 4737 1441 4789 Α
1469 4751 1576 4806 quo
1620 4750 1839 4791 sensum
1872 4746 1929 4791 et
1962 4738 2177 4806 sapien-

598 4830 728 4884 tiam
775 4827 1067 4897 accepisti,
1116 4828 1260 4883 hunc
1296 4828 1575 4883 criminari
1630 4844 1735 4883 non
1787 4829 2097 4898 perpecisti.
2128 4828 2169 4882 A

598 4936 707 4992 quo
760 4921 1104 4991 prudentiam
1164 4929 1220 4975 et
1284 4920 1612 4977 intellectum
1680 4921 1971 4991 accepisti,
2033 4909 2183 4975 hune

598 5015 977 5084 blasphemare
1023 5029 1128 5069 non
1178 5013 1429 5069 timuisti.
1482 5014 1591 5069 Cur
1637 5025 1891 5084 tanquam
1952 5032 2058 5068 una
2111 5028 2175 5067 ea:

595 5108 963 5177 insipientibus
991 5105 1297 5159 mulieribus
1322 5104 1501 5159 locuta
1540 5105 1636 5161 es?
1668 5105 1944 5170 Plurimae,
1978 5106 2171 5176 inquit,

599 5214 633 5253 ο
664 5200 879 5263 mulier,
915 5213 945 5253 a
983 5198 1520 5265 samum-insipientes
1547 5199 1910 5254 ostenduntur
1938 5197 2171 5262 feminae,

597 5298 655 5345 et
685 5291 983 5346 innumerae
1011 5293 1081 5347 ab
1111 5291 1267 5346 initio
1302 5290 1705 5346 irrationabiles
1732 5291 2175 5346 demonstrantur

2280 4648 2373 4701 sed
2395 4660 2516 4716 ego,
2555 4646 2653 4711 ait,
2682 4659 2787 4699 non
2813 4643 3036 4699 effectus
3065 4657 3185 4697 sum
3213 4651 3274 4697 ut
3302 4641 3478 4696 Adam
3513 4639 3564 4695 in
3601 4632 3828 4693 stultitia.

2279 4737 2572 4808 Propterea
2604 4736 2711 4791 tuis
2739 4735 3149 4791 seductionibus
3187 4749 3293 4789 non
3318 4732 3540 4795 obedio,
3570 4736 3829 4800 propterea

2280 4846 2385 4885 non
2438 4830 2669 4883 seducor
2717 4829 2787 4883 ab
2839 4843 2902 4883 eo
2939 4828 3031 4898 qui
3083 4827 3136 4881 in
3190 4833 3247 4881 te
3293 4826 3536 4895 loquitur
3583 4816 3828 4877 diabolus.

2280 4925 2457 4987 Quare
2486 4931 2738 4991 tanquam
2778 4937 2885 4975 una
2922 4936 2988 4974 ea:
3034 4919 3403 4989 insipientibus
3433 4914 3730 4969 mulieribus
3760 4908 3829 4959 lo-

2277 5023 2401 5068 cuta
2428 5014 2525 5068 es?
2553 5012 2786 5068 Fortiori
2828 5012 3014 5083 praalio
3040 5010 3150 5080 jam
3180 5010 3448 5073 confecto,
3500 4998 3830 5076 periculosio-

2279 5107 2432 5161 ribus
2471 5106 2752 5161 doloribus
2779 5106 2891 5175 jam
2922 5103 3291 5174 supportatis,
3336 5098 3694 5155 amarioribus
3732 5102 3826 5147 tor-

2281 5199 2477 5253 mentis
2501 5198 2613 5269 jam
2646 5197 2921 5267 bajulatis,
2950 5196 3177 5251 terribili
3218 5194 3403 5265 pelago
3428 5194 3539 5261 jam
3569 5193 3825 5258 superato.

2275 5291 2771 5346 vehementioribus
2816 5290 3074 5359 periculis
3113 5289 3226 5359 jam
3269 5281 3682 5343 consummatis,
3715 5290 3825 5329 cum

600 5381 881 5450 mulieres,
920 5383 1040 5439 aliae
1074 5384 1294 5449 minus,
1339 5382 1459 5438 alia:
1493 5391 1674 5439 autem
1722 5384 1877 5453 plus,
1928 5384 2170 5453 quaedam
2271 5382 2385 5451 jam
2434 5382 2624 5438 salutis
2660 5396 2782 5452 spes
2815 5385 2992 5452 palam
3027 5382 3129 5446 sit,
3176 5396 3297 5435 cum
3341 5378 3450 5447 jam
3488 5364 3828 5429 itnmarcesci-

598 5475 911 5540 carnaliter,
942 5477 1191 5544 quasdam
1240 5485 1419 5532 autem
1471 5475 1849 5546 spiritualiter.
1897 5475 2169 5546 [nsipiens

600 5568 698 5622 fuit
726 5566 931 5624 Rachel
954 5570 1171 5640 quando
1198 5570 1327 5625 dicit
1354 5569 1421 5624 ad
1443 5565 1609 5624 Iacob
1633 5585 1647 5623 :
1677 5566 1759 5623 Da
1789 5566 1914 5621 mihi
1942 5567 2080 5635 filios
2100 5566 2166 5620 ι’.

598 5658 712 5716 Νοιι
742 5661 885 5715 enim
919 5661 975 5716 in
1013 5671 1278 5732 potestate
1317 5658 1489 5717 Iacob
1518 5670 1643 5716 erat
1688 5660 1811 5726 hoc,
1843 5660 1936 5717 sed
1981 5659 2034 5713 in
2071 5658 2166 5715 Dei

670 5818 788 5863 "-"
825 5818 960 5874 Gen.
989 5834 1117 5887 xxx,
1146 5818 1197 5872 ι.

1277 5819 1318 5853 ¹⁹
1357 5817 1495 5876 Gen.
1531 5832 1720 5882 xxxix,
1764 5817 1817 5871 7.
1894 5816 1939 5849 “
1980 5814 2114 5874 Tob.
2146 5834 2219 5887 ιι,
2261 5817 2352 5873 29..

2277 5475 2409 5531 biles
2435 5489 2649 5531 coronae
2677 5474 2962 5529 evidenter
2995 5473 3372 5535 ostendantur,
3407 5481 3549 5523 nunc
3578 5479 3659 5517 me
3690 5471 3826 5514 com-

2276 5568 2459 5638 pellis,
2496 5582 2529 5622 o
2565 5566 2779 5632 mulier,
2832 5566 2999 5621 Deum
3048 5565 3422 5635 blasphemare
3462 5569 3518 5613 et
3554 5553 3728 5610 mori:
3772 5555 3826 5599 υι

2276 5669 2396 5730 post
2422 5674 2486 5715 ea
2509 5659 2689 5714 omnia
2718 5658 3058 5715 amarissima
3086 5673 3151 5715 ac
3183 5652 3537 5717 miserabilia,
3562 5658 3717 5716 atque
3748 5641 3821 5694 Ιει-

2448 5818 2489 5848 ¹¹
2528 5817 2699 5872 Jndic.
2732 5832 2840 5879 va,
2880 5815 3068 5872 17-21.
