3992 6312
191 387 284 442 ιιιει

1285 382 1661 439 ANONYMUS
1700 382 1766 438 IN
1804 381 1940 438 JOB.
1980 414 2047 424 —
2084 381 2210 435 LIB.
2253 382 2316 438 Il.

3296 391 3399 446 ιειο

192 505 490 567 mentabilia
536 506 793 577 supplicia
832 521 948 576 quae
998 507 1263 570 sustinui,
1291 507 1618 561 beatissimis
1647 522 1734 562 re-
1762 514 1812 572 Α
1840 506 2011 575 Super
2041 506 2153 560 haec
2190 512 2372 559 autem
2422 506 2604 560 omnia
2654 522 2828 577 neque
2861 507 2965 565 hoc
3004 510 3394 574 considerasti,

188 600 641 655 muneratiouibus
693 609 810 668 post
862 602 971 654 haec
1011 599 1221 653 alii-nus
1268 600 1496 662 elﬁciar,
1524 608 1578 652 et
1624 614 1728 653 non

186 692 340 747 solum
374 691 496 756 hoc,
542 692 636 745 sed
677 699 731 745 et
772 699 889 759 post
920 698 1147 743 mortem
1188 689 1508 743 terribilium
1546 703 1732 759 paena-

183 799 287 838 rum
324 782 467 852 apud
507 782 708 837 inferos
741 791 999 850 perpetuo
1033 782 1205 835 haeres
1250 783 1373 844 sim,
1406 791 1594 850 utpote
1638 782 1728 850 qui

181 875 387 945 indigne
432 882 592 943 atque
640 873 831 942 injuste
878 882 1126 930 sanctum
1160 874 1326 927 Deum
1380 873 1726 942 blasphema-

177 966 357 1020 verim.
393 964 517 1020 Post
546 965 657 1018 hanc
689 965 964 1025 universa,
994 978 1026 1017 ο
1058 963 1272 1025 mulier,
1310 962 1635 1018 maledicere
1663 978 1727 1019 ac

176 1072 364 1127 negare
394 1065 553 1126 atque
590 1056 963 1124 blasphemare
998 1068 1082 1106 me
1112 1053 1276 1106 Deum
1308 1053 1619 1123 compellis?
1647 1052 1727 1110 Ob

171 1165 315 1221 quam
346 1148 504 1202 rem?
537 1146 726 1201 Dicito.
756 1147 836 1202 0b
869 1146 992 1210 hoc,
1038 1145 1233 1213 inquit,
1263 1153 1321 1198 ut
1364 1145 1631 1209 moriaris,
1668 1156 1726 1200 ut

170 1242 294 1298 mala
330 1254 458 1309 qua:
500 1248 551 1293 te
600 1251 736 1291 nunc
791 1236 1299 1296 circumdederunt,
1355 1236 1721 1307 derelinquas.

168 1332 313 1387 Bene.
339 1331 488 1383 Audi
523 1330 733 1383 iterum.
776 1329 941 1382 Porro
975 1328 1021 1382 si
1055 1343 1157 1382 non
1191 1327 1454 1396 placuerit
1485 1328 1593 1382 Deo
1626 1330 1720 1399 qui

165 1424 309 1480 habet
344 1424 480 1479 vitae
513 1438 575 1476 ac
611 1422 801 1474 mortis
850 1428 1192 1489 potestatem,
1224 1428 1281 1472 ut
1318 1428 1599 1488 postquam
1640 1435 1723 1474 re-

163 1530 423 1587 negavero
458 1514 603 1568 illum
631 1528 694 1566 ac
726 1512 1057 1566 maledixero
1082 1520 1244 1579 atque
1279 1511 1722 1579 blasphemavero

164 1608 409 1660 continuo
449 1606 667 1667 moriar,
715 1605 807 1658 sed
856 1604 1017 1658 etiam
1075 1603 1164 1658 hic
1216 1604 1268 1657 in
1319 1604 1437 1659 istis
1490 1604 1722 1660 terrenis

166 1697 430 1753 doloribus
460 1697 662 1751 diutius
705 1693 936 1764 allligat,
980 1704 1161 1765 utpote
1212 1710 1367 1748 suum
1422 1705 1719 1765 apostatam

165 1799 209 1845 et
250 1789 357 1844 illis
410 1790 627 1843 mlernis
678 1788 853 1857 poenis
888 1786 1085 1849 tradat,
1130 1796 1315 1856 utpote
1363 1802 1420 1841 se
1466 1788 1717 1856 blasphe-

1834 614 1900 651 ne
1949 596 2085 651 forte
2116 604 2237 666 post
2276 596 2668 666 blasphemiam
2716 600 2762 654 si
2808 600 2887 655 sic
2938 600 3397 672 blaspliemaverio

1832 704 1971 755 mus,
1998 690 2265 744 deteriora
2306 690 2416 756 pati
2449 690 2792 759 incipiamus.
2819 690 2994 756 Quare
3018 702 3263 764 tanquam
3288 712 3395 751 una

1829 795 1893 833 ea:
1920 780 2280 849 insipientibus
2310 781 2613 835 mulieribus
2642 781 2823 859 locuta
2846 785 2942 838 es?
2970 785 3083 854 Ego
3115 789 3312 855 patior,
3340 798 3397 842 et

1828 882 1882 927 tu
1927 887 2012 925 me
2058 870 2434 942 blasphemare
2477 874 2778 943 compellis.
2826 876 2936 947 Ego
2974 876 3200 948 allligor,
3237 890 3292 934 et
3337 888 3392 935 tu

1829 974 1887 1019 ut
1921 974 2146 1020 mortem
2199 973 2372 1035 petam
2412 980 2498 1021 me
2532 970 2698 1037 cogis.
2727 969 2837 1037 Ego
2871 969 3006 1025 tales
3033 971 3244 1027 dolores
3272 988 3395 1029 sus~

1827 1056 2001 1120 tineo,
2052 1064 2105 1109 et
2174 1064 2231 1109 tu
2305 1071 2390 1111 me
2437 1070 2613 1111 meum
2663 1059 2972 1129 Creatorem
3024 1063 3393 1132 blasphemare

1825 1146 2011 1213 doces,
2040 1156 2098 1201 ut
2128 1148 2265 1202 mala
2307 1149 2483 1213 malis,
2512 1160 2672 1219 atque
2700 1152 2915 1209 dolores
2948 1154 3227 1210 doloribus
3256 1158 3389 1212 meis

1826 1237 2069 1304 adjicias,
2096 1253 2129 1294 ο
2153 1240 2372 1307 mulier,
2405 1240 2489 1295 vel
2539 1244 2717 1311 potius
2747 1244 2793 1299 is
2837 1246 2924 1314 qui
2976 1248 3029 1300 in
3076 1257 3149 1311 te,
3180 1247 3262 1301 vel
3295 1263 3392 1316 per

1826 1337 1879 1382 te
1910 1329 2147 1399 loquitur
2194 1332 2446 1386 inimicus
2483 1333 2747 1389 diabolus.
2777 1335 2952 1401 Quare
2982 1352 3113 1409 ergo
3145 1348 3390 1409 tanquam

1824 1436 1927 1473 una
1985 1437 2050 1475 ea:
2106 1422 2471 1491 insipientibus
2522 1426 2829 1481 mulieribus
2877 1428 3051 1482 locuta
3126 1431 3231 1483 es?
3304 1431 3394 1487 Sic

1824 1512 2001 1566 locuta
2050 1524 2134 1569 est
2177 1526 2298 1585 post
2332 1518 2466 1583 haec,
2495 1518 2590 1583 ait,
2633 1519 2851 1575 Jezabel
2900 1521 2968 1575 ad
2998 1522 3184 1577 Achab
3210 1525 3278 1590 ”,
3313 1525 3393 1580 sic

1822 1603 1997 1658 locuta
2036 1614 2118 1660 est
2151 1606 2409 1663 Herodias
2453 1611 2521 1664 ad
2570 1609 2833 1666 Herodem
2865 1613 2932 1678 ”,
2972 1627 3091 1668 cum
3124 1609 3212 1667 illa
3261 1630 3392 1670 sane

1824 1694 1997 1750 Ellam
2030 1697 2355 1763 interﬁcere,
2388 1701 2490 1755 ista
2528 1718 2655 1757 vero
2680 1702 2940 1759 Joannem
2977 1706 3227 1762 occidere
3267 1723 3393 1762 sua-

1822 1788 2005 1851 deret,
2049 1798 2104 1845 et
2148 1800 2372 1848 caeteras
2401 1810 2589 1850 omnes
2640 1796 2945 1866 impietates
2978 1813 3070 1853 eos
3105 1800 3383 1856 docerent.

164 1892 414 1935 mantem.
468 1880 523 1935 Si
575 1881 736 1949 igitur
786 1878 1031 1933 serviens
1084 1877 1156 1931 illi
1212 1886 1267 1932 et
1318 1878 1504 1933 colens
1557 1889 1722 1949 atque
1754 1873 1795 1928 B
1826 1879 1945 1947 Sic,
1977 1881 2172 1952 inquit,
2196 1892 2249 1936 et
2278 1894 2355 1952 tu,
2384 1900 2418 1940 ο
2450 1886 2668 1952 mulier,
2686 1901 2908 1944 mortem
2947 1891 3075 1945 mihi
3107 1902 3268 1961 atque
3304 1894 3390 1948 in-

160 1972 358 2043 gratias
390 1988 575 2043 agens.
609 1970 740 2024 tales
770 1970 1013 2024 sustineo
1046 1968 1281 2033 dolores,
1327 1969 1507 2037 qualia
1559 1971 1725 2025 susti-

158 2080 306 2119 neam
337 2065 481 2134 apud
515 2063 716 2118 inferos
746 2060 1028 2130 supplicia,
1056 2076 1088 2113 ο
1121 2061 1333 2124 mulier,
1361 2062 1404 2118 si
1442 2062 1723 2116 discedens

155 2156 215 2211 ab
247 2156 343 2211 illo
383 2169 646 2225 negavero
689 2164 736 2207 et
777 2167 1006 2207 renuero
1037 2160 1198 2220 atque
1237 2151 1721 2221 blaSphemavero?

150 2245 283 2302 Nam
319 2248 545 2300 istorum
584 2244 1015 2299 brevissimorum
1049 2241 1296 2297 dolorum
1350 2258 1486 2312 quos
1515 2242 1568 2297 in
1602 2258 1723 2297 cor-

147 2340 409 2409 ruptione
448 2338 685 2392 sustineo
711 2336 814 2389 erit
852 2336 1004 2395 linis,
1047 2345 1100 2387 et
1134 2349 1254 2387 cum
1302 2335 1593 2403 gratiarum
1626 2348 1718 2388 ac-

147 2431 396 2486 tionibus
426 2430 523 2483 hos
556 2442 724 2498 usque
755 2426 805 2480 in
840 2428 996 2479 linem
1033 2426 1309 2479 sustinens
1342 2433 1559 2478 aeterna:
1596 2425 1719 2478 bea-

150 2521 400 2577 titudinis
443 2536 471 2573 a
517 2521 624 2574 Deo
672 2533 829 2587 Spero
871 2517 999 2571 mihi
1051 2517 1564 2570 remunerationem.
1613 2514 1719 2571 Illis

155 2626 327 2671 autem
361 2613 450 2682 qui
508 2611 671 2665 Deum
728 2608 1212 2678 blasphemaverint
1273 2608 1472 2661 diutius
1530 2608 1715 2683 viven-

155 2708 290 2762 tibus
321 2704 375 2759 in
403 2718 664 2783 _corpore,
693 2716 773 2756 va:
802 2700 931 2755 erit.
980 2700 1103 2755 Plus
1138 2712 1315 2755 autem
1361 2700 1467 2754 erit
1496 2714 1576 2753 va:
1612 2700 1715 2756 illis

157 2798 286 2868 apud
342 2794 566 2856 inferos,
615 2809 737 2849 cum
794 2792 848 2847 in
904 2801 1159 2861 perpetuo
1217 2789 1608 2860 torquebantur
1660 2792 1712 2844 in

157 2889 356 2945 ﬂamma
391 2889 533 2959 ignis
577 2884 1054 2953 ittcxstinguibilis.
1086 2884 1263 2949 Quare
1299 2897 1429 2952 ergo
1463 2891 1712 2952 tanquam

154 2999 249 3036 sua
304 2993 367 3034 εει
418 2977 782 3048 insipientibus
836 2975 1141 3029 mulieribus
1167 2974 1340 3028 locuta
1364 2974 1465 3028 es?
1498 2989 1616 3049 cum
1661 2981 1715 3029 et

152 3073 301 3129 Deum
350 3072 735 3140 btasphemare
785 3069 1001 3135 suades,
1041 3076 1095 3122 et
1141 3067 1272 3120 mihi
1332 3067 1430 3135 ipsi
1481 3056 1710 3120 mortem

149 3176 295 3236 atque
344 3162 777 3219 internecionem
826 3170 885 3213 ut
934 3174 1220 3229 procurem
1275 3158 1470 3223 doces,
1517 3157 1712 3227 quibus

150 3260 360 3327 nequius
419 3266 586 3326 atque
639 3255 959 3310 sceleratius
1015 3252 1150 3306 nihil
1201 3261 1301 3305 est.
1344 3249 1517 3306 Omne
1564 3251 1710 3305 enim

155 3340 556 3418 peccatum'per
588 3344 963 3416 paenitentiam
1017 3342 1407 3412 indulgentiam
1444 3343 1707 3419 accipiet,

156 3451 200 3496 et
240 3457 423 3498 omnes
456 3440 546 3510 qui
584 3437 871 3493 sinceriter
920 3435 1306 3504 pcenituerint,
1341 3434 1709 3488 remissionem

155 3542 201 3588 et
232 3532 659 3589 misericordiam
708 3545 737 3583 a
774 3529 883 3583 Deo
932 3536 1331 3596 consequentur
1362 3535 1527 3593 atque
1560 3525 1711 3578 iuve-

156 3626 306 3681 nient.
357 3626 418 3679 Hi
477 3638 606 3679 vero
649 3622 741 3692 qui
809 3619 1125 3687 semetipsos
1189 3613 1581 3682 interfecerint,
1612 3616 1708 3685 qui

158 3717 495 3788 sibimetipsis
535 3726 760 3769 mortem
794 3711 1105 3776 intulerint,
1157 3723 1434 3776 nunquam
1467 3708 1708 3776 requiem

158 3810 409 3865 habebunt
465 3808 553 3863 isti
610 3806 660 3860 in
717 3804 922 3859 inlinita
964 3800 1192 3865 saecula,
1235 3814 1511 3868 nunquam
1556 3798 1709 3851 inve—

157 3902 285 3957 nient
332 3900 714 3971 refrigerium,
762 3898 854 3952 sed
900 3895 1092 3948 animae
1146 3906 1331 3947 eorum
1368 3905 1490 3944 mox
1540 3897 1597 3942 ut
1644 3888 1709 3942 de

158 4009 356 4064 corpore
419 3992 697 4051 exierint,
750 3989 800 4042 in
856 3986 1111 4041 tenebras
1180 3983 1568 4037 deducentur:
1618 3979 1705 4032 ubi

157 4102 259 4141 cum
292 4084 424 4140 Juda
486 4091 539 4138 et
591 4077 910 4147 Achitophel
965 4086 1226 4147 perpetuo
1290 4072 1702 4143 torquebuntur,

159 4179 232 4245 qui
272 4186 386 4247 post
436 4176 578 4229 alias
628 4170 932 4239 impietates
981 4166 1332 4235 sibimetipsis
1382 4179 1569 4218 manus
1616 4166 1702 4216 in-

158 4266 280 4323 ferre
315 4269 428 4324 ausi
494 4265 731 4320 fuerunt.
778 4259 966 4314 Nullus
1017 4273 1147 4329 ergo
1206 4272 1271 4311 ex
1321 4257 1455 4310 bene
1510 4255 1706 4309 intelli-

159 4362 379 4430 gentibus
424 4359 515 4413 vel
566 4357 730 4411 Deum
786 4352 1103 4408 timentibus
1158 4348 1466 4403 hominibus
1516 4346 1704 4399 mortis

159 4466 350 4508 causam
382 4452 493 4508 sibi
542 4449 706 4503 debet
734 4446 994 4504 invenire,
1025 4457 1128 4495 non
1162 4440 1319 4494 debet
1352 4437 1700 4507 semetipsum

162 4544 467 4608 interﬁcere,
516 4555 690 4609 neque
733 4538 953 4592 omnino
1001 4532 1136 4587 ullus
1187 4532 1352 4585 Deum
1403 4530 1701 4584 timentium

163 4630 299 4685 debet
322 4629 598 4696 semetipsi
635 4635 863 4680 mortem
897 4632 1106 4691 optare.
1135 4619 1285 4686 Quod
1314 4620 1357 4672 si
1401 4620 1563 4672 verbo
1595 4633 1707 4671 om-

163 4719 274 4775 nino
317 4737 462 4778 mors
511 4719 745 4789 optanda
786 4732 894 4769 non
929 4723 1034 4777 est,
1069 4713 1237 4765 multo
1272 4709 1444 4780 magis
1478 4718 1707 4763 mortem

166 4808 301 4867 lactis
344 4814 525 4867 nullus
568 4811 670 4865 sibi
718 4808 876 4863 debet
917 4806 1148 4872 inferre,
1192 4818 1257 4857 ne
1304 4817 1424 4857 cum
1474 4800 1711 4870 praefatis

167 4907 360 4961 aeternis
402 4905 545 4975 apud
598 4901 801 4958 inferos
839 4899 1085 4954 tradatur
1134 4894 1439 4950 tormentis.
1480 4892 1559 4948 0b
1610 4896 1711 4947 hoc

167 5008 278 5065 ergo
310 4999 438 5053 dicit
481 4995 581 5051 Job
629 4996 694 5049 ad
731 4993 1025 5053 diabolum,
1091 4990 1181 5058 qui
1234 4986 1426 5042 mortis
1471 4986 1545 5040 illi
1594 4985 1711 5039 bla-

170 5087 443 5156 sphemiam
491 5087 753 5143 suadebat
789 5105 802 5140 :
838 5085 1013 5150 Quare
1044 5092 1292 5149 tanquam
1320 5095 1424 5131 una
1470 5093 1532 5131 ex
1574 5076 1704 5129 insi-

167 5180 399 5246 pientibus
427 5180 735 5234 mulieribus
779 5177 954 5230 locuta
986 5176 1076 5229 es?
1122 5174 1196 5227 Ac
1245 5171 1408 5226 veluti
1455 5170 1702 5226 diceret:

169 5269 325 5335 Quare
361 5281 610 5341 tanquam
659 5286 724 5325 ex
776 5267 1155 5338 insipientibus
1190 5264 1475 5317 animabus
1524 5260 1703 5322 fatuis,

168 5363 439 5429 sceleratis,
467 5364 661 5432 impiis,
697 5361 807 5416 Deo
837 5360 1148 5435 odibilibus,
1180 5359 1291 5411 Deo
1320 5354 1698 5409 resistentibus

171 5451 231 5507 ita
256 5454 422 5510 locuta
454 5457 542 5510 es?
586 5456 719 5523 Quia
754 5469 854 5507 nec
886 5454 1052 5507 Deum
1090 5452 1269 5513 times,
1310 5461 1483 5516 neque
1526 5448 1697 5498 virum

168 5548 370 5607 vereris.
412 5562 582 5617 neque
635 5547 858 5616 teipsam
913 5541 1229 5598 confusione
1270 5539 1482 5601 induis,
1530 5535 1701 5611 neque

168 5634 653 5703 Vehemenlioribus,
704 5645 796 5691 aut
849 5635 983 5689 meis
1033 5633 1306 5688 doloribus
1353 5626 1727 5698 compateris.‘

226 5795 267 5831 ²²
298 5798 361 5856 HI
393 5800 525 5872 Reg.
557 5817 667 5855 tux.
744 5800 789 5832 ’³
831 5799 1017 5853 Matth.
1047 5812 1156 5852 xw.
1234 5797 1278 5829 ’δ
1317 5794 1459 5852 Psal.
1493 5806 1613 5858 xm,
1650 5791 1700 5845 1.

457 5895 730 5959 Parnm.
775 5895 890 5956 Gn.
922 5892 1124 5956 XVII.

1779 5789 1824 5823 ³⁸
1864 5789 2026 5848 Micb.
2070 5805 2166 5860 vn,
2202 5790 2253 5847 5.

1824 1973 2182 2029 terneciouem
2213 1990 2308 2045 per
2338 1976 2433 2030 Dei
2495 1977 2884 2047 blasphemiam
2928 1983 3143 2049 suades,
3173 1993 3232 2037 ut
3263 1999 3384 2040 cum

1819 2061 1922 2117 hoc
1953 2065 2093 2133 quod
2127 2065 2266 2120 male
2298 2067 2518 2132 morior,
2561 2083 2681 2123 cum
2712 2071 2810 2125 hoc
2841 2072 2958 2140 ipso
3004 2073 3200 2144 injuste
3268 2076 3383 2131 bla-

1826 2153 2129 2221 Sphemem.
2160 2155 2264 2210 Sed
2283 2157 2462 2226 vigilo,
2494 2158 2691 2229 inquit,
2724 2160 2775 2214 in
2804 2162 2990 2230 praelio
3023 2166 3161 2232 quod
3192 2166 3384 2221 adver-

1818 2256 1933 2296 sum
1967 2254 2017 2298 te
2048 2260 2199 2315 gero,
2225 2261 2258 2301 ο
2285 2247 2519 2312 diabole,
2548 2250 2643 2305 sed
2674 2266 2775 2305 non
2813 2253 3094 2309 obdormio
3126 2256 3176 2309 in
3208 2257 3383 2312 stadio

1818 2335 1961 2402 quod
1994 2335 2134 2389 circa
2171 2345 2222 2390 te
2254 2337 2447 2402 habeo,
2479 2353 2512 2393 ο
2546 2342 2875 2409 nequissime
2903 2345 3231 2401 adversarie.
3263 2346 3380 2403 Non

1814 2423 1959 2476 enim
2002 2425 2448 2482 obtlormitantem
2482 2430 2745 2496 invenies,
2785 2435 3239 2501 quemadmodum
3273 2436 3383 2506 jam

1816 2524 2161 2581 memoratos,
2191 2531 2363 2586 neque
2391 2521 2752 2578 dormientem
2783 2525 2925 2579 sicut
2960 2526 3078 2581 illos
3107 2528 3158 2582 in
3191 2531 3387 2599 quibus

1815 2613 1935 2670 post
1970 2605 2070 2659 hoc
2117 2604 2277 2661 facile
2314 2607 2521 2662 zizauia
2575 2609 2932 2666 iuseminasti.
2983 2613 3079 2679 Te,
3112 2616 3306 2683 inquit,
3354 2632 3389 2673 o

1816 2696 2054 2763 inimice,
2099 2711 2194 2765 per
2226 2701 2408 2754 uxoris
2438 2716 2719 2770 personam
2752 2703 2989 2774 increpo.
3021 2704 3099 2760 Tu
3133 2707 3275 2761 enim
3306 2709 3385 2762 ln-

1813 2785 2019 2856 sipiens
2047 2802 2107 2841 es
2140 2797 2301 2856 atque
2335 2791 2504 2845 tntius
2552 2791 2847 2861 impietatis
2891 2806 3081 2851 auctor
3112 2806 3169 2851 et
3210 2809 3378 2866 pater,

1816 2888 1867 2933 te
1894 2880 2062 2934 etiam
2092 2895 2185 2949 per
2214 2882 2315 2936 hoc
2346 2883 2517 2938 sancti
2547 2883 2692 2938 velut
2720 2884 3062 2955 insipientem
3093 2899 3382 2959 arguentes

1814 2972 1992 3026 dicent
2017 2990 2029 3026 :
2058 2972 2199 3027 Dixit
2222 2974 2473 3043 insipiens
2498 2975 2551 3029 in
2578 2978 2730 3031 corde
2756 2994 2852 3032 suo
2868 2994 2887 3032 .·
2908 2978 3029 3034 Non
3050 2990 3129 3034 est
3155 2981 3293 3036 Deus
3311 2983 3375 3037 “.

1812 3064 1914 3129 Tu,
1960 3065 2152 3134 inquit,
2182 3080 2216 3120 o
2250 3065 2479 3129 diabole,
2513 3067 2563 3121 in
2603 3069 2980 3139 antiquissima
3026 3072 3119 3126 illa
3152 3074 3377 3130 muliere

1815 3157 2110 3212 maximam
2143 3158 2509 3228 insipientiam
2540 3160 2897 3225 inseminasti,
2930 3172 2983 3217 et
3024 3163 3076 3217 in
3110 3164 3211 3219 ista
3238 3182 3384 3221 nunc

1818 3248 2046 3304 muliere
2102 3249 2321 3320 impiam
2390 3249 2753 3319 insipientiam
2820 3253 3144 3321 produxisti.
3194 3255 3384 3313 Merito

1818 3341 1939 3396 dice
1973 3340 2038 3394 ad
2070 3326 2212 3394 illam
2240 3360 2255 3395 :
2290 3341 2466 3408 Quare
2509 3353 2760 3412 tanquam
2788 3361 2895 3398 una
2924 3361 2988 3398 ea:
3021 3346 3382 3412 insipientibus

1817 3431 2123 3487 mulieribus
2149 3433 2324 3487 locuta
2354 3437 2449 3490 es?
2483 3434 2558 3490 Te
2591 3435 2915 3498 recolentes,
2946 3451 2979 3491 o
3012 3440 3224 3505 mulier,
3262 3449 3383 3508 post

1818 3525 1920 3578 hoc
1951 3524 2245 3592 prophetas,
2277 3534 2331 3580 et
2366 3526 2563 3579 malum
2593 3536 2753 3595 atque
2781 3527 3046 3594 insipiens
3074 3536 3222 3583 tuum
3248 3545 3382 3585 con-

1816 3613 1994 3694 silium
2022 3614 2227 3669 duriter
2260 3617 2589 3671 detestantes
2622 3617 2876 3670 dixerunt
2904 3635 2916 3670 :
2950 3619 2989 3669 Α
3036 3619 3257 3688 conjuge
3290 3631 3382 3675 tua

1816 3712 1865 3759 te
1897 3707 2127 3769 observa,
2169 3721 2231 3759 ne
2266 3707 2394 3776 quid
2439 3707 2633 3759 dixeris
2680 3706 2759 3760 illi
2786 3708 2855 3773 ",
2907 3717 2960 3762 et
2990 3709 3099 3763 alia
3152 3711 3380 3780 plurima

1815 3797 1901 3852 his
1942 3796 2156 3851 similia.
2190 3797 2319 3852 Post
2362 3813 2482 3867 qua:
2525 3798 2775 3852 universa
2823 3799 3021 3867 adjecit
3058 3803 3241 3857 dicens
3275 3823 3287 3859 :
3323 3802 3383 3859 Si

1815 3890 1948 3943 bona
1988 3890 2310 3957 suscepimus
2337 3892 2401 3942 de
2433 3906 2595 3942 manu
2639 3889 2869 3956 Domini,
2900 3893 3041 3946 mala
3081 3910 3244 3964 quare
3275 3912 3378 3949 non

1815 3982 2093 4034 toleremus
2120 3981 2198 4034 “i
2238 3981 2490 4046 Adverte,
2540 3982 2742 4051 inquit,
2791 3996 2823 4037 ο
2869 3983 3149 4053 insipiens,
3203 3989 3384 4041 consi-

1815 4071 1941 4124 dera
1998 4070 2237 4139 deposita
2286 4070 2536 4135 stultitia,
2573 4089 2605 4125 ο
2657 4072 2868 4128 mulier.
2921 4072 2981 4128 Si
3023 4075 3156 4128 bona
3196 4092 3375 4146 pusca-

1811 4162 1981 4230 pimus
2038 4161 2100 4214 de
2141 4178 2299 4216 manu
2349 4162 2585 4223 Domini,
2633 4165 2781 4217 mala
2834 4176 3008 4218 autem
3059 4183 3222 4236 quare
3275 4186 3380 4222 non

1813 4252 2137 4307 toleremus?
2184 4253 2415 4317 Gloriae,
2464 4255 2689 4319 divitiae,
2742 4255 3095 4325 jucunditas,
3150 4258 3375 4322 deliciae,

1811 4344 2137 4408 sublimitas,
2171 4345 2360 4408 honor,
2391 4344 2542 4412 regni
2591 4344 2768 4408 sedes,
2815 4347 3152 4415 principatus
3182 4359 3234 4403 et
3286 4365 3379 4419 po-

1813 4442 2051 4500 testates,
2090 4444 2339 4489 natorum
2373 4436 2624 4503 gaudium
2653 4445 2815 4505 atque
2859 4438 3157 4493 amicorum
3200 4442 3381 4496 multi-

1811 4528 1956 4589 tudo,
2006 4528 2121 4580 htcc
2167 4525 2384 4581 fuerunt
2412 4528 2573 4592 bona,
2602 4541 2721 4595 quas
2748 4528 2813 4599 de
2852 4543 3011 4581 manu
3048 4531 3253 4587 Domini
3289 4550 3379 4586 ac-

1809 4617 2068 4685 cepimus,
2114 4630 2231 4684 quas
2278 4616 2344 4669 de
2396 4631 2559 4668 manu
2612 4615 2817 4669 Domini
2857 4618 2978 4670 data
3029 4631 3154 4672 sunt
3200 4621 3374 4674 nobis.

1807 4706 1940 4761 Mala
1980 4714 2158 4761 autem
2197 4707 2447 4769 fuerunt,
2491 4706 2567 4758 rei
2600 4703 2888 4760 familiaris
2920 4710 3183 4777 perditio,
3238 4711 3374 4765 libe-

1809 4813 1989 4852 rorum
2046 4798 2292 4862 amissio,
2349 4797 2644 4866 putredinis
2700 4796 3065 4865 abundantia,
3113 4803 3376 4854 vermium

1809 4890 2117 4953 multitudo,
2169 4902 2326 4958 pcena
2362 4888 2826 4957 insupportabilis,
2880 4886 3251 4945 intolerabiles
3280 4892 3377 4945 do-

1819 4982 1983 5045 lores,
2024 4980 2272 5035 'seductio
2318 4990 2481 5049 atque
2532 4981 2814 5035 subversio
2872 4982 3120 5052 maligni,
3168 4974 3376 5037 insidias

1816 5084 1979 5141 atque
2016 5073 2342 5126 tentationes
2392 5073 2617 5127 inimici.
2674 5073 2797 5128 limo
2836 5075 3083 5129 universa
3120 5075 3255 5127 mala
3295 5076 3374 5129 vi-

1810 5164 2003 5216 dentur
2031 5164 2085 5215 et
2118 5162 2255 5214 mala
2289 5162 2759 5231 dicuntur,‘alque
2793 5164 2930 5217 mala
2960 5164 3026 5218 ab
3059 5165 3370 5219 hominibus

1808 5254 2177 5321 aestimantur,
2223 5270 2329 5308 non
2364 5256 2504 5323 quod
2556 5254 2696 5309 mala
2748 5259 2859 5310 sint
2913 5258 3048 5323 haec,
3095 5259 3188 5312 sed
3246 5268 3373 5313 sunt

1807 5352 2005 5398 aeterna
2064 5343 2203 5397 bona
2270 5347 2649 5414 procurantia,
2702 5358 2971 5416 perpetuae
3023 5349 3373 5403 nihilominus

1807 5436 1991 5507 gloriae
2056 5437 2108 5490 iu
2163 5452 2326 5507 regno
2375 5436 2749 5492 haureditatem
2785 5441 3199 5508 -prazparantia.
3258 5441 3373 5495 Hoc

1806 5527 2015 5584 sciebat
2059 5528 2182 5594 Job,
2226 5538 2281 5583 et
2321 5533 2520 5584 merito
2552 5544 2671 5583 cum
2720 5530 3015 5600 gratiarum
3067 5533 3369 5588 actionibus

1809 5635 1869 5676 ea
1900 5623 2166 5678 sustinuere
2208 5638 2424 5693 operam
2466 5626 2652 5679 dabat.
2682 5624 2794 5680 Hoc
2830 5628 3372 5708 scierungpropheta‘i

2316 5849 2323 5853 _
2350 5790 2395 5822 ³⁸
2432 5788 2534 5846 Job
2562 5789 2739 5857 11,10.

3025 5884 3095 5944 16
