3992 6312
592 360 689 416 491

1679 354 2060 411 ANONYMUS
2099 353 2162 408 IN
2201 353 2342 408 JOB.
2384 385 2449 394 —
2486 352 2618 408 LIB.
2661 352 2725 407 ll.

3697 360 3789 414 492

593 491 650 536 et
676 478 903 550 apostoli
939 487 1104 549 atque
1141 477 1322 535 cuncti
1372 486 1663 548 martyres.
1695 477 1984 545 Propterea
2019 491 2162 530 ama-
2188 479 2234 536 Α
2263 484 2348 529 est
2392 474 2482 543 qui
2535 473 2674 528 hanc
2733 487 2943 542 poenam
2993 470 3242 541 ingessit,
3294 471 3674 530 satisfaciamus
3723 478 3790 532 illi

595 569 918 630 ram,vitam
953 570 1004 622 in
1035 570 1136 624 hoc
1187 568 1386 622 mundo
1421 576 1833 634 transegerunt,
1877 577 2160 635 propterea

594 663 775 718 omnia
819 671 1088 718 tormenta
1135 662 1273 732 ignis
1301 671 1358 716 et
1399 661 1562 731 gladii
1610 660 2009 714 sustinuerunt.
2048 658 2159 712 liu-

595 769 754 809 mana
782 769 910 824 ergo
947 754 1336 809 consuetudine
1375 753 1517 808 bona
1561 761 1617 808 et
1660 752 1800 807 mala
1830 768 1890 807 ea
1927 753 2159 823 appellat

595 845 819 902 dicens:
856 843 916 900 Si
953 846 1084 899 bona
1114 845 1410 912 accepimus
1441 845 1504 897 de
1541 861 1700 897 manu
1741 842 1970 906 Domini,
2011 842 2158 896 mala

595 945 768 988 autem
795 952 953 1004 quare
992 952 1094 990 non
1129 935 1449 990 toleremus?
1473 935 1628 1000 Cum,
1661 935 1857 1004 inquit,
1886 935 1983 989 tibi
2015 943 2158 990 esset

594 1027 816 1083 honoris
861 1027 1182 1091 sublimitas,
1226 1042 1351 1082 cum
1403 1026 1571 1096 gloria
1615 1026 1900 1095 laetareris,
1944 1042 2064 1082 cum
2101 1027 2154 1082 in

593 1117 800 1173 deliciis
831 1118 1094 1186 degeres,
1138 1132 1261 1171 cum
1295 1116 1580 1173 multitudo
1626 1127 1680 1170 te
1723 1128 1848 1172 ante
1893 1127 1947 1172 et
1985 1127 2151 1182 retro,

596 1217 784 1278 utpote
813 1208 879 1262 de
917 1208 1117 1276 palatio
1146 1217 1454 1272 exeuntem,
1501 1217 1556 1262 et
1601 1209 1890 1264 identidem
1930 1210 2019 1265 illo
2070 1223 2154 1262 re-

589 1307 887 1354 vertentem
937 1313 1058 1352 cum
1092 1298 1295 1354 honore
1343 1300 1587 1368 exaltans
1617 1301 1996 1366 circumdaret,
2028 1316 2148 1355 cum

592 1388 686 1442 lilii
740 1397 866 1442 ante
917 1388 1102 1442 oculos
1169 1388 1363 1458 gaudio
1409 1397 1462 1443 te
1512 1392 1810 1460 replerent,
1864 1401 1989 1445 tunc
2044 1407 2148 1447 non

589 1479 805 1543 dixisti,
839 1493 872 1533 ο
912 1479 1100 1534 mulier
1127 1503 1138 1535 :
1169 1481 1263 1534 Dic
1295 1481 1507 1546 aliquod
1555 1485 1794 1548 verbum,
1825 1489 1874 1536 et
1902 1499 2102 1537 morere
2129 1496 2148 1535 :

591 1577 718 1623 tunc
757 1579 980 1624 mortem
1034 1571 1253 1625 omnino
1319 1588 1419 1628 nec
1471 1574 1783 1637 nominare,
1825 1587 1924 1626 nec
1963 1573 2149 1628 audire

586 1676 745 1729 passa
793 1676 871 1717 es.
925 1661 1076 1719 Nunc
1121 1674 1294 1720 autem
1325 1666 1450 1734 quia
1483 1679 1569 1718 res
1603 1664 1880 1722 familiaris
1912 1665 2140 1732 interiit,

587 1761 642 1805 et
695 1751 786 1804 lilii
852 1753 1175 1822 perierunt,
1227 1755 1350 1824 quia
1404 1755 1573 1826 gloria
1627 1756 1794 1827 fugit,
1849 1765 1904 1811 et
1949 1757 2146 1813 divitia:

591 1843 862 1908 abierunt,
890 1845 1015 1914 quia
1052 1846 1190 1899 mala
1224 1861 1322 1901 nos
1364 1847 1700 1911 invenerunt,
1732 1857 1786 1902 et
1818 1847 2027 1904 dolores
2060 1863 2146 1918 ap-

585 1935 1017 2002 prehenderunt,
1069 1937 1232 1990 Deum
1271 1952 1367 1992 nos
1416 1937 1790 2008 blasphemare
1829 1939 2143 2009 compellis,

585 2027 654 2081 ob
709 2026 809 2080 hoc
863 2042 961 2082 nos
1018 2028 1409 2096 reprehendere
1461 2031 1661 2097 doces,
1713 2042 1994 2100 propterea
2048 2046 2145 2088 nos

585 2126 812 2172 mortem
847 2128 1030 2188 petere
1057 2120 1226 2189 cogis,
1266 2128 1320 2174 et
1351 2120 1452 2175 hoc
1499 2137 1604 2176 non
1632 2121 1774 2190 juste
1803 2125 1900 2178 sed
1951 2123 2146 2193 injuste

583 2225 681 2280 per
713 2210 804 2266 Dei
849 2211 1235 2282 blasphemiam
1265 2231 1280 2268 :
1317 2221 1371 2268 et
1399 2215 1543 2283 quod
1573 2224 1658 2269 est
1685 2217 2000 2282 maximum,
2037 2233 2142 2272 non

584 2301 678 2355 tibi
727 2315 962 2356 amaram
1015 2313 1241 2358 mortem
1275 2305 1470 2374 poscis,
1521 2305 1614 2359 sed
1665 2305 1833 2359 mihi:
1870 2316 1926 2360 ut
1971 2306 2144 2371 possis

580 2401 707 2462 post
745 2393 952 2447 obitum
990 2393 1042 2447 in
1077 2394 1261 2465 requie
1293 2397 1494 2460 vivere,
1538 2396 1677 2449 sicut
1711 2406 1764 2448 tu
1808 2411 2015 2465 speras,
2051 2412 2144 2452 ne-

581 2483 756 2539 sciet-ts
785 2500 962 2554 neque
1009 2487 1234 2541 credens
1278 2484 1371 2540 Dei
1406 2487 1667 2540 bonorum
1701 2488 2144 2556 promissionibus

581 2589 702 2644 qua:
716 2575 783 2630 de
810 2575 966 2644 longe
982 2577 1122 2630 videt
1148 2577 1263 2646 ejus
1284 2580 1578 2630 aeternitas.
1597 2576 1657 2632 Si
1694 2579 1824 2632 bona
1855 2580 2142 2640 accepimus

580 2667 646 2721 de
677 2683 835 2720 manu
867 2667 1098 2732 Domini,
1130 2668 1271 2720 mala
1301 2677 1473 2721 autem
1502 2685 1664 2738 quare
1695 2685 1797 2724 non
1828 2671 2144 2725 toleremus?

581 2755 641 2811 Si
690 2757 950 2812 bonorum
1008 2759 1172 2813 etiam
1224 2759 1497 2814 fastidium
1553 2776 1823 2831 nunquam
1880 2763 2139 2832 cepimus,

580 2863 757 2918 neque
797 2848 959 2904 linem
1005 2865 1191 2905 eorum
1233 2865 1468 2920 unquam
1517 2851 1630 2907 fieri
1681 2852 1946 2919 volumus,
1998 2854 2136 2910 mala

579 2950 759 2996 autem
811 2955 981 3011 quare
1028 2958 1131 2996 non
1194 2942 1522 2998 toleremus?
1572 2943 1968 3000 Tribuiationes
2017 2963 2139 3002 cum

580 3031 881 3099 gratiarum
953 3033 1255 3088 actionibus
1321 3048 1486 3103 quare
1551 3050 1656 3089 non
1735 3038 2140 3094 sustineamus?

577 3121 880 3178 Praesertim
903 3139 1024 3178 cum
1053 3126 1385 3188 noverimus,
1409 3125 1532 3194 quia
1558 3126 1698 3180 sicut
1723 3126 1985 3182 bonorum
2018 3130 2138 3186 ﬁnis

576 3213 703 3277 erit,
734 3215 803 3266 ita
831 3224 885 3268 et
925 3215 1186 3270 malorum
1217 3216 1480 3270 citissime
1509 3219 1900 3273 consummatio
1939 3220 2134 3275 aderit.

577 3304 645 3360 Et
689 3306 904 3376 quidem
954 3308 1250 3372 bonorum,
1303 3310 1404 3364 hoc
1455 3318 1570 3376 est,
1624 3310 1934 3366 divitiarum
1979 3322 2140 3382 atque

575 3395 861 3465 opulentia:
913 3397 1034 3452 linis
1087 3398 1291 3452 inutilis
1337 3399 1476 3463 erit,
1527 3401 1628 3454 nisi
1680 3400 1874 3470 aliquis
1923 3412 2139 3472 propter

573 3488 836 3559 iustitiam
867 3502 1032 3558 atque
1077 3489 1476 3561 eleemosynam
1518 3506 1811 3560 pauperum
1856 3491 2002 3560 juste
2048 3508 2139 3549 eas

573 3584 927 3652 expenderit:
962 3583 1365 3638 tribulationum
1399 3593 1576 3639 autem
1611 3584 1891 3640 tolerantia
1924 3587 1976 3640 in
2012 3586 2135 3654 lide,

573 3684 739 3743 atque
779 3675 1024 3729 dolorum
1069 3675 1408 3744 supportatio
1439 3691 1561 3730 cum
1616 3677 1914 3745 gratiarum
1964 3679 2136 3734 actio-

572 3764 732 3819 nibus
784 3775 1000 3819 aeternae
1048 3765 1231 3835 gloria!
1289 3766 1663 3821 [nereditatem
1720 3778 2026 3837 prmparant
2080 3770 2134 3825 in

566 3869 737 3924 regno
761 3856 1040 3910 caelorum.
1063 3855 1122 3910 Si
1147 3857 1282 3910 bona
1313 3858 1605 3926 accepimus
1625 3858 1688 3911 de
1714 3875 1872 3912 manu
1902 3859 2131 3926 Domini,

571 3944 714 3998 mala
740 3955 912 3998 autem
931 3961 1093 4015 quare
1115 3962 1218 3999 non
1242 3946 1558 4002 toleremus?
1582 3947 1833 4018 Nunquid
1861 3951 2133 4006 fastidium

571 4034 835 4088 bonorum
862 4051 1018 4105 passa
1043 4050 1122 4101 es,
1139 4050 1172 4089 ο
1193 4035 1419 4089 mulier?
1442 4036 1693 4105 Nunquid
1720 4049 2137 4095 consternanter

571 4119 741 4175 tulisti
769 4122 1007 4191 requiem
1031 4132 1085 4176 et
1111 4121 1355 4191 gloriam,
1391 4141 1423 4177 ο
1453 4123 1655 4179 femina
1685 4128 1708 4180 ?
1748 4125 1900 4193 Quod
1933 4129 1975 4183 si
2008 4128 2132 4184 illo-

570 4227 690 4267 rum
717 4213 948 4282 plurimo
981 4221 1220 4282 tempore
1265 4213 1538 4269 fastidium
1592 4233 1699 4272 non
1747 4219 1963 4289 cepisti,
1999 4235 2135 4289 quo-

572 4302 732 4356 modo
764 4317 909 4356 nunc
939 4301 1163 4356 modicae
1207 4301 1586 4359 tribulationes
1625 4315 1675 4360 te
1725 4309 1956 4362 deiicere
1983 4309 2132 4365 fece-

569 4402 698 4448 runt
723 4393 746 4445 ’ἶ
779 4393 1058 4459 Quomodo
1078 4393 1275 4447 uberes
1303 4395 1518 4449 dolores
1543 4405 1594 4450 te
1625 4412 1771 4452 nunc
1801 4399 2132 4470 del'atigave-

569 4493 718 4549 runt,
765 4486 856 4554 qui
908 4499 994 4540 me
1044 4495 1280 4540 atterunt
1324 4495 1380 4541 et
1432 4503 1535 4541 non
1573 4489 1675 4542 te?
1718 4489 1799 4544 Me
1843 4493 2130 4546 comedunt

567 4589 804 4640 vermes,
836 4585 891 4629 et
925 4587 978 4629 tu
1017 4575 1284 4630 delassata
1321 4591 1400 4631 es.
1430 4575 1561 4630 Meae
1589 4592 1779 4632 carnes
1811 4587 2129 4647 putrescunt

569 4673 623 4720 et
652 4675 706 4719 tu
741 4666 975 4721 delibata
1006 4681 1084 4721 es.
1117 4665 1177 4721 Si
1210 4667 1347 4720 bona
1397 4669 1691 4738 accepimus
1723 4669 1786 4722 de
1819 4685 1976 4722 manu
2019 4669 2129 4723 Do-

567 4758 720 4822 mini,
751 4757 894 4810 mala
931 4767 1105 4811 autem
1136 4775 1298 4828 quare
1322 4775 1426 4812 non
1453 4759 1780 4815 toleremus?
1835 4758 1926 4814 Sic
1951 4771 2128 4830 putas,

568 4851 765 4919 inquit,
805 4866 838 4902 ο
872 4849 1086 4911 mulier,
1123 4849 1267 4917 quod
1317 4864 1424 4902 non
1479 4865 1507 4900 a
1556 4848 1664 4903 Deo
1715 4849 1867 4903 nobis
1913 4851 1986 4903 sit
2018 4851 2129 4902 haec

566 4953 751 5009 poma,
789 4939 881 4994 sed
915 4940 982 4992 ab
1014 4939 1119 4991 alio
1151 4937 1352 5005 aliquo.
1415 4937 1470 4990 Si
1507 4954 1636 5008 ergo
1687 4955 1792 4994 non
1824 4949 1907 4994 est
1935 4954 1964 4991 a
1999 4939 2130 5003 Deo,

568 5029 662 5083 sed
700 5029 766 5084 ab
794 5027 918 5090 alio,
972 5027 1100 5095 quid
1151 5025 1382 5079 ulciscar
1443 5025 1607 5079 Deum
1662 5035 1734 5104 ut‘
1770 5025 2130 5094 blasphemem

571 5119 745 5184 illum,
783 5135 905 5173 cum
938 5120 1078 5172 alius
1102 5119 1172 5172 sit
1199 5119 1391 5186 quime
1425 5118 1799 5171 tribulaverit?
1827 5117 1978 5183 Quod
2005 5117 2048 5170 si
2083 5132 2113 5170 a

571 5209 796 5265 Deoest
828 5220 1062 5276 certum,
1115 5210 1258 5279 quod
1315 5207 1548 5264 forsitan
1599 5221 1699 5276 est,
1755 5225 1853 5278 pro
1895 5211 2131 5279 peccatis

571 5303 772 5355 nostris
797 5314 900 5357 est.
938 5302 1077 5368 Quid
1111 5303 1292 5370 itaque
1317 5311 1402 5355 est
1429 5301 1642 5365 melius,
1671 5317 1829 5355 orare
1851 5317 1915 5355 ac
1941 5304 2131 5369 depre-

571 5392 684 5448 cari
724 5394 1023 5448 terribilem
1053 5395 1248 5448 faciem
1281 5394 1400 5456 Dei,
1427 5408 1494 5446 an
1526 5393 1906 5461 blasphemare
1940 5403 1994 5446 et
2020 5393 2132 5446 cri-

573 5484 767 5538 minari
800 5499 881 5540 ac
917 5486 1224 5552 detrahere,
1271 5494 1329 5539 ut
1381 5485 1845 5538 vehementiorem
1881 5484 2014 5536 iram
2045 5492 2130 5536 at-

571 5589 677 5646 que
707 5575 1124 5645 indignationem
1149 5578 1202 5631 in
1240 5592 1339 5632 nos
1365 5574 1713 5632 excitemus?
1743 5575 1797 5628 Si
1824 5574 1988 5644 igitur
2015 5576 2129 5644 ipse

639 5756 683 5787 ³⁷
705 5753 804 5809 Job
826 5769 894 5819 .n,
929 5755 1009 5809 lO.

2261 575 2518 635 tanquam
2569 565 2931 620 misericordi.
2987 563 3043 619 Si
3095 575 3277 620 autem
3327 563 3464 620 alius
3511 566 3694 636 aliquis
3719 581 3794 625 est

2257 660 2347 728 qui
2374 659 2480 713 hoc
2507 658 2703 710 bellum
2735 658 3020 712 adversum
3064 672 3162 714 nos
3194 657 3478 721 excitavit,
3529 657 3605 711 sic
3647 659 3791 715 etiam

2256 750 2614 819 deprecemur
2646 748 2795 802 illum
2830 749 3208 804 auxiliatorem
3262 759 3426 817 atque
3459 759 3796 817 propugnato-

2257 857 2392 906 rem,
2425 850 2609 909 utpote
2635 838 2988 894 fortissimttm
3013 855 3076 894 ac
3102 841 3560 909 potentissimum.
3583 838 3640 893 Si
3666 843 3793 898 enim

2256 934 2390 988 bona
2415 933 2710 1002 accepimus
2741 932 2805 986 de
2834 948 2993 984 manu
3024 931 3258 997 Domini,
3297 931 3442 985 mala
3465 941 3633 985 autem
3652 950 3795 1002 quare

2255 1043 2357 1080 non
2382 1026 2705 1080 toleremus?
2736 1024 2836 1080 Ubi
2866 1024 3011 1080 enim
3036 1023 3243 1078 fuerint
3264 1023 3486 1089 laetitiaa,
3525 1023 3629 1077 illic
3649 1024 3792 1078 etiam

2253 1117 2626 1174 tribulationis
2661 1115 3013 1185 exspectatio.
3039 1115 3138 1172 Ubi
3165 1114 3628 1181 jucunditas.illic
3647 1117 3792 1171 etiam

2253 1207 2486 1262 miseria:
2516 1216 2831 1278 sperantur.
2865 1205 3000 1260 Nam
3030 1206 3158 1276 quid
3186 1205 3411 1260 obvenit
3443 1204 3610 1268 nobis,
3641 1220 3672 1259 ο
3697 1221 3795 1264 mu-

2251 1299 2370 1365 lier,
2398 1315 2462 1354 ex
2493 1301 2582 1354 bis
2610 1315 2730 1369 quae
2764 1299 2818 1354 in
2857 1301 2957 1354 hoc
2989 1297 3191 1354 saeculo
3232 1313 3342 1350 non
3384 1297 3583 1350 fuerint
3613 1298 3794 1367 gesta?

2249 1388 2438 1445 Nonne
2467 1391 2641 1446 omnis
2669 1405 2796 1445 caro
2833 1389 3123 1460 aliquando
3150 1387 3373 1458 quidem
3432 1402 3561 1440 sana
3587 1396 3681 1455 est,
3707 1388 3794 1442 ali-

2248 1479 2469 1549 quando
2493 1487 2866 1548 paupertatem
2902 1478 3125 1547 patitur,
3173 1475 3470 1545 aliquando
3506 1485 3678 1532 autem
3708 1478 3786 1532 di-

2248 1571 2407 1626 vitias
2439 1571 2640 1630 habet?
2667 1571 2796 1639 Quae
2823 1572 2986 1642 igitur
3011 1577 3138 1624 sunt
3169 1568 3315 1637 apud
3349 1583 3537 1623 omnes
3570 1569 3791 1626 homines

2249 1663 2300 1718 in
2333 1662 2552 1728 mundo,
2585 1664 2725 1728 haec,
2755 1663 2954 1732 inquit,
2983 1663 3146 1718 etiam
3177 1661 3327 1731 apud
3353 1675 3454 1716 nos
3481 1672 3622 1730 gesta
3644 1665 3786 1730 sunt;

2245 1763 2301 1809 et
2333 1769 2442 1809 non
2469 1754 2645 1810 solum
2681 1755 2732 1809 in
2761 1755 3013 1809 omnibus
3046 1753 3396 1815 hominibus,
3420 1751 3514 1806 sed
3541 1760 3591 1806 et
3620 1752 3668 1804 in
3693 1767 3791 1806 om-

2175 1824 2218 1879 Β
2249 1847 2406 1902 nibus
2437 1847 2599 1916 hujus
2631 1847 2812 1902 mundi
2847 1846 3132 1902 elementis
3187 1846 3330 1900 fiunt
3377 1844 3688 1912 aliquando;
3717 1845 3788 1899 sic

2247 1936 2538 2007 aliquando
2607 1951 2731 2002 ver,
2796 1938 2876 1992 sic
2923 1935 3214 2007 aliquando
3277 1945 3463 1999 aestas,
3526 1934 3788 2004 aliquando

2245 2031 2440 2094 hiems,
2467 2029 2757 2100 aliquando
2787 2028 2979 2099 frigus,
3012 2027 3308 2096 aliquando
3338 2041 3471 2081 vero
3498 2036 3674 2090 aestus,
3701 2026 3790 2080 ali-

2245 2123 2460 2192 quando
2490 2121 2759 2187 viriditas,
2796 2120 3087 2190 aliquando
3115 2134 3250 2174 vero
3277 2119 3528 2174 siccitas.
3573 2118 3626 2173 Si
3667 2133 3784 2188 ergo

2245 2213 2317 2267 ita
2351 2221 2436 2266 est
2482 2212 2621 2281 apud
2668 2213 2850 2267 omnia
2879 2210 3281 2281 corruptibilia,
3311 2211 3440 2280 quid
3486 2226 3720 2281 magnum
3745 2212 3783 2265 si

2243 2311 2297 2357 et
2330 2317 2428 2357 nos
2460 2304 2572 2370 qui,
2595 2303 2735 2358 sicut
2760 2302 2942 2356 omnia
2969 2302 3380 2372 corruptibilia,
3398 2302 3668 2357 ﬂoruimus
3692 2303 3790 2372 pri-

2243 2394 2361 2448 dem
2385 2408 2519 2449 sane
2545 2394 2749 2449 divitiis
2780 2403 2834 2448 et
2865 2393 3078 2448 caeteris
3108 2394 3296 2459 bonis,
3335 2409 3478 2448 nunc
3517 2408 3640 2449 vero
3663 2393 3788 2446 arui-

2243 2501 2360 2540 mus
2382 2486 2557 2555 inopia
2593 2496 2754 2556 atque
2778 2485 3149 2541 concaluimus
3176 2485 3228 2540 in
3266 2486 3626 2540 infirmitate?
3654 2485 3788 2540 Sicut

2241 2590 2369 2646 ergo
2392 2576 2443 2629 in
2477 2575 2584 2630 illis
2616 2575 2862 2630 delectati
2900 2591 3110 2642 sumus,
3146 2592 3299 2630 nunc
3327 2585 3383 2630 et
3414 2576 3514 2631 ista
3538 2577 3786 2632 sustinea-

2242 2684 2378 2722 mus.
2407 2667 2560 2722 Sicut
2591 2668 2678 2722 illa
2713 2668 2946 2723 libenter
2975 2669 3318 2738 accepimus,
3367 2670 3443 2723 ita
3480 2678 3533 2722 et
3557 2669 3652 2722 ista
3680 2681 3785 2721 cum

2239 2759 2533 2829 gratiarum
2559 2759 2861 2814 actionibus
2892 2769 3305 2827 supportemns.
3335 2757 3398 2813 Si
3439 2758 3568 2811 bona
3608 2758 3786 2824 accepi-

2239 2866 2353 2904 mus
2379 2851 2442 2903 de
2469 2867 2626 2904 manu
2645 2849 2879 2915 Domini,
2907 2849 3048 2903 mala
3077 2859 3252 2902 autem
3301 2867 3465 2918 quare
3498 2865 3598 2904 non
3622 2847 3786 2902 tolere-

2239 2942 2398 2995 mus?
2421 2940 2536 2995 Non
2561 2943 2700 3010 quod
2727 2941 2795 2995 de.
2828 2956 2986 2994 manu
3019 2940 3229 2996 Domini
3265 2941 3567 3009 procedant
3592 2941 3715 2994 bona
3737 2947 3784 2992 et

2240 3034 2402 3098 mala,
2433 3034 2523 3087 sed
2550 3033 2735 3087 omnia
2769 3033 2932 3087 bona.
2968 3032 3043 3085 Ex
3077 3033 3219 3086 bono
3269 3033 3420 3088 enim
3450 3032 3621 3086 omnia
3661 3032 3784 3085 bona

2165 3161 2208 3219 ϐ
2242 3125 2559 3194 procedunt.
2588 3122 2719 3178 Nam
2750 3125 2890 3178 sicut
2921 3124 3314 3178 sol.tenebras
3365 3139 3629 3193 nunquam
3672 3136 3783 3191 pro-

2242 3215 2367 3278 fert,
2398 3215 2478 3269 sic
2512 3214 2763 3268 similiter
2795 3215 2968 3269 bonus
3006 3213 3149 3270 Deus
3199 3230 3482 3284 nunquam
3519 3215 3650 3268 mala
3673 3227 3786 3283 pro-

2241 3304 2412 3368 ducit,
2467 3304 2562 3359 sed
2609 3303 2790 3357 omnia
2845 3305 2983 3358 bona
3022 3315 3186 3372 atque
3223 3306 3455 3374 optima.
3488 3304 3782 3371 Quanquam

2238 3400 2385 3454 enim
2411 3400 2478 3454 ab
2510 3399 2686 3468 impiis
2727 3408 2891 3467 atque
2925 3399 3354 3469 indisciplinatis
3398 3399 3691 3453 hominibus
3727 3412 3782 3450 ea

2241 3506 2360 3560 qua:
2389 3506 2486 3562 pro
2522 3491 2758 3544 vindicta
2791 3501 2844 3545 et
2873 3489 3234 3546 conversione
3267 3501 3438 3559 atque
3481 3489 3783 3560 poenitentia:

2240 3583 2758 3640 commemoratione
2784 3597 2814 3635 a
2839 3581 2948 3637 Deo
2976 3582 3327 3653 ingeruntur,
3375 3597 3481 3635 non
3509 3582 3661 3643 bona,
3697 3578 3782 3631 sed

2239 3675 2378 3731 mala
2429 3675 2833 3739 existimantur,
2895 3683 3073 3728 tamen
3121 3674 3259 3727 bona
3322 3684 3456 3728 sunt
3498 3687 3640 3734 vere,
3669 3671 3780 3739 quia

2234 3782 2357 3824 cum
2391 3768 2456 3822 ad
2489 3767 2866 3839 paenitentiam
2899 3765 3294 3830 converterint,
3324 3776 3525 3821 aeterna
3575 3765 3701 3820 bona
3733 3761 3778 3814 in

2234 3876 2400 3932 regno
2434 3860 2693 3915 caelorum
2725 3873 3019 3930 procurare
3059 3858 3431 3928 reperiuntur.
3482 3856 3570 3911 Sic
3604 3866 3780 3921 nempe

2234 3961 2290 4008 et
2315 3952 2492 4007 omnis
2522 3951 2771 4005 doctrina
2816 3959 2980 4021 atque
3003 3950 3286 4019 disciplina
3323 3952 3392 4005 ab
3418 3943 3779 4003 irrationabili-

2233 4042 2335 4098 bus
2361 4041 2657 4096 infantibus
2701 4055 2808 4095 non
2858 4042 2910 4095 in
2959 4031 3180 4105 bonum,
3224 4042 3320 4096 sed
3351 4043 3403 4097 in
3437 4039 3629 4095 malum
3651 4033 3780 4090 aesti-

2233 4141 2412 4187 matur
2457 4131 2541 4187 vel
2593 4131 2854 4186 ducitur:
2903 4129 2997 4185 sed
3038 4145 3225 4185 revera
3275 4135 3608 4199 c0gnoscunt
3631 4127 3681 4180 in
3706 4122 3780 4177 ul-

2233 4226 2382 4287 timo,
2417 4224 2544 4293 quia
2572 4223 2738 4278 totius
2775 4223 2922 4286 boni,
2951 4222 3033 4276 vel
3070 4222 3258 4289 gratiae
3291 4222 3402 4276 illis
3441 4233 3598 4276 causa
3625 4213 3780 4270 exsti-

2235 4315 2296 4367 tit
2325 4313 2626 4383 disciplina,
2679 4328 2800 4382 quaz
2845 4313 2896 4365 in
2943 4313 3242 4381 primordio
3292 4311 3397 4366 fuit
3428 4304 3774 4366 exsecrabilis.

2233 4401 2482 4457 Humano
2531 4404 2714 4472 itaque
2755 4417 2918 4466 more,
2955 4411 3116 4471 atque
3167 4403 3583 4464 consuetudine,
3606 4408 3657 4452 et
3691 4397 3774 4449 hu-

2235 4507 2396 4545 mano
2425 4489 2524 4545 Job
2557 4507 2684 4545 usus
2726 4491 3034 4561 proverbio,
3074 4493 3210 4544 mala
3265 4499 3320 4544 et
3351 4491 3494 4544 bona
3535 4490 3778 4541 memorat

2235 4586 2457 4640 dicens:
2492 4584 2552 4638 Si
2585 4585 2719 4637 bona
2756 4585 3050 4651 accepimus
3087 4585 3150 4636 de
3179 4599 3339 4637 manu
3383 4582 3607 4644 Domini,
3647 4576 3776 4632 mala

2235 4689 2408 4731 autem
2456 4693 2618 4742 quare
2671 4693 2773 4730 non
2817 4675 3152 4730 toleremus?
3201 4674 3327 4730 Post
3372 4689 3491 4745 qua:
3547 4671 3774 4726 universa

2237 4763 2559 4833 praecipuam
2593 4772 2756 4833 atque
2784 4763 3078 4832 perfectam
3109 4763 3296 4832 gloria:
3328 4776 3586 4818 coronam
3615 4754 3779 4813 confe-

2238 4867 2363 4907 rens
2390 4851 2566 4907 Moses
2600 4854 2758 4907 beato
2804 4851 2927 4919 Job,
2951 4853 3086 4906 dicit
3120 4853 3174 4906 in
3209 4851 3687 4922 subsequentibus:
3715 4842 3774 4896 In

2236 4943 2344 4996 illis
2369 4952 2542 4997 autem
2570 4945 2807 4997 omnibus
2829 4961 2947 5014 qum
2977 4943 3056 4997 illi
3097 4947 3422 5010 acciderunt,
3454 4943 3581 4995 nilut
3607 4952 3776 5007 pecca-

2237 5035 2306 5087 vit
2338 5033 2440 5087 Job
2470 5036 2528 5087 in
2554 5033 2704 5088 labiis
2729 5035 2862 5098 suis,
2898 5050 3062 5103 neque
3087 5037 3142 5090 in
3178 5043 3451 5105 conspectu
3491 5027 3689 5086 Domini
3711 5023 3773 5076 ".

2235 5122 2280 5178 Ο
2311 5123 2444 5187 laus,
2471 5140 2504 5178 ο
2529 5125 2723 5190 honor,
2749 5140 2780 5178 ο
2807 5125 2977 5196 gloria
3003 5135 3057 5181 et
3089 5124 3421 5196 suffragium,
3449 5139 3480 5177 ο
3508 5113 3775 5175 delectatio

2237 5225 2400 5284 atque
2431 5215 2675 5284 praelatio
2704 5217 2845 5270 beati
2877 5215 3010 5271 Joh!
3052 5218 3191 5282 Quid
3225 5218 3453 5286 primum
3483 5208 3770 5282 magniﬁce-

2237 5319 2324 5362 tur
2347 5308 2478 5375 justi
2508 5308 2690 5362 illius?
2719 5309 2798 5362 An
2831 5320 2975 5376 justa
3006 5325 3068 5364 ac
3099 5314 3184 5380 pia
3214 5312 3322 5364 vita
3357 5308 3471 5378 ejus
3511 5305 3576 5356 ab
3607 5297 3766 5357 initio,

2232 5410 2288 5454 et
2315 5401 2628 5456 misericors
2660 5413 2819 5470 atque
2843 5403 2982 5458 bona
3009 5403 3032 5456 Ἰ
3061 5404 3140 5456 Αη
3180 5398 3464 5456 tolerantia
3491 5395 3764 5449 vehemen-

2230 5492 2366 5546 tium
2417 5493 2667 5547 dolorum
2715 5510 2834 5547 cum
2895 5495 3192 5565 gratiarum
3242 5488 3546 5545 actionibus
3587 5482 3610 5534 ?
3670 5476 3768 5565 Atil

2232 5579 2395 5632 etiam
2426 5579 2527 5634 hoc
2555 5580 2697 5650 quod
2741 5596 2862 5636 cum
2894 5564 3087 5636 callide
3137 5581 3484 5633 seduceretur
3514 5587 3544 5626 a
3571 5564 3767 5625 diabolo
