3992 6312
263 374 371 434 4‘5

1356 368 1735 426 ANONYMUS
1772 368 1840 424 IN
1877 368 2016 425 JOB.
2054 397 2116 407 ——
2157 366 2283 422 LIB.
2324 368 2390 422 11.

3391 369 3497 425 494

266 512 364 567 per
392 506 455 549 os
482 492 693 557 uxoris,
731 491 1012 559 sapienter
1064 488 1285 554 restitit,
1315 497 1368 543 et
1400 491 1451 542 in
1481 489 1562 543 his
1583 490 1832 544 omnibus
1863 496 1904 551 Α
1938 490 2145 544 biorum
2179 496 2373 543 cuncta
2421 488 2475 541 in
2523 488 2819 558 gratiarum
2866 487 3134 543 actionem
3168 496 3329 559 atque
3357 503 3490 544 con-

261 591 466 656 justum
494 600 560 639 ac
592 586 789 639 bonum
824 584 985 636 Deum
1013 581 1343 635 existimavit
1370 582 1461 649 qui
1496 583 1610 636 hzec
1639 583 1687 636 ei
1722 584 1835 635 uni—

265 695 419 734 versa
454 678 593 732 bene
621 677 889 748 ingessit?
940 675 1062 728 Haec
1102 675 1281 744 itaque
1333 676 1716 729 demonstrans
1754 675 1836 730 di-

262 773 377 828 cit:
410 770 476 824 In
500 770 582 823 his
614 770 851 823 omnibus
883 783 1000 837 qum
1024 765 1071 819 ei
1102 768 1405 819 acciderunt
1442 766 1577 818 nihil
1601 767 1833 834 peccavit

262 862 367 917 Job
407 864 461 915 in
497 861 652 913 labiis
698 862 828 923 suis,
866 874 1028 927 neque
1086 859 1141 911 in
1192 865 1469 922 conspectu
1501 856 1735 911 Domini.
1772 856 1829 911 In

264 956 372 1019 his,
407 953 601 1022 inquit,
632 949 884 1004 omnibus
918 948 1183 1019 plurimis,
1217 948 1424 1017 magnis
1456 963 1520 1001 ac
1566 948 1832 1003 mirabili-

266 1048 369 1101 bus
422 1056 583 1114 atque
644 1042 1001 1099 terribilibus.
1056 1040 1492 1095 lamentabilibus
1519 1055 1732 1110 quoque
1765 1056 1832 1095 ac

265 1136 666 1192 miserabilibus
693 1134 888 1204 quibus
920 1134 1121 1188 similia
1145 1142 1297 1205 gesta
1333 1147 1438 1186 non
1474 1140 1621 1198 sunt,
1655 1134 1705 1187 in
1734 1133 1837 1187 mi-

175 1304 187 1311 .
265 1231 425 1285 seriis
475 1239 636 1297 atque
681 1229 733 1281 in
784 1227 1217 1290 infelicitatibus,
1261 1228 1313 1279 in
1349 1226 1600 1281 omnibus
1645 1241 1762 1294 quae
1802 1241 1831 1279 a

267 1320 467 1376 seculo
487 1328 612 1374 sunt
641 1316 808 1382 facta,
844 1328 899 1373 et
930 1320 1059 1372 fient
1088 1333 1259 1386 usque
1288 1318 1341 1371 in
1382 1327 1665 1381 aeternum,
1705 1318 1830 1387 qui-

268 1410 367 1464 bus
408 1409 605 1463 similia
666 1408 778 1461 visa
837 1421 943 1461 non
974 1414 1121 1472 sunt,
1163 1420 1335 1475 neque
1374 1406 1554 1460 audita
1588 1407 1686 1459 sub
1721 1406 1832 1460 sole

268 1501 333 1554 ab
376 1500 529 1553 initio
559 1497 738 1553 szeeuli
770 1506 825 1553 et
848 1512 1015 1567 usque
1069 1497 1123 1551 in
1172 1496 1695 1552 consummationem
1733 1511 1832 1550 sae-

268 1589 532 1661 culorum.
559 1587 616 1641 lu
643 1588 761 1641 istis
797 1601 925 1656 ergo
962 1586 1219 1641 omnibus
1249 1584 1382 1639 nihil
1418 1585 1665 1652 peccavit
1709 1583 1831 1649 Job,

275 1682 525 1751 neque-in
560 1680 741 1735 verbis
787 1679 1076 1747 labiorum,
1120 1692 1293 1747 neque
1331 1679 1384 1731 in
1430 1677 1541 1732 oris
1583 1676 1831 1746 eloquiis,

271 1790 443 1845 neque
463 1775 517 1828 in
548 1774 729 1829 cordis
764 1772 1203 1843 cogitatiOnibus,
1237 1786 1411 1839 neque
1445 1769 1499 1823 in
1524 1770 1687 1825 animi
1725 1785 1834 1824 me-

1937 580 2222 635 fessionem
2254 580 2344 634 Dei
2373 589 2735 635 converteret.
2771 581 3059 636 Evidenter
3092 580 3327 650 implevit
3368 579 3488 635 bea-

1935 680 2021 726 tus
2057 671 2144 725 ille
2176 673 2338 726 homo
2382 673 2524 741 quod
2554 680 2677 741 post
2721 673 2825 726 hoc
2875 672 2942 725 ab
2987 672 3241 740 Apostolo
3282 672 3484 726 dictum

1935 775 2053 819 est:
2090 764 2585 832 Glorificale'Deum
2621 766 2673 818 in
2706 782 2924 834 corpore
2944 774 3111 819 vestro
3142 776 3187 819 et
3217 767 3272 818 in
3300 766 3489 835 spiritu

1934 865 2101 909 vestro
2149 857 2245 912 '7'.
2285 855 2430 925 Ergo
2465 856 2589 924 quia
2626 870 2654 909 a
2687 856 2864 911 verbis
2894 855 3157 909 labiorum
3205 871 3375 925 usque
3426 857 3490 910 ad

1935 948 2111 1002 cordis
2137 947 2493 1018 cogitationes
2525 946 2927 1001 immaculatum
2980 960 3037 1000 se
3089 955 3143 999 et
3177 945 3487 1000 inviolatum

1934 1048 2096 1107 atque
2153 1039 2630 1092 incontaminatum
2685 1037 3030 1093 conservavit
3085 1036 3139 1090 in
3193 1045 3487 1106 conspectu

1936 1128 2170 1196 Domini,
2211 1137 2466 1198 tanquam
2495 1129 2540 1183 si
2576 1129 2805 1193 diceret,
2832 1143 3005 1197 neque
3038 1127 3140 1182 hoc
3165 1128 3332 1196 gessit
3353 1130 3490 1196 quod

1936 1220 2181 1287 plurimis
2210 1221 2430 1285 accidit,
2484 1230 2543 1274 ut
2594 1219 2880 1275 labascant
2924 1220 2977 1275 in
3012 1220 3176 1274 verbo
3203 1229 3255 1273 et
3288 1235 3391 1273 non
3426 1235 3491 1273 ex

1935 1312 2117 1367 corde.
2157 1310 2273 1365 Non
2320 1311 2462 1365 enim
2512 1310 2693 1380 lapsus
2730 1319 2813 1365 est
2840 1308 2892 1362 in
2930 1322 3181 1363 sermone
3208 1309 3489 1374 labiorum,

1930 1404 2084 1473 juxta
2115 1404 2217 1456 hoc
2242 1403 2385 1471 quod
2414 1403 2616 1456 dictum
2639 1409 2723 1455 est
2748 1400 2977 1469 quodam
3009 1399 3062 1453 in
3098 1400 3218 1455 loco
3245 1401 3298 1453 in
3343 1399 3492 1455 Scri-

1933 1503 2091 1565 ptura
2120 1508 2136 1547 :
2165 1494 2261 1548 Est
2294 1494 2383 1563 qui
2410 1493 2633 1546 labascit
2662 1492 2718 1545 in
2735 1490 2904 1557 verba,
2938 1490 3012 1543 vel
3040 1492 3095 1545 in
3110 1508 3197 1545 ore
3222 1502 3268 1545 et
3303 1509 3404 1546 non
3430 1508 3493 1545 ex

1934 1584 2108 1639 corde.
2158 1584 2297 1653 Ergo
2344 1584 2467 1652 quia
2521 1584 2711 1638 beatus
2763 1582 2862 1638 Job
2909 1584 3056 1638 nullo
3106 1583 3267 1637 modo
3308 1582 3492 1652 lapsus

1935 1686 2042 1741 est,
2078 1691 2251 1745 neque
2299 1676 2349 1729 in
2395 1689 2510 1739 ore,
2543 1690 2717 1744 neque
2742 1675 2793 1729 in
2823 1689 3095 1741 sermone,
3124 1687 3297 1742 neque
3324 1674 3376 1727 in
3410 1674 3487 1729 lac

1935 1768 2064 1830 biis,
2094 1783 2267 1837 neque
2314 1769 2364 1821 in
2415 1767 2598 1831 corde,
2632 1776 2915 1836 propterea
2948 1766 3300 1837 magnificans
3338 1764 3485 1820 illum

268 1839 640 1920 ditationibus.
694 1839 857 1930 Quod
899 1873 1077 1915 autem
1116 1861 1186 1915 ita
1237 1862 1330 1924 sit,
1365 1861 1600 1916 ostendit
1624 1874 1744 1915 mox
1778 1861 1830 1914 in
1864 1839 1907 1897 Β
1941 1874 2167 1931 magnus
2206 1860 2295 1915 ille
2320 1861 2481 1913 homo
2520 1860 2611 1913 Dei
2640 1858 2836 1923 Moses,
2876 1858 3148 1913 admirans
3182 1873 3392 1927 quoque
3426 1873 3492 1913 ac

269 1957 720 2027 subsequentibus
747 1956 973 2009 dicens:
1011 1953 1193 2024 Neque
1220 1955 1273 2007 in
1302 1954 1457 2009 labiis
1498 1954 1632 2020 suis,
1672 1970 1833 2023 neque

267 2050 321 2101 in
348 2056 629 2118 conspectu
665 2046 895 2110 Domini,
918 2054 971 2100 et
1002 2061 1107 2099 non
1138 2038 1433 2101 suffecerat
1496 2057 1555 2100 ut
1606 2047 1830 2111 diceret,

268 2156 430 2210 neque
450 2141 505 2192 in
540 2146 816 2206 conspectu
846 2137 1080 2202 Domini,
1110 2138 1200 2191 sed
1234 2146 1287 2190 et
1336 2137 1440 2192 hoc
1474 2138 1628 2203 dixit,
1673 2154 1834 2205 neque

265 2232 319 2284 in
349 2230 504 2285 labiis
529 2232 660 2283 suis.
693 2228 829 2297 Quid
880 2237 959 2283 est
1016 2231 1139 2294 hoc,
1183 2244 1343 2300 neque
1392 2230 1449 2281 in
1494 2229 1650 2282 labiis
1682 2231 1834 2283 suis?

262 2321 510 2390 velquid
542 2323 640 2376 hoc
669 2329 767 2385 est,
818 2336 980 2387 neque
1004 2321 1060 2373 in
1106 2330 1383 2387 conspectu
1445 2319 1693 2374 Domini?
1719 2322 1832 2374 Au-

266 2415 400 2477 dite,
438 2429 470 2468 o
509 2414 690 2477 amici,
722 2412 1018 2467 veridicum
1054 2412 1474 2479 expositionem.
1500 2410 1650 2477 Quod
1683 2412 1829 2474 dicit,

267 2506 320 2558 in
346 2515 625 2572 conspectu
653 2504 887 2569 Domini,
920 2504 1023 2558 hoc
1052 2512 1154 2568 est,
1193 2502 1374 2557 cordis
1403 2503 1751 2572 cogitatione,
1780 2512 1835 2556 et

271 2596 463 2648 anima:
498 2593 763 2662 profundo
801 2604 1033 2648 tractatu
1066 2595 1325 2649 adversus
1374 2592 1543 2647 Deum
1579 2593 1711 2647 nihil
1737 2608 1834 2648 co-

270 2686 443 2754 gitans
474 2685 526 2737 in
560 2686 982 2754 reprehensione
1010 2695 1065 2739 et
1094 2689 1145 2740 in
1175 2685 1505 2755 blasphemia
1536 2695 1702 2754 atque
1729 2687 1834 2740 cri-

271 2777 563 2831 minatione
613 2792 732 2846 qua:
778 2777 832 2830 in
878 2785 1175 2846 conspectu
1231 2776 1323 2831 Dei
1376 2777 1706 2846 deprimunt,
1743 2778 1831 2845 qui

270 2867 674 2937 inquiritrenes
726 2876 781 2922 et
818 2869 1005 2929 corda,
1059 2868 1147 2936 qui
1198 2867 1349 2922 novit
1387 2868 1597 2922 occulta
1629 2868 1832 2935 cordis,

269 2960 410 3013 sicut
448 2960 577 3013 dicit
627 2959 930 3028 Scriptura.
977 2958 1153 3014 Verba
1206 2952 1385 3013 autem
1435 2959 1700 3013 labiorum
1731 2958 1835 3012 ali-

268 3052 485 3119 quando
515 3067 578 3105 ex
609 3053 769 3105 corde
801 3052 1074 3118 dicuntur,
1106 3051 1392 3120 aliquando
1430 3061 1610 3104 autem
1641 3052 1834 3104 incon-

265 3134 942 3213 sideranterproferumur
971 3160 1037 3199 ex
1088 3143 1379 3207 incautela,
1411 3152 1464 3197 et
1493 3158 1600 3197 non
1622 3158 1689 3197 ex
1726 3143 1833 3195 ini-

266 3237 496 3304 quitate,
547 3250 720 3305 neque
760 3250 827 3288 ex
879 3236 1253 3290 malevolentia
1298 3253 1311 3288 :
1366 3237 1457 3290 sed
1524 3234 1837 3303 frequenter

265 3344 366 3383 ore
399 3328 635 3397 loquitur
665 3330 851 3391 homo,
883 3330 1024 3398 quod
1065 3330 1286 3383 omnino
1340 3327 1505 3382 corde
1543 3340 1716 3395 neque
1747 3341 1838 3408 co-

266 3423 483 3490 gitavit,
516 3437 613 3476 nec
649 3422 870 3491 cogitat.
904 3422 1045 3489 Ergo
1085 3421 1209 3491 quia
1259 3419 1597 3473 admirabilis
1637 3432 1700 3471 ac
1737 3432 1833 3485 pa-

266 3514 629 3568 tientissimus
650 3513 770 3579 Job,
803 3529 924 3568 cum
955 3513 1010 3567 in
1052 3522 1227 3566 tantas
1263 3512 1636 3566 tribulationes
1661 3518 1837 3562 trans-

266 3608 396 3673 iret,
423 3616 477 3661 et
506 3616 683 3661 tantos
714 3606 931 3661 dolores
986 3604 1246 3660 nefandos
1272 3604 1590 3666 sustineret,
1630 3609 1831 3656 tantas-

264 3712 376 3768 que
404 3699 743 3753 seductiones
773 3707 1094 3766 superaret:
1130 3710 1309 3765 neque
1334 3695 1387 3748 in
1424 3694 1584 3748 corde
1638 3694 1835 3746 malum

269 3792 338 3844 de
373 3790 507 3855 Deo,
545 3806 720 3860 neque
751 3792 1012 3843 adversus
1055 3789 1222 3841 Deum
1269 3786 1546 3855 cogitavit,
1585 3799 1757 3852 neque
1784 3784 1835 3837 in

272 3882 434 3937 labiis
467 3886 580 3937 suis
608 3897 705 3952 per
742 3882 1006 3936 incuriam
1056 3880 1222 3933 ullum
1276 3893 1501 3949 parvum
1531 3889 1837 3931 sermonem

267 3975 517 4045 protulit,
564 3984 848 4043 propterea
904 3972 1257 4039 magnificans
1317 3970 1469 4023 illum
1512 3979 1565 4022 et
1615 3968 1839 4022 laudans

270 4078 433 4139 atque
510 4064 789 4135 perferens
842 4064 1005 4118 dicit:
1046 4061 1112 4115 In
1154 4062 1236 4115 his
1314 4059 1555 4113 omnibus
1630 4074 1747 4128 qua:
1790 4060 1838 4112 ei

270 4160 579 4214 acciderunt
616 4173 718 4210 non
764 4155 989 4224 peccavit
1031 4152 1155 4218 Job,
1197 4168 1360 4221 neque
1412 4152 1465 4203 in
1512 4152 1664 4204 labiis
1705 4152 1836 4217 suis,

272 4268 433 4320 neque
466 4251 520 4303 in
543 4258 817 4317 conspectu
852 4247 1079 4300 Domini.
1114 4246 1194 4299 Ac
1221 4245 1266 4298 si
1301 4245 1540 4297 diceret:
1573 4243 1617 4296 υ
1645 4257 1835 4310 magna

272 4344 437 4411 atque
460 4341 754 4395 vehemens
790 4337 1097 4402 admiratio,
1140 4351 1173 4391 ο
1200 4350 1390 4404 magna
1433 4344 1596 4403 atque
1651 4335 1838 4404 ingens

274 4435 533 4504 patientia
568 4432 693 4495 viri,
725 4438 783 4483 ut
820 4430 873 4482 in
906 4428 1157 4482 omnibus
1186 4437 1293 4480 tam
1348 4424 1540 4478 validis
1566 4425 1839 4479 doloribus

274 4533 434 4593 atque
463 4524 514 4576 in
543 4522 791 4575 omnibus
817 4519 1030 4587 iugibus
1064 4518 1260 4587 pmnis,
1308 4516 1381 4570 ita
1426 4531 1485 4570 se
1519 4517 1712 4570 beatus
1749 4516 1836 4569 ille

274 4617 609 4678 observaret,
664 4623 721 4666 ut
765 4613 988 4665 omnino
1029 4624 1130 4665 nec
1180 4611 1232 4663 in
1277 4610 1431 4664 labiis
1471 4610 1585 4663 suis
1628 4623 1729 4662 nec
1780 4608 1833 4662 in

274 4708 435 4765 corde
458 4721 557 4761 suo
596 4706 741 4758 circa
772 4705 936 4758 Deum
976 4703 1328 4771 delinqueret.
1357 4699 1490 4754 Nam
1526 4702 1668 4755 sicut
1709 4714 1832 4755 cor-

275 4798 358 4855 dis
384 4799 465 4854 sui
494 4796 850 4866 cogitationes
896 4804 1060 4864 atque
1107 4794 1271 4847 animi
1330 4794 1411 4848 sui
1454 4792 1832 4846 meditationes

280 4902 456 4947 castas
482 4905 671 4945 omnes
695 4903 757 4941 ac
788 4889 1019 4941 mundas
1048 4885 1414 4951 conservavit,
1443 4894 1499 4938 et
1525 4900 1632 4940 non
1674 4897 1835 4953 pravo

279 4986 417 5039 circa
443 4986 609 5039 Deum
646 4982 941 5051 cogitavit:
973 4981 1042 5033 ita
1072 4996 1099 5033 a
1132 4979 1313 5034 verbis
1364 4978 1630 5031 labiorum
1668 4985 1831 5044 atque

282 5079 387 5133 oris
424 5076 651 5147 eloquiis
685 5073 1013 5139 observavit,
1044 5081 1103 5126 ut
1135 5084 1234 5125 nec
1269 5071 1432 5124 corde
1462 5069 1837 5135 delinqueret,

284 5186 451 5240 neque
476 5170 529 5223 in
566 5182 816 5223 sermone
849 5174 1118 5235 peccaret,
1151 5163 1247 5219 sed
1274 5172 1441 5217 totum
1487 5161 1832 5228 semetipsum

283 5270 333 5316 ει
356 5262 533 5316 cordis
557 5259 780 5317 consilia
816 5268 869 5313 et
911 5273 1178 5314 sermonis
1221 5255 1431 5327 eloquia
1461 5263 1515 5309 et
1557 5250 1723 5307 verba
1750 5249 1830 5304 la-

348 5438 468 5496 "'1
494 5440 620 5495 Cor.
669 5454 741 5505 vt,
771 5437 864 5493 20.

1939 1952 2162 2005 laudans
2190 1965 2311 2005 eum
2339 1950 2507 2004 dicit:
2540 1948 2608 2002 In
2632 1950 2712 2002 liis
2751 1950 3008 2016 omnibus,
3040 1965 3156 2019 qua:
3190 1950 3491 2006 acciderunt

1938 2047 2007 2109 ei,
2028 2062 2129 2098 non
2156 2045 2383 2114 peccavit
2407 2044 2506 2097 Job
2528 2045 2585 2097 in
2614 2043 2767 2097 labiis
2794 2044 2922 2107 suis,
2954 2058 3112 2111 neque
3133 2045 3189 2096 in
3221 2055 3492 2110 conspectu

1940 2136 2172 2190 Domini.
2220 2135 2331 2202 Sic,
2374 2136 2569 2204 inquit,
2620 2134 2867 2189 transivit
2908 2135 3238 2189 admirabilis
3268 2138 3369 2190 Job
3393 2151 3496 2189 διε·

1944 2228 2225 2282 vissimum
2276 2227 2407 2281 illud
2459 2226 2700 2280 dolorum
2735 2225 2975 2294 pelagus,
3009 2226 3088 2279 sic
3115 2227 3389 2292 superavit
3414 2227 3495 2281 in-

1940 2320 2328 2389 explorabilem
2380 2334 2531 2373 suam
2580 2317 2939 2375 tentationum
2987 2316 3404 2382 multitudinem,
3436 2326 3496 2371 ut

1942 2412 2076 2465 nihil
2112 2418 2383 2481 peccaret,
2410 2424 2585 2479 neque
2615 2408 2668 2463 in
2703 2408 2862 2463 labiis
2903 2408 3032 2470 suis,
3072 2422 3246 2477 neque
3279 2408 3329 2461 in
3370 2423 3498 2463 eon-

1941 2511 2125 2572 spectu
2165 2502 2398 2555 Domini.
2433 2501 2576 2554 Ante
2628 2500 2952 2555 tentationes
2999 2514 3102 2553 non
3147 2500 3410 2568 peccavit,
3442 2499 3497 2554 in

1948 2592 2332 2649 tentationibus
2372 2606 2478 2646 non
2509 2592 2776 2660 peccavit.
2806 2590 2850 2646 Ο
2874 2592 3028 2646 beate
3059 2588 3181 2657 Job,
3206 2590 3327 2659 quis
3356 2592 3497 2644 siuti,

1943 2684 2010 2738 lis
2042 2681 2136 2738 tibi
2178 2683 2503 2755 gloriabitur
2553 2691 2774 2753 propter
2796 2680 3107 2750 justitiam?
3145 2681 3386 2736 Mortuus
3416 2691 3498 2736 est

1942 2775 2095 2842 Abel,
2130 2776 2223 2830 sed
2254 2774 2420 2830 semel
2447 2783 2499 2829 et
2531 2774 2785 2829 celeriter
2815 2785 2898 2829 est
2919 2784 3162 2827 mortuus
3196 2787 3211 2826 :
3262 2774 3497 2828 admira-

1940 2866 2062 2921 bilis
2093 2882 2220 2921 vero
2245 2865 2347 2922 Job
2374 2882 2494 2921 cum
2528 2865 2673 2921 mille
2704 2875 2907 2920 mortes
2925 2866 3242 2932 sustineret,
3265 2875 3493 2919 mortem

1942 2960 2236 3028 superavit,
2272 2966 2502 3012 mortem
2527 2957 2683 3024 vicit,
2716 2957 2769 3010 in
2800 2966 2975 3011 morte
3018 2957 3301 3011 victoriam
3352 2970 3498 3011 sum-

1942 3050 2072 3118 psit.
2106 3050 2266 3105 Solus
2300 3066 2363 3105 ex
2398 3050 2650 3103 omnibus
2679 3048 2936 3118 antiquis,
2966 3064 3084 3103 cum
3122 3058 3386 3103 mortuum
3411 3063 3497 3103 se-

1942 3143 2227 3211 metipsum
2261 3143 2571 3213 inspiceret,
2605 3157 2634 3195 a
2674 3152 2851 3196 morte
2881 3155 2984 3194 non
3018 3140 3336 3209 trepidavit:
3368 3155 3492 3193 nam

1940 3233 2073 3288 vidit
2111 3232 2244 3287 eflici
2310 3241 2581 3297 mortuos,
2634 3247 2754 3286 cum
2798 3232 3049 3285 nimirum
3096 3232 3232 3286 vidit
3299 3240 3497 3286 semeto

1942 3324 2116 3393 ipsum
2142 3324 2255 3378 fieri
2279 3324 2614 3393 putredinem
2641 3331 2695 3377 et
2718 3336 2946 3383 vermes,
2972 3323 3063 3376 sed
3091 3337 3196 3377 non
3230 3321 3349 3375 ideo
3372 3332 3498 3379 ante

1942 3425 2167 3470 mortem
2203 3415 2438 3484 expavit,
2474 3414 2568 3469 sed
2601 3423 2823 3467 mortem
2866 3414 2919 3467 in
2964 3412 3142 3482 fugam
3175 3413 3335 3466 vertit
3368 3427 3492 3466 cum

1940 3506 2193 3560 omnibus
2249 3507 2365 3576 ejus
2413 3504 2742 3575 argumentis
2788 3514 2948 3573 atque
2987 3504 3239 3557 versutiis
3267 3513 3321 3558 et
3368 3517 3491 3557 cum

1940 3599 2141 3668 iniquis
2168 3598 2287 3668 ejus
2312 3598 2664 3652 exercitibus.
2695 3596 2830 3649 Nam
2861 3610 2980 3647 cum
3012 3587 3225 3648 omnem
3258 3602 3495 3662 potesta-

1941 3696 2047 3744 tem
2091 3690 2145 3742 in
2198 3704 2320 3743 eum
2354 3689 2625 3756 acciperet
2656 3703 2801 3741 mors
2833 3687 2956 3756 (hoc
2984 3696 3068 3741 est
3093 3684 3496 3751 diabolus)abs-

1940 3796 2044 3849 que
2082 3781 2262 3835 anima
2312 3781 2448 3847 sola,
2480 3790 2534 3833 et
2568 3789 2623 3834 ut
2658 3788 2965 3849 percuteret
2988 3786 3043 3832 et
3080 3786 3137 3831 ut
3161 3777 3501 3832 exulceraret

1940 3882 1995 3927 et
2025 3881 2083 3925 ut
2114 3881 2389 3940 torqueret
2410 3881 2465 3926 et
2490 3880 2547 3926 ut
2576 3873 2878 3935 seduceret,
2917 3885 3037 3925 cum
3077 3878 3270 3925 cuneta
3299 3884 3499 3924 secun-

1940 3962 2065 4018 dum
2113 3962 2365 4017 virtutem
2417 3977 2571 4017 suam
2619 3962 2945 4017 insatiabilis
2993 3977 3150 4016 mors
3192 3970 3495 4029 exerceret,

1942 4067 2279 4123 nequaquam
2336 4055 2629 4125 quidquam
2678 4053 2902 4123 justitiaa
2944 4053 2999 4107 in
3046 4053 3138 4107 illo
3172 4054 3329 4107 beato
3361 4055 3498 4110 mori

1938 4146 2133 4215 petuit.
2170 4144 2374 4201 idcirco
2404 4160 2549 4199 mors
2577 4146 2715 4214 apud
2743 4143 2844 4201 Job
2885 4155 3093 4199 mortua
3121 4153 3202 4199 cst
3224 4160 3347 4199 cum
3374 4160 3495 4200 om-

1939 4237 2095 4291 nibus
2120 4235 2420 4292 eﬂicientiis
2449 4238 2563 4292 suis
2587 4254 2601 4291 :
2624 4238 2832 4306 jnstitia
2870 4252 2999 4291 vero
3033 4252 3151 4306 quae
3196 4237 3248 4290 in
3295 4252 3359 4291 eo
3394 4238 3499 4298 pri-

1940 4330 2056 4384 dem
2087 4328 2321 4398 vigebat,
2354 4330 2525 4398 magis
2557 4345 2620 4384 ac
2643 4330 2813 4397 magis
2844 4330 2897 4383 in
2924 4329 3017 4383 illo
3046 4329 3246 4383 divinis
3273 4328 3502 4382 visioni—

1938 4422 2038 4476 bus
2086 4430 2250 4490 atque
2298 4422 2479 4474 divino
2526 4421 2795 4489 colloquio
2850 4422 3063 4475 revixit.
3115 4418 3159 4473 Ο
3215 4420 3370 4473 beate
3392 4417 3493 4474 Job

1940 4513 2128 4567 vivens
2156 4516 2208 4565 in
2236 4520 2552 4581 perpetuum
2584 4512 2722 4581 apud
2757 4511 2943 4573 Deum,
2989 4520 3043 4565 et
3083 4510 3255 4564 victor
3286 4526 3501 4581 perma-

1943 4618 2075 4658 nens
2128 4602 2180 4656 in
2232 4611 2522 4672 conspectu
2575 4603 2718 4671 regis
2760 4602 2997 4667 Domini,
3045 4618 3139 4655 ora
3190 4617 3287 4670 pro
3334 4603 3495 4657 nobis

1943 4696 2180 4759 miseris,
2224 4702 2285 4749 ut
2318 4696 2478 4749 etiam
2536 4708 2634 4747 nos
2680 4693 2935 4747 terribilis
2985 4691 3078 4747 Dei
3125 4692 3497 4750 misericordia

1942 4798 2186 4857 protegat
2211 4788 2262 4842 in
2293 4788 2541 4841 omnibus
2583 4785 3043 4851 tribulationibus,
3092 4794 3148 4839 et
3193 4785 3388 4853 eripiat
3429 4784 3497 4837 ab

1943 4879 2192 4934 omnibus
2236 4877 2681 4949 oppressionibus
2732 4877 2990 4946 maligni;
3038 4885 3093 4930 et
3150 4884 3502 4931 connumeret

1945 4988 2044 5028 nos
2067 4988 2187 5027 eum
2217 4971 2399 5041 justis,
2425 4979 2479 5023 et
2502 4968 2815 5023 conscribat
2840 4982 2937 5022 nos
2963 4982 3084 5022 cum
3127 4966 3213 5021 his
3242 4964 3328 5034 qui
3354 4964 3499 5020 salvi

1946 5066 2098 5128 fiunt,
2130 5073 2186 5117 et
2208 5062 2550 5133 requiescere
2601 5075 2701 5114 nos
2730 5060 2896 5114 faciat
2935 5074 3059 5113 cum
3096 5059 3207 5114 illis
3236 5059 3289 5111 in
3328 5071 3497 5126 regno

1940 5170 2062 5219 suo,
2116 5155 2207 5210 ubi
2275 5163 2533 5225 perpetuo
2604 5167 2727 5208 cum
2811 5157 3015 5208 sanctis
3083 5148 3494 5221 magnificemus

1934 5248 2104 5302 illum.
