3992 6312
604 493 865 507 ὐ-

1668 341 2047 401 ANONYMUS
2078 344 2145 399 IN
2184 345 2319 401 JOB.
2360 377 2427 388 —
2465 346 2592 404 LIB.
2632 343 2718 401 Ill.

1733 648 2077 740 LIBER
2158 650 2714 741 TERTIUS.

662 1011 879 1082 Magnos
920 1024 982 1064 ac
1009 1008 1269 1078 plurimos
1296 1007 1588 1077 stupendos
1611 1020 1827 1076 quoque
1873 1020 1939 1059 ac
1994 1003 2146 1057 terri-
2183 1008 2227 1064 Α
2260 1005 2399 1067 nias,
2444 1003 2578 1058 alios
2616 1003 2684 1059 ad
2717 1001 2979 1072 rapinas,‘
3009 1000 3144 1059 alios
3188 1000 3256 1056 ad
3303 1000 3437 1055 alias
3467 1000 3775 1071 iniquitates,

600 1104 733 1159 biles
771 1102 874 1157 Job
907 1101 1118 1156 dolores
1148 1102 1202 1155 in
1240 1098 1480 1170 praefatis
1506 1098 2012 1160 demonstravimus,
2039 1109 2143 1148 non

594 1195 750 1265 juxta
784 1196 1038 1249 meritum
1065 1194 1194 1262 justi
1233 1192 1399 1259 illius,
1446 1190 1541 1245 sed
1566 1189 1718 1260 juxta
1755 1188 2005 1242 virtutem
2046 1201 2145 1238 no-

596 1299 726 1343 stra:
758 1287 1135 1351 humanitatis,
1183 1293 1239 1339 et
1280 1282 1573 1338 secundum
1624 1281 1820 1334 donum
1854 1278 1967 1333 Dei.
2019 1276 2153 1342 Quis

601 1380 746 1435 enim
777 1380 929 1450 juxta
961 1380 1211 1432 meritum
1244 1375 1443 1446 poterit
1470 1373 1675 1441 justum
1708 1371 1857 1425 illum
1903 1368 2147 1440 magniﬁ-

590 1486 737 1535 care,
770 1486 927 1540 quem
956 1470 1071 1540 ipse
1102 1469 1385 1531 Dominus,
1416 1466 1504 1535 qui
1527 1465 1689 1520 corda
1717 1462 2014 1534 cognoscit,
2037 1476 2153 1516 ma-

590 1564 855 1635 gniﬁcans
882 1562 1053 1617 dicit:
1091 1564 1206 1615 Non
1240 1570 1312 1614 est
1337 1557 1517 1612 simili:
1568 1556 1645 1609 illi
1690 1556 1964 1627 quisquam
1993 1570 2151 1622 super

596 1666 795 1711 terram
828 1642 922 1707 ³⁸⁸2
962 1651 1017 1707 Si
1056 1653 1221 1720 igitur
1269 1660 1395 1705 ante
1445 1650 1749 1719 passionem
1796 1662 1900 1702 non
1938 1646 2037 1699 fuit
2076 1646 2150 1700 illi

592 1748 789 1805 similis
819 1750 1100 1817 quisquam
1129 1757 1294 1813 super
1322 1752 1549 1806 terram,
1590 1743 1633 1796 si
1662 1749 1840 1794 autem
1884 1754 1981 1793 nec
2026 1746 2150 1792 ante

590 1856 693 1896 nec
719 1849 900 1910 postea
924 1840 1024 1893 fuit
1056 1837 1135 1891 illi
1174 1835 1365 1891 similis
1401 1835 1688 1904 quisquam
1725 1844 1898 1902 super‘
1925 1840 2144 1897 terram,

591 1934 713 2005 quis
735 1948 798 1987 ex
844 1932 926 1987 bis
959 1930 1047 2001 qui
1079 1940 1202 1985 sunt
1241 1943 1402 1998 super
1439 1939 1665 1993 terram,
1699 1924 1855 1995 juxta
1893 1924 2146 1979 meritum

589 2027 954 2081 narrationem
992 2023 1076 2077 vel
1103 2022 1312 2077 laudem
1350 2019 1422 2074 illi
1458 2019 1714 2073 exhibere
1746 2016 1965 2087 potest?
2026 2015 2139 2069 Non

591 2119 761 2173 solum
794 2118 934 2171 enim
962 2129 1149 2170 omnes
1172 2112 1441 2176 homines,
1489 2110 1582 2165 sed
1636 2120 1762 2180 puto
1790 2108 1931 2178 quod
1959 2118 2014 2162 et
2048 2122 2145 2161 au-

585 2210 687 2266 deo
719 2210 919 2272 dicere,
956 2208 1117 2262 etiam
1178 2205 1321 2275 ipsos
1373 2202 1613 2274 angelos,
1644 2213 1804 2271 atque
1828 2216 2015 2256 omnes
2039 2200 2146 2253 da:-

584 2315 772 2354 mones
804 2298 1089 2367 perterruit
1124 2295 1224 2351 Job
1257 2296 1540 2350 tolerantia
1574 2304 1629 2347 et
1653 2292 1953 2349 constantia
1984 2301 2146 2359 atque

581 2392 738 2455 ﬁdes,
778 2406 898 2445 cum
944 2391 1106 2443 ilerra
1142 2395 1195 2441 et
1237 2388 1403 2439 lutum
1428 2386 1700 2454 superavit
1724 2398 1937 2439 omnem
1972 2384 2142 2437 virtu-
2174 2369 2214 2423 Β

583 2497 688 2541 tem
721 2500 783 2538 ac
807 2480 1176 2537 fortitudinem
1211 2487 1372 2547 atque
1420 2491 1632 2531 onmem
1666 2480 1956 2530 versutiam
1988 2476 2141 2529 mali-

582 2575 827 2649 gnissimi
856 2572 1093 2635 diaboli,
1125 2572 1215 2640 qui
1246 2586 1369 2624 cum
1423 2569 1698 2636 acceperit
1729 2568 1779 2621 in
1814 2582 1937 2620 eum
1996 2576 2145 2635 pote-

580 2677 799 2728 statem,
853 2672 1047 2718 cuncta
1105 2663 1219 2716 haec
1272 2661 1325 2714 in
1376 2673 1441 2714 eo
1484 2659 1747 2726 exercuit,
1800 2673 1918 2726 quae
1964 2658 2142 2712 omnia

583 2758 747 2814 corda
801 2757 852 2810 in
903 2768 1150 2825 pavorem
1195 2753 1488 2817 deducunt,
1545 2760 1599 2805 et
1652 2765 1863 2805 omnem
1906 2751 2142 2804 animam

579 2859 798 2919 stupere
857 2848 1082 2901 faciunt.
1134 2845 1297 2917 Cujus
1344 2845 1486 2899 enim
1531 2843 1754 2897 alterius
1817 2851 2140 2911 potestatem

579 2941 786 3012 accepit
814 2940 1102 3009 aliquando
1130 2936 1390 3003 diabolus,
1415 2935 1520 2992 nisi
1544 2935 1711 2989 solius
1741 2934 1881 2988 Job?
1910 2935 1966 2987 Si
1996 2934 2140 2987 enim

578 3034 801 3090 alterius
843 3032 1130 3102 cujuslibet
1164 3039 1483 3099 potestatem
1532 3026 1833 3096 accepisset
1876 3025 2139 3090 diabolus,

579 3123 823 3195 profecto
876 3140 981 3179 non
1023 3122 1239 3186 lateret,
1276 3122 1367 3178 sed
1404 3120 1492 3175 ille
1534 3120 1586 3173 in
1610 3134 1673 3174 eo
1703 3119 1841 3189 quod
1868 3119 2032 3173 etiam
2088 3118 2139 3170 in

579 3217 681 3274 Job
735 3216 976 3272 excreuit
1028 3215 1384 3284 perfecisset:
1447 3212 1600 3283 cujus
1636 3227 1752 3266 rem
1821 3210 2138 3264 familiarem

581 3309 851 3381 perdidit,
885 3308 1035 3377 cujus
1084 3321 1281 3375 corpus
1324 3305 1608 3376 putredine
1647 3318 1709 3357 ac
1741 3303 2012 3355 vermibus
2058 3315 2143 3355 re-

582 3401 786 3473 plevit,
822 3399 908 3454 cui
945 3399 1201 3467 reliquias
1250 3413 1346 3469 pro
1395 3394 1765 3452 consolatione
1798 3409 1899 3447 non
1947 3392 2141 3446 dereli-

577 3498 712 3565 quit,
759 3494 844 3549 cui
880 3508 1025 3563 Spem
1061 3492 1249 3547 salutis
1279 3505 1383 3544 non
1421 3488 1648 3552 dimisit,
1695 3485 1788 3542 sed
1820 3485 1985 3539 solam
2018 3500 2143 3537 uxo-

576 3606 690 3646 rem
716 3603 815 3660 pro
849 3584 1278 3656 supplantatione
1318 3580 1391 3635 illi
1442 3578 1687 3648 reliquit,
1720 3591 1814 3646 per
1844 3591 2004 3647 quam
2046 3591 2141 3630 no-

2257 1098 2390 1151 alios
2427 1095 2775 1150 nihilominus
2810 1094 2879 1148 ad
2930 1093 3112 1147 odium
3154 1092 3414 1147 adversus
3457 1091 3689 1160 invicem,
3716 1097 3775 1151 ad

2252 1188 2651 1246 contentionem
2691 1201 2906 1256 quoque
2941 1195 2995 1238 et
3018 1184 3281 1255 jurgium.
3303 1184 3394 1237 Sic
3426 1184 3562 1236 enim
3591 1198 3697 1249 cum
3721 1186 3777 1240 ad

2253 1281 2488 1335 invicem
2538 1277 2896 1349 litigaverint,
2934 1276 2988 1330 in
3018 1274 3124 1329 hoc
3157 1289 3216 1329 se
3249 1273 3544 1329 defensura
3569 1283 3697 1340 sunt,
3727 1284 3778 1329 ut
3850 1282 3857 1291 °

2251 1375 2395 1429 viros
2420 1386 2548 1427 suos
2603 1370 2864 1425 adversus
2907 1367 3140 1423 invicem
3182 1366 3462 1423 concitent
3492 1366 3553 1420 ad
3581 1366 3775 1431 bellum,

2250 1465 2316 1520 ad
2343 1462 2687 1519 inimicitiam
2724 1474 2938 1530 quoque
2971 1469 3135 1530 atque
3166 1458 3533 1527 iniquitatem.
3571 1456 3671 1511 lloe
3712 1457 3778 1511 nio

2253 1556 2451 1610 mirum
2497 1563 2757 1623 operatur
2809 1567 2903 1622 per
2947 1567 3043 1606 eas
3093 1549 3514 1620 malignissimus
3542 1547 3775 1615 diabolus,

2251 1651 2585 1707 succendens
2616 1660 2780 1716 atque
2833 1646 3173 1702 inﬂammans
3197 1645 3369 1701 corda
3403 1659 3576 1699 eorum
3607 1644 3710 1700 zelo
3728 1652 3778 1700 et

2251 1744 2331 1798 ira
2371 1760 2384 1798 :
2432 1753 2487 1797 et
2532 1743 2604 1795 ita
2647 1741 2894 1795 infelices
2921 1741 3070 1795 viros
3093 1754 3221 1793 suos
3260 1746 3315 1792 et
3362 1738 3500 1793 circa
3532 1737 3696 1802 Deum,
3728 1745 3780 1792 et

2250 1830 2397 1885 circa
2430 1829 2662 1883 invicem
2692 1829 2923 1884 odibiles
2954 1829 3212 1893 reddunt,
3247 1838 3301 1882 ut
3330 1828 3420 1882 Dei
3454 1828 3576 1881 iram
3609 1827 3777 1896 acqui-

2251 1932 2398 1990 rant,
2455 1930 2508 1978 et
2567 1924 2712 1976 circa
2764 1922 2994 1976 invicem
3046 1920 3259 1974 inimici
3309 1928 3688 1990 permaneant:
3733 1930 3780 1975 et

2251 2019 2392 2087 quod
2422 2027 2504 2071 est
2533 2016 2824 2069 maximum
2856 2030 2976 2069 cum
3008 2014 3312 2068 debuerant
3361 2011 3668 2066 unanimiter
3693 2027 3775 2081 pro

2251 2108 2477 2162 invicem
2532 2108 2791 2162 adversus
2834 2106 3082 2160 inimicos
3113 2119 3245 2159 suos
3283 2115 3445 2172 atque
3476 2103 3780 2161 adversarios

2248 2208 2414 2265 stare,
2467 2198 2580 2252 sive
2628 2197 2792 2261 intus,
2843 2195 2960 2249 sive
2999 2195 3151 2259 foris,
3199 2195 3314 2248 sive
3342 2195 3392 2246 in
3424 2192 3576 2257 bello,
3606 2196 3707 2247 sive
3736 2192 3778 2247 in

2251 2294 2468 2363 praeliis,
2525 2303 2581 2347 et
2618 2291 2721 2346 sibi
2769 2291 2997 2344 invicem
3041 2288 3323 2341 intendere
3368 2298 3526 2355 atque
3570 2285 3778 2361 invicem.

2249 2386 2522 2454 adjuvare,
2545 2397 2601 2441 et
2627 2397 2814 2439 mutuo
2863 2397 3047 2439 amore
3096 2390 3247 2449 terga
3293 2379 3609 2441 defendere,
3654 2392 3781 2446 repe-

2250 2479 2460 2533 riuntur
2479 2478 2578 2533 sibi
2608 2479 2837 2533 invicem
2861 2475 3063 2531 inimici
3098 2488 3160 2528 ac
3199 2472 3526 2541 proditores,
3552 2480 3698 2538 atque
3736 2469 3780 2522 in

2248 2571 2480 2641 prapriis
2509 2571 2678 2625 ruinis
2707 2572 3026 2641 gaudentes.
3075 2566 3208 2621 Haec
3250 2565 3509 2617 nimirum
3557 2562 3779 2615 universa

2248 2664 2499 2717 oriuntur
2522 2678 2587 2717 ex
2624 2663 2982 2732 malignarnm
3026 2668 3189 2728 atque
3238 2654 3631 2711 contrariarum
3680 2665 3787 2706 uxo-

2252 2768 2367 2807 rum
2402 2754 2751 2821 instigatione
2780 2768 2843 2806 ac
2874 2752 3230 2822 persuasione
3263 2768 3280 2803 :
3314 2761 3448 2817 quas
3477 2760 3577 2799 non
3614 2742 3787 2800 debent

2249 2849 2434 2903 audire
2463 2847 2537 2901 illi
2573 2847 2661 2915 qui
2691 2848 2832 2901 bene
2863 2844 3175 2915 intelligunt
3223 2842 3360 2907 viri,
3391 2839 3524 2893 sicut
3554 2851 3644 2891 nec
3672 2834 3786 2889 bea-

2243 2949 2330 2994 tus
2367 2938 2470 2993 Job
2508 2937 2736 2991 audivit.
2778 2936 3067 3004 Propterea
3102 2942 3186 2987 est
3218 2932 3335 2985 Deo
3363 2924 3717 2997 acceptabilis,
3740 2930 3785 2976 et

2246 3033 2364 3085 ideo
2395 3032 2533 3084 inter
2563 3029 2761 3082 choros
2788 3036 3103 3081 sanctorum
3135 3021 3518 3093 magniﬁcatur
3540 3019 3589 3071 in
3623 3028 3786 3085 perpe-

2247 3132 2415 3175 tuum.
2457 3117 2525 3172 Ut
2574 3129 2747 3171 autem
2809 3116 3085 3168 audierunt
3123 3122 3224 3165 tres
3277 3110 3439 3164 amici
3482 3106 3593 3176 ejus
3630 3103 3786 3157 omnia

2244 3208 2396 3278 mala]
2426 3223 2542 3277 quae
2570 3208 2615 3259 ei
2642 3208 2944 3259 acciderunt
2986 3204 3051 3257 ³⁰.
3096 3202 3167 3257 Ut
3241 3203 3558 3262 audierunt,
3612 3193 3782 3262 inquit.

2242 3303 2283 3355 A
2316 3316 2421 3371 quo
2448 3298 2765 3354 audierunt?
2791 3297 3032 3351 Primum
3079 3294 3296 3364 quidem
3324 3308 3351 3346 a
3391 3288 3784 3345 transeuntibus.

2244 3392 2374 3460 Quis
2406 3393 2549 3446 enim
2582 3399 2699 3445 erat
2720 3391 2809 3459 qui
2844 3404 2945 3443 non
2983 3388 3302 3458 praedicaret
3332 3385 3404 3455 [ea
3433 3398 3549 3451 qua:
3581 3380 3673 3435 Job
3711 3392 3788 3430 ac-

2243 3480 2526 3536 ciderunt?
2560 3480 2690 3533 Puto
2723 3479 2861 3548 quod
2894 3487 2946 3532 et
2983 3478 3153 3545 ipsum
3212 3474 3437 3542 pelagus
3468 3481 3520 3525 et
3545 3485 3652 3535 aer,
3674 3481 3788 3520 ven-

2245 3586 2418 3629 torum
2455 3574 2803 3629 nihilominus
2852 3570 3172 3641 spirantium
3211 3567 3407 3631 ﬂabra,
3450 3562 3782 3620 miserabilem

575 3682 850 3736 vissitnam
912 3693 971 3732 ac
1004 3676 1351 3731 saevissimam
1393 3672 1537 3725 illam
1586 3671 1835 3739 sagittam
1871 3669 2141 3723 seductio—
2169 3713 2210 3770 Ο
2248 3669 2390 3723 illam
2425 3668 2622 3721 faniam
2654 3675 2815 3734 atque
2848 3662 3195 3719 lamentabile
3232 3660 3366 3715 illud
3413 3658 3670 3718 nuntium,
3700 3668 3784 3723 per

1017 3769 1023 3770 ,
1188 3766 1200 3770 _
1281 3766 1292 3770 _
1360 3765 1372 3770 _
1601 3764 1630 3770 __
1695 3762 1756 3770 ..
1834 3760 1865 3770 ,.
1924 3761 1936 3770 .
2603 3757 2614 3768 .
2694 3758 2703 3769 .
3249 3749 3576 3770 adu,“
3623 3755 3784 3770 ψη..

576 3773 663 3829 nis
692 3780 850 3840 atque
878 3766 1327 3837 supplantationis
1359 3765 1411 3820 in
1436 3778 1556 3817 eum
1583 3762 1802 3817 dimisit.
1833 3760 1938 3815 Sed
1961 3775 2142 3828 quem-

578 3863 869 3918 admodum
926 3860 1020 3927 qui
1070 3861 1135 3912 ad
1167 3869 1377 3923 petram
1412 3854 1771 3925 sagittaverit,
1827 3862 1991 3922 petra:
2020 3851 2139 3920 qui-

577 3959 696 4010 dem
739 3953 871 4009 nihil
903 3952 1053 4013 facit,
1081 3964 1268 4003 omnes
1302 3963 1431 4001 vero
1462 3947 1683 4017 sagittas
1706 3947 1757 3999 in
1792 3944 2136 4013 semetipsum

582 4045 889 4101 convertit:
921 4044 993 4097 ita
1028 4040 1389 4110 nequissimus
1417 4038 1662 4093 diabolus
1702 4052 1822 4091 cum
1854 4035 2136 4090 inviolabi-

573 4139 680 4194 lem
739 4146 944 4208 petram
973 4133 1095 4198 Job,
1123 4144 1283 4201 atque
1321 4130 1802 4185 incontaminatum
1856 4129 2138 4199 sagittaret

574 4231 949 4292 adamantem,
980 4225 1327 4294 semetipsum
1356 4220 1663 4275 vulneravit
1693 4234 1757 4273 ac
1786 4218 2000 4288 dejecit,
2030 4215 2132 4273 Job

575 4338 709 4378 vero
743 4320 876 4375 nihil
909 4318 1057 4374 fecit.
1099 4317 1220 4369 llaec
1268 4313 1548 4368 audientes
1589 4310 1767 4365 cuncti
1823 4308 2132 4373 credentes,

573 4417 868 4472 observent
914 4426 972 4465 se
1031 4408 1320 4477 diligenter
1372 4421 1399 4458 a
1456 4403 1611 4458 malis
1654 4401 1960 4471 colloquiis,
2007 4401 2131 4469 quia

575 4511 915 4571 corrumpunt
972 4516 1140 4555 mores
1191 4500 1350 4552 bonos
1390 4496 1649 4565 colloquia
1697 4493 1838 4546 mala
1878 4491 1950 4557 ⁸⁸,
1997 4491 2136 4546 sicut

574 4608 699 4668 post
735 4596 850 4650 haec
881 4594 1010 4649 dicit
1048 4590 1360 4659 Apostolus.
1394 4589 1696 4644 Observent
1720 4600 1779 4640 se
1808 4593 1964 4639 caute
1990 4594 2043 4638 et
2069 4582 2136 4637 ab

579 4689 771 4745 amicis
793 4697 847 4740 et
884 4684 1158 4740 sodalibus
1183 4691 1236 4734 et
1268 4696 1298 4733 a
1330 4679 1641 4734 domesticis
1679 4687 1735 4732 et
1773 4692 1802 4730 a
1832 4676 2137 4746 persuasio-

573 4783 736 4839 nibus
791 4790 947 4848 atque
987 4773 1445 4831 concitationibus
1488 4787 1675 4827 eorum
1720 4788 1735 4826 :
1782 4772 1929 4840 quia-
1958 4769 2133 4822 omnis

575 4876 785 4930 amicus
810 4868 1162 4940 supplantans
1193 4866 1529 4935 supplantat,
1564 4876 1725 4933 atque
1755 4862 2020 4916 fallaciter
2050 4860 2134 4912 in-

568 4968 734 5024 cedit.
764 4965 997 5020 Maxime
1044 4971 1223 5014 autem
1259 4960 1549 5012 observate
1596 4971 1711 5021 vos,
1760 4964 1919 5023 atque
1953 4961 2131 5005 atten-

2245 3774 2434 3813 omnes
2466 3757 2770 3828 provincias
2801 3754 3200 3810 ventilaverint.
3249 3751 3427 3821 Super
3459 3749 3578 3803 haec
3622 3755 3785 3799 autem

2240 3866 2425 3905 omnes
2466 3849 2710 3903 homines
2757 3847 2848 3915 qui
2882 3846 3131 3901 viderunt
3179 3845 3320 3899 hanc
3367 3858 3478 3896 rem
3505 3850 3557 3895 et
3584 3839 3669 3907 qui
3696 3850 3786 3889 au-

2240 3945 2477 4005 dierunt,
2526 3941 2871 3996 audientibus
2919 3941 3033 3994 hanc
3083 3937 3452 4007 divulgabant,
3489 3937 3597 3989 haec
3626 3930 3786 3987 nomi-

2239 4036 2461 4097 nabant,
2490 4035 2558 4088 de
2590 4034 2672 4087 bis
2700 4033 3137 4097 sciscitabantur,
3162 4033 3227 4084 de
3262 4030 3348 4084 his
3381 4025 3787 4096 interrogabant,

2239 4135 2292 4181 et
2319 4127 2370 4180 in
2404 4126 2559 4189 vicis,
2599 4135 2652 4179 et
2685 4125 2737 4178 in
2776 4124 2949 4178 triviis
2987 4132 3042 4177 et
3086 4124 3138 4175 in
3177 4120 3371 4191 plateis
3396 4117 3643 4180 civitatis,
3668 4112 3787 4169 etin

2238 4218 2537 4287 porticibus
2585 4217 2893 4282 domorum,
2944 4225 3000 4268 et
3058 4214 3148 4283 qui
3199 4214 3301 4266 iter
3339 4211 3591 4282 agebant,
3642 4216 3789 4275 atque

2238 4316 2424 4357 Omnes
2450 4305 2537 4372 qui
2567 4304 2667 4357 sibi
2694 4304 2922 4357 invicem
2956 4302 3159 4370 ubique
3185 4300 3569 4363 occurrebant,
3598 4296 3706 4350 hac
3724 4291 3786 4346 ad

2238 4395 2555 4449 alterutrum
2598 4393 2975 4463 loquebantur,
3011 4393 3077 4446 de
3103 4392 3185 4445 bis
3217 4405 3274 4444 se
3310 4388 3543 4444 invicem
3578 4387 3786 4441 interro-

2236 4489 2472 4554 gabant:
2505 4486 2742 4539 maxime
2789 4486 2825 4539 ii
2876 4484 2966 4552 qui
3017 4485 3083 4538 de
3117 4481 3412 4551 longinquo
3437 4476 3711 4533 veniebant
3736 4478 3787 4527 et

2236 4580 2417 4648 aliqua
2449 4577 2950 4647 proﬁciscebantur,
2978 4588 3168 4629 omnes
3201 4573 3402 4643 quibus
3421 4568 3781 4631 occurrebant,

2237 4669 2302 4723 de
2351 4668 2436 4723 his
2486 4667 2914 4736 interrogabant,
2959 4664 3201 4719 dicentes
3241 4681 3254 4718 :
3302 4661 3357 4717 Si
3410 4676 3592 4716 verum
3627 4668 3722 4720 est,
3752 4669 3783 4710 o

2233 4760 2357 4825 viri,
2410 4758 2511 4812 hoc
2561 4757 2702 4826 quod
2741 4758 2804 4811 de
2845 4755 2946 4811 Job
2994 4754 3213 4820 dicitur,
3261 4754 3306 4808 si
3351 4768 3540 4809 verum
3570 4761 3651 4806 est
3690 4749 3784 4802 hoc

2233 4852 2373 4921 quod
2405 4851 2470 4905 de
2490 4850 2636 4920 justo
2667 4848 2755 4902 illo
2784 4848 3128 4917 praedicatur,
3154 4844 3310 4912 cujus
3341 4843 3568 4913 justitiis
3594 4839 3779 4895 caelum

2233 4954 2287 4997 et
2320 4954 2462 4997 terra
2514 4950 2679 5009 atque
2727 4953 2918 4993 omnes
2967 4938 3218 4992 homines
3272 4944 3615 4996 attestantur,
3650 4928 3780 5000 quod

572 5063 683 5115 dite
713 5058 998 5113 animabus
1026 5050 1245 5115 vestris,
1267 5065 1300 5103 ο
1322 5050 1448 5111 viri,
1486 5050 1551 5101 ab
1590 5047 1776 5101 uxoris
1807 5043 2125 5099 concitatio—
2158 5060 2207 5119 ι)
2236 5045 2341 5088 tam
2376 5048 2562 5087 amare
2592 5031 2827 5086 miseriis
2852 5028 3081 5083 aﬂlictus
3110 5029 3200 5093 sit,
3251 5029 3396 5098 quod
3428 5037 3532 5081 tam
3567 5024 3781 5079 miserae

571 5152 729 5207 nibus
766 5160 926 5219 atque
954 5147 1108 5201 malis
1143 5141 1600 5212 instigationibus.
1646 5138 1755 5193 Per
1796 5139 1935 5192 hanc
1977 5139 2120 5189 etilm

572 5248 623 5299 in
652 5246 838 5297 ultimo
866 5242 1213 5312 supplantare
1247 5234 1347 5289 Job
1382 5234 1537 5285 nisus
1582 5242 1666 5283 est
1719 5229 1981 5288 diabolus,
2029 5239 2123 5294 per

574 5344 720 5396 lianc
750 5352 1008 5406 superare
1039 5330 1277 5403 speravit
1314 5326 1485 5387 illum,
1522 5338 1676 5392 quem
1712 5337 1808 5390 per
1860 5320 2119 5388 plurimos

568 5445 732 5500 atque
781 5431 1023 5497 ingentes
1087 5423 1296 5479 dolores
1336 5430 1591 5483 superare
1643 5429 1745 5467 non
1792 5411 1983 5479 potuit.
2017 5408 2121 5461 Per

570 5528 702 5581 istas
738 5523 900 5586 etiam
935 5536 1074 5574 nunc
1097 5517 1355 5587 plurimos
1378 5507 1660 5570 subvertit,
1691 5520 1786 5573 per
1810 5505 1939 5556 istas
1957 5502 2120 5554 etiam

575 5633 717 5673 nunc
742 5614 1004 5686 plurimos
1034 5612 1097 5664 ad
1144 5607 1279 5662 mala
1309 5600 1613 5672 persuadet,
1653 5595 1785 5648 alios
1816 5595 1879 5647 ad
1910 5592 2114 5645 calum-

1612 5784 1654 5817 "
1678 5782 1776 5839 Job
1802 5797 1861 5845 ll,
1887 5776 1970 5830 U-

634 5805 680 5835 ”‘
704 5801 802 5858 Job
838 5814 897 5859 ιι,
926 5798 981 5850 5.
1059 5794 1147 5847 "l
1176 5794 1299 5849 Cor.
1326 5807 1414 5856 xv,
1448 5788 1536 5845 53.

2233 5126 2411 5180 biliter
2440 5138 2727 5194 percussus
2760 5122 2883 5175 sit?
2923 5120 3050 5175 Haec
3095 5130 3257 5190 atque
3308 5119 3391 5174 his
3435 5115 3627 5171 similia
3664 5124 3777 5166 cum

2233 5218 2547 5287 loquuntur,
2577 5215 2863 5268 veritatem
2902 5212 2969 5266 ab
2996 5213 3076 5266 eis
3114 5212 3181 5267 de
3211 5212 3276 5265 iis
3302 5224 3416 5281 qua:
3436 5209 3780 5275 provenerant

2233 5313 2475 5373 audiunt,
2512 5324 2671 5378 quam
2734 5310 2783 5360 in
2841 5306 3152 5373 longinquo,
3189 5305 3240 5357 in
3271 5316 3480 5357 omnem
3517 5297 3771 5367 regionem

2233 5420 2297 5459 ac
2345 5401 2676 5474 provinciam
2729 5401 3166 5467 deportaverunt.
3225 5394 3557 5461 Quocunque
3603 5388 3773 5453 itaque

2233 5494 2596 5565 pervenerint,
2630 5506 2818 5546 omnes
2846 5492 3093 5558 regiones
3132 5502 3195 5541 ac
3224 5483 3552 5557 provincias,
3596 5476 3773 5533 civita-

2228 5599 2312 5644 tes
2333 5599 2546 5656 quoque
2572 5595 2733 5652 atque
2772 5581 3017 5647 castella,
3041 5576 3341 5635 miserabili
3377 5576 3475 5630 hoc
3517 5568 3700 5628 nuntio
3719 5571 3772 5618 et
