3992 6312
259 398 358 455 «197

1357 393 1741 452 ANONYMUS
1779 394 1846 449 IN
1879 394 2019 451 JOB.
2061 427 2129 435 —
2166 396 2294 455 LIB.
2332 396 2417 453 ΙΙΙ.

3398 400 3502 456 498

259 510 600 567 lamentabili
633 512 773 565 fama
810 511 1174 580 repleverunt.
1226 512 1531 565 Audierunt
1569 526 1699 581 ergo
1728 520 1836 564 tres
1864 516 1912 572 Α
1940 512 2181 565 omnium
2208 512 2436 565 tiliorum
2463 526 2684 566 suorum
2708 504 3103 569 lamentabilem
3120 512 3499 579 perditionem,

258 603 476 659 sodales
515 604 600 657 vel
641 604 800 657 amici
826 603 942 672 ejus
981 603 1081 657 hoc
1121 604 1262 672 quod
1292 602 1405 670 jam
1437 602 1688 657 omnibus
1715 612 1832 655 erat

256 705 469 753 certum
502 706 668 764 atque
712 697 1004 765 cognitum,
1054 697 1344 750 audierunt
1373 696 1536 750 etiam
1566 696 1675 749 isti.
1702 694 1834 749 Nam

257 785 397 840 nihil
452 793 537 837 est
594 784 665 837 ita
727 784 1100 853 praedicabile,
1161 785 1303 840 sicut
1361 784 1540 856 magni
1600 784 1837 838 hominis

258 878 436 933 ruina.
472 876 605 931 Cum
630 878 772 931 enim
804 876 1031 945 quilibet
1072 893 1136 930 ex
1172 877 1468 931 humilibus
1498 876 1566 929 ad
1597 876 1836 930 sublimi-

258 980 423 1025 tatem
465 969 793 1038 pervenerit,
836 983 942 1022 non
983 970 1056 1021 ita
1098 969 1297 1038 ubique
1330 969 1448 1039 ejus
1499 968 1706 1022 auditio
1751 968 1833 1033 fit,

256 1061 397 1116 sicut
434 1077 556 1116 cum
606 1061 728 1129 quis
779 1075 843 1115 ex
889 1062 1213 1116 sublimibus
1272 1061 1590 1115 humiliatus
1649 1058 1830 1126 fuerit,

254 1155 397 1211 sicut
425 1169 548 1209 cum
588 1156 709 1224 quis
745 1171 974 1226 magnus
1007 1156 1299 1220 interierit,
1339 1156 1663 1225 quantocius
1705 1169 1834 1208 ven-

258 1254 438 1299 torum
489 1243 677 1298 llabris
730 1243 870 1297 fama
921 1242 1036 1311 ejus
1087 1260 1303 1299 omnem
1359 1244 1632 1316 regionem
1668 1255 1832 1315 atque

263 1351 481 1395 omnem
517 1336 757 1389 auditum
805 1345 1074 1402 penetrat.
1118 1335 1262 1405 Ergo
1302 1338 1425 1406 quia
1480 1337 1549 1391 ita
1587 1338 1832 1407 provenit

256 1430 322 1484 de
342 1427 495 1497 justo
521 1426 644 1491 Job,
683 1426 917 1495 ideoque
958 1441 1081 1478 cum
1123 1442 1313 1481 omnes
1360 1438 1415 1482 et
1460 1428 1551 1495 qui
1580 1443 1746 1497 prope
1776 1436 1832 1483 et

254 1522 344 1591 qui
391 1520 552 1587 longe
601 1528 759 1573 erant
813 1517 1112 1579 audissent,
1163 1519 1453 1573 audierunt
1506 1519 1668 1573 etiam
1719 1529 1829 1575 tres

254 1613 410 1668 amici
447 1616 566 1681 ejus
606 1612 789 1665 omnia
836 1612 972 1665 mala
1006 1628 1125 1683 quae
1168 1612 1217 1666 ei
1255 1611 1590 1665 acciderunt.
1636 1609 1827 1665 Volue-

254 1716 376 1758 runt
415 1705 661 1760 nonnulli
714 1704 897 1759 dicere
947 1705 1089 1775 quod
1131 1704 1404 1758 daemones
1454 1704 1534 1757 eis
1568 1704 1829 1771 praedica-

256 1797 464 1859 verint,
508 1798 649 1862 quod
687 1797 868 1851 nullus
924 1812 990 1850 ex
1047 1796 1381 1866 sapientibus
1436 1796 1649 1865 recipit.
1706 1795 1826 1849 Bla-

1942 616 2061 671 qute
2095 602 2197 656 sub
2226 618 2334 656 uno
2377 602 2483 657 ictu
2517 603 2760 657 omnium
2794 600 2933 657 facta
2965 613 3048 659 est
3082 604 3321 673 pariter?
3358 602 3497 670 Quo-

1939 694 2096 749 modo
2126 695 2397 749 sustineat
2436 693 2511 749 rei
2556 692 2842 749 familiaris
2890 697 3281 763 praecedentem
3325 696 3503 765 jactu-

1940 785 2088 837 ram?
2117 783 2395 850 Quomodo
2430 783 2701 837 sustineat
2748 783 3043 837 terribilem
3085 794 3243 852 atque
3268 784 3502 839 saevissi-

1936 892 2074 930 mam
2094 877 2335 945 corporis
2356 876 2603 945 plagam?
2628 874 2729 928 Pro
2753 876 2857 940 his,
2891 875 3443 943 inquiunt,omnibns,
3470 894 3503 930 ο

1932 969 2057 1031 viri,
2076 967 2279 1036 justum
2308 979 2391 1021 est
2418 966 2689 1021 Consolari
2721 966 3152 1020 consolationem
3183 983 3286 1020 non
3308 968 3503 1023 haben-

1934 1068 2061 1124 tem,
2088 1058 2193 1112 nisi
2227 1058 2397 1112 solam
2433 1060 2485 1112 in
2515 1059 2622 1113 Deo
2644 1074 2795 1126 spem
2825 1056 3137 1112 habentem.
3165 1058 3288 1113 llzec
3326 1062 3503 1130 itaque

1934 1152 2181 1204 universa
2222 1151 2287 1203 ad
2327 1151 2559 1205 invicem
2604 1151 2921 1219 loquentes,
2963 1151 3075 1203 sive
3117 1165 3212 1219 per
3263 1152 3498 1217 nuntios,

1933 1242 2046 1295 sive
2066 1257 2161 1312 per
2177 1242 2503 1310 scripturam
2530 1243 2653 1296 boni
2670 1242 2747 1295 illi
2766 1257 2829 1295 ac
2852 1242 3089 1311 religiosi
3119 1242 3216 1295 viri
3242 1254 3502 1297 venerunt

1931 1332 2089 1386 simul
2116 1335 2180 1387 ad
2211 1348 2332 1389 eum
2375 1333 2742 1401 unusquisque
2780 1333 2846 1387 de
2895 1332 3111 1386 civitate
3143 1348 3237 1387 sua
3258 1375 3271 1397 ,
3299 1343 3358 1385 nt
3381 1346 3501 1387 con-

1932 1421 2238 1477 solarentur
2266 1436 2320 1478 et
2348 1424 2633 1477 visitarent
2674 1424 2846 1477 illum.
2898 1424 2963 1488 Ο,
3001 1424 3268 1493 inquiunt,
3305 1423 3389 1478 ille
3409 1424 3497 1492 qui

1934 1517 1985 1569 iit
2020 1516 2270 1570 omnibus
2304 1517 2530 1583 justitiis
2560 1518 2935 1572 testimonium
2978 1518 3191 1578 habuit,
3241 1529 3498 1587 tanquam

1933 1622 2072 1661 unus
2110 1609 2427 1678 specialiter
2460 1626 2524 1664 ex
2556 1609 2776 1677 injustis
2809 1612 3055 1679 punitur.
3094 1610 3185 1663 Ille
3219 1612 3339 1665 sine
3366 1614 3497 1679 que-

1934 1699 2042 1753 rela
2077 1715 2279 1763 verus,
2311 1701 2643 1765 misericors,
2701 1711 2954 1770 tanquam
3008 1717 3145 1754 unus
3198 1716 3265 1753 ex
3318 1702 3497 1769 impiis

1933 1805 2223 1860 percussus
2252 1790 2532 1862 aﬂligitur.
2578 1794 2669 1846 ille
2696 1794 2786 1863 qui
2822 1804 2942 1849 erat
2976 1793 3069 1846 Dei
3110 1793 3309 1858 cultor,
3334 1803 3497 1861 atque

254 1887 518 1955 sphemia:
546 1889 689 1941 enim
723 1903 904 1941 sermo
927 1899 1012 1941 est
1046 1887 1156 1942 hic.
1193 1886 1322 1940 Nam
1355 1887 1427 1941 illi
1460 1888 1558 1940 viri
1589 1888 1680 1941 Dei
1712 1888 1827 1942 cul-
1862 1863 1903 1920 Β
1934 1882 2165 1937 ﬁliorum
2223 1900 2444 1938 suorum
2496 1885 2763 1940 sollicitus
2807 1887 2958 1939 circa
3008 1888 3169 1940 Deum
3212 1886 3492 1949 sacerdos,

255 1986 404 2034 tores
453 1979 689 2047 fuerunt,
733 1990 917 2050 utpote
945 1979 1045 2037 Job
1102 1982 1313 2036 sodales
1351 1991 1510 2052 atque
1538 1982 1720 2047 amici,
1756 1984 1827 2052 pii

257 2087 321 2127 ac
365 2073 479 2127 Deo
508 2075 809 2128 credentes.
844 2074 958 2127 Non
985 2076 1130 2129 enim
1173 2076 1583 2144 amplexabatur
1611 2074 1714 2131 Job
1742 2075 1828 2144 ju-

257 2174 399 2229 stus,
435 2165 669 2233 iujustos
699 2167 781 2218 vel
842 2165 1035 2235 impios
1086 2166 1235 2220 viros
1267 2167 1471 2220 amicos
1502 2182 1565 2221 ac
1613 2167 1823 2223 sodales

252 2263 481 2321 habere.
510 2263 716 2319 Idcirco
742 2266 813 2318 ita
843 2264 1209 2334 percipiamus
1251 2279 1349 2319 nos
1374 2265 1462 2333 qui
1487 2264 1650 2318 Deum
1674 2265 1828 2319 timc-

250 2370 400 2419 mus,
434 2355 573 2425 quod
618 2356 787 2410 sancti
833 2354 1006 2425 angeli
1059 2356 1125 2409 ad
1152 2370 1246 2409 eos
1292 2357 1591 2422 venientes,
1624 2357 1740 2411 sive
1770 2357 1822 2410 in

250 2460 464 2511 somno,
492 2447 676 2501 sivein
695 2446 916 2516 vigiliis,
952 2446 1351 2499 admonuerunt
1373 2461 1465 2501 eos
1495 2455 1552 2501 ut
1575 2446 1826 2501 celeriter

251 2538 529 2601 venirent,
581 2548 634 2591 et
678 2538 879 2606 justum
921 2536 1068 2591 illum
1110 2538 1342 2591 amicum
1388 2537 1818 2593 consolarentur.

252 2610 607 2683 Venienlibtis
632 2637 810 2681 autem
842 2629 947 2683 illis
970 2627 1116 2694 illuc,
1146 2638 1203 2680 ut
1224 2628 1482 2698 putabant
1505 2629 1825 2698 insipienter

254 2736 311 2776 se
347 2736 445 2790 pro
481 2722 591 2775 Deo
633 2729 799 2783 stare,
850 2720 1070 2773 inventa
1114 2720 1405 2775 occasione
1456 2719 1823 2789 nequissimus

255 2814 468 2868 daemon
512 2815 579 2867 ad
624 2813 1011 2882 blasphemiam
1036 2812 1166 2879 justi
1228 2810 1329 2867 Job
1381 2812 1502 2868 illos
1530 2817 1820 2869 convertit.

248 2900 384 2955 Nam
416 2901 557 2957 sicut
588 2916 811 2957 uxorem
836 2899 982 2971 ejus,
1007 2901 1217 2971 pridem
1250 2918 1374 2955 cum
1399 2914 1543 2958 esset
1574 2904 1821 2974 religiosa

248 2994 701 3070 atquepmnibus
732 2993 959 3061 justitiis
1000 2994 1049 3048 ei
1089 2994 1457 3061 consentiens,
1486 2996 1540 3049 in
1572 2995 1823 3066 blasphe-

248 3071 416 3140 niiam
444 3085 772 3147 immutavit,
796 3085 877 3137 sic
901 3090 955 3138 et
980 3094 1312 3141 memoratos
1332 3085 1501 3140 viros.
1530 3084 1606 3141 De
1627 3086 1822 3156 quibus

247 3177 383 3232 dicit
406 3178 529 3232 istic
562 3190 579 3230 :
606 3177 889 3230 Audientes
914 3186 1016 3230 tres
1047 3176 1201 3229 amici
1218 3176 1331 3245 ejus
1355 3178 1529 3231 omnia
1550 3194 1664 3246 qua:
1683 3180 1825 3232 acci-
1849 3204 1896 3267 ο

245 3269 432 3321 derant
463 3267 553 3335 ei,
582 3267 809 3322 ﬁliorum
862 3266 1161 3329 interitum,
1224 3268 1298 3322 rei
1329 3267 1612 3324 familiaris
1636 3270 1817 3339 perdi-

250 3360 476 3422 tionem,
518 3360 764 3429 corporis
805 3359 1170 3427 putredinem,
1211 3360 1479 3415 vermium
1524 3363 1819 3416 comestio-

248 3466 396 3515 nem,
432 3452 730 3505 liberorum
770 3452 1007 3519 iniquam
1033 3453 1526 3520 consumptionem,
1573 3468 1679 3508 non
1705 3469 1821 3507 me-

253 3539 539 3606 diocriter,
587 3541 682 3594 sed
726 3540 1021 3593 miserabili
1072 3551 1235 3608 atque
1271 3541 1605 3596 lamentabili
1641 3544 1818 3606 modo,

248 3640 312 3682 ut
346 3632 602 3699 superius
647 3633 1077 3686 demonstratum
1116 3641 1219 3695 est,
1248 3634 1665 3689 condoluerunt.
1698 3634 1825 3689 Haec

249 3723 436 3793 itaque
466 3724 713 3777 universa
744 3724 1031 3777 audientes
1066 3732 1177 3775 tres
1217 3722 1429 3777 sodales
1470 3724 1611 3794 ejus,
1643 3725 1824 3779 obstu-

246 3821 512 3883 puerunt,
557 3821 611 3866 et
654 3814 959 3882 putatisne,
994 3813 1338 3882 inquientes,
1369 3814 1511 3868 unde
1549 3814 1663 3869 hac
1695 3817 1819 3871 uni-

246 3917 409 3957 Versa
452 3905 845 3959 obvenerunt?
894 3904 1178 3959 Etutrum
1220 3904 1290 3958 sit
1317 3905 1473 3959 nobis
1499 3906 1742 3976 gravius,
1788 3924 1822 3962 o

247 3995 378 4059 viri,
422 3997 651 4051 hoccine
690 3998 835 4067 quod
875 3998 1084 4051 amicus
1124 4004 1309 4051 noster
1359 3997 1495 4053 tales
1533 4000 1821 4067 pertulerit

249 4088 528 4153 miserias,
572 4103 638 4140 an
683 4089 826 4157 quod
869 4090 1079 4144 Domini
1126 4090 1334 4143 amicus
1380 4088 1504 4143 talia
1559 4093 1822 4148 sustineat

250 4180 413 4249 mala,
445 4179 1097 4247 cujusjustiﬂcationibus
1123 4196 1187 4235 ac
1207 4181 1595 4237 misericordiis
1621 4185 1817 4239 coelum

248 4279 304 4323 ct
334 4280 483 4324 terra
525 4272 897 4326 altestantur?
936 4272 1059 4328 llzrc
1092 4274 1303 4329 scilicet
1343 4274 1593 4329 universa
1625 4288 1682 4330 ut
1723 4292 1819 4329 au-

250 4362 490 4427 dierunt,
525 4372 689 4431 atque
721 4364 833 4417 haec
864 4366 929 4417 ad
954 4364 1186 4419 invicem
1227 4367 1352 4421 boni
1395 4366 1469 4420 illi
1504 4368 1715 4422 sodales
1750 4369 1820 4422 lo-

250 4455 358 4507 cuti
387 4464 551 4509 sunt:
585 4454 848 4510 Venerunt
878 4460 1053 4509 statim
1074 4458 1230 4511 simul
1256 4460 1324 4512 ad
1354 4476 1469 4513 eum
1495 4471 1547 4514 ut
1574 4465 1813 4515 consola-

1932 1985 2193 2042 tanquam
2262 1992 2403 2030 unus
2462 1992 2528 2029 ex
2593 1975 2808 2042 injustis
2861 1986 3163 2045 torquetur.
3234 1975 3493 2031 Venerunt

1927 2067 2087 2119 simul
2119 2067 2186 2119 ad
2226 2083 2365 2119 eum.
2417 2066 2745 2133 Quomodo?
2784 2066 3105 2122 Statuerunt
3147 2079 3378 2136 tempus,
3412 2069 3495 2122 di-

1930 2158 2100 2212 mensi
2130 2168 2254 2211 sunt
2297 2158 2461 2212 diem.
2513 2158 2791 2225 Quomodo
2809 2159 2969 2212 simul
2994 2160 3193 2227 pariter
3212 2171 3492 2225 venerunt,

1926 2258 1983 2303 et
2014 2265 2119 2302 non
2146 2250 2517 2318 unusquisque
2548 2266 2575 2302 a
2610 2266 2688 2315 se,
2725 2265 2897 2319 neque
2929 2266 3023 2319 per
3065 2268 3123 2305 se
3154 2253 3325 2319 ipsum
3352 2253 3375 2304 ?
3399 2254 3490 2306 Dei

1928 2339 2263 2409 providentia
2323 2349 2486 2408 atque
2539 2339 2633 2393 Dei
2686 2341 2999 2408 operatione
3044 2341 3116 2393 ita
3179 2342 3494 2410 diSponente

1926 2438 2090 2497 atque
2118 2429 2456 2497 providente,
2487 2440 2542 2482 ut
2585 2446 2691 2484 non
2722 2431 2921 2502 singuli
2952 2442 3072 2500 post
3107 2443 3320 2501 tempus
3348 2437 3494 2488 veni-

1926 2531 2048 2574 rent
2072 2521 2139 2573 ad
2169 2529 2404 2589 tempus,
2459 2522 2553 2575 sed
2596 2537 2785 2578 omnes
2823 2525 3034 2587 statim,
3066 2539 3256 2578 omnes
3286 2526 3494 2594 pariter

1925 2626 2033 2664 uno
2074 2621 2343 2678 tempore,
2373 2626 2479 2664 uno
2504 2611 2611 2673 die,
2648 2628 2750 2666 una
2780 2614 2933 2677 hora,
2972 2625 3158 2683 utpote
3186 2615 3489 2681 unanimes,

1925 2707 2108 2767 utpote
2138 2713 2302 2751 unum
2346 2701 2666 2763 sentientes,
2709 2710 2890 2771 utpote
2924 2704 3240 2759 concordes.
3272 2703 3363 2758 Sic
3396 2720 3491 2759 ve-

1926 2792 2207 2843 neruntad
2230 2806 2350 2844 eum
2385 2791 2547 2846 simul
2588 2792 2788 2858 subito,
2833 2803 3082 2863 tanquam
3120 2812 3286 2849 unum
3318 2795 3489 2851 Deum

1924 2884 2195 2943 colentes,
2251 2892 2507 2951 tanquam
2554 2882 2800 2936 Creatori
2847 2885 3169 2951 servientes,
3220 2896 3479 2955 tanquant

1924 2987 2088 3026 unum
2118 2971 2218 3026 Job
2268 2975 2576 3042 plenissime
2622 2974 2926 3044 diligentes.
2984 2974 3075 3030 Sic
3112 2978 3293 3046 itaque
3326 2992 3489 3031 vene-

1926 3074 2048 3117 runt
2107 3064 2308 3133 pariter
2371 3068 2437 3118 ad
2508 3064 2692 3119 Deum.
2738 3064 2889 3119 Unde
2950 3077 3131 3120 autem
3183 3067 3489 3121 venerunt?

1924 3153 2041 3211 Non
2071 3170 2138 3210 ex
2165 3172 2269 3209 una
2299 3156 2522 3210 civitate
2548 3170 2720 3225 neque
2750 3171 2858 3211 uno
2886 3156 3025 3224 loco,
3061 3172 3238 3227 neque
3258 3174 3323 3213 ex
3361 3175 3488 3229 pro-

1927 3246 2129 3313 vincia,
2162 3246 2245 3301 vel
2280 3248 2519 3316 regione,
2571 3262 2638 3300 ex
2674 3262 2773 3302 suo
2814 3247 3165 3301 nihilominus
3204 3264 3369 3317 regno
3399 3266 3488 3304 ve-

1931 3339 2319 3393 neruntsimul
2342 3341 2408 3393 ad
2434 3355 2579 3395 eum.
2603 3339 2735 3393 Cum
2756 3338 3005 3393 omnibus
3028 3341 3168 3393 enim
3190 3341 3485 3406 miraculis,

1926 3440 2011 3485 est
2041 3432 2202 3484 etiam
2238 3430 2341 3495 hoc
2373 3432 2563 3500 ingens
2599 3429 2946 3493 miraculum,
2983 3439 3043 3483 ut
3070 3445 3193 3482 cum
3223 3432 3293 3483 ita
3330 3430 3487 3499 longe

1926 3538 1990 3577 ac
2030 3524 2131 3577 late
2161 3521 2229 3574 ab
2261 3523 2491 3575 invicem
2524 3533 2867 3575 morarentur
2892 3558 2907 3583 ,
2949 3522 3152 3588 pariter
3175 3522 3241 3573 ad
3271 3522 3486 3575 beatum

1923 3614 2025 3669 Job
2054 3616 2331 3677 venirent,
2371 3615 2743 3682 unusquisque
2784 3627 2849 3666 ex
2884 3629 2979 3668 sua
3025 3613 3245 3666 civitate
3285 3612 3339 3665 in
3378 3627 3483 3681 qua

1927 3708 2261 3771 morabatur,
2305 3706 2357 3760 in
2396 3722 2501 3774 qua
2534 3706 2816 3777 regnabat,
2862 3707 2915 3759 in
2951 3720 3055 3776 qua
3088 3705 3485 3760 dominabatur.

1928 3797 2314 3867 Unusquisque
2351 3813 2481 3864 ergo
2515 3812 2579 3851 ex
2626 3812 2720 3851 sua
2757 3799 2976 3852 civitate
3028 3799 3213 3862 venit,
3262 3798 3363 3853 hoc
3406 3808 3489 3853 est

1923 3906 1987 3946 ex
2015 3890 2237 3944 civitate
2271 3892 2417 3959 regni
2444 3890 2547 3943 sui.
2573 3888 2636 3943 Et
2660 3889 2728 3943 ob
2756 3904 2919 3959 quam
2948 3902 3059 3943 rem
3084 3888 3385 3942 venerunt?
3406 3888 3487 3941 Ad

1923 3982 2315 4037 consolandum
2343 3992 2506 4051 atque
2531 3982 2862 4035 visitandum
2887 3980 3060 4035 illum.
3103 3980 3169 4034 Et
3202 3995 3329 4035 vere
3354 3984 3482 4050 quia

1922 4073 2024 4141 ipsi
2054 4072 2271 4142 quidem
2313 4074 2381 4127 ob
2419 4073 2519 4127 hoc
2557 4082 2825 4147 venerunt
2867 4081 2925 4127 ut
2963 4072 3376 4127 consolarentur
3424 4087 3488 4127 ac

1922 4164 2206 4219 visitarcnt
2254 4164 2402 4219 illum
2438 4182 2452 4218 :
2501 4164 2595 4219 sed
2634 4165 3002 4234 nequissimus
3039 4165 3283 4219 diabolus
3314 4164 3486 4219 bono-

1923 4270 2043 4309 rum
2073 4270 2137 4309 ac
2157 4255 2427 4323 justorum
2465 4256 2719 4311 inimicus
2753 4257 2879 4311 odio
2903 4256 3109 4310 habens
3137 4255 3317 4309 omnia
3362 4270 3485 4325 quae

1924 4348 2097 4418 diligit
2124 4352 2647 4418 Dounnus,aecepta
2676 4349 2965 4403 occasione
2993 4363 3098 4417 qua
3127 4350 3290 4402 Deum
3312 4346 3484 4401 olfen-

1922 4439 2115 4493 derant
2143 4447 2303 4508 atque
2354 4437 2445 4494 Dei
2470 4438 2761 4508 justitiam,
2792 4450 2845 4495 et
2873 4438 2972 4495 Job
3003 4442 3069 4495 de
3112 4440 3394 4510 injustitiis
3431 4452 3487 4495 et

252 4554 435 4599 τεηηη.
460 4562 579 4600 eum
600 4558 646 4600 ει
673 4549 944 4601 visitare,“
982 4549 1133 4603 mum
1159 4550 1223 4603 ll.
1253 4552 1295 4603 Α
1329 4552 1619 4619 prioribus,
1642 4555 1818 4619 aiam,
1851 4541 1895 4595 ι)
1925 4534 2164 4601 peccatis
2186 4544 2527 4597 accusarent,
2567 4543 2774 4587 tantum
2809 4533 2930 4587 illos
2978 4533 3281 4586 immutavit
3327 4544 3486 4602 atque

250 4638 501 4705 patribus
552 4639 753 4693 nostris
792 4641 1119 4706 audivimus,
1149 4657 1182 4693 ο
1226 4641 1347 4705 viri,
1374 4645 1519 4711 quod
1559 4646 1818 4712 antiquus

253 4727 340 4783 ille
388 4728 559 4784 frater
603 4731 687 4784 avi
746 4732 915 4786 nostri
971 4733 1107 4787 Esau
1153 4732 1318 4788 Jacob
1363 4736 1641 4809 duodecim
1685 4736 1822 4791 lllios

257 4819 531 4885 habuerit,
573 4832 624 4875 et
664 4822 827 4876 filiam
861 4838 1019 4876 unam
1052 4838 1067 4877 :
1105 4840 1222 4878 cum
1254 4840 1419 4880 unum
1451 4843 1514 4879 ex
1544 4830 1819 4891 omnibus,

256 4918 313 4962 ut
342 4912 588 4979 putabat,
625 4912 968 4981 perdidisset,
1001 4924 1206 4969 tantum
1247 4914 1393 4968 illum
1446 4932 1609 4969 unum
1661 4919 1818 4982 luxit,

255 5012 309 5057 et
350 5019 543 5058 omnes
592 5003 686 5058 lilii
732 5002 847 5072 ejus
880 5016 936 5060 et
971 5006 1096 5060 lilia:
1139 5006 1323 5076 procul
1374 5007 1537 5062 dubio
1576 5018 1630 5061 et
1664 5010 1817 5063 multi

256 5094 487 5148 aliorqu
522 5094 822 5150 amicorum
856 5097 1245 5152 convenientes
1292 5107 1515 5166 propter
1554 5114 1716 5151 unum
1758 5100 1820 5153 li-

263 5185 390 5239 lium
419 5186 686 5242 consolati
714 5197 841 5240 sunt
867 5202 989 5242 eum
1019 5206 1033 5241 :
1069 5198 1125 5242 et
1157 5188 1330 5244 noluit
1359 5190 1628 5245 consolari
1652 5192 1819 5245 etiant

258 5278 510 5331 incolumi
537 5292 595 5332 re
618 5278 897 5344 familiari,
916 5291 970 5333 et
991 5282 1203 5335 czeteris
1220 5282 1474 5337 omnibus
1518 5283 1822 5338 viventibus

256 5381 416 5438 atque
445 5371 684 5425 sanitate
721 5374 966 5442 corporis
1007 5382 1365 5441 permanente
1394 5392 1408 5427 :
1442 5384 1495 5427 et
1522 5390 1645 5428 cum
1678 5375 1819 5427 nulla

258 5474 340 5515 res
382 5470 534 5516 esset
581 5462 687 5515 alia
737 5479 859 5531 quas
908 5479 1029 5517 eum
1085 5466 1451 5525 contristaret,
1505 5481 1608 5518 non
1650 5469 1826 5533 potuit

259 5547 570 5601 esbilarari.
619 5548 676 5601 Si
713 5558 891 5600 autem
942 5547 1030 5600 illc
1092 5546 1250 5602 Jacob
1306 5548 1376 5600 ita
1423 5550 1659 5617 graviter
1701 5550 1821 5603 tulit

262 5639 419 5693 unius
456 5639 551 5691 lilii
589 5638 1050 5707 desperationem,
1101 5639 1369 5707 quomodo
1416 5640 1680 5694 sustineat
1728 5638 1825 5695 Job

332 5823 373 5855 “
405 5822 505 5880 Job
531 5839 590 5878 ιι.

1924 4629 2203 4695 pervertit,
2238 4636 2298 4680 ut
2326 4628 2558 4697 amplius
2595 4626 2944 4681 exulceraret
2970 4640 3067 4681 cor
3103 4625 3203 4680 Job
3240 4641 3335 4695 per
3373 4626 3487 4679 Inec

1921 4734 2040 4787 quae
2065 4719 2230 4772 locuti
2262 4728 2406 4781 sunt,
2441 4734 2601 4788 quam
2632 4734 2727 4788 per
2748 4733 2937 4773 omnes
2968 4718 3184 4774 dolores
3207 4733 3339 4786 quos
3372 4717 3483 4785 pri-

1922 4810 2043 4863 dem
2074 4811 2322 4864 exercuit
2350 4811 2584 4873 incum.
2633 4810 2761 4865 Nam
2812 4811 2943 4879 quid
2982 4820 3128 4865 esset
3170 4809 3487 4864 castissima“:

1921 4900 2113 4953 animm
2134 4897 2234 4954 Job
2255 4898 2531 4954 crudelius
2559 4916 2721 4968 quam
2753 4910 2811 4953 ut
2838 4901 2904 4955 ab
2932 4900 3127 4955 amicis
3156 4901 3222 4953 de
3250 4896 3487 4965 peccatis

1925 4990 2115 5045 fuisset
2164 4992 2481 5047 criminatus
2528 5007 2650 5046 cum
2695 4992 2916 5045 minime
2963 4991 3298 5061 deliquisset,
3335 4997 3392 5041 et
3420 4988 3487 5041 de

1927 5084 2295 5152 impietatibus
2337 5084 2716 5152 reprehensus,
2742 5084 2835 5153 qui
2859 5093 2978 5138 erat
3009 5085 3076 5137 ab
3096 5082 3347 5137 omnibus
3372 5083 3476 5136 itu-

1928 5176 2221 5245 pietatibus
2247 5176 2476 5235 alienus.
2504 5185 2557 5228 et
2580 5176 2720 5243 quod
2743 5190 2841 5244 pro
2871 5175 3108 5244 peccatis
3139 5174 3487 5228 sustinuisset

1926 5286 2116 5324 omnes
2161 5270 2397 5335 dolores,
2443 5281 2497 5324 et.
2534 5270 2675 5339 quod
2724 5285 2820 5337 pro
2860 5269 3121 5339 injustitia
3165 5266 3487 5321 obvenerint

1930 5363 2006 5417 illi
2056 5364 2169 5417 haec
2221 5364 2470 5417 universa
2524 5362 2706 5416 mala?
2754 5360 2908 5427 Quod
2951 5370 3127 5415 autem
3168 5361 3231 5413 ad
3281 5368 3485 5413 tantam

1932 5456 2322 5523 blasphemiam
2358 5457 2620 5509 adversus
2657 5452 2758 5508 Job
2798 5453 3141 5522 pervenerint
3172 5452 3259 5505 isti
3285 5452 3409 5515 viri,
3435 5458 3487 5505 et

1930 5563 2033 5600 non
2067 5546 2365 5611 timuerint,
2404 5546 2600 5599 diaboli
2644 5545 2812 5598 livore
2848 5553 3007 5614 atque
3054 5542 3169 5597 zelo
3213 5542 3485 5605 succensi,

1891 5650 1897 5659 '
1930 5653 1992 5691 cx
2027 5638 2257 5708 propriis
2296 5654 2480 5692 eorum
2500 5636 2838 5692 sermonibus
2886 5634 3490 5703 comprobatur,qucm-
