3992 6312
586 359 691 418 499

1671 362 2050 420 ANONYMUS
2089 362 2156 417 IN
2193 361 2330 417 JOB.
2371 391 2438 401 —
2475 361 2601 416 LIB.
2644 361 2730 417 Ill.
3678 374 3765 430 500

590 486 879 543 admodum
932 488 1118 542 dicunt
1163 487 1590 555 blasphemantes
1649 494 1812 556 atque
1861 486 2152 542 detrahen-
2181 491 2228 546 Α
2257 481 2513 538 arbitrati
2538 492 2664 538 sunt
2698 491 2752 538 et
2791 484 2892 537 hoc
2919 483 3175 538 dixerunt
3198 483 3270 537 illi
3299 484 3418 547 viri,
3443 487 3556 555 quia
3581 501 3687 543 cum
3710 493 3770 546 sit

592 587 672 635 tes
737 579 809 633 illi
859 597 873 633 ε
919 578 998 634 Tu
1041 580 1162 649 quis
1213 580 1318 634 es?
1376 578 1501 647 quia
1558 578 1726 642 dicis,
1775 594 1879 634 non
1940 577 2154 650 peccavi

593 669 772 726 factis.
809 671 960 737 Quod
997 672 1041 725 si
1083 685 1186 724 non
1227 671 1535 740 peccasti,o
1570 669 1692 737 Job,
1719 681 1991 726 memento
2029 672 2153 740 quia

592 776 750 816 nemo
777 762 958 831 justus
981 762 1161 831 periit,
1187 770 1280 815 aut
1314 761 1531 832 quando
1555 761 1652 817 Dei
1693 777 1880 817 servus
1907 763 2153 817 eradica-

591 855 776 909 bitur?
803 856 904 908 hoc
945 865 1030 908 est
1058 854 1196 909 sicut
1226 865 1304 910 tu.
1340 855 1544 909 Deinde
1567 870 1690 909 cum
1723 855 1926 924 ingenti
1957 856 2154 926 impro-

591 945 742 1014 perio
769 955 823 999 et
859 945 1225 1016 increpatione
1255 956 1416 1016 atque
1439 948 1686 1003 convicio
1711 965 1724 1003 :
1749 946 2049 1016 Quousque
2073 948 2152 1002 lo-

590 1038 773 1106 queris
794 1038 1020 1107 spiritus
1045 1038 1395 1108 multiloqua:
1428 1055 1527 1094 ore
1559 1040 1690 1095 tuo?
1725 1039 1977 1110 Nunquid
2013 1040 2153 1096 Deus

592 1124 787 1192 injuste
817 1125 1045 1192 judicat,
1088 1127 1189 1181 hoc
1217 1137 1301 1182 est
1329 1129 1471 1182 sicut
1508 1139 1558 1185 te
1587 1131 1944 1197 peccantem?
1975 1131 2080 1184 Aut
2107 1132 2154 1185 is

589 1214 680 1284 qui
709 1217 891 1270 omnia
933 1218 1161 1283 creavit,
1213 1220 1552 1289 perturbavit
1586 1221 1858 1290 justitiam
1885 1224 1908 1277 ’ἒ
1935 1223 2044 1278 Hoc
2067 1235 2151 1278 est

591 1307 634 1362 si
661 1307 712 1361 in
749 1317 800 1363 te
826 1318 970 1364 esset
990 1309 1224 1378 justitia,
1251 1325 1360 1366 non
1390 1314 1572 1381 utique
1601 1315 1944 1382 perturbaret
1973 1313 2152 1379 iustus

585 1395 750 1470 judex
774 1399 1032 1468 judicium
1062 1413 1225 1470 atque
1255 1403 1417 1456 vitam
1472 1414 1638 1458 tuam.
1681 1406 1816 1460 Nam
1849 1422 1972 1476 spes
2001 1407 2149 1475 impii

593 1491 786 1560 peribit
818 1492 957 1546 sicut
991 1505 1044 1551 et
1081 1505 1194 1560 tua,
1229 1497 1353 1563 quia
1390 1498 1589 1566 impius
1635 1513 1733 1553 es:
1782 1498 2150 1553 inhabitabilis

569 1568 769 1633 autem
799 1581 904 1634 erit
925 1597 1044 1650 qua:
1065 1585 1162 1638 sub
1188 1585 1324 1639 coelo
1345 1595 1426 1639 est
1450 1587 1661 1653 domus,
1697 1588 1798 1641 hoc
1823 1598 1907 1642 est
1927 1588 2068 1642 sicut
2099 1600 2151 1644 et

590 1679 713 1723 tua:
748 1671 958 1740 aliaque
983 1674 1263 1730 innumera
1294 1675 1377 1730 his
1411 1678 1657 1746 graviora
1681 1689 1844 1748 atque
1881 1679 2148 1734 amariora

562 1760 1026 1831 ‘blasphemantes
1072 1768 1136 1821 de
1175 1766 1324 1835 justo
1368 1768 1460 1822 illo
1511 1769 1678 1823 locuti
1726 1781 1871 1824 sunt.
1923 1771 2148 1840 Propter

2251 577 2429 646 justus
2463 577 2604 630 Deus
2633 589 2696 628 ac
2718 575 2913 639 bonus,
2935 573 3101 642 justis
3128 585 3290 645 atque
3314 577 3660 634 innocentibus
3679 597 3768 636 non

2256 668 2452 738 ingerit
2485 667 2645 721 mala.
2695 667 2849 734 Quod
2889 669 2934 722 si
2981 667 3360 735 innocentibus
3403 670 3534 723 mala
3576 671 3768 742 ingerit,

2255 761 2530 831 quomodo
2581 760 2757 815 bonus
2806 760 2893 815 vel
2942 758 3120 827 justus
3177 761 3625 830 comprobabitur,
3666 778 3770 819 cum

2257 849 2566 919 huiusmodi
2601 850 2738 903 mala
2785 847 2884 904 Job
2910 849 3192 920 ingesserit
3230 849 3412 919 justo?
3443 850 3664 918 Oportet,
3705 854 3773 908 in-

2256 942 2469 1011 quiunt,
2504 948 2605 994 aut
2647 938 2746 995 Job
2777 949 2994 1008 pmpter
3027 938 3344 1006 injustitiam
3379 955 3586 1008 passum
3612 941 3774 1006 fuisse,

2255 1042 2346 1086 aut
2366 1041 2511 1087 certe
2535 1032 2677 1086 Deus
2699 1029 2900 1100 injuste
2921 1029 3060 1082 mala
3091 1030 3139 1082 ei
3169 1029 3434 1098 irrogasse
3473 1032 3772 1099 reperiatur:

2253 1125 2470 1181 autJob
2511 1140 2608 1194 pro
2638 1126 2876 1194 peccatis
2917 1123 3082 1176 fuisse
3130 1137 3370 1191 passum,
3398 1133 3486 1177 aut
3523 1124 3672 1180 Deum
3706 1127 3777 1179 in-

2247 1218 2391 1287 juste
2428 1219 2477 1273 ei
2513 1217 2651 1271 mala
2685 1216 2997 1288 ingessisse.
3021 1216 3171 1271 "illic
3200 1216 3407 1271 scilicet
3434 1217 3777 1286 cogitationem

2258 1313 2454 1366 malam
2493 1321 2656 1380 atque
2705 1310 2950 1364 illicitam
2987 1310 3038 1363 in
3093 1309 3210 1364 istis
3260 1309 3390 1364 viris
3434 1311 3558 1364 oriri
3604 1310 3779 1367 faciens

2253 1403 2526 1467 diabolus,
2561 1401 2844 1456 succendit
2873 1416 2968 1456 cor
2997 1416 3189 1456 eorum
3224 1401 3289 1454 ad
3330 1416 3535 1455 onmem
3583 1401 3698 1455 iram
3734 1411 3779 1458 et

2253 1494 2680 1565 indignationem
2719 1492 3007 1546 adversum
3055 1492 3157 1546 Job
3181 1535 3195 1558 ,
3245 1506 3370 1547 cum
3412 1494 3635 1547 studeret
3667 1509 3778 1548 con-

2254 1583 2475 1636 firmare
2513 1583 2655 1651 quod
2685 1579 3024 1648 Deusjustus
3062 1581 3246 1648 fuerit,
3293 1580 3394 1637 Job
3429 1597 3551 1636 vero
3581 1582 3780 1651 iniustus

2252 1683 2306 1727 et
2337 1673 2534 1742 impius
2583 1683 2749 1740 atque
2799 1683 3075 1742 peccator.
3125 1675 3401 1729 Adversus
3429 1676 3562 1743 quod
3599 1676 3781 1732 fortiter

2253 1775 2402 1819 stans
2434 1762 2535 1818 Job
2563 1779 2665 1817 non
2694 1765 2942 1833 permisit
2974 1779 3032 1818 se
3071 1765 3265 1818 audire
3296 1766 3600 1835 vaniloquos
3627 1768 3732 1822 illos
3753 1783 3779 1821 a

586 1856 729 1923 quod
786 1866 842 1911 et
891 1857 1101 1913 duriter
1153 1859 1205 1913 in
1254 1863 1548 1917 novissimo
1587 1878 1618 1916 ο
1671 1863 1779 1918 Deo
1827 1838 2144 1933 reprehensi
2177 1838 2219 1892 Β
2253 1855 2462 1910 diabolo
2494 1870 2811 1922 succenses,
2847 1857 2939 1910 sed
2965 1865 3021 1910 et
3051 1856 3256 1910 bonum
3285 1856 3448 1910 Deum
3482 1859 3711 1923 ostendit,
3734 1871 3782 1914 et

584 1955 732 2011 sunt,
783 1958 971 2016 utpote
1019 1949 1109 2018 qui
1155 1951 1286 2005 nihil
1338 1954 1588 2008 veritatis
1636 1955 1799 2009 locuti
1848 1953 2047 2011 fuerint
2083 1959 2150 2014 de

585 2033 704 2090 Job.
738 2036 828 2093 Sic
863 2040 1043 2107 itaque
1073 2055 1190 2094 cum
1233 2043 1459 2099 visitare
1502 2057 1666 2116 atque
1707 2049 1978 2103 consolari
2025 2065 2147 2105 eum

586 2127 876 2192 venissent,
916 2130 979 2184 ad
1024 2131 1362 2186 inimicitiam
1409 2138 1660 2192 conversi
1695 2148 1842 2204 sunt,
1872 2140 1937 2194 ad
1963 2142 2150 2195 crimi-

585 2218 857 2274 nationem
913 2229 967 2275 et
1012 2223 1078 2276 ad
1116 2227 1639 2295 reprehensionem,
1686 2232 1752 2284 ad
1803 2232 2146 2288 maledictum

582 2325 795 2381 quoque
832 2321 993 2381 atque
1033 2315 1449 2386 blasphemiam.
1480 2320 1772 2392 Postquam
1806 2339 1934 2380 vero
1966 2328 2147 2380 omnia

583 2405 810 2458 tentavit
865 2405 1230 2474 nequissimus
1279 2411 1645 2480 adversarius,
1705 2415 1869 2469 etiam
1925 2419 1991 2471 ad
2047 2420 2148 2474 hoc

578 2496 846 2566 pervenit,
882 2505 938 2550 ut
981 2499 1185 2555 amicos
1227 2503 1277 2555 in
1319 2504 1567 2560 inimicos
1599 2518 1957 2576 converteret,
1985 2522 2148 2580 atque

579 2589 823 2646 sinc‘eros
858 2593 1068 2648 sodales
1094 2596 1434 2653 adversarios
1464 2597 1703 2654 ediceret
1732 2640 1747 2664 ,
1798 2603 1994 2658 callide
2037 2614 2147 2658 tra-

581 2687 734 2739 ctans
756 2686 894 2754 apud
921 2688 1294 2758 semetipsum,
1333 2705 1396 2744 ac
1420 2692 1605 2746 dicens
1627 2711 1641 2747 ;
1661 2691 1715 2746 Si
1747 2710 1845 2763 per
1871 2711 1931 2751 os
1963 2699 2146 2753 uxoris

579 2789 700 2830 et'm
730 2779 995 2835 seducere
1025 2797 1128 2836 non
1162 2783 1329 2848 valui,
1363 2799 1425 2839 os
1456 2787 1755 2842 amicorum
1791 2790 1858 2843 ad
1903 2790 2142 2845 inimici-

582 2871 708 2922 tiam
737 2883 1173 2936 permutatorum
1204 2877 1508 2944 perficiam,
1543 2877 1774 2944 irritem,
1798 2895 2142 2950 exaggerem,

579 2963 920 3024 cxacerbem,
969 2965 1334 3032 succendatn,
1370 2975 1425 3020 ut
1471 2981 1630 3035 supra
1671 2971 1890 3023 modum
1933 2969 2143 3025 inflam-

578 3057 760 3103 matus
784 3061 945 3120 atque
970 3063 1352 3122 exaggeratus,
1383 3053 1447 3108 ad
1479 3053 1573 3110 Dei
1599 3057 1988 3126 blasphemiam
2009 3077 2142 3115 con-

577 3151 842 3197 vertatur.
888 3142 1089 3199 Novem
1140 3147 1526 3216 responsiones
1568 3147 1912 3220 blaSphemia:
1955 3152 2142 3223 plenas
2168 3178 2212 3237 ρ

580 3233 843 3288 adversus
875 3234 975 3291 Job
1009 3253 1102 3292 eos
1129 3238 1310 3294 dicere
1360 3239 1646 3310 compulit,
1701 3258 2144 3315 unumquemque

578 3339 766 3379 eorum
804 3334 932 3380 tres.
979 3327 1086 3382 Sed
1143 3329 1334 3385 beatus
1377 3330 1478 3387 Job
1525 3334 1833 3389 nullatenus
1881 3343 2006 3391 ante
2051 3351 2145 3392 eos

583 3417 870 3483 titubavit,
927 3419 1022 3473 sed
1089 3421 1315 3477 totidem
1376 3426 1852 3494 responsionibus,
1901 3429 2145 3497 quinimo

579 3509 760 3577 petius
787 3509 1031 3578 pluribus
1070 3527 1134 3566 ac
1184 3513 1480 3581 majoribus
1502 3517 1752 3573 omnibus
1783 3517 1888 3574 illis
1913 3537 2142 3588 respon-

578 3602 732 3666 dens,
772 3613 828 3656 et
861 3603 953 3656 Dei
991 3602 1259 3671 justitiam
1311 3621 1370 3662 ac
1411 3609 1708 3665 bonitatem
1750 3613 2141 3682 manifestavit,

577 3704 630 3749 Ct
663 3709 848 3748 eorum
885 3695 1134 3765 injustam
1169 3699 1538 3754 causationem
1583 3703 1883 3758 confutavit
1920 3721 2016 3775 per
2039 3707 2142 3761 alia

578 3785 794 3854 quidem
817 3787 1068 3855 plurima,
1094 3804 1298 3844 necnon
1327 3801 1381 3845 et
1410 3808 1507 3862 per
1525 3807 1588 3846 ea
1608 3809 1728 3863 qua:
1757 3795 1807 3849 in
1839 3795 1981 3852 facie
2015 3797 2144 3853 dicit

582 3877 646 3930 ad
679 3891 772 3931 eos
803 3896 815 3931 :
854 3877 964 3932 Vos
990 3881 1124 3934 estis
1158 3881 1352 3936 medici
1389 3883 1598 3952 injusti,
1633 3898 1686 3941 et
1715 3897 2000 3942 sanatores
2025 3905 2146 3960 pes-

583 3969 710 4024 slmi
758 3971 960 4025 cuncti.
993 3971 1125 4038 Quia
1161 3987 1281 4027 cum
1315 3990 1506 4030 curare
1540 3976 1755 4033 dolores
1788 3977 1903 4046 ejus
1929 3989 1984 4033 et
2013 3995 2142 4033 cono

584 4061 748 4118 solari
779 4063 1013 4117 animam
1046 4067 1164 4131 ejus
1189 4065 1489 4133 venissent,
1529 4067 1581 4120 in
1630 4071 2049 4125 amaritudinem
2079 4086 2142 4124 ac

585 4153 845 4209 malitiam
877 4156 1023 4211 circa
1053 4157 1149 4212 Job
1180 4157 1430 4211 conversi
1467 4166 1609 4212 sunt.
1647 4159 1840 4216 Merito
1879 4163 2143 4233 erg0‘in-

577 4243 754 4315 justas
808 4246 1047 4302 medicos
1108 4247 1250 4316 juste
1304 4262 1399 4303 eos
1457 4249 1712 4318 appellat.
1763 4251 1846 4318 Si,
1899 4253 2139 4324 inquam,

579 4345 848 4392 venerunt
883 4339 950 4393 ad
989 4355 1112 4395 eum
1146 4348 1204 4395 ut
1229 4340 1639 4396 consolarentur
1667 4353 1826 4413 atque
1853 4347 2142 4403 visitarent

580 4428 752 4505 illum,
768 4429 842 4484 illi
871 4445 968 4485 suo
985 4433 1260 4502 proposito
1278 4432 1347 4486 ob
1367 4431 1471 4487 hoc
1501 4445 1782 4501 venerunt,
1807 4439 1899 4493 sed
1923 4441 2138 4509 nequis-

2251 1961 2310 2000 se
2344 1947 2554 2015 absque
2580 1945 2732 2016 culpa
2791 1946 3038 2001 universa
3083 1947 3203 2000 lucc
3254 1947 3363 2014 pati
3412 1945 3779 2004 demonstravit.

2250 2035 2366 2091 Non
2400 2039 2544 2092 enim
2579 2037 2724 2108 Deus
2749 2037 2824 2091 illi
2856 2039 2970 2091 haec
3001 2037 3140 2091 mala
3188 2037 3436 2107 ingessit,
3481 2039 3568 2092 sed
3610 2039 3780 2093 diaboli

2253 2128 2404 2184 zelus
2427 2138 2480 2183 et
2512 2129 2650 2183 livor
2692 2137 2855 2199 atque
2890 2129 3120 2183 invidia.
3156 2127 3352 2198 Neque
3377 2126 3476 2184 Job
3503 2144 3592 2198 pro
3615 2145 3779 2197 pecca-

2253 2222 2322 2275 tis
2363 2222 2617 2276 sustinuit
2652 2222 2832 2275 omnia
2879 2236 2997 2290 qum
3044 2222 3332 2283 sustinuit,
3382 2221 3477 2274 sed
3523 2220 3638 2288 quia
3677 2234 3779 2274 cum

2251 2313 2620 2382 essetjustus,
2660 2312 2906 2367 diabolus
2958 2311 3032 2364 illi
3060 2311 3282 2376 invidit,
3316 2312 3457 2366 sicut
3487 2319 3534 2364 et
3567 2311 3781 2364 omnibus

2245 2405 2405 2475 jnstis
2439 2405 2663 2472 invidet,
2689 2412 2742 2460 et
2768 2404 3145 2460 tribulationes
3175 2404 3438 2458 adversus
3471 2419 3560 2458 eos
3591 2403 3779 2459 excitat.

2251 2495 2430 2550 Multa:
2453 2495 2834 2551 tribulationes
2867 2511 2976 2550 non
3013 2494 3374 2563 injustorum,
3407 2495 3498 2549 sed
3521 2495 3782 2564 justorum.

2253 2590 2428 2644 TeStis
2466 2605 2594 2660 ergo
2619 2589 2848 2657 justitia:
2886 2588 2987 2643 Job
3023 2590 3136 2659 ipse
3189 2589 3336 2644 Deus
3377 2590 3684 2652 ostenditur,
3720 2589 3784 2643 di-

2247 2697 2376 2737 cens
2407 2701 2420 2736 :
2458 2681 2668 2746 Justus,
2703 2697 2892 2746 verax,
2928 2681 3019 2736 Dei
3058 2682 3268 2736 cultor.
3306 2681 3462 2748 Quod
3499 2691 3667 2735 autem
3691 2681 3789 2734 die-

2252 2775 2359 2828 boli
2400 2773 2565 2829 fuerit
2597 2774 2713 2828 hrec
2759 2773 3107 2827 inflammatio
3153 2784 3333 2840 atque
3375 2772 3709 2842 perturbatio,
3749 2781 3792 2823 et

2245 2882 2314 2922 ex
2343 2868 2426 2921 his
2459 2882 2578 2937 qua:
2615 2882 2760 2923 nunc
2785 2868 2922 2920 fiunt
2953 2876 3194 2936 apparet.
3244 2865 3571 2936 Frequenter
3591 2880 3791 2933 namque

2245 2961 2409 3016 etiam
2449 2975 2592 3014 nunc
2641 2959 2782 3013 idem
2833 2957 2947 3028 ipse
2999 2957 3258 3012 diabolus
3299 2960 3576 3012 unanimes
3607 2955 3790 3012 sodales

2245 3055 2588 3119 commiscet,
2623 3062 2790 3122 atque
2820 3055 3110 3108 conturbat
3155 3068 3262 3120 per
3302 3053 3594 3122 quamlibet
3639 3051 3789 3104 modi-

2247 3163 2364 3202 cam
2390 3149 2674 3214 rationem,
2694 3155 2750 3200 et
2771 3149 2836 3201 ad
2856 3147 3172 3201 immensam
3201 3146 3542 3200 inimicitiam
3561 3146 3791 3199 adversus

2251 3240 2481 3295 invicem
2528 3240 2795 3305 immutat,
2849 3239 2921 3294 ita
2957 3251 3014 3294 ut
3045 3238 3354 3294 efﬁciantur
3396 3240 3496 3294 sibi
3529 3256 3588 3293 ex
3627 3236 3790 3291 amicis

2248 3332 2478 3397 inimici,
2510 3349 2577 3388 ex
2606 3332 2836 3387 sinceris
2868 3333 3116 3388 crudeles
3139 3334 3469 3388 adversarii.
3507 3331 3626 3386 Haec
3658 3345 3790 3384 nam-

2247 3439 2354 3494 que
2402 3434 2486 3480 est
2519 3425 2763 3494 operatio
2809 3423 3050 3494 maligni.
3093 3424 3250 3479 Beati
3293 3427 3384 3496 qui
3435 3421 3791 3479 declinaverint

2249 3525 2303 3571 et
2326 3517 2624 3570 restiterint
2652 3514 2937 3570 calliditati
2960 3525 3126 3584 atque
3149 3518 3408 3571 versutia:
3440 3517 3573 3584 ejus,
3604 3530 3662 3568 ac
3690 3528 3790 3567 nia--

2247 3609 2458 3664 ledictis
2485 3607 2828 3663 suasionibus
2847 3608 2983 3678 ejus.
3008 3608 3136 3663 Post
3167 3624 3291 3678 quae
3324 3609 3573 3662 universa
3604 3606 3666 3660 ad
3687 3621 3792 3674 pro-

2247 3700 2477 3769 positum
2548 3709 2905 3755 revertamur.
2963 3699 3223 3768 Videntes,
3295 3702 3491 3771 inquit,
3541 3698 3684 3753 illum
3737 3697 3791 3749 de

2247 3794 2419 3861 longe.
2451 3792 2600 3860 Qui?
2627 3792 2764 3847 Tres
2789 3793 3006 3849 sodales
3050 3805 3191 3862 ejus,
3242 3796 3480 3850 necdum
3511 3794 3676 3848 adhuc
3709 3790 3794 3842 im-

2246 3889 2438 3940 mutati
2475 3902 2574 3941 nec
2602 3887 2964 3956 praevaricati.
3008 3890 3100 3942 sed
3147 3903 3274 3942 cum
3328 3900 3514 3943 essent
3565 3884 3675 3956 puri
3723 3882 3794 3935 vi-

2247 3977 2436 4032 dentes
2459 3992 2583 4031 eum
2608 3979 2676 4032 de
2698 3977 2876 4050 longe.
2916 3979 2991 4035 De
3013 3979 3170 4048 longe
3195 3980 3344 4033 enim
3380 3983 3721 4046 respexerunt
3750 3981 3795 4026 et

2247 4069 2597 4138 centemplati
2628 4081 2944 4141 suntatque
2997 4071 3257 4125 viderunt
3307 4086 3453 4125 eum.
3507 4069 3635 4124 Nam
3685 4081 3793 4120 mox

2248 4170 2306 4216 ut
2333 4162 2503 4230 ipsam
2528 4163 2806 4218 civitatem
2824 4164 3100 4227 viderunt,
3142 4179 3268 4217 mox
3324 4162 3665 4217 nihilominus
3703 4157 3797 4211 sic-

2245 4255 2334 4309 ubi
2365 4255 2539 4322 ipsum
2565 4255 2809 4310 viderent
2842 4255 3170 4308 ambierunt.
3196 4253 3394 4308 Totum
3443 4265 3668 4321 namque
3715 4261 3798 4302 cer

2215 4377 2218 4381 -
2243 4359 2430 4400 eorum
2459 4344 2648 4400 dolore
2669 4353 2832 4414 atque
2860 4346 3106 4414 angustia
3134 4345 3356 4413 plenum
3384 4343 3665 4414 pendebat,
3695 4338 3797 4392 ubi-

2247 4452 2369 4490 nam
2415 4435 2516 4492 Job
2567 4432 3002 4505 conquiesceret.
3060 4434 3251 4490 Meritc
3280 4437 3346 4490 de
3380 4435 3538 4505 longe
3567 4433 3799 4486 viderunt

577 4520 748 4575 simus
781 4521 1030 4577 inimicus
1049 4523 1810 4594 malignusqueadversarius,
1834 4545 1928 4598 per
1946 4542 2140 4587 cuncta
2175 4521 2217 4576 Ι)
2247 4545 2394 4593 eum,
2434 4530 2558 4598 quia
2613 4531 2680 4584 de
2709 4529 2867 4600 longe
2907 4529 3216 4595 cogitabant
3270 4529 3336 4582 de
3387 4543 3486 4592 eo,
3539 4534 3692 4593 atque
3740 4522 3798 4574 de

581 4615 880 4684 permansit
932 4617 1189 4672 inimicus
1243 4629 1406 4688 atque
1437 4633 1535 4690 per
1567 4621 1746 4675 omnia
1771 4638 1864 4677 sua
1900 4628 2145 4680 exercuit

579 4708 732 4774 odia,
765 4718 819 4764 et
851 4723 952 4778 per
973 4726 1194 4766 uxorem
1229 4725 1284 4767 et
1311 4728 1408 4782 per
1442 4713 1651 4769 amicos
1690 4725 1745 4769 et
1776 4731 1869 4786 per
1902 4719 2138 4774 sodales.

578 4799 869 4870 Propterea
895 4801 1222 4859 visitationis
1248 4812 1408 4872 atque
1441 4806 1828 4863 consolationis
1857 4811 2140 4878 adventus,

579 4895 742 4949 totius
792 4895 1021 4949 tristitia:
1070 4910 1134 4949 ac
1192 4898 1484 4964 rnmroris,
1539 4899 1856 4955 beatissimo
1905 4901 2006 4956 Job
2061 4913 2143 4959 est

579 4988 773 5043 factus.
831 4987 955 5043 Post
981 5003 1101 5058 quae
1129 4989 1380 5045 universa
1426 4991 1597 5046 dicit:
1661 4992 1906 5048 Videntes
1964 5006 2138 5050 autem

573 5076 724 5130 illum
753 5080 817 5131 de
841 5077 1009 5148 longe,
1044 5096 1148 5133 non
1175 5093 1493 5150 agnoverunt
1530 5084 1592 5138 ⁵³.
1625 5083 1730 5138 Sed
1763 5095 1888 5138 ante
1932 5087 2004 5140 ita
2041 5103 2136 5156 per

577 5181 776 5235 paucos
822 5185 1101 5226 sermones
1159 5173 1518 5242 inquiramus,
1567 5175 1638 5230 ob
1669 5192 1831 5245 qnam
1877 5193 1986 5233 rem
2034 5189 2137 5235 tam

576 5261 788 5316 duriter
826 5265 976 5319 circa
1009 5262 1133 5328 Job,
1173 5265 1257 5319 vel
1308 5267 1486 5335 potius
1533 5268 1797 5323 adversus
1821 5267 1924 5323 Job
1958 5271 2140 5325 insur-

583 5363 854 5411 rexerunt.
905 5356 1067 5421 Audi,
1101 5356 1241 5410 mala
1269 5357 1521 5425 opinione
1563 5359 1810 5413 succensi
1843 5373 1897 5414 et
1929 5361 2140 5430 injuste

575 5443 894 5502 aemulantes
947 5449 1137 5516 Deum,
1195 5459 1252 5501 ut
1303 5449 1401 5517 ipsi
1442 5449 1725 5517 putabant,
1776 5453 1918 5521 quod
1971 5455 2135 5510 Deum

578 5537 961 5592 aemularentur
989 5551 1149 5610 atque
1185 5539 1562 5604 defenderent,
1595 5543 1859 5598 obcaecati
1902 5558 2028 5600 sunt
2069 5549 2136 5603 ab

575 5627 814 5694 inimico,
847 5641 904 5684 ut
925 5631 1129 5700 judicia
1159 5633 1250 5688 Dei
1283 5648 1385 5688 non
1408 5631 1772 5702 inquirerent.
1800 5637 1910 5694 lloc
1935 5640 2139 5697 scilicet

645 5803 686 5864 ’ἶ
739 5829 836 5888 Job
863 5849 923 5898 η,
963 5835 1044 5889 1‘2.

2250 4623 2412 4690 longe
2436 4630 2593 4675 erant
2623 4621 2838 4675 solliciti
2868 4637 2966 4692 pro
3006 4621 3115 4674 illo.
3149 4619 3358 4674 Idcirco
3380 4620 3448 4672 de
3488 4618 3639 4684 longe
3678 4626 3797 4667 con-

2248 4723 2706 4784 Spexerunteum.
2728 4712 2862 4766 Nam
2890 4714 3096 4766 amicus
3127 4711 3363 4765 amicum
3387 4726 3541 4764 suum
3573 4709 3634 4761 de
3659 4706 3798 4772 longe

2248 4807 2420 4870 videt,
2451 4807 2565 4861 sive
2589 4807 2831 4877 corporis
2848 4806 3079 4871 visione,
3109 4806 3224 4859 sive
3254 4804 3449 4857 anima:
3480 4799 3798 4858 sinceritate,

2249 4915 2373 4953 cum
2418 4914 2624 4953 memor
2659 4909 2743 4954 est
2780 4899 2897 4968 ejus
2925 4899 2976 4952 in
3012 4897 3170 4952 donis
3191 4907 3246 4951 et
3280 4897 3618 4957 muneribus,
3652 4900 3798 4960 atque

2251 4989 2304 5042 in
2339 5005 2450 5043 sua:
2487 4990 2673 5058 gratia:
2702 4988 3052 5058 perfectione.
3089 4985 3344 5042 Videntes
3378 4987 3526 5039 illum
3550 4987 3615 5038 de
3633 4982 3797 5050 longe.

2251 5081 2398 5137 Ubi?~
2424 5084 2600 5152 Super
2629 5098 2878 5136 acervum
2907 5081 3188 5149 stercoris,
3226 5095 3387 5148 super
3433 5089 3709 5132 muranam
3750 5071 3797 5123 in

2247 5176 2334 5228 via
2385 5176 2621 5244 publica.
2682 5174 2937 5228 Videntes
2989 5189 3110 5227 eum
3162 5173 3229 5228 de
3255 5173 3409 5242 longe
3465 5167 3650 5238 repleti
3683 5171 3796 5218 sunt

2246 5267 2434 5322 dolore
2472 5277 2527 5320 et
2558 5266 2757 5336 gemitu
2785 5273 2840 5318 et
2869 5265 3086 5334 planctu
3117 5280 3330 5334 quoque
3362 5273 3527 5331 atque
3553 5263 3793 5313 lamenta-

2249 5359 2414 5423 tione,
2458 5360 2597 5412 sicut
2637 5356 2867 5410 inferius
2905 5357 3387 5413 demonstrabitur.
3431 5353 3670 5408 Videntes
3689 5361 3797 5402 cum

2249 5451 2312 5504 de
2335 5451 2487 5520 longe
2522 5467 2622 5504 non
2655 5465 3000 5521 cognoverunt
3027 5469 3166 5506 eum.
3218 5451 3346 5504 Nam
3373 5461 3502 5502 vere
3545 5458 3645 5497 IJOII
3688 5444 3799 5492 erat

2247 5557 2341 5612 per
2389 5544 2528 5610 quod
2570 5553 2978 5612 agnosceretur,
3045 5543 3222 5612 regale
3275 5540 3467 5596 solium
3523 5551 3624 5588 non
3667 5539 3796 5594 enat,

2249 5632 2494 5694 t‘iadema
2534 5648 2637 5688 non
2668 5642 2805 5700 erat,
2838 5634 3010 5704 gloria
3046 5649 3220 5703 neque
3250 5629 3412 5689 vestis
3443 5627 3586 5696 regia
3614 5631 3668 5680 et
3698 5619 3796 5677 mi-
