3992 6312
195 382 285 442 {illi

1267 363 1645 423 ANON‘YMUS
1684 361 1749 416 IN
1787 358 1925 414 JOB.
1966 387 2030 397 ——
2068 352 2193 407 LIB.
2233 346 2323 403 ιιι.

3309 327 3412 383 50?.

200 498 345 551 nistri
378 496 470 564 qui
502 495 740 562 undique
765 490 1168 547 circumdarent
1203 502 1307 541 non
1347 487 1583 540 fuerunt.
1611 484 1751 553 Ergo
1780 488 1825 542 Α
1855 492 1950 532 sua
1983 474 2321 532 scinderent,
2353 475 2406 520 el
2440 463 2677 518 cinerem
2706 468 2871 525 διαυθ
2904 463 3099 508 terram
3122 447 3281 516 capi”
3313 461 3411 499 δυο

2281 562 2309 564 --
2353 560 2363 564 -
2475 557 2506 564 ..
2535 555 2568 564 ,ι
2668 554 2679 564 .
2921 547 2954 564 ,ο
3004 559 3061 564 ᾗ--
3098 557 3149 564 ,Α
3186 540 3379 564 2-..1..Α..

202 588 320 657 quia
356 586 491 641 nihil
534 585 747 639 illorum
800 583 853 635 in
898 595 961 634 eo
1002 578 1274 641 viderunt,
1314 592 1433 646 quae
1460 577 1663 645 pridem
1700 574 1752 626 in

197 698 258 736 eo
286 692 406 734 esse
439 677 715 741 sciebant,
747 686 866 742 qua:
896 678 1019 725 ante
1054 670 1109 724 in
1140 668 1230 724 illo
1265 670 1448 723 videre
1476 667 1618 721 soliti
1644 664 1755 719 fue-

197 781 333 835 rant,
366 769 567 825 merito
600 768 842 821 videntes
874 763 1023 817 illum
1047 777 1152 817 non
1185 768 1537 831 agnoverunt.
1571 758 1624 811 In
1648 772 1754 826 quo

200 878 318 916 eum
352 856 757 931 agnoscerent?
791 856 955 909 Coma
990 854 1186 921 capitis
1218 868 1322 907 non
1353 859 1471 905 erat
1508 850 1579 903 ei.
1619 847 1752 901 Nam

200 952 427 1007 tondens
459 963 669 1005 comam
705 957 759 1001 et
783 943 1000 999 diabolo
1055 958 1173 996 eam
1216 943 1450 1009 jactans,
1486 947 1627 992 terra
1658 952 1753 991 ca-

194 1055 284 1114 put
320 1058 482 1098 suum
524 1040 769 1108 replevit.
817 1038 872 1091 In
921 1049 1030 1105 quo
1078 1030 1470 1104 agnoscerent?
1517 1034 1570 1085 In
1620 1028 1754 1083 facie

190 1147 345 1202 atque
377 1133 564 1188 vultus
587 1130 796 1201 gloria?
826 1127 942 1183 Non
977 1137 1097 1183 erat
1130 1140 1231 1179 nec
1275 1126 1413 1194 ipsa.
1464 1124 1597 1177 Nam
1651 1137 1751 1191 pu-

192 1226 338 1280 tredo
393 1224 593 1278 faciem
661 1222 1118 1276 exterminaverat
1169 1227 1224 1272 et
1277 1230 1488 1270 vermes
1550 1215 1753 1268 vultum

192 1317 631 1371 immutaverant.
659 1313 765 1367 Pro
795 1313 880 1366 his
903 1324 1031 1381 ergo
1060 1308 1313 1363 omnibus
1336 1306 1579 1361 videntes
1603 1304 1751 1359 illum

191 1422 288 1460 non
319 1413 679 1476 agnoverunt.
708 1403 923 1458 Vultum
950 1417 1053 1455 non
1081 1406 1450 1470 agnoverunt,
1491 1398 1582 1451 sed
1624 1412 1755 1451 con-

189 1497 480 1553 scientiam
519 1505 876 1565 agnoverunt.
906 1492 1119 1547 Faciem
1146 1507 1250 1545 non
1283 1496 1635 1559 agnoverunt,
1661 1486 1777 1541 sed

189 1589 561 1643 sinceritatem
592 1594 951 1655 agnoverunt.
978 1584 1108 1637 Nam
1139 1598 1260 1637 cum
1287 1582 1359 1636 ita
1388 1578 1753 1634 miserabilem

188 1692 349 1751 atque
407 1678 814 1734 lamentabilem
868 1676 1016 1730 illum
1054 1673 1347 1735 viderunt,
1413 1683 1592 1739 neque
1626 1683 1756 1722 con-

189 1782 538 1843 tempserunt
566 1784 739 1840 neque
764 1775 1105 1838 spreverunt,
1154 1765 1249 1819 sed
1292 1763 1610 1817 immensam
1638 1761 1753 1814 sin-

194 1864 487 1918 ceritatem
515 1860 896 1919 ostenderunt,
924 1855 1064 1908 sicut
1102 1851 1329 1907 inferius
1356 1844 1755 1903 demonstrabi-

187 1963 297 2009 tnr.
361 1954 479 2009 Non
532 1951 677 2006 enim
717 1956 873 2003 erant
924 1946 1058 1999 tales
1096 1944 1240 1997 beati
1287 1941 1362 1995 illi
1410 1940 1532 2003 viri,
1568 1937 1756 2007 quales

185 2062 336 2100 nunc
370 2044 621 2115 profecto
652 2048 776 2096 sunt
806 2037 1053 2091 homines
1082 2033 1352 2097 malevoli,
1385 2031 1581 2101 ingrati
1607 2044 1621 2082 :
1667 2029 1755 2097 qui

186 2154 318 2192 cum
356 2140 496 2191 bene
517 2142 599 2189 est
628 2132 872 2194 cuilibet,
914 2140 1023 2182 tum
1072 2126 1144 2180 illi
1194 2125 1357 2179 amici
1408 2135 1535 2179 sunt
1561 2130 1615 2177 et
1644 2122 1756 2176 sin—

184 2230 305 2284 ceri
340 2237 504 2297 atqne
540 2225 656 2296 puri
685 2236 805 2278 esse
839 2220 1115 2274 videntur.
1158 2218 1291 2272 Cum
1329 2216 1555 2273 cuilibet
1590 2214 1758 2268 tribu-

186 2321 327 2374 latio
355 2318 654 2380 advenerit,
689 2327 816 2369 tunc
852 2313 1100 2367 videlicet
1132 2311 1206 2364 illi
1238 2309 1525 2364 discedunt
1567 2314 1622 2361 et
1667 2304 1758 2360 de-

185 2413 456 2480 spiciunt,
515 2409 927 2473 obliviscuntur,
965 2405 1384 2474 derelinquunt,
1431 2398 1756 2453 oblivionem

188 2514 364 2573 atque
422 2503 932 2572 ingratilicationem
986 2497 1227 2554 omnium
1288 2494 1527 2563 priorum
1575 2498 1759 2545 osten-

192 2597 413 2649 dentes.
449 2593 553 2647 Sed
603 2592 730 2647 olim
779 2592 1025 2645 homines
1071 2605 1175 2643 non
1224 2586 1440 2640 fuerunt
1472 2581 1624 2648 tales,
1664 2582 1758 2637 sed

194 2687 600 2749 sinceritatem,
624 2695 788 2753 atque
823 2682 1167 2738 dilectionem
1196 2676 1577 2732 custodierunt
1608 2673 1756 2729 circa

196 2793 253 2833 se
275 2793 341 2831 ac
370 2791 469 2847 pro
499 2791 557 2831 se
592 2775 820 2829 invicem
857 2788 1025 2843 usque
1058 2770 1125 2825 ad
1159 2778 1411 2831 mortem,
1461 2766 1603 2821 sicut
1649 2765 1761 2819 evi-

196 2872 393 2923 denter
413 2866 647 2923 ostendit
674 2865 765 2918 ille
794 2864 884 2934 qui
922 2863 1034 2917 ait:
1071 2861 1286 2917 Sodalis
1330 2859 1505 2913 amico
1543 2872 1757 2925 compa.

198 2960 326 3012 titur
352 2973 520 3027 usque
551 2958 617 3009 ad
647 2964 865 3009 mortem
891 2992 905 3017 ,
952 2962 998 3006 et
1048 2953 1104 3006 in
1155 2958 1385 3017 tempore
1422 2947 1539 3001 belli
1573 2946 1761 3014 accipit

198 3068 345 3105 arma
384 3050 454 3106 ⁸³.
480 3047 638 3102 Tales
664 3046 882 3100 fuerunt
913 3042 987 3096 illi
1018 3040 1164 3097 beati
1209 3040 1312 3094 viri
1362 3039 1586 3103 sinceri,
1637 3037 1763 3090 abs-

197 3158 296 3212 que
337 3141 563 3195 fallacia
613 3138 713 3193 Job
766 3138 946 3201 amici,
993 3136 1083 3205 qui
1118 3135 1185 3188 ad
1236 3131 1576 3186 inimicitiam
1613 3127 1757 3183 circa

198 3235 292 3292 Job
332 3249 624 3303 nunquam
655 3240 783 3288 sunt
808 3228 1099 3292 immutati,
1135 3239 1309 3295 neque
1338 3225 1403 3277 ad
1437 3223 1539 3277 hoc
1582 3230 1639 3274 ut
1673 3235 1762 3274 re-

199 3326 522 3379 nuntiarent
556 3323 654 3389 illi,
701 3320 786 3375 vel
830 3317 1266 3386 derelinquerent
1308 3328 1453 3374 eum,
1505 3310 1608 3364 nisi
1667 3324 1765 3377 pro

198 3418 501 3472 verborum
535 3412 924 3475 controversia,
960 3425 1023 3465 ac
1064 3408 1400 3478 eloquiorum
1434 3401 1764 3465 certamine;

200 3520 251 3564 ut
277 3508 553 3579 putabant
602 3509 744 3576 quod
792 3504 885 3557 Dei
931 3500 1197 3569 justitiam
1240 3494 1613 3550 defenderent.
1665 3491 1767 3544 Sed

202 3615 319 3654 vere
344 3598 605 3652 diabolus
628 3596 1057 3650 inﬂammaverat
1089 3589 1250 3646 corda
1273 3602 1486 3653 eorum,
1517 3599 1623 3654 quo
1658 3599 1770 3637 ma-

204 3694 277 3762 gis
304 3690 419 3745 Job
446 3689 747 3744 molestiam
787 3688 1113 3752 irrogarent,
1148 3694 1257 3750 quo
1303 3679 1471 3748 magis
1513 3676 1770 3743 multipli-

205 3787 388 3841 eiores
436 3781 763 3837 tentationes
812 3776 958 3845 justo
1007 3774 1079 3829 illi
1136 3774 1463 3842 ingererent.
1509 3766 1770 3831 Videmes,

207 3878 406 3945 inquit,
433 3889 549 3928 eum
581 3888 683 3925 non
715 3875 1053 3939 agnoverunt.
1100 3863 1282 3918 Talem
1340 3860 1513 3930 qualis
1565 3858 1770 3929 pridem

208 3971 390 4026 fuerat
450 3985 553 4022 non
609 3969 943 4036 agnoverunt
984 3975 1000 4013 :
1035 3957 1192 4013 talem
1249 3970 1375 4010 vero
1422 3951 1596 4019 qualis
1647 3958 1771 4004 tunc

212 4063 426 4125 fuisset,
482 4063 858 4129 agnoverunt,
913 4048 1297 4113 miserabilem,
1352 4040 1770 4104 lamentabilem,

215 4153 510 4214 infelicem,
554 4150 709 4208 malis
750 4145 999 4202 omnibus
1025 4140 1303 4197 refertum.
1341 4136 1546 4191 idcirco
1577 4132 1772 4201 singuli

215 4244 524 4298 sciudentes
560 4240 883 4295 vestimenta
927 4247 1057 4298 sua,
1110 4234 1528 4298 et.spargentes
1575 4233 1775 4277 terram

218 4351 375 4404 super
425 4334 599 4402 capita
649 4345 743 4384 sua
767 4370 781 4393 ,
818 4324 1138 4380 assederunt
1162 4320 1236 4374 illi
1271 4326 1477 4385 septem
1507 4313 1698 4367 diebus
1721 4321 1776 4364 et

219 4440 421 4498 septem
456 4423 719 4477 noctibus.
760 4417 1104 4472 Admirantes
1154 4412 1256 4465 viri
1305 4411 1402 4474 illi,
1454 4416 1618 4475 atque
1660 4415 1775 4458 stu-

222 4528 402 4585 pentes
443 4515 813 4570 vehementem
863 4524 926 4561 ac
961 4503 1258 4561 terribilem
1308 4512 1469 4569 atque
1518 4498 1777 4551 lamenta.
1811 4539 1854 4593 Β

225 4609 376 4663 bilem
426 4607 545 4676 ejus
586 4600 1041 4659 immutationem,
1078 4594 1396 4647 vestimenta
1439 4604 1533 4643 sua
1566 4586 1779 4641 consci-

225 4700 433 4756 derunt.
472 4696 602 4761 Quae
654 4691 852 4754 fecisti,
883 4688 1153 4757 inquiunt,
1186 4701 1218 4737 ο
1251 4682 1373 4743 Job,
1423 4681 1668 4742 facimus,
1726 4687 1781 4731 et

226 4806 336 4860 quae
355 4787 573 4859 gessisti
595 4786 852 4856 gerimus,
885 4781 1200 4835 vestimenta
1228 4783 1406 4830 nostra
1437 4772 1776 4840 spargimus:

229 4884 300 4938 sic
351 4896 586 4948 namque
627 4888 681 4933 et
725 4887 779 4929 tu
826 4873 1003 4929 fecisti
1051 4880 1179 4924 ante
1220 4867 1490 4938 paululum
1519 4904 1533 4928 ,
1589 4871 1645 4914 ut
1700 4859 1781 4913 in-

228 4976 432 5044 quiunt,
458 4969 607 5026 oJob
632 4988 645 5023 :
670 4979 724 5024 et
750 4968 952 5022 utinam
976 4973 1202 5019 czeteros
1227 4959 1442 5013 dolores
1465 4963 1583 5007 tuos
1608 4961 1781 5005 tecum

231 5066 465 5119 dividere
514 5060 808 5133 possimus,
852 5066 1059 5111 tantum
1116 5062 1173 5106 ut
1227 5042 1683 5121 apprehendentis
1734 5049 1784 5093 te

234 5170 398 5225 pinna:
442 5153 701 5209 revelatio
736 5150 847 5204 ﬁat.
902 5147 1213 5203 Scindentes
1262 5137 1617 5208 unusquisque
1642 5131 1789 5184 vesti-

232 5263 396 5300 menta
424 5263 540 5304 sua,
557 5251 914 5312 etspargentes
936 5250 1127 5292 terram
1154 5250 1309 5299 super
1330 5230 1501 5299 capita
1528 5242 1625 5279 sua
1651 5221 1788 5274 "-".

234 5336 569 5390 Consuetudo
601 5343 720 5387 erat
766 5331 1016 5384 omnibus
1065 5324 1303 5394 antiquis
1354 5322 1550 5387 ubique
1580 5326 1636 5369 ut
1662 5329 1785 5368 cum

235 5443 392 5495 grave
444 5426 649 5495 aliquid
699 5432 861 5490 atque
911 5418 1255 5473 lamentabile
1302 5414 1383 5469 vel
1431 5407 1784 5479 periculosum

238 5522 511 5575 audissent
564 5518 647 5572 vel
701 5516 1111 5575 sustinuissent,
1161 5507 1418 5563 continuo
1468 5500 1785 5555 vestimenta

1041 5711 1158 5749 3U"
1209 5706 1306 5761 Jul)
1355 5721 1413 5767 Il,
1461 5701 1546 5754 1‘2.

308 5723 350 5754 ⁸³
402 5722 566 5775 Ενειί.
626 5734 829 5780 xxxvii,
884 5716 935 5771 5.
1041 5716 1158 5749 ³³³⁵
1209 5716 1306 5761 Job
1355 5723 1366 5757 I

308 5794 348 5825 ³⁸
379 5792 439 5834 IV
474 5792 601 5834 "PU-
647 5803 800 5834 XVIII.
840 5789 897 5834 1.
976 5784 1017 5815 ⁸ο
1057 5779 1175 5834 Jon.
1225 5793 1303 5834 Ill.

308 5794 348 5825 ³⁸
378 5792 439 5847 ιγ
474 5792 602 5861 licg.
647 5803 801 5854 xvnt,
840 5789 858 5840 l
886 5826 897 5839 .

1659 5698 1701 5728 ³⁵
1732 5696 1863 5750 Gen.
1892 5705 2095 5749 XXVVII,
2123 5686 2210 5742 54.

1472 5776 1510 5803 ¹⁵¹
1546 5770 1729 5825 Matth.
1785 5780 1928 5827 ium,
1965 5762 2049 5814 65.

1856 572 2197 638 spargerent,
2226 560 2403 615 cilicio
2437 554 2786 610 nihilominus
2815 547 3070 603 continuo
3096 557 3155 597 se
3186 540 3411 594 induen-

1859 616 2069 638 -,_-,,--
2096 616 2131 619 -,
2164 616 2197 627 ν,

1859 670 1957 715 tes.
1988 658 2082 712 Sic
2107 655 2269 710 scidit
2295 651 2421 706 olim
2455 647 2619 702 Jacob
2663 643 2976 697 vestimenta
3022 651 3139 698 sua,
3188 643 3244 687 et
3297 616 3412 684 cili-

1856 753 1996 805 cium
2024 745 2276 817 imposuit
2305 739 2516 809 corpori
2557 751 2652 792 suo
2677 730 2892 804 quando
2937 727 3179 782 nuntiata
3232 731 3313 777 est
3360 720 3407 774 ei

1857 838 2053 907 Josepb
2094 812 2327 890 i-nteritio
2367 830 2411 861 ³⁸
2440 846 2453 881 :
2484 836 2538 881 et
2568 835 2625 878 ut
2652 825 2719 877 de
2761 815 3170 889 quamplurimis
3196 812 3408 871 sileam,

1856 934 1934 987 sic
1971 906 2131 985 scidit
2179 924 2341 981 David
2375 935 2498 975 eum
2554 913 2838 971 Sichelech
2878 911 2947 963 ab
2982 906 3287 963 Amalecitis
3322 917 3411 957 ca-

1854 1035 1997 1093 ptam
2029 1019 2234 1075 invenit
2264 1020 2334 1079 ",
2362 1023 2416 1067 et
2453 1012 2654 1064 iterum
2682 1004 2894 1075 quando
2929 999 3058 1056 Saul
3086 1009 3140 1053 et
3167 996 3411 1052 Jonatba:

1855 1123 2081 1169 mortem
2112 1108 2315 1163 audivit
2338 1104 2406 1156 ³⁸.
2441 1102 2532 1157 Sic
2582 1097 2743 1154 scidit
2778 1090 3046 1149 Ezechias
3072 1088 3284 1157 quando
3311 1085 3412 1138 mi-

1856 1222 1950 1261 nas
1973 1218 2036 1257 ac
2061 1196 2427 1269 blasphemias
2474 1187 2847 1247 Sennacherib
2887 1193 2940 1237 et
2978 1178 3276 1247 Rhapsacis
3314 1191 3414 1229 au-

1855 1297 1989 1351 divit
2020 1294 2085 1359 ³⁹,
2117 1293 2194 1347 sic
2220 1289 2379 1343 scidit
2419 1300 2511 1338 rex
2548 1279 2906 1336 Ninivitarum
2942 1272 3261 1327 vestimenta
3293 1283 3411 1330 sua,

1855 1400 1910 1445 et
1946 1387 2124 1442 cilicio
2154 1399 2211 1439 se
2238 1381 2468 1436 induens
2497 1376 2548 1430 in
2582 1374 2764 1427 cinere
2794 1368 2952 1431 sedit,
2984 1362 3199 1434 quando
3229 1375 3256 1414 a
3281 1358 3415 1414 Jo'na

1857 1481 2119 1550 propheta
2166 1476 2231 1529 de
2271 1472 2491 1527 Ninives
2539 1463 2896 1521 subversione
2950 1456 3155 1510 audivit
3197 1452 3266 1504 ⁸ο.
3325 1449 3417 1503 Sic.

1859 1572 2017 1628 scidit
2043 1569 2264 1624 ultimus
2292 1565 2345 1618 in
2371 1563 2488 1629 lege
2533 1555 2839 1612 Judaeornm
2875 1550 3121 1619 princeps
3159 1542 3417 1599 sacerdo-

1861 1675 1996 1727 tum,
2032 1674 2150 1715 cum
2187 1659 2443 1710 adversus
2472 1646 2759 1703 Dominum
2787 1637 3177 1708 blasphemiam
3203 1646 3414 1701 quaere-

1861 1762 1942 1810 ret
1966 1751 2033 1815 δι,
2066 1765 2129 1802 ex
2163 1762 2268 1817 quo
2288 1743 2589 1798 Judaaorum
2627 1730 3002 1789 sacerdotium.
3031 1734 3085 1779 et
3119 1720 3293 1777 omnis
3323 1717 3417 1772 Ju-

1788 1842 1830 1894 B
1859 1849 2093 1901 datorum
2121 1840 2254 1909 legis
2269 1838 2410 1900 ritus,
2427 1829 2735 1887 conscissus
2765 1832 2924 1891 atque
2954 1821 3241 1874 distractus
3266 1810 3418 1881 peni-

1861 1948 1947 1992 tus
1993 1934 2221 1989 interiit.
2269 1928 2433 1983 Juxta
2485 1926 2622 1977 hanc
2656 1932 2782 1988 ergo
2813 1914 3154 1983 antiquorum
3191 1918 3418 1961 censue-

1862 2030 2104 2085 tudinem
2143 2024 2307 2078 etiam
2338 2018 2439 2071 viri
2472 2015 2548 2069 illi
2575 2012 2673 2068 Job
2700 2008 2858 2064 amici
2888 2021 3008 2060 cum
3036 1994 3418 2057 terribilesJob

1860 2120 2270 2189 conspexissent
2321 2111 2535 2167 dolores
2563 2145 2579 2171 ,
2625 2101 2933 2158 scindentes
2969 2094 3284 2149 vestimenta
3318 2101 3417 2142 sua

1860 2224 1915 2269 et
1943 2217 2260 2281 spargentes
2291 2214 2488 2259 terram
2542 2211 2704 2264 super
2734 2192 2907 2261 capita
2944 2203 3059 2251 sua,
3102 2182 3420 2237 assederunt

1862 2304 1934 2358 illi
1974 2272 2189 2370 Isepvtem
2225 2296 2413 2352 diebus
2446 2302 2499 2346 et
2533 2296 2737 2357 septem
2780 2280 3048 2336 noctibus.
3090 2272 3420 2329 Assederunt

1861 2397 1935 2452 illi
1958 2395 2099 2449 sicut
2127 2388 2319 2445 medici
2349 2386 2414 2439 ad
2439 2383 2729 2442 inﬁrmum,
2775 2373 2866 2430 sed
2913 2368 3160 2425 sanitatis
3186 2364 3421 2417 medica-

1860 2490 2004 2545 mina
2051 2480 2295 2538 invenire
2346 2492 2447 2529 non
2504 2475 2796 2543 potuerunt
2836 2472 3060 2533 aegroto.
3092 2457 3423 2510 Assederunt

1862 2580 1938 2635 illi
1972 2587 2228 2644 tanquam
2258 2565 2635 2623 consolatores
2671 2555 2920 2617 dolentis,
2962 2551 3053 2604 sed
3102 2543 3423 2601 consolatio-

1864 2686 1984 2727 nem
2014 2666 2257 2723 invenire
2279 2676 2385 2716 non
2423 2662 2716 2727 potuerunt
2750 2643 3063 2701 miserabili.
3088 2639 3424 2694 Assederunt

1862 2764 1958 2817 illi.
1999 2762 2066 2815 Et
2119 2756 2207 2810 ubi
2258 2740 2800 2806 assederunt?Foris
2828 2738 2879 2789 in
2916 2747 3142 2788 murana
3178 2741 3339 2796 atque
3368 2727 3421 2779 in

1863 2865 2060 2909 acervo
2117 2843 2377 2901 stercoris
2425 2849 2475 2895 et
2530 2839 2582 2890 in
2632 2829 2841 2888 strata?
2891 2825 3030 2887 Non,
3083 2819 3259 2874 absit!
3308 2814 3423 2869 Non

1861 2946 2003 3000 enim
2038 2950 2180 2995 tanta
2229 2933 2517 2990 multitudo
2548 2931 2790 2982 dolorum
2836 2918 3190 2976 inundaverat
3215 2909 3337 2975 Job,
3368 2914 3425 2961 ut

1865 3039 1952 3092 ille
1987 3036 2242 3088 honorem
2274 3027 2341 3080 ad
2389 3038 2448 3077 se
2479 3018 2805 3075 venientium
2838 3027 2941 3066 non
2987 3005 3323 3073 intelligeret,
3367 3006 3426 3053 ut

1867 3123 2182 3193 dignitatem
2212 3113 2559 3195 praesentium
2605 3121 2711 3162 non
2740 3101 3128 3159 consideraret.
3174 3088 3422 3159 Quandiu

1869 3230 1998 3286 ergo
2024 3212 2269 3267 venirent
2300 3189 2375 3262 illi
2408 3203 2529 3267 viri,
2561 3199 2648 3253 illo
2692 3208 2861 3265 usque
2903 3191 3035 3245 foris
3081 3189 3133 3240 in
3177 3195 3424 3245 murana,

1870 3308 1922 3361 in
1968 3314 2139 3359 strata
2180 3298 2432 3353 omnibus
2480 3292 2759 3346 evidenter
2793 3280 3087 3338 ostendens
3115 3274 3424 3344 passionem

1869 3412 2046 3460 suam,
2083 3403 2137 3447 et
2169 3390 2294 3461 quia
2331 3400 2451 3440 cum
2481 3389 2626 3436 esset
2652 3377 2830 3448 justus
2874 3370 3223 3455 vehementes
3264 3361 3428 3415 susti-

1872 3436 2046 3460 πων,
2084 3436 2137 3447 ν-
2171 3436 2294 3461 ,μμ
2652 3436 2671 3448 _

1872 3486 2049 3542 nuerit
2086 3482 2319 3537 dolores.
2359 3475 2651 3541 Postquam
2686 3480 2815 3519 vero
2866 3458 3145 3515 memorati
3191 3436 3296 3507 viri
3342 3465 3430 3504 ve-

1873 3584 2086 3638 nerunt,
2115 3572 2359 3628 deferens
2384 3567 2640 3620 honorem
2667 3552 2969 3612 sinceritati
3004 3562 3213 3608 eorum,
3240 3554 3295 3597 et
3329 3542 3429 3595 ho-

1875 3669 2170 3723 noriticans
2217 3671 2477 3731 personas
2532 3664 2720 3706 eorum
2763 3642 3005 3699 introivit
3040 3641 3091 3691 in
3130 3635 3429 3697 civitatem,

1875 3770 1930 3816 et
1955 3758 2096 3813 sedit
2136 3755 2188 3807 in
2217 3754 2375 3806 domo
2413 3764 2426 3800 :
2469 3756 2520 3799 et
2549 3744 2621 3797 ita
2658 3733 2999 3793 venerabiles
3030 3728 3115 3783 isti
3147 3728 3248 3781 viri
3280 3724 3431 3778 sede-

1876 3859 2003 3907 runt
2034 3848 2171 3919 apud
2200 3858 2321 3899 eum
2356 3847 2563 3908 septem
2616 3832 2802 3888 diebus
2840 3837 2892 3881 et
2919 3833 3120 3894 septem
3166 3817 3430 3873 noctibus.

1877 3906 2226 3994 llebdoinada
2257 3906 2466 3986 dierum
2505 3925 2552 3979 ei
2584 3920 2923 3979 assederunt,
2976 3928 3041 3969 ex
3089 3925 3193 3979 qua
3236 3906 3435 3962 hebdo-

1876 4030 2034 4085 mada
2059 4035 2227 4081 totum
2252 4022 2355 4076 hoc
2376 4021 2779 4072 consummatur
2802 4004 3075 4061 saeculum.
3102 4000 3437 4053 Assederunt

1877 4122 1926 4174 ei
1959 4127 2163 4187 septem
2192 4114 2382 4168 diebus
2410 4116 2464 4161 et
2496 4112 2698 4173 septem
2738 4096 3007 4155 noctibus,
3036 4086 3308 4149 indivulsi,
3351 4086 3436 4138 in—

1878 4180 2110 4277 separati
2151 4211 2311 4269 atque
2347 4190 2704 4252 indissociati.
2754 4185 3091 4240 Assederunt
3131 4180 3179 4232 ei
3231 4184 3437 4245 septem

1884 4267 2150 4351 diebnset
2179 4267 2382 4360 septem
2434 4283 2706 4342 noctibus,
2761 4288 3021 4343 nusquam
3079 4267 3435 4326 discedentes,

1883 4402 2147 4458 nusquam
2180 4382 2514 4441 recedentes,
2566 4384 2830 4440 nusquam
2870 4369 3208 4424 deserentes,
3263 4370 3440 4424 neque

1886 4483 1951 4535 ad
1979 4493 2187 4540 escam,
2216 4487 2391 4540 neque
2426 4469 2490 4522 ad
2536 4476 2741 4535 potmn,
2787 4473 2960 4527 neque
2992 4454 3056 4507 ad
3094 4452 3311 4512 lectum,
3350 4458 3442 4499 ne-

1890 4588 1994 4643 que
2012 4571 2078 4624 ad
2109 4537 2253 4620 aliud
2279 4537 2640 4629 refrigerium.
2670 4553 2778 4606 Sed
2807 4548 3035 4602 forsitan
3052 4543 3182 4597 dicit
3213 4537 3439 4606 aliquis:

1889 4664 1956 4717 Et
2001 4655 2265 4728 quomodo
2313 4650 2680 4703 sustinuerunt
2727 4652 2838 4691 non
2888 4631 3236 4690 manducare,
3270 4636 3445 4689 neque

1894 4718 2076 4807 bibe'r'e
2103 4753 2304 4813 septem
2326 4732 2553 4793 diebus?
2577 4730 2814 4783 Primum
2838 4722 3063 4792 quidem
3088 4718 3265 4771 divina
3291 4718 3447 4765 erant

1894 4843 2094 4894 virtute
2122 4828 2435 4891 confortati,
2490 4834 2595 4877 tam
2652 4833 2747 4888 pro
2781 4814 2880 4871 Job
2905 4826 3063 4881 quam
3094 4822 3188 4878 pro
3212 4818 3308 4857 sua
3330 4800 3444 4853 sin-

1894 4933 2141 4987 ceritate.
2176 4925 2307 4979 Nam
2334 4918 2464 4992 justi
2508 4921 2664 4968 erant.
2702 4909 2800 4961 viri
2847 4905 2935 4959 isti
2984 4911 3146 4969 atque
3185 4892 3444 4962 religiosi,

1896 5022 2085 5077 merito
2110 5027 2165 5072 et
2200 5014 2292 5070 Dei
2322 4989 2588 5076 colloquio
2614 5011 2734 5073 post
2780 5000 2883 5053 hoc
2915 4995 3055 5065 digni
3091 4989 3257 5045 habiti
3302 4993 3444 5038 sunt.

1896 5115 1986 5169 Dei
2044 5114 2225 5178 itaque
2274 5075 2493 5157 virtute,
2535 5106 2696 5165 atque
2764 5084 3099 5161 providentia
3155 5075 3449 5133 confortati

1896 5206 2288 5262 sustinuerunt.
2332 5196 2459 5248 Item
2489 5190 2664 5243 adhuc
2700 5185 2863 5239 etiam
2913 5178 3001 5233 isti
3056 5172 3156 5226 viri
3186 5170 3340 5223 aliter
3366 5182 3452 5220 ves

1899 5308 2112 5361 nerunt,
2142 5303 2196 5349 ct
2228 5292 2470 5345 videntes
2496 5283 2914 5349 obstupuerunt,
2963 5281 3017 5325 et
3060 5268 3323 5320 immenso
3352 5259 3450 5312 do-

1901 5395 2014 5449 lore
2048 5399 2208 5456 atque
2238 5380 2452 5437 tristitia
2477 5386 2638 5444 atque
2667 5368 2866 5441 gemitu
2904 5361 3088 5431 repleti
3127 5366 3268 5412 sunt.
3302 5353 3456 5406 Asse-

1902 5488 2093 5540 derunt
2121 5446 2180 5532 ei
2212 5482 2416 5544 septem
2455 5468 2641 5522 diebus
2685 5472 2739 5515 ct
2788 5466 2991 5527 septem
3039 5451 3304 5512 nnctibus,
3339 5446 3454 5513 ipsa

2323 5681 2362 5709 ³⁷
2394 5678 2412 5731 l
2445 5676 2573 5748 Reg.
2608 5690 2734 5739 nx,
2760 5671 2812 5726 4.
2920 5670 2962 5700 ³⁸
2996 5667 3039 5720 ll
3086 5663 3218 5734 Reg.
3273 5674 3311 5723 ι,
3367 5654 3456 5712 12.
