  <div class='ocr_page' id='page_1' title='image "/cluster/home/n/w/nwhite01/storage/ocr_20150623/17/mdp.39015031604831/257.png"; bbox 0 0 3992 6312; ppageno 0'>
   <div class='ocr_carea' id='block_1_1' title="bbox 563 332 669 390">
    <p class='ocr_par' dir='ltr' id='par_1_1' title="bbox 563 332 669 390">
     <span class='ocr_line' id='line_1_1' title="bbox 563 332 669 390; baseline 0.028 -3"><span class='ocrx_word' id='word_1_1' title='bbox 563 332 669 390; x_wconf 77' lang='grc'><strong>505</strong></span> 
     </span>
    </p>
   </div>
   <div class='ocr_carea' id='block_1_2' title="bbox 1657 331 2712 392">
    <p class='ocr_par' dir='ltr' id='par_1_2' title="bbox 1657 331 2712 392">
     <span class='ocr_line' id='line_1_2' title="bbox 1657 331 2712 392; baseline -0.006 -1"><span class='ocrx_word' id='word_1_2' title='bbox 1657 335 2036 391; x_wconf 77' lang='lat' dir='ltr'><strong>ANONYMUS</strong></span> <span class='ocrx_word' id='word_1_3' title='bbox 2076 335 2142 390; x_wconf 89' lang='lat' dir='ltr'><strong>IN</strong></span> <span class='ocrx_word' id='word_1_4' title='bbox 2178 336 2314 392; x_wconf 83' lang='lat' dir='ltr'><strong>JOB.</strong></span> <span class='ocrx_word' id='word_1_5' title='bbox 2356 368 2421 376; x_wconf 95' lang='lat'><strong>—</strong></span> <span class='ocrx_word' id='word_1_6' title='bbox 2460 334 2587 389; x_wconf 86' lang='lat' dir='ltr'><strong>LIB.</strong></span> <span class='ocrx_word' id='word_1_7' title='bbox 2625 331 2712 388; x_wconf 84' lang='lat' dir='ltr'><strong>III.</strong></span> 
     </span>
    </p>
   </div>
   <div class='ocr_carea' id='block_1_3' title="bbox 3655 336 3735 393">
    <p class='ocr_par' dir='ltr' id='par_1_3' title="bbox 3655 336 3735 393">
     <span class='ocr_line' id='line_1_3' title="bbox 3655 336 3735 393; baseline 0 0"><span class='ocrx_word' id='word_1_8' title='bbox 3655 336 3735 393; x_wconf 66' lang='lat'><strong>504</strong></span> 
     </span>
    </p>
   </div>
   <div class='ocr_carea' id='block_1_4' title="bbox 568 441 3737 522">
    <p class='ocr_par' dir='ltr' id='par_1_4' title="bbox 568 441 3737 522">
     <span class='ocr_line' id='line_1_4' title="bbox 568 441 3737 522; baseline -0.001 -21"><span class='ocrx_word' id='word_1_9' title='bbox 568 449 791 503; x_wconf 88' lang='lat' dir='ltr'><strong>tristitia</strong></span> <span class='ocrx_word' id='word_1_10' title='bbox 822 460 983 519; x_wconf 88' lang='lat' dir='ltr'><strong>atque</strong></span> <span class='ocrx_word' id='word_1_11' title='bbox 1011 452 1139 521; x_wconf 89' lang='lat' dir='ltr'><strong>ipsis</strong></span> <span class='ocrx_word' id='word_1_12' title='bbox 1164 452 1440 507; x_wconf 86' lang='lat' dir='ltr'><strong>doloribus</strong></span> <span class='ocrx_word' id='word_1_13' title='bbox 1471 454 1721 517; x_wconf 90' lang='lat' dir='ltr'><strong>saturati,</strong></span> <span class='ocrx_word' id='word_1_14' title='bbox 1752 452 1882 522; x_wconf 84' lang='lat' dir='ltr'><strong>ipsis</strong></span> <span class='ocrx_word' id='word_1_15' title='bbox 1907 454 2129 506; x_wconf 82' lang='lat' dir='ltr'><strong>vocibus</strong></span> <span class='ocrx_word' id='word_1_16' title='bbox 2159 456 2205 511; x_wconf 76' lang='grc' dir='ltr'>Α</span> <span class='ocrx_word' id='word_1_17' title='bbox 2235 450 2292 504; x_wconf 87' lang='lat' dir='ltr'><strong>Si</strong></span> <span class='ocrx_word' id='word_1_18' title='bbox 2323 450 2476 504; x_wconf 89' lang='lat' dir='ltr'><strong>liberi</strong></span> <span class='ocrx_word' id='word_1_19' title='bbox 2511 447 2704 501; x_wconf 93' lang='lat' dir='ltr'><strong>sublati</strong></span> <span class='ocrx_word' id='word_1_20' title='bbox 2734 454 2857 500; x_wconf 84' lang='lat' dir='ltr'><strong>sunt</strong></span> <span class='ocrx_word' id='word_1_21' title='bbox 2888 443 3011 510; x_wconf 90' lang='lat' dir='ltr'><strong>tibi,</strong></span> <span class='ocrx_word' id='word_1_22' title='bbox 3044 441 3300 509; x_wconf 91' lang='lat' dir='ltr'><strong>transiges</strong></span> <span class='ocrx_word' id='word_1_23' title='bbox 3329 441 3393 498; x_wconf 88' lang='lat' dir='ltr'><strong>de</strong></span> <span class='ocrx_word' id='word_1_24' title='bbox 3424 457 3477 497; x_wconf 89' lang='lat' dir='ltr'><strong>re</strong></span> <span class='ocrx_word' id='word_1_25' title='bbox 3499 449 3737 500; x_wconf 85' lang='lat' dir='ltr'><strong>tamntari.</strong></span> 
     </span>
    </p>
   </div>
   <div class='ocr_carea' id='block_1_5' title="bbox 564 542 2123 615">
    <p class='ocr_par' dir='ltr' id='par_1_5' title="bbox 564 542 2123 615">
     <span class='ocr_line' id='line_1_5' title="bbox 564 542 2123 615; baseline 0.002 -21"><span class='ocrx_word' id='word_1_26' title='bbox 564 542 772 605; x_wconf 82' lang='lat' dir='ltr'><strong>satiati,</strong></span> <span class='ocrx_word' id='word_1_27' title='bbox 828 543 958 611; x_wconf 87' lang='lat' dir='ltr'><strong>ipsis</strong></span> <span class='ocrx_word' id='word_1_28' title='bbox 994 543 1247 615; x_wconf 82' lang='lat' dir='ltr'><strong>lacrymis</strong></span> <span class='ocrx_word' id='word_1_29' title='bbox 1284 543 1556 599; x_wconf 88' lang='lat' dir='ltr'><strong>inebriati.</strong></span> <span class='ocrx_word' id='word_1_30' title='bbox 1610 542 1733 598; x_wconf 71' lang='lat' dir='ltr'><strong>llaec</strong></span> <span class='ocrx_word' id='word_1_31' title='bbox 1778 546 2123 599; x_wconf 83' lang='lat' dir='ltr'><strong>recordantes</strong></span> 
     </span>
    </p>
   </div>
   <div class='ocr_carea' id='block_1_6' title="bbox 565 619 2123 703">
    <p class='ocr_par' dir='ltr' id='par_1_6' title="bbox 565 619 2123 703">
     <span class='ocr_line' id='line_1_6' title="bbox 565 619 2123 703; baseline 0.001 -16"><span class='ocrx_word' id='word_1_32' title='bbox 565 644 684 702; x_wconf 90' lang='lat' dir='ltr'><strong>post</strong></span> <span class='ocrx_word' id='word_1_33' title='bbox 704 634 815 686; x_wconf 59' lang='lat' dir='ltr'><strong>haec</strong></span> <span class='ocrx_word' id='word_1_34' title='bbox 837 619 1036 698; x_wconf 78' lang='lat' dir='ltr'><strong>sancti,</strong></span> <span class='ocrx_word' id='word_1_35' title='bbox 1059 635 1390 688; x_wconf 87' lang='lat' dir='ltr'><strong>dixeruntea</strong></span> <span class='ocrx_word' id='word_1_36' title='bbox 1421 634 1625 698; x_wconf 83' lang='lat' dir='ltr'><strong>verbis,</strong></span> <span class='ocrx_word' id='word_1_37' title='bbox 1643 650 1761 703; x_wconf 69' lang='lat' dir='ltr'><strong>qua:</strong></span> <span class='ocrx_word' id='word_1_38' title='bbox 1781 635 1857 688; x_wconf 89' lang='lat' dir='ltr'><strong>illi</strong></span> <span class='ocrx_word' id='word_1_39' title='bbox 1884 633 2123 703; x_wconf 88' lang='lat' dir='ltr'><strong>perfece-</strong></span> 
     </span>
    </p>
   </div>
   <div class='ocr_carea' id='block_1_7' title="bbox 564 720 2122 793">
    <p class='ocr_par' dir='ltr' id='par_1_7' title="bbox 564 720 2122 793">
     <span class='ocr_line' id='line_1_7' title="bbox 564 720 2122 793; baseline 0.001 -19"><span class='ocrx_word' id='word_1_40' title='bbox 564 731 688 774; x_wconf 89' lang='lat' dir='ltr'><strong>runt</strong></span> <span class='ocrx_word' id='word_1_41' title='bbox 710 720 889 775; x_wconf 86' lang='lat' dir='ltr'><strong>factis.</strong></span> <span class='ocrx_word' id='word_1_42' title='bbox 923 720 1157 775; x_wconf 85' lang='lat' dir='ltr'><strong>Fuerunt</strong></span> <span class='ocrx_word' id='word_1_43' title='bbox 1180 722 1308 775; x_wconf 82' lang='lat' dir='ltr'><strong>mihi</strong></span> <span class='ocrx_word' id='word_1_44' title='bbox 1339 722 1587 793; x_wconf 71' lang='lat' dir='ltr'><strong>lacrymw</strong></span> <span class='ocrx_word' id='word_1_45' title='bbox 1619 740 1746 777; x_wconf 62' lang='lat' dir='ltr'><strong>meat</strong></span> <span class='ocrx_word' id='word_1_46' title='bbox 1760 740 1920 793; x_wconf 78' lang='lat' dir='ltr'><strong>panes</strong></span> <span class='ocrx_word' id='word_1_47' title='bbox 1953 725 2037 778; x_wconf 86' lang='lat' dir='ltr'><strong>die</strong></span> <span class='ocrx_word' id='word_1_48' title='bbox 2061 740 2122 777; x_wconf 87' lang='lat' dir='ltr'><strong>ac</strong></span> 
     </span>
    </p>
   </div>
   <div class='ocr_carea' id='block_1_8' title="bbox 558 809 2122 884">
    <p class='ocr_par' dir='ltr' id='par_1_8' title="bbox 558 809 2122 884">
     <span class='ocr_line' id='line_1_8' title="bbox 558 809 2122 884; baseline 0.004 -22"><span class='ocrx_word' id='word_1_49' title='bbox 558 820 710 865; x_wconf 85' lang='lat' dir='ltr'><strong>nocte</strong></span> <span class='ocrx_word' id='word_1_50' title='bbox 724 810 767 843; x_wconf 76' lang='lat'>“</span> <span class='ocrx_word' id='word_1_51' title='bbox 789 827 802 877; x_wconf 93' lang='lat'><strong>;</strong></span> <span class='ocrx_word' id='word_1_52' title='bbox 825 821 879 865; x_wconf 85' lang='lat' dir='ltr'><strong>et</strong></span> <span class='ocrx_word' id='word_1_53' title='bbox 899 834 911 867; x_wconf 85' lang='grc'>;</span> <span class='ocrx_word' id='word_1_54' title='bbox 940 809 1145 865; x_wconf 78' lang='lat' dir='ltr'><strong>Oblitus</strong></span> <span class='ocrx_word' id='word_1_55' title='bbox 1165 828 1277 866; x_wconf 81' lang='lat' dir='ltr'><strong>sum</strong></span> <span class='ocrx_word' id='word_1_56' title='bbox 1298 815 1449 866; x_wconf 85' lang='lat' dir='ltr'><strong>edere</strong></span> <span class='ocrx_word' id='word_1_57' title='bbox 1467 830 1635 867; x_wconf 87' lang='lat' dir='ltr'><strong>meum</strong></span> <span class='ocrx_word' id='word_1_58' title='bbox 1652 830 1843 883; x_wconf 82' lang='lat' dir='ltr'><strong>panem</strong></span> <span class='ocrx_word' id='word_1_59' title='bbox 1860 831 1890 867; x_wconf 88' lang='lat' dir='ltr'><strong>a</strong></span> <span class='ocrx_word' id='word_1_60' title='bbox 1904 830 2021 869; x_wconf 82' lang='lat' dir='ltr'><strong>voce</strong></span> <span class='ocrx_word' id='word_1_61' title='bbox 2042 816 2122 884; x_wconf 85' lang='lat' dir='ltr'><strong>ge-</strong></span> 
     </span>
    </p>
   </div>
   <div class='ocr_carea' id='block_1_9' title="bbox 558 890 2122 977">
    <p class='ocr_par' dir='ltr' id='par_1_9' title="bbox 558 890 2122 977">
     <span class='ocr_line' id='line_1_9' title="bbox 558 890 2122 977; baseline 0.005 -25"><span class='ocrx_word' id='word_1_62' title='bbox 558 902 782 954; x_wconf 74' lang='lat' dir='ltr'><strong>im‘tuum</strong></span> <span class='ocrx_word' id='word_1_63' title='bbox 802 918 1035 956; x_wconf 85' lang='lat' dir='ltr'><strong>meorum</strong></span> <span class='ocrx_word' id='word_1_64' title='bbox 1054 903 1121 970; x_wconf 78' lang='lat'><strong>“,</strong></span> <span class='ocrx_word' id='word_1_65' title='bbox 1146 915 1197 956; x_wconf 90' lang='lat' dir='ltr'><strong>et</strong></span> <span class='ocrx_word' id='word_1_66' title='bbox 1220 922 1233 958; x_wconf 86' lang='lat'>:</span> <span class='ocrx_word' id='word_1_67' title='bbox 1259 904 1463 958; x_wconf 77' lang='lat' dir='ltr'><strong>Potasti</strong></span> <span class='ocrx_word' id='word_1_68' title='bbox 1479 923 1569 959; x_wconf 80' lang='lat' dir='ltr'><strong>nos</strong></span> <span class='ocrx_word' id='word_1_69' title='bbox 1588 890 1831 977; x_wconf 56' lang='lat' dir='ltr'><strong>(acri/mis</strong></span> <span class='ocrx_word' id='word_1_70' title='bbox 1848 908 1904 959; x_wconf 85' lang='lat' dir='ltr'><strong>in</strong></span> <span class='ocrx_word' id='word_1_71' title='bbox 1923 924 2122 961; x_wconf 84' lang='lat' dir='ltr'><strong>mensu-</strong></span> 
     </span>
    </p>
   </div>
   <div class='ocr_carea' id='block_1_10' title="bbox 558 991 2118 1066">
    <p class='ocr_par' dir='ltr' id='par_1_10' title="bbox 558 991 2118 1066">
     <span class='ocr_line' id='line_1_10' title="bbox 558 991 2118 1066; baseline 0.006 -23"><span class='ocrx_word' id='word_1_72' title='bbox 558 1010 619 1046; x_wconf 89' lang='lat' dir='ltr'><strong><em>ra</em></strong></span> <span class='ocrx_word' id='word_1_73' title='bbox 646 991 713 1048; x_wconf 74' lang='lat'><strong>“.</strong></span> <span class='ocrx_word' id='word_1_74' title='bbox 744 992 913 1047; x_wconf 88' lang='lat' dir='ltr'><strong>Tanta</strong></span> <span class='ocrx_word' id='word_1_75' title='bbox 948 1008 1080 1064; x_wconf 84' lang='lat' dir='ltr'><strong>ergo</strong></span> <span class='ocrx_word' id='word_1_76' title='bbox 1109 996 1326 1049; x_wconf 79' lang='lat' dir='ltr'><strong>tristitia</strong></span> <span class='ocrx_word' id='word_1_77' title='bbox 1372 1012 1436 1051; x_wconf 90' lang='lat' dir='ltr'><strong>ac</strong></span> <span class='ocrx_word' id='word_1_78' title='bbox 1476 998 1683 1062; x_wconf 84' lang='lat' dir='ltr'><strong>dolore,</strong></span> <span class='ocrx_word' id='word_1_79' title='bbox 1718 1008 1771 1052; x_wconf 90' lang='lat' dir='ltr'><strong>et</strong></span> <span class='ocrx_word' id='word_1_80' title='bbox 1804 999 2118 1066; x_wconf 78' lang='lat' dir='ltr'><strong>gemitibus,</strong></span> 
     </span>
    </p>
   </div>
   <div class='ocr_carea' id='block_1_11' title="bbox 556 1082 2119 1155">
    <p class='ocr_par' dir='ltr' id='par_1_11' title="bbox 556 1082 2119 1155">
     <span class='ocr_line' id='line_1_11' title="bbox 556 1082 2119 1155; baseline 0.002 -20"><span class='ocrx_word' id='word_1_81' title='bbox 556 1082 802 1149; x_wconf 89' lang='lat' dir='ltr'><strong>suspiriis</strong></span> <span class='ocrx_word' id='word_1_82' title='bbox 844 1096 1059 1153; x_wconf 88' lang='lat' dir='ltr'><strong>quoque</strong></span> <span class='ocrx_word' id='word_1_83' title='bbox 1086 1092 1141 1137; x_wconf 93' lang='lat' dir='ltr'><strong>et</strong></span> <span class='ocrx_word' id='word_1_84' title='bbox 1197 1082 1470 1155; x_wconf 86' lang='lat' dir='ltr'><strong>lacrymis,</strong></span> <span class='ocrx_word' id='word_1_85' title='bbox 1517 1095 1681 1152; x_wconf 90' lang='lat' dir='ltr'><strong>atque</strong></span> <span class='ocrx_word' id='word_1_86' title='bbox 1733 1084 2119 1139; x_wconf 81' lang='lat' dir='ltr'><strong>lamentatione</strong></span> 
     </span>
    </p>
   </div>
   <div class='ocr_carea' id='block_1_12' title="bbox 561 1172 2120 1246">
    <p class='ocr_par' dir='ltr' id='par_1_12' title="bbox 561 1172 2120 1246">
     <span class='ocr_line' id='line_1_12' title="bbox 561 1172 2120 1246; baseline 0.003 -21"><span class='ocrx_word' id='word_1_87' title='bbox 561 1172 745 1241; x_wconf 81' lang='lat' dir='ltr'><strong>repleti</strong></span> <span class='ocrx_word' id='word_1_88' title='bbox 780 1182 905 1227; x_wconf 91' lang='lat' dir='ltr'><strong>sunt</strong></span> <span class='ocrx_word' id='word_1_89' title='bbox 955 1173 1054 1226; x_wconf 90' lang='lat' dir='ltr'><strong>viri</strong></span> <span class='ocrx_word' id='word_1_90' title='bbox 1095 1173 1194 1240; x_wconf 91' lang='lat' dir='ltr'><strong>illi,</strong></span> <span class='ocrx_word' id='word_1_91' title='bbox 1228 1182 1286 1226; x_wconf 92' lang='lat' dir='ltr'><strong>ut</strong></span> <span class='ocrx_word' id='word_1_92' title='bbox 1324 1174 1567 1229; x_wconf 90' lang='lat' dir='ltr'><strong>omnium</strong></span> <span class='ocrx_word' id='word_1_93' title='bbox 1610 1176 1907 1230; x_wconf 87' lang='lat' dir='ltr'><strong>carnalium</strong></span> <span class='ocrx_word' id='word_1_94' title='bbox 1955 1188 2120 1246; x_wconf 88' lang='lat' dir='ltr'><strong>atque</strong></span> 
     </span>
    </p>
   </div>
   <div class='ocr_carea' id='block_1_13' title="bbox 554 1265 2118 1332">
    <p class='ocr_par' dir='ltr' id='par_1_13' title="bbox 554 1265 2118 1332">
     <span class='ocr_line' id='line_1_13' title="bbox 554 1265 2118 1332; baseline 0.004 -16"><span class='ocrx_word' id='word_1_95' title='bbox 554 1265 900 1332; x_wconf 79' lang='lat' dir='ltr'><strong>praesentium</strong></span> <span class='ocrx_word' id='word_1_96' title='bbox 933 1265 1423 1331; x_wconf 81' lang='lat' dir='ltr'><strong>obliviscerentur,</strong></span> <span class='ocrx_word' id='word_1_97' title='bbox 1471 1276 1528 1320; x_wconf 89' lang='lat' dir='ltr'><strong>et</strong></span> <span class='ocrx_word' id='word_1_98' title='bbox 1553 1266 1827 1323; x_wconf 90' lang='lat' dir='ltr'><strong>alerentur</strong></span> <span class='ocrx_word' id='word_1_99' title='bbox 1866 1278 1913 1322; x_wconf 90' lang='lat' dir='ltr'><strong>et</strong></span> <span class='ocrx_word' id='word_1_100' title='bbox 1966 1279 2118 1322; x_wconf 84' lang='lat' dir='ltr'><strong>satu—</strong></span> 
     </span>
    </p>
   </div>
   <div class='ocr_carea' id='block_1_14' title="bbox 554 1356 2114 1427">
    <p class='ocr_par' dir='ltr' id='par_1_14' title="bbox 554 1356 2114 1427">
     <span class='ocr_line' id='line_1_14' title="bbox 554 1356 2114 1427; baseline 0.003 -19"><span class='ocrx_word' id='word_1_101' title='bbox 554 1367 810 1411; x_wconf 89' lang='lat' dir='ltr'><strong>rarentur</strong></span> <span class='ocrx_word' id='word_1_102' title='bbox 849 1365 904 1410; x_wconf 90' lang='lat' dir='ltr'><strong>et</strong></span> <span class='ocrx_word' id='word_1_103' title='bbox 936 1356 1275 1426; x_wconf 83' lang='lat' dir='ltr'><strong>replerentur</strong></span> <span class='ocrx_word' id='word_1_104' title='bbox 1316 1357 1427 1427; x_wconf 92' lang='lat' dir='ltr'><strong>ipsa</strong></span> <span class='ocrx_word' id='word_1_105' title='bbox 1464 1357 1681 1413; x_wconf 87' lang='lat' dir='ltr'><strong>tristitia</strong></span> <span class='ocrx_word' id='word_1_106' title='bbox 1712 1368 1763 1413; x_wconf 90' lang='lat' dir='ltr'><strong>et</strong></span> <span class='ocrx_word' id='word_1_107' title='bbox 1790 1359 1953 1413; x_wconf 91' lang='lat' dir='ltr'><strong>luctu.</strong></span> <span class='ocrx_word' id='word_1_108' title='bbox 1983 1358 2114 1412; x_wconf 78' lang='lat' dir='ltr'><strong>Nam</strong></span> 
     </span>
    </p>
   </div>
   <div class='ocr_carea' id='block_1_15' title="bbox 550 1449 2115 1516">
    <p class='ocr_par' dir='ltr' id='par_1_15' title="bbox 550 1449 2115 1516">
     <span class='ocr_line' id='line_1_15' title="bbox 550 1449 2115 1516; baseline 0.001 -11"><span class='ocrx_word' id='word_1_109' title='bbox 550 1451 692 1505; x_wconf 89' lang='lat' dir='ltr'><strong>sicut</strong></span> <span class='ocrx_word' id='word_1_110' title='bbox 726 1449 828 1505; x_wconf 79' lang='lat' dir='ltr'><strong>Job</strong></span> <span class='ocrx_word' id='word_1_111' title='bbox 874 1450 1222 1505; x_wconf 87' lang='lat' dir='ltr'><strong>saturabatur</strong></span> <span class='ocrx_word' id='word_1_112' title='bbox 1269 1451 1768 1506; x_wconf 86' lang='lat' dir='ltr'><strong>vehementioribus</strong></span> <span class='ocrx_word' id='word_1_113' title='bbox 1811 1452 2115 1516; x_wconf 91' lang='lat' dir='ltr'><strong>doloribus,</strong></span> 
     </span>
    </p>
   </div>
   <div class='ocr_carea' id='block_1_16' title="bbox 548 1542 2115 1597">
    <p class='ocr_par' dir='ltr' id='par_1_16' title="bbox 548 1542 2115 1597">
     <span class='ocr_line' id='line_1_16' title="bbox 548 1542 2115 1597; baseline 0 -1"><span class='ocrx_word' id='word_1_114' title='bbox 548 1542 801 1596; x_wconf 90' lang='lat' dir='ltr'><strong>similiter</strong></span> <span class='ocrx_word' id='word_1_115' title='bbox 826 1542 969 1596; x_wconf 90' lang='lat' dir='ltr'><strong>beati</strong></span> <span class='ocrx_word' id='word_1_116' title='bbox 1002 1544 1105 1597; x_wconf 92' lang='lat' dir='ltr'><strong>viri</strong></span> <span class='ocrx_word' id='word_1_117' title='bbox 1150 1542 1223 1595; x_wconf 92' lang='lat' dir='ltr'><strong>illi</strong></span> <span class='ocrx_word' id='word_1_118' title='bbox 1263 1543 1651 1597; x_wconf 86' lang='lat' dir='ltr'><strong>saturabantur</strong></span> <span class='ocrx_word' id='word_1_119' title='bbox 1703 1544 1964 1597; x_wconf 88' lang='lat' dir='ltr'><strong>immensa</strong></span> <span class='ocrx_word' id='word_1_120' title='bbox 2017 1545 2115 1596; x_wconf 83' lang='lat' dir='ltr'><strong>tri-</strong></span> 
     </span>
    </p>
   </div>
   <div class='ocr_carea' id='block_1_17' title="bbox 548 1633 2114 1704">
    <p class='ocr_par' dir='ltr' id='par_1_17' title="bbox 548 1633 2114 1704">
     <span class='ocr_line' id='line_1_17' title="bbox 548 1633 2114 1704; baseline 0.003 -19"><span class='ocrx_word' id='word_1_121' title='bbox 548 1633 696 1685; x_wconf 88' lang='lat' dir='ltr'><strong>stitia</strong></span> <span class='ocrx_word' id='word_1_122' title='bbox 729 1643 887 1703; x_wconf 80' lang='lat' dir='ltr'><strong>atque</strong></span> <span class='ocrx_word' id='word_1_123' title='bbox 919 1633 1235 1690; x_wconf 84' lang='lat' dir='ltr'><strong>ululatibus.</strong></span> <span class='ocrx_word' id='word_1_124' title='bbox 1291 1634 1381 1691; x_wconf 87' lang='lat' dir='ltr'><strong>Sic</strong></span> <span class='ocrx_word' id='word_1_125' title='bbox 1403 1675 1418 1701; x_wconf 93' lang='lat'><strong>,</strong></span> <span class='ocrx_word' id='word_1_126' title='bbox 1449 1636 1643 1704; x_wconf 89' lang='lat' dir='ltr'><strong>inquit,</strong></span> <span class='ocrx_word' id='word_1_127' title='bbox 1676 1637 1996 1688; x_wconf 87' lang='lat' dir='ltr'><strong>assederunt</strong></span> <span class='ocrx_word' id='word_1_128' title='bbox 2040 1635 2114 1689; x_wconf 91' lang='lat' dir='ltr'><strong>illi</strong></span> 
     </span>
    </p>
   </div>
   <div class='ocr_carea' id='block_1_18' title="bbox 547 1725 2110 1797">
    <p class='ocr_par' dir='ltr' id='par_1_18' title="bbox 547 1725 2110 1797">
     <span class='ocr_line' id='line_1_18' title="bbox 547 1725 2110 1797; baseline 0.002 -19"><span class='ocrx_word' id='word_1_129' title='bbox 547 1734 748 1792; x_wconf 85' lang='lat' dir='ltr'><strong>septem</strong></span> <span class='ocrx_word' id='word_1_130' title='bbox 773 1725 965 1779; x_wconf 84' lang='lat' dir='ltr'><strong>diebus</strong></span> <span class='ocrx_word' id='word_1_131' title='bbox 995 1736 1048 1779; x_wconf 88' lang='lat' dir='ltr'><strong>et</strong></span> <span class='ocrx_word' id='word_1_132' title='bbox 1074 1736 1277 1797; x_wconf 87' lang='lat' dir='ltr'><strong>septem</strong></span> <span class='ocrx_word' id='word_1_133' title='bbox 1309 1728 1577 1791; x_wconf 89' lang='lat' dir='ltr'><strong>noctibus,</strong></span> <span class='ocrx_word' id='word_1_134' title='bbox 1611 1734 1664 1780; x_wconf 87' lang='lat' dir='ltr'><strong>et</strong></span> <span class='ocrx_word' id='word_1_135' title='bbox 1686 1729 1880 1781; x_wconf 90' lang='lat' dir='ltr'><strong>mortui</strong></span> <span class='ocrx_word' id='word_1_136' title='bbox 1911 1728 2110 1781; x_wconf 80' lang='lat' dir='ltr'><strong>luctum</strong></span> 
     </span>
    </p>
   </div>
   <div class='ocr_carea' id='block_1_19' title="bbox 2229 532 3742 608">
    <p class='ocr_par' dir='ltr' id='par_1_19' title="bbox 2229 532 3742 608">
     <span class='ocr_line' id='line_1_19' title="bbox 2229 532 3742 608; baseline -0.003 -13"><span class='ocrx_word' id='word_1_137' title='bbox 2229 543 2330 595; x_wconf 82' lang='lat' dir='ltr'><strong>Sed</strong></span> <span class='ocrx_word' id='word_1_138' title='bbox 2357 556 2463 595; x_wconf 92' lang='lat' dir='ltr'><strong>non</strong></span> <span class='ocrx_word' id='word_1_139' title='bbox 2514 547 2764 608; x_wconf 86' lang='lat' dir='ltr'><strong>poterant</strong></span> <span class='ocrx_word' id='word_1_140' title='bbox 2806 537 2919 592; x_wconf 76' lang='lat' dir='ltr'><strong>haec</strong></span> <span class='ocrx_word' id='word_1_141' title='bbox 2947 536 3143 589; x_wconf 83' lang='lat' dir='ltr'><strong>dicere.</strong></span> <span class='ocrx_word' id='word_1_142' title='bbox 3186 532 3373 589; x_wconf 84' lang='lat' dir='ltr'><strong>Omnia</strong></span> <span class='ocrx_word' id='word_1_143' title='bbox 3421 534 3553 587; x_wconf 89' lang='lat' dir='ltr'><strong>enim</strong></span> <span class='ocrx_word' id='word_1_144' title='bbox 3591 538 3742 593; x_wconf 89' lang='lat' dir='ltr'><strong>subito</strong></span> 
     </span>
    </p>
   </div>
   <div class='ocr_carea' id='block_1_20' title="bbox 2229 626 3743 700">
    <p class='ocr_par' dir='ltr' id='par_1_20' title="bbox 2229 626 3743 700">
     <span class='ocr_line' id='line_1_20' title="bbox 2229 626 3743 700; baseline -0.006 -11"><span class='ocrx_word' id='word_1_145' title='bbox 2229 648 2337 690; x_wconf 88' lang='lat' dir='ltr'><strong>uno</strong></span> <span class='ocrx_word' id='word_1_146' title='bbox 2371 642 2612 700; x_wconf 91' lang='lat' dir='ltr'><strong>tempore</strong></span> <span class='ocrx_word' id='word_1_147' title='bbox 2648 630 2993 684; x_wconf 87' lang='lat' dir='ltr'><strong>interierunt.</strong></span> <span class='ocrx_word' id='word_1_148' title='bbox 3049 629 3127 681; x_wconf 84' lang='lat' dir='ltr'><strong>An</strong></span> <span class='ocrx_word' id='word_1_149' title='bbox 3172 629 3274 682; x_wconf 89' lang='lat' dir='ltr'><strong>hoc</strong></span> <span class='ocrx_word' id='word_1_150' title='bbox 3318 626 3603 680; x_wconf 77' lang='lat' dir='ltr'><strong>dixissent?</strong></span> <span class='ocrx_word' id='word_1_151' title='bbox 3632 628 3743 682; x_wconf 89' lang='lat' dir='ltr'><strong>Cor-</strong></span> 
     </span>
    </p>
   </div>
   <div class='ocr_carea' id='block_1_21' title="bbox 2225 716 3745 795">
    <p class='ocr_par' dir='ltr' id='par_1_21' title="bbox 2225 716 3745 795">
     <span class='ocr_line' id='line_1_21' title="bbox 2225 716 3745 795; baseline -0.005 -17"><span class='ocrx_word' id='word_1_152' title='bbox 2225 725 2372 795; x_wconf 91' lang='lat' dir='ltr'><strong>poris</strong></span> <span class='ocrx_word' id='word_1_153' title='bbox 2405 721 2755 776; x_wconf 87' lang='lat' dir='ltr'><strong>incolumitas</strong></span> <span class='ocrx_word' id='word_1_154' title='bbox 2782 730 2836 774; x_wconf 91' lang='lat' dir='ltr'><strong>et</strong></span> <span class='ocrx_word' id='word_1_155' title='bbox 2876 718 3241 776; x_wconf 88' lang='lat' dir='ltr'><strong>membrorum</strong></span> <span class='ocrx_word' id='word_1_156' title='bbox 3290 716 3571 781; x_wconf 81' lang='lat' dir='ltr'><strong>fortitudo,</strong></span> <span class='ocrx_word' id='word_1_157' title='bbox 3610 729 3745 786; x_wconf 79' lang='lat' dir='ltr'><strong>atque</strong></span> 
     </span>
    </p>
   </div>
   <div class='ocr_carea' id='block_1_22' title="bbox 2225 809 3745 883">
    <p class='ocr_par' dir='ltr' id='par_1_22' title="bbox 2225 809 3745 883">
     <span class='ocr_line' id='line_1_22' title="bbox 2225 809 3745 883; baseline -0.006 -10"><span class='ocrx_word' id='word_1_158' title='bbox 2225 818 2576 873; x_wconf 84' lang='lat' dir='ltr'><strong>brachiorum</strong></span> <span class='ocrx_word' id='word_1_159' title='bbox 2606 815 2794 879; x_wconf 89' lang='lat' dir='ltr'><strong>virtus,</strong></span> <span class='ocrx_word' id='word_1_160' title='bbox 2831 814 3085 883; x_wconf 82' lang='lat' dir='ltr'><strong>rependet</strong></span> <span class='ocrx_word' id='word_1_161' title='bbox 3131 811 3227 863; x_wconf 90' lang='lat' dir='ltr'><strong>tibi</strong></span> <span class='ocrx_word' id='word_1_162' title='bbox 3275 809 3450 863; x_wconf 86' lang='lat' dir='ltr'><strong>omnia</strong></span> <span class='ocrx_word' id='word_1_163' title='bbox 3493 818 3638 876; x_wconf 89' lang='lat' dir='ltr'><strong>atque</strong></span> <span class='ocrx_word' id='word_1_164' title='bbox 3676 826 3745 864; x_wconf 83' lang='lat' dir='ltr'><strong>re-</strong></span> 
     </span>
    </p>
   </div>
   <div class='ocr_carea' id='block_1_23' title="bbox 2222 899 3744 973">
    <p class='ocr_par' dir='ltr' id='par_1_23' title="bbox 2222 899 3744 973">
     <span class='ocr_line' id='line_1_23' title="bbox 2222 899 3744 973; baseline -0.004 -9"><span class='ocrx_word' id='word_1_165' title='bbox 2222 910 2429 965; x_wconf 85' lang='lat' dir='ltr'><strong>stituet.</strong></span> <span class='ocrx_word' id='word_1_166' title='bbox 2480 907 2587 962; x_wconf 87' lang='lat' dir='ltr'><strong>Sed</strong></span> <span class='ocrx_word' id='word_1_167' title='bbox 2621 908 2722 961; x_wconf 89' lang='lat' dir='ltr'><strong>hoc</strong></span> <span class='ocrx_word' id='word_1_168' title='bbox 2743 945 2759 972; x_wconf 91' lang='lat'><strong>,</strong></span> <span class='ocrx_word' id='word_1_169' title='bbox 2792 905 3040 973; x_wconf 86' lang='lat' dir='ltr'><strong>inquiunt</strong></span> <span class='ocrx_word' id='word_1_170' title='bbox 3063 943 3076 966; x_wconf 90' lang='lat'><strong>,</strong></span> <span class='ocrx_word' id='word_1_171' title='bbox 3124 902 3420 971; x_wconf 70' lang='lat' dir='ltr'><strong>praesertim</strong></span> <span class='ocrx_word' id='word_1_172' title='bbox 3459 899 3624 955; x_wconf 80' lang='lat' dir='ltr'><strong>dicere</strong></span> <span class='ocrx_word' id='word_1_173' title='bbox 3656 917 3744 958; x_wconf 89' lang='lat' dir='ltr'><strong>non</strong></span> 
     </span>
    </p>
   </div>
   <div class='ocr_carea' id='block_1_24' title="bbox 2222 993 3746 1073">
    <p class='ocr_par' dir='ltr' id='par_1_24' title="bbox 2222 993 3746 1073">
     <span class='ocr_line' id='line_1_24' title="bbox 2222 993 3746 1073; baseline -0.009 -15"><span class='ocrx_word' id='word_1_174' title='bbox 2222 1015 2532 1073; x_wconf 89' lang='lat' dir='ltr'><strong>possumus.</strong></span> <span class='ocrx_word' id='word_1_175' title='bbox 2570 1000 2672 1069; x_wconf 90' lang='lat' dir='ltr'><strong>Ipsi</strong></span> <span class='ocrx_word' id='word_1_176' title='bbox 2707 997 2849 1053; x_wconf 89' lang='lat' dir='ltr'><strong>enim</strong></span> <span class='ocrx_word' id='word_1_177' title='bbox 2879 996 3121 1049; x_wconf 89' lang='lat' dir='ltr'><strong>videmus</strong></span> <span class='ocrx_word' id='word_1_178' title='bbox 3146 1008 3342 1063; x_wconf 86' lang='lat' dir='ltr'><strong>corpus</strong></span> <span class='ocrx_word' id='word_1_179' title='bbox 3377 993 3586 1046; x_wconf 80' lang='lat' dir='ltr'><strong>hutnore</strong></span> <span class='ocrx_word' id='word_1_180' title='bbox 3633 1007 3746 1048; x_wconf 90' lang='lat' dir='ltr'><strong>con-</strong></span> 
     </span>
    </p>
   </div>
   <div class='ocr_carea' id='block_1_25' title="bbox 2221 1083 3747 1158">
    <p class='ocr_par' dir='ltr' id='par_1_25' title="bbox 2221 1083 3747 1158">
     <span class='ocr_line' id='line_1_25' title="bbox 2221 1083 3747 1158; baseline -0.003 -15"><span class='ocrx_word' id='word_1_181' title='bbox 2221 1100 2521 1158; x_wconf 86' lang='lat' dir='ltr'><strong>sumptum,</strong></span> <span class='ocrx_word' id='word_1_182' title='bbox 2561 1098 2616 1144; x_wconf 90' lang='lat' dir='ltr'><strong>et</strong></span> <span class='ocrx_word' id='word_1_183' title='bbox 2645 1087 2824 1142; x_wconf 88' lang='lat' dir='ltr'><strong>omnia</strong></span> <span class='ocrx_word' id='word_1_184' title='bbox 2854 1090 3093 1141; x_wconf 87' lang='lat' dir='ltr'><strong>membra</strong></span> <span class='ocrx_word' id='word_1_185' title='bbox 3125 1092 3363 1139; x_wconf 79' lang='lat' dir='ltr'><strong>eomesta</strong></span> <span class='ocrx_word' id='word_1_186' title='bbox 3391 1098 3419 1135; x_wconf 91' lang='lat' dir='ltr'><strong>a</strong></span> <span class='ocrx_word' id='word_1_187' title='bbox 3442 1083 3747 1139; x_wconf 86' lang='lat' dir='ltr'><strong>multitudine</strong></span> 
     </span>
    </p>
   </div>
   <div class='ocr_carea' id='block_1_26' title="bbox 2221 1177 3748 1249">
    <p class='ocr_par' dir='ltr' id='par_1_26' title="bbox 2221 1177 3748 1249">
     <span class='ocr_line' id='line_1_26' title="bbox 2221 1177 3748 1249; baseline -0.003 -15"><span class='ocrx_word' id='word_1_188' title='bbox 2221 1184 2507 1237; x_wconf 86' lang='lat' dir='ltr'><strong>vermium.</strong></span> <span class='ocrx_word' id='word_1_189' title='bbox 2564 1181 2667 1237; x_wconf 85' lang='lat' dir='ltr'><strong>I’ro</strong></span> <span class='ocrx_word' id='word_1_190' title='bbox 2730 1181 2848 1235; x_wconf 87' lang='lat' dir='ltr'><strong>istis</strong></span> <span class='ocrx_word' id='word_1_191' title='bbox 2909 1195 3037 1249; x_wconf 82' lang='lat' dir='ltr'><strong>ergo</strong></span> <span class='ocrx_word' id='word_1_192' title='bbox 3088 1178 3336 1233; x_wconf 90' lang='lat' dir='ltr'><strong>omnibus</strong></span> <span class='ocrx_word' id='word_1_193' title='bbox 3366 1177 3748 1247; x_wconf 82' lang='lat' dir='ltr'><strong>qtmmodo,in-</strong></span> 
     </span>
    </p>
   </div>
   <div class='ocr_carea' id='block_1_27' title="bbox 2218 1270 3747 1345">
    <p class='ocr_par' dir='ltr' id='par_1_27' title="bbox 2218 1270 3747 1345">
     <span class='ocr_line' id='line_1_27' title="bbox 2218 1270 3747 1345; baseline -0.003 -15"><span class='ocrx_word' id='word_1_194' title='bbox 2218 1277 2444 1345; x_wconf 89' lang='lat' dir='ltr'><strong>quiuut,</strong></span> <span class='ocrx_word' id='word_1_195' title='bbox 2481 1286 2531 1329; x_wconf 90' lang='lat' dir='ltr'><strong>te</strong></span> <span class='ocrx_word' id='word_1_196' title='bbox 2558 1274 2901 1328; x_wconf 79' lang='lat' dir='ltr'><strong>consolemur</strong></span> <span class='ocrx_word' id='word_1_197' title='bbox 2946 1272 3026 1326; x_wconf 88' lang='lat' dir='ltr'><strong>vel</strong></span> <span class='ocrx_word' id='word_1_198' title='bbox 3056 1270 3328 1338; x_wconf 88' lang='lat' dir='ltr'><strong>quomodo</strong></span> <span class='ocrx_word' id='word_1_199' title='bbox 3355 1284 3415 1325; x_wconf 91' lang='lat' dir='ltr'><strong>os</strong></span> <span class='ocrx_word' id='word_1_200' title='bbox 3448 1271 3747 1338; x_wconf 88' lang='lat' dir='ltr'><strong>aperiamus,</strong></span> 
     </span>
    </p>
   </div>
   <div class='ocr_carea' id='block_1_28' title="bbox 2219 1361 3745 1436">
    <p class='ocr_par' dir='ltr' id='par_1_28' title="bbox 2219 1361 3745 1436">
     <span class='ocr_line' id='line_1_28' title="bbox 2219 1361 3745 1436; baseline -0.003 -16"><span class='ocrx_word' id='word_1_201' title='bbox 2219 1367 2302 1420; x_wconf 89' lang='lat' dir='ltr'><strong>vel</strong></span> <span class='ocrx_word' id='word_1_202' title='bbox 2333 1367 2460 1436; x_wconf 91' lang='lat' dir='ltr'><strong>quid</strong></span> <span class='ocrx_word' id='word_1_203' title='bbox 2495 1365 2738 1420; x_wconf 89' lang='lat' dir='ltr'><strong>dicamus</strong></span> <span class='ocrx_word' id='word_1_204' title='bbox 2774 1380 2878 1418; x_wconf 91' lang='lat' dir='ltr'><strong>non</strong></span> <span class='ocrx_word' id='word_1_205' title='bbox 2913 1363 3236 1417; x_wconf 82' lang='lat' dir='ltr'><strong>invenimus.</strong></span> <span class='ocrx_word' id='word_1_206' title='bbox 3278 1361 3359 1414; x_wconf 84' lang='lat' dir='ltr'><strong>An</strong></span> <span class='ocrx_word' id='word_1_207' title='bbox 3407 1363 3636 1430; x_wconf 84' lang='lat' dir='ltr'><strong>antiquas</strong></span> <span class='ocrx_word' id='word_1_208' title='bbox 3673 1363 3745 1416; x_wconf 86' lang='lat' dir='ltr'><strong>bi-</strong></span> 
     </span>
    </p>
   </div>
   <div class='ocr_carea' id='block_1_29' title="bbox 2218 1453 3745 1527">
    <p class='ocr_par' dir='ltr' id='par_1_29' title="bbox 2218 1453 3745 1527">
     <span class='ocr_line' id='line_1_29' title="bbox 2218 1453 3745 1527; baseline -0.005 -13"><span class='ocrx_word' id='word_1_209' title='bbox 2218 1460 2413 1514; x_wconf 90' lang='lat' dir='ltr'><strong>storias</strong></span> <span class='ocrx_word' id='word_1_210' title='bbox 2460 1457 2838 1527; x_wconf 80' lang='lat' dir='ltr'><strong>proferemus?</strong></span> <span class='ocrx_word' id='word_1_211' title='bbox 2885 1454 2990 1509; x_wconf 89' lang='lat' dir='ltr'><strong>Sed</strong></span> <span class='ocrx_word' id='word_1_212' title='bbox 3033 1471 3063 1507; x_wconf 88' lang='lat' dir='ltr'><strong>a</strong></span> <span class='ocrx_word' id='word_1_213' title='bbox 3098 1453 3297 1509; x_wconf 72' lang='grc' dir='ltr'><strong>εωοιιιο</strong></span> <span class='ocrx_word' id='word_1_214' title='bbox 3334 1454 3456 1506; x_wconf 88' lang='lat' dir='ltr'><strong>talia</strong></span> <span class='ocrx_word' id='word_1_215' title='bbox 3496 1469 3593 1506; x_wconf 88' lang='lat' dir='ltr'><strong>non</strong></span> <span class='ocrx_word' id='word_1_216' title='bbox 3623 1455 3745 1507; x_wconf 86' lang='lat' dir='ltr'><strong>acci-</strong></span> 
     </span>
    </p>
   </div>
   <div class='ocr_carea' id='block_1_30' title="bbox 2218 1547 3742 1615">
    <p class='ocr_par' dir='ltr' id='par_1_30' title="bbox 2218 1547 3742 1615">
     <span class='ocr_line' id='line_1_30' title="bbox 2218 1547 3742 1615; baseline -0.003 -11"><span class='ocrx_word' id='word_1_217' title='bbox 2218 1551 2441 1615; x_wconf 87' lang='lat' dir='ltr'><strong>derunt,</strong></span> <span class='ocrx_word' id='word_1_218' title='bbox 2495 1552 2590 1604; x_wconf 90' lang='lat' dir='ltr'><strong>sed</strong></span> <span class='ocrx_word' id='word_1_219' title='bbox 2645 1549 2713 1601; x_wconf 91' lang='lat' dir='ltr'><strong>ab</strong></span> <span class='ocrx_word' id='word_1_220' title='bbox 2746 1549 2900 1602; x_wconf 90' lang='lat' dir='ltr'><strong>initio</strong></span> <span class='ocrx_word' id='word_1_221' title='bbox 2932 1547 3058 1602; x_wconf 85' lang='lat' dir='ltr'><strong>talia</strong></span> <span class='ocrx_word' id='word_1_222' title='bbox 3115 1560 3227 1600; x_wconf 90' lang='lat' dir='ltr'><strong>non</strong></span> <span class='ocrx_word' id='word_1_223' title='bbox 3278 1555 3637 1613; x_wconf 86' lang='lat' dir='ltr'><strong>provenerunt.</strong></span> <span class='ocrx_word' id='word_1_224' title='bbox 3673 1548 3742 1599; x_wconf 83' lang='lat' dir='ltr'><strong>An</strong></span> 
     </span>
    </p>
   </div>
   <div class='ocr_carea' id='block_1_31' title="bbox 2218 1638 3745 1711">
    <p class='ocr_par' dir='ltr' id='par_1_31' title="bbox 2218 1638 3745 1711">
     <span class='ocr_line' id='line_1_31' title="bbox 2218 1638 3745 1711; baseline -0.001 -16"><span class='ocrx_word' id='word_1_225' title='bbox 2218 1642 2561 1711; x_wconf 90' lang='lat' dir='ltr'><strong>antiquorum</strong></span> <span class='ocrx_word' id='word_1_226' title='bbox 2592 1641 2805 1695; x_wconf 88' lang='lat' dir='ltr'><strong>dolores</strong></span> <span class='ocrx_word' id='word_1_227' title='bbox 2835 1650 3000 1709; x_wconf 85' lang='lat' dir='ltr'><strong>atque</strong></span> <span class='ocrx_word' id='word_1_228' title='bbox 3028 1638 3314 1708; x_wconf 85' lang='lat' dir='ltr'><strong>passiones</strong></span> <span class='ocrx_word' id='word_1_229' title='bbox 3356 1638 3658 1707; x_wconf 85' lang='lat' dir='ltr'><strong>proferentes</strong></span> <span class='ocrx_word' id='word_1_230' title='bbox 3688 1654 3745 1693; x_wconf 88' lang='lat' dir='ltr'><strong>ac</strong></span> 
     </span>
    </p>
   </div>
   <div class='ocr_carea' id='block_1_32' title="bbox 2218 1729 3743 1798">
    <p class='ocr_par' dir='ltr' id='par_1_32' title="bbox 2218 1729 3743 1798">
     <span class='ocr_line' id='line_1_32' title="bbox 2218 1729 3743 1798; baseline -0.003 -12"><span class='ocrx_word' id='word_1_231' title='bbox 2218 1731 2763 1787; x_wconf 75' lang='lat' dir='ltr'><strong>cenmnouefacientes</strong></span> <span class='ocrx_word' id='word_1_232' title='bbox 2796 1730 2969 1793; x_wconf 92' lang='lat' dir='ltr'><strong>illum,</strong></span> <span class='ocrx_word' id='word_1_233' title='bbox 3004 1729 3409 1784; x_wconf 86' lang='lat' dir='ltr'><strong>consolabimur</strong></span> <span class='ocrx_word' id='word_1_234' title='bbox 3445 1729 3591 1782; x_wconf 85' lang='lat' dir='ltr'><strong>eum?</strong></span> <span class='ocrx_word' id='word_1_235' title='bbox 3621 1729 3743 1798; x_wconf 83' lang='lat' dir='ltr'><strong>Ergo</strong></span> 
     </span>
    </p>
   </div>
   <div class='ocr_carea' id='block_1_33' title="bbox 548 1801 3743 1894">
    <p class='ocr_par' dir='ltr' id='par_1_33' title="bbox 548 1801 3743 1894">
     <span class='ocr_line' id='line_1_33' title="bbox 548 1801 3743 1894; baseline 0.001 -25"><span class='ocrx_word' id='word_1_236' title='bbox 548 1817 686 1886; x_wconf 88' lang='lat' dir='ltr'><strong>apud</strong></span> <span class='ocrx_word' id='word_1_237' title='bbox 721 1817 985 1871; x_wconf 83' lang='lat' dir='ltr'><strong>viventem</strong></span> <span class='ocrx_word' id='word_1_238' title='bbox 1013 1817 1116 1873; x_wconf 82' lang='lat' dir='ltr'><strong>Job</strong></span> <span class='ocrx_word' id='word_1_239' title='bbox 1164 1820 1546 1889; x_wconf 88' lang='lat' dir='ltr'><strong>impleverunt.</strong></span> <span class='ocrx_word' id='word_1_240' title='bbox 1588 1819 1792 1876; x_wconf 89' lang='lat' dir='ltr'><strong>Luctus</strong></span> <span class='ocrx_word' id='word_1_241' title='bbox 1849 1820 1992 1873; x_wconf 90' lang='lat' dir='ltr'><strong>enim</strong></span> <span class='ocrx_word' id='word_1_242' title='bbox 2053 1821 2112 1875; x_wconf 85' lang='lat' dir='ltr'><strong>fit</strong></span> <span class='ocrx_word' id='word_1_243' title='bbox 2144 1801 2184 1855; x_wconf 77' lang='grc' dir='ltr'><strong><em>Β</em></strong></span> <span class='ocrx_word' id='word_1_244' title='bbox 2212 1826 2337 1894; x_wconf 83' lang='lat' dir='ltr'><strong>quia</strong></span> <span class='ocrx_word' id='word_1_245' title='bbox 2381 1839 2479 1879; x_wconf 88' lang='lat' dir='ltr'><strong>nec</strong></span> <span class='ocrx_word' id='word_1_246' title='bbox 2534 1824 2829 1892; x_wconf 82' lang='lat' dir='ltr'><strong>quidquam</strong></span> <span class='ocrx_word' id='word_1_247' title='bbox 2873 1832 3019 1885; x_wconf 90' lang='lat' dir='ltr'><strong>erat,</strong></span> <span class='ocrx_word' id='word_1_248' title='bbox 3075 1836 3179 1875; x_wconf 87' lang='lat' dir='ltr'><strong>nec</strong></span> <span class='ocrx_word' id='word_1_249' title='bbox 3232 1822 3284 1874; x_wconf 93' lang='lat' dir='ltr'><strong>in</strong></span> <span class='ocrx_word' id='word_1_250' title='bbox 3329 1819 3481 1875; x_wconf 84' lang='lat' dir='ltr'><strong>factis</strong></span> <span class='ocrx_word' id='word_1_251' title='bbox 3525 1836 3673 1889; x_wconf 86' lang='lat' dir='ltr'><strong>neque</strong></span> <span class='ocrx_word' id='word_1_252' title='bbox 3697 1823 3743 1872; x_wconf 85' lang='lat' dir='ltr'><strong>iu</strong></span> 
     </span>
    </p>
   </div>
   <div class='ocr_carea' id='block_1_34' title="bbox 545 1906 2107 1975">
    <p class='ocr_par' dir='ltr' id='par_1_34' title="bbox 545 1906 2107 1975">
     <span class='ocr_line' id='line_1_34' title="bbox 545 1906 2107 1975; baseline -0.001 -15"><span class='ocrx_word' id='word_1_253' title='bbox 545 1906 741 1960; x_wconf 89' lang='lat' dir='ltr'><strong>mortui</strong></span> <span class='ocrx_word' id='word_1_254' title='bbox 779 1917 983 1975; x_wconf 83' lang='lat' dir='ltr'><strong>septem</strong></span> <span class='ocrx_word' id='word_1_255' title='bbox 1012 1907 1202 1962; x_wconf 89' lang='lat' dir='ltr'><strong>diebus</strong></span> <span class='ocrx_word' id='word_1_256' title='bbox 1232 1916 1285 1961; x_wconf 88' lang='lat' dir='ltr'><strong>et</strong></span> <span class='ocrx_word' id='word_1_257' title='bbox 1317 1917 1522 1974; x_wconf 80' lang='lat' dir='ltr'><strong>septem</strong></span> <span class='ocrx_word' id='word_1_258' title='bbox 1566 1908 1837 1962; x_wconf 90' lang='lat' dir='ltr'><strong>noctibus.</strong></span> <span class='ocrx_word' id='word_1_259' title='bbox 1888 1908 1931 1961; x_wconf 93' lang='grc' dir='ltr'>Ο</span> <span class='ocrx_word' id='word_1_260' title='bbox 1962 1906 2107 1960; x_wconf 84' lang='lat' dir='ltr'><strong>solli-</strong></span> 
     </span>
    </p>
   </div>
   <div class='ocr_carea' id='block_1_35' title="bbox 544 2001 2107 2072">
    <p class='ocr_par' dir='ltr' id='par_1_35' title="bbox 544 2001 2107 2072">
     <span class='ocr_line' id='line_1_35' title="bbox 544 2001 2107 2072; baseline -0.001 -17"><span class='ocrx_word' id='word_1_261' title='bbox 544 2001 835 2056; x_wconf 88' lang='lat' dir='ltr'><strong>citudinem</strong></span> <span class='ocrx_word' id='word_1_262' title='bbox 890 2001 1169 2055; x_wconf 84' lang='lat' dir='ltr'><strong>beatorum</strong></span> <span class='ocrx_word' id='word_1_263' title='bbox 1230 2003 1439 2055; x_wconf 91' lang='lat' dir='ltr'><strong>illorum</strong></span> <span class='ocrx_word' id='word_1_264' title='bbox 1516 2012 1677 2072; x_wconf 90' lang='lat' dir='ltr'><strong>atque</strong></span> <span class='ocrx_word' id='word_1_265' title='bbox 1747 2002 2107 2067; x_wconf 77' lang='lat' dir='ltr'><strong>devotionem,</strong></span> 
     </span>
    </p>
   </div>
   <div class='ocr_carea' id='block_1_36' title="bbox 543 2092 2101 2161">
    <p class='ocr_par' dir='ltr' id='par_1_36' title="bbox 543 2092 2101 2161">
     <span class='ocr_line' id='line_1_36' title="bbox 543 2092 2101 2161; baseline 0.002 -16"><span class='ocrx_word' id='word_1_266' title='bbox 543 2110 701 2161; x_wconf 91' lang='lat' dir='ltr'><strong>quam</strong></span> <span class='ocrx_word' id='word_1_267' title='bbox 736 2096 879 2149; x_wconf 87' lang='lat' dir='ltr'><strong>circa</strong></span> <span class='ocrx_word' id='word_1_268' title='bbox 914 2092 1014 2150; x_wconf 83' lang='lat' dir='ltr'><strong>Job</strong></span> <span class='ocrx_word' id='word_1_269' title='bbox 1042 2095 1379 2149; x_wconf 87' lang='lat' dir='ltr'><strong>habuerunt!</strong></span> <span class='ocrx_word' id='word_1_270' title='bbox 1410 2094 1454 2150; x_wconf 91' lang='grc' dir='ltr'>Ο</span> <span class='ocrx_word' id='word_1_271' title='bbox 1479 2096 1649 2148; x_wconf 87' lang='lat' dir='ltr'><strong>virtus</strong></span> <span class='ocrx_word' id='word_1_272' title='bbox 1681 2107 1736 2149; x_wconf 90' lang='lat' dir='ltr'><strong>et</strong></span> <span class='ocrx_word' id='word_1_273' title='bbox 1762 2095 2057 2149; x_wconf 81' lang='lat' dir='ltr'><strong>constantia</strong></span> <span class='ocrx_word' id='word_1_274' title='bbox 2088 2095 2101 2148; x_wconf 91' lang='lat'><strong>!</strong></span> 
     </span>
    </p>
   </div>
   <div class='ocr_carea' id='block_1_37' title="bbox 540 2187 2104 2259">
    <p class='ocr_par' dir='ltr' id='par_1_37' title="bbox 540 2187 2104 2259">
     <span class='ocr_line' id='line_1_37' title="bbox 540 2187 2104 2259; baseline -0.002 -14"><span class='ocrx_word' id='word_1_275' title='bbox 540 2187 586 2245; x_wconf 93' lang='grc' dir='ltr'>Ο</span> <span class='ocrx_word' id='word_1_276' title='bbox 647 2190 902 2257; x_wconf 86' lang='lat' dir='ltr'><strong>patientia</strong></span> <span class='ocrx_word' id='word_1_277' title='bbox 964 2198 1127 2259; x_wconf 86' lang='lat' dir='ltr'><strong>atque</strong></span> <span class='ocrx_word' id='word_1_278' title='bbox 1178 2189 1342 2243; x_wconf 90' lang='lat' dir='ltr'><strong>animi</strong></span> <span class='ocrx_word' id='word_1_279' title='bbox 1407 2188 1706 2243; x_wconf 76' lang='lat' dir='ltr'><strong>fortitudo!</strong></span> <span class='ocrx_word' id='word_1_280' title='bbox 1772 2188 2104 2243; x_wconf 89' lang='lat' dir='ltr'><strong>Commortui</strong></span> 
     </span>
    </p>
   </div>
   <div class='ocr_carea' id='block_1_38' title="bbox 540 2278 2103 2348">
    <p class='ocr_par' dir='ltr' id='par_1_38' title="bbox 540 2278 2103 2348">
     <span class='ocr_line' id='line_1_38' title="bbox 540 2278 2103 2348; baseline -0.001 -16"><span class='ocrx_word' id='word_1_281' title='bbox 540 2279 821 2347; x_wconf 89' lang='lat' dir='ltr'><strong>suutjnsto</strong></span> <span class='ocrx_word' id='word_1_282' title='bbox 856 2280 927 2335; x_wconf 91' lang='lat' dir='ltr'><strong>illi</strong></span> <span class='ocrx_word' id='word_1_283' title='bbox 957 2279 1058 2336; x_wconf 86' lang='lat' dir='ltr'><strong>Job</strong></span> <span class='ocrx_word' id='word_1_284' title='bbox 1087 2296 1193 2336; x_wconf 91' lang='lat' dir='ltr'><strong>non</strong></span> <span class='ocrx_word' id='word_1_285' title='bbox 1219 2280 1615 2345; x_wconf 83' lang='lat' dir='ltr'><strong>manducando,</strong></span> <span class='ocrx_word' id='word_1_286' title='bbox 1646 2292 1819 2348; x_wconf 86' lang='lat' dir='ltr'><strong>neque</strong></span> <span class='ocrx_word' id='word_1_287' title='bbox 1851 2278 2103 2339; x_wconf 88' lang='lat' dir='ltr'><strong>bibendo,</strong></span> 
     </span>
    </p>
   </div>
   <div class='ocr_carea' id='block_1_39' title="bbox 539 2370 2102 2442">
    <p class='ocr_par' dir='ltr' id='par_1_39' title="bbox 539 2370 2102 2442">
     <span class='ocr_line' id='line_1_39' title="bbox 539 2370 2102 2442; baseline 0 -19"><span class='ocrx_word' id='word_1_288' title='bbox 539 2386 660 2439; x_wconf 68' lang='lat' dir='ltr'><strong>qua:</strong></span> <span class='ocrx_word' id='word_1_289' title='bbox 688 2373 940 2426; x_wconf 88' lang='lat' dir='ltr'><strong>universa</strong></span> <span class='ocrx_word' id='word_1_290' title='bbox 982 2383 1213 2429; x_wconf 88' lang='lat' dir='ltr'><strong>mortem</strong></span> <span class='ocrx_word' id='word_1_291' title='bbox 1265 2372 1595 2442; x_wconf 82' lang='lat' dir='ltr'><strong>signiﬁcant.</strong></span> <span class='ocrx_word' id='word_1_292' title='bbox 1628 2370 1761 2424; x_wconf 87' lang='lat' dir='ltr'><strong>Nam</strong></span> <span class='ocrx_word' id='word_1_293' title='bbox 1813 2370 1955 2423; x_wconf 88' lang='lat' dir='ltr'><strong>sicut</strong></span> <span class='ocrx_word' id='word_1_294' title='bbox 2000 2385 2102 2424; x_wconf 91' lang='lat' dir='ltr'><strong>non</strong></span> 
     </span>
    </p>
   </div>
   <div class='ocr_carea' id='block_1_40' title="bbox 538 2462 2100 2534">
    <p class='ocr_par' dir='ltr' id='par_1_40' title="bbox 538 2462 2100 2534">
     <span class='ocr_line' id='line_1_40' title="bbox 538 2462 2100 2534; baseline 0 -19"><span class='ocrx_word' id='word_1_295' title='bbox 538 2468 1003 2517; x_wconf 78' lang='lat' dir='ltr'><strong>martddcaverunt</strong></span> <span class='ocrx_word' id='word_1_296' title='bbox 1051 2478 1229 2534; x_wconf 89' lang='lat' dir='ltr'><strong>neque</strong></span> <span class='ocrx_word' id='word_1_297' title='bbox 1282 2464 1570 2529; x_wconf 90' lang='lat' dir='ltr'><strong>biberunt,</strong></span> <span class='ocrx_word' id='word_1_298' title='bbox 1628 2463 1707 2517; x_wconf 90' lang='lat' dir='ltr'><strong>sic</strong></span> <span class='ocrx_word' id='word_1_299' title='bbox 1771 2477 1869 2516; x_wconf 91' lang='lat' dir='ltr'><strong>nec</strong></span> <span class='ocrx_word' id='word_1_300' title='bbox 1941 2462 2100 2516; x_wconf 82' lang='lat' dir='ltr'><strong>locuti</strong></span> 
     </span>
    </p>
   </div>
   <div class='ocr_carea' id='block_1_41' title="bbox 538 2554 2101 2624">
    <p class='ocr_par' dir='ltr' id='par_1_41' title="bbox 538 2554 2101 2624">
     <span class='ocr_line' id='line_1_41' title="bbox 538 2554 2101 2624; baseline -0.001 -15"><span class='ocrx_word' id='word_1_301' title='bbox 538 2565 700 2615; x_wconf 85' lang='lat' dir='ltr'><strong>sunt,</strong></span> <span class='ocrx_word' id='word_1_302' title='bbox 735 2563 790 2609; x_wconf 89' lang='lat' dir='ltr'><strong>et</strong></span> <span class='ocrx_word' id='word_1_303' title='bbox 832 2556 976 2609; x_wconf 88' lang='lat' dir='ltr'><strong>sicut</strong></span> <span class='ocrx_word' id='word_1_304' title='bbox 1020 2569 1125 2609; x_wconf 92' lang='lat' dir='ltr'><strong>non</strong></span> <span class='ocrx_word' id='word_1_305' title='bbox 1176 2564 1306 2609; x_wconf 92' lang='lat' dir='ltr'><strong>sunt</strong></span> <span class='ocrx_word' id='word_1_306' title='bbox 1348 2554 1508 2608; x_wconf 87' lang='lat' dir='ltr'><strong>locuti</strong></span> <span class='ocrx_word' id='word_1_307' title='bbox 1540 2564 1745 2624; x_wconf 89' lang='lat' dir='ltr'><strong>septem</strong></span> <span class='ocrx_word' id='word_1_308' title='bbox 1777 2554 1999 2619; x_wconf 89' lang='lat' dir='ltr'><strong>diebus,</strong></span> <span class='ocrx_word' id='word_1_309' title='bbox 2030 2554 2101 2607; x_wconf 82' lang='lat' dir='ltr'><strong>ita</strong></span> 
     </span>
    </p>
   </div>
   <div class='ocr_carea' id='block_1_42' title="bbox 538 2649 2098 2715">
    <p class='ocr_par' dir='ltr' id='par_1_42' title="bbox 538 2649 2098 2715">
     <span class='ocr_line' id='line_1_42' title="bbox 538 2649 2098 2715; baseline -0.001 -12"><span class='ocrx_word' id='word_1_310' title='bbox 538 2663 638 2704; x_wconf 89' lang='lat' dir='ltr'><strong>nec</strong></span> <span class='ocrx_word' id='word_1_311' title='bbox 662 2649 1120 2705; x_wconf 89' lang='lat' dir='ltr'><strong>manducaverunt</strong></span> <span class='ocrx_word' id='word_1_312' title='bbox 1152 2665 1253 2704; x_wconf 88' lang='lat' dir='ltr'><strong>nec</strong></span> <span class='ocrx_word' id='word_1_313' title='bbox 1284 2649 1552 2704; x_wconf 88' lang='lat' dir='ltr'><strong>biberunt.</strong></span> <span class='ocrx_word' id='word_1_314' title='bbox 1583 2649 1735 2715; x_wconf 79' lang='lat' dir='ltr'><strong>Quod</strong></span> <span class='ocrx_word' id='word_1_315' title='bbox 1768 2658 1946 2701; x_wconf 88' lang='lat' dir='ltr'><strong>autem</strong></span> <span class='ocrx_word' id='word_1_316' title='bbox 1993 2664 2098 2702; x_wconf 90' lang='lat' dir='ltr'><strong>non</strong></span> 
     </span>
    </p>
   </div>
   <div class='ocr_carea' id='block_1_43' title="bbox 537 2738 2099 2809">
    <p class='ocr_par' dir='ltr' id='par_1_43' title="bbox 537 2738 2099 2809">
     <span class='ocr_line' id='line_1_43' title="bbox 537 2738 2099 2809; baseline -0.001 -15"><span class='ocrx_word' id='word_1_317' title='bbox 537 2741 1002 2795; x_wconf 88' lang='lat' dir='ltr'><strong>manducaverunt</strong></span> <span class='ocrx_word' id='word_1_318' title='bbox 1033 2750 1236 2809; x_wconf 80' lang='lat' dir='ltr'><strong>septem</strong></span> <span class='ocrx_word' id='word_1_319' title='bbox 1278 2738 1500 2802; x_wconf 87' lang='lat' dir='ltr'><strong>diebus,</strong></span> <span class='ocrx_word' id='word_1_320' title='bbox 1531 2740 1769 2793; x_wconf 87' lang='lat' dir='ltr'><strong>ostendit</strong></span> <span class='ocrx_word' id='word_1_321' title='bbox 1815 2739 1866 2793; x_wconf 91' lang='lat' dir='ltr'><strong>in</strong></span> <span class='ocrx_word' id='word_1_322' title='bbox 1911 2739 2099 2794; x_wconf 82' lang='lat' dir='ltr'><strong>subse-</strong></span> 
     </span>
    </p>
   </div>
   <div class='ocr_carea' id='block_1_44' title="bbox 535 2833 2095 2902">
    <p class='ocr_par' dir='ltr' id='par_1_44' title="bbox 535 2833 2095 2902">
     <span class='ocr_line' id='line_1_44' title="bbox 535 2833 2095 2902; baseline -0.001 -15"><span class='ocrx_word' id='word_1_323' title='bbox 535 2834 825 2902; x_wconf 87' lang='lat' dir='ltr'><strong>quentibus</strong></span> <span class='ocrx_word' id='word_1_324' title='bbox 855 2834 1042 2889; x_wconf 87' lang='lat' dir='ltr'><strong>dicens</strong></span> <span class='ocrx_word' id='word_1_325' title='bbox 1076 2850 1091 2887; x_wconf 89' lang='lat'><strong>:</strong></span> <span class='ocrx_word' id='word_1_326' title='bbox 1125 2834 1446 2889; x_wconf 76' lang='lat' dir='ltr'><strong>Assederunt</strong></span> <span class='ocrx_word' id='word_1_327' title='bbox 1483 2837 1531 2886; x_wconf 87' lang='lat' dir='ltr'><strong>ei</strong></span> <span class='ocrx_word' id='word_1_328' title='bbox 1574 2842 1765 2901; x_wconf 80' lang='lat' dir='ltr'><strong>septem</strong></span> <span class='ocrx_word' id='word_1_329' title='bbox 1814 2833 1995 2886; x_wconf 78' lang='lat' dir='ltr'><strong>diebus</strong></span> <span class='ocrx_word' id='word_1_330' title='bbox 2047 2844 2095 2887; x_wconf 82' lang='lat' dir='ltr'><strong>et</strong></span> 
     </span>
    </p>
   </div>
   <div class='ocr_carea' id='block_1_45' title="bbox 535 2922 2097 2992">
    <p class='ocr_par' dir='ltr' id='par_1_45' title="bbox 535 2922 2097 2992">
     <span class='ocr_line' id='line_1_45' title="bbox 535 2922 2097 2992; baseline -0.002 -14"><span class='ocrx_word' id='word_1_331' title='bbox 535 2933 725 2992; x_wconf 78' lang='lat' dir='ltr'><strong>septem</strong></span> <span class='ocrx_word' id='word_1_332' title='bbox 754 2925 1015 2989; x_wconf 76' lang='lat' dir='ltr'><strong>noctibus,</strong></span> <span class='ocrx_word' id='word_1_333' title='bbox 1049 2934 1095 2978; x_wconf 87' lang='lat' dir='ltr'><strong>et</strong></span> <span class='ocrx_word' id='word_1_334' title='bbox 1138 2940 1284 2978; x_wconf 81' lang='lat' dir='ltr'><strong>nemo</strong></span> <span class='ocrx_word' id='word_1_335' title='bbox 1318 2923 1527 2977; x_wconf 84' lang='lat' dir='ltr'><strong>illorum</strong></span> <span class='ocrx_word' id='word_1_336' title='bbox 1558 2926 1758 2976; x_wconf 80' lang='lat' dir='ltr'><strong>locutus</strong></span> <span class='ocrx_word' id='word_1_337' title='bbox 1780 2932 1856 2975; x_wconf 79' lang='lat' dir='ltr'><strong>est</strong></span> <span class='ocrx_word' id='word_1_338' title='bbox 1887 2922 1955 2974; x_wconf 86' lang='lat' dir='ltr'><strong>ad</strong></span> <span class='ocrx_word' id='word_1_339' title='bbox 1979 2936 2097 2975; x_wconf 87' lang='lat' dir='ltr'><strong>eum</strong></span> 
     </span>
    </p>
   </div>
   <div class='ocr_carea' id='block_1_46' title="bbox 535 3012 2096 3084">
    <p class='ocr_par' dir='ltr' id='par_1_46' title="bbox 535 3012 2096 3084">
     <span class='ocr_line' id='line_1_46' title="bbox 535 3012 2096 3084; baseline -0.003 -15"><span class='ocrx_word' id='word_1_340' title='bbox 535 3016 741 3069; x_wconf 65' lang='lat' dir='ltr'><strong>uerbum</strong></span> <span class='ocrx_word' id='word_1_341' title='bbox 766 3012 831 3069; x_wconf 73' lang='grc'><strong>⁸⁸.</strong></span> <span class='ocrx_word' id='word_1_342' title='bbox 856 3015 1067 3081; x_wconf 84' lang='lat' dir='ltr'><strong>Quare?</strong></span> <span class='ocrx_word' id='word_1_343' title='bbox 1082 3015 1217 3081; x_wconf 85' lang='lat' dir='ltr'><strong>Quia</strong></span> <span class='ocrx_word' id='word_1_344' title='bbox 1240 3014 1483 3069; x_wconf 89' lang='lat' dir='ltr'><strong>viderant</strong></span> <span class='ocrx_word' id='word_1_345' title='bbox 1500 3013 1709 3084; x_wconf 80' lang='lat' dir='ltr'><strong>plagam</strong></span> <span class='ocrx_word' id='word_1_346' title='bbox 1727 3014 1843 3084; x_wconf 86' lang='lat' dir='ltr'><strong>ejus</strong></span> <span class='ocrx_word' id='word_1_347' title='bbox 1862 3013 2096 3068; x_wconf 75' lang='lat' dir='ltr'><strong>saevissi-</strong></span> 
     </span>
    </p>
   </div>
   <div class='ocr_carea' id='block_1_47' title="bbox 535 3106 2165 3177">
    <p class='ocr_par' dir='ltr' id='par_1_47' title="bbox 535 3106 2165 3177">
     <span class='ocr_line' id='line_1_47' title="bbox 535 3106 2165 3177; baseline -0.001 -16"><span class='ocrx_word' id='word_1_348' title='bbox 535 3123 675 3161; x_wconf 91' lang='lat' dir='ltr'><strong>tuam</strong></span> <span class='ocrx_word' id='word_1_349' title='bbox 717 3122 859 3173; x_wconf 88' lang='lat' dir='ltr'><strong>esse,</strong></span> <span class='ocrx_word' id='word_1_350' title='bbox 916 3119 969 3162; x_wconf 87' lang='lat' dir='ltr'><strong>et</strong></span> <span class='ocrx_word' id='word_1_351' title='bbox 1024 3123 1273 3177; x_wconf 81' lang='lat' dir='ltr'><strong>magnam</strong></span> <span class='ocrx_word' id='word_1_352' title='bbox 1326 3106 1497 3161; x_wconf 87' lang='lat' dir='ltr'><strong>valde.</strong></span> <span class='ocrx_word' id='word_1_353' title='bbox 1554 3106 1769 3174; x_wconf 84' lang='lat' dir='ltr'><strong>Septem</strong></span> <span class='ocrx_word' id='word_1_354' title='bbox 1808 3106 1995 3159; x_wconf 86' lang='lat' dir='ltr'><strong>diebus</strong></span> <span class='ocrx_word' id='word_1_355' title='bbox 2043 3113 2097 3159; x_wconf 77' lang='lat' dir='ltr'><strong>et</strong></span> <span class='ocrx_word' id='word_1_356' title='bbox 2126 3156 2165 3177; x_wconf 61' lang='grc' dir='ltr'>η</span> 
     </span>
    </p>
   </div>
   <div class='ocr_carea' id='block_1_48' title="bbox 533 3197 2095 3269">
    <p class='ocr_par' dir='ltr' id='par_1_48' title="bbox 533 3197 2095 3269">
     <span class='ocr_line' id='line_1_48' title="bbox 533 3197 2095 3269; baseline -0.003 -14"><span class='ocrx_word' id='word_1_357' title='bbox 533 3208 737 3269; x_wconf 90' lang='lat' dir='ltr'><strong>septem</strong></span> <span class='ocrx_word' id='word_1_358' title='bbox 764 3201 1016 3255; x_wconf 72' lang='lat' dir='ltr'><strong>noctibus</strong></span> <span class='ocrx_word' id='word_1_359' title='bbox 1046 3215 1149 3255; x_wconf 91' lang='lat' dir='ltr'><strong>non</strong></span> <span class='ocrx_word' id='word_1_360' title='bbox 1184 3199 1397 3267; x_wconf 86' lang='lat' dir='ltr'><strong>aperire</strong></span> <span class='ocrx_word' id='word_1_361' title='bbox 1426 3213 1508 3262; x_wconf 90' lang='lat' dir='ltr'><strong>os,</strong></span> <span class='ocrx_word' id='word_1_362' title='bbox 1542 3212 1647 3252; x_wconf 93' lang='lat' dir='ltr'><strong>non</strong></span> <span class='ocrx_word' id='word_1_363' title='bbox 1672 3197 1817 3266; x_wconf 90' lang='lat' dir='ltr'><strong>loqui</strong></span> <span class='ocrx_word' id='word_1_364' title='bbox 1851 3199 2095 3265; x_wconf 90' lang='lat' dir='ltr'><strong>verbum,</strong></span> 
     </span>
    </p>
   </div>
   <div class='ocr_carea' id='block_1_49' title="bbox 535 3288 2097 3360">
    <p class='ocr_par' dir='ltr' id='par_1_49' title="bbox 535 3288 2097 3360">
     <span class='ocr_line' id='line_1_49' title="bbox 535 3288 2097 3360; baseline -0.002 -15"><span class='ocrx_word' id='word_1_365' title='bbox 535 3308 642 3345; x_wconf 90' lang='lat' dir='ltr'><strong>non</strong></span> <span class='ocrx_word' id='word_1_366' title='bbox 684 3292 928 3360; x_wconf 86' lang='lat' dir='ltr'><strong>proferre</strong></span> <span class='ocrx_word' id='word_1_367' title='bbox 959 3306 1298 3355; x_wconf 89' lang='lat' dir='ltr'><strong>sermonem,</strong></span> <span class='ocrx_word' id='word_1_368' title='bbox 1349 3290 1526 3358; x_wconf 82' lang='lat' dir='ltr'><strong>magni</strong></span> <span class='ocrx_word' id='word_1_369' title='bbox 1588 3298 1671 3344; x_wconf 89' lang='lat' dir='ltr'><strong>est</strong></span> <span class='ocrx_word' id='word_1_370' title='bbox 1719 3289 1919 3343; x_wconf 88' lang='lat' dir='ltr'><strong>doloris</strong></span> <span class='ocrx_word' id='word_1_371' title='bbox 1951 3288 2097 3342; x_wconf 90' lang='lat' dir='ltr'><strong>indi-</strong></span> 
     </span>
    </p>
   </div>
   <div class='ocr_carea' id='block_1_50' title="bbox 532 3380 2095 3450">
    <p class='ocr_par' dir='ltr' id='par_1_50' title="bbox 532 3380 2095 3450">
     <span class='ocr_line' id='line_1_50' title="bbox 532 3380 2095 3450; baseline -0.003 -12"><span class='ocrx_word' id='word_1_372' title='bbox 532 3385 696 3438; x_wconf 88' lang='lat' dir='ltr'><strong>cium.</strong></span> <span class='ocrx_word' id='word_1_373' title='bbox 726 3383 831 3437; x_wconf 71' lang='lat' dir='ltr'><strong>Sed</strong></span> <span class='ocrx_word' id='word_1_374' title='bbox 857 3383 1071 3436; x_wconf 89' lang='lat' dir='ltr'><strong>interim</strong></span> <span class='ocrx_word' id='word_1_375' title='bbox 1120 3380 1251 3436; x_wconf 91' lang='lat' dir='ltr'><strong>illud</strong></span> <span class='ocrx_word' id='word_1_376' title='bbox 1306 3382 1662 3450; x_wconf 86' lang='lat' dir='ltr'><strong>impleverunt</strong></span> <span class='ocrx_word' id='word_1_377' title='bbox 1715 3381 1859 3435; x_wconf 90' lang='lat' dir='ltr'><strong>beati</strong></span> <span class='ocrx_word' id='word_1_378' title='bbox 1886 3380 1959 3434; x_wconf 91' lang='lat' dir='ltr'><strong>illi</strong></span> <span class='ocrx_word' id='word_1_379' title='bbox 1990 3381 2095 3434; x_wconf 92' lang='lat' dir='ltr'><strong>viri</strong></span> 
     </span>
    </p>
   </div>
   <div class='ocr_carea' id='block_1_51' title="bbox 532 3475 2094 3545">
    <p class='ocr_par' dir='ltr' id='par_1_51' title="bbox 532 3475 2094 3545">
     <span class='ocr_line' id='line_1_51' title="bbox 532 3475 2094 3545; baseline 0.001 -17"><span class='ocrx_word' id='word_1_380' title='bbox 532 3490 636 3529; x_wconf 92' lang='lat' dir='ltr'><strong>non</strong></span> <span class='ocrx_word' id='word_1_381' title='bbox 685 3476 1025 3529; x_wconf 83' lang='lat' dir='ltr'><strong>discedentes</strong></span> <span class='ocrx_word' id='word_1_382' title='bbox 1048 3515 1063 3538; x_wconf 94' lang='lat'><strong>,</strong></span> <span class='ocrx_word' id='word_1_383' title='bbox 1095 3490 1268 3543; x_wconf 86' lang='lat' dir='ltr'><strong>neque</strong></span> <span class='ocrx_word' id='word_1_384' title='bbox 1314 3483 1624 3531; x_wconf 83' lang='lat' dir='ltr'><strong>avertentes</strong></span> <span class='ocrx_word' id='word_1_385' title='bbox 1651 3475 1843 3529; x_wconf 88' lang='lat' dir='ltr'><strong>faciem</strong></span> <span class='ocrx_word' id='word_1_386' title='bbox 1869 3515 1884 3540; x_wconf 93' lang='lat'><strong>,</strong></span> <span class='ocrx_word' id='word_1_387' title='bbox 1921 3490 2094 3545; x_wconf 89' lang='lat' dir='ltr'><strong>neque</strong></span> 
     </span>
    </p>
   </div>
   <div class='ocr_carea' id='block_1_52' title="bbox 531 3566 2096 3637">
    <p class='ocr_par' dir='ltr' id='par_1_52' title="bbox 531 3566 2096 3637">
     <span class='ocr_line' id='line_1_52' title="bbox 531 3566 2096 3637; baseline 0.001 -15"><span class='ocrx_word' id='word_1_388' title='bbox 531 3566 704 3622; x_wconf 89' lang='lat' dir='ltr'><strong>locum</strong></span> <span class='ocrx_word' id='word_1_389' title='bbox 738 3569 1048 3622; x_wconf 87' lang='lat' dir='ltr'><strong>deserentes</strong></span> <span class='ocrx_word' id='word_1_390' title='bbox 1072 3602 1086 3631; x_wconf 91' lang='lat'><strong>,</strong></span> <span class='ocrx_word' id='word_1_391' title='bbox 1124 3566 1218 3621; x_wconf 86' lang='lat' dir='ltr'><strong>sed</strong></span> <span class='ocrx_word' id='word_1_392' title='bbox 1258 3566 1465 3637; x_wconf 81' lang='lat' dir='ltr'><strong>jugiter</strong></span> <span class='ocrx_word' id='word_1_393' title='bbox 1492 3578 1902 3636; x_wconf 85' lang='lat' dir='ltr'><strong>permanentes,</strong></span> <span class='ocrx_word' id='word_1_394' title='bbox 1936 3578 2096 3636; x_wconf 87' lang='lat' dir='ltr'><strong>atque</strong></span> 
     </span>
    </p>
   </div>
   <div class='ocr_carea' id='block_1_53' title="bbox 530 3657 2091 3728">
    <p class='ocr_par' dir='ltr' id='par_1_53' title="bbox 530 3657 2091 3728">
     <span class='ocr_line' id='line_1_53' title="bbox 530 3657 2091 3728; baseline 0.001 -17"><span class='ocrx_word' id='word_1_395' title='bbox 530 3658 835 3714; x_wconf 80' lang='lat' dir='ltr'><strong>assidentes</strong></span> <span class='ocrx_word' id='word_1_396' title='bbox 868 3657 942 3711; x_wconf 93' lang='lat' dir='ltr'><strong>illi</strong></span> <span class='ocrx_word' id='word_1_397' title='bbox 982 3665 1188 3726; x_wconf 88' lang='lat' dir='ltr'><strong>septem</strong></span> <span class='ocrx_word' id='word_1_398' title='bbox 1227 3658 1416 3711; x_wconf 87' lang='lat' dir='ltr'><strong>diebus</strong></span> <span class='ocrx_word' id='word_1_399' title='bbox 1464 3668 1517 3711; x_wconf 90' lang='lat' dir='ltr'><strong>et</strong></span> <span class='ocrx_word' id='word_1_400' title='bbox 1555 3667 1757 3728; x_wconf 87' lang='lat' dir='ltr'><strong>septem</strong></span> <span class='ocrx_word' id='word_1_401' title='bbox 1817 3661 2091 3724; x_wconf 87' lang='lat' dir='ltr'><strong>noctibus,</strong></span> 
     </span>
    </p>
   </div>
   <div class='ocr_carea' id='block_1_54' title="bbox 526 3749 2094 3821">
    <p class='ocr_par' dir='ltr' id='par_1_54' title="bbox 526 3749 2094 3821">
     <span class='ocr_line' id='line_1_54' title="bbox 526 3749 2094 3821; baseline 0.001 -19"><span class='ocrx_word' id='word_1_402' title='bbox 526 3759 581 3804; x_wconf 79' lang='lat' dir='ltr'><strong>et</strong></span> <span class='ocrx_word' id='word_1_403' title='bbox 632 3764 793 3805; x_wconf 90' lang='lat' dir='ltr'><strong>nemo</strong></span> <span class='ocrx_word' id='word_1_404' title='bbox 844 3749 1055 3803; x_wconf 88' lang='lat' dir='ltr'><strong>illorum</strong></span> <span class='ocrx_word' id='word_1_405' title='bbox 1105 3749 1317 3804; x_wconf 89' lang='lat' dir='ltr'><strong>loeutus</strong></span> <span class='ocrx_word' id='word_1_406' title='bbox 1382 3761 1464 3805; x_wconf 90' lang='lat' dir='ltr'><strong>est</strong></span> <span class='ocrx_word' id='word_1_407' title='bbox 1511 3751 1559 3804; x_wconf 90' lang='lat' dir='ltr'><strong>ei</strong></span> <span class='ocrx_word' id='word_1_408' title='bbox 1603 3752 1849 3805; x_wconf 90' lang='lat' dir='ltr'><strong>verbum.</strong></span> <span class='ocrx_word' id='word_1_409' title='bbox 1894 3751 2094 3821; x_wconf 88' lang='lat' dir='ltr'><strong>Stupor</strong></span> 
     </span>
    </p>
   </div>
   <div class='ocr_carea' id='block_1_55' title="bbox 525 3838 2093 3911">
    <p class='ocr_par' dir='ltr' id='par_1_55' title="bbox 525 3838 2093 3911">
     <span class='ocr_line' id='line_1_55' title="bbox 525 3838 2093 3911; baseline 0.003 -18"><span class='ocrx_word' id='word_1_410' title='bbox 525 3838 669 3894; x_wconf 88' lang='lat' dir='ltr'><strong>enim</strong></span> <span class='ocrx_word' id='word_1_411' title='bbox 718 3851 878 3911; x_wconf 89' lang='lat' dir='ltr'><strong>atque</strong></span> <span class='ocrx_word' id='word_1_412' title='bbox 922 3857 1088 3911; x_wconf 88' lang='lat' dir='ltr'><strong>pavor</strong></span> <span class='ocrx_word' id='word_1_413' title='bbox 1127 3851 1487 3911; x_wconf 85' lang='lat' dir='ltr'><strong>occupaverat</strong></span> <span class='ocrx_word' id='word_1_414' title='bbox 1525 3842 1642 3897; x_wconf 92' lang='lat' dir='ltr'><strong>illos</strong></span> <span class='ocrx_word' id='word_1_415' title='bbox 1691 3844 1933 3898; x_wconf 79' lang='lat' dir='ltr'><strong>videntes</strong></span> <span class='ocrx_word' id='word_1_416' title='bbox 1968 3844 2093 3897; x_wconf 90' lang='lat' dir='ltr'><strong>talia</strong></span> 
     </span>
    </p>
   </div>
   <div class='ocr_carea' id='block_1_56' title="bbox 527 3930 2092 4000">
    <p class='ocr_par' dir='ltr' id='par_1_56' title="bbox 527 3930 2092 4000">
     <span class='ocr_line' id='line_1_56' title="bbox 527 3930 2092 4000; baseline 0.001 -16"><span class='ocrx_word' id='word_1_417' title='bbox 527 3930 634 4000; x_wconf 90' lang='lat' dir='ltr'><strong>pati</strong></span> <span class='ocrx_word' id='word_1_418' title='bbox 670 3930 842 3983; x_wconf 80' lang='lat' dir='ltr'><strong>virum</strong></span> <span class='ocrx_word' id='word_1_419' title='bbox 870 3939 1116 3984; x_wconf 84' lang='lat' dir='ltr'><strong>sanetum</strong></span> <span class='ocrx_word' id='word_1_420' title='bbox 1149 3932 1451 3999; x_wconf 90' lang='lat' dir='ltr'><strong>acjustum,</strong></span> <span class='ocrx_word' id='word_1_421' title='bbox 1498 3948 1526 3986; x_wconf 91' lang='lat' dir='ltr'><strong>a</strong></span> <span class='ocrx_word' id='word_1_422' title='bbox 1576 3933 1686 3987; x_wconf 88' lang='lat' dir='ltr'><strong>Deo</strong></span> <span class='ocrx_word' id='word_1_423' title='bbox 1724 3934 2092 3988; x_wconf 91' lang='lat' dir='ltr'><strong>testimonium</strong></span> 
     </span>
    </p>
   </div>
   <div class='ocr_carea' id='block_1_57' title="bbox 525 4020 2089 4094">
    <p class='ocr_par' dir='ltr' id='par_1_57' title="bbox 525 4020 2089 4094">
     <span class='ocr_line' id='line_1_57' title="bbox 525 4020 2089 4094; baseline 0.001 -18"><span class='ocrx_word' id='word_1_424' title='bbox 525 4032 902 4076; x_wconf 90' lang='lat' dir='ltr'><strong>consecutum.</strong></span> <span class='ocrx_word' id='word_1_425' title='bbox 960 4020 1179 4075; x_wconf 86' lang='lat' dir='ltr'><strong>Certum</strong></span> <span class='ocrx_word' id='word_1_426' title='bbox 1231 4032 1313 4076; x_wconf 91' lang='lat' dir='ltr'><strong>est</strong></span> <span class='ocrx_word' id='word_1_427' title='bbox 1342 4025 1484 4091; x_wconf 90' lang='lat' dir='ltr'><strong>quod</strong></span> <span class='ocrx_word' id='word_1_428' title='bbox 1510 4039 1614 4077; x_wconf 91' lang='lat' dir='ltr'><strong>non</strong></span> <span class='ocrx_word' id='word_1_429' title='bbox 1644 4024 1815 4078; x_wconf 86' lang='lat' dir='ltr'><strong>solum</strong></span> <span class='ocrx_word' id='word_1_430' title='bbox 1850 4039 1945 4094; x_wconf 88' lang='lat' dir='ltr'><strong>pro</strong></span> <span class='ocrx_word' id='word_1_431' title='bbox 1969 4024 2089 4090; x_wconf 87' lang='lat' dir='ltr'><strong>Job,</strong></span> 
     </span>
    </p>
   </div>
   <div class='ocr_carea' id='block_1_58' title="bbox 523 4109 2087 4181">
    <p class='ocr_par' dir='ltr' id='par_1_58' title="bbox 523 4109 2087 4181">
     <span class='ocr_line' id='line_1_58' title="bbox 523 4109 2087 4181; baseline 0.003 -17"><span class='ocrx_word' id='word_1_432' title='bbox 523 4111 618 4164; x_wconf 77' lang='lat' dir='ltr'><strong>sed</strong></span> <span class='ocrx_word' id='word_1_433' title='bbox 647 4109 811 4163; x_wconf 88' lang='lat' dir='ltr'><strong>etiam</strong></span> <span class='ocrx_word' id='word_1_434' title='bbox 840 4126 938 4179; x_wconf 90' lang='lat' dir='ltr'><strong>pro</strong></span> <span class='ocrx_word' id='word_1_435' title='bbox 962 4126 1019 4165; x_wconf 91' lang='lat' dir='ltr'><strong>se</strong></span> <span class='ocrx_word' id='word_1_436' title='bbox 1049 4113 1415 4181; x_wconf 87' lang='lat' dir='ltr'><strong>unusquisque</strong></span> <span class='ocrx_word' id='word_1_437' title='bbox 1445 4112 1630 4168; x_wconf 85' lang='lat' dir='ltr'><strong>eorum</strong></span> <span class='ocrx_word' id='word_1_438' title='bbox 1667 4114 1929 4169; x_wconf 82' lang='lat' dir='ltr'><strong>Sollicitus</strong></span> <span class='ocrx_word' id='word_1_439' title='bbox 1952 4127 2087 4177; x_wconf 91' lang='lat' dir='ltr'><strong>erat,</strong></span> 
     </span>
    </p>
   </div>
   <div class='ocr_carea' id='block_1_59' title="bbox 524 4203 2092 4277">
    <p class='ocr_par' dir='ltr' id='par_1_59' title="bbox 524 4203 2092 4277">
     <span class='ocr_line' id='line_1_59' title="bbox 524 4203 2092 4277; baseline 0.003 -20"><span class='ocrx_word' id='word_1_440' title='bbox 524 4213 772 4258; x_wconf 88' lang='lat' dir='ltr'><strong>metuens</strong></span> <span class='ocrx_word' id='word_1_441' title='bbox 805 4203 932 4273; x_wconf 90' lang='lat' dir='ltr'><strong>quid</strong></span> <span class='ocrx_word' id='word_1_442' title='bbox 961 4205 1124 4257; x_wconf 90' lang='lat' dir='ltr'><strong>etiam</strong></span> <span class='ocrx_word' id='word_1_443' title='bbox 1159 4206 1223 4257; x_wconf 88' lang='lat' dir='ltr'><strong>de</strong></span> <span class='ocrx_word' id='word_1_444' title='bbox 1256 4220 1313 4259; x_wconf 90' lang='lat' dir='ltr'><strong>se</strong></span> <span class='ocrx_word' id='word_1_445' title='bbox 1338 4217 1616 4274; x_wconf 74' lang='lat' dir='ltr'><strong>gereretur</strong></span> <span class='ocrx_word' id='word_1_446' title='bbox 1646 4246 1661 4270; x_wconf 91' lang='lat'><strong>,</strong></span> <span class='ocrx_word' id='word_1_447' title='bbox 1687 4207 1773 4262; x_wconf 92' lang='lat' dir='ltr'><strong>vel</strong></span> <span class='ocrx_word' id='word_1_448' title='bbox 1820 4208 1947 4277; x_wconf 91' lang='lat' dir='ltr'><strong>quid</strong></span> <span class='ocrx_word' id='word_1_449' title='bbox 1998 4225 2092 4262; x_wconf 82' lang='lat' dir='ltr'><strong>ex-</strong></span> 
     </span>
    </p>
   </div>
   <div class='ocr_carea' id='block_1_60' title="bbox 518 4295 2085 4374">
    <p class='ocr_par' dir='ltr' id='par_1_60' title="bbox 518 4295 2085 4374">
     <span class='ocr_line' id='line_1_60' title="bbox 518 4295 2085 4374; baseline 0.003 -24"><span class='ocrx_word' id='word_1_450' title='bbox 518 4305 878 4365; x_wconf 82' lang='lat' dir='ltr'><strong>spectaretur.</strong></span> <span class='ocrx_word' id='word_1_451' title='bbox 916 4295 1048 4349; x_wconf 77' lang='lat' dir='ltr'><strong>Nam</strong></span> <span class='ocrx_word' id='word_1_452' title='bbox 1078 4296 1122 4350; x_wconf 88' lang='lat' dir='ltr'><strong>si</strong></span> <span class='ocrx_word' id='word_1_453' title='bbox 1159 4297 1361 4365; x_wconf 85' lang='lat' dir='ltr'><strong>justum</strong></span> <span class='ocrx_word' id='word_1_454' title='bbox 1406 4298 1531 4352; x_wconf 88' lang='lat' dir='ltr'><strong>talia</strong></span> <span class='ocrx_word' id='word_1_455' title='bbox 1580 4298 2085 4374; x_wconf 84' lang='lat' dir='ltr'><strong>inveneruntmala,</strong></span> 
     </span>
    </p>
   </div>
   <div class='ocr_carea' id='block_1_61' title="bbox 520 4388 2086 4460">
    <p class='ocr_par' dir='ltr' id='par_1_61' title="bbox 520 4388 2086 4460">
     <span class='ocr_line' id='line_1_61' title="bbox 520 4388 2086 4460; baseline 0.004 -19"><span class='ocrx_word' id='word_1_456' title='bbox 520 4402 640 4454; x_wconf 90' lang='lat' dir='ltr'><strong>nos,</strong></span> <span class='ocrx_word' id='word_1_457' title='bbox 691 4388 961 4457; x_wconf 80' lang='lat' dir='ltr'><strong>inquiunt,</strong></span> <span class='ocrx_word' id='word_1_458' title='bbox 1008 4388 1101 4456; x_wconf 91' lang='lat' dir='ltr'><strong>qui</strong></span> <span class='ocrx_word' id='word_1_459' title='bbox 1132 4388 1288 4458; x_wconf 88' lang='lat' dir='ltr'><strong>longe</strong></span> <span class='ocrx_word' id='word_1_460' title='bbox 1328 4404 1511 4443; x_wconf 89' lang='lat' dir='ltr'><strong>smnus</strong></span> <span class='ocrx_word' id='word_1_461' title='bbox 1553 4391 1621 4443; x_wconf 93' lang='lat' dir='ltr'><strong>ab</strong></span> <span class='ocrx_word' id='word_1_462' title='bbox 1653 4390 2086 4460; x_wconf 84' lang='lat' dir='ltr'><strong>hujusjustiﬁca-</strong></span> 
     </span>
    </p>
   </div>
   <div class='ocr_carea' id='block_1_62' title="bbox 2214 1909 3745 1984">
    <p class='ocr_par' dir='ltr' id='par_1_62' title="bbox 2214 1909 3745 1984">
     <span class='ocr_line' id='line_1_62' title="bbox 2214 1909 3745 1984; baseline -0.001 -19"><span class='ocrx_word' id='word_1_463' title='bbox 2214 1915 2392 1970; x_wconf 81' lang='lat' dir='ltr'><strong>verbis</strong></span> <span class='ocrx_word' id='word_1_464' title='bbox 2450 1929 2547 1984; x_wconf 90' lang='lat' dir='ltr'><strong>per</strong></span> <span class='ocrx_word' id='word_1_465' title='bbox 2576 1915 2717 1982; x_wconf 91' lang='lat' dir='ltr'><strong>quod</strong></span> <span class='ocrx_word' id='word_1_466' title='bbox 2763 1913 3037 1967; x_wconf 91' lang='lat' dir='ltr'><strong>consolari</strong></span> <span class='ocrx_word' id='word_1_467' title='bbox 3083 1926 3211 1965; x_wconf 91' lang='lat' dir='ltr'><strong>cum</strong></span> <span class='ocrx_word' id='word_1_468' title='bbox 3271 1922 3518 1978; x_wconf 83' lang='lat' dir='ltr'><strong>possent,</strong></span> <span class='ocrx_word' id='word_1_469' title='bbox 3570 1909 3745 1963; x_wconf 87' lang='lat' dir='ltr'><strong>idcirco</strong></span> 
     </span>
    </p>
   </div>
   <div class='ocr_carea' id='block_1_63' title="bbox 2210 2000 3744 2070">
    <p class='ocr_par' dir='ltr' id='par_1_63' title="bbox 2210 2000 3744 2070">
     <span class='ocr_line' id='line_1_63' title="bbox 2210 2000 3744 2070; baseline -0.005 -10"><span class='ocrx_word' id='word_1_470' title='bbox 2210 2006 2472 2060; x_wconf 86' lang='lat' dir='ltr'><strong>sedebant</strong></span> <span class='ocrx_word' id='word_1_471' title='bbox 2525 2003 2898 2058; x_wconf 80' lang='lat' dir='ltr'><strong>taciturnitate</strong></span> <span class='ocrx_word' id='word_1_472' title='bbox 2940 2017 3036 2056; x_wconf 89' lang='lat' dir='ltr'><strong>sua</strong></span> <span class='ocrx_word' id='word_1_473' title='bbox 3067 2000 3169 2070; x_wconf 90' lang='lat' dir='ltr'><strong>ipsi</strong></span> <span class='ocrx_word' id='word_1_474' title='bbox 3226 2001 3566 2053; x_wconf 72' lang='lat' dir='ltr'><strong>vehementia:</strong></span> <span class='ocrx_word' id='word_1_475' title='bbox 3615 2000 3744 2054; x_wconf 86' lang='lat' dir='ltr'><strong>dolo-</strong></span> 
     </span>
    </p>
   </div>
   <div class='ocr_carea' id='block_1_64' title="bbox 2211 2094 3745 2166">
    <p class='ocr_par' dir='ltr' id='par_1_64' title="bbox 2211 2094 3745 2166">
     <span class='ocr_line' id='line_1_64' title="bbox 2211 2094 3745 2166; baseline -0.007 -13"><span class='ocrx_word' id='word_1_476' title='bbox 2211 2115 2325 2153; x_wconf 88' lang='lat' dir='ltr'><strong>rum</strong></span> <span class='ocrx_word' id='word_1_477' title='bbox 2349 2098 2463 2166; x_wconf 89' lang='lat' dir='ltr'><strong>ejus</strong></span> <span class='ocrx_word' id='word_1_478' title='bbox 2495 2106 2837 2151; x_wconf 84' lang='lat' dir='ltr'><strong>attestantes.</strong></span> <span class='ocrx_word' id='word_1_479' title='bbox 2871 2094 3001 2147; x_wconf 79' lang='lat' dir='ltr'><strong>Nam</strong></span> <span class='ocrx_word' id='word_1_480' title='bbox 3040 2094 3334 2148; x_wconf 86' lang='lat' dir='ltr'><strong>discedere</strong></span> <span class='ocrx_word' id='word_1_481' title='bbox 3375 2108 3476 2145; x_wconf 90' lang='lat' dir='ltr'><strong>non</strong></span> <span class='ocrx_word' id='word_1_482' title='bbox 3505 2102 3745 2162; x_wconf 82' lang='lat' dir='ltr'><strong>poterant,</strong></span> 
     </span>
    </p>
   </div>
   <div class='ocr_carea' id='block_1_65' title="bbox 2208 2186 3751 2264">
    <p class='ocr_par' dir='ltr' id='par_1_65' title="bbox 2208 2186 3751 2264">
     <span class='ocr_line' id='line_1_65' title="bbox 2208 2186 3751 2264; baseline -0.005 -17"><span class='ocrx_word' id='word_1_483' title='bbox 2208 2205 2503 2264; x_wconf 66' lang='lat' dir='ltr'><strong>praesentes</strong></span> <span class='ocrx_word' id='word_1_484' title='bbox 2537 2193 2679 2261; x_wconf 90' lang='lat' dir='ltr'><strong>loqui</strong></span> <span class='ocrx_word' id='word_1_485' title='bbox 2722 2205 2825 2244; x_wconf 89' lang='lat' dir='ltr'><strong>non</strong></span> <span class='ocrx_word' id='word_1_486' title='bbox 2876 2189 3170 2243; x_wconf 81' lang='lat' dir='ltr'><strong>audebant.</strong></span> <span class='ocrx_word' id='word_1_487' title='bbox 3234 2186 3521 2255; x_wconf 81' lang='lat' dir='ltr'><strong>Propterea</strong></span> <span class='ocrx_word' id='word_1_488' title='bbox 3561 2186 3751 2240; x_wconf 86' lang='lat' dir='ltr'><strong>assede-</strong></span> 
     </span>
    </p>
   </div>
   <div class='ocr_carea' id='block_1_66' title="bbox 2208 2279 3750 2354">
    <p class='ocr_par' dir='ltr' id='par_1_66' title="bbox 2208 2279 3750 2354">
     <span class='ocr_line' id='line_1_66' title="bbox 2208 2279 3750 2354; baseline -0.008 -12"><span class='ocrx_word' id='word_1_489' title='bbox 2208 2298 2332 2342; x_wconf 90' lang='lat' dir='ltr'><strong>runt</strong></span> <span class='ocrx_word' id='word_1_490' title='bbox 2370 2287 2447 2340; x_wconf 89' lang='lat' dir='ltr'><strong>illi</strong></span> <span class='ocrx_word' id='word_1_491' title='bbox 2489 2294 2694 2354; x_wconf 84' lang='lat' dir='ltr'><strong>septem</strong></span> <span class='ocrx_word' id='word_1_492' title='bbox 2732 2283 2956 2347; x_wconf 90' lang='lat' dir='ltr'><strong>diebus,</strong></span> <span class='ocrx_word' id='word_1_493' title='bbox 2988 2291 3041 2335; x_wconf 92' lang='lat' dir='ltr'><strong>et</strong></span> <span class='ocrx_word' id='word_1_494' title='bbox 3079 2290 3298 2349; x_wconf 86' lang='lat' dir='ltr'><strong>septem</strong></span> <span class='ocrx_word' id='word_1_495' title='bbox 3328 2279 3583 2342; x_wconf 81' lang='lat' dir='ltr'><strong>noctibus,</strong></span> <span class='ocrx_word' id='word_1_496' title='bbox 3617 2279 3750 2330; x_wconf 75' lang='lat' dir='ltr'><strong>iurli-</strong></span> 
     </span>
    </p>
   </div>
   <div class='ocr_carea' id='block_1_67' title="bbox 2206 2369 3749 2437">
    <p class='ocr_par' dir='ltr' id='par_1_67' title="bbox 2206 2369 3749 2437">
     <span class='ocr_line' id='line_1_67' title="bbox 2206 2369 3749 2437; baseline -0.007 -6"><span class='ocrx_word' id='word_1_497' title='bbox 2206 2378 2350 2432; x_wconf 89' lang='lat' dir='ltr'><strong>natis</strong></span> <span class='ocrx_word' id='word_1_498' title='bbox 2377 2377 2634 2432; x_wconf 85' lang='lat' dir='ltr'><strong>deorsum</strong></span> <span class='ocrx_word' id='word_1_499' title='bbox 2669 2376 2735 2427; x_wconf 87' lang='lat' dir='ltr'><strong>ad</strong></span> <span class='ocrx_word' id='word_1_500' title='bbox 2781 2383 2978 2427; x_wconf 89' lang='lat' dir='ltr'><strong>terram</strong></span> <span class='ocrx_word' id='word_1_501' title='bbox 3019 2370 3294 2426; x_wconf 78' lang='lat' dir='ltr'><strong>faciebas.</strong></span> <span class='ocrx_word' id='word_1_502' title='bbox 3341 2369 3628 2437; x_wconf 82' lang='lat' dir='ltr'><strong>Aliquando</strong></span> <span class='ocrx_word' id='word_1_503' title='bbox 3669 2384 3749 2421; x_wconf 90' lang='lat' dir='ltr'><strong>au-</strong></span> 
     </span>
    </p>
   </div>
   <div class='ocr_carea' id='block_1_68' title="bbox 2208 2461 3749 2532">
    <p class='ocr_par' dir='ltr' id='par_1_68' title="bbox 2208 2461 3749 2532">
     <span class='ocr_line' id='line_1_68' title="bbox 2208 2461 3749 2532; baseline -0.005 -10"><span class='ocrx_word' id='word_1_504' title='bbox 2208 2479 2316 2523; x_wconf 90' lang='lat' dir='ltr'><strong>tem</strong></span> <span class='ocrx_word' id='word_1_505' title='bbox 2353 2469 2699 2521; x_wconf 87' lang='lat' dir='ltr'><strong>intendentes</strong></span> <span class='ocrx_word' id='word_1_506' title='bbox 2732 2465 2785 2519; x_wconf 90' lang='lat' dir='ltr'><strong>in</strong></span> <span class='ocrx_word' id='word_1_507' title='bbox 2818 2464 2968 2518; x_wconf 90' lang='lat' dir='ltr'><strong>illum</strong></span> <span class='ocrx_word' id='word_1_508' title='bbox 3012 2473 3068 2517; x_wconf 90' lang='lat' dir='ltr'><strong>et</strong></span> <span class='ocrx_word' id='word_1_509' title='bbox 3100 2461 3379 2518; x_wconf 77' lang='lat' dir='ltr'><strong>visionem</strong></span> <span class='ocrx_word' id='word_1_510' title='bbox 3414 2462 3575 2532; x_wconf 74' lang='lat' dir='ltr'><strong>plagae</strong></span> <span class='ocrx_word' id='word_1_511' title='bbox 3626 2461 3749 2515; x_wconf 89' lang='lat' dir='ltr'><strong>illius</strong></span> 
     </span>
    </p>
   </div>
   <div class='ocr_carea' id='block_1_69' title="bbox 2203 2550 3746 2630">
    <p class='ocr_par' dir='ltr' id='par_1_69' title="bbox 2203 2550 3746 2630">
     <span class='ocr_line' id='line_1_69' title="bbox 2203 2550 3746 2630; baseline -0.007 -14"><span class='ocrx_word' id='word_1_512' title='bbox 2203 2569 2513 2630; x_wconf 89' lang='lat' dir='ltr'><strong>stupentes,</strong></span> <span class='ocrx_word' id='word_1_513' title='bbox 2558 2559 2815 2612; x_wconf 89' lang='lat' dir='ltr'><strong>continuo</strong></span> <span class='ocrx_word' id='word_1_514' title='bbox 2873 2555 3169 2611; x_wconf 89' lang='lat' dir='ltr'><strong>identidem</strong></span> <span class='ocrx_word' id='word_1_515' title='bbox 3230 2553 3552 2624; x_wconf 85' lang='lat' dir='ltr'><strong>dejiciebant</strong></span> <span class='ocrx_word' id='word_1_516' title='bbox 3585 2550 3746 2605; x_wconf 88' lang='lat' dir='ltr'><strong>facies.</strong></span> 
     </span>
    </p>
   </div>
   <div class='ocr_carea' id='block_1_70' title="bbox 2201 2646 3748 2723">
    <p class='ocr_par' dir='ltr' id='par_1_70' title="bbox 2201 2646 3748 2723">
     <span class='ocr_line' id='line_1_70' title="bbox 2201 2646 3748 2723; baseline -0.008 -17"><span class='ocrx_word' id='word_1_517' title='bbox 2201 2651 2508 2723; x_wconf 86' lang='lat' dir='ltr'><strong>Aliquando</strong></span> <span class='ocrx_word' id='word_1_518' title='bbox 2532 2664 2592 2705; x_wconf 92' lang='lat' dir='ltr'><strong>se</strong></span> <span class='ocrx_word' id='word_1_519' title='bbox 2622 2649 2852 2720; x_wconf 79' lang='lat' dir='ltr'><strong>genibus</strong></span> <span class='ocrx_word' id='word_1_520' title='bbox 2879 2649 3249 2716; x_wconf 87' lang='lat' dir='ltr'><strong>imponentes,</strong></span> <span class='ocrx_word' id='word_1_521' title='bbox 3276 2646 3560 2713; x_wconf 87' lang='lat' dir='ltr'><strong>aliquando</strong></span> <span class='ocrx_word' id='word_1_522' title='bbox 3588 2654 3748 2697; x_wconf 89' lang='lat' dir='ltr'><strong>autem</strong></span> 
     </span>
    </p>
   </div>
   <div class='ocr_carea' id='block_1_71' title="bbox 2201 2734 3750 2813">
    <p class='ocr_par' dir='ltr' id='par_1_71' title="bbox 2201 2734 3750 2813">
     <span class='ocr_line' id='line_1_71' title="bbox 2201 2734 3750 2813; baseline -0.008 -15"><span class='ocrx_word' id='word_1_523' title='bbox 2201 2759 2364 2813; x_wconf 91' lang='lat' dir='ltr'><strong>super</strong></span> <span class='ocrx_word' id='word_1_524' title='bbox 2395 2756 2611 2797; x_wconf 87' lang='lat' dir='ltr'><strong>manttm</strong></span> <span class='ocrx_word' id='word_1_525' title='bbox 2660 2740 3066 2801; x_wconf 88' lang='lat' dir='ltr'><strong>incumbentes,</strong></span> <span class='ocrx_word' id='word_1_526' title='bbox 3101 2752 3206 2791; x_wconf 92' lang='lat' dir='ltr'><strong>non</strong></span> <span class='ocrx_word' id='word_1_527' title='bbox 3272 2737 3322 2790; x_wconf 90' lang='lat' dir='ltr'><strong>in</strong></span> <span class='ocrx_word' id='word_1_528' title='bbox 3354 2734 3574 2797; x_wconf 87' lang='lat' dir='ltr'><strong>lectulis,</strong></span> <span class='ocrx_word' id='word_1_529' title='bbox 3600 2746 3750 2802; x_wconf 89' lang='lat' dir='ltr'><strong>neque</strong></span> 
     </span>
    </p>
   </div>
   <div class='ocr_carea' id='block_1_72' title="bbox 2203 2827 3747 2904">
    <p class='ocr_par' dir='ltr' id='par_1_72' title="bbox 2203 2827 3747 2904">
     <span class='ocr_line' id='line_1_72' title="bbox 2203 2827 3747 2904; baseline -0.009 -14"><span class='ocrx_word' id='word_1_530' title='bbox 2203 2838 2253 2891; x_wconf 87' lang='lat' dir='ltr'><strong>in</strong></span> <span class='ocrx_word' id='word_1_531' title='bbox 2290 2836 2562 2904; x_wconf 79' lang='lat' dir='ltr'><strong>grabatis,</strong></span> <span class='ocrx_word' id='word_1_532' title='bbox 2596 2847 2769 2901; x_wconf 78' lang='lat' dir='ltr'><strong>neque</strong></span> <span class='ocrx_word' id='word_1_533' title='bbox 2828 2832 2882 2885; x_wconf 92' lang='lat' dir='ltr'><strong>in</strong></span> <span class='ocrx_word' id='word_1_534' title='bbox 2931 2828 3297 2885; x_wconf 88' lang='lat' dir='ltr'><strong>straminibus</strong></span> <span class='ocrx_word' id='word_1_535' title='bbox 3361 2827 3747 2896; x_wconf 89' lang='lat' dir='ltr'><strong>requiesceutes,</strong></span> 
     </span>
    </p>
   </div>
   <div class='ocr_carea' id='block_1_73' title="bbox 2200 2919 3747 2994">
    <p class='ocr_par' dir='ltr' id='par_1_73' title="bbox 2200 2919 3747 2994">
     <span class='ocr_line' id='line_1_73' title="bbox 2200 2919 3747 2994; baseline -0.008 -12"><span class='ocrx_word' id='word_1_536' title='bbox 2200 2928 2292 2982; x_wconf 83' lang='lat' dir='ltr'><strong>sed</strong></span> <span class='ocrx_word' id='word_1_537' title='bbox 2325 2927 2509 2994; x_wconf 90' lang='lat' dir='ltr'><strong>procul</strong></span> <span class='ocrx_word' id='word_1_538' title='bbox 2544 2925 2705 2978; x_wconf 91' lang='lat' dir='ltr'><strong>dubio</strong></span> <span class='ocrx_word' id='word_1_539' title='bbox 2743 2925 2796 2976; x_wconf 92' lang='lat' dir='ltr'><strong>in</strong></span> <span class='ocrx_word' id='word_1_540' title='bbox 2830 2923 3013 2976; x_wconf 87' lang='lat' dir='ltr'><strong>cinere</strong></span> <span class='ocrx_word' id='word_1_541' title='bbox 3042 2931 3097 2977; x_wconf 90' lang='lat' dir='ltr'><strong>et</strong></span> <span class='ocrx_word' id='word_1_542' title='bbox 3128 2919 3314 2975; x_wconf 88' lang='lat' dir='ltr'><strong>cilicio</strong></span> <span class='ocrx_word' id='word_1_543' title='bbox 3340 2960 3355 2984; x_wconf 92' lang='lat'><strong>,</strong></span> <span class='ocrx_word' id='word_1_544' title='bbox 3384 2919 3437 2972; x_wconf 92' lang='lat' dir='ltr'><strong>in</strong></span> <span class='ocrx_word' id='word_1_545' title='bbox 3494 2929 3625 2974; x_wconf 88' lang='lat' dir='ltr'><strong>terra</strong></span> <span class='ocrx_word' id='word_1_546' title='bbox 3674 2930 3747 2970; x_wconf 87' lang='lat' dir='ltr'><strong>se-</strong></span> 
     </span>
    </p>
   </div>
   <div class='ocr_carea' id='block_1_74' title="bbox 2198 3010 3748 3085">
    <p class='ocr_par' dir='ltr' id='par_1_74' title="bbox 2198 3010 3748 3085">
     <span class='ocr_line' id='line_1_74' title="bbox 2198 3010 3748 3085; baseline -0.008 -13"><span class='ocrx_word' id='word_1_547' title='bbox 2198 3020 2406 3081; x_wconf 90' lang='lat' dir='ltr'><strong>dentes,</strong></span> <span class='ocrx_word' id='word_1_548' title='bbox 2437 3025 2597 3085; x_wconf 88' lang='lat' dir='ltr'><strong>atque</strong></span> <span class='ocrx_word' id='word_1_549' title='bbox 2632 3017 2685 3069; x_wconf 91' lang='lat' dir='ltr'><strong>in</strong></span> <span class='ocrx_word' id='word_1_550' title='bbox 2716 3013 2816 3069; x_wconf 82' lang='lat' dir='ltr'><strong>Job</strong></span> <span class='ocrx_word' id='word_1_551' title='bbox 2858 3014 3231 3079; x_wconf 79' lang='lat' dir='ltr'><strong>iutendentes,</strong></span> <span class='ocrx_word' id='word_1_552' title='bbox 3271 3012 3487 3081; x_wconf 87' lang='lat' dir='ltr'><strong>quando</strong></span> <span class='ocrx_word' id='word_1_553' title='bbox 3529 3010 3748 3071; x_wconf 81' lang='lat' dir='ltr'><strong>sedebat,</strong></span> 
     </span>
    </p>
   </div>
   <div class='ocr_carea' id='block_1_75' title="bbox 2200 3098 3750 3173">
    <p class='ocr_par' dir='ltr' id='par_1_75' title="bbox 2200 3098 3750 3173">
     <span class='ocr_line' id='line_1_75' title="bbox 2200 3098 3750 3173; baseline -0.006 -13"><span class='ocrx_word' id='word_1_554' title='bbox 2200 3107 2481 3169; x_wconf 88' lang='lat' dir='ltr'><strong>sedebant,</strong></span> <span class='ocrx_word' id='word_1_555' title='bbox 2522 3105 2568 3158; x_wconf 93' lang='lat' dir='ltr'><strong>si</strong></span> <span class='ocrx_word' id='word_1_556' title='bbox 2602 3114 2778 3159; x_wconf 87' lang='lat' dir='ltr'><strong>tamen</strong></span> <span class='ocrx_word' id='word_1_557' title='bbox 2800 3105 3023 3159; x_wconf 90' lang='lat' dir='ltr'><strong>omnino</strong></span> <span class='ocrx_word' id='word_1_558' title='bbox 3050 3119 3158 3173; x_wconf 78' lang='lat' dir='ltr'><strong>pra:</strong></span> <span class='ocrx_word' id='word_1_559' title='bbox 3177 3103 3460 3157; x_wconf 89' lang='lat' dir='ltr'><strong>doloribus</strong></span> <span class='ocrx_word' id='word_1_560' title='bbox 3487 3098 3750 3168; x_wconf 83' lang='lat' dir='ltr'><strong>aliquando</strong></span> 
     </span>
    </p>
   </div>
   <div class='ocr_carea' id='block_1_76' title="bbox 2195 3187 3753 3266">
    <p class='ocr_par' dir='ltr' id='par_1_76' title="bbox 2195 3187 3753 3266">
     <span class='ocr_line' id='line_1_76' title="bbox 2195 3187 3753 3266; baseline -0.006 -14"><span class='ocrx_word' id='word_1_561' title='bbox 2195 3198 2377 3265; x_wconf 85' lang='lat' dir='ltr'><strong>jacere</strong></span> <span class='ocrx_word' id='word_1_562' title='bbox 2398 3206 2623 3266; x_wconf 89' lang='lat' dir='ltr'><strong>poterat.</strong></span> <span class='ocrx_word' id='word_1_563' title='bbox 2657 3195 2749 3251; x_wconf 88' lang='lat' dir='ltr'><strong>Sic</strong></span> <span class='ocrx_word' id='word_1_564' title='bbox 2773 3210 3002 3265; x_wconf 88' lang='lat' dir='ltr'><strong>namque</strong></span> <span class='ocrx_word' id='word_1_565' title='bbox 3032 3197 3085 3249; x_wconf 89' lang='lat' dir='ltr'><strong>itt</strong></span> <span class='ocrx_word' id='word_1_566' title='bbox 3150 3195 3449 3265; x_wconf 73' lang='lat' dir='ltr'><strong>gemitibus</strong></span> <span class='ocrx_word' id='word_1_567' title='bbox 3488 3207 3550 3245; x_wconf 90' lang='lat' dir='ltr'><strong>ac</strong></span> <span class='ocrx_word' id='word_1_568' title='bbox 3593 3187 3753 3255; x_wconf 87' lang='lat' dir='ltr'><strong>suspi-</strong></span> 
     </span>
    </p>
   </div>
   <div class='ocr_carea' id='block_1_77' title="bbox 2202 3282 3748 3358">
    <p class='ocr_par' dir='ltr' id='par_1_77' title="bbox 2202 3282 3748 3358">
     <span class='ocr_line' id='line_1_77' title="bbox 2202 3282 3748 3358; baseline -0.008 -13"><span class='ocrx_word' id='word_1_569' title='bbox 2202 3292 2297 3346; x_wconf 88' lang='lat' dir='ltr'><strong>riis</strong></span> <span class='ocrx_word' id='word_1_570' title='bbox 2334 3290 2468 3344; x_wconf 91' lang='lat' dir='ltr'><strong>istos</strong></span> <span class='ocrx_word' id='word_1_571' title='bbox 2498 3300 2701 3358; x_wconf 88' lang='lat' dir='ltr'><strong>septem</strong></span> <span class='ocrx_word' id='word_1_572' title='bbox 2733 3287 2848 3341; x_wconf 87' lang='lat' dir='ltr'><strong>dies</strong></span> <span class='ocrx_word' id='word_1_573' title='bbox 2883 3297 3198 3357; x_wconf 81' lang='lat' dir='ltr'><strong>peragentes</strong></span> <span class='ocrx_word' id='word_1_574' title='bbox 3227 3285 3553 3342; x_wconf 88' lang='lat' dir='ltr'><strong>assederunt</strong></span> <span class='ocrx_word' id='word_1_575' title='bbox 3581 3282 3672 3345; x_wconf 91' lang='lat' dir='ltr'><strong>illi,</strong></span> <span class='ocrx_word' id='word_1_576' title='bbox 3694 3295 3748 3334; x_wconf 85' lang='lat' dir='ltr'><strong>os</strong></span> 
     </span>
    </p>
   </div>
   <div class='ocr_carea' id='block_1_78' title="bbox 2198 3373 3753 3453">
    <p class='ocr_par' dir='ltr' id='par_1_78' title="bbox 2198 3373 3753 3453">
     <span class='ocr_line' id='line_1_78' title="bbox 2198 3373 3753 3453; baseline -0.008 -15"><span class='ocrx_word' id='word_1_577' title='bbox 2198 3400 2306 3438; x_wconf 88' lang='lat' dir='ltr'><strong>non</strong></span> <span class='ocrx_word' id='word_1_578' title='bbox 2336 3383 2666 3453; x_wconf 88' lang='lat' dir='ltr'><strong>aperientes,</strong></span> <span class='ocrx_word' id='word_1_579' title='bbox 2693 3394 2869 3447; x_wconf 90' lang='lat' dir='ltr'><strong>neque</strong></span> <span class='ocrx_word' id='word_1_580' title='bbox 2894 3378 3111 3432; x_wconf 82' lang='lat' dir='ltr'><strong>verbum</strong></span> <span class='ocrx_word' id='word_1_581' title='bbox 3148 3377 3468 3443; x_wconf 87' lang='lat' dir='ltr'><strong>loquentes,</strong></span> <span class='ocrx_word' id='word_1_582' title='bbox 3514 3373 3609 3428; x_wconf 86' lang='lat' dir='ltr'><strong>nisi</strong></span> <span class='ocrx_word' id='word_1_583' title='bbox 3649 3383 3753 3427; x_wconf 89' lang='lat' dir='ltr'><strong>tan-</strong></span> 
     </span>
    </p>
   </div>
   <div class='ocr_carea' id='block_1_79' title="bbox 2201 3467 3751 3545">
    <p class='ocr_par' dir='ltr' id='par_1_79' title="bbox 2201 3467 3751 3545">
     <span class='ocr_line' id='line_1_79' title="bbox 2201 3467 3751 3545; baseline -0.009 -15"><span class='ocrx_word' id='word_1_584' title='bbox 2201 3489 2311 3530; x_wconf 90' lang='lat' dir='ltr'><strong>tum</strong></span> <span class='ocrx_word' id='word_1_585' title='bbox 2372 3476 2610 3545; x_wconf 82' lang='lat' dir='ltr'><strong>graviter</strong></span> <span class='ocrx_word' id='word_1_586' title='bbox 2663 3472 3035 3540; x_wconf 89' lang='lat' dir='ltr'><strong>suspirantes,</strong></span> <span class='ocrx_word' id='word_1_587' title='bbox 3088 3478 3250 3539; x_wconf 88' lang='lat' dir='ltr'><strong>atque</strong></span> <span class='ocrx_word' id='word_1_588' title='bbox 3332 3467 3751 3537; x_wconf 80' lang='lat' dir='ltr'><strong>ingentisecntes.</strong></span> 
     </span>
    </p>
   </div>
   <div class='ocr_carea' id='block_1_80' title="bbox 2198 3556 3754 3630">
    <p class='ocr_par' dir='ltr' id='par_1_80' title="bbox 2198 3556 3754 3630">
     <span class='ocr_line' id='line_1_80' title="bbox 2198 3556 3754 3630; baseline -0.008 -9"><span class='ocrx_word' id='word_1_589' title='bbox 2198 3568 2586 3621; x_wconf 84' lang='lat' dir='ltr'><strong>Verumtamen</strong></span> <span class='ocrx_word' id='word_1_590' title='bbox 2625 3580 2723 3619; x_wconf 89' lang='lat' dir='ltr'><strong>nec</strong></span> <span class='ocrx_word' id='word_1_591' title='bbox 2756 3566 2820 3618; x_wconf 92' lang='lat' dir='ltr'><strong>de</strong></span> <span class='ocrx_word' id='word_1_592' title='bbox 2849 3565 2951 3617; x_wconf 88' lang='lat' dir='ltr'><strong>hoc</strong></span> <span class='ocrx_word' id='word_1_593' title='bbox 2974 3564 3253 3624; x_wconf 78' lang='lat' dir='ltr'><strong>sileamus,</strong></span> <span class='ocrx_word' id='word_1_594' title='bbox 3304 3560 3398 3630; x_wconf 90' lang='lat' dir='ltr'><strong>qui</strong></span> <span class='ocrx_word' id='word_1_595' title='bbox 3446 3559 3656 3613; x_wconf 88' lang='lat' dir='ltr'><strong>fuerunt</strong></span> <span class='ocrx_word' id='word_1_596' title='bbox 3706 3556 3754 3610; x_wconf 91' lang='lat' dir='ltr'><strong>hi</strong></span> 
     </span>
    </p>
   </div>
   <div class='ocr_carea' id='block_1_81' title="bbox 2197 3648 3755 3726">
    <p class='ocr_par' dir='ltr' id='par_1_81' title="bbox 2197 3648 3755 3726">
     <span class='ocr_line' id='line_1_81' title="bbox 2197 3648 3755 3726; baseline -0.007 -15"><span class='ocrx_word' id='word_1_597' title='bbox 2197 3660 2317 3720; x_wconf 86' lang='lat' dir='ltr'><strong>viri,</strong></span> <span class='ocrx_word' id='word_1_598' title='bbox 2354 3659 2436 3711; x_wconf 89' lang='lat' dir='ltr'><strong>vel</strong></span> <span class='ocrx_word' id='word_1_599' title='bbox 2465 3658 2647 3726; x_wconf 75' lang='lat' dir='ltr'><strong>quales</strong></span> <span class='ocrx_word' id='word_1_600' title='bbox 2693 3655 2776 3709; x_wconf 86' lang='lat' dir='ltr'><strong>vel</strong></span> <span class='ocrx_word' id='word_1_601' title='bbox 2829 3655 2995 3708; x_wconf 92' lang='lat' dir='ltr'><strong>unde.</strong></span> <span class='ocrx_word' id='word_1_602' title='bbox 3048 3651 3164 3707; x_wconf 86' lang='lat' dir='ltr'><strong>Non</strong></span> <span class='ocrx_word' id='word_1_603' title='bbox 3211 3653 3438 3707; x_wconf 89' lang='lat' dir='ltr'><strong>fuerunt</strong></span> <span class='ocrx_word' id='word_1_604' title='bbox 3470 3650 3628 3719; x_wconf 90' lang='lat' dir='ltr'><strong>aliqui</strong></span> <span class='ocrx_word' id='word_1_605' title='bbox 3666 3648 3755 3701; x_wconf 86' lang='lat' dir='ltr'><strong>tui-</strong></span> 
     </span>
    </p>
   </div>
   <div class='ocr_carea' id='block_1_82' title="bbox 2197 3743 3753 3819">
    <p class='ocr_par' dir='ltr' id='par_1_82' title="bbox 2197 3743 3753 3819">
     <span class='ocr_line' id='line_1_82' title="bbox 2197 3743 3753 3819; baseline -0.007 -15"><span class='ocrx_word' id='word_1_606' title='bbox 2197 3752 2323 3805; x_wconf 88' lang='lat' dir='ltr'><strong>ttittti</strong></span> <span class='ocrx_word' id='word_1_607' title='bbox 2353 3793 2368 3816; x_wconf 93' lang='lat'><strong>,</strong></span> <span class='ocrx_word' id='word_1_608' title='bbox 2404 3765 2578 3819; x_wconf 89' lang='lat' dir='ltr'><strong>neque</strong></span> <span class='ocrx_word' id='word_1_609' title='bbox 2621 3747 3089 3819; x_wconf 83' lang='lat' dir='ltr'><strong>contemptibiles,</strong></span> <span class='ocrx_word' id='word_1_610' title='bbox 3120 3746 3211 3800; x_wconf 85' lang='lat' dir='ltr'><strong>sed</strong></span> <span class='ocrx_word' id='word_1_611' title='bbox 3268 3745 3479 3816; x_wconf 81' lang='lat' dir='ltr'><strong>egregii</strong></span> <span class='ocrx_word' id='word_1_612' title='bbox 3534 3743 3753 3802; x_wconf 80' lang='lat' dir='ltr'><strong>fuerunt,</strong></span> 
     </span>
    </p>
   </div>
   <div class='ocr_carea' id='block_1_83' title="bbox 2194 3839 3754 3912">
    <p class='ocr_par' dir='ltr' id='par_1_83' title="bbox 2194 3839 3754 3912">
     <span class='ocr_line' id='line_1_83' title="bbox 2194 3839 3754 3912; baseline -0.008 -15"><span class='ocrx_word' id='word_1_613' title='bbox 2194 3855 2248 3897; x_wconf 91' lang='lat' dir='ltr'><strong>et</strong></span> <span class='ocrx_word' id='word_1_614' title='bbox 2277 3844 2549 3912; x_wconf 89' lang='lat' dir='ltr'><strong>principes</strong></span> <span class='ocrx_word' id='word_1_615' title='bbox 2577 3843 2882 3910; x_wconf 81' lang='lat' dir='ltr'><strong>regionum,</strong></span> <span class='ocrx_word' id='word_1_616' title='bbox 2911 3850 3072 3907; x_wconf 89' lang='lat' dir='ltr'><strong>atque</strong></span> <span class='ocrx_word' id='word_1_617' title='bbox 3099 3839 3507 3907; x_wconf 85' lang='lat' dir='ltr'><strong>provinciarum</strong></span> <span class='ocrx_word' id='word_1_618' title='bbox 3548 3849 3754 3890; x_wconf 89' lang='lat' dir='ltr'><strong>suarum</strong></span> 
     </span>
    </p>
   </div>
   <div class='ocr_carea' id='block_1_84' title="bbox 2196 3924 3756 4002">
    <p class='ocr_par' dir='ltr' id='par_1_84' title="bbox 2196 3924 3756 4002">
     <span class='ocr_line' id='line_1_84' title="bbox 2196 3924 3756 4002; baseline -0.009 -11"><span class='ocrx_word' id='word_1_619' title='bbox 2196 3937 2429 4002; x_wconf 89' lang='lat' dir='ltr'><strong>domini,</strong></span> <span class='ocrx_word' id='word_1_620' title='bbox 2465 3950 2528 3990; x_wconf 90' lang='lat' dir='ltr'><strong>ac</strong></span> <span class='ocrx_word' id='word_1_621' title='bbox 2570 3937 2737 3988; x_wconf 89' lang='lat' dir='ltr'><strong>duces</strong></span> <span class='ocrx_word' id='word_1_622' title='bbox 2790 3933 2965 4002; x_wconf 86' lang='lat' dir='ltr'><strong>gentis</strong></span> <span class='ocrx_word' id='word_1_623' title='bbox 3003 3947 3133 3988; x_wconf 71' lang='lat' dir='ltr'><strong>suae.</strong></span> <span class='ocrx_word' id='word_1_624' title='bbox 3166 3931 3235 3986; x_wconf 87' lang='lat' dir='ltr'><strong>Et</strong></span> <span class='ocrx_word' id='word_1_625' title='bbox 3296 3946 3421 3985; x_wconf 90' lang='lat' dir='ltr'><strong>cum</strong></span> <span class='ocrx_word' id='word_1_626' title='bbox 3472 3932 3542 3983; x_wconf 87' lang='lat' dir='ltr'><strong>ita</strong></span> <span class='ocrx_word' id='word_1_627' title='bbox 3591 3924 3756 3994; x_wconf 77' lang='lat' dir='ltr'><strong>magni</strong></span> 
     </span>
    </p>
   </div>
   <div class='ocr_carea' id='block_1_85' title="bbox 2195 4022 3755 4099">
    <p class='ocr_par' dir='ltr' id='par_1_85' title="bbox 2195 4022 3755 4099">
     <span class='ocr_line' id='line_1_85' title="bbox 2195 4022 3755 4099; baseline -0.009 -17"><span class='ocrx_word' id='word_1_628' title='bbox 2195 4042 2357 4099; x_wconf 90' lang='lat' dir='ltr'><strong>atque</strong></span> <span class='ocrx_word' id='word_1_629' title='bbox 2384 4037 2630 4097; x_wconf 89' lang='lat' dir='ltr'><strong>potentes</strong></span> <span class='ocrx_word' id='word_1_630' title='bbox 2682 4025 2933 4088; x_wconf 86' lang='lat' dir='ltr'><strong>fuissent,</strong></span> <span class='ocrx_word' id='word_1_631' title='bbox 2971 4034 3175 4078; x_wconf 91' lang='lat' dir='ltr'><strong>tantum</strong></span> <span class='ocrx_word' id='word_1_632' title='bbox 3233 4038 3294 4077; x_wconf 90' lang='lat' dir='ltr'><strong>se</strong></span> <span class='ocrx_word' id='word_1_633' title='bbox 3323 4022 3755 4081; x_wconf 85' lang='lat' dir='ltr'><strong>humiliavernnt,</strong></span> 
     </span>
    </p>
   </div>
   <div class='ocr_carea' id='block_1_86' title="bbox 2194 4112 3759 4189">
    <p class='ocr_par' dir='ltr' id='par_1_86' title="bbox 2194 4112 3759 4189">
     <span class='ocr_line' id='line_1_86' title="bbox 2194 4112 3759 4189; baseline -0.01 -16"><span class='ocrx_word' id='word_1_634' title='bbox 2194 4132 2354 4189; x_wconf 90' lang='lat' dir='ltr'><strong>atque</strong></span> <span class='ocrx_word' id='word_1_635' title='bbox 2388 4118 2715 4183; x_wconf 72' lang='lat' dir='ltr'><strong>afﬂixerunt,</strong></span> <span class='ocrx_word' id='word_1_636' title='bbox 2751 4125 2803 4169; x_wconf 91' lang='lat' dir='ltr'><strong>ut</strong></span> <span class='ocrx_word' id='word_1_637' title='bbox 2853 4116 2906 4169; x_wconf 92' lang='lat' dir='ltr'><strong>in</strong></span> <span class='ocrx_word' id='word_1_638' title='bbox 2963 4115 3147 4169; x_wconf 86' lang='lat' dir='ltr'><strong>cinere</strong></span> <span class='ocrx_word' id='word_1_639' title='bbox 3184 4122 3239 4168; x_wconf 89' lang='lat' dir='ltr'><strong>et</strong></span> <span class='ocrx_word' id='word_1_640' title='bbox 3285 4113 3471 4168; x_wconf 90' lang='lat' dir='ltr'><strong>cilicio</strong></span> <span class='ocrx_word' id='word_1_641' title='bbox 3519 4112 3759 4165; x_wconf 87' lang='lat' dir='ltr'><strong>sederent</strong></span> 
     </span>
    </p>
   </div>
   <div class='ocr_carea' id='block_1_87' title="bbox 2194 4204 3756 4281">
    <p class='ocr_par' dir='ltr' id='par_1_87' title="bbox 2194 4204 3756 4281">
     <span class='ocr_line' id='line_1_87' title="bbox 2194 4204 3756 4281; baseline -0.012 -12"><span class='ocrx_word' id='word_1_642' title='bbox 2194 4221 2397 4281; x_wconf 88' lang='lat' dir='ltr'><strong>septem</strong></span> <span class='ocrx_word' id='word_1_643' title='bbox 2429 4211 2623 4264; x_wconf 89' lang='lat' dir='ltr'><strong>diebus</strong></span> <span class='ocrx_word' id='word_1_644' title='bbox 2653 4218 2871 4277; x_wconf 77' lang='lat' dir='ltr'><strong>prapter</strong></span> <span class='ocrx_word' id='word_1_645' title='bbox 2907 4206 3277 4261; x_wconf 89' lang='lat' dir='ltr'><strong>sinceritatem</strong></span> <span class='ocrx_word' id='word_1_646' title='bbox 3311 4221 3380 4260; x_wconf 91' lang='lat' dir='ltr'><strong>ac</strong></span> <span class='ocrx_word' id='word_1_647' title='bbox 3425 4204 3756 4259; x_wconf 86' lang='lat' dir='ltr'><strong>dilectionem</strong></span> 
     </span>
    </p>
   </div>
   <div class='ocr_carea' id='block_1_88' title="bbox 2194 4297 3759 4374">
    <p class='ocr_par' dir='ltr' id='par_1_88' title="bbox 2194 4297 3759 4374">
     <span class='ocr_line' id='line_1_88' title="bbox 2194 4297 3759 4374; baseline -0.007 -17"><span class='ocrx_word' id='word_1_648' title='bbox 2194 4320 2354 4374; x_wconf 90' lang='lat' dir='ltr'><strong>quam</strong></span> <span class='ocrx_word' id='word_1_649' title='bbox 2393 4303 2542 4357; x_wconf 88' lang='lat' dir='ltr'><strong>circa</strong></span> <span class='ocrx_word' id='word_1_650' title='bbox 2574 4301 2723 4354; x_wconf 90' lang='lat' dir='ltr'><strong>illum</strong></span> <span class='ocrx_word' id='word_1_651' title='bbox 2748 4299 3055 4352; x_wconf 87' lang='lat' dir='ltr'><strong>habuerunt</strong></span> <span class='ocrx_word' id='word_1_652' title='bbox 3075 4337 3090 4361; x_wconf 93' lang='lat'><strong>,</strong></span> <span class='ocrx_word' id='word_1_653' title='bbox 3119 4297 3264 4366; x_wconf 89' lang='lat' dir='ltr'><strong>quod</strong></span> <span class='ocrx_word' id='word_1_654' title='bbox 3308 4313 3474 4353; x_wconf 91' lang='lat' dir='ltr'><strong>nemo</strong></span> <span class='ocrx_word' id='word_1_655' title='bbox 3503 4313 3638 4350; x_wconf 91' lang='lat' dir='ltr'><strong>nunc</strong></span> <span class='ocrx_word' id='word_1_656' title='bbox 3666 4297 3759 4347; x_wconf 84' lang='lat' dir='ltr'><strong>ho—</strong></span> 
     </span>
    </p>
   </div>
   <div class='ocr_carea' id='block_1_89' title="bbox 2195 4390 3757 4459">
    <p class='ocr_par' dir='ltr' id='par_1_89' title="bbox 2195 4390 3757 4459">
     <span class='ocr_line' id='line_1_89' title="bbox 2195 4390 3757 4459; baseline -0.007 -10"><span class='ocrx_word' id='word_1_657' title='bbox 2195 4397 2400 4449; x_wconf 90' lang='lat' dir='ltr'><strong>minum</strong></span> <span class='ocrx_word' id='word_1_658' title='bbox 2450 4392 2603 4459; x_wconf 87' lang='lat' dir='ltr'><strong>facit,</strong></span> <span class='ocrx_word' id='word_1_659' title='bbox 2662 4405 2837 4459; x_wconf 90' lang='lat' dir='ltr'><strong>neque</strong></span> <span class='ocrx_word' id='word_1_660' title='bbox 2867 4390 3092 4455; x_wconf 85' lang='lat' dir='ltr'><strong>anticus,</strong></span> <span class='ocrx_word' id='word_1_661' title='bbox 3142 4405 3313 4457; x_wconf 91' lang='lat' dir='ltr'><strong>neque</strong></span> <span class='ocrx_word' id='word_1_662' title='bbox 3352 4390 3561 4452; x_wconf 90' lang='lat' dir='ltr'><strong>frater,</strong></span> <span class='ocrx_word' id='word_1_663' title='bbox 3596 4400 3757 4455; x_wconf 87' lang='lat' dir='ltr'><strong>neque</strong></span> 
     </span>
    </p>
   </div>
   <div class='ocr_carea' id='block_1_90' title="bbox 519 4480 3758 4553">
    <p class='ocr_par' dir='ltr' id='par_1_90' title="bbox 519 4480 3758 4553">
     <span class='ocr_line' id='line_1_90' title="bbox 519 4480 3758 4553; baseline -0 -22"><span class='ocrx_word' id='word_1_664' title='bbox 519 4480 775 4540; x_wconf 82' lang='lat' dir='ltr'><strong>tinnibus,</strong></span> <span class='ocrx_word' id='word_1_665' title='bbox 832 4480 960 4548; x_wconf 91' lang='lat' dir='ltr'><strong>quid</strong></span> <span class='ocrx_word' id='word_1_666' title='bbox 1012 4481 1459 4549; x_wconf 80' lang='lat' dir='ltr'><strong>exspectabimus,</strong></span> <span class='ocrx_word' id='word_1_667' title='bbox 1503 4483 1585 4537; x_wconf 92' lang='lat' dir='ltr'><strong>vel</strong></span> <span class='ocrx_word' id='word_1_668' title='bbox 1626 4483 1754 4553; x_wconf 91' lang='lat' dir='ltr'><strong>quid</strong></span> <span class='ocrx_word' id='word_1_669' title='bbox 1802 4484 2090 4539; x_wconf 83' lang='lat' dir='ltr'><strong>sustinebi-</strong></span> <span class='ocrx_word' id='word_1_670' title='bbox 2122 4496 2164 4553; x_wconf 85' lang='grc'><strong>[)</strong></span> <span class='ocrx_word' id='word_1_671' title='bbox 2196 4488 2356 4549; x_wconf 84' lang='lat' dir='ltr'><strong>filius,</strong></span> <span class='ocrx_word' id='word_1_672' title='bbox 2387 4494 2448 4539; x_wconf 92' lang='lat' dir='ltr'><strong>ut</strong></span> <span class='ocrx_word' id='word_1_673' title='bbox 2478 4481 2949 4551; x_wconf 82' lang='lat' dir='ltr'><strong>assideatjejunus</strong></span> <span class='ocrx_word' id='word_1_674' title='bbox 2976 4490 3069 4533; x_wconf 89' lang='lat' dir='ltr'><strong>ant</strong></span> <span class='ocrx_word' id='word_1_675' title='bbox 3120 4481 3236 4534; x_wconf 89' lang='lat' dir='ltr'><strong>sine</strong></span> <span class='ocrx_word' id='word_1_676' title='bbox 3265 4491 3397 4548; x_wconf 87' lang='lat' dir='ltr'><strong>potu</strong></span> <span class='ocrx_word' id='word_1_677' title='bbox 3426 4497 3530 4534; x_wconf 90' lang='lat' dir='ltr'><strong>una</strong></span> <span class='ocrx_word' id='word_1_678' title='bbox 3559 4480 3662 4543; x_wconf 89' lang='lat' dir='ltr'><strong>die,</strong></span> <span class='ocrx_word' id='word_1_679' title='bbox 3698 4495 3758 4531; x_wconf 91' lang='lat' dir='ltr'><strong>ne</strong></span> 
     </span>
    </p>
   </div>
   <div class='ocr_carea' id='block_1_91' title="bbox 524 4570 2086 4647">
    <p class='ocr_par' dir='ltr' id='par_1_91' title="bbox 524 4570 2086 4647">
     <span class='ocr_line' id='line_1_91' title="bbox 524 4570 2086 4647; baseline 0.003 -22"><span class='ocrx_word' id='word_1_680' title='bbox 524 4571 683 4626; x_wconf 87' lang='lat' dir='ltr'><strong>mus?</strong></span> <span class='ocrx_word' id='word_1_681' title='bbox 708 4570 834 4625; x_wconf 57' lang='lat' dir='ltr'><strong>Haec</strong></span> <span class='ocrx_word' id='word_1_682' title='bbox 866 4574 1215 4627; x_wconf 88' lang='lat' dir='ltr'><strong>recordantes</strong></span> <span class='ocrx_word' id='word_1_683' title='bbox 1244 4575 1444 4642; x_wconf 84' lang='lat' dir='ltr'><strong>poSteri</strong></span> <span class='ocrx_word' id='word_1_684' title='bbox 1474 4575 1730 4631; x_wconf 82' lang='lat' dir='ltr'><strong>dixerunt</strong></span> <span class='ocrx_word' id='word_1_685' title='bbox 1770 4594 1780 4628; x_wconf 93' lang='lat'>:</span> <span class='ocrx_word' id='word_1_686' title='bbox 1823 4578 1882 4632; x_wconf 84' lang='lat' dir='ltr'><strong>Si</strong></span> <span class='ocrx_word' id='word_1_687' title='bbox 1904 4576 2086 4647; x_wconf 76' lang='lat' dir='ltr'><strong>justus</strong></span> 
     </span>
    </p>
   </div>
   <div class='ocr_carea' id='block_1_92' title="bbox 517 4664 2087 4737">
    <p class='ocr_par' dir='ltr' id='par_1_92' title="bbox 517 4664 2087 4737">
     <span class='ocr_line' id='line_1_92' title="bbox 517 4664 2087 4737; baseline 0.003 -20"><span class='ocrx_word' id='word_1_688' title='bbox 517 4664 604 4717; x_wconf 84' lang='lat' dir='ltr'><strong>uia:</strong></span> <span class='ocrx_word' id='word_1_689' title='bbox 627 4664 916 4717; x_wconf 77' lang='lat' dir='ltr'><strong>salvabitur</strong></span> <span class='ocrx_word' id='word_1_690' title='bbox 937 4704 952 4729; x_wconf 91' lang='lat'><strong>,</strong></span> <span class='ocrx_word' id='word_1_691' title='bbox 977 4674 1220 4733; x_wconf 83' lang='lat' dir='ltr'><strong>peccator</strong></span> <span class='ocrx_word' id='word_1_692' title='bbox 1256 4677 1303 4721; x_wconf 87' lang='lat' dir='ltr'><strong>et</strong></span> <span class='ocrx_word' id='word_1_693' title='bbox 1327 4669 1518 4737; x_wconf 84' lang='lat' dir='ltr'><strong>impius</strong></span> <span class='ocrx_word' id='word_1_694' title='bbox 1549 4668 1635 4720; x_wconf 87' lang='lat' dir='ltr'><strong>ubi</strong></span> <span class='ocrx_word' id='word_1_695' title='bbox 1657 4670 1973 4736; x_wconf 81' lang='lat' dir='ltr'><strong>apparebunt</strong></span> <span class='ocrx_word' id='word_1_696' title='bbox 2004 4670 2087 4722; x_wconf 72' lang='grc' dir='ltr'><strong>’⁸θῖ</strong></span> 
     </span>
    </p>
   </div>
   <div class='ocr_carea' id='block_1_93' title="bbox 516 4755 2087 4829">
    <p class='ocr_par' dir='ltr' id='par_1_93' title="bbox 516 4755 2087 4829">
     <span class='ocr_line' id='line_1_93' title="bbox 516 4755 2087 4829; baseline 0.003 -21"><span class='ocrx_word' id='word_1_697' title='bbox 516 4755 785 4810; x_wconf 88' lang='lat' dir='ltr'><strong>Immensa</strong></span> <span class='ocrx_word' id='word_1_698' title='bbox 814 4771 944 4826; x_wconf 84' lang='lat' dir='ltr'><strong>ergo</strong></span> <span class='ocrx_word' id='word_1_699' title='bbox 976 4757 1191 4811; x_wconf 83' lang='lat' dir='ltr'><strong>tristitia</strong></span> <span class='ocrx_word' id='word_1_700' title='bbox 1225 4768 1387 4828; x_wconf 87' lang='lat' dir='ltr'><strong>atque</strong></span> <span class='ocrx_word' id='word_1_701' title='bbox 1426 4759 1580 4812; x_wconf 88' lang='lat' dir='ltr'><strong>dolor</strong></span> <span class='ocrx_word' id='word_1_702' title='bbox 1606 4760 1806 4825; x_wconf 90' lang='lat' dir='ltr'><strong>cordis,</strong></span> <span class='ocrx_word' id='word_1_703' title='bbox 1841 4775 1943 4812; x_wconf 93' lang='lat' dir='ltr'><strong>non</strong></span> <span class='ocrx_word' id='word_1_704' title='bbox 1967 4774 2087 4829; x_wconf 87' lang='lat' dir='ltr'><strong>per-</strong></span> 
     </span>
    </p>
   </div>
   <div class='ocr_carea' id='block_1_94' title="bbox 517 4848 2083 4919">
    <p class='ocr_par' dir='ltr' id='par_1_94' title="bbox 517 4848 2083 4919">
     <span class='ocr_line' id='line_1_94' title="bbox 517 4848 2083 4919; baseline 0.001 -19"><span class='ocrx_word' id='word_1_705' title='bbox 517 4848 665 4902; x_wconf 84' lang='lat' dir='ltr'><strong>misit</strong></span> <span class='ocrx_word' id='word_1_706' title='bbox 696 4863 790 4900; x_wconf 74' lang='lat' dir='ltr'><strong>eos</strong></span> <span class='ocrx_word' id='word_1_707' title='bbox 816 4850 1090 4903; x_wconf 85' lang='lat' dir='ltr'><strong>reminisci</strong></span> <span class='ocrx_word' id='word_1_708' title='bbox 1122 4865 1301 4918; x_wconf 88' lang='lat' dir='ltr'><strong>neque</strong></span> <span class='ocrx_word' id='word_1_709' title='bbox 1331 4852 1605 4915; x_wconf 88' lang='lat' dir='ltr'><strong>ciborum,</strong></span> <span class='ocrx_word' id='word_1_710' title='bbox 1636 4864 1809 4919; x_wconf 88' lang='lat' dir='ltr'><strong>neque</strong></span> <span class='ocrx_word' id='word_1_711' title='bbox 1841 4861 2083 4915; x_wconf 91' lang='lat' dir='ltr'><strong>potuum,</strong></span> 
     </span>
    </p>
   </div>
   <div class='ocr_carea' id='block_1_95' title="bbox 515 4940 2082 5012">
    <p class='ocr_par' dir='ltr' id='par_1_95' title="bbox 515 4940 2082 5012">
     <span class='ocr_line' id='line_1_95' title="bbox 515 4940 2082 5012; baseline 0.003 -20"><span class='ocrx_word' id='word_1_712' title='bbox 515 4953 689 5009; x_wconf 89' lang='lat' dir='ltr'><strong>neque</strong></span> <span class='ocrx_word' id='word_1_713' title='bbox 710 4940 912 5010; x_wconf 88' lang='lat' dir='ltr'><strong>aliquid</strong></span> <span class='ocrx_word' id='word_1_714' title='bbox 929 4942 1148 4995; x_wconf 87' lang='lat' dir='ltr'><strong>humani</strong></span> <span class='ocrx_word' id='word_1_715' title='bbox 1171 4944 1441 4996; x_wconf 84' lang='lat' dir='ltr'><strong>recordari</strong></span> <span class='ocrx_word' id='word_1_716' title='bbox 1462 4952 1769 5012; x_wconf 90' lang='lat' dir='ltr'><strong>potuerunt.</strong></span> <span class='ocrx_word' id='word_1_717' title='bbox 1791 4943 2082 5011; x_wconf 76' lang='lat' dir='ltr'><strong>Pt-Opterea</strong></span> 
     </span>
    </p>
   </div>
   <div class='ocr_carea' id='block_1_96' title="bbox 506 5021 2079 5101">
    <p class='ocr_par' dir='ltr' id='par_1_96' title="bbox 506 5021 2079 5101">
     <span class='ocr_line' id='line_1_96' title="bbox 506 5021 2079 5101; baseline 0.005 -20"><span class='ocrx_word' id='word_1_718' title='bbox 506 5021 701 5098; x_wconf 82' lang='lat' dir='ltr'><strong>jejuni,</strong></span> <span class='ocrx_word' id='word_1_719' title='bbox 726 5043 778 5085; x_wconf 92' lang='lat' dir='ltr'><strong>et</strong></span> <span class='ocrx_word' id='word_1_720' title='bbox 808 5032 925 5086; x_wconf 89' lang='lat' dir='ltr'><strong>sine</strong></span> <span class='ocrx_word' id='word_1_721' title='bbox 955 5045 1106 5101; x_wconf 89' lang='lat' dir='ltr'><strong>potu,</strong></span> <span class='ocrx_word' id='word_1_722' title='bbox 1139 5043 1193 5088; x_wconf 90' lang='lat' dir='ltr'><strong>et</strong></span> <span class='ocrx_word' id='word_1_723' title='bbox 1223 5032 1341 5087; x_wconf 91' lang='lat' dir='ltr'><strong>sine</strong></span> <span class='ocrx_word' id='word_1_724' title='bbox 1386 5048 1637 5088; x_wconf 88' lang='lat' dir='ltr'><strong>sermone</strong></span> <span class='ocrx_word' id='word_1_725' title='bbox 1680 5035 1998 5088; x_wconf 86' lang='lat' dir='ltr'><strong>assederunt</strong></span> <span class='ocrx_word' id='word_1_726' title='bbox 2031 5036 2079 5088; x_wconf 86' lang='lat' dir='ltr'><strong>ei</strong></span> 
     </span>
    </p>
   </div>
   <div class='ocr_carea' id='block_1_97' title="bbox 514 5116 2079 5192">
    <p class='ocr_par' dir='ltr' id='par_1_97' title="bbox 514 5116 2079 5192">
     <span class='ocr_line' id='line_1_97' title="bbox 514 5116 2079 5192; baseline 0.003 -18"><span class='ocrx_word' id='word_1_727' title='bbox 514 5132 716 5189; x_wconf 78' lang='lat' dir='ltr'><strong>septem</strong></span> <span class='ocrx_word' id='word_1_728' title='bbox 793 5122 984 5178; x_wconf 91' lang='lat' dir='ltr'><strong>diebus</strong></span> <span class='ocrx_word' id='word_1_729' title='bbox 1062 5134 1115 5178; x_wconf 91' lang='lat' dir='ltr'><strong>et</strong></span> <span class='ocrx_word' id='word_1_730' title='bbox 1187 5135 1391 5192; x_wconf 88' lang='lat' dir='ltr'><strong>septem</strong></span> <span class='ocrx_word' id='word_1_731' title='bbox 1466 5116 1736 5179; x_wconf 80' lang='lat' dir='ltr'><strong>nectibus.</strong></span> <span class='ocrx_word' id='word_1_732' title='bbox 1800 5126 2079 5190; x_wconf 83' lang='lat' dir='ltr'><strong>Quomodo</strong></span> 
     </span>
    </p>
   </div>
   <div class='ocr_carea' id='block_1_98' title="bbox 512 5214 2076 5285">
    <p class='ocr_par' dir='ltr' id='par_1_98' title="bbox 512 5214 2076 5285">
     <span class='ocr_line' id='line_1_98' title="bbox 512 5214 2076 5285; baseline 0.004 -21"><span class='ocrx_word' id='word_1_733' title='bbox 512 5214 732 5271; x_wconf 75' lang='lat' dir='ltr'><strong>omnino</strong></span> <span class='ocrx_word' id='word_1_734' title='bbox 778 5215 1047 5269; x_wconf 88' lang='lat' dir='ltr'><strong>reminisci</strong></span> <span class='ocrx_word' id='word_1_735' title='bbox 1091 5227 1339 5284; x_wconf 89' lang='lat' dir='ltr'><strong>poterant</strong></span> <span class='ocrx_word' id='word_1_736' title='bbox 1365 5215 1594 5285; x_wconf 82' lang='lat' dir='ltr'><strong>alicujus</strong></span> <span class='ocrx_word' id='word_1_737' title='bbox 1646 5218 1763 5280; x_wconf 89' lang='lat' dir='ltr'><strong>rei,</strong></span> <span class='ocrx_word' id='word_1_738' title='bbox 1791 5233 1913 5271; x_wconf 91' lang='lat' dir='ltr'><strong>cum</strong></span> <span class='ocrx_word' id='word_1_739' title='bbox 1970 5228 2076 5271; x_wconf 89' lang='lat' dir='ltr'><strong>tam</strong></span> 
     </span>
    </p>
   </div>
   <div class='ocr_carea' id='block_1_99' title="bbox 513 5308 2081 5381">
    <p class='ocr_par' dir='ltr' id='par_1_99' title="bbox 513 5308 2081 5381">
     <span class='ocr_line' id='line_1_99' title="bbox 513 5308 2081 5381; baseline 0.005 -24"><span class='ocrx_word' id='word_1_740' title='bbox 513 5316 710 5357; x_wconf 61' lang='lat' dir='ltr'><strong>satum</strong></span> <span class='ocrx_word' id='word_1_741' title='bbox 738 5318 896 5376; x_wconf 88' lang='lat' dir='ltr'><strong>atque</strong></span> <span class='ocrx_word' id='word_1_742' title='bbox 917 5308 1213 5363; x_wconf 89' lang='lat' dir='ltr'><strong>terribilem</strong></span> <span class='ocrx_word' id='word_1_743' title='bbox 1243 5309 1490 5363; x_wconf 85' lang='lat' dir='ltr'><strong>viderent</strong></span> <span class='ocrx_word' id='word_1_744' title='bbox 1512 5309 1721 5381; x_wconf 82' lang='lat' dir='ltr'><strong>plagam</strong></span> <span class='ocrx_word' id='word_1_745' title='bbox 1747 5311 1901 5365; x_wconf 92' lang='lat' dir='ltr'><strong>istius</strong></span> <span class='ocrx_word' id='word_1_746' title='bbox 1912 5310 2081 5378; x_wconf 85' lang='lat' dir='ltr'><strong>justi?</strong></span> 
     </span>
    </p>
   </div>
   <div class='ocr_carea' id='block_1_100' title="bbox 512 5396 2080 5473">
    <p class='ocr_par' dir='ltr' id='par_1_100' title="bbox 512 5396 2080 5473">
     <span class='ocr_line' id='line_1_100' title="bbox 512 5396 2080 5473; baseline 0.008 -28"><span class='ocrx_word' id='word_1_747' title='bbox 512 5396 793 5459; x_wconf 80' lang='lat' dir='ltr'><strong>Quomodo</strong></span> <span class='ocrx_word' id='word_1_748' title='bbox 838 5400 1088 5455; x_wconf 87' lang='lat' dir='ltr'><strong>videlicet</strong></span> <span class='ocrx_word' id='word_1_749' title='bbox 1142 5400 1415 5455; x_wconf 89' lang='lat' dir='ltr'><strong>consolari</strong></span> <span class='ocrx_word' id='word_1_750' title='bbox 1472 5402 1617 5455; x_wconf 90' lang='lat' dir='ltr'><strong>illum</strong></span> <span class='ocrx_word' id='word_1_751' title='bbox 1664 5413 1947 5473; x_wconf 86' lang='lat' dir='ltr'><strong>poterant,</strong></span> <span class='ocrx_word' id='word_1_752' title='bbox 1996 5405 2080 5458; x_wconf 86' lang='lat' dir='ltr'><strong>vel</strong></span> 
     </span>
    </p>
   </div>
   <div class='ocr_carea' id='block_1_101' title="bbox 510 5489 2082 5557">
    <p class='ocr_par' dir='ltr' id='par_1_101' title="bbox 510 5489 2082 5557">
     <span class='ocr_line' id='line_1_101' title="bbox 510 5489 2082 5557; baseline 0.006 -19"><span class='ocrx_word' id='word_1_753' title='bbox 510 5489 641 5557; x_wconf 87' lang='lat' dir='ltr'><strong>quid</strong></span> <span class='ocrx_word' id='word_1_754' title='bbox 676 5490 742 5541; x_wconf 87' lang='lat' dir='ltr'><strong>ad</strong></span> <span class='ocrx_word' id='word_1_755' title='bbox 771 5505 891 5543; x_wconf 89' lang='lat' dir='ltr'><strong>eum</strong></span> <span class='ocrx_word' id='word_1_756' title='bbox 925 5492 1224 5546; x_wconf 76' lang='lat' dir='ltr'><strong>dixissent?</strong></span> <span class='ocrx_word' id='word_1_757' title='bbox 1265 5492 1545 5547; x_wconf 81' lang='lat' dir='ltr'><strong>Iloccine?</strong></span> <span class='ocrx_word' id='word_1_758' title='bbox 1597 5492 1652 5548; x_wconf 91' lang='lat' dir='ltr'><strong>Si</strong></span> <span class='ocrx_word' id='word_1_759' title='bbox 1698 5510 1807 5547; x_wconf 92' lang='lat' dir='ltr'><strong>rem</strong></span> <span class='ocrx_word' id='word_1_760' title='bbox 1854 5496 2082 5548; x_wconf 83' lang='lat' dir='ltr'><strong>familia-</strong></span> 
     </span>
    </p>
   </div>
   <div class='ocr_carea' id='block_1_102' title="bbox 517 5579 2085 5651">
    <p class='ocr_par' dir='ltr' id='par_1_102' title="bbox 517 5579 2085 5651">
     <span class='ocr_line' id='line_1_102' title="bbox 517 5579 2085 5651; baseline 0.008 -20"><span class='ocrx_word' id='word_1_761' title='bbox 517 5587 628 5632; x_wconf 87' lang='lat' dir='ltr'><strong>rem</strong></span> <span class='ocrx_word' id='word_1_762' title='bbox 659 5579 883 5635; x_wconf 78' lang='lat' dir='ltr'><strong>amisisti</strong></span> <span class='ocrx_word' id='word_1_763' title='bbox 908 5622 922 5645; x_wconf 94' lang='lat'><strong>,</strong></span> <span class='ocrx_word' id='word_1_764' title='bbox 981 5585 1305 5651; x_wconf 88' lang='lat' dir='ltr'><strong>reparabunt</strong></span> <span class='ocrx_word' id='word_1_765' title='bbox 1348 5601 1465 5639; x_wconf 84' lang='lat' dir='ltr'><strong>eam</strong></span> <span class='ocrx_word' id='word_1_766' title='bbox 1511 5586 1605 5641; x_wconf 81' lang='lat' dir='ltr'><strong>tibi</strong></span> <span class='ocrx_word' id='word_1_767' title='bbox 1641 5587 1760 5641; x_wconf 84' lang='lat' dir='ltr'><strong>filii.</strong></span> <span class='ocrx_word' id='word_1_768' title='bbox 1792 5589 1870 5641; x_wconf 88' lang='lat' dir='ltr'><strong>An</strong></span> <span class='ocrx_word' id='word_1_769' title='bbox 1913 5588 2085 5643; x_wconf 86' lang='lat' dir='ltr'><strong>illud?</strong></span> 
     </span>
    </p>
   </div>
   <div class='ocr_carea' id='block_1_103' title="bbox 2187 4572 3758 4643">
    <p class='ocr_par' dir='ltr' id='par_1_103' title="bbox 2187 4572 3758 4643">
     <span class='ocr_line' id='line_1_103' title="bbox 2187 4572 3758 4643; baseline -0.006 -12"><span class='ocrx_word' id='word_1_770' title='bbox 2187 4577 2361 4631; x_wconf 88' lang='lat' dir='ltr'><strong>dicam</strong></span> <span class='ocrx_word' id='word_1_771' title='bbox 2433 4585 2637 4643; x_wconf 89' lang='lat' dir='ltr'><strong>septem</strong></span> <span class='ocrx_word' id='word_1_772' title='bbox 2672 4573 2867 4628; x_wconf 90' lang='lat' dir='ltr'><strong>diebus</strong></span> <span class='ocrx_word' id='word_1_773' title='bbox 2924 4583 2975 4626; x_wconf 90' lang='lat' dir='ltr'><strong>et</strong></span> <span class='ocrx_word' id='word_1_774' title='bbox 3042 4585 3246 4641; x_wconf 88' lang='lat' dir='ltr'><strong>septem</strong></span> <span class='ocrx_word' id='word_1_775' title='bbox 3309 4574 3582 4627; x_wconf 77' lang='lat' dir='ltr'><strong>noctibus.</strong></span> <span class='ocrx_word' id='word_1_776' title='bbox 3634 4572 3758 4636; x_wconf 73' lang='lat' dir='ltr'><strong>Qua:</strong></span> 
     </span>
    </p>
   </div>
   <div class='ocr_carea' id='block_1_104' title="bbox 2187 4663 3757 4731">
    <p class='ocr_par' dir='ltr' id='par_1_104' title="bbox 2187 4663 3757 4731">
     <span class='ocr_line' id='line_1_104' title="bbox 2187 4663 3757 4731; baseline -0.004 -9"><span class='ocrx_word' id='word_1_777' title='bbox 2187 4682 2366 4722; x_wconf 85' lang='lat' dir='ltr'><strong>autem</strong></span> <span class='ocrx_word' id='word_1_778' title='bbox 2399 4667 2618 4721; x_wconf 92' lang='lat' dir='ltr'><strong>fuerunt</strong></span> <span class='ocrx_word' id='word_1_779' title='bbox 2672 4665 2898 4719; x_wconf 91' lang='lat' dir='ltr'><strong>nomina</strong></span> <span class='ocrx_word' id='word_1_780' title='bbox 2948 4664 3143 4718; x_wconf 90' lang='lat' dir='ltr'><strong>horum</strong></span> <span class='ocrx_word' id='word_1_781' title='bbox 3186 4664 3473 4718; x_wconf 86' lang='lat' dir='ltr'><strong>virorum?</strong></span> <span class='ocrx_word' id='word_1_782' title='bbox 3503 4663 3757 4731; x_wconf 81' lang='lat' dir='ltr'><strong>Ilelipbaz</strong></span> 
     </span>
    </p>
   </div>
   <div class='ocr_carea' id='block_1_105' title="bbox 2186 4755 3753 4825">
    <p class='ocr_par' dir='ltr' id='par_1_105' title="bbox 2186 4755 3753 4825">
     <span class='ocr_line' id='line_1_105' title="bbox 2186 4755 3753 4825; baseline -0.004 -12"><span class='ocrx_word' id='word_1_783' title='bbox 2186 4758 2629 4813; x_wconf 89' lang='lat' dir='ltr'><strong>Themanitarum</strong></span> <span class='ocrx_word' id='word_1_784' title='bbox 2680 4759 2824 4823; x_wconf 75' lang='lat' dir='ltr'><strong>dux,</strong></span> <span class='ocrx_word' id='word_1_785' title='bbox 2879 4756 3102 4811; x_wconf 88' lang='lat' dir='ltr'><strong>Baldath</strong></span> <span class='ocrx_word' id='word_1_786' title='bbox 3149 4755 3429 4809; x_wconf 85' lang='lat' dir='ltr'><strong>Suitarum</strong></span> <span class='ocrx_word' id='word_1_787' title='bbox 3472 4769 3753 4825; x_wconf 77' lang='lat' dir='ltr'><strong>tyrannus,</strong></span> 
     </span>
    </p>
   </div>
   <div class='ocr_carea' id='block_1_106' title="bbox 2186 4848 3758 4919">
    <p class='ocr_par' dir='ltr' id='par_1_106' title="bbox 2186 4848 3758 4919">
     <span class='ocr_line' id='line_1_106' title="bbox 2186 4848 3758 4919; baseline -0.003 -14"><span class='ocrx_word' id='word_1_788' title='bbox 2186 4851 2397 4919; x_wconf 85' lang='lat' dir='ltr'><strong>Sephar</strong></span> <span class='ocrx_word' id='word_1_789' title='bbox 2453 4849 2817 4905; x_wconf 86' lang='lat' dir='ltr'><strong>Nomadarum</strong></span> <span class='ocrx_word' id='word_1_790' title='bbox 2881 4865 2998 4903; x_wconf 85' lang='lat' dir='ltr'><strong>rex.</strong></span> <span class='ocrx_word' id='word_1_791' title='bbox 3054 4848 3117 4902; x_wconf 84' lang='lat' dir='ltr'><strong>Et</strong></span> <span class='ocrx_word' id='word_1_792' title='bbox 3151 4864 3271 4916; x_wconf 71' lang='lat' dir='ltr'><strong>quae</strong></span> <span class='ocrx_word' id='word_1_793' title='bbox 3324 4848 3547 4901; x_wconf 88' lang='lat' dir='ltr'><strong>fuerunt</strong></span> <span class='ocrx_word' id='word_1_794' title='bbox 3578 4858 3758 4915; x_wconf 78' lang='lat' dir='ltr'><strong>gentes</strong></span> 
     </span>
    </p>
   </div>
   <div class='ocr_carea' id='block_1_107' title="bbox 2188 4940 3756 5012">
    <p class='ocr_par' dir='ltr' id='par_1_107' title="bbox 2188 4940 3756 5012">
     <span class='ocr_line' id='line_1_107' title="bbox 2188 4940 3756 5012; baseline -0.004 -15"><span class='ocrx_word' id='word_1_795' title='bbox 2188 4944 2383 5012; x_wconf 90' lang='lat' dir='ltr'><strong>quibus</strong></span> <span class='ocrx_word' id='word_1_796' title='bbox 2409 4944 2496 4996; x_wconf 84' lang='lat' dir='ltr'><strong>isti</strong></span> <span class='ocrx_word' id='word_1_797' title='bbox 2537 4943 2834 5011; x_wconf 86' lang='lat' dir='ltr'><strong>regnabant</strong></span> <span class='ocrx_word' id='word_1_798' title='bbox 2869 4952 3031 5009; x_wconf 89' lang='lat' dir='ltr'><strong>atque</strong></span> <span class='ocrx_word' id='word_1_799' title='bbox 3081 4941 3537 4995; x_wconf 88' lang='lat' dir='ltr'><strong>dominabantur?</strong></span> <span class='ocrx_word' id='word_1_800' title='bbox 3580 4940 3756 4994; x_wconf 84' lang='lat' dir='ltr'><strong>Genus</strong></span> 
     </span>
    </p>
   </div>
   <div class='ocr_carea' id='block_1_108' title="bbox 2190 5031 3754 5102">
    <p class='ocr_par' dir='ltr' id='par_1_108' title="bbox 2190 5031 3754 5102">
     <span class='ocr_line' id='line_1_108' title="bbox 2190 5031 3754 5102; baseline -0.004 -13"><span class='ocrx_word' id='word_1_801' title='bbox 2190 5038 2402 5090; x_wconf 87' lang='lat' dir='ltr'><strong>fuerunt</strong></span> <span class='ocrx_word' id='word_1_802' title='bbox 2437 5036 2577 5090; x_wconf 85' lang='lat' dir='ltr'><strong>Esau</strong></span> <span class='ocrx_word' id='word_1_803' title='bbox 2606 5036 2697 5087; x_wconf 88' lang='lat' dir='ltr'><strong>tilii</strong></span> <span class='ocrx_word' id='word_1_804' title='bbox 2727 5033 2876 5089; x_wconf 87' lang='lat' dir='ltr'><strong>Isaac</strong></span> <span class='ocrx_word' id='word_1_805' title='bbox 2908 5034 3090 5087; x_wconf 88' lang='lat' dir='ltr'><strong>fratris</strong></span> <span class='ocrx_word' id='word_1_806' title='bbox 3120 5031 3308 5096; x_wconf 84' lang='lat' dir='ltr'><strong>Jacob,</strong></span> <span class='ocrx_word' id='word_1_807' title='bbox 3342 5048 3535 5102; x_wconf 85' lang='lat' dir='ltr'><strong>genus,</strong></span> <span class='ocrx_word' id='word_1_808' title='bbox 3567 5033 3754 5092; x_wconf 88' lang='lat' dir='ltr'><strong>tribus,</strong></span> 
     </span>
    </p>
   </div>
   <div class='ocr_carea' id='block_1_109' title="bbox 2190 5122 3757 5200">
    <p class='ocr_par' dir='ltr' id='par_1_109' title="bbox 2190 5122 3757 5200">
     <span class='ocr_line' id='line_1_109' title="bbox 2190 5122 3757 5200; baseline -0.005 -17"><span class='ocrx_word' id='word_1_809' title='bbox 2190 5130 2490 5200; x_wconf 80' lang='lat' dir='ltr'><strong>progenies,</strong></span> <span class='ocrx_word' id='word_1_810' title='bbox 2526 5128 2845 5197; x_wconf 65' lang='lat' dir='ltr'><strong>provincias,</strong></span> <span class='ocrx_word' id='word_1_811' title='bbox 2906 5127 3170 5195; x_wconf 84' lang='lat' dir='ltr'><strong>regiones.</strong></span> <span class='ocrx_word' id='word_1_812' title='bbox 3217 5125 3347 5179; x_wconf 80' lang='lat' dir='ltr'><strong>Nam</strong></span> <span class='ocrx_word' id='word_1_813' title='bbox 3401 5125 3547 5179; x_wconf 82' lang='lat' dir='ltr'><strong>sicut</strong></span> <span class='ocrx_word' id='word_1_814' title='bbox 3593 5122 3757 5177; x_wconf 84' lang='lat' dir='ltr'><strong>Jucob</strong></span> 
     </span>
    </p>
   </div>
   <div class='ocr_carea' id='block_1_110' title="bbox 2189 5215 3755 5289">
    <p class='ocr_par' dir='ltr' id='par_1_110' title="bbox 2189 5215 3755 5289">
     <span class='ocr_line' id='line_1_110' title="bbox 2189 5215 3755 5289; baseline -0.004 -15"><span class='ocrx_word' id='word_1_815' title='bbox 2189 5221 2586 5274; x_wconf 89' lang='lat' dir='ltr'><strong>multitudinem</strong></span> <span class='ocrx_word' id='word_1_816' title='bbox 2649 5219 2834 5289; x_wconf 78' lang='lat' dir='ltr'><strong>genuit</strong></span> <span class='ocrx_word' id='word_1_817' title='bbox 2890 5218 3068 5287; x_wconf 84' lang='lat' dir='ltr'><strong>gentis</strong></span> <span class='ocrx_word' id='word_1_818' title='bbox 3141 5219 3501 5272; x_wconf 88' lang='lat' dir='ltr'><strong>Israelitarum</strong></span> <span class='ocrx_word' id='word_1_819' title='bbox 3555 5227 3610 5270; x_wconf 87' lang='lat' dir='ltr'><strong>et</strong></span> <span class='ocrx_word' id='word_1_820' title='bbox 3664 5215 3755 5269; x_wconf 83' lang='lat' dir='ltr'><strong>.Iu-</strong></span> 
     </span>
    </p>
   </div>
   <div class='ocr_carea' id='block_1_111' title="bbox 2188 5308 3751 5379">
    <p class='ocr_par' dir='ltr' id='par_1_111' title="bbox 2188 5308 3751 5379">
     <span class='ocr_line' id='line_1_111' title="bbox 2188 5308 3751 5379; baseline -0.007 -12"><span class='ocrx_word' id='word_1_821' title='bbox 2188 5314 2447 5375; x_wconf 71' lang='lat' dir='ltr'><strong>dtcorum,</strong></span> <span class='ocrx_word' id='word_1_822' title='bbox 2503 5315 2572 5365; x_wconf 90' lang='lat' dir='ltr'><strong>ita</strong></span> <span class='ocrx_word' id='word_1_823' title='bbox 2627 5312 2769 5365; x_wconf 79' lang='lat' dir='ltr'><strong>Esau</strong></span> <span class='ocrx_word' id='word_1_824' title='bbox 2814 5311 3222 5364; x_wconf 81' lang='lat' dir='ltr'><strong>multitudinem</strong></span> <span class='ocrx_word' id='word_1_825' title='bbox 3277 5309 3465 5379; x_wconf 80' lang='lat' dir='ltr'><strong>genuit</strong></span> <span class='ocrx_word' id='word_1_826' title='bbox 3519 5308 3751 5378; x_wconf 81' lang='lat' dir='ltr'><strong>gentium</strong></span> 
     </span>
    </p>
   </div>
   <div class='ocr_carea' id='block_1_112' title="bbox 2187 5402 3747 5476">
    <p class='ocr_par' dir='ltr' id='par_1_112' title="bbox 2187 5402 3747 5476">
     <span class='ocr_line' id='line_1_112' title="bbox 2187 5402 3747 5476; baseline -0.005 -17"><span class='ocrx_word' id='word_1_827' title='bbox 2187 5407 2277 5476; x_wconf 88' lang='lat' dir='ltr'><strong>qui</strong></span> <span class='ocrx_word' id='word_1_828' title='bbox 2314 5406 2721 5475; x_wconf 86' lang='lat' dir='ltr'><strong>appellabantur</strong></span> <span class='ocrx_word' id='word_1_829' title='bbox 2754 5404 2996 5459; x_wconf 62' lang='lat' dir='ltr'><strong>Idumaei.</strong></span> <span class='ocrx_word' id='word_1_830' title='bbox 3031 5404 3135 5459; x_wconf 85' lang='lat' dir='ltr'><strong>Sed</strong></span> <span class='ocrx_word' id='word_1_831' title='bbox 3162 5405 3214 5459; x_wconf 88' lang='lat' dir='ltr'><strong>itt</strong></span> <span class='ocrx_word' id='word_1_832' title='bbox 3246 5404 3405 5459; x_wconf 87' lang='lat' dir='ltr'><strong>Israel</strong></span> <span class='ocrx_word' id='word_1_833' title='bbox 3448 5405 3566 5458; x_wconf 88' lang='lat' dir='ltr'><strong>sive</strong></span> <span class='ocrx_word' id='word_1_834' title='bbox 3592 5402 3747 5469; x_wconf 78' lang='lat' dir='ltr'><strong>judex</strong></span> 
     </span>
    </p>
   </div>
   <div class='ocr_carea' id='block_1_113' title="bbox 2190 5493 3752 5562">
    <p class='ocr_par' dir='ltr' id='par_1_113' title="bbox 2190 5493 3752 5562">
     <span class='ocr_line' id='line_1_113' title="bbox 2190 5493 3752 5562; baseline -0.005 -14"><span class='ocrx_word' id='word_1_835' title='bbox 2190 5504 2309 5548; x_wconf 90' lang='lat' dir='ltr'><strong>erat</strong></span> <span class='ocrx_word' id='word_1_836' title='bbox 2340 5508 2497 5557; x_wconf 91' lang='lat' dir='ltr'><strong>unus,</strong></span> <span class='ocrx_word' id='word_1_837' title='bbox 2521 5494 2609 5562; x_wconf 89' lang='lat' dir='ltr'><strong>qui</strong></span> <span class='ocrx_word' id='word_1_838' title='bbox 2643 5503 2811 5547; x_wconf 90' lang='lat' dir='ltr'><strong>totum</strong></span> <span class='ocrx_word' id='word_1_839' title='bbox 2839 5493 3002 5548; x_wconf 86' lang='lat' dir='ltr'><strong>Israel</strong></span> <span class='ocrx_word' id='word_1_840' title='bbox 3026 5493 3325 5562; x_wconf 88' lang='lat' dir='ltr'><strong>judicabat,</strong></span> <span class='ocrx_word' id='word_1_841' title='bbox 3354 5494 3468 5548; x_wconf 88' lang='lat' dir='ltr'><strong>sive</strong></span> <span class='ocrx_word' id='word_1_842' title='bbox 3498 5508 3591 5546; x_wconf 80' lang='lat' dir='ltr'><strong>rex</strong></span> <span class='ocrx_word' id='word_1_843' title='bbox 3619 5505 3752 5543; x_wconf 88' lang='lat' dir='ltr'><strong>unus</strong></span> 
     </span>
    </p>
   </div>
   <div class='ocr_carea' id='block_1_114' title="bbox 2190 5583 3751 5659">
    <p class='ocr_par' dir='ltr' id='par_1_114' title="bbox 2190 5583 3751 5659">
     <span class='ocr_line' id='line_1_114' title="bbox 2190 5583 3751 5659; baseline -0.003 -19"><span class='ocrx_word' id='word_1_844' title='bbox 2190 5595 2327 5653; x_wconf 78' lang='lat' dir='ltr'><strong>erat,</strong></span> <span class='ocrx_word' id='word_1_845' title='bbox 2361 5588 2452 5656; x_wconf 84' lang='lat' dir='ltr'><strong>qui</strong></span> <span class='ocrx_word' id='word_1_846' title='bbox 2478 5587 2726 5642; x_wconf 88' lang='lat' dir='ltr'><strong>universo</strong></span> <span class='ocrx_word' id='word_1_847' title='bbox 2748 5586 2911 5643; x_wconf 86' lang='lat' dir='ltr'><strong>Israel</strong></span> <span class='ocrx_word' id='word_1_848' title='bbox 2937 5588 3268 5657; x_wconf 84' lang='lat' dir='ltr'><strong>imperabat,</strong></span> <span class='ocrx_word' id='word_1_849' title='bbox 3298 5587 3537 5659; x_wconf 87' lang='lat' dir='ltr'><strong>quandiu</strong></span> <span class='ocrx_word' id='word_1_850' title='bbox 3572 5583 3644 5638; x_wconf 90' lang='lat' dir='ltr'><strong>illi</strong></span> <span class='ocrx_word' id='word_1_851' title='bbox 3678 5598 3751 5637; x_wconf 83' lang='lat' dir='ltr'><strong>se-</strong></span> 
     </span>
    </p>
   </div>
   <div class='ocr_carea' id='block_1_115' title="bbox 584 5695 2100 5781">
    <p class='ocr_par' dir='ltr' id='par_1_115' title="bbox 584 5695 2100 5781">
     <span class='ocr_line' id='line_1_115' title="bbox 584 5695 2100 5781; baseline 0.007 -25"><span class='ocrx_word' id='word_1_852' title='bbox 584 5697 627 5733; x_wconf 77' lang='lat'>“</span> <span class='ocrx_word' id='word_1_853' title='bbox 661 5695 801 5757; x_wconf 82' lang='lat' dir='ltr'><strong>Psal.</strong></span> <span class='ocrx_word' id='word_1_854' title='bbox 857 5713 964 5771; x_wconf 65' lang='grc' dir='ltr'><strong>χιι,</strong></span> <span class='ocrx_word' id='word_1_855' title='bbox 1008 5703 1054 5757; x_wconf 69' lang='grc' dir='ltr'><strong>ι.</strong></span> <span class='ocrx_word' id='word_1_856' title='bbox 1112 5705 1155 5736; x_wconf 80' lang='grc'><strong>’⁸³</strong></span> <span class='ocrx_word' id='word_1_857' title='bbox 1187 5707 1324 5761; x_wconf 75' lang='lat' dir='ltr'><strong>I‘sttl.</strong></span> <span class='ocrx_word' id='word_1_858' title='bbox 1376 5724 1450 5774; x_wconf 84' lang='lat' dir='ltr'><strong>Cl,</strong></span> <span class='ocrx_word' id='word_1_859' title='bbox 1482 5708 1534 5762; x_wconf 83' lang='grc'><strong>5.</strong></span> <span class='ocrx_word' id='word_1_860' title='bbox 1610 5708 1656 5741; x_wconf 72' lang='grc'><strong>⁸⁸⁵</strong></span> <span class='ocrx_word' id='word_1_861' title='bbox 1693 5710 1833 5765; x_wconf 87' lang='lat' dir='ltr'><strong>Psal.</strong></span> <span class='ocrx_word' id='word_1_862' title='bbox 1871 5711 2100 5781; x_wconf 77' lang='lat' dir='ltr'><strong>t.xxrx,(</strong></span> 
     </span>
    </p>
   </div>
   <div class='ocr_carea' id='block_1_116' title="bbox 2203 5695 3146 5781">
    <p class='ocr_par' dir='ltr' id='par_1_116' title="bbox 2214 5710 3146 5776">
     <span class='ocr_line' id='line_1_116' title="bbox 2214 5710 3146 5776; baseline -0.003 -9"><span class='ocrx_word' id='word_1_863' title='bbox 2214 5712 2257 5742; x_wconf 74' lang='lat'><strong>“‘</strong></span> <span class='ocrx_word' id='word_1_864' title='bbox 2287 5710 2473 5776; x_wconf 84' lang='lat' dir='ltr'><strong>John,</strong></span> <span class='ocrx_word' id='word_1_865' title='bbox 2510 5712 2594 5766; x_wconf 77' lang='lat'><strong>15.</strong></span> <span class='ocrx_word' id='word_1_866' title='bbox 2673 5711 2717 5743; x_wconf 70' lang='grc'><strong>⁸⁸</strong></span> <span class='ocrx_word' id='word_1_867' title='bbox 2745 5711 2761 5764; x_wconf 95' lang='lat' dir='ltr'><strong>l</strong></span> <span class='ocrx_word' id='word_1_868' title='bbox 2788 5710 2929 5765; x_wconf 61' lang='lat' dir='ltr'><strong>t‘ctr.</strong></span> <span class='ocrx_word' id='word_1_869' title='bbox 2961 5726 3030 5775; x_wconf 86' lang='lat' dir='ltr'><strong>tv,</strong></span> <span class='ocrx_word' id='word_1_870' title='bbox 3062 5710 3146 5764; x_wconf 84' lang='grc'><strong>18.</strong></span> 
     </span>
    </p>
   </div>
  </div>
