3992 6312
200 344 307 402 ξοδ

1288 348 1669 410 ANOINYMUS
1706 350 1774 407 lN
1806 350 1945 409 JOB.
1985 384 2054 397 —
2084 351 2214 409 LIB.
2251 350 2343 409 ΠΙ.

3329 348 3434 406 506

197 466 425 520 cundum
463 467 752 524 consilium
798 468 893 524 Dei
938 469 1373 527 ambulaverunt.
1416 472 1473 526 In
1509 468 1757 527 ldumteis
1782 472 1831 529 Α
1856 484 2033 535 versa,
2078 469 2232 540 juxta
2260 470 2365 525 hoc
2395 469 2537 539 quod
2570 466 2775 523 dictum
2810 475 2898 523 est
2953 481 2972 524 :
3016 463 3086 518 In
3129 463 3262 518 escis
3315 463 3435 534 plu:

193 567 368 613 autem
407 558 537 627 (hoc
560 561 722 617 estin
751 576 947 633 genere
985 560 1150 635 Esau)
1190 563 1485 619 secundum
1529 575 1756 617 consue-

195 651 431 705 tudinem
462 652 704 707 omnium
729 654 966 723 gentium
998 670 1093 725 per
1126 655 1369 725 singulas
1407 654 1658 710 civitates
1703 661 1759 710 et

193 743 442 811 regiones
484 759 639 816 reges
674 743 912 806 luerunt.
947 757 1109 816 atque
1140 750 1308 803 duces
1328 747 1756 817 provinciarum,

188 846 239 889 et
269 836 469 906 singuli
510 838 561 889 in
606 837 824 907 regione
864 854 960 893 sua
999 840 1299 909 regnabant
1344 849 1503 909 atque
1531 840 1759 909 impera-

186 929 337 983 bant.
374 928 515 1000 Ergo
539 931 664 999 quia
696 947 835 985 nunc
858 932 1103 1001 proxime
1139 941 1257 986 erat
1291 933 1464 987 adhuc
1496 932 1756 988 memoria

185 1020 459 1075 Abraham
480 1061 497 1085 ,
538 1033 593 1075 et
621 1021 771 1077 Isaac
809 1023 1080 1093 justorum
1112 1024 1323 1078 illorum
1347 1064 1363 1090 ,
1388 1032 1443 1079 et
1483 1024 1608 1093 quia
1642 1024 1758 1094 ipse

185 1112 321 1168 l-Isau
360 1115 453 1170 Dei
494 1115 669 1169 cultor
696 1124 815 1170 erat
847 1132 861 1168 :
895 1131 1204 1185 quanquam
1234 1117 1379 1172 enim
1412 1117 1464 1171 in
1486 1116 1757 1172 nonnullis

182 1201 490 1266 violaverit,
546 1213 785 1260 attamen
843 1206 1093 1260 eamdem
1150 1206 1247 1261 Dei
1299 1206 1564 1261 culturam
1628 1207 1755 1262 ﬁliis

179 1294 290 1346 suis
323 1295 549 1349 tradidit
580 1311 593 1347 :
633 1297 826 1351 merito
855 1296 1099 1367 plerique
1126 1281 1482 1353 ldumaeorum
1518 1298 1756 1353 cultores

181 1380 270 1435 Dei
308 1380 565 1448 fuerunt,
604 1394 657 1438 et
698 1386 963 1455 aliquanti
991 1387 1147 1443 valde
1177 1388 1456 1458 religiosi,
1488 1389 1631 1443 sicut
1656 1388 1756 1445 Job

177 1470 256 1522 vel
283 1473 451 1526 amici
492 1472 607 1540 eius
634 1478 723 1545 qui
764 1486 1029 1531 venerunt
1066 1480 1131 1533 ad
1173 1494 1320 1534 eum.
1356 1478 1757 1551 Cognominata

178 1577 415 1633 namque
448 1575 576 1621 sunt
600 1568 843 1635 quaedam
878 1566 1232 1625 Idumaeorum
1261 1572 1506 1642 regiones
1533 1572 1754 1642 Arabia,

175 1654 224 1708 itt
254 1657 419 1724 cujus
450 1657 657 1712 Arabiae
691 1658 890 1714 ﬁnibus
917 1661 1164 1716 manebat
1193 1660 1314 1717 Job.
1350 1660 1483 1715 Nam
1518 1672 1572 1717 et
1626 1678 1758 1717 uxo-

176 1760 289 1799 rem
359 1748 428 1801 de
490 1747 689 1807 Arabia
748 1751 1000 1819 accepit,
1045 1762 1229 1821 utpote
1258 1751 1499 1821 ejusdem
1544 1752 1757 1823 generis

1863 562 2012 617 rimis
2054 560 2114 631 fit
2146 560 2429 629 inﬁrmitas
2465 560 2508 591 "’
2540 577 2555 615 :
2584 570 2711 615 tunc
2760 558 3014 612 nimirum
3065 556 3251 611 dicunt
3305 553 3435 608 insi—

1863 655 2095 723 pientcr,
2124 652 2267 722 quod
2291 650 2592 707 fascinatus
2622 652 2693 706 sit
2726 651 2970 721 quilibet.
3021 649 3247 716 Quando
3294 646 3436 718 jeju-

1864 761 2080 809 namus,
2116 745 2275 799 oviri
2305 786 2321 809 ,
2368 746 2703 800 abstinemus
2752 759 2853 798 nos
2900 755 2960 798 ut
3008 758 3111 798 non
3154 753 3434 814 gustemus

1863 853 2055 894 carnes
2086 854 2261 909 neque
2302 840 2487 893 vinum
2534 854 2707 909 neque
2745 838 3047 909 superﬁnas
3076 852 3263 901 escas,
3305 844 3433 889 tunc

1862 946 2031 1001 quare
2059 947 2167 987 non
2198 931 2574 987 fascinamur?
2607 932 2725 986 Mox
2759 943 2941 987 autem
2965 941 3024 985 ut
3054 945 3243 985 rursus
3277 944 3431 984 man-

1862 1024 2066 1078 ducare
2095 1034 2257 1093 atque
2288 1025 2475 1079 bibere
2501 1024 2865 1095 coeperimus,
2899 1025 3155 1078 continuo
3208 1032 3262 1077 et
3304 1036 3434 1076 ven-

1862 1115 1962 1169 tris
1990 1116 2283 1171 commotio
2319 1126 2482 1185 atque
2515 1116 2786 1170 viscerum
2824 1114 3166 1184 perturbatio
3206 1115 3284 1180 ﬁt,
3330 1114 3433 1168 nisi

1863 1205 1910 1262 is
1934 1207 2080 1261 solus
2110 1205 2378 1277 effugerit,
2415 1206 2507 1276 qui
2537 1207 2695 1261 valde
2745 1206 3067 1276 sibinietipsi
3118 1204 3433 1272 intenderit,

1863 1314 1933 1354 ne
1981 1308 2162 1369 gustet
2216 1300 2511 1370 quidquam
2556 1299 2909 1370 superﬂuum.
2973 1299 3067 1354 Sie
3114 1299 3296 1367 itaque
3329 1313 3434 1353 non

1860 1392 2253 1449 fascinationes
2298 1394 2592 1462 praevalent
2636 1393 2967 1462 quidquam,
3015 1392 3110 1446 sed
3158 1391 3437 1445 hominum

1865 1487 2275 1542 incontinentia.
2306 1485 2373 1540 Et
2412 1484 2663 1539 videlicet
2694 1487 2795 1540 hoc
2816 1500 3030 1548 verum,
3058 1498 3180 1538 eum
3209 1483 3439 1537 mandu-

1863 1593 2054 1635 camus
2096 1578 2178 1632 vel
2212 1578 2471 1640 bibimus,
2502 1575 2549 1631 si
2580 1575 2699 1629 ﬁdei
2756 1589 3023 1629 memores
3051 1574 3347 1639 fuerimus,
3389 1572 3435 1629 si

1866 1669 2104 1724 terribile
2135 1684 2328 1722 nomen
2350 1668 2465 1735 ejus
2494 1667 2934 1721 invocaverimus
2956 1705 2972 1729 ,
3002 1666 3047 1719 si
3073 1665 3438 1733 nosmetipsos

1866 1763 1949 1816 vel
1987 1762 2165 1816 cibum
2195 1772 2249 1815 et
2282 1770 2464 1830 potum
2494 1770 2737 1815 nostrum
2765 1759 2919 1827 signo
2953 1756 3284 1811 venerabilis
3310 1771 3437 1810 cru-

170 1838 575 1894 exsistentihtts
605 1841 870 1895 Arabitis.
900 1840 1013 1895 Nisi
1041 1844 1184 1896 enim
1222 1841 1381 1897 unius
1429 1843 1647 1912 generis
1670 1858 1754 1897 es-

1859 1856 1937 1908 cis
1982 1853 2184 1908 Christi
2236 1854 2764 1923 signiﬁcaverimus,
2800 1853 2843 1906 si
2906 1850 2975 1904 ad
3013 1850 3215 1905 coelum
3249 1850 3437 1904 oculos

168 1942 314 1994 sent,
351 1947 627 2001 nunquam
660 1931 761 1987 Job
795 1949 859 1987 ex
891 1933 1193 2004 alienigena
1240 1944 1399 2006 gente
1434 1949 1658 1989 uxorem
1696 1949 1756 1991 se

168 2023 424 2093 accipere
454 2038 646 2091 passus
673 2022 885 2080 fuisset.
919 2025 1075 2080 Nunc
1109 2040 1241 2081 sane
1286 2025 1449 2096 periit
1498 2024 1758 2082 ldutnteo-

166 2128 295 2165 rutn
333 2126 391 2168 et
419 2129 614 2169 nomen
639 2124 694 2168 et
725 2115 905 2186 lingua
927 2156 943 2182 ,
971 2126 1025 2170 et
1051 2130 1240 2170 omnes
1264 2116 1430 2171 Arabi
1471 2116 1755 2170 nominan-

165 2209 262 2254 tur
299 2212 467 2272 atque
503 2219 689 2259 omnes
740 2203 962 2275 Syriace
996 2206 1310 2276 loquuntur.
1370 2206 1523 2274 Quod
1575 2217 1757 2262 autem

158 2293 276 2349 Job
326 2311 392 2349 ex
429 2311 625 2364 genere
653 2296 815 2352 fuerit
849 2281 987 2351 Esau
1016 2310 1073 2353 et
1095 2314 1158 2352 ex
1196 2299 1337 2353 Esau
1382 2299 1532 2366 ﬁliis,
1566 2299 1757 2356 simili-

164 2389 256 2431 ter
322 2389 379 2434 et
410 2382 566 2435 amici
604 2382 721 2451 ejus
767 2383 856 2452 qui
910 2394 1176 2439 venerunt
1217 2385 1284 2437 ad
1321 2399 1472 2450 eum,
1517 2386 1754 2457 religiosi

167 2471 265 2525 Dei
298 2473 543 2529 cultores
582 2474 826 2537 fuerunt,
871 2485 1248 2531 verumtamen
1295 2492 1485 2533 omnes
1534 2477 1756 2533 fuerunt

164 2580 229 2618 ex
264 2579 472 2635 genere
512 2566 650 2621 Esau
674 2610 687 2629 ,
715 2567 957 2636 ejusdem
996 2569 1212 2639 generis
1239 2580 1398 2639 atque
1456 2568 1652 2638 lingua:
1698 2578 1756 2625 ut

164 2654 303 2718 Joh,
343 2656 547 2711 idcirco
594 2658 668 2712 illi
723 2658 1008 2714 unanimes
1050 2658 1272 2714 fuerunt
1318 2675 1383 2715 ae
1429 2660 1751 2717 concordes.

168 2748 438 2805 Similiter
488 2753 648 2805 etiam
686 2752 785 2806 illa:
821 2752 1109 2822 provinciae
1164 2768 1228 2808 ac
1258 2753 1525 2823 regiones,
1559 2754 1754 2822 quibus

168 2843 266 2913 ipsi
312 2847 617 2914 regnabant
672 2856 835 2915 atque
864 2846 1224 2916 imperabant,
1257 2846 1420 2900 etiam
1453 2846 1539 2901 hae
1565 2862 1755 2902 omnes

166 2948 377 3003 genere
410 2933 630 2989 fuerunt
666 2936 842 2999 Esau,
874 2947 930 2991 et
967 2937 1364 2992 eontribulibus
1404 2939 1517 2993 suis
1561 2953 1753 3009 regna-

165 3029 300 3083 bant
379 3040 544 3099 atque
595 3030 955 3099 imperabant.
1017 3030 1145 3087 Sive
1197 3031 1343 3085 enim
1392 3030 1750 3096 Themanitat,

167 3121 371 3188 quibus
410 3121 669 3192 Heliphaz
701 3122 979 3191 regnabat,
1013 3123 1128 3177 sive
1160 3120 1325 3176 Suitae
1353 3161 1368 3187 ,
1406 3122 1603 3191 quibus
1630 3122 1754 3176 Bal-

166 3210 298 3264 datli
358 3211 722 3280 principatum
777 3211 1023 3280 gerebat,
1075 3211 1192 3266 sive
1251 3210 1507 3265 Nomadae
1555 3212 1753 3281 quibus

167 3301 386 3370 Sophar
422 3303 743 3371 imperabat,
766 3317 956 3358 omnes
985 3318 1155 3373 genus
1186 3303 1323 3358 Esau
1378 3316 1541 3374 atque
1579 3304 1752 3360 tribu:

169 3394 416 3448 fuerunt.
447 3394 556 3449 lloc
585 3395 841 3448 nimirum
870 3394 1178 3449 ostenditur
1199 3411 1264 3450 ex
1306 3396 1447 3451 libro
1472 3395 1753 3465 Paralipo-

168 3500 369 3538 menon
407 3486 494 3537 ubi
527 3484 656 3539 dicit
696 3500 709 3536 :
762 3483 1025 3539 Venerunt
1065 3496 1238 3539 autem
1272 3501 1392 3538 cum
1424 3484 1531 3538 illis
1557 3494 1609 3539 et
1640 3483 1754 3539 No-

167 3577 343 3630 madw
396 3593 557 3646 genus
605 3576 771 3630 Esau.
827 3576 960 3631 Cum
995 3577 1067 3630 ita
1120 3591 1250 3645 ergo
1291 3577 1512 3646 gloriosi
1568 3586 1753 3632 essent

168 3671 266 3725 viri
308 3670 389 3724 illi
442 3684 619 3737 reges,
674 3684 736 3723 ac
795 3670 1110 3739 principes,
1144 3679 1305 3733 atque
1354 3670 1752 3739 provinciarqu

170 3764 361 3829 duces,
429 3763 747 3817 assederunt
804 3762 877 3816 illi
946 3773 1152 3831 septem
1202 3762 1396 3817 diebus
1450 3772 1505 3817 et
1548 3773 1751 3832 septem

172 3855 444 3909 noctibus.
510 3852 618 3908 Sed
684 3855 1004 3908 assederunt
1070 3862 1327 3922 tanquam
1384 3854 1623 3925 religiosi
1657 3852 1752 3908 Dei

172 3946 433 4011 cultores,
488 3962 591 3999 non
650 3954 956 4014 qumrentes
1012 3960 1191 4013 neque
1245 3945 1544 4010 maleﬁcia,
1578 3960 1754 4014 neque

174 4039 433 4109 auguria,
490 4053 666 4106 neque
710 4039 1116 4105 divinationes,
1172 4053 1349 4110 neque
1391 4039 1751 4111 pbylacteria,

175 4145 347 4199 neque
380 4128 661 4195 lamellas,
715 4144 892 4198 neque
936 4129 1339 4185 incantationes
1389 4129 1748 4185 daumabiles.

175 4222 325 4277 Scire
354 4236 589 4291 namque
612 4222 811 4277 debent
840 4222 1074 4292 religiosi
1106 4222 1227 4287 viri,
1262 4223 1388 4292 quia
1420 4224 1534 4277 haec
1569 4222 1753 4278 omnia

176 4313 374 4367 diaboli
401 4323 528 4368 sunt
560 4314 925 4378 seductiones,
954 4314 1259 4369 dzemonum
1293 4324 1421 4368 sunt
1450 4314 1751 4381 irrisiones,

177 4407 496 4463 idololatria:
538 4418 663 4463 sunt
686 4406 825 4475 faex,
878 4407 1179 4462 animarum
1222 4406 1545 4471 infatuatio,
1592 4418 1754 4476 atque

1858 1956 2080 2001 nostros
2131 1946 2371 2001 levantes
2428 1947 2673 2000 dicamus
2719 1962 2734 1998 :
2782 1943 2887 2009 Qui
2916 1944 3007 1996 dat
3061 1959 3233 1997 escam
3291 1942 3434 1995 omni

1857 2038 2007 2091 carni
2034 2037 2104 2102 ",
2149 2038 2241 2091 dat
2289 2038 2452 2091 etiam
2506 2037 2667 2093 nobis
2721 2050 2843 2091 cum
2886 2035 3259 2089 benedictione
3292 2033 3437 2087 hunc

1856 2130 2038 2185 cibum
2070 2146 2326 2196 sumere,
2378 2129 2421 2185 si
2471 2129 2769 2183 dixerimus
2815 2143 2939 2184 cum
3000 2127 3320 2183 sinceritate
3367 2127 3436 2180 ad

1857 2222 2147 2278 Dominum
2182 2234 2429 2279 nostrum
2478 2239 2491 2274 :
2536 2220 2616 2275 Tu
2659 2222 2869 2285 dixisti,
2914 2221 3159 2283 Domine,
3210 2220 3336 2287 quia
3389 2219 3435 2273 si

1856 2317 2060 2386 aliquid
2089 2317 2432 2372 mortiferum
2470 2316 2769 2370 biberimus
2806 2324 2957 2368 tuum
2996 2316 3309 2368 invocantes
3341 2326 3436 2365 no-

1856 2423 2000 2472 men,
2034 2423 2138 2462 non
2170 2409 2273 2462 erit
2305 2408 2459 2463 nobis
2489 2407 2771 2461 molestum
2805 2427 2818 2461 :
2860 2417 2914 2461 tu
2974 2408 3175 2474 itaque,
3215 2402 3438 2459 Domine

1854 2500 2070 2556 virtutis
2116 2510 2172 2555 et
2220 2500 2439 2570 gloriae,
2489 2509 2678 2555 averte
2742 2499 3039 2553 veneﬁcam
3095 2506 3148 2551 et
3194 2497 3434 2564 iniquam

1853 2592 2223 2661 operationem
2278 2607 2310 2647 a
2364 2592 2522 2646 nobis
2564 2591 2713 2647 etab
2741 2590 2993 2647 omnibus
3031 2589 3168 2645 cibis
3210 2587 3434 2643 nostris.

1854 2678 1969 2736 Nisi
2013 2680 2157 2735 enim
2191 2690 2278 2734 tua
2318 2680 2689 2736 misericordia
2714 2679 3141 2742 conservaverit,
3167 2677 3438 2748 quomodo

1855 2787 2141 2842 possumus
2162 2771 2401 2843 eﬁ'ugere
2434 2785 2580 2829 tanta
2624 2772 2863 2842 pericula
2898 2772 3143 2825 ciborum
3191 2786 3327 2825 sane
3371 2785 3437 2825 ac

1855 2877 2098 2936 potuum,
2131 2881 2255 2936 qua:
2294 2865 2609 2935 frequenter
2659 2865 2777 2934 plus
2830 2871 3026 2933 repunt
3076 2878 3138 2915 ac
3185 2870 3433 2930 serpunt,

1854 2972 2015 3025 quam
2040 2957 2283 3025 malignae
2313 2971 2377 3011 ac
2410 2969 2692 3009 venenosa:
2722 2953 2908 3007 bestiae
2939 2951 2963 3005 ?
2992 2950 3221 3018 Quidam
3249 2960 3432 3005 autem

1856 3046 2306 3102 sternutamentis
2356 3047 2535 3101 adhuc
2584 3045 2927 3110 observiunt,
2975 3056 3029 3099 et
3081 3042 3436 3098 invocationi-

1858 3139 1956 3193 bus
1987 3148 2154 3208 atque
2183 3138 2625 3193 revocationibus
2648 3177 2664 3202 ,
2690 3147 2745 3191 et
2774 3137 3095 3192 occursibus
3138 3145 3303 3205 atque
3341 3148 3436 3188 vo.

1857 3229 2064 3284 lucrum
2120 3230 2370 3295 vocibus,
2404 3245 2508 3284 non
2555 3230 2926 3297 intelligentes
2989 3228 3175 3283 miseri
3235 3238 3290 3281 et
3341 3240 3437 3297 spe

1855 3322 2013 3377 vacui
2047 3364 2064 3390 ,
2104 3323 2230 3391 quia
2259 3338 2289 3377 a
2325 3322 2551 3377 Domino
2584 3336 2803 3392 gressus
2839 3321 3079 3375 hominis
3104 3320 3433 3389 diriguntur,

1855 3429 2032 3485 neque
2058 3416 2301 3471 valentes
2327 3416 2508 3471 dicere
2537 3416 2603 3470 ad
2642 3416 2810 3469 Deum
2833 3428 2959 3469 cum
2986 3415 3196 3469 sanctis
3228 3430 3241 3465 :
3278 3412 3438 3466 Grea-

1855 3521 1945 3559 sus
1967 3522 2106 3560 meos
2130 3507 2300 3575 dirige
2338 3507 2623 3560 secundum
2653 3506 2918 3574 eloquium
2945 3515 3096 3557 tuum
3124 3543 3137 3568 ,
3170 3514 3218 3557 et
3251 3519 3312 3556 ne
3338 3504 3439 3554 ξιο-

1855 3598 2082 3651 minetur
2136 3598 2261 3650 mihi
2313 3597 2481 3651 omnis
2523 3597 2773 3666 iniquitas
2831 3597 2902 3650 ⁵³.
2956 3593 3089 3648 Nam
3122 3595 3168 3649 is
3195 3594 3287 3663 qui
3314 3608 3439 3646 cum

1857 3690 1963 3745 ﬁde
1992 3693 2058 3743 ad
2099 3690 2388 3746 Dominum
2418 3691 2533 3745 haec
2563 3691 2784 3755 dixerit,
2820 3689 3065 3759 implevit
3110 3688 3244 3743 illud
3298 3687 3442 3757 quod

1856 3781 2143 3836 dicendum
2181 3791 2267 3836 est
2291 3821 2306 3847 ,
2338 3781 2600 3836 Dominus
2631 3782 2734 3836 erit
2793 3782 2845 3835 in
2892 3781 3145 3837 omnibus
3177 3782 3280 3837 viis
3313 3783 3440 3850 tuis,

1855 3884 1910 3927 et
1932 3888 2151 3943 gressus
2179 3883 2301 3927 tuos
2331 3874 2385 3928 in
2415 3888 2552 3944 pace
2583 3874 2831 3929 deducet.
2864 3873 2965 3939 Qui
2993 3885 3172 3937 autem
3206 3876 3272 3928 ad
3304 3891 3443 3932 vana
3520 3932 3523 3935 γ

1856 3962 2189 4017 intenderint
2218 3964 2445 4033 auguria
2482 3978 2546 4017 ac
2570 3965 2835 4019 venelicia
2858 4004 2872 4029 ,
2906 3965 3270 4020 divinationes
3308 3981 3443 4035 quo—

1856 4069 1962 4126 que
2006 4070 2071 4112 ac
2127 4056 2464 4127 phylacteria
2532 4066 2696 4126 atque
2753 4058 3186 4125 incantationes,
3245 4060 3441 4114 horum

1858 4162 2077 4218 gressus
2104 4149 2596 4216 conturbabuntur,
2632 4151 2826 4205 horum
2862 4165 3026 4219 opera
3055 4151 3442 4220 impediuntur,

1857 4241 1924 4295 ab
1966 4240 2087 4296 iStis
2137 4240 2235 4296 Dei
2290 4242 2531 4297 visitatio
2587 4242 2815 4309 recedit,
2870 4242 3005 4297 istos
3052 4244 3226 4297 sancti
3266 4244 3442 4314 angeli

1853 4331 2251 4403 derelinquunt,
2275 4351 2396 4388 cum
2419 4336 2537 4390 istis
2562 4336 2814 4390 diabolus
2840 4344 3122 4405 permanet
3169 4334 3445 4390 infatttans

1856 4434 2065 4479 utentes
2113 4438 2323 4489 eorum,
2373 4428 2678 4482 obtundens
2733 4428 2899 4481 corda
2948 4426 3190 4487 illorum,
3222 4426 3444 4479 abstra-

176 4500 419 4555 eordium
469 4499 827 4556 scandalum:
866 4514 986 4569 qua:
1030 4515 1135 4555 non
1170 4499 1537 4569 intelligentes
1577 4501 1742 4570 pleri—

1859 4522 1991 4572 hens
2021 4533 2051 4570 a
2083 4518 2190 4571 Deo
2220 4533 2419 4573 sensus
2468 4532 2681 4573 eorum.
2728 4518 2803 4572 De
2855 4518 3233 4589 hujuscemodi
3283 4518 3444 4590 digne

178 4608 279 4663 que
309 4594 414 4648 hoc
441 4608 583 4647 nunc
615 4602 857 4663 tempore
883 4633 899 4660 ,
931 4607 1057 4647 mox
1112 4602 1170 4645 ut
1219 4593 1496 4662 quidpiam
1548 4593 1752 4662 aliquid

180 4684 568 4749 molestaverit,
596 4686 855 4740 continuo
911 4684 1311 4740 incantationes
1351 4694 1516 4754 atque
1558 4686 1751 4739 incan-

181 4786 382 4833 tatores
414 4778 721 4847 requirunt,
747 4777 934 4832 statim
957 4775 1298 4846 phylaeteria
1326 4776 1571 4846 alligant,
1605 4776 1754 4831 illico

181 4870 463 4924 maleﬁciis
493 4870 802 4935 intendunt,
835 4879 929 4923 aut
961 4868 1013 4923 itt
1040 4867 1229 4921 charta
1258 4868 1541 4931 scribunt,
1571 4880 1663 4921 aut
1700 4869 1753 4923 in

178 4972 370 5016 stanno
397 4970 494 5015 aut
524 4962 764 5030 plumbo,
796 4970 851 5015 et
884 4960 1109 5031 alligant
1157 4961 1207 5015 ei
1241 4961 1331 5030 qui
1387 4960 1627 5015 dolorem
1661 4974 1754 5015 su-

179 5055 447 5109 stinuerit.
482 5054 584 5107 Alii
634 5063 815 5108 autem
842 5054 1173 5124 serpentium
1200 5053 1623 5117 incantationes,
1652 5053 1757 5108 dte-

182 5163 395 5201 monum
448 5147 853 5216 persuasiones,
904 5157 1067 5217 atque
1102 5145 1197 5201 Dei
1247 5145 1614 5214 bIaSphemias
1667 5145 1753 5199 in-

179 5247 415 5292 cantaut.
443 5238 572 5292 Item
598 5251 726 5292 vero
751 5237 839 5291 alii
868 5236 1137 5293 fascinare
1170 5236 1446 5302 dicuntur,
1476 5237 1591 5292 sive
1613 5238 1755 5307 quod

180 5329 464 5395 lascinant,
486 5331 600 5385 sive
617 5331 761 5399 quod
782 5330 1133 5395 fasciuentur,
1153 5339 1209 5385 ct
1223 5329 1484 5385 daemonis
1501 5329 1757 5385 adiuven-

182 5424 345 5478 tiones
365 5431 514 5477 sunt.
543 5422 677 5476 Cum
715 5422 860 5476 enim
899 5422 1157 5477 inirunite
1190 5422 1651 5487 manducaverint,
1679 5423 1760 5477 vel

180 5514 433 5579 biberint,
455 5530 575 5568 cum
603 5515 717 5581 ipsa
738 5514 946 5569 viscera
975 5530 1080 5568 non
1109 5514 1419 5569 suﬁ'erentia
1450 5516 1758 5583 perturbata

182 5604 393 5674 iuerint,
412 5617 468 5661 el.
497 5608 548 5660 in
577 5606 815 5663 dolorem
839 5616 1001 5676 atque
1023 5605 1389 5663 inﬁrmitatem
1409 5606 1755 5662 iuerintcon-

244 5817 282 5850 ’⁵⁷
330 5816 494 5873 Eccli.
532 5829 741 5882 xum,
772 5812 860 5867 55.

1861 4607 2070 4663 dicetur
2107 4626 2121 4661 :
2155 4608 2200 4662 Ο
2228 4608 2470 4665 infelicia
2515 4609 2795 4663 hominum
2828 4611 3076 4675 consilia,
3114 4626 3147 4663 ο
3170 4623 3321 4663 vanae
3359 4619 3444 4662 at-

1860 4715 1966 4769 que
2016 4715 2364 4770 supervacua:
2410 4710 2755 4754 terrenorum
2809 4701 3211 4769 cogitationes,
3266 4700 3358 4769 qui
3410 4714 3444 4754 a

1862 4794 1972 4849 Deo
2014 4795 2272 4848 abstracti
2325 4804 2489 4863 atque
2525 4794 2867 4862 przevaricati
2897 4836 2912 4860 ,
2943 4795 3009 4849 de
3048 4794 3273 4847 ttiortuis
3296 4792 3441 4846 salu-

1863 4896 1970 4943 tem
2004 4895 2341 4956 exspectant,
2370 4887 2438 4940 ab
2485 4886 2802 4941 inanimatis
2844 4888 3133 4942 consilium
3174 4895 3443 4955 quaerunt,

1862 4988 2067 5036 etcum
2110 4977 2469 5033 idololatriam
2518 4977 2789 5032 declinare
2826 4979 3145 5041 videantur,
3176 4977 3443 5031 idolorum

1862 5070 2023 5126 l'aaces
2054 5080 2219 5139 atque
2263 5068 2519 5139 reliquias
2567 5069 2799 5124 adorare
2843 5078 3168 5131 noscuntur,
3217 5067 3444 5147 auguria

1865 5173 1921 5221 et
1947 5164 2340 5229 divinationes,
2374 5163 2775 5218 incantationes
2807 5176 3022 5232 quoque
3062 5176 3126 5215 ac
3180 5160 3443 5215 maleﬁcia

1865 5269 2029 5329 atque
2058 5259 2391 5329 phylacteria
2430 5276 2443 5312 :
2477 5267 2532 5312 et
2571 5260 2639 5313 ab
2670 5258 3060 5328 omnipotentis
3108 5272 3171 5311 ac
3204 5256 3443 5312 viventis

1868 5352 1961 5407 Dei
1988 5352 2360 5408 misericordia
2385 5367 2535 5422 spem
2559 5366 2716 5406 suam
2739 5360 3013 5413 avertunt,
3043 5361 3099 5405 et
3129 5350 3182 5405 in
3210 5351 3445 5406 mortuis

1868 5454 2032 5514 atque
2090 5444 2403 5501 inanimatis
2460 5453 2708 5514 sperant,
2756 5445 2811 5497 in
2867 5444 3217 5515 phylacteriis
3281 5452 3446 5512 atque

1868 5535 2082 5591 caeteris
2109 5538 2358 5605 superius
2388 5536 2649 5592 recitatis.
2683 5533 2834 5591 Mitte
2857 5550 2919 5590 ea
2954 5538 3003 5589 in
3036 5535 3212 5605 ignem
3253 5534 3299 5588 si
3348 5548 3445 5587 va-

1868 5627 2329 5699 leantsemctipsa
2354 5628 2628 5700 adjuvare,
2680 5629 2725 5684 si
2778 5628 2992 5684 valeant
3038 5624 3332 5696 semetipsa
3369 5621 3441 5679 d6

939 5813 983 5845 ⁸⁸
1015 5809 1157 5869 Psal.
1188 5828 1382 5880 cxxxv,
1410 5813 1501 5871 25.
1578 5814 1620 5846 δ’
1649 5812 1791 5871 Psal.
1817 5827 2006 5880 cxvttt,
2045 5810 2166 5867 155.
