3992 6312
527 347 634 404 5οΊ

1628 337 2003 394 ANONYMUS
2041 335 2107 390 ιΝ
2141 335 2278 392 JOB.
2321 369 2387 378 —
2421 335 2547 392 LIB.
2591 335 2678 392 ΙΙΙ.

3716 332 3816 388 508

531 463 654 534 igne
690 476 903 517 eruere.
947 461 1002 516 Si
1032 469 1209 515 autem
1245 473 1304 514 se
1349 457 1603 527 adjuvare
1634 473 1739 511 non
1771 465 2016 526 possunt,
2053 463 2104 508 te
2134 463 2180 519 Α
2210 456 2579 520 relinquamus
2617 462 2870 523 tanquam
2897 467 3119 523 pcenam
3150 450 3441 522 gehennae
3463 488 3478 513 ,
3514 447 3633 501 haec
3662 463 3817 503 exse-

530 555 763 626 qualiter
815 551 1361 620 adjuvabunt?Quod
1408 551 1453 604 si
1503 565 1563 605 se
1609 550 1674 604 de
1719 551 1975 619 igne'non
2006 563 2102 602 va-

533 646 645 701 lent
681 661 894 711 eruere,
927 661 959 700 ο
987 647 1169 708 homo,
1206 642 1441 712 qualiter
1481 651 1674 696 eruent
1707 651 1757 696 te
1780 641 1849 695 ab
1880 639 2108 694 infirmi-

534 735 689 790 tate?
724 737 819 790 Dic
844 778 857 799 ,
885 751 916 788 ο
940 736 1102 788 homo
1126 775 1140 798 ,
1172 732 1315 800 quod
1371 731 1824 785 medicamentum
1878 739 1963 786 est
1997 746 2107 787 me-

533 825 640 880 lius
669 842 808 895 pane
832 827 920 895 qui
959 824 1194 879 lmtiticat
1226 839 1322 878 cor
1341 822 1624 877 hominis?
1663 822 1767 877 Sed
1814 830 1868 876 et
1913 839 2105 893 panem

535 923 580 974 si
613 920 751 974 collo
782 918 1103 988 appenderis
1125 927 1180 970 et
1212 930 1315 969 non
1345 915 1731 978 momorderis,
1765 915 1848 968 vel
1877 917 2103 970 mandu-

536 1013 766 1075 caveris,
804 1011 936 1063 nihil
969 1010 1064 1063 tibi
1091 1008 1338 1076 prodest,
1370 1006 1504 1060 nihil
1557 1015 1607 1059 te
1651 1005 1823 1075 juvat.
1877 1007 1934 1059 Si
1979 1021 2109 1076 ergo

537 1102 692 1172 panis
737 1101 826 1170 qui
872 1110 957 1154 est
1006 1101 1248 1168 corporis
1292 1099 1426 1162 vita,
1488 1096 1627 1152 collo
1680 1112 1948 1166 appensus
1977 1098 2135 1171 nihil,

537 1194 775 1264 adjuvat,
803 1194 1074 1262 quomodo
1103 1189 1362 1256 adjuvent
1399 1187 1730 1257 phylacteria
1768 1185 1850 1242 vel
1893 1187 2110 1243 lamina

538 1287 847 1344 inanimata:
882 1296 1044 1354 atque
1075 1283 1238 1337 totius
1265 1283 1388 1336 vita:
1408 1281 1691 1335 exsortes?
1735 1279 1833 1336 Vel
1879 1281 2113 1349 qualiter

540 1377 801 1446 adjuvent
850 1373 1253 1428 incantationes
1321 1381 1376 1425 et
1437 1371 1695 1440 auguria,
1752 1370 2114 1426 divinationes

540 1481 754 1538 quoque
792 1475 952 1536 atque
1003 1463 1296 1529 malelicia,
1347 1477 1612 1518 occursus
1658 1462 2013 1519 nihilominus
2059 1471 2115 1519 et.

541 1560 856 1613 vocationes
882 1567 1046 1625 atque
1081 1555 1473 1619 revocationes,
1501 1570 1621 1624 quae
1649 1565 1772 1610 sunt
1802 1555 2105 1610 daemonum

543 1650 831 1704 servitutes
873 1655 928 1700 et
958 1649 1256 1699 (Immonum
1286 1645 1561 1701 illusiones
1604 1655 1764 1715 atque
1791 1646 2108 1702 idololatriae

545 1736 1020 1794 communicatio?
1052 1735 1233 1789 Infelix
1287 1750 1518 1804 namque
1563 1744 1647 1790 est
1688 1737 1778 1804 qui
1825 1736 1881 1790 in
1935 1746 2111 1792 statua

546 1829 839 1885 inauimata
868 1837 1070 1897 sperat,
1114 1827 1384 1881 infelicior
1425 1841 1552 1881 vero
1595 1828 1686 1896 qui
1740 1827 1794 1880 in
1843 1828 2118 1899 phylacte-
2149 1809 2193 1865 Β

547 1923 643 1978 riis
669 1921 896 1976 mortuis
919 1930 1119 1988 sperat.
1157 1919 1290 1972 Nam
1319 1920 1459 1973 sicut
1482 1919 1526 1973 is
1543 1919 1634 1988 qui
1660 1920 1819 1974 idolis
1848 1921 2114 1986 servierit,

549 2014 781 2068 intertici
826 2023 1128 2084 praeceptus
1161 2022 1244 2066 est
1299 2013 1350 2066 in
1404 2011 1518 2081 lege
1574 2011 1692 2076 Dei,
1747 2012 1820 2066 ita
1864 2012 2120 2068 similiter

470 2104 473 2105 ⁷
547 2107 726 2160 omnis
757 2108 1076 2169 iucantator,
1107 2113 1162 2158 et
1187 2119 1484 2173 auguralis,
1513 2117 1577 2157 ac
1605 2102 1874 2168 divinans,
1905 2113 1961 2158 et
1991 2119 2120 2158 ven-

551 2194 838 2264 triloquus,
874 2205 1035 2264 atque
1086 2194 1363 2248 volucrum
1409 2209 1569 2249 voces
1617 2195 1940 2258 observans,
1995 2209 2117 2249 cum

547 2288 798 2342 omnibus
834 2289 1042 2342 caeteris
1079 2287 1361 2343 maleﬁciis
1401 2288 1622 2342 interire
1669 2295 1835 2354 atque
1887 2287 2119 2341 interfici

551 2389 850 2447 prmceptus
876 2389 976 2432 est.
1003 2377 1129 2431 Post
1151 2392 1270 2446 qua:
1295 2377 1572 2442 universa,
1599 2375 1898 2430 inferorum
1918 2375 2120 2439 ira,at—

547 2485 656 2539 que
683 2479 1006 2524 tormentum
1041 2469 1322 2538 gehennae,
1360 2469 1623 2536 supplicia
1663 2481 1879 2536 quoque
1931 2467 2120 2522 aeterni

546 2563 758 2633 judicii,
803 2571 964 2631 atque
988 2560 1218 2614 ﬂammae
1257 2560 1396 2628 ignis
1432 2559 1888 2630 inexstinguibilis
1922 2573 2121 2628 exspe-

551 2661 707 2707 ctant
730 2667 917 2705 omnes
949 2650 1253 2718 hujusmodi
1302 2651 1354 2703 in
1399 2663 1637 2720 tempore
1680 2650 2120 2704 resurrectionis.

553 2743 660 2798 Sed
689 2743 900 2795 interim
924 2742 1126 2795 bonum
1156 2751 1240 2795 est
1261 2741 1598 2811 interrogare
1629 2742 1762 2798 istos
1785 2745 1875 2812 qui
1901 2743 2122 2812 auguria

552 2834 893 2898 observant,
922 2844 1086 2902 atque
1114 2833 1430 2888 occursibus
1477 2843 1571 2887 aut
1615 2834 1990 2888 vacationibus
2035 2842 2126 2888 aut

555 2925 988 2980 revocationibus
1015 2925 1321 2990 intendunt,
1350 2940 1467 2992 quae
1501 2925 1713 2994 augurii
1765 2935 1905 2979 meta
1943 2940 2124 2978 occur-

557 3015 628 3070 rit
663 3013 951 3081 Pharaoni,
981 3031 1104 3068 cum
1157 3014 1297 3070 ﬁlios
1347 3016 1513 3070 Israel
1563 3027 1800 3084 secutus,
1850 3019 2125 3071 demersus

556 3114 640 3158 est
667 3105 717 3158 in
742 3105 979 3159 Rubrum
1011 3121 1176 3165 mare.
1218 3115 1277 3159 ut
1315 3122 1410 3159 uec
1437 3107 1658 3162 nuntius
1680 3107 1948 3161 innumeri
1977 3122 2126 3160 exer-

558 3195 698 3249 citus
728 3193 1106 3264 Ailgyptiorum
1132 3197 1479 3263 superesset?
1501 3197 1632 3262 Quis
1669 3199 1877 3251 vocavit
1911 3195 2121 3250 Seuna-

559 3287 748 3341 cherib
783 3301 961 3356 regem
991 3287 1362 3358 Assyriorum,
1397 3287 1480 3342 vel
1515 3304 1632 3356 quae
1660 3289 1773 3343 avis
1798 3289 1995 3344 cecinit
2025 3288 2122 3355 illi,

559 3391 680 3431 cum
715 3393 744 3432 a
787 3376 969 3432 Judaea
1001 3378 1272 3447 profectus
1304 3379 1557 3433 omnibus
1604 3379 1704 3432 sub
1735 3394 1838 3432 uua
1871 3391 2027 3434 nocte
2056 3382 2124 3433 ad

559 3475 776 3522 centum
795 3468 1065 3538 octoginta
1085 3468 1322 3537 quinque
1348 3467 1512 3521 millia
1543 3468 1880 3522 exercituum
1905 3482 2124 3522 suorum

563 3557 805 3620 amissis,
835 3568 888 3611 et
920 3556 1178 3611 confusus
1209 3559 1275 3610 ad
1329 3559 1603 3628 regionem
1651 3573 1804 3612 suam
1856 3573 2125 3624 reversus,

560 3649 738 3718 gladio
773 3649 824 3702 in
856 3649 1018 3703 domo
1042 3648 1134 3703 Dei
1165 3650 1248 3704 sui
1293 3650 1568 3716 ceciderit,
1603 3660 1658 3705 et
1709 3665 1814 3705 non
1858 3652 2131 3720 potuerint

560 3755 682 3793 eum
703 3739 984 3806 adjuvare,
1010 3755 1184 3810 neque
1205 3741 1342 3796 idola
1359 3741 1497 3810 ejus,
1520 3756 1694 3811 neque
1713 3743 2126 3806 incantationes,

566 3847 735 3901 neque
780 3831 1073 3896 veneficia,
1129 3848 1303 3903 neque
1375 3834 1639 3904 auguria?
1709 3833 1971 3888 Similiter
2031 3849 2130 3888 nec

563 3920 902 3976 Pharaonem
939 3913 1111 3990 potuit
1163 3923 1455 3979 defendere
1503 3923 1789 3978 multitudo
1837 3924 2126 3989 idolorum,

567 4021 727 4080 atque
752 4013 989 4066 omnium
1019 4013 1303 4078 maleficia,
1340 4027 1395 4070 ct
1426 4015 1781 4085 plurimorum
1810 4016 2132 4071 incantatio-

568 4121 663 4162 nes
704 4123 822 4177 quae
852 4108 1069 4162 fuerunt
1107 4111 1162 4163 in
1195 4108 1433 4180 Egypto
1466 4125 1577 4180 prae
1618 4111 1832 4166 cmteris
1879 4112 2132 4167 onmibus

565 4199 837 4268 gentibus,
883 4200 1024 4254 sicut
1060 4199 1256 4254 dicitur
1297 4201 1528 4270 quodam
1575 4201 1629 4254 in
1665 4201 1783 4256 loco
1829 4199 2132 4255 :Fecerunt

567 4298 742 4345 autem
769 4294 1118 4344 incantatores
1158 4289 1528 4360 /Egyptiorum
1572 4290 1818 4344 similiter
1865 4285 2132 4361 maleficiis

568 4382 677 4434 suis
701 4382 767 4434 ⁸ο.
798 4382 902 4435 Sed
931 4397 1034 4435 non
1076 4381 1254 4435 timuit
1278 4380 1521 4434 Rubrum
1551 4395 1700 4434 mare
1732 4382 2133 4438 incantationes

2205 561 2419 600 cremur
2445 555 2626 614 utpote
2648 545 2959 600 societatem
2994 544 3353 599 daemonum.
3393 538 3608 594 Omnes
3642 551 3816 593 autem

2207 652 2400 692 causas
2428 646 2644 690 nostras
2679 635 2792 690 sive
2817 634 3085 699 dolorum,
3117 632 3250 688 sive
3302 629 3670 698 languorum,
3705 628 3818 684 sive

2207 743 2508 798 pinnarum,
2534 729 2648 782 sive
2671 726 3098 792 tribulationum,
3131 724 3260 778 sive
3299 721 3552 783 viarum,
3583 719 3698 772 sive
3731 721 3819 772 iti—

2208 835 2395 873 nerum
2417 858 2432 883 ,
2470 819 2582 872 sive
2603 817 3085 886 ingressuum,sive
3109 825 3460 884 egressuum
3493 820 3692 864 cuncta
3715 811 3817 866 Deo

2208 908 2663 972 commendemus,
2679 916 2873 960 cuncta
2889 904 2993 959 Deo
3006 903 3468 966 committamus,
3485 912 3547 954 ut
3564 900 3819 956 Dominus

2209 1000 2474 1055 custodiat
2489 1014 2674 1053 omnes
2698 1001 2968 1066 ingressus
2981 1005 3146 1066 atque
3169 996 3370 1049 exitus
3387 1003 3698 1060 nostros,ut
3719 994 3818 1048 Do-

2212 1095 2386 1150 minus
2404 1094 2658 1148 fiatnobis
2674 1103 2991 1162 cooperator
3024 1101 3078 1148 et
3111 1105 3342 1155 comes,
3365 1097 3537 1157 atque
3563 1087 3818 1160 suﬁ'raga-

2213 1195 2298 1242 tor
2329 1186 2380 1239 in
2402 1187 2545 1239 omni
2573 1194 2830 1255 tempore,
2867 1185 2989 1239 etin
3020 1183 3173 1238 omni
3208 1181 3364 1244 loco,
3397 1190 3461 1233 ut
3478 1179 3686 1248 angelis
3707 1183 3817 1235 suis

2214 1278 2427 1332 mandet
2453 1277 2518 1330 de
2547 1276 2699 1330 nobis
2734 1285 2786 1330 ut
2825 1275 3128 1330 custodiant
3173 1288 3282 1328 nos
3319 1273 3376 1326 in
3423 1271 3680 1326 omnibus
3718 1274 3815 1327 viis

2214 1368 2444 1434 nostris,
2473 1377 2532 1422 ut
2571 1382 2691 1421 cum
2742 1367 2943 1421 sanctis
2988 1363 3386 1420 eonnumerati
3426 1373 3817 1431 consequenter

2215 1459 2376 1514 etiam
2391 1474 2510 1512 cum
2530 1458 2658 1527 ipsis
2673 1458 2914 1512 dicamus
2939 1475 2953 1511 :
2981 1457 3102 1512 Sive
3133 1455 3394 1517 vivimus,
3414 1453 3525 1508 sive
3547 1454 3812 1512 morimur.

2216 1550 2430 1604 Domini
2460 1565 2638 1604 sumus
2671 1551 2738 1604 ⁵⁸.
2778 1547 2893 1604 Νοιι
2921 1562 3108 1603 sumus
3144 1547 3440 1602 idolorum
3461 1584 3478 1610 ,
3529 1559 3701 1613 neque
3734 1546 3816 1599 in-

2217 1644 2586 1698 cantationum
2605 1682 2623 1709 ,
2665 1656 2837 1712 neque
2867 1643 3231 1713 auguriorum
3254 1680 3271 1706 ,
3299 1654 3491 1710 neque
3529 1639 3812 1694 divinatio-

2221 1748 2345 1786 num
2365 1772 2380 1797 ,
2416 1747 2592 1803 neque
2611 1731 3005 1786 maleﬁciorum
3031 1771 3047 1795 ,
3081 1745 3274 1799 neque
3324 1729 3810 1800 phylacteriorum,

2219 1839 2393 1894 neque
2427 1825 2589 1880 ullius
2635 1826 2824 1879 horum
2865 1839 2985 1893 quae
3028 1831 3162 1877 situt
3215 1823 3474 1877 servitus
3517 1822 3810 1878 da’monum

2218 1924 2273 1970 et
2312 1915 2510 1970 diaboli
2547 1916 2890 1971 seductiones
2925 1935 2937 1971 :
2977 1917 3070 1970 sed
3103 1915 3338 1969 Domini
3365 1930 3583 1980 sumus,
3609 1916 3699 1985 qui
3732 1917 3811 1969 do-

2221 2008 2453 2062 minatur
2481 2009 2603 2061 vita-
2632 2018 2687 2062 et
2715 2009 2896 2072 morti,
2931 2009 3018 2077 qui
3055 2009 3229 2063 habet
3265 2017 3607 2077 potestatem
3636 2009 3810 2062 carnis

2219 2109 2273 2153 et
2300 2100 2543 2168 spiritus,
2576 2101 2627 2152 in
2653 2099 2805 2167 cujus
2831 2099 3078 2153 manibus
3101 2101 3375 2155 vivorum
3417 2099 3808 2167 spiramentum

2219 2201 2320 2246 est.
2352 2190 2443 2245 Sic
2491 2207 2722 2260 namque
2751 2200 2804 2245 et
2853 2192 2992 2245 beati
3053 2191 3126 2245 illi
3159 2192 3266 2244 viri
3328 2191 3424 2259 qui
3455 2200 3715 2245 venerunt
3746 2191 3805 2242 ad

2219 2281 2339 2349 Job,
2360 2283 2523 2348 idest,
2549 2283 2704 2336 amici
2729 2281 2867 2352 ejus,
2891 2297 3010 2337 cum
3032 2292 3221 2337 essent
3253 2282 3505 2352 religiosi
3537 2279 3627 2334 Dei
3645 2280 3807 2333 culto-

2223 2387 2333 2440 res,
2366 2389 2560 2429 omnes
2587 2375 2957 2429 exsecrabiles
2989 2377 3309 2429 daemonum
3348 2372 3699 2444 seductiones
3721 2371 3804 2425 de-

2221 2463 2506 2530 clinantes,
2545 2465 2866 2519 assederunt
2896 2464 2944 2518 ei
2987 2475 3204 2534 septem
3253 2464 3458 2520 diebus
3515 2472 3572 2515 et
3609 2471 3802 2530 septem

2224 2555 2494 2610 noctibus.
2523 2554 2784 2609 Maleficia
2810 2565 2864 2610 et
2889 2555 3265 2610 divinationes
3286 2571 3398 2610 non
3420 2552 3800 2622 requisieruut,

2224 2649 2325 2701 nisi
2385 2650 2452 2702 ad
2485 2649 2667 2702 solum
2701 2646 2869 2702 Deum
2903 2649 3112 2703 animas
3153 2664 3293 2704 suas
3329 2648 3676 2709 levaverunt,
3719 2658 3807 2711 pro

2224 2740 2499 2794 doloribus
2537 2739 2640 2795 Job
2673 2751 2994 2811 gemuerunt
3025 2751 3187 2810 atque
3235 2739 3684 2809 suspiraverunt.
3719 2735 3806 2791 Sc-

2224 2834 2418 2886 derunt
2445 2833 2586 2900 apud
2615 2849 2738 2886 eum
2773 2833 3038 2888 facientes
3075 2833 3196 2898 hoc,
3245 2831 3397 2901 quod
3444 2831 3498 2884 in
3540 2829 3803 2895 Scriptura

2222 2929 2345 2990 post
2382 2921 2488 2976 hoc
2517 2922 2772 2976 traditum
2802 2931 2886 2976 est
2908 2931 3033 2976 ante
3066 2920 3430 2991 Scripturam
3481 2918 3752 2988 implentes
3787 2933 3799 2968 :

2225 3011 2310 3065 Ne
2345 3013 2675 3083 denegaveris
2727 3023 2776 3067 te
2831 3013 3074 3078 ﬂentibus
3111 3014 3167 3066 in
3206 3013 3670 3073 consolationem;
3701 3019 3752 3063 et
3786 3029 3798 3060 :

2227 3101 2375 3158 Flete
2404 3121 2520 3158 cum
2554 3106 2888 3174 ﬂentibus”;
2914 3115 2969 3161 et
2997 3123 3012 3162 :
3041 3105 3239 3160 Melius
3279 3117 3360 3159 est
3400 3105 3482 3158 ire
3519 3105 3572 3156 in
3601 3101 3799 3154 domum

2225 3196 2396 3249 luctus
2413 3213 2568 3266 quam
2598 3198 2652 3250 in
2682 3197 2892 3250 domum
2916 3198 3230 3266 epulationis
3265 3198 3336 3251 ⁵⁸.
3359 3198 3634 3252 Sederunt
3667 3192 3796 3260 apud

2225 3302 2347 3342 eum
2382 3295 2619 3343 tacentes
2655 3302 2817 3357 super
2843 3289 3104 3343 immensa
3153 3288 3277 3356 ejus
3323 3287 3590 3358 patientia
3633 3300 3692 3338 ac
3729 3293 3798 3336 to-

2227 3377 2476 3444 lerantia,
2516 3388 2679 3449 atque
2724 3381 3053 3434 constantia.
3106 3379 3240 3434 Nam
3291 3395 3418 3436 cum
3470 3394 3500 3432 a
3531 3374 3792 3431 vermibus

2229 3486 2423 3526 carnes
2479 3487 2606 3526 suas
2667 3471 2915 3526 devorari
2961 3472 3206 3537 videret,
3263 3472 3514 3543 gaudens
3555 3465 3794 3524 sustinuit

2228 3566 2369 3633 apud
2393 3564 2741 3632 semetipsum
2770 3565 3087 3620 existimans
3111 3579 3174 3620 ac
3199 3565 3398 3621 dicens
3426 3580 3442 3617 :
3476 3563 3532 3617 Si
3558 3560 3794 3616 celeriter

2228 3669 2417 3709 omnes
2461 3670 2657 3710 carnes
2698 3670 2830 3709 meae
2867 3666 3200 3725 consumpta:
3263 3655 3506 3719 fuerint,
3558 3649 3793 3708 celeriter

2230 3743 2283 3797 in
2319 3745 2776 3815 incorruptionem
2830 3745 3162 3816 suscipietur
3191 3746 3426 3816 spiritus
3449 3785 3465 3811 ,
3499 3739 3789 3814 properabit

2231 3837 2298 3889 ad
2324 3834 2489 3890 Deum
2521 3837 2695 3890 anima
2722 3851 2840 3890 mea
2895 3839 3220 3906 quantocius
3259 3847 3466 3894 terram
3509 3847 3664 3890 terrae
3715 3847 3786 3885 re—

2231 3929 2502 3997 linquens,
2526 3939 2580 3982 et
2599 3942 2794 3998 corpus
2850 3929 2952 3984 hoc
2996 3939 3119 3983 ante
3166 3931 3486 4001 sepulcrum
3529 3930 3581 3982 in
3622 3935 3785 3979 escam

2231 4021 2508 4076 vermibus
2559 4022 2799 4076 tradens.
2848 4021 2976 4077 Sive
3023 4032 3147 4078 ante
3190 4033 3462 4088 mortem,
3529 4021 3639 4076 sive
3677 4022 3787 4084 post

2234 4122 2463 4166 mortem
2507 4127 2704 4182 corpus
2740 4113 2843 4168 hoc
2896 4117 3170 4171 vermibus
3203 4116 3256 4170 in
3293 4113 3677 4172 comestioitem
3710 4121 3784 4158 re-

2234 4205 2510 4274 linquetur
2543 4206 2684 4261 sicut
2715 4207 2845 4261 dicit
2873 4219 2989 4276 post
3035 4209 3148 4264 haec
3177 4226 3191 4262 :
3229 4209 3363 4263 Cum
3412 4217 3649 4262 mortuus
3677 4200 3785 4268 fue-

2237 4298 2302 4348 rit
2329 4297 2480 4350 Itomo
2520 4297 2684 4364 capiet
2735 4299 3092 4352 hwreditatem
3135 4300 3325 4353 bestias
3373 4309 3420 4352 et
3479 4293 3713 4361 νεριὲίὶαν
3739 4294 3783 4340 σε

2235 4402 2428 4440 rermes
2443 4387 2510 4440 ⁵⁸.
2536 4387 2670 4442 Cum
2709 4387 3015 4456 hujusmodi
3047 4389 3276 4459 plurima
3315 4390 3506 4444 beatus
3533 4384 3630 4440 Job
3658 4376 3783 4449 apud

569 4482 729 4541 atque
747 4473 1008 4528 maleficia
1043 4488 1250 4538 eorum,
1279 4482 1442 4541 atque
1473 4472 1750 4541 accipiens
1781 4474 1870 4528 Dei
1905 4475 2132 4530 manda-
2165 4506 2212 4562 υ
2237 4479 2586 4547 semetipsum
2661 4478 3010 4548 loqueretur,
3084 4491 3287 4549 septem
3351 4479 3539 4534 diebus
3614 4481 3782 4524 tacens

571 4577 682 4621 tum
733 4576 953 4620 cunctos
998 4565 1175 4620 subito
1224 4566 1486 4620 demersit
1531 4567 1582 4620 in
1615 4566 1957 4634 profundum.
1993 4566 2131 4634 Quid

571 4657 770 4728 profuit
813 4657 957 4711 Sauli
994 4657 1133 4726 quod
1183 4657 1426 4712 exiturus
1459 4659 1525 4712 ad
1564 4658 1805 4726 praelium
1841 4660 2072 4728 primum
2101 4675 2129 4712 a

571 4751 680 4805 Deo
709 4751 988 4803 discedens
1017 4749 1082 4802 ad
1109 4749 1318 4803 divinos
1345 4751 1625 4818 confugit,
1661 4760 1716 4805 et
1741 4750 2018 4805 mulierem
2069 4751 2134 4804 de

568 4851 763 4896 eventu
807 4841 1114 4908 loquentem
1160 4840 1431 4908 quassavit,
1495 4850 1550 4895 et
1592 4857 1714 4895 cum
1766 4841 1942 4895 adhuc
1984 4856 2131 4910 spem

571 4953 720 4992 suam
741 4944 1101 5002 converteret,
1131 4943 1186 4989 et
1205 4944 1568 5004 exspectaret,
1598 4950 1720 4989 cum
1751 4934 1938 4988 multis
1963 4935 2132 5004 proti-

571 5046 673 5083 nus
699 5030 906 5083 interiit
930 5029 975 5060 ’ί
1002 5029 1025 5081 ?
1054 5029 1232 5097 Atque
1261 5028 1533 5082 innumeri
1568 5028 1818 5082 similiter
1846 5028 1900 5081 in
1945 5027 2137 5081 incan-

575 5125 869 5185 tationibus
921 5134 979 5177 et
1027 5121 1267 5191 auguriis
1301 5132 1465 5188 atque
1508 5120 1792 5174 maleticiis
1832 5130 2137 5188 Sperantes,

573 5233 738 5286 super
774 5228 974 5272 terram
1007 5216 1210 5280 miseri,
1241 5231 1306 5270 ac
1335 5216 1452 5270 sine
1479 5229 1574 5282 spe
1598 5216 1726 5268 facti
1757 5225 1899 5276 sunt,
1922 5223 1978 5267 et
1999 5213 2138 5280 apud

579 5308 782 5360 inferos
813 5317 1074 5376 perpetuo
1105 5306 1300 5376 puniti,
1332 5305 1759 5360 miserabiliores
1792 5305 1843 5359 in
1874 5313 2136 5358 aeternum

579 5399 990 5466 permanebunt.
1033 5397 1156 5452 Haec
1197 5399 1376 5467 itaque
1417 5398 1662 5452 universa
1691 5398 2024 5453 declinemus
2050 5436 2064 5458 ,
2100 5411 2138 5463 go

577 5492 776 5559 amici;
811 5493 923 5547 haec
946 5494 1212 5562 fugiamus
1234 5501 1484 5560 tanquam
1518 5491 1782 5546 ﬂammam
1816 5491 1958 5561 ignis
1981 5531 1996 5557 ,
2027 5491 2140 5544 hate

650 5691 698 5724 '°
733 5693 898 5747 Exod.
930 5709 1020 5761 vtt,
1058 5694 1140 5749 ll.

1217 5696 1257 5727 ⁵¹
1294 5695 1468 5766 lllcg.
1491 5707 1680 5748 xxvm.

578 5764 625 5797 “
657 5761 760 5820 Job
787 5779 866 5831 Ill,
905 5766 952 5818 l.

1758 5693 1800 5723 "
1832 5691 1991 5748 Rom.
2018 5708 2134 5757 ιη’,
2166 5690 2215 5745 8.

2237 4571 2510 4624 sustinuit.
2541 4570 2740 4626 Eadem
2789 4572 3034 4627 videlicet
3079 4582 3376 4627 tractantes
3416 4579 3466 4625 et
3499 4564 3649 4620 amici
3677 4559 3780 4628 eius

2239 4662 2328 4731 qui
2352 4661 2417 4715 ad
2449 4676 2573 4716 eum
2622 4673 2906 4729 venerunt,
2934 4673 3217 4719 tacuerunt
3246 4667 3412 4718 etiam
3446 4661 3542 4731 ipsi
3568 4657 3702 4712 velut
3727 4651 3778 4704 in

2239 4764 2513 4824 stuporem
2549 4755 2789 4820 deducti,
2823 4771 2883 4810 os
2917 4757 3129 4825 aperire
3178 4771 3286 4810 non
3324 4755 3581 4813 valentes,
3620 4753 3780 4818 neque

2240 4845 2454 4900 initium
2488 4844 2776 4901 locutionis
2806 4846 3160 4901 invenientes.
3198 4846 3304 4901 Sed
3331 4846 3467 4900 ultra
3497 4855 3595 4896 non
3625 4831 3774 4890 susti-

2241 4937 2836 4992 nuitconstantissimus
2852 4936 3236 5006 illeJobipsam
3256 4937 3677 4993 taciturnitatem,
3693 4923 3775 4980 sed

2243 5033 2449 5101 primus
2485 5035 2650 5102 coepit
2676 5033 2843 5101 loqut,
2875 5043 3058 5103 utpme
3087 5036 3291 5104 primus
3321 5036 3372 5090 in
3395 5037 3502 5103 ipsa
3531 5026 3769 5100 passione.

2243 5131 2427 5191 utpote
2471 5123 2620 5178 solus
2662 5135 2934 5178 sustinens
2979 5126 3092 5193 ipsa
3124 5126 3342 5180 vulnera
3388 5134 3540 5192 atque
3565 5116 3770 5171 dolores.

2242 5210 2382 5266 Dicit
2401 5213 2543 5266 enim
2584 5231 2598 5266 :
2625 5213 2751 5265 Post
2780 5214 2890 5266 ltwc
2924 5216 3128 5282 aperuit
3165 5232 3220 5268 os
3247 5232 3396 5268 suum
3415 5214 3476 5264 ".
3507 5209 3624 5264 Post
3650 5202 3765 5256 haec.

2243 5302 2534 5371 Postquam
2565 5302 2884 5371 praecipuam
2910 5303 3052 5357 illam
3078 5306 3380 5373 passionem
3411 5296 3769 5361 trausiit,p051'

2245 5409 2403 5460 quam
2432 5394 2961 5449 vehementissimum
2990 5396 3226 5451 dolorem
3252 5395 3481 5456 sustulit,
3513 5391 3762 5459 pusillum“

2247 5485 2298 5538 in
2332 5485 2522 5540 validis
2555 5486 2840 5557 itnpetuosi
2877 5491 3193 5560 nequissimi
3232 5482 3649 5546 inundationibus
3675 5483 3765 5526 non

2294 5692 2337 5722 ⁵³
2368 5691 2522 5746 Rom.
2563 5708 2660 5759 xu,
2694 5694 2773 5748 15.
2851 5696 2895 5726 θλ
2928 5695 3101 5749 lit-cie.
3133 5710 3224 5758 vn,
3254 5694 3306 5747 5.
3383 5693 3425 5723 ⁸⁸
3447 5686 3536 5740 Job
3560 5693 3660 5738 nt.
3685 5669 3761 5742 26·
