3992 6312
266 368 366 425 509

1355 361 1741 421 ANONYMUS
1776 362 1840 418 IN
1882 361 2020 420 JOB.
2060 395 2129 405 —
2164 362 2295 419 LIB.
2338 362 2425 419 ll].

3416 372 3518 429 51$

261 498 342 546 est
369 486 713 551 submersus,
742 495 1024 558 postquam
1067 500 1165 556 pro
1191 486 1444 541 omnibus
1475 501 1595 556 quae
1626 486 1674 541 ei
1701 484 1837 541 acci-
1866 488 1913 548 Α
1940 484 2256 540 vulneribus
2301 483 2614 549 defecerim,
2653 490 2813 554 alque
2839 484 2891 540 in
2924 484 3199 541 doloribus
3226 489 3521 545 succubue-

260 582 449 635 derant
482 580 689 647 gratias
736 579 961 634 Domino
995 578 1138 649 egit,
1178 588 1340 648 atque
1376 594 1573 634 nomen
1626 578 1839 633 Domini

256 670 552 727 benedixit.
603 671 894 738 Postquam
945 669 1110 738 igitur
1160 684 1255 739 per
1308 678 1503 723 cuncta
1552 668 1837 724 victoriam

253 763 502 830 Sumpsit,
534 771 652 831 post
684 762 796 815 haec
822 759 1174 815 nihilominus
1198 761 1411 829 aperuit
1445 776 1507 815 os
1528 776 1684 815 suum
1714 776 1837 815 cum

252 853 464 920 fiducia,
484 869 608 907 cum
625 854 905 924 patientia.
928 853 1162 909 Posthac
1181 854 1392 922 aperuit
1412 868 1472 908 os
1497 868 1675 917 suum,
1691 861 1837 922 post-

246 961 403 1015 quam
434 947 698 1001 adversus
720 955 895 1001 tantos
913 946 1184 1001 dmmones
1206 960 1525 1015 congressus
1552 955 1633 999 est
1655 944 1800 1000 solus
1816 987 1829 1011 ,

245 1048 477 1106 quantos
513 1040 858 1093 sustinebant
888 1040 981 1109 qui
1038 1038 1274 1093 edebant
1307 1052 1500 1092 carnes
1526 1036 1661 1107 ejus.
1698 1035 1831 1091 Nam

241 1130 380 1185 sicut
424 1131 681 1201 superius
732 1132 785 1186 in
827 1132 1108 1200 praedones
1158 1128 1473 1197 aliquando,
1509 1128 1832 1198 quandoque

240 1208 418 1276 autem
454 1223 513 1277 in
550 1223 750 1293 ignem,
782 1237 1173 1291 nonnunquam
1204 1220 1254 1274 in
1284 1229 1505 1275 ventum
1546 1220 1831 1274 vertebant

237 1313 648 1383 senequissimi
677 1315 903 1383 spiritus
947 1331 961 1367 :
1000 1314 1080 1369 sic
1109 1321 1164 1366 et
1208 1328 1348 1367 nunc
1380 1313 1502 1367 istic
1548 1313 1599 1367 in
1650 1312 1830 1366 multi-

239 1404 488 1459 tudinem
512 1407 777 1461 vermium
821 1405 1301 1461 innumerabilium
1330 1421 1389 1460 se
1422 1413 1694 1459 vertentes
1726 1405 1827 1459 im-

235 1509 535 1563 parcenter
554 1500 885 1554 devorabant
919 1515 1115 1555 carnes
1142 1499 1263 1554 Job.
1282 1498 1415 1553 Nam
1442 1514 1564 1554 cum
1590 1499 1825 1553 animam

235 1604 341 1643 non
370 1590 625 1645 valerent
654 1601 893 1662 tangere,
918 1608 1129 1647 omnem
1155 1592 1498 1661 iniquitatem
1527 1600 1583 1646 et
1611 1607 1824 1647 omnem

235 1681 375 1736 iram
415 1700 572 1739 suam
606 1684 657 1736 in
683 1700 913 1753 corpore
948 1685 1077 1754 justi
1126 1684 1272 1739 illius
1317 1684 1681 1749 exercebant,
1712 1692 1830 1737 tan-

230 1784 346 1829 tum
379 1792 509 1831 eum
555 1776 852 1847 allligentes
889 1787 1152 1847 quantum
1195 1779 1499 1847 iniqttitatis
1531 1778 1818 1844 habebant,

227 1875 404 1935 atque
460 1882 719 1922 exercere
773 1869 1020 1936 permissi
1073 1868 1306 1925 fuerant.
1367 1871 1642 1924 Adversus
1692 1883 1821 1941 ergo

230 1963 426 2011 tantos
458 1957 733 2011 daemones
764 1958 1007 2012 certabat
1030 1957 1131 2013 Job
1156 1999 1172 2023 ,
1203 1970 1435 2027 quantos
1477 1976 1689 2015 vermes
1728 1962 1824 2016 ha-

224 2044 412 2102 bebat
446 2049 500 2102 in
546 2063 778 2117 corpore
834 2065 953 2105 suo.
990 2049 1123 2104 Nam
1170 2052 1440 2107 daemones
1487 2067 1582 2120 per
1613 2068 1823 2109 vermes

222 2141 606 2195 eomedehant
641 2150 805 2209 atque
838 2142 1189 2209 perforabant
1219 2159 1411 2198 carnes
1432 2144 1568 2213 ejus.
1606 2144 1682 2200 De
1713 2148 1823 2213 qui-

224 2233 620 2318 bus‘omnibus
646 2234 921 2288 victoriam
941 2251 1036 2303 per
1064 2236 1404 2292 tolerantiam
1432 2253 1669 2302 sumens,
1687 2250 1739 2293 et
1758 2241 1822 2294 de

222 2327 493 2380 omnibus
512 2342 761 2395 persuam
775 2328 1130 2381 constantiam
1154 2329 1518 2398 triumphator
1533 2332 1817 2395 exsistens,

221 2428 362 2486 post
401 2418 515 2472 haec
574 2420 825 2473 universa
856 2420 1069 2488 aperuit
1096 2435 1158 2475 os
1206 2436 1386 2475 suum.
1420 2421 1558 2487 Quid
1586 2423 1768 2478 dicens
1796 2424 1819 2477 ?

220 2508 455 2561 Certum
482 2519 567 2563 est
593 2509 719 2577 quia
764 2510 864 2563 hoc
906 2510 1045 2563 dixit
1078 2510 1219 2579 quod
1258 2518 1377 2580 post
1416 2512 1521 2565 hoc
1549 2514 1722 2566 sancti
1764 2514 1816 2567 in

224 2596 520 2666 Scriptura
568 2610 891 2666 posuerunt.
932 2598 1156 2668 Tempus
1206 2617 1267 2653 ac
1318 2611 1517 2669 tempus
1560 2605 1701 2656 omni
1744 2609 1816 2657 rei

221 2686 319 2739 sub
356 2686 490 2749 sale,
529 2699 731 2756 tempus
773 2688 1041 2758 loquendi,
1060 2700 1107 2742 et
1149 2700 1347 2759 tempus
1383 2694 1588 2745 tacendi
1612 2693 1680 2748 ⁵⁷.
1713 2692 1817 2747 Ta-

221 2777 464 2842 cuimus,
515 2778 710 2847 inquit,
741 2795 774 2832 o
802 2779 899 2833 viri
953 2797 1122 2850 usque
1165 2784 1231 2836 ad
1265 2795 1494 2853 tempus,
1534 2785 1816 2855 loquantur

222 2883 367 2921 nunc
405 2869 460 2922 in
501 2878 759 2936 tempore.
795 2869 917 2925 llaec
960 2872 1145 2941 itaque
1176 2874 1363 2928 dicens
1393 2875 1603 2944 aperuit
1635 2875 1734 2930 Job
1754 2894 1815 2932 os

219 2973 409 3013 suum.
436 2959 744 3025 Persarum,
766 2961 1035 3030 inquiens,
1074 2979 1135 3018 ac
1166 2963 1439 3019 Medorum
1467 2978 1626 3037 atque
1652 2967 1814 3022 Chal-

218 3050 467 3104 daeorum
509 3068 672 3123 regna
720 3063 774 3108 et
807 3065 1031 3125 gentes,
1074 3070 1263 3110 omnes
1301 3059 1504 3126 pariter
1547 3060 1719 3129 pusilli
1760 3071 1813 3115 et

1942 580 2066 643 rim,
2109 592 2177 631 ne
2219 592 2307 632 me
2339 584 2649 646 superatum
2687 576 2849 631 fuisse
2884 585 3072 645 putent
3107 588 3198 632 aut
3228 578 3514 645 defecisse,

1940 678 2035 725 aut
2064 669 2424 734 debilitatum,
2445 668 2540 723 sed
2569 668 2754 722 norint
2779 669 2904 738 quia
2933 670 3168 724 viriliter
3196 681 3283 725 sto
3324 671 3516 725 adver-

1938 776 2031 816 sus
2076 760 2367 829 nequitiam
2394 774 2605 824 eorum,
2642 769 2695 813 et
2731 774 2851 814 cum
2882 762 3075 815 liducia
3116 762 3341 831 loquens
3386 778 3515 816 con-

1938 863 2119 908 temno
2152 852 2383 907 malitias
2412 862 2575 917 atque
2614 853 2885 906 versutias
2924 853 3153 907 illorum.
3208 854 3311 907 Sed
3338 855 3514 908 adhuc

1934 946 2004 1001 ob
2033 948 2157 1008 hoc,
2184 946 2379 1015 inquit,
2409 954 2467 998 ut
2491 945 2900 999 advenientibus
2928 946 3117 999 amicis
3142 946 3275 1000 meis
3304 962 3365 1001 os
3386 961 3511 1015 ape-

1934 1038 2091 1102 riam,
2145 1048 2307 1109 atque
2355 1038 2605 1108 loquendi
2660 1038 2764 1091 illis
2802 1047 3011 1107 tempus
3060 1039 3361 1094 ostendam.
3395 1040 3507 1094 Nisi

1930 1130 2073 1185 enim
2100 1145 2198 1199 ego
2236 1145 2454 1201 coepero
2490 1129 2659 1197 loqui,
2708 1144 2986 1197 nunquam
3022 1130 3109 1184 isti
3148 1147 3208 1185 os
3248 1133 3509 1186 auderent

1932 1219 2146 1285 aperire
2189 1216 2688 1272 vehementioribus
2737 1217 3018 1273 doloribus
3055 1222 3351 1289 perterriti.
3401 1220 3509 1278 Pro

1933 1310 2014 1365 his
2055 1326 2183 1381 ergo
2230 1310 2484 1365 omnibus
2525 1318 2689 1379 atque
2723 1324 2822 1380 pro
2872 1311 3065 1365 horum
3107 1313 3346 1366 omnium
3380 1328 3509 1367 con-

1928 1401 2308 1466 summatione,
2337 1401 2550 1470 aperuit
2580 1415 2643 1455 os
2674 1417 2830 1456 suum
2851 1443 2865 1467 ,
2896 1413 2950 1456 et
2980 1402 3335 1456 maledicebat
3366 1404 3506 1458 diem

1928 1508 2103 1548 suum.
2135 1491 2259 1547 Haec
2286 1494 2570 1548 audientes
2611 1493 2828 1560 quidam
2869 1508 2932 1547 ex
2965 1493 3324 1557 vertihilihus,
3356 1503 3409 1548 et
3435 1494 3507 1548 in-

1926 1586 2248 1656 sipientibus
2292 1602 2357 1640 ac
2401 1586 2689 1655 imperitis,
2722 1602 2983 1640 accusare
3024 1597 3185 1654 atque
3217 1587 3508 1654 reprehen-

1926 1679 2053 1733 dere
2077 1678 2281 1748 justum
2328 1679 2475 1731 illum
2524 1677 2625 1734 Job
2686 1679 2799 1732 ausi
2848 1689 2994 1737 sunt.
3027 1680 3181 1745 quasi
3220 1680 3307 1747 qui
3340 1679 3503 1732 Deum

1925 1771 2405 1842 blasphemaverit,
2434 1782 2487 1825 et
2520 1773 2660 1826 diem
2702 1789 2857 1826 suum
2905 1773 3267 1826 maledixerit.
3300 1772 3505 1839 Quibus

1926 1862 2139 1916 duriter
2170 1862 2367 1915 restitit
2399 1863 2513 1930 ipse
2548 1863 2691 1917 Deus
2717 1864 2768 1917 in
2802 1864 2960 1917 linem
2995 1864 3151 1932 hujys
3185 1861 3501 1929 Scriptum,

1924 1970 2044 2008 cum
2070 1970 2314 2009 veracem
2347 1965 2597 2011 astruens
2632 1955 2732 2010 Joh
2757 1958 2884 2010 dicit
2912 1958 2975 2010 ad
3016 1956 3232 2024 Eliphaz
3266 1971 3276 2001 τ
3309 1953 3507 2010 Pecca-

1923 2048 1991 2102 sti
2018 2057 2073 2101 tu
2097 2049 2184 2117 qui
2220 2049 2284 2101 de
2336 2060 2553 2112 peccato
2599 2050 2868 2103 accusasti
2900 2047 3020 2114 Joh,
3068 2048 3168 2102 Joh
3217 2063 3345 2103 vero
3395 2064 3501 2104 non

1922 2141 2170 2207 peccavit
2208 2156 2221 2192 :
2264 2138 2502 2193 Peccasti
2551 2150 2607 2193 tu
2646 2151 2691 2193 et
2738 2142 2844 2194 duo
2889 2141 3045 2193 amici
3092 2142 3189 2194 tui.
3222 2140 3301 2195 ΘΙ)
3341 2156 3502 2209 quam

1926 2246 2036 2285 rem
2061 2231 2083 2284 ?
2106 2228 2185 2286 Oh
2215 2232 2336 2294 hoc,
2380 2232 2573 2299 inquit,
2593 2233 2715 2295 quia
2744 2249 2845 2285 non
2877 2230 3038 2284 locuti
3066 2234 3189 2285 estis
3219 2233 3504 2302 quidquam

1921 2322 2153 2375 veritatis
2178 2322 2229 2374 in
2250 2331 2531 2390 conspectu
2559 2339 2690 2381 meo.
2718 2324 2852 2375 sicut
2878 2322 3110 2389 famulus
3138 2340 3279 2376 meus
3317 2322 3414 2375 Job
3433 2321 3501 2376 ⁸⁸.

1921 2414 2090 2481 Quem
2140 2430 2270 2484 ergo
2307 2416 2420 2485 ipse
2459 2415 2598 2469 Deus
2639 2416 3176 2482 irreprehensibilem
3224 2418 3502 2470 confessus

1919 2517 2020 2570 est,
2054 2506 2311 2560 {amulum
2347 2523 2503 2561 suum
2538 2522 2663 2561 eum
2714 2508 3056 2577 appellando,
3088 2518 3141 2561 et
3184 2509 3284 2562 hoc
3310 2509 3361 2561 in
3398 2510 3503 2563 line

1920 2599 2087 2653 totius
2134 2598 2479 2662 tolerantiae,
2531 2600 2654 2665 quis
2702 2615 2868 2653 sanus
2905 2601 3183 2653 criminari
3246 2601 3442 2654 audeat
3480 2602 3504 2655 ἲ

1918 2688 2056 2754 Quis
2081 2688 2298 2756 sapiens
2338 2689 2741 2757 reprehendere
2769 2689 3116 2759 aggrediatur
3144 2690 3320 2756 ?Quis
3357 2691 3499 2744 enim

1917 2781 2193 2836 accusabit
2223 2781 2425 2836 electos
2460 2781 2550 2835 Dei
2589 2780 2843 2835 Hustum
2891 2783 3158 2847 maxitue,
3192 2797 3349 2851 quem
3383 2794 3501 2835 tan-

1920 2881 2028 2924 tum
2077 2870 2272 2937 elegit,
2314 2879 2369 2925 et
2410 2886 2467 2924 se
2520 2870 2746 2940 dignum
2795 2872 3122 2929 testilicatus
3170 2884 3287 2937 est,
3323 2874 3393 2926 ita
3444 2884 3500 2928 ut

1915 2963 2075 3017 etiam
2122 2964 2461 3018 sacerdotem
2518 2964 2667 3018 illum
2724 2963 3152 3034 delinquentium
3199 2966 3494 3019 amicorum

1915 3056 2293 3118 constitueret,
2325 3066 2379 3108 et
2428 3070 2524 3124 per
2556 3054 2703 3108 illmn
2742 3064 2960 3123 peccata
3003 3072 3187 3109 eorum
3234 3056 3338 3110 illis
3375 3073 3498 3125 pro-

218 3143 407 3211 magni
440 3159 563 3198 cum
592 3148 1031 3202 manducaverint
1054 3165 1156 3203 non
1183 3151 1491 3220 loqmmtur,
1514 3167 1634 3205 cum
1664 3153 1809 3207 bibe-
1840 3173 1881 3229 ς
1920 3145 2158 3199 "liuere!
2196 3147 2498 3200 remillel'e-
2543 3144 2756 3200 «iustum
2795 3161 2926 3214 ergo
2958 3148 3047 3214 qui
3087 3162 3115 3198 ιι
3151 3146 3258 3199 Deo
3301 3161 3498 3217 Purga-

218 3236 325 3289 rint
391 3252 497 3291 non
529 3239 986 3305 sermocinantur,
1022 3242 1313 3295 maximam
1341 3251 1519 3297 notam
1586 3245 1812 3300 irratio-

216 3328 530 3383 nabilitatis
571 3329 712 3386 hanc
760 3345 882 3386 esse
935 3333 1346 3399 existimantes,
1380 3337 1421 3389 si
1478 3338 1811 3393 manducans

212 3422 335 3489 quis
398 3421 694 3493 loquatur,
725 3426 808 3481 vel
853 3426 1044 3482 bibens
1094 3431 1463 3485 concionetur.
1503 3430 1710 3487 Idcirco
1756 3434 1808 3488 in

213 3512 357 3567 escis
389 3527 454 3568 ac
490 3515 706 3583 potibus
734 3532 797 3572 os
833 3533 937 3572 non
970 3506 1218 3589 aperiunt
1253 3522 1318 3575 ad
1350 3522 1696 3593 loquendum,
1717 3542 1810 3581 ne-

212 3620 312 3671 que
356 3605 456 3673 qui
500 3606 844 3674 ministrant,
888 3624 1061 3677 neque
1084 3611 1279 3677 quibus
1312 3612 1687 3679 ministratur,
1713 3616 1808 3671 sed

214 3697 444 3751 nutibus
494 3700 748 3754 omnibus
800 3701 1235 3757 ministrantibus
1285 3705 1626 3775 principium,
1670 3709 1806 3764 hanc

212 3789 669 3845 consuetudinem
696 3806 795 3859 pro
821 3793 1075 3846 mandato
1098 3810 1125 3847 a
1151 3796 1422 3863 prioribus
1454 3797 1800 3866 accipientes,

210 3890 261 3933 et
291 3879 451 3935 veiut
496 3880 668 3951 legem
711 3884 850 3937 hanc
882 3899 1003 3937 cum
1037 3885 1399 3941 sollicitudine
1426 3889 1801 3960 observantes,

210 3982 264 4024 et
290 3970 393 4041 qui
432 3972 575 4027 hanc
613 3971 897 4028 violaverit
942 3983 1199 4044 tanquam
1241 3979 1475 4033 maxima
1529 3989 1803 4051 transgre-

212 4063 370 4118 diens
390 4064 515 4133 jura
553 4076 857 4133 torquetur.
894 4064 951 4120 Si
992 4066 1191 4131 Persae,
1228 4069 1422 4141 inquit,
1454 4088 1517 4127 ac
1553 4072 1689 4129 Medi
1716 4083 1800 4128 at-

211 4170 315 4223 que
353 4170 550 4210 omnes
586 4155 819 4210 Chaldmi
842 4172 1175 4224 supervacue
1217 4162 1374 4214 istam
1403 4160 1693 4218 observant
1723 4173 1801 4219 ta-

212 4245 588 4299 citurnitatem
616 4285 631 4309 ,
679 4262 777 4302 nos
824 4261 971 4313 vero,
1011 4263 1044 4302 ο
1083 4249 1207 4315 viri,
1254 4250 1364 4317 ait,
1397 4261 1561 4307 totam
1597 4254 1799 4310 hebdo-

214 4340 429 4394 madam
476 4340 531 4393 in
589 4341 962 4397 taciturnitate
1004 4350 1167 4412 atque
1216 4342 1421 4413 jejunio
1473 4357 1796 4417 peragentes

214 4430 622 4485 rationabiliter
674 4448 817 4487 nunc
869 4434 1013 4505 loqui
1063 4435 1406 4505 incipiamus.
1467 4437 1685 4505 Aperuit
1738 4456 1794 4494 os

1917 3249 2002 3292 tus
2032 3239 2275 3308 est,quis
2291 3241 2486 3293 audeat
2517 3240 2920 3308 reprehendere
2942 3240 3026 3293 vel
3057 3255 3317 3294 accusare
3341 3241 3493 3311 quasi

1913 3329 2106 3385 illicite
2140 3331 2280 3385 diem
2329 3346 2485 3386 suum
2523 3330 2940 3385 maledicentem
2968 3331 2991 3382 Ὺ
3024 3330 3196 3398 Super
3230 3346 3348 3399 quae
3381 3347 3495 3385 om-

1913 3422 2023 3485 nia,
2054 3436 2087 3476 o
2115 3421 2236 3485 viri,
2271 3421 2314 3475 si
2359 3422 2429 3475 ob
2474 3422 2577 3476 hoc
2612 3422 3032 3491 reprehenditur
3062 3420 3182 3485 Job,
3221 3422 3304 3476 vel
3336 3440 3496 3478 accu-

1909 3521 2061 3565 satur
2093 3513 2238 3580 quod
2269 3512 2412 3565 diem
2459 3526 2617 3565 suum
2655 3510 3018 3573 :ualedlxerit,
3068 3512 3496 3580 reprehendatur

1911 3603 2114 3671 pariter
2158 3618 2282 3656 cum
2330 3602 2421 3656 illo
2454 3602 2540 3657 vel
2580 3611 2865 3656 accusetur
2929 3602 3305 3656 sanctissimus
3344 3602 3496 3657 Jere-

1908 3694 2046 3747 mias
2075 3694 2357 3763 pr0pheta.
2396 3692 2532 3747 Nam
2560 3693 2702 3748 sicut
2739 3692 2840 3747 Job
2874 3692 3151 3746 maledixit
3178 3694 3317 3748 diem
3358 3700 3495 3749 nati-

1908 3784 2089 3838 vitatis
2118 3799 2248 3848 suze,
2287 3786 2359 3838 ita
2399 3794 2454 3838 et
2493 3782 2765 3838 Jeremias
2809 3784 3084 3838 devotavit
3113 3784 3253 3837 diem
3302 3787 3501 3849 nativi-_

1907 3877 2036 3931 tatis
2079 3892 2191 3930 suae
2224 3876 2290 3942 ⁸ο,
2356 3886 2409 3931 et
2451 3876 2634 3931 omnia
2690 3886 3095 3946 consequenter
3131 3877 3382 3933 similiter
3438 3888 3493 3933 ut

1902 3965 2003 4021 Job
2042 3967 2249 4021 locutus
2293 3976 2375 4021 est
2411 3967 2477 4022 de
2515 3968 2601 4020 die
2634 3968 2954 4031 nativitatis,
2992 3976 3159 4037 atque
3187 3971 3253 4024 de
3280 3973 3493 4024 caeteris

1901 4062 2173 4116 oumibus.
2231 4059 2288 4115 Si
2342 4075 2474 4130 ergo
2528 4062 2875 4129 reprehendit
2923 4062 3065 4131 quis,
3102 4063 3181 4116 vel
3235 4072 3489 4126 accusat,

1903 4162 2163 4223 utrosque
2210 4152 2611 4225 reprehendere
2672 4153 2753 4207 vel
2792 4169 3052 4208 accusare
3083 4155 3260 4219 debet,
3309 4152 3361 4209 et
3391 4153 3491 4209 Job

1900 4258 1953 4302 et
1991 4246 2301 4312 Jeremiam,
2323 4257 2378 4301 et
2402 4248 2450 4304 si
2476 4250 2543 4303 de
2586 4248 2919 4316 blasphemia
2953 4258 3194 4311 accusat,
3226 4259 3486 4317 utrosque

1900 4340 2053 4397 debet
2086 4357 2368 4405 accusare,
2396 4352 2451 4395 et
2486 4338 2586 4395 Job
2614 4350 2669 4394 et
2703 4340 3018 4395 Jeremiam.
3059 4340 3296 4410 Uterque
3321 4342 3483 4404 enim,

1895 4442 1948 4484 et
1972 4428 2069 4485 Job
2108 4440 2161 4485 et
2197 4428 2485 4495 Jeremias,
2527 4429 2726 4484 similia
2771 4431 3049 4497 dixerunt,
3082 4430 3278 4485 similia
3314 4429 3483 4485 locuti

212 4539 366 4576 suum
395 4524 463 4577 ⁸⁸.
506 4523 683 4580 Persae
708 4564 723 4589 ,
765 4528 942 4597 inquit
972 4568 986 4591 ,
1012 4536 1173 4597 atque
1208 4528 1326 4583 aliae
1354 4544 1476 4599 quae
1522 4546 1644 4585 cum
1693 4532 1796 4588 illis
1830 4536 1873 4590 ι)
1904 4533 2050 4588 sunt,
2087 4526 2336 4579 eumdem
2377 4524 2520 4577 diem
2569 4524 2871 4578 nativitatis
2919 4540 3030 4578 sua:
3070 4525 3481 4589 maledixerunt,

213 4625 337 4670 sunt
371 4628 583 4685 gentes,
624 4634 747 4672 cum
782 4621 1229 4676 manducaverint
1262 4637 1368 4677 non
1397 4609 1711 4692 loquuntur,
1742 4638 1797 4681 et

213 4719 331 4757 cum
357 4705 597 4760 biberint
636 4724 741 4762 non
790 4709 1231 4765 sermocinamur
1264 4728 1277 4767 :
1308 4726 1407 4781 ego
1452 4727 1581 4768 vero
1612 4730 1642 4767 a
1667 4730 1793 4769 ver-

216 4796 392 4851 mibus
426 4808 699 4853 comestus
727 4807 889 4868 atque
919 4811 1292 4871 consumptus,
1321 4804 1613 4873 etsanguis
1641 4822 1793 4861 meus

216 4897 376 4958 atque
398 4890 631 4944 medulla
667 4906 789 4945 cum
815 4893 883 4946 ab
922 4892 1113 4947 iisdem
1156 4895 1433 4951 vermibus
1462 4896 1625 4952 fuerit
1652 4898 1794 4953 bibi-

217 4991 318 5047 tus,
356 4985 500 5039 tacui
534 4996 587 5040 et
611 5000 714 5040 non
738 5002 857 5040 sum
890 4987 1121 5043 locutus.
1151 4986 1305 5043 Nunc
1333 4998 1510 5044 autem
1537 4993 1796 5047 saturatis

215 5076 511 5141 vermibus,
560 5087 723 5146 atque
764 5078 871 5132 illis
895 5081 984 5148 qui
1021 5094 1108 5133 me
1149 5096 1242 5149 per
1284 5096 1495 5136 vermes
1520 5084 1709 5149 edunt,
1742 5085 1796 5140 id

215 5178 294 5221 est
318 5169 678 5234 daemonibus,
710 5185 852 5225 nunc
875 5172 985 5242 jam
1020 5171 1233 5243 loquar,
1260 5189 1404 5227 nunc
1433 5173 1543 5242 jam
1582 5191 1792 5231 sermo—

215 5260 379 5314 cincr.
409 5259 492 5315 Ob
520 5278 683 5331 quam
708 5278 819 5317 rem
847 5264 1102 5334 loqueris,
1130 5264 1212 5320 vel
1255 5267 1637 5323 sermocinaris
1664 5269 1686 5323 ?
1712 5268 1793 5325 Ob

219 5354 335 5415 hoc,
362 5352 562 5422 inquit,
591 5354 714 5421 quia
740 5354 1019 5424 impletum
1039 5367 1123 5409 est
1145 5366 1355 5426 tempus
1380 5359 1793 5417 taciturnitatis.

218 5441 281 5495 Et
316 5444 515 5511 adhuc,
542 5446 614 5500 ob
650 5462 812 5515 quam
852 5462 965 5501 rem
1010 5450 1321 5518 aggrederis
1368 5448 1537 5520 loqui,
1580 5469 1613 5507 υ
1643 5452 1741 5507 Job
1772 5454 1795 5507 ?

221 5534 297 5591 Ob
328 5537 452 5603 hoc,
500 5537 696 5607 inquit,
739 5553 808 5592 ne
835 5554 957 5592 cum
993 5537 1194 5609 jugiter
1239 5552 1392 5596 taceo
1414 5582 1427 5605 ,
1459 5544 1796 5598 arbitrentur

217 5623 488 5683 dzemones
534 5630 629 5697 qui
679 5628 967 5684 adversum
1005 5644 1088 5684 me
1135 5633 1531 5701 certant,quod
1564 5632 1617 5687 in
1660 5634 1793 5703 ipsis

283 5812 323 5841 ⁸⁷
359 5810 539 5865 Ecclc.
590 5826 672 5878 ιιι,
711 5808 829 5877 l,7.
909 5806 1077 5865 “Job
1141 5825 1221 5879 ιιι,
1264 5813 1310 5866 1.

1905 4626 2069 4684 atque
2097 4616 2510 4670 devotaverunt.
2559 4613 2664 4670 Sed
2698 4624 2752 4669 et
2781 4615 2883 4669 Job
2928 4616 3117 4672 beatus
3145 4618 3307 4671 estin
3349 4633 3482 4672 cono

1903 4717 2087 4776 spectu
2131 4707 2365 4770 Domini,
2402 4717 2458 4761 et
2498 4707 2764 4762 Jeremias
2806 4708 3073 4779 gloriosus
3099 4722 3180 4765 est
3219 4726 3339 4763 cum
3365 4726 3483 4763 san-

1899 4803 2024 4855 ctis.
2050 4800 2138 4854 Vae
2162 4810 2340 4854 autem
2374 4801 2457 4855 his
2488 4803 2578 4870 qui
2615 4810 2831 4855 sanctos
2854 4801 3367 4869 blasphemaverint,
3387 4804 3479 4870 qui

1896 4893 2105 4953 amicos
2146 4893 2237 4948 Dei
2276 4894 2675 4959 accusaverim,
2706 4896 2939 4950 maxime
2967 4910 3104 4964 quos
3139 4896 3300 4948 etiam
3339 4894 3482 4949 Deus

1894 4997 2016 5053 post
2069 4996 2299 5040 mortem
2349 4987 2609 5041 memoria
2648 4986 3059 5052 honorificavit,
3096 4987 3234 5041 sicut
3272 4984 3373 5041 Job
3416 4987 3481 5041 de

1895 5094 2003 5148 quo
2055 5080 2183 5134 dicit
2215 5098 2227 5133 :
2265 5077 2324 5133 Si
2366 5088 2543 5132 autem
2578 5080 2776 5133 steterit
2811 5077 2913 5131 Job
2944 5092 2991 5130 et
3045 5076 3159 5131 Noe
3199 5088 3246 5131 et
3291 5078 3481 5131 Daniel

1900 5172 1956 5225 in
2000 5183 2278 5241 conspectu
2323 5190 2435 5226 meo
2468 5173 2509 5203 ⁶¹
2543 5192 2554 5226 :
2589 5182 2681 5227 aut
2720 5172 2861 5227 sicut
2891 5170 3205 5235 Jeremiam,
3235 5186 3392 5241 quem
3429 5173 3479 5226 in

1900 5265 2010 5318 vita
2048 5265 2166 5334 plus
2219 5268 2472 5321 omnibus
2527 5268 2921 5336 magniﬁcans,
2956 5265 3088 5319 dicit
3136 5282 3149 5318 :
3188 5265 3479 5336 Antequam

1896 5356 2179 5426 formarem
2211 5368 2259 5411 te
2287 5359 2340 5411 in
2376 5369 2521 5412 utero
2553 5360 2669 5410 novi
2697 5366 2745 5410 te
2767 5398 2781 5420 ,
2808 5368 2851 5409 et
2897 5367 3174 5426 antequam
3216 5356 3384 5409 exires
3416 5359 3479 5410 de

1894 5449 2044 5505 vulva
2087 5449 2414 5517 sanctiﬁcavi
2457 5458 2525 5516 te,
2567 5460 2613 5501 et
2646 5449 2950 5517 piopltetam
2979 5448 3033 5501 in
3062 5450 3297 5519 gentibus
3325 5448 3475 5516 posui

1894 5554 1941 5598 te
1961 5543 2324 5612 ".Postquam
2348 5554 2527 5598 autem
2556 5543 3058 5614 irreprehensibiles
3084 5544 3245 5598 fuisse
3262 5554 3479 5598 sanctos

1893 5633 2250 5699 ostendimus,
2290 5650 2396 5688 non
2420 5650 2538 5698 nos,
2558 5634 2657 5688 sed
2685 5635 2851 5688 etiam
2885 5634 2998 5703 ipse
3023 5635 3183 5704 Deus,
3209 5632 3348 5689 beati
3378 5631 3478 5687 Joh

1435 5812 1603 5885 “{Job
1640 5816 1812 5881 stu,‘

1916 5816 1957 5846 ⁶⁰
1987 5814 2091 5872 Jcr.
2132 5832 2232 5883 xx,
2275 5816 2359 5872 l7.
2437 5816 2477 5847 ⁶¹
2510 5816 2705 5873 Ezech.
2756 5832 2876 5881 xw,
2906 5816 2988 5871 14.
3035 5816 3305 5896 θῆὼτυιιι.
3341 5832 3377 5882 ι,
3412 5834 3468 5869 ι),
