3992 6312
551 357 657 420 5M

1642 372 2026 429 ANONYMUS
2065 373 2130 428 ΙΝ
2169 373 2307 430 JOB.
2348 402 2416 414 ——
2453 372 2583 429 LlB.
2623 371 2709 428 Ill.

3669 387 3758 443 51%

551 499 869 541 sermonum
917 503 1428 560 commemoremur,
1456 498 1544 566 qui
1578 500 1713 553 bene
1740 516 1768 552 a
1822 513 2010 555 sancto
2039 500 2128 554 illo
2158 505 2203 558 Α
2230 512 2334 566 que
2362 497 2415 550 in
2438 495 2693 550 saeculum
2722 510 2978 550 numerus
3008 505 3327 567 supputatus
3345 508 3426 553 est
3446 515 3612 556 coram
3634 504 3760 564 Deo:

551 575 724 628 sancti
757 576 886 631 dicti
916 590 1063 648 sunt,
1099 583 1238 638 male
1267 594 1448 639 autem
1484 587 1550 641 ab
1581 588 1757 656 impiis
1790 589 1841 642 in
1875 590 2120 658 blasphe-

551 667 715 719 miam
746 669 886 723 versi
917 681 1086 726 sunt:
1126 674 1372 742 Aperuit,
1414 677 1606 747 inquit,
1641 678 1744 733 Job
1788 698 1845 736 os
1884 692 2122 744 autumet

548 757 894 814 maledicebat
928 762 1064 816 diem
1095 765 1384 822 nativitatis
1405 785 1514 823 sua:
1542 770 1606 823 ⁸³.
1637 769 1874 826 Primum
1906 773 2009 828 hoc
2031 775 2123 828 ad-

546 858 844 915 vertamus,
875 866 907 905 ο
933 852 1031 906 viri
1061 853 1239 921 periti,
1275 859 1417 925 quod
1449 859 1669 925 dicitur,
1699 859 1800 915 Job
1824 879 1976 918 suum
2003 879 2121 918 ma-

546 936 814 994 ledicebat
843 956 946 994 non
970 942 1108 996 diem
1135 943 1248 1010 Dei,
1278 962 1383 1002 non
1411 949 1734 1005 conditionis
1763 967 1936 1024 neque
1968 969 2120 1009 crea-

546 1039 680 1084 tura:
725 1032 836 1097 Dei,
882 1035 975 1089 sed
1003 1034 1144 1090 diem
1184 1053 1362 1092 suum.
1395 1040 1562 1108 Quem
1605 1043 1746 1097 diem
1777 1060 1932 1100 suum
1961 1046 1985 1100 ?
2019 1047 2118 1114 Qui

544 1136 652 1176 non
708 1123 838 1189 fuit,
872 1141 1031 1194 quem
1075 1144 1181 1181 non
1241 1130 1463 1197 habuit,
1508 1150 1665 1202 quem
1709 1154 1813 1191 non
1860 1141 2116 1208 possedit.

543 1210 712 1276 Quem
737 1229 867 1283 ergo
896 1231 1001 1270 non
1031 1217 1242 1285 habuit,
1269 1235 1445 1291 neque
1480 1227 1740 1294 possedit,
1763 1243 1937 1298 neque
1965 1231 2116 1298 vidit,

540 1318 715 1372 neque
738 1305 791 1360 in
817 1307 933 1375 ejus
965 1320 1233 1378 potestate
1265 1312 1387 1378 fuit,
1419 1315 1562 1370 hunc
1587 1333 1708 1372 cum
1749 1321 2116 1392 malediceret,

539 1397 672 1451 nihil
715 1399 1012 1456 maledixit.
1044 1402 1316 1460 Maledisit
1363 1409 1502 1476 quod
1535 1425 1639 1464 non
1670 1411 1804 1480 fuit,
1837 1415 1981 1484 quod
2011 1431 2117 1471 non

539 1487 760 1555 habuit,
793 1494 936 1560 quod
990 1507 1095 1548 non
1129 1495 1294 1552 vidit.
1338 1496 1468 1554 ltem
1521 1502 1694 1559 adhuc
1748 1505 2118 1578 maledice-hat,

538 1581 744 1652 inquit,
780 1599 936 1638 suum
982 1587 1146 1644 diem.
1194 1589 1320 1644 Sive
1367 1591 1510 1646 dicm
1556 1609 1711 1649 suum
1759 1598 2118 1672 maledixerit,

537 1673 650 1727 sive
707 1674 963 1742 alienum,
999 1680 1133 1734 nihil
1181 1681 1492 1750 maledixit,
1530 1686 1633 1742 hoc
1667 1690 1810 1758 quod
1862 1708 1966 1747 non
2019 1693 2122 1752 fuit

536 1765 838 1822 maledixit.
875 1769 998 1826 Dies
1042 1773 1185 1827 enim
1218 1790 1324 1829 non
1370 1787 1451 1832 est
1486 1777 1536 1832 in
1563 1789 1780 1845 natura,
1808 1801 1912 1856 non
1944 1795 2025 1841 est
2063 1789 2116 1842 in

2227 589 2299 643 ita
2333 598 2387 643 et
2430 588 2672 649 omnium
2704 587 2912 641 dierum
2944 601 2972 640 a
3008 588 3204 643 saeculo
3245 597 3300 644 et
3339 605 3502 658 usque
3529 594 3576 647 in
3608 611 3759 652 saec"-

2224 680 2332 733 lum
2361 695 2616 734 numerus
2645 687 2700 733 et
2727 686 3002 748 computus
3036 681 3085 734 in
3119 692 3410 750 conspectu
3445 686 3763 751 prascientim

2227 769 2317 825 Dei
2369 780 2452 826 est
2477 779 2817 840 supputatus,
2845 779 2900 824 et
2932 785 3125 825 omnes
3164 770 3360 824 animae
3397 773 3654 828 hominum
3681 795 3764 847 per

2223 863 2465 933 singulas
2493 872 2684 929 gentes
2725 871 2780 916 et
2806 861 3041 930 linguas,
3067 876 3162 930 per
3197 862 3568 929 generationes
3599 880 3656 920 ac
3680 883 3763 936 per

2222 967 2409 1009 omnes
2459 952 2629 1006 tribus
2689 960 2876 1016 terrae,
2916 965 3251 1020 unaquaeque
3291 949 3468 1005 anima
3507 953 3568 1005 de
3622 957 3764 1012 totius

2222 1046 2345 1100 vita:
2381 1060 2494 1100 suae
2539 1053 2698 1100 aetate
2747 1043 3021 1098 redditura
3051 1052 3135 1097 est
3179 1043 3231 1096 in
3259 1043 3460 1112 judicio
3506 1047 3761 1102 rationem.

2223 1135 2328 1193 Sed
2356 1147 2411 1193 et
2446 1137 2572 1205 quid
2605 1151 2702 1205 per
2737 1150 3171 1205 unamquamque
3213 1135 3389 1199 diem,
3421 1136 3502 1190 vel
3536 1139 3760 1204 gesserit,

2220 1232 2303 1285 vel
2337 1231 2513 1286 locuta
2556 1231 2747 1292 fuerit,
2785 1228 2868 1282 vel
2905 1228 3248 1299 cogitaverit,
3283 1227 3462 1281 omnia
3489 1243 3762 1298 proponen—

2223 1333 2312 1378 tur
2361 1323 2411 1378 in
2454 1321 2880 1390 judicio,omnia
2915 1320 3251 1375 deducentur
3280 1319 3334 1372 in
3371 1319 3759 1389 inquisitionem,

2221 1431 2324 1469 non
2358 1414 2763 1484 resurgentibus
2783 1412 2976 1468 diebus
3009 1411 3098 1482 qui
3134 1426 3312 1480 neque
3341 1420 3579 1466 naturam
3611 1427 3762 1483 neque

2219 1504 2575 1560 substantiam
2621 1504 2856 1570 habent,
2885 1503 2983 1558 sed
3029 1502 3190 1557 iactis
3236 1501 3475 1556 omnium
3515 1503 3759 1557 hominum

2218 1596 2603 1652 demonstratis
2635 1596 2689 1650 in
2728 1605 2922 1648 natura
2976 1595 3288 1648 animarum
3341 1601 3397 1648 et
3426 1609 3684 1663 corporum
3714 1597 3759 1648 iu

2219 1687 2617 1758 corruptionem
2659 1686 3086 1756 resurgentium.
3133 1685 3400 1753 Exigetur
3442 1699 3559 1754 ergo
3594 1687 3642 1741 in
3683 1687 3762 1741 die

2221 1779 2639 1835 resurrectionis
2675 1777 2941 1848 etjudicii
2966 1777 3034 1831 ab
3065 1777 3214 1832 omni
3256 1776 3437 1830 anima
3487 1776 3760 1833 Christiana

534 1858 857 1925 substantia,
892 1876 1064 1931 neque
1092 1863 1142 1917 in
1177 1867 1394 1936 propria
1427 1879 1710 1938 potestate.
1734 1871 1846 1928 Lux
1877 1876 2109 1945 videtur,
2143 1865 2184 1920 Β
2212 1871 2450 1924 omnium
2486 1870 2693 1925 dierum
2725 1871 2847 1922 vitae
2873 1867 2992 1936 ejus
3017 1868 3199 1922 omnis
3237 1868 3469 1923 servitus
3490 1885 3635 1938 quant
3670 1871 3764 1924 Deo

535 1951 840 2006 substantia
875 1963 1054 2008 autem
1097 1972 1201 2010 non
1240 1958 1474 2026 videtur,
1507 1974 1700 2019 natura
1733 1982 1862 2022 vero
1893 1986 1997 2026 non
2031 1981 2110 2028 te-

532 2055 714 2112 netur,
765 2061 940 2118 neque
993 2051 1450 2119 apprehenditur,
1479 2058 1602 2125 quia
1639 2061 1757 2117 dies
1807 2079 1913 2119 non
1949 2066 2110 2122 habet

531 2144 780 2191 naturam
814 2153 988 2208 neque
1012 2142 1394 2200 substantiam.
1413 2147 1620 2205 Nomen
1648 2153 1828 2220 habet,
1860 2166 2105 2213 naturam

529 2241 658 2282 vero
685 2244 791 2285 non
824 2231 1009 2288 habet.
1051 2234 1204 2290 Sicut
1245 2237 1376 2293 hora
1413 2255 1604 2297 nomen
1643 2245 1822 2312 habet,
1861 2250 2108 2305 substan-

529 2319 656 2373 tiam
679 2333 864 2385 autent
905 2340 1010 2381 non
1038 2327 1221 2395 habet,
1249 2331 1327 2385 sic
1355 2341 1410 2386 et
1447 2334 1564 2390 dies
1588 2353 1780 2392 nomen
1815 2339 2108 2407 habet,sed

527 2413 885 2470 substantiam
921 2419 1000 2474 vel
1059 2431 1308 2477 naturam
1340 2441 1446 2480 non
1485 2428 1669 2484 habet.
1703 2432 1840 2498 Quid
1871 2449 2000 2505 ergo
2025 2447 2109 2492 est

525 2504 693 2562 dies?
731 2509 892 2566 Lucis
932 2521 1176 2583 tempus,
1206 2515 1342 2572 lucis
1380 2522 1637 2578 transitus
1680 2532 1735 2578 et
1767 2525 1896 2581 solis
1929 2504 2102 2597 ortus,

525 2600 592 2651 ab
628 2600 834 2656 oriente
878 2619 1048 2673 usque
1089 2606 1154 2660 ad
1199 2623 1450 2663 occasum
1484 2611 1766 2670 decursus.
1803 2615 1941 2675 Solis
1975 2636 2103 2692 ergo

524 2687 636 2755 lux,
664 2692 778 2746 dies
809 2695 1139 2763 appellatur:
1164 2699 1294 2753 solis
1323 2705 1609 2771 transitus,
1640 2705 1756 2762 dies
1781 2711 2097 2767 aestimatur.

521 2781 657 2838 Nam
691 2795 746 2842 et
778 2802 905 2869 vere
929 2790 1000 2843 ita
1023 2800 1124 2845 est.
1143 2790 1283 2848 Solis
1305 2795 1449 2848 enim
1473 2796 1733 2852 decursus
1757 2799 1858 2854 diei
1894 2811 2102 2869 tempus

519 2877 828 2948 dimetitur,
863 2863 968 2937 diei
998 2885 1285 2940 terminum
1325 2890 1492 2958 ponit,
1514 2890 1628 2944 sive
1653 2889 1720 2943 ad
1751 2891 2099 2952 hreviandum

519 2969 686 3036 diem,
717 2971 830 3026 sive
861 2974 928 3028 ad
981 2975 1432 3048 prolongandum.
1481 2981 1634 3048 Quod
1683 2997 1861 3043 autem
1894 2989 1965 3044 ita
1994 3000 2096 3056 est,

517 3059 681 3114 etiam
709 3061 985 3132 Scriptura
1015 3065 1346 3124 demonstrat
1367 3072 1550 3129 dicens
1587 3093 1601 3129 :
1632 3076 1814 3132 Omnis
1848 3079 1942 3134 tua:
1994 3081 2101 3136 diei

516 3167 584 3206 ea:
625 3150 754 3206 sele.
800 3155 878 3208 Ac
911 3156 956 3209 si
998 3158 1205 3214 diceret
1245 3183 1256 3216 :
1293 3161 1462 3219 Omne
1499 3174 1707 3236 tempus
1735 3184 1767 3222 a
1803 3171 1935 3229 sole.
1968 3172 2096 3227 Nam

2212 1967 2332 2011 erat
2367 1956 2698 2021 exhibitura,
2722 1966 2778 2011 et
2801 1971 2963 2010 omne
2987 1971 3123 2026 opus
3172 1956 3500 2021 sanctitatis,
3527 1960 3656 2028 quod
3682 1974 3764 2028 per

2211 2048 2449 2119 singulos
2488 2049 2604 2103 dies
2629 2059 2746 2103 erat
2783 2045 3084 2118 perfectura
3113 2049 3233 2104 sive
3266 2050 3324 2105 in
3361 2051 3644 2120 gratiarum
3680 2067 3763 2108 ac-

2213 2141 2445 2198 tionibus
2475 2151 2529 2196 et
2575 2140 3040 2206 confessionibus,
3086 2143 3208 2196 sive
3260 2143 3315 2196 in
3363 2144 3681 2199 orationibus
3710 2162 3764 2201 ac

2210 2239 2676 2308 deprecationibus
2710 2239 2989 2293 matutinis
3011 2249 3066 2292 et
3094 2239 3444 2308 vespertinis,
3467 2240 3574 2293 sive
3597 2241 3646 2294 in
3662 2255 3763 2294 om-

2209 2331 2368 2384 nibus
2405 2331 2561 2386 bonis
2591 2332 2849 2400 operibus
2878 2345 3000 2398 qua).
3033 2331 3084 2385 in
3123 2331 3351 2385 nomine
3384 2329 3592 2384 Domini
3619 2332 3766 2384 nostri

2206 2424 2330 2480 Jcsu
2361 2425 2560 2480 Christi
2584 2425 2963 2495 perﬁciuntur.
2997 2424 3108 2479 Hoc
3146 2424 3372 2479 scilicet
3412 2426 3646 2494 ignorant
3672 2427 3767 2496 ple-

2208 2515 2364 2585 rique
2395 2515 2763 2584 insipientium
2797 2525 2962 2584 atque
3008 2514 3467 2584 irreligiosorum,
3493 2517 3578 2584 qui
3606 2518 3766 2570 adnuo-

2207 2620 2400 2662 nentur
2455 2607 2713 2662 festinare
2738 2609 2804 2662 ad
2833 2607 3089 2678 templum
3138 2607 3262 2672 Dei,
3298 2610 3389 2678 qui
3438 2613 3756 2664 voranturad

2206 2699 2502 2754 Ecclesiam
2530 2698 2622 2753 Dei
2662 2699 2988 2763 accelerare,
3012 2709 3067 2754 et
3097 2701 3400 2755 terribilem
3433 2698 3526 2754 Dei
3563 2701 3760 2771 gloriam

2205 2790 2459 2854 adorare,
2483 2801 2538 2844 et
2568 2799 2662 2844 aut
2700 2805 2799 2858 pro
2829 2789 3074 2860 neglectu
3123 2791 3367 2860 habent,
3396 2802 3486 2846 aut
3511 2793 3560 2846 in
3602 2797 3762 2848 vacui-

2207 2891 2370 2937 tatem
2403 2883 2628 2947 ducunt,
2653 2893 2747 2937 aut
2801 2883 2938 2938 alias
2971 2885 3362 2939 excusationes
3401 2885 3670 2938 inveniunt
3692 2887 3761 2938 di-

2201 2983 2389 3030 centes
2438 2989 2453 3026 :
2490 2973 2752 3030 Hesterna
2788 2973 3133 3036 manducavi,
3165 2977 3408 3030 crastina
3434 2977 3757 3042 manducem;

2201 3069 2294 3122 sed
2317 3067 2557 3136 quotidie
2591 3075 2644 3122 et
2671 3069 2814 3121 omni
2862 3075 3107 3136 tempore
3152 3065 3535 3122 indiﬁerenter
3565 3068 3761 3124 student

2202 3157 2461 3226 reperire,
2486 3167 2540 3212 et
2559 3157 2820 3213 exhibere
2867 3157 3085 3226 corpori
3114 3168 3315 3212 cuncta
3349 3173 3469 3228 quae
3490 3169 3756 3214 consuetu.

515 3244 655 3299 sicut
680 3247 899 3315 quilibet
926 3249 1122 3306 alicubi
1153 3255 1204 3308 in
1238 3257 1472 3310 tenebris
1503 3274 1624 3313 cum
1662 3261 1879 3317 lucerna
1914 3273 2094 3320 trans-

2202 3249 2342 3304 diuis
2392 3261 2567 3305 sunt:
2616 3251 2724 3305 Deo
2754 3260 2959 3316 autem,
3005 3250 3091 3305 vel
3139 3251 3341 3305 animae
3388 3267 3502 3307 suae
3543 3261 3758 3319 tempora

514 3334 660 3401 ierit,
705 3354 986 3411 usquequo
1018 3343 1232 3398 lucerna
1267 3347 1440 3412 adest,
1480 3348 1570 3403 illo
1596 3366 1762 3418 usque
1786 3362 1838 3405 et
1879 3352 1964 3408 lux
1993 3367 2096 3421 eSt,

513 3439 688 3495 neque
751 3432 1106 3488 substantiam
1167 3435 1372 3490 habens
1424 3452 1601 3507 neque
1662 3453 1947 3506 naturam.
2005 3447 2098 3500 sed

508 3517 850 3585 splendorem
890 3531 1094 3577 tantum
1120 3542 1133 3576 :
1159 3527 1203 3579 si
1232 3543 1361 3595 ergo
1387 3529 1512 3597 quis
1545 3533 1891 3588 maledixerit
1920 3535 2099 3605 splen-

512 3608 696 3664 dorem
729 3611 981 3678 lucernae,
1016 3617 1148 3670 nihil
1178 3619 1476 3685 maledicit,
1519 3623 1622 3678 nisi
1665 3628 1950 3680 transitum
1978 3627 2097 3682 ina-

510 3715 655 3765 nem,
697 3711 858 3772 atque
916 3708 1206 3763 decursum
1243 3728 1350 3767 non
1399 3726 1750 3771 manentem:
1793 3717 1864 3772 ita
1891 3729 1944 3774 et
1972 3719 2094 3787 Job,

509 3805 630 3844 cum
662 3791 881 3849 luminis
917 3807 1082 3866 atque
1125 3801 1431 3869 splendoris
1481 3806 1770 3861 transituut
1816 3809 2098 3868 maledice-

513 3892 616 3945 ret,
643 3881 746 3937 hoc
773 3886 914 3953 quod
944 3902 1053 3940 non
1092 3899 1209 3944 erat
1239 3893 1531 3948 maledixit.
1555 3895 1690 3951 Nam
1718 3898 1831 3955 dies
1855 3916 1977 3956 cum
2008 3919 2096 3958 so-

509 3969 578 4026 lis
629 3974 859 4030 decursu
911 3981 1180 4035 transiens
1237 3987 1507 4055 transivit,
1535 3997 1590 4042 et
1631 3990 1767 4044 ultra
1806 3993 1948 4049 idem
1981 3996 2094 4066 ipse

509 4075 617 4115 non
649 4074 970 4121 revertetur.
994 4068 1127 4123 Cum
1156 4072 1449 4129 identidem
1469 4088 1623 4135 ortus
1641 4081 1808 4137 fuerit
1829 4085 1928 4146 sol,
1955 4088 2092 4144 alius

505 4154 712 4209 orietur
742 4156 854 4212 dies
881 4198 896 4222 ,
923 4159 1164 4230 ejusdem
1197 4167 1428 4223 nominis
1462 4181 1521 4225 ut
1551 4173 1674 4239 ille,
1705 4179 1800 4232 sed
1838 4196 1945 4235 non
1979 4183 2092 4251 ipse

505 4245 597 4315 qui
646 4245 754 4302 ille.
791 4249 880 4304 llle
928 4266 1061 4321 ergo
1105 4256 1218 4310 dies
1252 4260 1526 4316 transiens
1569 4268 1841 4334 transivit,
1882 4285 1937 4326 et
1975 4289 2090 4328 am-

504 4335 645 4405 plius
668 4355 771 4393 non
793 4342 991 4408 veniet,
1021 4348 1148 4415 quia
1169 4348 1307 4403 ultra
1336 4365 1559 4410 nonest.
1587 4354 1724 4412 Nam
1756 4361 1896 4417 sicut
1927 4365 2088 4421 homo

502 4429 594 4496 qui
633 4443 874 4487 mortuus
906 4433 1086 4502 fuerit,
1129 4441 1405 4512 transivit,
1438 4457 1492 4501 et
1540 4449 1679 4504 ultra
1725 4468 1831 4507 non
1872 4458 2082 4525 veniet,

501 4535 680 4586 neque
711 4525 938 4593 amplius
969 4533 1276 4599 revertitur,
1313 4537 1454 4592 alius
1508 4543 1750 4598 nascitur
1794 4557 1848 4601 et
1890 4553 2079 4604 eodem

2202 3351 2449 3396 statuunt
2489 3357 2552 3397 ac
2590 3343 2890 3396 metiuntur
2924 3354 2977 3396 et
3014 3345 3128 3400 dies
3181 3354 3503 3414 supputant,
3535 3344 3760 3413 ignoran-

2205 3443 2286 3488 tes
2315 3435 2440 3502 quia
2483 3435 2715 3489 irrident
2769 3437 3094 3506 semetipsos
3120 3447 3174 3492 et
3202 3439 3421 3492 animas
3459 3452 3600 3490 suas.
3640 3434 3758 3488 Nam

2199 3528 2338 3581 sicut
2381 3527 2628 3596 superius
2659 3527 2930 3595 diximus,
2957 3529 3197 3583 omnium
3247 3530 3461 3584 dierum
3512 3529 3627 3582 vine
3663 3542 3760 3580 suae

2202 3621 2468 3675 rationem
2499 3621 2758 3677 reddituri
2789 3633 2915 3676 sunt
2948 3638 3044 3692 pro
3067 3624 3327 3692 Operibus
3359 3624 3654 3679 sanctitatis
3676 3637 3758 3690 per

2199 3710 2441 3779 singulos
2496 3712 2610 3767 dies
2652 3713 2837 3768 artatis
2885 3729 3016 3778 suae,
3051 3715 3134 3768 vel
3189 3715 3278 3769 hic
3330 3730 3492 3783 super
3541 3725 3755 3778 terram,

2198 3804 2281 3859 vel
2327 3805 2380 3858 in
2423 3803 2648 3872 judicio.
2684 3804 2885 3875 Pagani
2914 3807 3095 3872 enim,
3124 3816 3292 3878 atque
3323 3823 3512 3864 omnes
3541 3807 3758 3862 inﬁdeles

2198 3895 2250 3949 in
2270 3893 2474 3963 judicio
2498 3911 2600 3950 non
2630 3899 2871 3964 venient,
2891 3899 2983 3952 sed
3006 3898 3118 3968 jam
3152 3914 3218 3952 ex
3244 3899 3354 3955 hoc
3380 3900 3610 3954 damnati
3627 3907 3755 3963 sunt,

2195 3996 2248 4040 et
2278 3995 2499 4056 propter
2547 3987 2922 4043 inﬁdelitatem
2955 3989 3362 4046 inexcusabiles
3397 3991 3450 4044 in
3481 4003 3658 4059 pmnas
3687 3987 3758 4040 in-

2197 4078 2435 4133 ferorum
2476 4078 2819 4148 expellentur
2852 4097 2879 4134 :a
2909 4079 2944 4133 ii
2995 4096 3126 4134 vero
3174 4083 3269 4149 qui
3307 4079 3369 4134 in
3410 4080 3514 4136 fide
3545 4095 3657 4135 esse
3689 4077 3755 4131 vi-

2192 4172 2408 4238 dentur,
2439 4181 2494 4227 et
2541 4189 2708 4243 pravo
2741 4173 2956 4228 nomine
3003 4182 3324 4234 censentur.
3367 4174 3479 4240 isti,
3528 4173 3751 4243 inquam,

2191 4277 2380 4319 omnes
2413 4264 2464 4317 in
2499 4263 2727 4318 terribili
2771 4263 2858 4316 illa
2896 4263 3086 4334 judicii
3139 4265 3494 4333 inquisitione
3529 4265 3751 4318 omnium

2189 4357 2400 4410 dierutn
2435 4357 2556 4410 vitae
2591 4370 2703 4410 suae
2737 4353 3159 4425 uniuscujusque
3190 4356 3294 4410 diei
3333 4357 3559 4412 reddent
3605 4355 3753 4409 ratio-

2189 4464 2334 4512 nem,
2361 4448 2637 4517 quomodo
2681 4447 3031 4517 impleverint
3079 4446 3170 4500 Dei
3219 4448 3567 4509 servitutem,
3601 4455 3753 4512 atque

2188 4555 2321 4610 opus
2363 4539 2660 4596 sanctitatis
2679 4555 2774 4610 per
2798 4555 3233 4609 unumquemque
3276 4539 3442 4594 diem.
3469 4539 3588 4594 Haec
3619 4539 3750 4591 vide-

501 4613 722 4668 nomine
771 4619 1096 4691 appellatur,
1128 4634 1183 4679 et
1234 4632 1622 4698 cognominalis
1660 4636 1735 4690 illi
1773 4639 2072 4707 vocitatur,

2203 4636 2309 4687 icet
2359 4633 2611 4686 universa
2644 4633 2774 4686 foris
2805 4649 2904 4687 nos
2935 4634 3158 4687 devitans
3201 4631 3288 4685 hic
3323 4648 3506 4688 sermo
3537 4647 3629 4702 per
3669 4645 3749 4683 oc-

501 4705 597 4758 sed
633 4720 739 4758 non
777 4707 914 4763 idem
954 4711 1068 4782 ipse
1114 4725 1217 4782 est,
1250 4721 1343 4773 sed
1380 4721 1519 4778 alius
1551 4741 1566 4777 :
1605 4725 1677 4779 ita
1705 4739 1758 4780 et
1787 4729 1904 4784 dies
1932 4728 2078 4798 ejus-

497 4793 620 4848 dem
669 4798 906 4853 nominis
944 4803 1142 4871 veniet,
1193 4807 1329 4863 idem
1382 4812 1496 4882 ipse
1557 4832 1684 4872 vero
1722 4835 1826 4873 non
1877 4824 2076 4878 veniet.

496 4881 630 4940 Nam
685 4887 824 4943 sicut
872 4892 1094 4961 spiritus
1124 4897 1313 4954 exiens
1343 4881 1524 4959 denuo
1563 4922 1669 4962 non
1707 4913 1997 4967 revertitur
2024 4926 2078 4970 et

498 4989 602 5030 non
631 4991 916 5036 revocatur
937 4986 1118 5040 anima
1143 4990 1381 5059 sublata,
1403 4997 1654 5054 similiter
1679 5001 1795 5057 dies
1814 5008 2077 5064 transiens

496 5067 672 5124 denuo
702 5088 807 5127 non
857 5079 1168 5145 revertitur,
1202 5097 1376 5153 neque
1423 5089 1560 5144 ultra
1604 5092 1655 5145 in
1690 5099 1940 5164 praesenti
1974 5101 2076 5157 hoc

495 5161 695 5217 szeculo
729 5179 1037 5225 revocatur.
1069 5170 1202 5228 Nam
1257 5179 1400 5233 sicut
1439 5185 1585 5236 omni
1620 5185 1827 5242 homini
1859 5192 2079 5246 ordina-

498 5264 608 5304 tum
665 5265 748 5309 est
804 5269 1050 5332 tempus,
1099 5275 1259 5336 atque
1314 5271 1615 5332 dimensum
1669 5279 1791 5334 vitae
1840 5286 2072 5352 spatium

497 5341 916 5419 uniuscujusque
966 5370 982 5407 :
1027 5356 1276 5414 similiter
1329 5362 1555 5433 singulis
1612 5367 1804 5424 diebus
1861 5341 2072 5443 tempus

495 5436 800 5494 ordinatum
852 5455 955 5513 est,
1000 5459 1165 5519 atque
1191 5452 1467 5512 dimensus
1497 5458 1625 5514 solis
1657 5463 1939 5532 transitus,
1963 5481 2072 5535 quo

498 5535 810 5584 transeunte
843 5549 943 5589 non
973 5547 1058 5591 est
1083 5542 1197 5597 dies
1224 5543 1314 5597 ille
1342 5544 1478 5599 ultra
1513 5548 1604 5617 qni
1641 5557 1945 5606 transactus
1967 5563 2070 5605 est.

497 5617 564 5674 Et
589 5621 767 5679 adhuc
797 5627 939 5684 sicut
966 5635 1214 5690 omnibus
1246 5637 1554 5696 hominibus
1595 5659 1623 5695 a
1665 5643 1862 5700 saeculo
1896 5656 1949 5701 et
1983 5661 2072 5702 us-

1059 5811 1101 5843 “
1130 5811 1258 5866 ibitl.

656 5799 756 5859 Job
795 5820 853 5860 ut
881 5847 894 5873 ,
931 5807 978 5866 l.
1059 5811 1101 5843 °"
1130 5811 1258 5866 ibid.
1335 5815 1378 5846 ⁸³
1410 5815 1508 5872 Job
1543 5816 1693 5882 1,2l.

2189 4724 2464 4778 casionem
2500 4724 2786 4778 memorati
2826 4723 2930 4778 diei
2987 4723 3167 4778 dicere
3218 4722 3498 4778 admonuit
3526 4725 3658 4776 bene
3691 4737 3748 4772 ac

2187 4813 2492 4867 necessarie
2517 4854 2532 4877 ,
2567 4824 2753 4883 utpote
2789 4828 2886 4884 pro
2937 4815 3200 4868 bonorum
3252 4812 3748 4867 commemoratione

2187 4904 2268 4958 his
2297 4905 2390 4974 qui
2415 4903 2547 4959 salvi
2578 4902 2692 4958 ﬁeri
2726 4904 3061 4959 desiderant.
3097 4902 3204 4958 Sed
3232 4918 3444 4957 rursum
3473 4903 3538 4956 ad
3564 4913 3722 4971 propo

2187 4994 2350 5047 situm
2389 5003 2760 5051 revertamur.
2808 4993 3178 5058 Maledicebat,
3229 4994 3420 5062 inquit,
3470 4992 3567 5045 Job
3616 4990 3744 5042 diem

2181 5105 2337 5142 suum
2363 5088 2429 5152 “;
2485 5103 2589 5142 non
2633 5087 2987 5141 maledicebat
3019 5085 3188 5140 Deuut
3215 5127 3230 5150 ,
3267 5101 3372 5140 non
3410 5082 3742 5153 reprehende-

2182 5183 2293 5249 bat,
2327 5196 2439 5235 non
2481 5180 2926 5250 blasphemabat,
2957 5193 3062 5232 non
3105 5178 3415 5241 accusabat,
3449 5191 3551 5230 non
3602 5187 3739 5225 mur-

2181 5257 2431 5328 murabat
2456 5272 2522 5327 de
2551 5274 2659 5326 Deo
2685 5311 2699 5336 ,
2744 5286 2850 5325 non
2903 5270 3147 5340 ingratus
3187 5269 3478 5324 exsistebat
3519 5261 3737 5328 Deo,sed

2129 5403 2147 5417 .
2177 5362 2318 5416 diem
2379 5361 2735 5415 maledicebat
2782 5360 2874 5429 qui
2923 5375 3025 5414 non
3067 5369 3203 5414 erat.
3247 5357 3380 5412 Nam
3415 5357 3522 5410 Deo
3549 5352 3734 5424 gratias

2180 5459 2393 5526 agebat,
2443 5453 2822 5517 conﬁtebatur,
2876 5452 3194 5517 invocabat,
3225 5443 3732 5542 benedicebat._

2180 5549 2374 5618 inquit,
2411 5563 2599 5602 nomen
2647 5545 2860 5601 Domini
2909 5547 3234 5601 benedictum
3259 5545 3314 5598 in
3357 5540 3551 5598 sucula
3580 5536 3737 5590 “.SIC

2180 5643 2362 5714 itaque
2414 5641 2781 5697 benedicendo
2804 5681 2818 5708 ,
2848 5655 2911 5696 ac
2943 5639 3148 5711 gratias
3194 5640 3404 5707 agendo
3455 5633 3576 5697 Deo,
3606 5630 3731 5683 diem
