3992 6312
193 365 293 422 313

1278 364 1665 427 ANONYMUS
1703 366 1770 424 ΙΝ
1805 366 1948 424 ⁴ΙΟΒ.
1987 396 2055 407 —-
2092 365 2222 422 ΜΒ.
2266 367 2354 422 lll.

3344 377 3446 434 5H

190 476 277 545 qui
317 486 415 530 nec
465 474 762 537 visionem,
800 490 899 531 nec
950 486 1195 529 naturam
1221 516 1235 541 ,
1270 491 1368 532 nec
1402 480 1760 534 substantiam
1791 485 1835 541 Α
1867 481 1953 547 tis,
1992 498 2165 549 neque
2187 484 2301 539 dies
2341 484 2500 550 (iiiis,
2534 501 2707 558 neque
2746 487 2865 544 dies
2903 489 3086 546 exitus
3114 490 3183 546 de
3219 493 3319 548 hoc
3347 509 3443 549 sa:-

192 566 363 630 habet,
399 567 785 633 maledicebat,
821 567 904 622 vel
948 568 1129 637 potius
1181 585 1302 624 eum
1342 571 1430 638 qui
1468 586 1574 625 non
1612 583 1751 641 erat,

189 659 320 712 sicut
360 658 509 726 prius
533 669 810 715 ostensum
839 668 939 722 εει,
971 668 1026 716 et
1054 660 1153 715 hoc
1185 671 1243 714 ut
1278 670 1481 716 tantum
1516 663 1765 733 loquere-

190 760 290 805 tur.
331 748 440 805 Sed
476 749 724 805 fortassis
750 750 883 805 dicit
920 750 1137 820 aliquis,
1170 766 1269 807 cur
1303 752 1525 807 omnino
1554 754 1655 809 hoc
1681 757 1765 811 di-

186 842 276 905 cit,
315 842 399 896 vel
424 857 522 897 cur
550 842 650 899 hoc
678 842 889 898 locutus
918 854 1001 899 est
1034 843 1241 911 ?Andi,
1274 860 1306 898 ο
1330 844 1513 900 homo.
1539 845 1620 901 οι)
1662 848 1765 902 hoc

184 933 392 988 locutus
432 934 547 989 haec
595 934 759 999 dicit,
794 935 917 1004 quia
948 936 1238 992 validiores
1272 936 1488 993 dolores
1513 952 1634 992 eum
1668 953 1763 1008 ap-

184 1027 585 1097 prehendernnt
612 1028 784 1095 magis
815 1042 976 1097 quam
1012 1042 1153 1083 nunc
1182 1040 1235 1081 tn
1286 1029 1535 1084 arbitrari
1570 1032 1761 1099 possis,

184 1117 307 1188 quia
340 1116 797 1172 lamentabiliores
819 1117 1118 1174 sustinebat
1146 1119 1390 1175 miserias
1410 1120 1577 1190 magis
1602 1136 1762 1190 quam

185 1218 237 1261 tu
270 1208 511 1280 cogitare
534 1208 729 1263 valeas.
768 1206 903 1263 Nam
944 1224 1064 1279 qua:
1092 1210 1180 1264 iile
1214 1211 1517 1266 sustinebat
1542 1211 1586 1266 si
1623 1228 1765 1268 nunc

178 1302 414 1366 videres,
436 1316 533 1356 nec
564 1302 631 1356 ad
666 1302 951 1356 videndum
984 1303 1206 1358 omnino
1231 1302 1524 1359 sulliceres.
1548 1305 1613 1360 Et
1634 1321 1767 1376 quo-

180 1395 342 1449 modo
371 1394 478 1466 pati
506 1394 590 1447 vei
622 1394 894 1449 sustinere
929 1409 1115 1463 posses
1153 1396 1219 1449 ad
1258 1396 1545 1450 videndum
1591 1397 1766 1453 homi-

178 1500 298 1538 nem
328 1484 615 1557 perforatis
642 1485 857 1539 ossibus
883 1495 937 1539 et
961 1484 1386 1554 liquescentibns
1422 1486 1675 1542 carnibus
1704 1501 1769 1543 ac

178 1576 361 1631 nervis
396 1575 730 1645 consumptis
760 1576 783 1630 ?
810 1576 935 1631 Hmc
964 1577 1217 1631 universa
1247 1576 1550 1631 sustinebat
1571 1576 1771 1646 gratias

178 1684 349 1741 agens
394 1670 529 1735 Deo,
566 1671 818 1725 universa
874 1672 988 1726 haec
1045 1670 1400 1741 supportabat
1444 1669 1769 1724 benedicens

175 1760 371 1816 Deum.
398 1762 744 1833 Loquebatur
792 1778 920 1819 vero
954 1778 1051 1818 ore
1096 1778 1158 1817 ea
1200 1777 1320 1831 qua:
1357 1776 1457 1816 nec
1493 1762 1601 1816 Deo
1624 1800 1641 1826 ,
1672 1774 1771 1814 nec

175 1853 391 1925 angelis
419 1852 533 1922 ejus
555 1853 778 1919 sanctis,
812 1868 911 1907 nec
949 1852 1109 1913 caelo,
1143 1866 1317 1920 neque
1350 1859 1509 1905 terrae
1534 1848 1766 1904 homini-

174 1945 301 2009 bus,
335 1960 510 2014 neque
538 1953 751 2014 pelago,
782 1958 954 2013 neque
978 1943 1114 2007 aeri,
1140 1956 1313 2012 neque
1343 1941 1467 1996 ullis
1497 1956 1615 2010 qua:
1640 1947 1768 1994 sunt

171 2035 225 2089 in
288 2048 524 2101 natura,
574 2034 639 2086 ad
684 2034 918 2103 aliquam
967 2032 1350 2087 contumeliam
1402 2030 1765 2099 profecerunt.

171 2127 528 2198 Loqnebalur
552 2125 802 2179 nimirum
826 2124 979 2194 quasi
1017 2124 1289 2179 miseriam
1313 2124 1599 2188 ventilatis,
1616 2121 1767 2192 quasi

166 2230 366 2268 aerem
417 2214 746 2277 verberans,
788 2215 938 2284 quasi
997 2213 1236 2267 dolorem
1291 2212 1581 2279 deferens,
1613 2213 1766 2283 quasi

162 2307 499 2361 extaediatus
544 2314 597 2359 et
641 2305 936 2360 molestiam
989 2320 1182 2374 passus
1236 2313 1398 2372 atque
1437 2304 1630 2358 anxius
1670 2320 1768 2373 pro

165 2397 682 2453 vehementioribus
725 2395 1069 2465 passionibus
1097 2405 1152 2450 et
1194 2393 1511 2449 fortioribus
1561 2394 1764 2449 dolori-

166 2488 298 2542 bus.
331 2486 568 2541 Locutus
594 2495 678 2541 est
709 2495 960 2557 tanquam
985 2485 1214 2554 quilibet
1253 2485 1305 2538 in
1337 2484 1519 2538 dolore
1560 2486 1768 2555 positus

167 2592 430 2648 quaerens
478 2578 793 2632 remedium.
827 2577 1109 2647 Tanquam
1146 2577 1269 2645 quis
1304 2575 1356 2630 in
1412 2573 1597 2631 dolore
1634 2579 1765 2630 den-

170 2670 335 2732 tium,
367 2678 461 2723 aut
492 2668 789 2735 oculorum,
825 2678 919 2723 aut
949 2670 1161 2723 aurium
1191 2670 1506 2739 frequenter
1531 2671 1766 2739 parietes

170 2760 451 2829 unguibus
490 2769 699 2823 exarat,
744 2759 1059 2831 frequenter
1086 2761 1251 2815 etiam
1292 2761 1635 2830 semetipsum
1668 2777 1765 2815 un-

170 2853 315 2920 gulis
345 2849 619 2905 exulcerat
648 2864 757 2919 pra:
789 2849 1070 2906 nimietate
1090 2840 1294 2905 doloris
1316 2866 1477 2921 quem
1506 2852 1762 2917 sustinet,

171 2942 415 2996 corrasis
452 2942 666 2996 ossibus
692 2948 745 2995 et
768 2941 1233 3011 palpebrisatque
1276 2942 1498 2995 auribus
1547 2957 1561 2994 :
1597 2942 1678 2996 sic
1710 2952 1766 2997 et

170 3033 369 3089 beatus
395 3031 495 3088 Job
522 3047 644 3087 cum
674 3030 1082 3102 perforarentur
1109 3047 1231 3087 ossa
1266 3032 1403 3102 ejus,
1428 3042 1482 3086 et
1522 3031 1769 3103 liqueﬁe-

170 3136 299 3183 rent
333 3141 529 3182 carnes
556 3126 705 3197 ejus,
734 3128 947 3181 locutus
990 3134 1073 3180 est
1121 3126 1451 3180 maledicens
1492 3125 1635 3179 diem
1671 3126 1761 3194 qui

170 3233 281 3273 non
313 3226 453 3273 erat.
492 3217 583 3272 Sic
607 3231 839 3288 namque
869 3225 918 3271 et
945 3214 1208 3271 Jeremias
1230 3225 1450 3271 sanctus
1473 3224 1759 3286 postquam
1791 3190 1832 3247 θ

170 3309 489 3366 Iudaeorum
524 3310 787 3380 injustitia
812 3319 974 3380 atque
1000 3309 1281 3379 impietate
1322 3324 1488 3379 usque
1522 3309 1589 3363 ad
1621 3324 1766 3362 mor-

175 3412 287 3457 tem
339 3402 758 3474 suggillaretur,
796 3402 1049 3456 similiter
1088 3400 1368 3455 maledixit
1402 3410 1564 3470 atque
1604 3401 1768 3455 devo-

175 3493 319 3547 tavit
350 3492 497 3547 diem
545 3493 841 3548 nativitatis
870 3507 981 3547 suae
1011 3491 1076 3543 ⁸⁸.
1102 3489 1167 3545 Ει
1222 3491 1401 3546 adhuc
1440 3491 1525 3545 his
1564 3489 1769 3559 majora

173 3588 318 3643 dixit
363 3584 650 3642 Jeremias.
675 3584 823 3640 Dixit
874 3584 1021 3639 enim
1064 3584 1129 3638 de
1180 3583 1398 3637 nomine
1446 3582 1605 3652 ejus:
1646 3581 1769 3635 Non

178 3683 469 3737 nominabo
503 3697 687 3734 nomen
714 3680 826 3749 ejus
860 3677 1106 3749 amplius,
1143 3689 1191 3733 et
1232 3694 1333 3731 non
1357 3677 1545 3747 loquar
1564 3675 1771 3728 ulliho-

180 3776 387 3827 minam
416 3773 473 3826 in
500 3773 707 3826 nomine
733 3769 845 3840 ejus
871 3771 935 3826 “7.
958 3769 1038 3825 οι)
1070 3785 1232 3840 quam
1264 3784 1405 3835 rem,
1432 3767 1586 3821 beate
1613 3765 1769 3821 Jere-

182 3867 341 3923 mia?
376 3866 604 3935 Pr0pter
656 3861 1074 3919 inobedientiam
1110 3876 1296 3916 eorum
1319 3899 1334 3924 ,
1380 3867 1543 3929 atque
1575 3868 1768 3913 contu-

186 3959 421 4014 maciam
454 3957 694 4021 illorum,
737 3955 862 4024 quia
896 3954 1070 4007 factus
1093 3962 1171 4007 est
1201 3951 1306 4005 illis
1340 3965 1519 4004 sermo
1551 3948 1765 4003 Domini

190 4052 240 4108 in
275 4050 627 4113 derisiouem,
666 4048 857 4103 nolunt
896 4046 1066 4113 illum,
1102 4053 1155 4099 et
1189 4059 1288 4114 ego
1320 4050 1424 4096 tota
1458 4042 1545 4096 die
1586 4040 1768 4111 peregi

182 4145 548 4201 subsannatus
577 4141 645 4196 ab
678 4140 803 4195 illis.
827 4136 1037 4192 Idcirco
1082 4135 1227 4190 enim
1265 4132 1431 4186 animi
1468 4130 1653 4186 dolore
1679 4144 1769 4183 re-

182 4239 379 4307 pletus,
403 4247 459 4291 et
495 4235 636 4289 diem
670 4230 970 4287 nativitatis
1006 4227 1317 4290 maledixit,
1348 4235 1397 4279 et
1441 4234 1634 4279 cmtera
1663 4222 1767 4276 alia

182 4329 398 4382 locutus
438 4335 540 4381 est.
579 4324 669 4380 Sic
707 4336 943 4391 namque
980 4329 1035 4375 et
1080 4317 1179 4372 Job
1220 4318 1369 4387 prior
1409 4315 1499 4368 illo
1528 4329 1769 4403 praeven-

189 4430 273 4476 tus
314 4420 600 4475 nimietate
653 4417 900 4471 dolorum
957 4412 1236 4469 maledixit
1284 4410 1426 4463 diem
1467 4406 1770 4462 nativitatis

187 4527 317 4577 eum,
342 4522 397 4566 et
421 4510 897 4580 responditdicens
925 4523 939 4560 :
971 4505 1289 4559 Maledictus
1314 4504 1423 4595 dies
1452 4499 1540 4553 ille
1569 4499 1623 4553 in
1664 4512 1767 4559 quo
1798 4540 1843 4595 υ

189 4613 346 4659 natas
373 4619 490 4657 sum
520 4602 586 4657 ⁸³.
622 4600 796 4670 Super
819 4598 998 4653 omnia
1030 4612 1149 4667 quae
1186 4594 1434 4665 superius
1470 4600 1767 4645 memorata

185 4704 334 4760 sunt,
366 4703 421 4750 et
447 4692 610 4748 etiam
661 4691 767 4745 hoc
815 4688 1146 4758 praecipuum
1190 4686 1314 4753 quia
1366 4680 1643 4736 maledixit
1669 4677 1768 4733 Job

188 4785 325 4839 diem
378 4782 722 4839 nativitatis:
756 4780 882 4851 quia
930 4778 1033 4833 nisi
1078 4777 1151 4830 ita
1192 4788 1379 4827 amare
1420 4770 1641 4826 dcﬂcrel
1668 4767 1768 4822 Job

187 4893 376 4947 poenas
427 4876 576 4946 ipsas
612 4885 775 4943 atque
816 4871 1063 4934 dolores,
1102 4883 1206 4921 non
1255 4866 1436 4933 utique
1469 4864 1768 4917 mstimaret

189 4972 349 5026 homo
402 4985 578 5038 neque
633 4969 880 5022 crederet
930 4965 1072 5035 quod
1116 4964 1188 5016 ita
1244 4974 1435 5028 aspera
1486 4967 1541 5011 et
1582 4970 1766 5009 amara

189 5061 420 5117 fuissent
450 5064 499 5116 ei
530 5064 643 5130 ipsa
676 5058 938 5129 supplicia
966 5068 1128 5124 atque
1151 5062 1438 5107 tormenta.
1460 5048 1611 5102 Nunc
1639 5062 1767 5101 vero

186 5156 369 5211 volens
403 5154 656 5209 omnibus
679 5152 964 5206 ostendere
999 5151 1192 5203 beatus
1226 5142 1326 5198 Job
1373 5142 1763 5194 immanitatem

190 5246 646 5301 amarissimarum
704 5255 985 5313 pugnarum
1045 5248 1208 5306 atque
1255 5233 1500 5287 dolorum
1548 5245 1665 5299 quae
1718 5229 1767 5284 ei

190 5337 431 5392 diabolus
462 5334 707 5405 ingessit,
728 5330 908 5396 deﬂet,
936 5326 1306 5397 conqueritur,
1328 5324 1401 5375 ita
1435 5329 1487 5375 et
1514 5319 1772 5373 amariter

190 5437 242 5483 et
272 5426 653 5482 miserabiliter
685 5432 847 5492 atque
886 5416 1339 5478 latnentahiliter,
1371 5421 1430 5464 ut
1460 5408 1771 5463 nativitatis

193 5534 297 5574 suae
328 5518 678 5573 malediceret
712 5515 855 5569 diem
880 5550 895 5575 ,
933 5511 1116 5563 dicens
1157 5525 1171 5563 :
1208 5502 1525 5561 Maledictus
1573 5499 1683 5553 dies
1718 5499 1771 5553 in

192 5629 287 5682 quo
311 5626 463 5665 natus
512 5624 650 5664 sum.
687 5607 801 5661 Non
838 5600 1215 5664 maledicatur,
1247 5599 1443 5667 inquit,
1474 5593 1592 5649 dies
1626 5605 1774 5647 mor-

1864 577 2002 631 eulo.
2035 574 2130 630 Est
2171 593 2404 647 namque
2447 583 2835 636 consummatio
2863 593 2918 638 et
2960 584 3174 654 requies
3215 596 3269 640 et
3302 587 3446 643 dolo-

1866 683 1983 722 rum
2011 672 2251 723 omnium
2290 672 2549 726 transitus
2579 688 2644 727 ac
2667 675 2952 743 depositio.
2987 676 3110 732 Dies
3148 679 3447 734 nativitatis

1864 760 2105 814 omnium
2128 761 2532 818 tribulationum
2556 772 2611 819 et
2634 767 3026 836 angustiarum,
3046 769 3290 824 dolorum
3314 786 3448 840 qno-

1866 868 1969 923 que
1990 865 2044 908 et
2067 854 2434 922 miseriarum,
2454 856 2698 913 omnium
2728 859 3079 917 nihilominus
3102 872 3446 931 peccatorum

1866 957 2031 1017 atque
2072 949 2408 1018 impietatum
2461 950 2675 1005 initium
2704 960 2790 1006 est
2838 964 3001 1022 atque
3034 953 3287 1010 introitus
3308 995 3323 1021 ,
3356 967 3452 1026 per

1865 1054 2025 1108 quem
2054 1051 2282 1110 pereunt
2308 1041 2489 1110 impia:
2516 1054 2678 1112 atque
2733 1044 3050 1115 irreligiosa:
3078 1048 3291 1114 animm,
3322 1063 3450 1119 ergo

1865 1132 2102 1187 omnium
2143 1132 2332 1187 horum
2364 1150 2485 1204 qua:
2527 1146 2824 1190 memorata
2875 1146 3002 1192 sunt
3044 1139 3260 1193 initium
3289 1149 3451 1209 atque

1868 1224 2122 1280 introitus
2169 1226 2543 1295 corruptibilis
2589 1228 2887 1283 nativitatis
2947 1230 3062 1284 dies
3100 1241 3202 1286 est.
3263 1231 3452 1288 Merito

1868 1318 2187 1375 maledictus
2216 1319 2332 1375 dies
2366 1321 2417 1374 in
2459 1336 2568 1389 quo
2605 1331 2763 1376 natus
2796 1336 2916 1376 sum
2942 1363 2956 1388 ,
2990 1324 3115 1392 quia
3160 1323 3350 1379 melior
3370 1334 3454 1379 est

1869 1416 1986 1471 dies
2035 1418 2227 1471 mortis
2259 1433 2420 1486 quam
2458 1419 2777 1484 nativitatis,
2823 1420 2966 1475 sicut
3011 1421 3141 1476 dicit
3179 1421 3452 1477 Ecclesia-

1870 1515 1983 1559 stes
2012 1504 2077 1571 “,
2102 1514 2156 1559 et
2180 1516 2465 1575 propterea
2505 1509 2829 1564 maledictbs
2881 1511 2997 1565 dies
3043 1512 3094 1565 in
3134 1527 3242 1581 quo
3295 1522 3454 1567 natus

1871 1610 2011 1651 sum.
2042 1598 2220 1664 Quare
2245 1598 2268 1652 ?
2290 1599 2417 1668 quia
2461 1615 2557 1670 per
2584 1601 2755 1667 hunc,
2793 1602 2997 1671 inquit,
3030 1606 3096 1658 ad
3130 1620 3319 1660 omnes
3355 1606 3454 1661 hos

1872 1688 2137 1745 nefandos
2176 1691 2395 1758 perveni
2437 1691 2670 1759 dolores,
2713 1693 2837 1762 quia
2876 1710 2973 1765 per
3001 1696 3142 1752 hunc
3171 1696 3238 1750 ad
3268 1698 3452 1752 omnia

1873 1781 1988 1837 haec
2008 1783 2352 1859 amarissima
2382 1786 2605 1853 perveni
2632 1785 2914 1855 supplicia,
2940 1786 3066 1856 quia
3099 1802 3193 1857 per
3216 1787 3360 1842 hunc
3383 1788 3452 1843 ad

1874 1883 2146 1928 terrenum
2176 1874 2278 1929 hoc
2312 1875 2535 1931 veniens
2561 1876 2818 1930 saeculum
2847 1878 3163 1947 nequissimi
3194 1880 3455 1936 adversae

1871 1965 1938 2021 rii
1969 1966 2209 2022 sustineo
2235 1966 2438 2034 zelum,
2466 1983 2531 2022 ac
2556 1968 2932 2038 malignissimi
2968 1971 3165 2026 diaboli
3196 1981 3454 2042 supporto

1870 2059 2333 2129 supplicium.Pro
2348 2061 2432 2115 his
2453 2074 2583 2131 ergo
2617 2061 2870 2116 omnibus
2905 2062 3225 2120 maledictus
3258 2067 3376 2122 dles
3400 2066 3452 2120 in

1870 2166 1976 2221 quo
1998 2162 2155 2206 natus
2179 2167 2319 2207 sum.
2352 2151 2628 2222 Plerique,
2655 2152 2853 2222 inquit,
2874 2152 3159 2208 hominum
3186 2156 3285 2211 sub
3313 2158 3455 2214 caelo

1870 2243 2140 2298 carnalem
2164 2243 2308 2299 hanc
2323 2245 2492 2298 solam
2517 2244 2844 2300 delectantes
2866 2246 3055 2312 vitam,
3076 2263 3137 2302 ac
3151 2247 3263 2303 sola
3284 2259 3455 2305 terre-

1870 2350 1935 2388 na
1956 2349 2076 2403 qua:
2107 2346 2234 2390 sunt
2259 2337 2309 2390 in
2335 2336 2683 2405 corruptione
2709 2338 3240 2407 respicientes,diem
3260 2340 3454 2393 nativi-

1869 2426 1993 2479 tatis
2014 2441 2123 2480 snae
2151 2407 2536 2482 delectabiliter
2556 2427 2831 2484 celebrare
2868 2427 3107 2494 student,
3146 2429 3371 2485 honesw
3403 2431 3455 2486 ir.

1869 2520 1953 2573 die
1974 2518 2272 2574 nativitatis
2297 2535 2406 2574 suae
2431 2519 2793 2587 jucundantes
2822 2521 3121 2591 splendide.
3154 2521 3287 2576 Nam
3321 2524 3458 2578 hanc

1866 2611 2183 2665 existimant
2227 2613 2527 2681 portionem
2565 2628 2741 2679 suam,
2772 2624 2937 2683 atque
2970 2613 3370 2677 haereditatem,
3401 2622 3458 2668 et

1866 2718 1964 2774 per
2006 2704 2119 2758 haec
2153 2713 2376 2773 sperant
2401 2719 2460 2758 se
2483 2705 2687 2760 diutius
2724 2705 2910 2760 vivere
2936 2706 2988 2758 in
3016 2718 3263 2775 corpore,
3293 2714 3457 2772 atque

1866 2797 2200 2865 augmentari
2237 2796 2339 2851 sibi
2380 2809 2553 2850 annos
2583 2806 2638 2851 et
2661 2795 2804 2851 diem
2838 2795 3139 2851 nativitatis
3168 2811 3299 2851 suae.
3342 2795 3457 2852 Hoc

1865 2890 2117 2945 videlicet
2146 2889 2353 2944 faciunt
2409 2906 2514 2945 non
2543 2890 2614 2946 ob
2668 2888 2772 2946 hoc
2798 2890 2941 2960 quod
2972 2900 3171 2945 aeterna
3206 2898 3453 2960 sperent,

1866 2984 1950 3038 vel
1972 2998 2089 3038 eam
2112 2999 2233 3053 quae
2253 2999 2359 3039 non
2376 2983 2595 3038 videtur
2617 2983 3076 3053 incorruptionem
3101 2993 3454 3053 exspectent:

1867 3076 1954 3145 qui
1982 3084 2244 3131 aeternam
2295 3076 2461 3130 vitam
2502 3076 2643 3145 apud
2698 3075 2865 3131 Deum
2900 3076 2953 3130 in
2992 3075 3146 3131 caelis
3185 3089 3307 3131 esse
3349 3090 3455 3130 non

1866 3167 2130 3244 credunt,
2185 3169 2379 3223 merito
2429 3177 2701 3223 terrenam
2753 3169 2897 3223 hanc
2964 3181 3127 3237 atque
3178 3168 3454 3222 carnalem

1870 3259 2031 3314 vitam
2063 3260 2231 3316 solam
2274 3260 2607 3315 delectantes
2633 3260 2910 3315 celebrant
2962 3260 3105 3314 diem
3151 3260 3455 3314 nativitatis

1872 3368 2009 3420 suae;
2064 3354 2205 3408 diem
2258 3368 2388 3408 vero
2430 3354 2620 3407 mortis
2673 3366 2773 3406 nec
2822 3353 3089 3405 nominari
3154 3355 3453 3423 patiuntur.

1872 3443 2003 3516 Ego,
2036 3445 2231 3514 inquit.
2265 3444 2445 3511 oviri,
2509 3452 2716 3497 tantum
2770 3443 2897 3499 odio
2954 3442 3126 3497 habeo
3177 3443 3452 3497 carnalem

1872 3538 2012 3592 hanc
2039 3537 2227 3599 vitam,
2267 3544 2327 3589 ut
2358 3551 2455 3605 pro
2490 3534 2764 3589 celebrare
2793 3536 2933 3587 diem
2984 3533 3302 3598 nativitatis,
3336 3550 3455 3588 ma-

1871 3631 2101 3685 ledicam
2156 3637 2320 3695 atque
2365 3627 2606 3681 abdicem
2656 3624 2805 3678 illum
2853 3625 3093 3679 dicens:
3136 3623 3454 3680 Maledicta:

1872 3722 1982 3776 dies
2013 3722 2066 3774 in
2097 3736 2199 3792 quo
2234 3730 2389 3773 natus
2418 3734 2532 3772 sum
2561 3718 2606 3748 ⁷ο
2675 3718 2717 3771 0
2745 3732 2907 3785 quam
2937 3717 3235 3783 profundus
3253 3730 3333 3772 est
3367 3717 3455 3773 hic

1871 3829 2050 3871 sermo
2077 3812 2378 3867 valentibus
2404 3809 2711 3879 inquirere!
2764 3807 2897 3862 Nam
2928 3810 3159 3879 primam
3210 3808 3456 3879 disputa-

1871 3908 2070 3963 tionem
2100 3904 2363 3961 facientes
2393 3905 2723 3957 etiamnunc
2751 3900 2907 3970 hujus
2936 3916 3127 3956 sensus
3156 3917 3252 3972 per
3283 3917 3453 3972 pauca

1872 4000 2179 4055 necessarie
2241 3996 2570 4053 mentionem
2651 3995 2929 4049 faciemus.
2988 3994 3323 4063 Maledictus,
3370 3996 3450 4050 in-

1870 4094 2006 4165 quit,
2037 4094 2151 4147 dies
2181 4091 2501 4153 nativitatis,
2567 4088 2692 4159 quia
2744 4094 3088 4158 peccatorum
3121 4102 3183 4141 ac
3222 4087 3451 4142 delicto-

1869 4203 1988 4242 rum
2010 4198 2095 4242 est
2134 4184 2477 4258 principium.
2506 4181 2890 4237 Verumtamen
2920 4181 3060 4235 beati
3092 4180 3125 4233 ii
3156 4180 3246 4249 qui
3286 4182 3339 4232 in
3367 4180 3453 4234 die

1871 4279 2189 4343 nativitatis,
2224 4277 2327 4332 hoc
2358 4284 2461 4340 est,
2490 4275 2541 4328 in
2595 4273 2862 4344 principio
2905 4273 3029 4327 vitae
3067 4286 3177 4326 suae
3225 4271 3453 4325 benedi-

1869 4384 2088 4440 cuntur,
2120 4372 2222 4426 hoe
2266 4379 2350 4424 est
2396 4383 2459 4422 ea
2512 4382 2634 4437 quae
2684 4366 2845 4437 digna
2899 4376 3025 4421 sunt
3076 4364 3453 4419 benedictione

1871 4465 2176 4537 perﬁciunt.
2216 4462 2364 4517 Beati
2400 4475 2617 4531 quoque
2645 4469 2701 4512 et
2738 4459 2771 4511 ii
2809 4456 2901 4527 qui
2940 4457 2993 4510 in
3029 4464 3271 4525 tempore
3304 4448 3451 4510 nati-

1873 4561 2058 4615 vitatis
2087 4572 2218 4623 suaa,
2269 4556 2371 4609 hoc
2399 4562 2482 4608 est
2513 4552 2566 4605 in
2598 4549 2864 4621 principio
2895 4547 3072 4602 aetatis
3101 4558 3262 4617 atque
3295 4547 3449 4619 igno-

1875 4653 2048 4707 rantia
2077 4647 2379 4721 juventutis
2411 4660 2541 4707 sine,
2603 4644 2727 4697 licet
2759 4641 3149 4695 maledicantur
3188 4655 3286 4710 pro
3320 4655 3452 4710 pec-

1876 4743 2012 4798 catis
2061 4752 2224 4811 atque
2277 4737 2578 4808 ignorantia
2637 4735 2955 4804 iuventutis,
2984 4734 3038 4788 in
3086 4734 3228 4787 diem
3261 4732 3451 4787 mortis

1872 4848 2035 4907 atque
2068 4835 2119 4888 in
2156 4833 2315 4886 linem
2362 4831 2535 4885 aetatis
2566 4844 2676 4883 sua:
2706 4841 2891 4881 rursus
2944 4825 3355 4888 benedicentur,
3397 4831 3453 4877 et

1874 4928 2301 4984 benedictionem
2355 4923 2809 4994 promerebnntur
2844 4934 2939 4987 per
2965 4920 3237 4972 sinceram
3278 4916 3451 4983 poeni-

1874 5025 2136 5081 tmlinem,
2163 5028 2326 5087 atque
2355 5017 2546 5086 dignos
2586 5012 2917 5084 pmnitentia:
2959 5010 3188 5064 fructus.
3226 5008 3316 5062 Vre
3350 5022 3446 5061 an-

1877 5127 1981 5171 tem
2038 5112 2166 5177 illis,
2215 5118 2268 5165 et
2311 5108 2595 5162 animabus
2622 5120 2834 5169 corum,
2866 5103 2956 5172 qui
2994 5111 3047 5155 et
3096 5104 3149 5153 in
3185 5099 3449 5169 principio

1877 5227 1995 5277 suo,
2024 5221 2079 5263 et
2106 5208 2389 5277 juventute
2423 5217 2517 5256 sua
2551 5199 2942 5254 maledicentur
2969 5194 3361 5261 delinquentes,
3395 5200 3450 5247 et

1879 5305 1930 5359 in
1955 5302 2059 5356 line
2097 5314 2207 5354 sua:
2235 5295 2413 5352 aetatis
2442 5309 2548 5347 non
2594 5290 2946 5344 absolventur
2976 5287 3323 5354 poenitentes,
3349 5300 3449 5338 ne-

1877 5410 1984 5467 que
2021 5393 2407 5449 benedicentur
2436 5400 2531 5457 per
2561 5384 2749 5453 dignos
2788 5383 2993 5435 fructus
3024 5378 3351 5448 paenitentia:
3378 5376 3446 5429 ad

1878 5491 2043 5545 Deum
2118 5484 2489 5548 confugientes
2551 5495 2568 5536 :
2624 5492 2850 5548 quorum
2910 5471 3217 5528 maledictio
3287 5480 3448 5536 atque

1880 5578 2155 5638 damnatio
2192 5586 2390 5632 aeterna
2419 5572 2560 5643 apud
2610 5570 2812 5625 inferos
2850 5573 3154 5638 permanet,
3183 5562 3323 5619 sicut
3348 5571 3447 5617 eo-

263 5810 304 5843 “
343 5810 541 5867 Jerem.
584 5823 674 5875 xx,
713 5803 800 5860 l7.
876 5800 921 5834 ⁸⁷
948 5798 1080 5856 ibid.
1115 5797 1170 5855 9.
1246 5745 1392 5850 “iob
1424 5807 1504 5862 ut,
1533 5790 1591 5847 ὅ.
1667 5788 1712 5821 ⁸⁸
1744 5784 1920 5843 Eccle.
1954 5798 2028 5853 vi,
2053 5781 2106 5837 5.
2219 5777 2267 5813 ⁷⁸
2297 5774 2396 5832 Job
2427 5788 2509 5841 In,
2533 5770 2587 5826 5.
