3992 6312
537 371 652 427 515

1638 368 2016 424 ANONYMUS
2047 369 2112 424 IN
2151 368 2291 425 JOB.
2331 403 2397 413 -
2435 370 2563 426 LlB.
2607 370 2694 425 Ill.

3677 375 3768 432 5lb'

536 507 690 579 tum.
713 493 804 561 qui
845 490 1229 561 pmnitudinem
1284 489 1572 544 sinceriter
1598 488 1868 558 gesserint
1905 497 2106 542 aeterna
2137 493 2184 549 Α
2211 496 2265 542 et
2289 487 2466 541 anima
2502 487 2643 542 idem
2675 495 2799 541 sunt
2842 485 3138 542 indiscrete
3191 494 3360 554 atque
3400 484 3694 555 indivisive,
3722 497 3771 547 et

537 578 754 652 requies
785 584 836 636 in
882 583 1280 637 resurrectione
1338 582 1484 636 erit!
1551 581 1666 634 Alia
1720 578 2115 649 quamplurima

535 689 660 728 cum
698 675 970 743 possimus
1001 675 1182 728 dicere
1218 675 1285 728 de
1334 674 1436 727 hoc
1474 688 1746 738 sermone,
1799 673 1912 726 hzec
1975 670 2116 724 desi-

536 775 728 821 nentes
754 779 874 834 quae
900 775 1200 832 sequuntur
1239 777 1746 817 commemoremus.
1792 761 2004 829 Pereat,
2036 761 2115 814 in-

535 859 673 928 quit,
705 858 811 910 dies
837 857 890 909 in
912 871 1014 924 quo
1049 866 1203 907 natus
1232 870 1347 906 sum
1384 854 1452 906 τι.
1520 853 1645 907 Haec
1695 855 1949 907 nimirum
1985 853 2115 908 dicit

529 952 727 1005 beatus
759 947 878 1008 Job,
904 958 960 1000 ut
984 947 1296 1001 ostenderet
1322 945 1574 999 omnibus
1598 944 1787 1014 quales
1813 944 2113 1000 sustinebat

534 1041 768 1105 dolores,
793 1039 872 1092 vel
897 1039 1078 1108 qualia
1111 1039 1464 1107 supportabat
1495 1036 1780 1106 supplicia.
1800 1035 1894 1091 Sic
1920 1037 2111 1091 beatus

535 1148 600 1186 ac
638 1131 1012 1186 sanctissimus
1048 1128 1312 1184 Jeremias
1369 1129 1420 1182 in
1487 1129 1867 1197 suggillatione
1918 1128 2110 1182 animm

533 1223 838 1288 devolutus,
870 1223 1067 1277 similia
1099 1233 1158 1275 ut
1202 1221 1306 1276 Job
1349 1221 1564 1275 locutus
1596 1231 1698 1283 est,
1750 1221 1903 1288 juxta
1928 1221 2107 1275 omnia

535 1332 656 1386 qua:
689 1315 939 1384 superius
975 1314 1241 1369 veraciter
1289 1321 1585 1367 memorata
1643 1323 1768 1367 sunt
1811 1313 1877 1365 ⁷³.
1935 1311 2109 1382 Super

535 1423 654 1478 quae
685 1407 938 1461 universa
990 1406 1092 1461 hoc
1135 1407 1299 1460 etiam
1333 1406 1596 1459 debemus
1647 1405 1951 1470 advertere,
1981 1405 2105 1473 quia

536 1515 640 1554 non
675 1498 958 1552 defuerunt
983 1499 1188 1552 sanctis
1218 1496 1434 1551 dolores
1463 1510 1525 1550 ac
1569 1495 1960 1563 tribulationes,
1992 1510 2106 1551 mo-

535 1590 704 1645 lestiae
732 1605 944 1659 quoque
974 1598 1134 1659 atque
1181 1589 1483 1659 passiones,
1541 1603 1648 1641 non
1683 1597 1890 1642 tantum
1925 1603 2021 1659 pro
2045 1603 2104 1644 se

534 1692 793 1750 quantum
826 1696 920 1750 pro
962 1682 1119 1736 nobis
1155 1696 1169 1732 :
1209 1689 1267 1734 ut
1292 1681 1598 1733 noverimus
1620 1693 1716 1732 nos
1743 1689 1904 1748 atque
1930 1678 2101 1734 infor-

535 1788 763 1836 memur,
790 1774 910 1842 quia
934 1789 1032 1842 per
1077 1771 1454 1826 tribulationes
1483 1785 1546 1825 ac
1586 1769 1822 1836 labores,
1855 1786 1952 1840 per
1978 1785 2100 1842 pas-

535 1866 714 1920 siones
743 1874 798 1920 et
828 1865 1092 1928 miserias,
1130 1879 1226 1933 per
1260 1864 1475 1918 dolores
1506 1877 1720 1932 quoque
1765 1877 1827 1917 ac
1875 1864 2105 1933 gemitus

534 1972 722 2011 omnes
763 1956 934 2010 sancti
966 1955 1072 2010 Deo
1131 1957 1472 2025 placuerunt,
1509 1967 1565 2008 et
1617 1969 1807 2009 omnes
1847 1953 1979 2022 justi
2022 1955 2106 2010 in-

537 2049 805 2103 troierunt
840 2051 891 2102 in
926 2063 1148 2117 regnum
1180 2049 1272 2101 Dei
1304 2057 1466 2116 atque
1499 2046 1739 2103 lueredes
1773 2047 1950 2103 effecti
1984 2057 2108 2104 sunt

535 2141 674 2209 apud
719 2141 881 2192 Deum
929 2139 1118 2194 aeterni
1184 2137 1475 2209 refrigerii,
1531 2154 1635 2192 non
1677 2139 2010 2193 exsultantes
2052 2140 2104 2193 in

536 2231 902 2300 corruptione,
933 2245 1038 2284 non
1089 2229 1340 2285 delectati
1395 2231 1448 2284 in
1479 2245 1668 2294 carne,
1700 2246 1805 2284 non
1842 2231 2015 2285 securi
2053 2232 2104 2284 in

536 2323 718 2387 terris,
737 2321 827 2377 sed
863 2337 1077 2377 omnem
1121 2323 1398 2376 miseriam
1428 2335 1649 2390 propter
1673 2323 1925 2390 pietatem
1953 2323 2109 2376 susti-

536 2423 744 2477 nentes,
788 2424 989 2468 zcterua
1039 2414 1440 2480 incorruptione
1495 2399 1648 2482 digni
1684 2411 1858 2467 effecti
1900 2422 2022 2468 sunt
2055 2413 2105 2466 in

535 2506 726 2574 gloria.
751 2504 840 2558 Sic
857 2505 1018 2559 etiam
1043 2504 1308 2572 gloriatur
1335 2503 1531 2557 Paulus
1556 2503 1609 2556 in
1645 2503 2108 2572 persecutionibus

535 2600 648 2653 suis
678 2609 842 2666 atque
872 2595 1211 2664 passionibus
1244 2596 1310 2648 ⁷³.
1347 2595 1439 2648 Sic
1482 2594 1740 2664 gloriatur
1768 2604 1821 2648 et
1849 2592 2108 2650 Jeremias

536 2691 678 2756 quod
706 2690 906 2742 sederit
935 2688 1100 2750 solus,
1159 2688 1283 2755 quia
1319 2687 1688 2740 amaritudine
1724 2687 1888 2740 fuerit
1938 2685 2111 2756 reple-

539 2787 648 2840 tus,
675 2789 729 2831 et
759 2780 881 2846 quia
915 2793 1017 2831 non
1061 2778 1196 2832 abiit
1250 2779 1301 2831 in
1333 2777 1559 2831 consilio
1593 2778 1877 2847 impiorum
1923 2777 2111 2831 luden-

539 2871 671 2923 tium
703 2870 769 2922 "".
815 2871 951 2936 Quid
981 2879 1162 2923 autem
1199 2868 1484 2933 mirantur,
1524 2870 1664 2938 quod
1689 2869 1792 2924 Job
1822 2870 1896 2924 ita
1921 2870 2108 2938 ingen-

543 2969 624 3014 tes
650 2962 921 3015 sustinens
947 2960 1163 3015 dolores
1188 2969 1518 3028 conquestus
1543 2959 1726 3026 fuerit,
1760 2961 1840 3013 vel
1873 2960 1962 3014 alii
1986 2975 2111 3014 san-

538 3053 610 3107 cti
659 3068 782 3106 cum
835 3053 1034 3105 terreni
1087 3051 1317 3106 fuissent
1367 3051 1612 3107 homines
1663 3067 1726 3106 ex
1783 3068 2011 3123 corpore
2057 3063 2112 3110 et

539 3146 717 3198 anima
773 3159 898 3197 vere
952 3144 1223 3212 plasmati,
1285 3158 1405 3197 cum
1452 3152 1507 3198 et
1554 3144 1667 3212 ipse
1721 3145 1811 3213 qui
1867 3146 2105 3199 omnium
2137 3177 2181 3238 Ο

537 3248 850 3292 sanctorum
911 3247 1107 3300 rector,
1158 3245 1212 3290 et
1277 3236 1521 3291 conditor
1571 3236 1691 3291 ειεΙί
1739 3251 1799 3292 ac
1850 3247 2109 3302 terra-yet

539 3330 803 3384 mediator
832 3328 921 3381 Dei
955 3336 1009 3382 et
1038 3327 1312 3382 hominum
1343 3327 1500 3384 Jesus
1533 3327 1778 3384 Christus
1809 3328 1977 3385 Filius
2014 3330 2108 3386 Dei

537 3421 668 3489 vivi,
697 3437 818 3476 cum
860 3421 1096 3474 humano
1125 3435 1185 3473 se
1230 3419 1473 3474 indueret
1504 3431 1750 3490 corpore,
1777 3436 1898 3477 cum
1927 3438 2113 3477 corru-

538 3515 780 3585 ptibilem
835 3514 934 3567 sibi
987 3511 1351 3566 circumdaret
1404 3510 1657 3576 formam,
1715 3529 1838 3567 cum
1881 3514 1986 3570 iret
2041 3515 2110 3570 ad

539 3607 842 3676 passionem
891 3614 1051 3673 atque
1085 3605 1150 3657 ad
1203 3618 1445 3669 crucem,
1497 3613 1721 3673 questus
1761 3615 1845 3659 est
1873 3606 2056 3661 dicens
2091 3623 2104 3660 :

539 3695 724 3761 Pater,
753 3697 799 3750 si
833 3696 947 3764 ﬁeri
973 3703 1140 3764 potest
1194 3703 1422 3748 transeat
1445 3711 1478 3747 a
1503 3711 1583 3749 me
1611 3697 1752 3750 calix
1784 3698 1881 3750 iste
1905 3699 1973 3763 ⁷⁵,
2011 3700 2110 3754 hoc

538 3800 622 3843 est
667 3791 780 3843 haec
804 3791 1003 3857 passio,
1027 3796 1080 3841 et
1103 3787 1266 3855 cmpit
1291 3787 1588 3855 trepidare,
1618 3799 1673 3842 et
1698 3797 1920 3844 mmstus
1953 3793 2111 3846 esse?

541 3878 810 3948 Nonquia
858 3879 1207 3947 trepidaverit
1251 3879 1445 3940 deitas,
1499 3879 1592 3933 sed
1637 3880 1763 3949 quia
1802 3882 1987 3937 carnis
2021 3883 2108 3937 in-

543 3969 861 4024 ﬁrmitatem
908 3969 1163 4023 ostendit.
1216 3969 1369 4023 Sicut
1420 3985 1552 4039 ergo
1607 3971 1695 4026 ille
1743 3973 2002 4028 Dominus
2053 3985 2110 4029 ut

541 4061 850 4116 ostenderet
910 4059 1036 4129 quia
1069 4075 1174 4113 non
1230 4069 1350 4115 erat
1390 4063 1732 4129 phantasma,
1772 4067 1865 4119 sed
1913 4081 2110 4134 corpus

541 4165 670 4205 vere
695 4152 1046 4220 corruptibile
1073 4152 1300 4215 habens,
1349 4167 1408 4207 se
1445 4152 1683 4208 dolorem
1715 4165 1876 4224 atque
1903 4159 2111 4226 passio-

543 4257 666 4298 nem
688 4243 868 4298 crucis
896 4243 1086 4299 timere
1121 4245 1362 4298 ostendit
1385 4261 1400 4311 ;
1428 4245 1506 4298 sic
1533 4245 1694 4298 etiam
1724 4244 1845 4313 Job,
1873 4259 1927 4302 et
1959 4249 2112 4305 Jere—

544 4336 680 4390 tuias
714 4345 876 4403 atque
923 4334 1014 4389 alii
1065 4336 1262 4401 sancti,
1307 4345 1368 4389 ut
1413 4338 1788 4402 ostenderent,
1819 4344 1942 4409 quia
1985 4357 2106 4398 cum

544 4437 724 4482 essent
745 4427 990 4482 carnales
1024 4443 1144 4482 cum
1168 4427 1352 4482 dolore
1378 4429 1753 4484 sustinuerunt
1793 4445 1857 4486 ac
1881 4448 2110 4501 suppor-

2219 594 2361 636 nuuc
2404 580 2457 633 in
2502 579 2679 644 terris,
2705 588 2760 632 et
2792 578 2843 633 in
2875 578 3292 633 resurrectione
3324 577 3379 631 in
3412 577 3583 644 caelis,
3613 583 3772 649 quod-

2217 685 2428 739 cunque
2453 670 2792 725 seminaveril
2847 685 3042 738 corpus
3080 684 3252 740 super
3284 679 3512 734 terram,
3555 671 3652 726 hoc
3675 689 3774 730 me-

2217 770 2292 816 tet
2329 762 2507 816 anima
2544 762 2597 815 in
2650 762 3080 827 resurrectione,
3125 761 3498 832 quodcunque
3539 775 3775 830 operatur

2215 867 2408 923 corpus
2451 853 2502 906 in
2542 853 2888 922 corruptione
2928 871 2941 908 :
2976 853 3079 908 hoc
3144 854 3300 908 enim
3338 853 3484 922 quod
3537 856 3771 924 seminat,

2214 945 2316 998 hoc
2341 952 2396 998 et
2418 953 2603 1000 metet.
2640 944 2797 999 Sicut
2819 959 2948 1014 ergo
2972 945 3089 1000 haec
3121 946 3269 999 idem
3314 953 3462 1007 sunt,
3495 944 3567 997 ita
3602 957 3654 1001 et
3675 950 3777 1004 dies

2211 1045 2268 1090 et
2302 1051 2404 1090 uox
2437 1037 2577 1113 idem
2617 1045 2764 1091 sunt.
2807 1035 2961 1102 Quod
2994 1035 3045 1088 in
3085 1035 3174 1090 die
3211 1034 3298 1099 tit,
3338 1034 3443 1089 hoc
3466 1037 3605 1090 nocti
3638 1052 3777 1108 repu-

2211 1135 2374 1194 tatur,
2405 1138 2461 1184 οι
2493 1127 2635 1198 quod
2662 1127 2714 1182 in
2749 1136 2910 1182 nocte
2941 1124 3021 1193 fit,
3047 1126 3151 1180 hoc
3197 1124 3309 1179 diei
3345 1125 3674 1196 designatur.
3696 1129 3778 1185 Sic

2209 1234 2444 1289 namque
2473 1218 2652 1274 omnia
2681 1232 3019 1288 quaecunque
3059 1217 3258 1272 fecerit
3285 1231 3508 1286 corpus,
3553 1221 3661 1274 sive
3686 1222 3775 1276 bo-

2213 1319 2361 1380 num,
2399 1314 2511 1367 sive
2539 1311 2762 1380 malum,
2789 1310 2981 1365 anima:
3010 1319 3358 1376 reputantur,
3383 1318 3440 1365 et
3465 1313 3640 1365 omnia
3665 1328 3776 1368 cor-

2206 1405 2322 1474 pori
2369 1404 2420 1458 in
2469 1402 2672 1472 judicio
2730 1414 2893 1472 atque
2946 1402 3308 1472 inquisitione
3380 1414 3769 1461 succensentnr.

2208 1493 2342 1548 Nam
2389 1495 2670 1563 utriusque
2733 1495 2950 1564 utrique
3007 1495 3336 1564 imputatur,
3409 1494 3680 1564 utriusque
3724 1497 3770 1551 in

2214 1596 2442 1655 utroque
2522 1585 2816 1654 requiritur
2899 1596 3060 1654 atque
3129 1584 3470 1639 vindicatur.
3559 1584 3772 1655 Utraque

2203 1679 2347 1733 enim
2380 1686 2434 1733 et
2463 1692 2656 1748 corpus
2679 1687 2734 1732 et
2762 1677 2940 1732 anima
2983 1693 3107 1732 cum
3137 1676 3306 1731 simul
3340 1676 3475 1744 sint,
3529 1690 3584 1731 et
3627 1679 3768 1732 simul

2203 1777 2612 1834 conversentur,
2649 1769 2807 1824 simul
2838 1770 3219 1840 adjudicantur
3250 1782 3452 1838 poenas,
3488 1777 3581 1822 aut
3625 1759 3769 1823 simul

2136 1843 2178 1898 Β
2207 1863 2574 1932 suscipientur
2606 1862 2658 1915 in
2687 1861 2896 1931 requie.
2954 1862 3095 1932 Ergo
3123 1862 3254 1931 quia
3291 1861 3432 1926 hate,
3485 1860 3667 1930 inquit,
3703 1861 3767 1915 ita

2207 1963 2357 2021 sunt,
2401 1953 2597 2009 merito
2637 1961 2692 2006 et
2728 1968 2828 2023 ego
2867 1967 3042 2023 neque
3089 1955 3155 2008 de
3219 1961 3380 2007 nocte
3427 1951 3573 2018 silui,
3619 1967 3772 2022 neque

2208 2047 2350 2101 diem
2385 2045 2603 2115 reliqui.
2631 2043 2735 2100 Sed
2758 2055 2956 2114 pereat,
2987 2043 3142 2109 dixit,
3174 2044 3291 2098 dies
3324 2043 3413 2098 ille
3434 2044 3488 2095 in
3513 2060 3610 2114 quo
3633 2053 3770 2097 natus

2207 2156 2343 2206 sum,
2389 2149 2436 2192 et
2472 2155 2576 2192 non:
2606 2140 2659 2191 in
2693 2155 2797 2207 qua
2845 2137 3042 2191 dictum
3085 2144 3162 2191 est
3196 2153 3217 2190 :
3248 2135 3388 2189 Ecce
3433 2134 3705 2188 masculus.
3733 2136 3768 2190 Α

2207 2246 2315 2301 quo
2359 2230 2563 2284 dictum
2600 2229 2721 2284 est?
2765 2227 2849 2281 Ab
2903 2227 3008 2290 his,
3057 2226 3257 2296 inquit,
3285 2228 3379 2296 qui
3412 2227 3773 2282 nuntiaverunt

2208 2322 2346 2392 patri
2398 2336 2516 2376 meo
2551 2320 2757 2375 Zareb.
2799 2318 3020 2374 Plurimi
3061 2333 3303 2386 namque
3345 2317 3420 2371 illi
3472 2317 3771 2386 praedicave-

2211 2425 2338 2468 runt
2368 2413 2535 2467 filium
2569 2420 2780 2476 natum,
2827 2411 2963 2464 alter
2992 2409 3226 2464 alterum
3262 2409 3558 2477 anticipare
3591 2423 3765 2478 prope-

2211 2514 2415 2571 rantes,
2449 2513 2508 2558 ut
2536 2517 2633 2572 per
2676 2503 2728 2557 id
2775 2503 2919 2572 quod
2961 2502 3192 2558 honeste
3235 2501 3647 2556 celebraverunt
3688 2516 3770 2569 per

2209 2596 2450 2665 singulos
2498 2611 2670 2650 annos
2715 2595 2890 2649 abeo
2940 2595 3274 2664 accipientes
3333 2593 3576 2648 dicerent
3611 2591 3770 2645 :Ecce

2209 2697 2371 2742 natus
2399 2695 2481 2742 est
2518 2687 2613 2742 tibi
2653 2687 2946 2742 masculus.
2979 2685 3085 2742 Sed
3111 2683 3164 2741 et
3196 2695 3337 2756 pulo
3365 2685 3508 2755 quod
3545 2685 3665 2754 ipsa:
3691 2685 3773 2737 ob-

2210 2780 2458 2834 stetrices
2479 2779 2638 2832 matri
2667 2776 2766 2833 Job
2785 2776 2957 2833 Bosor
2975 2778 3436 2832 renuntiaverunt
3459 2777 3555 2848 (sic
3570 2789 3773 2844 namque

2215 2869 2527 2943 vocabant),
2557 2870 2684 2942 quia
2735 2869 3028 2924 masculum
3064 2871 3347 2940 genuerit.
3393 2868 3516 2923 llazc
3566 2881 3771 2938 namque

2213 2965 2548 3020 demonstrat
2587 2965 2772 3019 dicens
2800 2977 2813 3010 :
2846 2963 2913 3016 Et
2946 2978 3048 3018 nam
3091 2962 3186 3016 illa
3212 2962 3277 3015 in
3302 2979 3408 3032 qua
3441 2962 3630 3014 dictum
3661 2971 3724 3012 est
3751 2974 3767 3011 :

2213 3054 2348 3110 Ecce
2384 3055 2671 3110 masculus.
2717 3055 2815 3110 Ubi
2847 3055 2984 3124 dies,
3024 3054 3131 3109 illic
3157 3064 3207 3109 et
3233 3069 3373 3110 nox.
3407 3051 3474 3108 Et
3496 3051 3630 3122 quod
3653 3050 3765 3111 diei,

2215 3149 2317 3202 hoc
2347 3148 2509 3201 etiam
2539 3147 2701 3201 nocti.
2760 3144 2840 3201 0b
2874 3146 2977 3202 hoc
3009 3161 3138 3217 ergo
3165 3146 3302 3215 quia
3342 3161 3504 3200 unum
3525 3152 3642 3199 sunt
3669 3143 3766 3197 dies

2213 3255 2274 3294 ac
2306 3255 2432 3306 nox,
2463 3254 2582 3292 cum
2615 3239 2720 3296 diei
2756 3237 3135 3303 malediceret,
3167 3239 3325 3293 nocti
3375 3253 3478 3292 non
3527 3236 3763 3307 pepercit.

2213 3329 2426 3398 Pereat,
2456 3331 2652 3399 inquit,
2689 3331 2801 3383 dies
2829 3331 2882 3383 in
2917 3345 3016 3398 quo
3068 3340 3226 3383 natus
3259 3347 3406 3392 sum,
3469 3338 3514 3382 et
3561 3325 3764 3380 uexilla

2211 3425 2266 3478 in
2292 3440 2394 3493 qua
2440 3423 2640 3476 dictum
2688 3432 2761 3476 est
2808 3436 2828 3474 :
2861 3421 2996 3475 Ecce
3041 3421 3340 3478 masculus.
3398 3419 3511 3473 Nux
3547 3419 3628 3473 illa
3659 3432 3765 3487 quae

2211 3516 2496 3587 praeteriit,
2521 3531 2642 3584 qua:
2679 3514 2916 3579 transiit,
2953 3529 3073 3583 qua:
3101 3513 3327 3580 defecit,
3369 3529 3488 3583 quat
3535 3526 3632 3565 non
3668 3517 3759 3562 εει.

2212 3607 2326 3662 Nox
2375 3606 2461 3661 illa
2495 3607 2637 3661 sicut
2676 3613 2732 3660 et
2775 3605 2893 3659 dies
2944 3605 3030 3659 ille
3061 3619 3294 3658 manens
3325 3605 3378 3658 in
3419 3601 3664 3663 tenebris,
3689 3599 3763 3652 ille

2211 3700 2303 3770 qui
2335 3713 2438 3752 non
2473 3699 2707 3763 videtur,
2735 3697 2825 3765 qui
2864 3710 2968 3751 non
3009 3696 3340 3761 invenietur,
3370 3696 3459 3765 qui
3493 3708 3592 3748 non
3627 3706 3762 3744 revo-

2211 3780 2389 3857 catur,
2418 3791 2510 3859 qui
2551 3805 2654 3844 non
2705 3797 2810 3842 est.
2863 3785 3014 3842 Sicut
3053 3802 3183 3857 ergo
3207 3803 3317 3842 nox
3355 3785 3466 3848 illa,
3494 3785 3562 3839 ita
3589 3792 3637 3837 et
3661 3781 3759 3834 dies

2213 3883 2301 3938 ille
2327 3891 2554 3953 pereant
2603 3890 2857 3950 tanquam
2885 3894 3006 3949 quae
3040 3893 3146 3933 non
3179 3889 3330 3943 sunt,
3367 3877 3614 3932 deficiant
3654 3881 3758 3927 tan-

2210 3990 2370 4044 quam
2395 3988 2513 4042 quze
2535 3987 2638 4028 non
2658 3972 2927 4036 videntur,
2959 3985 3132 4040 neque
3158 3970 3610 4025 demonstrantur.
3639 3964 3756 4020 Cum

2213 4068 2317 4121 ista
2351 4081 2480 4133 ergo
2504 4080 2624 4134 qtae
2649 4079 2755 4118 non
2781 4073 2909 4118 sunt
2936 4062 3282 4117 maledixerit
3315 4061 3442 4127 Job,
3472 4069 3526 4113 et
3551 4073 3608 4112 ea
3651 4069 3758 4124 qua:

2210 4174 2315 4213 non
2353 4167 2479 4212 sunt
2513 4156 2692 4226 perire
2723 4154 2973 4222 voluerit,
3032 4153 3526 4224 irreprehensibilis
3557 4146 3757 4204 omnino

2213 4252 2264 4306 in
2288 4249 2538 4304 omnibus
2572 4249 2943 4317 permanebat.
2993 4246 3386 4301 Vehementem
3434 4244 3573 4299 enim
3626 4238 3758 4294 dolo-

2213 4360 2326 4398 rem
2376 4355 2534 4411 quem
2587 4339 2890 4394 sustinebat
2933 4336 3162 4393 deflebat
3217 4339 3423 4409 absque
3478 4336 3615 4390 illius
3663 4345 3758 4385 mo-

2211 4436 2385 4491 lestia.
2417 4433 2553 4488 Puto
2585 4432 2730 4502 quod
2761 4431 2984 4487 forsitan
3037 4431 3163 4485 olim
3213 4430 3266 4485 in
3303 4429 3455 4484 initio
3487 4419 3756 4496 iuventutis

548 4528 802 4574 laverunt
827 4520 1087 4589 supplicia
1120 4530 1282 4590 atque
1305 4535 1491 4589 pcenas
1517 4535 1637 4589 qua;
1676 4521 1753 4576 eis
1781 4524 2105 4580 acciderunt.
2141 4518 2188 4578 D
2214 4525 2571 4583 celebraverit
2624 4523 2725 4580 Job
2755 4525 2896 4578 diem
2933 4523 3232 4578 nativitatis
3275 4538 3411 4587 sua},
3473 4522 3593 4575 item
3633 4523 3757 4567 nunc

545 4609 740 4665 Merito
794 4626 923 4680 ergo
963 4613 1093 4665 dicit
1127 4611 1274 4665 Joh:
1319 4609 1506 4665 Pereat
1545 4613 1654 4666 dies
1702 4615 1755 4668 in
1803 4631 1904 4684 quo
1953 4627 2107 4671 natus

545 4721 681 4766 sum,
727 4704 882 4774 juxta
905 4706 1082 4758 omnia
1112 4721 1231 4772 (μιαι
1270 4707 1518 4773 superius
1540 4716 1756 4762 ostensa
1809 4719 1966 4778 atque
1998 4727 2111 4765 me-

545 4808 753 4851 morata
780 4807 923 4862 sunt,
973 4810 1019 4852 et
1076 4814 1178 4851 nox
1213 4797 1307 4850 illa
1358 4801 1410 4851 in
1448 4815 1551 4867 qua
1585 4800 1778 4853 dictum
1823 4813 1893 4854 est
1925 4815 1942 4852 :
1977 4801 2110 4856 Ecce

545 4891 808 4944 masculus
837 4889 904 4941 ⁷⁸.
945 4890 1114 4945 Porro
1145 4890 1363 4957 quando
1392 4901 1549 4944 natus
1580 4907 1659 4955 es,
1715 4907 1747 4944 ο
1793 4893 1946 4948 beate
1974 4892 2108 4948 Job?

546 4995 643 5052 per
677 4985 838 5049 diem,
878 4999 943 5036 an
969 4998 1066 5052 per
1089 4982 1336 5038 noctem?
1377 4983 1434 5037 Si
1461 4983 1512 5036 in
1544 4984 1630 5037 die
1655 4994 1812 5039 natus
1841 5001 1922 5049 es,
1958 4995 2115 5041 nocte

558 5077 685 5147 quid
717 5075 1009 5130 irasceris?
1058 5075 1162 5128 Sed
1191 5076 1234 5128 si
1270 5076 1322 5128 in
1359 5087 1515 5130 nocte
1545 5086 1704 5130 natus
1737 5092 1814 5142 es,
1847 5077 1988 5132 diem
2019 5095 2117 5133 cur

549 5167 872 5223 maledicis?
904 5168 1058 5222 Sicut
1091 5175 1269 5221 autem
1315 5176 1472 5222 aestas
1499 5178 1554 5223 et
1585 5169 1761 5224 hiems
1800 5171 1938 5224 idem
1970 5181 2114 5239 sunt,

549 5259 627 5313 sic
655 5271 710 5312 et
743 5276 846 5316 nox
877 5271 932 5316 et
957 5261 1071 5314 dies
1099 5277 1114 5325 ;
1140 5260 1281 5328 quod
1326 5259 1467 5312 enim
1494 5275 1590 5328 per
1627 5271 1865 5316 a‘statem
1906 5263 1982 5328 fit,
2016 5265 2118 5320 hoc

545 5349 895 5405 nihilominus
954 5366 1048 5420 per
1105 5351 1336 5404 hiemem
1410 5352 1748 5406 consumitur
1805 5370 1819 5406 :
1868 5364 1923 5409 et
1973 5357 2116 5424 quod

547 5441 725 5494 hieme
763 5442 1111 5510 superfuerit,
1143 5443 1245 5498 hoc
1275 5442 1461 5511 procul
1509 5443 1672 5498 dubio
1716 5455 1905 5500 aestate
1955 5447 2115 5502 semi-

542 5547 726 5598 natur,
768 5542 957 5589 testate
993 5535 1294 5600 laboratur,
1344 5535 1484 5590 sicut
1524 5536 1575 5589 in
1630 5536 1717 5591 die
1753 5553 1768 5589 :
1820 5538 1995 5592 hieme
2029 5554 2115 5593 re-

543 5624 859 5693 quiescitur,
901 5626 1044 5681 sicut
1090 5629 1143 5682 in
1205 5638 1386 5682 nocte.
1423 5627 1490 5681 Et
1517 5628 1695 5683 adhuc
1737 5630 1878 5684 sicut
1917 5645 2112 5700 corpus

2215 4622 2389 4690 ipsum
2417 4616 2734 4687 reprobatis,
2767 4616 2892 4684 quia
2928 4630 3032 4669 non
3061 4613 3436 4678 celebrandus,
3460 4611 3548 4665 sed
3571 4608 3756 4661 lamen-

2217 4711 2414 4766 tandus
2444 4720 2607 4777 atque
2631 4707 2925 4776 plorandus
2951 4714 3032 4759 est
3067 4706 3182 4759 dies
3201 4706 3433 4760 carnalis
3459 4693 3751 4757 nativitatis.

2217 4812 2400 4872 utpote
2434 4809 2706 4854 tantarum
2739 4797 3090 4853 tentationum
3132 4807 3294 4867 atque
3335 4797 3568 4852 dolorum
3603 4791 3756 4842 intro-

2213 4896 2368 4951 itus:
2405 4902 2460 4946 et
2507 4906 2612 4946 non
2658 4891 2834 4958 solum
2884 4906 2988 4946 non
3046 4889 3341 4946 celebravit
3389 4886 3634 4945 ulterius,
3669 4877 3749 4932 sed

2213 4985 2488 5043 maledixit
2537 5000 2600 5037 ac
2633 4983 2814 5052 perire
2853 4983 3062 5050 Optavit
3101 4983 3285 5038 dicens
3322 4999 3337 5036 :
3372 4979 3555 5034 Pereat
3583 4975 3680 5026 die:
3705 4971 3750 5020 in

2209 5096 2312 5151 quo
2345 5087 2497 5130 natus
2531 5091 2666 5128 sum.
2693 5073 2794 5141 Qui
2827 5073 2980 5128 dies?
3009 5073 3122 5141 Ille,
3165 5074 3358 5141 inquit,
3392 5070 3477 5140 qui
3513 5067 3630 5119 olim
3660 5058 3750 5151 fuit

2216 5148 2479 5227 honestus
2521 5177 2576 5222 et
2606 5168 2813 5234 hilaris,
2844 5166 3071 5220 festivus
3095 5177 3149 5220 et
3179 5165 3334 5220 lactus
3359 5173 3514 5231 atque
3539 5148 3748 5224 splendi-

2215 5264 2336 5318 dus.
2370 5261 2468 5316 llic
2503 5275 2631 5329 ergo
2669 5268 2854 5329 pereat
2901 5259 3034 5313 dies.
3095 5257 3251 5313 Unde
3293 5251 3510 5326 pereat?
3552 5248 3622 5302 Ex
3667 5253 3746 5294 so-

2212 5353 2511 5417 lemnitate,
2537 5369 2600 5408 ex
2640 5352 2842 5417 laetitia,
2889 5367 2952 5404 ex
2984 5350 3291 5420 splendore,
3318 5365 3384 5404 ex
3412 5344 3526 5402 istis
3559 5338 3740 5410 pereal,

2211 5459 2266 5502 et
2290 5462 2560 5514 nunquam
2587 5446 2640 5499 in
2673 5445 2754 5498 his
2785 5444 3117 5498 inveniatur.
3143 5442 3275 5498 Cum
3307 5441 3408 5496 hoc
3436 5443 3600 5492 autem
3644 5423 3737 5484 die,

2211 5539 2370 5592 etiam
2430 5553 2534 5593 nox
2597 5536 2682 5590 illa
2737 5546 2924 5606 pereat
2971 5536 3023 5589 in
3066 5549 3170 5602 qua
3222 5534 3419 5587 dictum
3472 5536 3589 5581 est:
3621 5517 3742 5572 Ecce

2221 5630 2514 5685 masculus.
2560 5627 2685 5684 Hinc
2731 5629 3009 5683 audientes
3049 5641 3170 5693 nos,
3212 5627 3392 5690 oviri,
3417 5635 3514 5676 non
3540 5608 3764 5685 gaudear

613 5744 978 5817 “iJobm,5.
1055 5745 1544 5816 "Jerem.xx,M.
1622 5747 1872 5804 7’llCm‘.
1968 5749 2111 5816 “,5

2253 5748 2302 5782 "‘
2354 5747 2552 5804 Jcrem.
2585 5746 2703 5813 ἰν,
2774 5747 2860 5799 17.
2937 5746 2982 5778 ⁷⁵
3017 5742 3205 5798 Matth.
3261 5737 3517 5808 xxvr,59.
3581 5720 3737 5780 "10b

543 5833 626 5875 Ill.
663 5816 717 5873 5.
