3992 6312
215 374 312 432 517

1294 372 1676 428 ANONYMUS
1715 371 1783 427 IN
1814 373 1954 428 J()B.
1996 405 2064 415 —
2096 376 2226 432 LIB.
2268 376 2359 432 111.

3346 385 3450 441 518

216 509 328 549 mus
364 499 602 546 terrente
651 466 1080 556 nativitati,ised
1126 488 1419 545 timeamus
1460 506 1490 545 a
1531 491 1781 561 plurimis
1812 496 1855 552 A
1883 493 2135 548 omnibus
2155 496 2245 564 qui
2272 495 2695 551 delectationem
2729 498 3184 565 putantcarnales
3204 500 3449 567 delicias,

217 585 366 651 hujus
399 584 589 637 mundi
622 582 1029 647 tentationibus,
1083 582 1176 635 sed
1224 596 1516 649 paveamus
1553 600 1580 635 a
1618 584 1779 636 terri-

214 676 298 729 bili
330 674 555 729 introitu
582 674 634 727 in
668 674 795 728 illud
820 672 1230 741 incorruptibile
1259 673 1537 740 saeculum,
1561 675 1649 729 ubi
1674 677 1777 731 erit

215 764 465 819 revelatio
490 774 546 819 et
570 764 845 835 inquisitio
872 765 1111 818 omnium
1136 778 1358 832 operum
1391 776 1556 836 atque
1588 768 1775 824 verbo-

214 872 323 909 rum
357 867 685 912 nostrorum.
724 857 1256 920 Animadvertamtis,
1302 872 1335 911 ο
1364 858 1629 923 homines,
1659 875 1777 927 quae

210 948 511 1004 innnntatio
534 948 671 1004 facta
696 958 781 1004 est
808 948 860 1002 in
887 948 1213 1003 hominibus.
1236 947 1367 1001 Nam
1399 949 1607 1016 priores
1632 949 1773 1005 diem

209 1040 506 1095 nativitatis
550 1040 895 1096 celebrabant
952 1056 1113 1094 unam
1159 1040 1324 1095 vitam
1369 1041 1675 1110 diligentes,
1723 1050 1776 1097 et

208 1130 367 1186 aliam
402 1142 523 1200 post
550 1133 691 1187 hanc
718 1148 824 1187 non
864 1143 1166 1198 sperantes.
1196 1131 1351 1207 Nune
1387 1147 1514 1187 vero
1542 1149 1640 1187 nos
1670 1148 1774 1188 non

207 1224 504 1279 nativitatis
525 1225 663 1278 diem
696 1224 1054 1288 celebramus,
1084 1238 1207 1277 cum
1238 1224 1308 1277 sit
1342 1224 1582 1279 dolorum
1614 1234 1776 1295 atque

208 1316 560 1371 tentationum
599 1316 875 1382 introitus,
894 1315 987 1371 sed
1022 1317 1213 1369 mortis
1239 1315 1379 1369 diem
1416 1316 1771 1385 celebramus,

206 1418 393 1477 utpote
429 1408 670 1462 omnium
708 1407 955 1463 dolorum
1018 1406 1409 1474 depositionem
1451 1420 1617 1478 atque
1653 1425 1773 1464 om-

203 1501 356 1555 nium
389 1500 745 1555 tentationum
776 1499 1184 1570 eﬂ'ugationem.
1230 1498 1379 1554 Diem
1407 1501 1599 1555 mortis
1636 1502 1776 1558 cele-

201 1590 449 1655 bramus,
479 1592 606 1660 quia
635 1606 740 1645 non
773 1592 1077 1644 moriuntur
1122 1590 1174 1644 hi
1204 1591 1295 1659 qui
1323 1592 1459 1645 mori
1492 1592 1771 1659 videntur;

201 1692 488 1751 propterea
523 1692 577 1736 et
607 1682 896 1737 memorias
943 1692 1258 1737 sanctorum
1291 1681 1545 1749 facimus,
1573 1693 1627 1738 et
1676 1700 1777 1754 pa-

198 1783 418 1828 rentum
472 1783 805 1838 nostrorum,
834 1773 916 1828 vel
966 1773 1264 1829 amicorum
1315 1776 1367 1829 in
1401 1776 1505 1831 ﬁde
1536 1777 1773 1832 morien-

198 1864 337 1919 tium
379 1865 573 1919 devote
603 1864 919 1919 memoriam
954 1863 1185 1933 agimus,
1232 1874 1339 1920 tam
1370 1867 1590 1924 illorum
1622 1872 1778 1927 reiri-
1806 1841 1848 1895 Β

194 1960 351 2023 gerio
388 1958 689 2028 gaudentes
731 1971 891 2025 quam
928 1956 1091 2010 etiam
1137 1958 1296 2012 nobis
1336 1962 1478 2029 piam
1524 1978 1777 2019 consum-

195 2049 496 2104 mationem
520 2048 571 2102 in
608 2047 711 2101 title
735 2047 1087 2116 postulantes.
1131 2047 1223 2104 Sic
1261 2049 1446 2115 itaque
1488 2067 1593 2109 non
1636 2056 1776 2112 diem

192 2142 509 2195 nativitatis
540 2139 896 2204 celebramus,
936 2141 1065 2209 quia
1112 2140 1163 2194 in
1227 2154 1487 2211 perpetuo
1516 2145 1698 2201 vivent
1738 2147 1776 2202 ii

188 2232 289 2301 qui
328 2232 649 2288 moriuntur.
678 2229 1024 2285 Celebramus
1061 2230 1319 2287 nimirum
1356 2234 1637 2304 religiosos
1655 2255 1775 2296 cum

188 2321 577 2378 sacerdotibus
629 2333 1014 2389 convocantes,
1068 2323 1254 2379 ﬁdeles
1288 2340 1395 2380 una
1449 2342 1571 2383 cum
1607 2330 1774 2398 clero,

187 2413 499 2469 invitantes
544 2413 717 2468 adhuc
763 2428 965 2483 egenos
1019 2425 1074 2469 et
1124 2430 1413 2484 pauperes,
1460 2421 1693 2490 pupillos
1722 2433 1777 2478 et

189 2505 392 2559 viduas
421 2515 748 2570 saturantes,
802 2515 860 2559 ut
892 2507 985 2559 fiat
1029 2505 1301 2563 festivitas
1353 2520 1538 2565 nostra
1575 2512 1628 2566 in
1662 2528 1776 2568 me-

190 2598 433 2651 moriam
468 2598 670 2667 requiei
719 2598 991 2653 defunctis
1026 2600 1335 2667 animabus,
1385 2617 1620 2672 quarum
1656 2619 1773 2660 me-

191 2688 428 2743 moriam
458 2689 812 2755 celebramus,
847 2689 998 2744 nobis
1038 2700 1223 2745 autem
1254 2692 1524 2747 elliciatur
1563 2696 1614 2767 in
1645 2696 1774 2751 odo-

190 2795 310 2834 rem
345 2781 628 2835 suavitatis
678 2782 732 2834 in
787 2792 1081 2851 conspectu
1122 2786 1310 2838 aeterni
1368 2784 1483 2842 Dei.
1551 2787 1673 2844 Hazc
1700 2790 1776 2843 vi-

191 2872 395 2927 delicet
428 2872 687 2937 diximus,
718 2874 844 2942 quia
875 2875 1017 2928 diem
1050 2876 1356 2929 nativitatis
1395 2889 1620 2947 propter
1655 2880 1775 2936 illos

191 2964 280 3033 qui
335 2964 455 3019 sine
505 2978 599 3034 spe
653 2976 779 3019 sunt
814 2966 1099 3021 maledixit
1151 2967 1251 3022 Job
1316 2969 1502 3025 dicens
1538 2987 1552 3024 :
1584 2969 1774 3028 Pereat

189 3057 306 3113 ﬁt:
332 3054 419 3110 ille
448 3057 499 3110 in
519 3073 620 3126 quo
643 3067 795 3111 natus
823 3074 961 3122 sum,
1009 3069 1056 3112 et
1091 3075 1194 3113 nos:
1224 3060 1318 3113 illa
1346 3062 1400 3114 in
1435 3078 1539 3132 qua
1577 3064 1773 3118 dictum

190 3159 260 3201 est
293 3146 479 3201 :Ecce
512 3148 795 3202 masculus.
830 3147 993 3205 Paulo
1027 3162 1149 3219 post
1200 3152 1459 3209 incedens
1502 3155 1632 3210 dicit
1664 3174 1677 3210 :
1705 3155 1774 3210 Et

192 3256 307 3293 ποι
336 3239 430 3292 illa
478 3241 544 3292 sit
597 3240 652 3293 in
696 3240 877 3295 dolore
906 3243 972 3297 "".
1014 3242 1261 3298 Ostendit
1313 3259 1441 3300 vero
1476 3247 1599 3315 quia
1644 3249 1775 3302 nulli

190 3331 479 3385 maledixit
513 3346 609 3401 per
645 3332 744 3385 hoc
773 3334 913 3402 quod
941 3334 1041 3399 ait,
1084 3345 1134 3389 et
1162 3352 1264 3389 nox
1287 3336 1378 3390 illa
1401 3339 1466 3391 sit
1494 3340 1550 3392 in
1578 3340 1773 3395 dolore.

189 3421 329 3489 Quis
362 3424 511 3477 enim
560 3425 717 3479 dolor
742 3426 848 3479 erit
875 3427 1020 3481 nocti
1042 3428 1064 3479 ?
1086 3426 1295 3484 Nullus.
1334 3428 1468 3483 Nam
1496 3447 1597 3486 nox
1637 3432 1775 3501 apud

188 3515 544 3584 semetipsam
568 3524 728 3585 atque
760 3516 813 3569 in
846 3518 1159 3588 semetipsa,
1210 3536 1387 3591 neque
1415 3538 1537 3577 cum
1570 3524 1774 3593 dolore,

188 3622 373 3677 neque
401 3609 518 3663 sine
548 3608 733 3665 dolore
761 3624 882 3665 esse
910 3620 1107 3679 potest.
1141 3611 1277 3666 Nam
1316 3614 1455 3669 sicut
1485 3631 1591 3670 non
1618 3617 1779 3672 habet

187 3710 473 3766 naturam,
504 3716 681 3772 neque
724 3702 1104 3767 substantiam,
1148 3704 1221 3759 ita
1264 3720 1364 3760 nec
1389 3706 1652 3770 dolorem,
1680 3724 1776 3763 ne-

188 3808 298 3863 que
333 3792 551 3858 vulnus,
593 3808 767 3862 neque
820 3795 1132 3863 passionem
1173 3795 1336 3850 habet
1381 3796 1435 3850 in
1460 3800 1771 3868 semetipsa,

190 3900 373 3955 neque
405 3886 545 3950 dies,
596 3901 772 3955 neque
801 3902 929 3942 nox.
984 3887 1109 3943 Haec
1156 3888 1340 3958 itaque
1368 3891 1547 3945 sciens
1588 3892 1776 3948 beatus

191 3975 290 4033 Job
324 3977 602 4033 miseriam
630 3977 924 4043 ventilans,
945 3988 1000 4033 et
1027 3978 1267 4035 dolorem
1300 3980 1523 4046 deﬂens,
1543 3983 1623 4038 eis
1654 3999 1775 4053 quae

194 4084 298 4125 non
336 4078 466 4125 sunt
505 4070 784 4125 maledixit
816 4079 982 4141 atque
1012 4071 1253 4126 dolorem
1293 4074 1519 4143 optavit,
1547 4075 1769 4130 dicens:

190 4160 388 4216 Pereat
416 4161 507 4215 ille
532 4162 643 4216 dies
668 4163 725 4217 in
758 4179 860 4232 quo
890 4175 1046 4217 natus
1084 4181 1221 4226 sum,
1268 4174 1319 4220 et
1346 4181 1452 4219 nox
1471 4165 1565 4219 illa
1593 4168 1648 4219 in
1668 4183 1773 4237 qua

195 4251 395 4304 dictum
434 4261 509 4305 est
544 4268 563 4306 :
598 4250 733 4306 Ecce
756 4253 1049 4309 masculus.
1107 4254 1329 4321 Quare?
1359 4255 1483 4324 quia
1523 4258 1771 4312 tenebro-

195 4354 377 4396 sorum
406 4343 653 4398 dolorum
684 4344 811 4399 mihi
845 4346 1145 4415 auspicium
1170 4356 1253 4401 est
1295 4347 1490 4411 factus,
1522 4348 1647 4417 quia
1674 4350 1772 4403 ob-

196 4434 638 4490 scurissimorum
675 4438 1062 4505 suppliciorum
1090 4439 1221 4493 mihi
1250 4440 1461 4493 exstitit
1492 4440 1765 4507 introitus,

137 4506 146 4517 ’
197 4527 324 4595 quia
377 4542 500 4582 cum
549 4544 607 4583 re
654 4527 908 4584 familiari
960 4541 1125 4599 atque
1178 4531 1410 4585 filiorum
1468 4506 1768 4601 perditione

198 4620 356 4673 etiam
374 4621 577 4675 amicos
608 4620 659 4674 iu
688 4621 935 4676 inimicos
956 4624 1251 4687 convertit,
1280 4632 1329 4677 et
1362 4638 1558 4693 corpus
1587 4639 1765 4679 meum

198 4712 471 4767 vermibus
498 4714 857 4782 consumpsit,
884 4724 941 4768 et
978 4716 1342 4769 membrorum
1371 4731 1611 4771 meorum
1641 4730 1767 4770 ner-

197 4805 295 4858 vos
320 4805 549 4861 humore
578 4805 817 4859 vulneris
869 4805 1166 4875 liquefecit.
1208 4806 1312 4861 Pro
1360 4807 1444 4861 his
1479 4822 1609 4877 ergo
1647 4822 1769 4862 om-

198 4896 355 4951 nibus
384 4898 501 4953 dies
548 4897 638 4951 illa
676 4899 749 4952 sit
786 4899 840 4952 in
875 4898 1134 4963 tenebris,
1162 4908 1221 4953 et
1281 4908 1536 4967 tanquam
1580 4914 1771 4955 errans

197 4989 494 5044 circumeat
546 4990 598 5044 in
650 4991 910 5055 tenebris,
952 5002 1007 5045 et
1051 5006 1241 5046 rursus
1283 4991 1350 5045 ad
1377 5004 1463 5044 me
1486 5005 1769 5045 accessum

198 5096 304 5135 non
340 5082 602 5147 inveniat,
662 5096 837 5153 neque
892 5084 1325 5153 appropinquare
1371 5083 1569 5147 valeat,
1602 5098 1776 5152 neque

201 5174 422 5228 vulnera
455 5190 572 5229 mea
597 5174 893 5229 identidem
926 5186 1168 5240 renovet,
1204 5190 1382 5243 neque
1416 5174 1632 5245 maligni
1656 5176 1774 5230 dia-

199 5264 300 5318 boli
326 5266 501 5319 zelum
532 5266 709 5321 denuo
754 5266 885 5321 mihi
918 5267 1316 5321 subministret.
1369 5265 1449 5321 0b
1500 5265 1604 5321 hoc
1642 5282 1771 5336 ergo

199 5356 311 5411 dies
339 5356 426 5412 ille
455 5358 527 5412 sit
558 5358 612 5412 in
641 5358 902 5423 tenebris,
936 5358 1051 5411 dies
1087 5357 1175 5411 ille
1201 5357 1292 5428 qui
1327 5357 1586 5427 plurimos
1620 5358 1773 5413 delu-

200 5448 295 5511 dit,
323 5448 414 5519 qui
451 5448 712 5517 plurimos
741 5450 977 5510 seducit,
1009 5448 1100 5517 qui
1144 5449 1393 5518 plurimis
1426 5459 1661 5504 aeternas
1696 5458 1775 5504 te-

201 5540 393 5595 nebras
436 5550 713 5611 procurat.
741 5538 1005 5595 Omnibus
1032 5539 1138 5595 illis
1172 5541 1262 5610 qui
1303 5541 1579 5596 carnalem
1608 5542 1773 5596 vitam

200 5636 561 5701 quaesierunt,
619 5632 874 5704 spiritalis
929 5647 1060 5689 vero
1117 5648 1386 5691 memores
1446 5650 1549 5691 non
1612 5643 1771 5699 sunt;

305 5814 345 5845 ⁷⁷
372 5811 472 5869 Job
500 5828 584 5878 Ill,
619 5812 672 5868 '5.
749 5811 793 5844 ⁷⁸
824 5811 951 5869 ibid.
972 5812 1024 5868 4.
1052 5812 1095 5847 "’
1125 5812 1254 5869 ibid.

1879 585 2130 640 omnibus
2176 586 2268 655 qui
2303 586 2561 657 voluptati
2611 603 2675 641 ac
2713 590 2886 643 ventri
2929 590 3241 645 deserviunt
3289 607 3453 662 super

1881 680 2115 739 terram;
2166 675 2421 729 omnibus
2455 676 2572 731 istis
2600 677 2866 732 obscurus
2915 678 3200 746 eﬂiciatur,
3241 682 3367 750 quia
3396 684 3449 737 in

1878 764 2114 820 tenebris
2143 768 2454 835 prodibunt,
2488 768 2613 837 quia
2656 770 2709 823 in
2747 772 2990 824 tenebras
3012 771 3186 837 ibunt,
3215 774 3335 841 quia
3369 784 3450 830 te-

1877 856 2059 909 nebrae
2087 866 2375 926 eontegent
2406 873 2599 913 nomen
2626 874 2833 917 eorum.
2863 860 2983 914 Dies
3007 862 3096 915 ille
3124 864 3191 915 sit
3226 865 3281 917 in
3306 874 3449 918 tene—

1877 946 1983 1000 bris
2015 946 2080 1000 ⁷⁸.
2113 946 2204 1003 llle
2250 949 2304 1001 in
2340 964 2447 1019 quo
2483 950 2747 1020 malignus
2787 961 2950 1020 atque
2993 954 3312 1008 tenebrosus
3337 956 3453 1009 dia-

1875 1034 2034 1090 bolus
2061 1052 2215 1091 suam
2259 1036 2487 1107 perfecit
2532 1039 2881 1094 voluntatem.
2915 1040 3048 1095 Nam
3096 1052 3151 1097 et
3180 1059 3307 1098 vere
3349 1045 3451 1100 nisi

1877 1127 2107 1195 primum
2137 1129 2513 1184 obscuraverit
2547 1131 2793 1186 diabolus
2822 1136 2985 1187 corda
3020 1134 3321 1202 hominum,
3348 1137 3453 1192 nisi

1876 1219 2105 1287 primum
2166 1220 2519 1277 infuscaverit
2581 1224 2791 1276 animas
2838 1238 3069 1290 eorum,
3150 1227 3251 1280 nisi
3306 1227 3454 1297 prius

1875 1310 2197 1389 oblivionem
2230 1312 2437 1368 dederit
2468 1313 2677 1369 timoris
2702 1315 2793 1370 Dei
2824 1326 2984 1385 atque
3024 1319 3343 1373 terribilium
3364 1320 3454 1389 ju-

1877 1384 2143 1458 diciorum'
2176 1405 2312 1475 ejus,
2347 1422 2451 1460 non
2485 1407 2671 1475 utique
2698 1384 2903 1462 valebit
2931 1425 3168 1478 unquam
3204 1384 3455 1480 peccato-

1877 1507 1995 1547 rum
2024 1510 2212 1551 semen
2239 1497 2510 1551 seminare
2538 1498 2589 1573 in
2624 1498 2878 1553 cordibus
2910 1516 3119 1556 eorum.
3166 1503 3454 1572 Postquam

1876 1599 2005 1640 vero
2034 1586 2411 1642 obscuraverit
2447 1590 2708 1652 animam,
2739 1601 2792 1645 et
2829 1607 2857 1644 a
2885 1594 2990 1648 Deo
3021 1596 3300 1660 averterit,
3328 1606 3457 1650 tunc

1876 1677 2084 1732 scilicet
2124 1680 2189 1733 ad
2226 1680 2407 1735 omnia
2437 1682 2599 1747 mala,
2656 1684 2723 1737 ad
2781 1684 3192 1754 imptnlicitiam,
3222 1688 3289 1740 ad
3330 1686 3453 1741 inli-

1876 1766 2150 1823 delitatem
2184 1780 2345 1841 atque
2375 1773 2439 1825 ad
2465 1774 2647 1829 omnia
2677 1776 2860 1830 carnis
2891 1776 3158 1832 desideria
3197 1786 3453 1849 tanquam

1878 1872 1972 1914 eos
2008 1863 2098 1929 qui
2150 1862 2202 1915 in
2267 1865 2503 1918 tenebris
2554 1876 2681 1919 sunt
2760 1866 2916 1921 facile
2976 1871 3263 1924 convertit.
3334 1871 3458 1927 Istis

1877 1966 2007 2021 ergo
2039 1952 2235 2009 talibus
2260 1955 2492 2011 eﬂicitur
2528 1958 2643 2011 dies
2699 1958 2810 2025 illa,
2869 1959 2969 2014 hoc
2997 1970 3077 2014 est
3109 1962 3223 2016 dies
3257 1963 3457 2018 nativi-

1880 2043 2032 2110 tatis,
2061 2044 2174 2098 dies
2205 2047 2572 2102 tenebrarum.
2598 2048 2665 2103 Et
2687 2066 2795 2103 non
2821 2050 2992 2104 solum
3020 2052 3134 2107 dies
3159 2055 3458 2110 nativitatis

1890 2136 2124 2191 tenebrae
2176 2137 2281 2192 illis
2329 2138 2656 2205 etliciuntur,
2710 2141 2804 2195 sed
2864 2142 3081 2210 insuper
3120 2146 3295 2199 adhuc
3341 2148 3460 2203 dies

1883 2228 2074 2283 mortis
2098 2238 2424 2285 internarum
2457 2232 2798 2287 tenebrarum
2818 2234 3069 2290 introitus
3089 2236 3315 2291 efﬁcitur
3333 2238 3455 2294 illis.

1891 2318 2017 2374 Dies
2051 2322 2193 2375 enim
2233 2323 2555 2379 tenebrosus
2601 2325 2959 2381 circumdabit
3004 2328 3102 2383 hos
3152 2329 3301 2384 tales.
3337 2329 3459 2385 llaec

1876 2426 2108 2481 namque
2143 2414 2392 2469 universa
2425 2416 2742 2485 significans
2793 2419 2926 2473 dicit
2966 2438 2979 2473 :
3018 2419 3140 2473 Dies
3171 2420 3263 2473 illa
3290 2422 3357 2474 sit
3407 2422 3460 2475 in

1877 2504 2119 2558 tenebris.
2151 2505 2277 2560 Dies
2315 2506 2630 2577 impiorum,
2668 2509 2782 2563 dies
2813 2509 3133 2574 infidelium,
3160 2511 3275 2565 dies
3304 2511 3462 2567 lasci-

1875 2610 2087 2661 vorum,
2120 2597 2546 2667 impudicorum,
2573 2616 2759 2655 eorum
2795 2602 2887 2670 qui
2919 2616 3093 2671 neque
3122 2603 3176 2655 in
3204 2604 3291 2657 die
3318 2604 3461 2657 uati-

1887 2687 2072 2742 vitatis
2120 2688 2377 2757 pietatem
2411 2693 2745 2758 custodiunt,
2800 2709 2975 2763 neque
3026 2693 3078 2748 in
3129 2695 3216 2749 die
3270 2696 3461 2750 mortis

1875 2780 2251 2848 pmnitentiam
2283 2784 2736 2838 ostendunl.lstis
2752 2798 2881 2854 ergo
2906 2785 3105 2839 talibus
3137 2786 3253 2840 dies
3281 2785 3369 2841 ille
3391 2787 3461 2840 sit

1876 2870 1930 2925 in
1962 2874 2237 2939 tenebris,
2270 2875 2397 2943 quia
2432 2876 2482 2929 in
2511 2885 2625 2932 tota
2658 2878 2765 2930 vita
2802 2893 2898 2931 sua
2938 2887 3188 2947 tanquam
3224 2878 3276 2932 in
3311 2888 3460 2933 tene-

1876 2962 1989 3017 bris
2016 2965 2315 3031 ambulant,
2367 2967 2460 3036 qui
2492 2967 2712 3037 palpant
2733 2969 2881 3023 velut
2907 2984 3081 3023 czecus
3107 2972 3249 3024 circa
3281 2971 3460 3039 parie-

1877 3061 2006 3109 tem.
2034 3055 2204 3111 Justis
2238 3068 2420 3113 autem
2450 3059 2537 3113 lux
2567 3070 2652 3115 est
2690 3076 2905 3130 semper
2932 3062 2984 3115 in
3021 3063 3108 3117 die
3131 3064 3457 3128 nativitatis,

1878 3148 2020 3203 sicut
2049 3147 2297 3205 Jeremize
2334 3161 2385 3205 et
2426 3153 2674 3207 omnibus
2700 3156 2925 3209 sanctis.
2954 3154 3021 3208 Et
3048 3156 3100 3208 in
3133 3155 3220 3209 die
3246 3157 3458 3221 mortis,

1881 3239 2020 3294 sicut
2059 3239 2261 3296 Lazaro
2290 3243 2380 3309 qui
2419 3243 2730 3312 deportatus
2757 3253 2841 3298 est
2871 3246 2938 3297 ab
2962 3245 3168 3315 angelis
3200 3246 3251 3299 in
3280 3247 3459 3300 sinum

1878 3328 2129 3396 Abrahaz,
2179 3331 2331 3388 Isaac
2391 3343 2446 3388 et.
2498 3334 2698 3397 Jacob,
2760 3337 2811 3389 in
2863 3337 3060 3391 szccula
3113 3337 3458 3395 szeculorum.

1878 3420 2071 3478 Amen.
2102 3424 2221 3479 Dies
2249 3426 2338 3479 ille
2367 3427 2433 3479 sit
2466 3427 2520 3480 in
2556 3429 2799 3492 tenebris,
2834 3438 2881 3481 et
2908 3446 3012 3482 non
3040 3433 3271 3499 requirat
3311 3430 3460 3484 illum

1878 3514 2138 3570 Dominus
2175 3520 2402 3586 desuper
2430 3518 2495 3570 τ’.
2546 3516 2840 3574 ldentidem
2893 3521 2957 3572 ad
3016 3522 3195 3590 priora
3243 3536 3303 3574 se
3332 3537 3461 3575 con-

1876 3610 2059 3674 vertit,
2085 3626 2188 3663 non
2242 3610 2478 3680 inquirat
2531 3611 2685 3664 illum
2733 3610 3014 3674 Dominus,
3070 3626 3136 3665 ne
3170 3612 3461 3680 inquisitos

1879 3700 2072 3755 iterum
2105 3702 2171 3754 ad
2206 3716 2291 3755 me
2321 3702 2623 3770 perveniat,
2653 3718 2721 3756 ne
2748 3702 3000 3757 inventus
3045 3702 3334 3757 identidem
3373 3721 3458 3760 me

1876 3791 2141 3846 inveniat.
2185 3792 2299 3847 Non
2336 3791 2577 3863 inquirat
2604 3792 2752 3847 illum
2790 3792 3045 3848 Dominus
3076 3795 3331 3863 desuper,
3354 3812 3457 3851 non

1877 3884 2214 3947 recordetur,
2247 3900 2351 3939 non
2394 3894 2627 3955 reputet.
2674 3885 2788 3940 Non
2819 3885 2961 3939 enim
3009 3895 3092 3942 est
3135 3888 3461 3957 dignus,ne-

1876 3990 1980 4045 que
2012 3976 2125 4045 ipse
2156 3976 2296 4040 dies,
2324 3992 2497 4045 neque
2526 3977 2615 4032 ille
2646 3978 2739 4047 qui
2776 3978 2827 4031 in
2860 3976 2979 4047 ipso
3004 3979 3091 4033 die
3122 3981 3459 4035 amarissin'a

1877 4068 2008 4122 mihi
2042 4069 2265 4139 ingessit
2300 4079 2593 4124 tormenta.
2634 4069 2787 4124 Diem
2822 4071 3127 4126 nativitatis
3174 4084 3458 4137 memorat,

1872 4168 1928 4214 et
1979 4160 2408 4216 Iamentabilium
2486 4161 2869 4231 suppliciorum
2948 4163 3088 4217 diem
3167 4160 3457 4232 signiﬁcat,

1874 4251 2124 4320 quinimo
2174 4252 2291 4323 ipsa
2350 4252 2650 4323 supplicia,
2694 4253 2777 4308 vel
2825 4254 3001 4323 potius
3059 4254 3330 4309 diabolum
3366 4258 3458 4323 qni

1872 4342 2105 4412 ingessit
2161 4358 2247 4407 ea,
2281 4359 2443 4413 quem
2502 4345 2569 4399 de
2615 4346 2990 4416 superioribus
3037 4347 3319 4402 cadentem
3351 4363 3459 4404 non

1873 4436 2110 4503 requiret
2165 4437 2423 4491 Dominus
2454 4454 2711 4507 unquam.
2774 4436 2899 4492 Non
2932 4441 3167 4507 requirat
3204 4455 3321 4494 eum
3360 4439 3464 4494 Do-

1872 4528 2043 4581 minus
2074 4528 2315 4597 desuper.
2355 4528 2494 4595 Quid
2529 4529 2666 4584 dicis
2690 4569 2706 4594 ,
2746 4544 2779 4584 ο
2803 4532 2955 4583 beate
2995 4528 3131 4585 Job?
3158 4531 3299 4601 Ergo
3324 4533 3460 4588 alios

1875 4618 1990 4672 dies
2024 4619 2277 4686 inquiret,
2333 4629 2392 4673 ut
2424 4621 2490 4674 de
2534 4624 2637 4675 isto
2665 4622 2779 4676 solo
2819 4622 2970 4677 dicas
3009 4623 3158 4677 velut
3216 4625 3461 4678 intermi-

1875 4725 2057 4765 naus:
2102 4711 2227 4766 Non
2282 4713 2515 4781 inquirat
2550 4713 2699 4766 illum
2754 4713 3011 4768 Dominus
3056 4717 3316 4783 desuper?
3346 4716 3461 4771 Uti-

1878 4819 2006 4872 que,
2065 4804 2158 4866 ait,
2206 4818 2397 4858 omnes
2450 4803 2569 4857 dies
2628 4804 2805 4858 saeculi
2862 4806 3225 4875 inquirentnr,
3278 4806 3459 4861 omnia

1880 4905 2142 4964 tempora,
2175 4906 2229 4950 et
2276 4906 2548 4951 momenta
2602 4906 2767 4965 atque
2805 4899 2996 4951 sarcula
3031 4900 3380 4967 requirentur
3406 4907 3462 4953 et

1876 4990 2244 5059 producentur
2278 5006 2292 5042 :
2334 4989 2588 5042 nimirum
2632 5005 2736 5043 non
2775 4991 2889 5045 dies
2943 4991 3123 5046 smcnli
3177 4991 3267 5060 qui
3306 5001 3461 5044 natu-

1879 5095 1993 5133 ram
2022 5094 2126 5134 non
2178 5079 2376 5134 habent
2426 5094 2598 5149 neque
2644 5081 3023 5148 substantiam,
3059 5084 3153 5136 sed
3203 5082 3367 5135 verba
3408 5095 3462 5136 et

1880 5171 2018 5225 facta
2049 5186 2168 5239 qua:
2206 5171 2260 5225 in
2314 5171 2421 5225 illis
2457 5172 2647 5227 diebus
2696 5181 2820 5227 sunt
2851 5181 2997 5242 gesta
3045 5172 3128 5226 vel
3157 5172 3321 5237 dicta,
3366 5177 3459 5228 sed

1879 5263 2234 5332 cogitationes
2262 5264 2560 5319 etconsilia
2585 5274 2748 5333 atque
2779 5274 3061 5328 tractatus,
3091 5265 3183 5336 qui
3227 5266 3280 5319 in
3311 5266 3459 5320 omni

1879 5362 2122 5424 tempore
2149 5356 2233 5411 vel
2270 5365 2541 5411 momento
2571 5357 2726 5425 hujus
2757 5356 2937 5411 saeculi
2972 5358 3181 5411 tractati
3222 5367 3347 5412 sunt
3375 5366 3459 5410 at-

1879 5462 1985 5517 que
2007 5448 2252 5519 cogitati.
2273 5446 2398 5503 Haec
2428 5447 2592 5516 igitur
2622 5451 2801 5503 omnia
2825 5448 2877 5501 in
2906 5449 3159 5504 omnibus
3187 5450 3458 5519 gentibus,

1879 5551 1935 5595 et
1958 5542 2012 5596 in
2042 5543 2198 5597 omni
2245 5542 2425 5613 lingua
2451 5541 2705 5611 inquisita
2740 5542 2792 5594 in
2819 5541 3022 5611 judicio
3049 5543 3463 5598 manifestantur

1882 5634 1936 5689 in
1974 5642 2214 5704 tempore
2238 5633 2627 5704 inquisitionis.
2683 5632 2798 5689 Non
2830 5633 2973 5689 enim
3006 5635 3262 5690 mentitur
3291 5633 3338 5690 is
3367 5632 3458 5703 qui
