3992 6312
575 356 681 414 519

1654 355 2036 416 ANONYMUS
2072 356 2142 413 IN
2179 355 2317 414 JOB.
2357 389 2425 400 —
2461 357 2589 413 LIB.
2630 356 2720 416 111.

3703 361 3799 420 5Ξο

575 479 691 534 ait:
725 478 929 534 Memor
958 495 1076 534 sum
1106 495 1167 534 ea
1195 494 1315 549 quae
1341 495 1371 534 a
1397 479 1591 535 saeculo
1616 490 1742 536 sunt
1781 482 2143 544 dinumerare,
2172 485 2218 542 Α
2245 483 2478 535 ctionem
2498 481 2731 548 Domini,
2751 480 2844 534 sed
2871 496 2974 537 non
2999 480 3186 536 veniat
3211 478 3265 534 in
3283 478 3462 534 lucem
3487 478 3660 535 vultus
3673 481 3800 551 ejus,

575 585 682 626 non
718 570 892 625 solum
931 580 1170 638 tempora
1198 579 1253 626 et
1291 581 1584 634 momenta,
1615 581 1670 626 et
1701 571 1839 634 dies,
1877 582 1931 626 et
1961 587 2150 639 annos,

574 663 668 717 sed
695 663 826 732 quin
887 664 1064 732 potius
1090 663 1331 715 omnium
1368 661 1645 715 hominum
1685 663 1864 716 cordis
1919 665 2149 731 occulta,

566 754 718 822 juxta
743 757 845 808 hoc
864 755 1005 823 quod
1029 755 1234 808 dictum
1261 763 1343 808 est
1373 771 1387 806 :
1408 752 1511 818 Qui
1530 753 1678 821 ﬁngit
1702 753 1972 822 sigillatim
1992 756 2150 809 corda

569 862 774 909 eorum,
797 847 887 917 qui
916 845 1158 916 intelligit
1192 848 1366 900 omnia
1398 861 1554 911 opera
1581 861 1761 899 eorum
1787 846 1852 899 '°.
1882 846 1950 900 Et
1972 847 2148 903 adhuc

571 937 700 992 alibi
735 953 750 990 :
780 937 900 1007 Ipse
928 951 1103 992 autem
1149 941 1290 992 novit
1314 940 1519 992 occulta
1545 941 1718 993 cordis
1755 935 1827 994 ⁸⁸.
1861 939 2149 1009 Apostolus

575 1045 707 1085 vero
762 1031 849 1084 his
901 1040 1261 1086 consonanter
1302 1030 1432 1084 dicit
1464 1047 1479 1082 :
1523 1030 1590 1084 In
1627 1031 1714 1085 die
1747 1049 1852 1102 qua
1882 1031 2146 1101 judicabit

568 1120 714 1177 Deus
738 1122 946 1176 occulta
969 1123 1239 1176 hominum
1265 1123 1330 1175 ⁸⁸.
1375 1121 1464 1176 Ille
1503 1123 1646 1177 enim
1682 1123 1796 1178 dies
1827 1121 2144 1176 manifesta-

566 1215 650 1270 bit
681 1215 886 1279 omnia,
920 1215 973 1268 in
1005 1215 1125 1284 igne
1165 1213 1412 1267 revelans
1449 1223 1666 1268 cuncta.
1693 1213 1939 1268 Scientes
1962 1213 2145 1282 itaque

569 1320 690 1372 nos,
722 1321 755 1359 o
779 1305 903 1368 viri,
929 1305 1055 1374 quia
1097 1304 1381 1359 adversum
1423 1314 1527 1358 tam
1561 1305 1856 1360 terribilem
1886 1305 2145 1360 habemus

559 1396 822 1466 judieem,
855 1407 1043 1452 sancte
1093 1397 1404 1451 conversari
1437 1404 1490 1451 et
1545 1398 1597 1451 in
1649 1397 1806 1452 factis
1831 1407 1884 1450 et
1928 1397 1980 1450 in
2023 1410 2143 1450 ver-

565 1489 652 1544 bis
689 1491 1022 1555 studeamus,
1066 1498 1124 1542 ut
1169 1504 1272 1542 non
1303 1505 1401 1559 pro
1429 1489 1878 1544 eondemnatione
1911 1489 1962 1542 in
1994 1488 2139 1556 judi-

565 1582 672 1646 cio,
725 1581 818 1635 sed
868 1597 966 1652 pro
1013 1581 1394 1650 requie'atque
1432 1581 1599 1651 gloria
1649 1590 1847 1634 aeterna
1904 1581 2144 1649 inquira-

566 1689 710 1728 mur.
742 1671 964 1734 Deinde,
987 1688 1090 1724 non
1115 1671 1204 1738 sit,
1241 1671 1436 1740 inquit,
1483 1672 1539 1724 in
1571 1671 1752 1726 diebus
1777 1673 1925 1738 anni,
1978 1687 2138 1742 neque

565 1775 869 1818 numeretur
907 1764 960 1817 iu
991 1763 1171 1818 diebus
1225 1763 1478 1818 mensium
1505 1763 1574 1817 ⁸⁸.
1607 1762 1778 1829 Quis?
1821 1761 2137 1818 Maledictus

565 1865 729 1925 atque
774 1857 1016 1924 perditus
1056 1855 1146 1910 ille
1179 1855 1314 1909 dies.
1369 1853 1474 1909 lste
1520 1871 1626 1910 non
1689 1855 1761 1910 sit
1827 1854 1879 1908 in
1946 1854 2137 1910 diebus

565 1951 716 2012 anni,
773 1963 948 2018 neque
979 1958 1291 2002 muneretur
1328 1947 1380 2000 in
1405 1945 1594 2000 diebus
1644 1945 1934 2000 mensium.
1987 1944 2141 2000 Nunc

563 2041 850 2095 ostendisti
882 2040 1182 2104 evidenter,
1229 2055 1262 2094 o
1298 2041 1454 2092 beate
1502 2037 1624 2103 Job,
1659 2036 1784 2107 quia
1837 2052 1943 2091 non
1999 2038 2140 2092 diem

564 2141 829 2187 creatura:
862 2130 1206 2194 maledixisti,
1229 2130 1352 2199 quia
1382 2145 1483 2184 non
1515 2129 1656 2184 diem
1709 2129 1835 2183 anni
1878 2129 1961 2184 vel
1993 2144 2142 2184 men-

563 2225 704 2280 sium
737 2224 1024 2289 devOtasti,
1055 2225 1146 2278 sed
1183 2225 1329 2276 illum
1353 2223 1442 2290 qui
1485 2238 1588 2276 non
1612 2231 1695 2275 est
1735 2221 1786 2274 in
1816 2220 2138 2286 substantia,

564 2331 742 2378 nemore
773 2317 827 2369 in
860 2331 1106 2378 numero,
1140 2330 1314 2384 neque
1356 2314 1412 2368 in
1445 2322 1718 2380 computo.
1761 2311 1962 2368 Omnes
1993 2313 2137 2367 enim

565 2408 684 2464 dies
713 2424 856 2463 anno
906 2415 962 2461 et
991 2393 1285 2461 mensibus
1336 2405 1744 2461 circumdantur
1778 2403 1856 2457 vel
1921 2417 2140 2472 compu-

562 2507 768 2554 tantur.
816 2499 979 2552 Extra
1017 2514 1215 2551 annum
1255 2508 1452 2576 autem
1500 2506 1555 2549 et
1591 2509 1807 2550 menses
1844 2494 2021 2549 nullus
2059 2503 2142 2549 est

561 2589 700 2646 dies.
729 2590 870 2658 Ergo
918 2591 962 2644 si
1007 2591 1124 2644 dies
1157 2589 1248 2658 qui
1284 2589 1404 2643 istic
1451 2587 1765 2642 maledictus
1803 2595 1886 2640 est
1915 2599 1979 2640 ac
2019 2600 2140 2655 per-

562 2681 710 2736 ditus
731 2691 834 2747 est,
866 2697 969 2735 non
1000 2690 1084 2736 est
1117 2681 1170 2734 iu
1216 2697 1379 2743 anno,
1428 2692 1484 2734 et
1518 2689 1573 2734 tu
1608 2679 1741 2734 dicis
1774 2695 1786 2730 :
1829 2677 1950 2732 Non
1986 2678 2054 2732 sit
2085 2678 2141 2729 in

561 2772 748 2826 diebus
791 2774 917 2827 anni
955 2788 974 2826 :
1016 2789 1122 2826 non
1176 2780 1258 2826 est
1290 2773 1341 2825 in
1373 2771 1670 2836 mensibus,
1715 2779 1770 2824 et
1800 2771 1935 2824 dicis
1972 2787 1985 2822 :
2017 2768 2138 2824 Non

563 2874 868 2918 numeretur
911 2864 964 2918 in
1021 2865 1204 2918 diebus
1255 2864 1532 2929 mensium,
1579 2861 1708 2915 nihil
1743 2870 1846 2926 est,
1878 2874 2138 2930 nusquam

563 2967 669 3022 est,
691 2957 792 3011 hoc
824 2960 964 3026 quod
993 2972 1096 3010 non
1120 2965 1202 3010 est
1239 2955 1535 3018 maledicis,
1566 2952 1842 3008 maledicis
1867 2954 2010 3007 enim
2048 2951 2140 3022 qui

563 3063 675 3104 non
709 3056 796 3103 est
853 3049 1032 3116 perire
1058 3047 1261 3101 volens.
1322 3046 1389 3101 Et
1424 3044 1614 3100 merito
1649 3043 2139 3114 irreprehensibilis

561 3140 620 3196 ir.
652 3141 907 3197 omnibus
956 3152 1260 3208 perntanes,
1309 3137 1622 3193 beatissime
1678 3136 1770 3190 Dei
1815 3137 1988 3192 amice
2014 3137 2136 3192 Job.

560 3233 670 3287 Aut
722 3232 886 3286 etiam
917 3229 1075 3284 aliter
1105 3229 1466 3298 intelligamus
1503 3229 1846 3283 maledictum
1882 3229 2026 3283 hunc
2057 3238 2143 3282 at-

563 3338 674 3392 que
696 3322 968 3391 perditum
1008 3320 1148 3375 diem
1173 3321 1242 3374 de
1275 3335 1381 3389 quo
1410 3319 1543 3373 dicit
1575 3337 1589 3373 :
1621 3317 1746 3372 Dies
1771 3316 1857 3372 ille
1889 3320 1954 3372 sit
1982 3319 2036 3371 in
2064 3329 2144 3372 te-

560 3415 756 3479 nebris,
781 3423 946 3468 etnon
968 3413 1202 3482 inquirat
1233 3411 1394 3465 illum
1420 3409 1674 3464 Dommus
1716 3410 1954 3476 desuper.
1989 3409 2144 3479 Figu—

560 3517 680 3562 rate
697 3507 966 3577 signiﬁcat
983 3521 1078 3574 per
1096 3504 1211 3559 haec
1241 3501 1507 3558 infelicem
1528 3501 1676 3556 illum
1698 3501 1913 3567 ludam,
1933 3503 2143 3571 perista

561 3599 629 3654 de
645 3599 802 3668 longe
817 3613 938 3653 eum
963 3597 1222 3659 ostendit,
1239 3597 1330 3666 qui
1351 3596 1613 3651 debuerat
1629 3609 1749 3650 esse
1769 3593 1883 3648 dies
1899 3607 2141 3658 serenus,

557 3701 617 3746 et
632 3692 941 3761 splendidus
967 3707 1030 3745 ac
1060 3689 1466 3759 perspicuus,et
1489 3687 1589 3743 sibi
1612 3687 1910 3741 luminosus
1942 3694 1996 3740 et
2025 3685 2144 3741 aliis

561 3780 792 3846 lucidus,
816 3781 994 3837 factus
1019 3791 1099 3836 est
1129 3781 1448 3835 tenebrosus
1470 3793 1566 3848 per
1605 3777 1954 3846 semetipsum
1985 3785 2146 3845 atque

560 3875 848 3929 obscurus.
885 3873 1039 3926 Hunc
1064 3887 1193 3941 ergo
1223 3872 1536 3942 signiﬁcans
1559 3871 1720 3925 dicit:
1739 3868 1866 3923 Dies
1892 3867 1980 3922 ille
1999 3868 2069 3922 sit
2092 3867 2144 3920 in

566 3964 806 4018 tenebris
827 3966 914 4032 qui
940 3963 1113 4016 lucem
1138 3963 1444 4030 dereliquit,
1466 3961 1554 4031 qui
1585 3977 1614 4014 a
1634 3960 1753 4014 luce
1769 3959 2035 4024 discessit,
2052 3957 2145 4027 qui

564 4054 742 4109 lucem
758 4055 810 4108 in
832 4065 1058 4109 mortem
1078 4053 1317 4119 tradidit,
1332 4061 1386 4106 et
1413 4069 1518 4105 non
1539 4053 1775 4120 inquirat
1799 4052 1945 4105 illum
1967 4050 2148 4105 Domi—

565 4161 668 4201 nus
683 4150 936 4214 desuper,
964 4161 1085 4200 cum
1120 4145 1428 4214 inquisierit
1455 4143 1675 4198 Petrum
1703 4154 1756 4198 et
1773 4153 1997 4199 cwteros
2018 4157 2148 4210 apo-

559 4237 734 4293 stolos
751 4251 1037 4306 resurgens
1057 4252 1085 4290 a
1108 4236 1356 4291 mortuis.
1372 4234 1488 4289 Non
1510 4238 1579 4290 sit
1603 4235 1654 4287 in
1674 4236 1864 4288 diebus
1881 4234 2028 4298 anni,
2047 4233 2150 4290 Ec-

568 4327 752 4387 clesiae
773 4329 1158 4383 festivitatibus
1178 4340 1336 4399 atque
1360 4329 1906 4391 sanctiﬁcationibus,
1927 4344 2030 4382 non
2077 4327 2150 4382 sit

563 4421 621 4476 in
657 4421 866 4475 unitate
898 4419 1175 4484 Ecclesiae,
1207 4437 1317 4476 non
1346 4431 1664 4475 numeretur
1692 4422 1830 4475 inter
1861 4420 1976 4474 dies
1999 4433 2148 4473 men-

2254 586 2425 639 neque
2457 572 2635 625 videat
2661 570 2938 624 luciferum
2973 571 3242 626 orientem
3275 569 3537 638 Spiritum
3572 584 3802 629 sanctum

2250 657 2584 714 Paracletum
2614 662 2680 715 de
2716 661 2943 717 excelsis
2982 662 3046 715 ad
3088 660 3370 729 apostolos
3403 659 3643 715 missum.
3670 661 3804 719 Alia-

2249 767 2355 822 que
2382 753 2608 822 plurima
2642 753 3075 809 demonStrantur
3117 770 3187 808 ex
3223 753 3362 820 ipsis
3399 751 3538 806 beati
3571 750 3666 807 Job
3694 769 3800 808 ser-

2250 844 2502 899 monibus
2525 884 2538 906 .
2574 860 2693 913 quae
2720 846 2774 899 in
2808 835 3206 900 resurrectione
3237 853 3409 910 atque
3450 843 3649 912 judicio
3680 859 3805 912 pra:-

2247 937 2467 991 veuient
2510 937 2690 1004 impiis
2728 947 2891 1006 atque
2936 938 3148 1007 tnjustis
3192 947 3458 1003 tanquam
3513 935 3800 990 abortivum

2245 1028 2431 1085 exiens
2457 1032 2522 1085 de
2546 1039 2732 1084 ventre
2758 1029 2948 1084 matris
2979 1045 3106 1084 suat.
3135 1028 3286 1088 Illic,
3314 1026 3529 1094 inquit,
3559 1027 3699 1095 impii
3725 1043 3800 1081 re-

2245 1123 2544 1190 quieverunt
2593 1124 2656 1175 ab
2704 1122 2788 1174 ira
2827 1121 3218 1190 indignationis
3245 1159 3262 1184 ,
3295 1119 3410 1172 illic
3460 1121 3800 1187 requieverunt

2243 1216 2479 1269 dolentes
2508 1229 2723 1282 corpore
2737 1214 2804 1267 ⁸⁸.
2830 1202 2963 1278 lllic,
2995 1214 3188 1282 inquit,
3224 1211 3278 1265 in
3318 1212 3725 1275 resurrectione,
3747 1212 3800 1267 in

2245 1305 2594 1376 inquisitione
2619 1343 2634 1369 ,
2669 1305 2720 1358 in
2764 1304 2988 1372 judicio.
3017 1303 3125 1359 lllic
3152 1303 3304 1357 enim
3341 1304 3632 1372 requiescit
3662 1313 3796 1359 eate-

2243 1411 2344 1449 nus
2392 1396 2690 1466 indignatio
2723 1406 2883 1465 atque
2938 1395 3090 1449 furor
3120 1395 3416 1464 impiorum
3442 1435 3457 1459 ,
3510 1409 3627 1447 cum
3653 1395 3796 1464 digna

2243 1488 2350 1542 illis
2381 1487 2528 1542 illata
2565 1487 2730 1542 fuerit
2762 1486 3042 1542 damnatio
3069 1495 3238 1556 atque
3274 1494 3608 1540 tormentum
3636 1504 3648 1538 :
3681 1496 3796 1540 tunc

2240 1591 2402 1636 erunt
2444 1591 2696 1651 tanquam
2746 1583 2995 1636 aborsum
3041 1580 3232 1634 exiens
3281 1580 3350 1633 de
3401 1587 3591 1631 ventre
3624 1578 3798 1636 matris

2240 1689 2350 1730 sua:
2374 1715 2389 1739 ,
2424 1675 2568 1730 sicut
2622 1673 2854 1728 infantes
2885 1673 2974 1742 qui
3004 1687 3106 1726 non
3151 1672 3414 1726 viderunt
3459 1670 3644 1725 lucem.
3670 1669 3793 1725 Nam

2241 1765 2379 1820 sicut
2407 1765 2648 1820 abortiva
2693 1767 2759 1821 de
2797 1775 2985 1821 ventre
3016 1765 3208 1819 matris
3256 1777 3375 1817 suae
3428 1765 3664 1816 exeuntia
3695 1777 3793 1818 non

2243 1857 2496 1911 viderunt
2529 1856 2701 1910 lucem
2729 1894 2743 1920 ,
2777 1857 2870 1910 sed
2901 1871 2965 1910 ex
2999 1854 3237 1910 tenebris
3279 1853 3334 1907 in
3368 1854 3618 1928 tenebras
3639 1861 3754 1906 eunt
3775 1893 3792 1919 ,

2241 1962 2307 2002 ex
2339 1947 2574 2004 tenebris
2604 1956 2767 2016 atque
2811 1946 3061 2018 angustia
3096 1946 3240 2001 uteri
3291 1947 3524 1998 materni
3573 1945 3623 1998 in
3659 1955 3796 2000 tene-

2239 2039 2367 2096 bras
2405 2048 2459 2094 et
2497 2040 2774 2110 angustias
2813 2049 2969 2094 terrae
3016 2048 3178 2106 atque
3228 2037 3466 2106 sepulcri
3507 2055 3520 2092 :
3551 2039 3626 2092 sic
3661 2038 3792 2108 impii

2241 2133 2307 2189 de
2344 2133 2580 2188 tenebris
2624 2131 2678 2186 in
2727 2132 2978 2186 tenebras
3021 2138 3150 2184 eunt
3175 2170 3190 2194 ,
3233 2143 3303 2183 ex
3339 2129 3586 2199 angustia
3622 2127 3672 2182 in
3706 2143 3793 2183 an-

2240 2227 2470 2299 gustiam
2499 2225 2857 2294 expellentur,
2895 2225 2960 2277 de
2997 2237 3228 2293 corpore
3264 2223 3319 2277 in
3352 2221 3655 2292 sepulcrum
3677 2262 3691 2283 ,
3734 2233 3793 2277 ex

2240 2317 2490 2388 sepulcro
2544 2317 2596 2372 in
2643 2316 2945 2386 angustiam
3002 2315 3351 2383 expellentur
3409 2323 3571 2384 atque
3621 2311 3791 2384 iudicii

2239 2409 2644 2464 damnationem
2669 2447 2685 2472 ,
2733 2417 2788 2461 et
2827 2406 2880 2459 in
2912 2406 3164 2459 tenebras
3197 2403 3507 2458 exteriores
3534 2442 3549 2467 ,
3579 2402 3664 2456 ubi
3695 2415 3792 2456 non

2240 2514 2326 2558 est
2364 2502 2456 2556 lux
2484 2543 2499 2566 ,
2535 2516 2709 2572 neque
2740 2500 2995 2554 videbunt
3036 2499 3203 2551 vitam
3252 2495 3526 2551 homines.
3577 2495 3792 2548 Pusillus

2239 2603 2290 2649 et
2311 2610 2552 2664 magnus,
2584 2592 2780 2660 inquit,
2812 2591 2884 2644 ibi
2911 2598 2988 2643 est
3021 2589 3088 2642 ⁸⁵.
3114 2587 3230 2642 Non
3261 2598 3346 2642 est
3379 2589 3522 2642 enim
3560 2600 3794 2656 persona-

2242 2700 2358 2739 rum
2389 2693 2642 2752 acceptor
2681 2682 2831 2750 regni
2867 2680 3031 2748 hujus
3057 2695 3172 2734 rex.
3205 2678 3408 2732 Merito
3436 2694 3503 2731 ex
3532 2692 3678 2745 :cquo
3709 2676 3798 2728 im-

2239 2777 2404 2847 pertit
2436 2773 2686 2829 omnibus
2711 2783 2764 2828 et
2815 2772 3022 2842 pusillis
3051 2783 3106 2826 et
3137 2771 3361 2841 magnis
3387 2810 3402 2835 ,
3435 2779 3490 2824 et
3532 2768 3797 2823 humilibus

2240 2877 2295 2923 et
2317 2868 2443 2922 altis
2477 2869 2622 2936 regni
2654 2864 2810 2932 hujus
2836 2864 3118 2919 introitum
3153 2881 3165 2917 :
3205 2862 3326 2917 illis
3351 2875 3484 2916 sane
3525 2858 3610 2930 qui
3638 2872 3797 2927 aequa-

2240 2959 2370 3013 liter
2413 2959 2562 3012 illum
2615 2966 2882 3022 metuunt,
2920 2955 3009 3024 qui
3060 2955 3360 3024 aequaliter
3390 2953 3535 3008 illum
3565 2952 3790 3021 diligunt.

2247 3049 2481 3103 Pusillus
2529 3058 2576 3103 et
2612 3064 2852 3116 magnus.
2905 3047 2979 3101 Ibi
3012 3056 3098 3102 est
3150 3045 3402 3098 Lazarus
3439 3043 3654 3114 pusillus
3685 3055 3791 3093 cum

2167 3153 2209 3210 ο
2243 3143 2510 3196 Abraham
2552 3155 2766 3210 magno.
2817 3136 2885 3192 Et
2938 3155 3112 3194 servus
3153 3154 3258 3192 non
3306 3140 3494 3192 timens
3547 3133 3790 3208 dominam

2244 3250 2418 3289 suum.
2449 3231 2504 3286 ln
2536 3231 2884 3300 corruptione
2913 3245 3055 3284 enim
3082 3244 3189 3284 non
3228 3239 3319 3283 est
3356 3227 3602 3282 dominus
3623 3236 3792 3278 corru-

2243 3326 2470 3397 ptibilis,
2498 3339 2672 3394 neque
2699 3321 2932 3377 carnalis
2954 3361 2970 3386 ,
3003 3321 3096 3374 sed
3127 3335 3248 3375 cum
3291 3315 3600 3389 apparuerit
3646 3313 3790 3366 facies

2243 3418 2481 3474 caslestis
2519 3414 2730 3470 Domini
2779 3425 2944 3481 atque
2973 3412 3173 3484 judicis
3198 3452 3214 3477 ,
3269 3421 3404 3467 tunc
3436 3403 3790 3475 corruptibiles

2246 3520 2408 3578 atque
2433 3509 2678 3562 carnales
2704 3506 2908 3562 domini
2942 3519 3207 3574 nusquam
3237 3503 3591 3575 apparebunt.
3619 3498 3788 3552 Merito

2245 3602 2354 3656 illic
2381 3611 2463 3656 est
2496 3615 2686 3655 servus
2716 3613 2821 3654 non
2855 3598 3051 3652 timens
3080 3596 3359 3650 dominum
3393 3610 3570 3649 suum.
3605 3589 3786 3646 Memo-

2248 3703 2398 3748 ratus
2423 3694 2566 3747 enim
2605 3693 2766 3746 timor
2787 3690 2999 3760 judicii,
3037 3697 3213 3743 terror
3252 3701 3421 3758 atque
3470 3685 3688 3741 formido
3715 3679 3762 3734 fu

2247 3798 2494 3841 tutorum
2525 3827 2538 3851 ,
2569 3799 2787 3839 omnem
2827 3785 3075 3838 timorem
3099 3781 3511 3850 corruptibilem
3539 3786 3592 3832 et
3615 3787 3784 3831 carna-

2245 3879 2350 3934 lem
2399 3880 2451 3933 in
2482 3877 2809 3932 oblivionem
2839 3875 3057 3931 deducit
3089 3882 3252 3944 atque
3287 3875 3440 3930 foras
3473 3869 3648 3926 mittit.
3681 3863 3782 3918 Non

2245 3970 2386 4024 enim
2417 3969 2559 4023 servi
2588 3966 2926 4022 dominorum
2967 3965 3177 4020 timoris
3223 3964 3596 4023 recordamur,
3628 3964 3785 4023 neque

2246 4057 2448 4112 domini
2495 4055 2670 4110 servis
2701 4057 2970 4125 imperare
3021 4063 3338 4108 occurrunt.
3376 4051 3522 4107 Unus
3551 4046 3684 4102 enim
3720 4041 3784 4093 li-

2241 4164 2364 4203 uor
2417 4146 2782 4217 inquisitionis
2830 4155 2992 4214 atque
3036 4143 3225 4214 iudicii
3273 4137 3638 4212 apprehende!
3668 4147 3784 4188 cun-

2245 4251 2385 4296 ctos.
2418 4239 2608 4293 Merito
2644 4237 2753 4292 illic
2779 4247 2864 4291 est
2907 4249 3096 4290 servus
3141 4249 3247 4289 non
3300 4237 3497 4288 timens
3532 4227 3781 4286 dominum

2245 4348 2424 4389 suum.
2459 4330 2540 4385 lbi
2571 4339 2657 4385 est
2691 4329 2895 4383 Abdias
2922 4343 3028 4382 non
3066 4328 3259 4382 timens
3309 4325 3498 4381 Achab
3531 4320 3782 4376 dominum

2247 4437 2424 4478 suum.
2459 4421 2536 4474 lbi
2567 4429 2654 4474 est
2705 4418 2990 4474 Onesimus
3042 4433 3146 4471 non
3193 4418 3394 4472 timens
3440 4413 3780 4472 Philemonem

565 4513 730 4575 nium.
765 4513 817 4566 in
855 4525 1083 4565 numero
1114 4512 1394 4566 duodecim
1446 4509 1836 4581 apostolorum,
1885 4519 2141 4578 tanquam
2173 4493 2218 4547 Ῑ)
2247 4515 2521 4570 dominum
2553 4526 2730 4566 suum.
2761 4509 2974 4580 Allique
3004 4510 3268 4565 innumeri
3299 4508 3636 4580 reperiuntur
3661 4506 3711 4554 et
3733 4497 3780 4548 in

567 4604 853 4659 duodecim
887 4604 1176 4672 mensium,
1227 4605 1319 4658 sed
1362 4603 1610 4658 deleatur
1657 4604 1722 4657 de
1773 4603 1910 4657 libro
1952 4602 2142 4654 viven-

570 4697 727 4760 tium,
760 4705 816 4750 et
850 4711 972 4750 cum
1010 4695 1173 4763 justis
1203 4711 1308 4752 non
1336 4697 1628 4752 scribatur.
1654 4694 1749 4749 llis
1781 4704 2142 4749 consonanter

567 4788 799 4844 inferius
851 4788 1163 4843 universum
1210 4789 1464 4859 populum
1501 4787 1809 4842 Judarorum
1856 4787 2143 4856 designans

570 4889 735 4949 atque
777 4881 1088 4948 increpans,
1122 4891 1442 4948 noetemque
1463 4895 1585 4934 eum
1613 4892 1932 4947 nuncupans
1962 4875 2093 4932 dicit
2121 4893 2136 4930 :

568 4968 930 5025 Obscurenlur
961 4969 1136 5024 sidera
1164 4973 1327 5024 noctis
1355 4971 1522 5025 illius.
1550 4970 1718 5038 Cujus
1755 4969 1966 5023 noctis?
1995 4967 2141 5024 lllius

571 5064 639 5116 de
666 5067 770 5131 q'ua
792 5065 921 5116 dicit
955 5062 1246 5131 Apostolus
1274 5081 1288 5116 :
1318 5062 1443 5115 Non:
1489 5063 1755 5129 pr-wcessit
1789 5061 1854 5114 ⁸⁸.
1911 5061 2038 5126 Qua.
2067 5063 2143 5115 si-

574 5153 702 5206 dera
735 5152 1134 5209 obscurentur?
1193 5154 1531 5218 Sacerdotes,
1565 5163 1620 5210 et
1649 5154 1878 5218 Scribat,
1921 5165 1975 5208 et
2003 5151 2142 5206 Pha-

573 5243 714 5296 risaei
746 5261 761 5296 :
785 5261 905 5299 nam
931 5247 984 5300 hi
1006 5249 1096 5315 qui
1113 5248 1412 5300 debuerant
1437 5247 1488 5299 in
1515 5247 1728 5300 modum
1747 5246 2022 5302 stellarum
2045 5246 2147 5299 ful-

570 5343 702 5398 gere
715 5333 1064 5400 atquelucere
1081 5337 1132 5388 in
1152 5335 1267 5405 lege
1285 5345 1537 5404 tanquam
1557 5335 1610 5388 in
1628 5345 1804 5398 nocte,
1821 5334 2000 5390 elfecti
2022 5341 2146 5388 sunt

574 5434 764 5474 oinnes
781 5426 1047 5480 tenebrosi
1063 5437 1224 5495 atque
1245 5427 1485 5482 obscuri.
1512 5426 1803 5489 Sustineat,
1819 5425 2018 5495 inquit,
2038 5440 2145 5479 nox

574 5508 980 5570 illaJudaeorutn
1011 5519 1328 5575 tenebrosus
1345 5517 1590 5589 papulus,
1609 5518 1879 5572 sustineat
1903 5532 2145 5572 resurre-

2245 4607 2366 4674 lege
2391 4646 2406 4671 ,
2437 4617 2492 4658 et
2529 4606 2579 4658 in
2617 4603 2909 4672 Erangelio
2938 4603 3023 4656 his
3051 4603 3253 4657 similes
3279 4641 3294 4667 ,
3331 4601 3426 4672 qui
3455 4593 3655 4654 caelesti
3684 4589 3781 4643 Do-

2246 4698 2389 4752 mino
2412 4712 2475 4751 ac
2509 4696 2619 4750 Deo
2646 4696 2888 4750 omnium
2917 4694 3236 4759 servientes,
3266 4709 3370 4749 non
3404 4690 3679 4747 timuerunt
3700 4693 3780 4733 su-

2244 4803 2340 4860 per
2366 4799 2566 4844 terram
2603 4788 2852 4844 dominos
2877 4787 3124 4842 carnales
3149 4788 3215 4840 ad
3244 4783 3600 4840 obedientium
3630 4775 3701 4829 eis
3731 4771 3777 4824 in

2247 4880 2422 4946 malis,
2457 4895 2633 4948 neque
2663 4880 2715 4933 in
2744 4879 2896 4934 ctelis
2922 4892 3017 4932 eos
3063 4878 3254 4933 timent
3283 4879 3335 4932 in
3372 4879 3650 4941 conspecw
3676 4861 3775 4916 Veri

2248 4973 2455 5026 Domini
2484 4971 2783 5026 venientes.
2833 4968 2968 5023 Nam
3007 4985 3130 5024 cum
3171 4969 3483 5025 servitutem
3526 4954 3774 5017 carnalem

2247 5077 2382 5131 pure
2409 5064 2487 5117 eis
2534 5072 2693 5131 atque
2723 5063 2912 5116 devote
2963 5061 3335 5116 exhibuissent
3359 5100 3374 5124 ,
3406 5072 3506 5112 non
3537 5051 3776 5105 discesse-

2250 5163 2375 5208 runt
2427 5167 2456 5207 a
2507 5153 2783 5208 Creatoris
2835 5153 3117 5208 Servitute.
3173 5150 3282 5206 Hoc
3317 5158 3542 5216 namque
3585 5137 3775 5210 ορθτίθι

2246 5246 2475 5300 reddere
2523 5259 2709 5299 servos
2755 5243 3065 5298 carnalibus
3113 5241 3346 5296 dominis
3393 5238 3537 5297 suis.
3577 5241 3632 5283 ιιι
3677 5235 3769 5278 η⁰¹¹

2247 5335 2518 5400 fraudent,
2548 5345 2608 5389 ut
2632 5351 2736 5390 non
2771 5333 3221 5399 circumveniant,
3256 5343 3316 5386 ut
3347 5347 3448 5387 non
3481 5321 3774 5382 insidientur

2247 5425 2480 5480 dOminis
2522 5426 2634 5478 suis
2663 5463 2678 5489 ,
2715 5431 2776 5478 ut
2811 5438 2917 5476 non
2954 5422 3020 5476 ad
3052 5421 3266 5477 oculum
3295 5417 3562 5475 serviant,
3600 5409 3766 5502 ultio"

2246 5516 2300 5570 in
2347 5515 2486 5571 facie
2527 5513 2769 5586 ﬁngant,
2809 5514 2901 5571 sed
2957 5514 3089 5570 foris
3119 5514 3186 5567 ab
3217 5511 3392 5567 oculis
3416 5547 3433 5576 ,
3471 5501 3559 5561 sed
3587 5496 3705 5552 foris
3741 5498 3770 5537 ει

645 5719 692 5751 ⁸ο
718 5717 855 5772 Psal.
879 5735 1051 5788 xxxu,
1075 5719 1156 5775 l5.
1231 5719 1274 5755 ⁸⁸
1314 5719 1456 5776 Psal.
1488 5736 1638 5779 mu.
1668 5719 1758 5776 22.
1835 5721 1880 5753 ⁸³
1915 5720 2068 5776 Rom.
2093 5736 2143 5789 ιι,

2242 5725 2267 5774 ἱ·
2344 5722 2512 5778 “Job
2558 5721 2717 5788 tu,6.
2793 5721 2840 5755 ⁸⁵
2867 5720 3022 5776 Rom.
3073 5716 3300 5787 “11,12.
3377 5710 3542 5768 "Job
3576 5719 3653 5769 tu,
3689 5691 3762 5752 17-

576 5791 626 5825 “
662 5791 789 5848 ibid.
821 5790 905 5848 l9.
