3992 6312
282 291 377 349 52!

1232 286 1573 345 APOLOGIA
1614 282 1750 344 PRO
1784 278 2108 346 ORIGENE.
2152 317 2221 328 --
2261 276 2609 345 MONITUM.

3418 284 3540 346 εει

280 414 417 470 facie
457 426 676 468 omnem
706 410 940 483 gratiam
973 409 1209 466 dominis
1243 410 1355 466 suis
1394 411 1706 466 ostendant.
1740 410 1850 465 liu-
1885 417 1928 472 Α
1961 409 2084 464 istic
2109 424 2207 478 per
2235 408 2480 463 ordinem
2519 448 2533 470 ,
2585 416 2638 462 et
2662 416 2858 462 cuncta
2893 422 3014 478 qua:
3066 405 3118 462 in
3154 408 3322 479 priori
3354 411 3539 466 multi-

275 508 363 578 jus
388 522 627 577 namque
660 507 738 561 rei
790 506 1060 573 ingentem
1096 504 1149 557 in
1180 503 1334 558 cmlis
1362 504 1637 573 accipient
1668 518 1854 557 remn-

277 599 613 655 nerationem
649 613 678 651 a
730 597 955 651 Domino
999 596 1240 649 omnium
1272 603 1437 665 atque
1478 595 1665 663 judice
1694 597 1849 650 vivo-

277 706 389 745 rum
431 698 488 745 et
528 700 889 743 mortuorum.
921 686 986 741 In
1026 704 1232 742 servum
1278 688 1612 741 venundatus
1654 695 1733 741 est
1756 686 1855 741 λοε-

272 782 394 849 cepit
425 781 495 844 ⁸⁸,
523 781 617 836 sed
651 780 705 835 in
739 778 880 833 malo
921 789 1086 849 atque
1117 780 1284 849 impio
1312 790 1437 834 actu
1481 796 1586 835 non
1615 782 1855 836 ohedivit

270 874 501 931 domin:e
530 887 658 951 sine.
689 871 878 925 Merito
907 881 961 926 et
995 872 1047 925 in
1094 872 1256 926 terris
1295 873 1347 925 in
1379 872 1619 944 [Egypto
1647 914 1663 939 ,
1713 882 1769 927 et
1799 874 1853 927 in

274 966 430 1027 ctrlis
464 965 516 1019 in
551 974 812 1035 perpetuo
841 964 1216 1018 dominabitur
1250 963 1324 1017 illi
1351 1004 1366 1029 ,
1398 979 1518 1033 quae
1555 965 1747 1019 illicite
1789 966 1855 1019 ad

270 1067 483 1128 tempus
521 1055 791 1112 dominari
837 1056 954 1110 visa
1004 1064 1113 1111 est.
1166 1055 1294 1111 Haec
1343 1057 1552 1113 scilicet
1603 1058 1855 1113 universa

271 1162 366 1218 pro
400 1147 670 1202 bonorum
720 1144 1148 1201 commonitione
1181 1146 1421 1201 diximus
1443 1186 1460 1210 ,
1508 1164 1536 1201 a
1570 1149 1726 1202 beato
1757 1147 1856 1203 Job

265 1241 432 1296 etiam
465 1256 564 1296 nos
594 1240 661 1295 de
696 1239 786 1295 bis
821 1239 1085 1294 admoniti
1111 1280 1129 1305 ,
1159 1239 1379 1294 dicente
1408 1254 1474 1295 eo
1523 1241 1806 1295 evidenter
1838 1261 1850 1295 :

267 1333 510 1388 Pusillus
539 1336 593 1388 el
627 1350 848 1403 magnus
879 1332 952 1386 ibi
981 1344 1079 1397 est,
1122 1340 1172 1388 et
1198 1349 1376 1386 servus
1409 1350 1510 1387 non
1541 1334 1725 1387 timens
1764 1334 1855 1386 do-

268 1428 470 1479 minum
517 1442 671 1479 suum
699 1423 768 1480 ⁸⁷.
815 1423 1053 1477 Inveniet
1094 1421 1185 1492 qui
1240 1422 1524 1491 inquirere
1556 1421 1849 1482 studuerit,

267 1520 433 1574 etiam
467 1527 662 1574 caetera
688 1516 792 1570 alia
828 1515 912 1570 his
937 1514 1295 1570 consonantia
1321 1554 1337 1577 ,
1366 1523 1421 1568 et
1452 1529 1514 1568 ea
1550 1529 1670 1583 quae
1706 1527 1852 1567 nunc

1963 500 2180 569 pliciter
2212 515 2241 553 a
2267 500 2417 569 justo
2449 499 2539 553 iilo
2572 508 2698 554 sunt
2724 500 2865 555 dicta
2900 500 2967 555 de
3000 501 3094 557 Dei
3122 503 3494 573 magnitudine
3519 542 3537 568 ,

1960 603 2017 647 ct
2069 593 2135 648 de
2164 608 2259 648 sua
2295 592 2582 646 tolerantia
2610 624 2625 655 ,
2663 607 2782 663 quae
2832 595 3089 650 sustinuit
3138 596 3346 666 absque
3378 596 3533 666 culpa

1961 685 2223 739 innocens
2262 685 2318 739 in
2350 694 2642 753 conspectu
2679 684 2809 749 Dei,
2845 694 2900 741 et
2940 702 3125 744 coram
3155 688 3408 744 omnibus
3440 689 3538 743 ho-b

1961 776 2197 830 minibus
2222 816 2238 841 ,
2282 790 2403 845 qme
2434 774 2693 828 sustinuit
2727 788 2849 828 cum
2884 777 3183 845 gratiarum
3228 777 3537 833 actionibus

1959 880 2125 939 atque
2158 867 2594 924 confessionibus
2643 868 2775 933 Dei,
2811 883 2929 936 quae
2974 870 3231 925 sustinuit
3257 873 3357 942 pia:
3398 871 3533 926 tole-

1961 963 2151 1016 rantia:
2188 961 2417 1016 formam
2448 962 2699 1030 prazhcns
2734 962 2785 1016 in
2819 973 3084 1032 perpetuo
3112 964 3344 1021 cunctis.
3384 964 3532 1019 Beati

1958 1056 2051 1125 qui
2101 1064 2151 1109 te
2209 1054 2408 1108 fuerint
2466 1055 2706 1120 imitati,
2740 1056 3054 1111 beatissime
3085 1052 3206 1112 Job.
3257 1054 3407 1112 Beati
3438 1058 3534 1127 qui

1958 1156 2048 1200 tua
2102 1146 2329 1217 vestigia
2380 1146 2581 1202 fuerint
2615 1150 2811 1208 secuti.
2864 1148 3015 1205 Beati
3064 1150 3155 1219 qui
3193 1149 3446 1205 similiter
3477 1156 3537 1205 ut

1961 1248 2015 1293 tu
2061 1240 2112 1293 in
2148 1238 2253 1293 fide
2278 1282 2293 1307 ,
2321 1248 2377 1294 et
2408 1241 2608 1310 pietate
2634 1283 2649 1309 ,
2684 1252 2851 1311 atque
2895 1243 2948 1296 in
2979 1243 3222 1299 omnium
3255 1243 3357 1299 sibi
3385 1244 3533 1300 acci-

1955 1332 2194 1385 dentium
2269 1334 2555 1387 tolerantia
2631 1337 2993 1390 consummati
3057 1334 3282 1391 fuerint.
3331 1334 3396 1390 lii
3445 1350 3534 1390 re-

1952 1422 2235 1491 quiescent
2269 1424 2324 1478 in
2356 1436 2618 1495 perpetuo
2646 1427 2787 1496 apud
2826 1428 2992 1481 Deum
3035 1427 3274 1495 Patrem,
3299 1427 3384 1483 cui
3418 1427 3535 1500 glo-

1962 1514 2039 1567 ria
2065 1513 2119 1569 in
2156 1515 2357 1572 sarcula
2390 1515 2736 1574 saeculorum.
2771 1518 2965 1573 Amen.

274 1665 3515 1698 Μ

413 1870 967 2107 una
1062 1869 1277 2099 ιιι
1373 1863 2231 2229 θιιιιιιιιιιι
2338 1867 3413 2104 διιιτιιιιιι.

1501 2406 2321 2529 ADMONITIO

793 2644 903 2705 AD
942 2637 1569 2703 APOLOGETICUM
1617 2635 2017 2697 LIBELLUM
2063 2636 2126 2695 S.
2174 2631 2564 2696 PAMPHILI
2608 2628 3026 2695 MARTYRIS

1603 2738 1761 2800 PRO
1804 2736 2181 2798 ORIGENE.

1871 2909 1944 2929 α-

343 3073 392 3134 l.
424 3076 540 3135 Sub
568 3076 727 3132 linem
755 3074 880 3130 anni
912 3072 1086 3144 quinti
1118 3079 1405 3128 commota:
1434 3085 1465 3125 a
1513 3069 1847 3126 Diocletiano

1964 3068 2060 3141 Γὴν
2100 3062 2158 3123 δὲ
2199 3066 2339 3138 ὑπὲρ
2397 3060 2704 3137 Ὢριγένους
2728 3054 3103 3132 Ἀπολογίαν,
3137 3056 3213 3124 ὡς
3253 3058 3484 3133 ἔφημεν,
3514 3059 3545 3118 θ

268 3168 605 3244 imperatore
646 3169 911 3223 adversus
959 3164 1264 3222 Ecclesiam
1316 3162 1752 3233 persecutionis,
1797 3160 1853 3216 id

1964 3160 2243 3231 Πάμφιλος
2298 3159 2395 3213 σὺν
2447 3154 2694 3227 Εὐσεσίῳ
2719 3152 3118 3227 καθειργμένος
3154 3150 3233 3223 τῷ
3281 3152 3544 3223 οἰκήματι

265 3240 362 3322 εει
387 3263 587 3321 Christi
618 3261 745 3326 307.
787 3259 1121 3330 pamphilus,
1159 3257 1377 3312 natione
1407 3254 1662 3320 thnix,
1692 3255 1855 3310 domo

1964 3250 2337 3324 συνιγράψατο
2359 3287 2374 3314 ,
2434 3247 2531 3302 καὶ
2586 3245 2794 3318 ταύτην
2843 3244 2981 3318 πρὸς
3038 3244 3165 3307 τοὺς
3217 3242 3277 3295 ὲν
3341 3240 3543 3314 μετάλ-

266 3353 546 3425 Berytius,
600 3325 788 3417 Pierii,
834 3360 896 3404 ut
923 3325 1137 3404 scribit
1181 3345 1434 3410 Photius,
1473 3343 1856 3400 Alexandrina:

1964 3345 2071 3410 λοις
2101 3344 2189 3399 διὰ
2226 3341 2459 3415 Χριστὸν
2487 3337 3036 3411 ταλαιπωρουμένους
3059 3334 3426 3407 διεπέμψατο*
3466 3325 3545 3389 ὧν

265 3446 534 3504 Ecclesia:
571 3442 873 3515 presbyteri
912 3440 1234 3512 discipulus,
1269 3437 1361 3508 qui
1397 3445 1508 3491 tum
1561 3437 1707 3493 inter
1734 3433 1855 3491 Ca3-

268 3541 540 3598 sariensis
570 3537 825 3593 Ecclesia:
868 3534 1219 3607 presbyteros
1250 3531 1545 3595 eminebat,
1580 3538 1771 3600 captus
1802 3537 1858 3582 et

271 3633 323 3689 in
357 3647 638 3688 carcerem
673 3629 972 3698 coniectus,
1019 3627 1228 3683 biennii
1265 3626 1498 3697 spatium
1530 3622 1586 3677 in
1633 3621 1859 3678 vinculis

268 3725 476 3794 exegit.
513 3725 588 3779 Eo
635 3733 878 3793 tempore
908 3719 1176 3776 Eusebius
1211 3719 1444 3774 amicum
1477 3725 1531 3772 et
1563 3715 1858 3771 contuber-

269 3823 455 3879 nalem
494 3834 655 3875 suum
703 3817 943 3872 invisens
994 3813 1237 3877 assidue,
1277 3827 1373 3867 seu
1424 3809 1701 3867 communi
1731 3823 1857 3863 cum

269 3930 334 3970 eo
364 3924 591 3968 carcere
621 3906 880 3969 inclusus,
931 3915 984 3959 ut
1016 3905 1093 3958 ait
1130 3903 1369 3966 Photins,
1407 3903 1647 3972 quinque
1687 3900 1859 3955 libros

273 4004 614 4077 Dcfemionis
687 3999 931 4070 Origem's
987 3998 1038 4051 in
1094 4011 1317 4051 carcere
1380 4010 1482 4048 una
1546 4007 1671 4049 cum
1729 3991 1857 4058 illo,

273 4110 493 4157 sextum
550 4109 678 4150 vero
720 4103 775 4148 et
834 4091 1082 4145 ultimum
1131 4088 1373 4159 ejusdem
1420 4086 1600 4154 operis
1660 4084 1859 4139 librum

276 4201 498 4247 mortuo
543 4189 755 4243 demum
809 4183 1043 4239 absolvit
1093 4178 1404 4250 Pamphilo.
1477 4176 1671 4232 Totum
1723 4191 1859 4246 opus

276 4281 684 4338 confessoribus
721 4278 785 4330 ad
832 4274 1047 4331 metalla
1088 4272 1390 4327 Paltestintc
1440 4269 1760 4342 degentibus
1791 4270 1859 4325 ab

278 4373 517 4431 Eusebio
546 4381 601 4425 et
636 4366 916 4438 Pamphilo
971 4375 1340 4434 nuncupatqu
1364 4372 1470 4429 est,
1502 4363 1859 4431 quemadmo-

1956 3433 2026 3510 ἦν
2052 3432 2114 3491 τὸ
2147 3428 2474 3508 ἀκροθίνιον,
2529 3426 2960 3502 Πατερμούθιος,
3010 3427 3040 3481 ὁ
3067 3427 3205 3498 μετὰ
3234 3425 3409 3499 βραχὺ
3441 3425 3543 3497 τῆς

1960 3526 2245 3602 Παμφίλου
2280 3525 2622 3587 ἀναλύσεως,
2664 3522 2755 3576 διὰ
2782 3520 2954 3591 πυρὸς
2980 3519 3077 3573 καὶ
3100 3517 3263 3581 αὐτὸς
3292 3519 3389 3571 σὺν
3422 3514 3544 3569 ἑτέ-

1963 3638 2078 3696 ροις
2106 3619 2195 3675 τὸν
2245 3619 2358 3691 βίον
2394 3612 2720 3678 τελειωθείς.
2760 3632 2778 3665 ‹
2818 3611 2946 3679 Ejus
2992 3623 3158 3680 porro
3205 3607 3544 3679 Apologiom,

1962 3726 2021 3770 ut
2047 3713 2308 3777 diximus,
2340 3707 2656 3785 Pamphilus
2687 3720 2793 3760 una
2832 3718 2955 3758 cum
2987 3698 3239 3766 Eusebio,
3270 3700 3544 3755 communi

1964 3822 2189 3864 carcere
2226 3803 2423 3860 inclusi
2457 3800 2922 3870 conscripserunt,
2954 3793 3313 3862 eamdemque
3340 3791 3408 3847 ad
3446 3802 3543 3847 eos

1962 3901 2053 3973 qui
2088 3915 2185 3971 pro
2210 3896 2412 3957 Christi
2445 3893 2664 3951 nomine
2692 3891 2758 3946 ad
2805 3888 3020 3945 metalla
3050 3888 3287 3942 damnati
3319 3900 3545 3942 exerce-

1961 3993 2183 4056 bantur,
2234 3985 2593 4045 consolationi
2647 3983 2946 4048 miserunt;
3011 3993 3242 4050 quorum
3291 3978 3543 4048 princeps

1964 4090 2085 4138 erat
2130 4075 2560 4140 Patermuthius,
2611 4072 2705 4144 qui
2734 4080 2856 4142 post
2897 4067 3162 4138 Pamphili
3191 4082 3287 4138 per
3339 4076 3545 4137 marty-

1965 4169 2104 4223 rium
2178 4165 2622 4237 emigrationem,
2700 4160 2852 4217 brevi
2921 4158 3208 4229 interjecto
3276 4167 3540 4227 tempore,

1964 4260 2198 4315 ﬂammis
2236 4269 2291 4313 et
2324 4258 2437 4326 ipse
2485 4269 2609 4310 cum
2641 4252 2765 4307 aliis
2799 4251 2909 4305 vita
2946 4249 3132 4320 pulsus
3176 4257 3278 4303 est.
3316 4264 3335 4300 ι
3370 4246 3543 4318 Hujus

1965 4351 2236 4421 Apologiq:
2274 4347 2535 4404 Eusebius
2578 4345 2673 4400 lib.
2710 4358 2763 4398 νι
2796 4342 2937 4397 Hist.
2990 4339 3143 4406 βαίη
3193 4354 3316 4409 cap.
3349 4338 3439 4405 35,
3467 4338 3545 4393 sic

281 4430 407 4523 dum
432 4463 625 4519 scribit
674 4430 810 4514 idem
844 4457 1068 4512 Photius
1102 4430 1409 4508 Bibliothec.
1457 4430 1644 4506 codice
1693 4465 1858 4504 cxvm

1966 4445 2214 4500 meminit
2255 4459 2270 4497 :
2306 4437 2447 4495 Ὅσα
2497 4436 2555 4492 δὲ
2590 4439 2859 4507 ἀναγκαῖα
2886 4434 2994 4488 τῶν
3017 4433 3145 4505 περὶ
3175 4430 3338 4487 αὑτὸν
3368 4430 3547 4503 (Ὠρι-

282 4558 367 4614 bis
392 4556 575 4611 verbis
606 4571 621 4607 :
662 4546 999 4619 ’Λνεγνὼσθη
1030 4542 1316 4617 Παμφίλου
1342 4542 1435 4596 τοῦ
1467 4541 1742 4614 μάρτυρος
1768 4540 1862 4593 καὶ

282 4648 543 4706 Εὑσεϐίου
592 4644 730 4716 ὑπὲρ
767 4641 1092 4714 Ὠριγένους
1127 4638 1282 4709 τόμοι
1329 4636 1387 4690 δὲ
1431 4634 1491 4687 τὺ
1525 4633 1726 4704 βιϐλίον
1779 4630 1859 4698 ἓξ,

282 4736 353 4796 ὧν
378 4744 427 4797 οἱ
460 4741 558 4813 μὲν
593 4738 775 4802 πέντε,
810 4732 1080 4805 Παμφίλῳ
1101 4730 1163 4783 τὸ
1192 4728 1566 4798 δεσμωτήριον
1590 4722 1859 4785 οἰκοῦντι,

286 4834 666 4908 συμπαρόντος
719 4831 815 4885 καὶ
879 4824 1162 4885 Εὑσεϐίου,
1222 4817 1660 4889 ὲξεπονήθησανο
1710 4818 1740 4869 ὁ
1805 4815 1863 4868 δὲ

286 4930 461 4993 ἕκτος,
503 4926 625 4981 ἐπεὶ
656 4927 683 4978 ὁ
733 4922 944 4994 μάρτυς
979 4918 1119 4987 ξίφει
1146 4914 1239 4968 τοῦ
1292 4913 1388 4984 ζῇν
1428 4909 1714 4981 ἀπαχθεὶς,
1772 4908 1864 4960 ἁν-

288 5023 443 5078 ἐλυσε
494 5019 631 5092 πρὸς
668 5018 726 5071 ὃν
757 5012 940 5069 ἐπόθει
984 5010 1137 5074 Θεὸν,
1188 5004 1433 5076 Εὐσεϐίῳ
1468 5001 1654 5057 λοιπὸν
1686 5001 1866 5069 ἁπαρι

289 5116 514 5182 τίζεται.
543 5091 567 5165 “‹
611 5109 759 5165 Lecti
789 5116 918 5162 sunt
962 5100 1229 5173 Pamphili
1276 5097 1535 5168 martyris
1570 5106 1622 5150 et
1651 5091 1868 5148 Eusebii

294 5220 388 5276 pro
420 5204 653 5274 Origene
687 5199 806 5254 libri
836 5212 954 5261 sex,
980 5209 1212 5265 quorum
1246 5190 1485 5261 quinque
1508 5198 1634 5242 sunt
1655 5203 1684 5241 a
1704 5186 1868 5240 Pam-

295 5298 439 5368 philo
473 5297 525 5351 in
572 5308 812 5355 carcere,
867 5297 1131 5358 prasente
1175 5285 1340 5341 etiam
1389 5280 1649 5341 Eusebio,
1680 5278 1867 5332 elabo-

298 5392 395 5446 rati
431 5405 447 5443 :
479 5397 667 5444 sextus
697 5400 826 5440 vero
854 5391 1139 5452 postquam
1179 5377 1291 5447 jam
1322 5385 1531 5445 martyr
1574 5371 1718 5426 ferro
1757 5369 1868 5440 pri-

298 5492 453 5537 vatus
478 5482 613 5544 vita,
664 5479 731 5534 ad
772 5477 933 5531 unice
963 5472 1327 5528 desideratum
1371 5469 1537 5523 Deum
1582 5465 1865 5535 migrarat,

298 5576 365 5630 ab
393 5573 624 5629 Eusebio
668 5579 753 5626 est
785 5564 1086 5623 absolutus.
1127 5583 1146 5617 ι
1190 5563 1258 5619 Ει
1284 5560 1471 5633 paucis
1516 5556 1818 5626 interiectis
1851 5564 1865 5607 ξ

320 5751 669 5828 ιιῬεει..οιγ,
703 5750 789 5804 17.
865 5747 908 5778 ⁸⁷
940 5744 1038 5799 ιυιι
1068 5759 1159 5809 ιιι,
1187 5743 1270 5799 l9.

495 5848 768 5906 ΡΑτιιοι..
817 5842 932 5902 Gn.
982 5838 1182 5901 XVII.

1963 4537 2149 4610 γένην)
2202 4536 2491 4605 διαγνῶναι
2518 4529 2607 4605 ἦν,
2636 4530 2810 4584 ταῦτα
2837 4528 2931 4582 καὶ
2959 4529 3023 4581 ὲκ
3062 4527 3161 4599 τῆς
3207 4524 3350 4596 ὑπὲρ
3380 4522 3546 4579 αὐτοῦ

1966 4626 2349 4700 πεπονημένης
2374 4628 2504 4698 ἡμῖν
2527 4641 2589 4677 τε
2620 4623 2715 4676 καὶ
2743 4621 2822 4693 τῷ
2846 4619 2967 4675 καθ’
2997 4620 3144 4690 ἡμᾶς
3179 4617 3311 4689 ἱερῷ
3341 4616 3547 4689 μάρτυ-

1968 4738 2021 4793 ρι
2076 4717 2346 4789 Παμφίλῳ
2403 4712 2777 4783 Ἀπολογίας,
2831 4710 3095 4783 πάρεστιν
3148 4707 3543 4774 ἁναλέξασθαι¹

1966 4812 2031 4882 ἢν
2068 4809 2177 4863 τῶν
2213 4807 2492 4878 φιλαιτίων
2516 4805 2678 4859 ἕνεκα
2708 4804 3150 4875 συμπονήσαντες
3167 4801 3439 4871 ἀλλήλοις,
3460 4798 3548 4854 διὰ

1970 4899 2204 4970 σπουδῆς
2230 4896 2597 4969 πεποιήμεθα.
2639 4915 2657 4949 ι
2689 4895 3033 4965 Quaecunque
3059 4908 3189 4949 vero
3214 4905 3437 4947 necesse
3462 4900 3548 4945 est

1972 4994 2038 5046 de
2082 4992 2173 5046 illo
2207 4990 2487 5061 (Origene)
2533 5002 2848 5060 agnoscere,
2901 5001 2964 5041 ea
3020 4985 3129 5056 peti
3194 4990 3422 5053 possunt
3479 4998 3547 5036 ex

1973 5083 2309 5154 Apologetico
2368 5083 2461 5152 qui
2514 5098 2543 5135 a
2600 5079 2755 5135 nobis
2807 5087 2863 5133 et
2910 5093 2941 5131 ιι
2983 5083 3333 5131 sacrosancto
3373 5072 3546 5129 nostri

1979 5177 2240 5246 temporis
2298 5185 2537 5247 martyre
2575 5172 2860 5243 Pamphilo
2906 5184 3009 5241 pro
3057 5168 3202 5222 illius
3238 5164 3548 5221 defensione

1979 5270 2318 5340 conscriptus
2350 5279 2469 5336 est;
2520 5282 2680 5337 quem
2716 5264 2933 5337 quidem
2980 5277 3081 5318 nos
3120 5270 3343 5331 propter
3385 5256 3551 5313 male-

1974 5363 2127 5419 volos
2158 5364 2421 5431 quosdam
2447 5362 2845 5416 obtrectatores
2867 5355 3147 5413 communi
3174 5353 3353 5411 studio
3384 5361 3551 5423 atque

1975 5470 2138 5527 opera
2167 5455 2395 5525 junctim
2436 5454 2856 5510 elaboravimus.
2910 5471 2928 5504 ι
2986 5451 3245 5506 Socrates
3289 5446 3418 5501 item
3452 5443 3547 5498 lib.

1976 5566 2034 5606 ιιι
2087 5547 2227 5605 Hist.
2263 5547 2471 5616 eodem,
2519 5562 2642 5620 cap.
2688 5545 2721 5599 7
2764 5562 2779 5599 :
2838 5543 3117 5614 Ὠριγένης
3164 5540 3223 5595 δὲ
3274 5532 3550 5609 πανταχοῦ

3148 5804 3243 5866 ⁷1⁷1
