3992 6312
468 279 589 358 '52:.

1690 295 1747 357 S'.
1791 297 2114 356 PAMPHILI
2153 295 2516 357 MABTYRIS

3653 303 3758 366 εει

485 423 584 493 μὲν
616 423 673 476 ἐν
705 423 816 488 τοῖς
871 424 1188 496 φερομένοις
1241 423 1402 478 αὐτοῦ
1440 423 1664 494 βιϐλίοις
1698 423 1938 496 ἔμψυχον
1968 423 2036 477 τὸ

2163 423 2424 487 exercuit,
2459 421 2661 476 nullam
2695 420 2748 475 in
2783 433 2882 476 suo
2907 417 3172 492 catalogo
3203 420 3446 476 virorum
3474 421 3760 481 illustrium
3801 435 3804 437 ‘

483 515 978 588 ἐνανθρωπήσαντα
1011 511 1147 570 οἶδεν
1173 534 1186 547 ο
1239 515 1420 580 εδικῶς
1463 515 1520 569 δέ
1561 518 1590 570 ὁ
1640 517 1728 583 εις
1749 515 1867 584 τὴν
1891 515 2068 570 Γένε-

480 621 587 662 σιν
606 603 756 678 αὐτῷ
781 607 1154 678 πεπονημένος
1183 607 1400 672 έννατος
1421 609 1606 680 τόμος,
1637 607 1700 662 τὸ
1723 609 1851 680 περὶ
1876 608 2066 663 τούτου

483 694 780 766 μυστήριον
836 694 1198 765 ἐφανέρωσεν,
1241 695 1370 750 ἔνθα
1437 696 1608 768 Ἀδὰμ
1662 696 1760 767 μὲν
1790 697 1880 751 τὸν
1934 699 2066 771 Χρι-

479 787 624 853 στὸν,
659 788 806 843 Εὕαν
829 788 907 853 δὲ,
925 789 1024 858 τὴν
1055 786 1378 860 Ἐκκλησίαν
1410 785 1546 843 εἶναι
1573 789 1904 864 πλατύτερον
1937 809 2065 846 κατ-

477 879 774 934 εσκεύασε·
831 881 1107 952 μάρτυρες
1159 881 1363 936 τούτων
1411 879 1733 948 ἀξιόπιστοι,
1776 885 1886 937 ὅτε
1921 885 2062 956 ἱερὸς

477 972 781 1043 Πάμφιλος,
836 973 926 1026 διαὶ
971 973 1000 1024 ὁ
1041 971 1101 1037 ἐξ
1152 973 1317 1026 αὑτοῦ
1346 973 1700 1046 χρηματίζων
1757 976 2018 1041 Εὐσέϐιος
2043 995 2056 1008 ο

475 1064 642 1135 ἄμφω
674 1064 783 1137 γὰρ
810 1068 964 1137 κοινῇ
994 1065 1084 1119 τὸν
1127 1065 1433 1138 Ὦριγένους
1459 1067 1882 1140 παρατιθέμενοι
1923 1069 2056 1140 βίον,

475 1155 568 1208 καὶ
600 1155 736 1225 πρὸς
773 1155 897 1218 τοὺς
941 1156 1006 1207 ἐκ
1061 1154 1383 1226 προλήψεως
1408 1155 1885 1227 ἀπεχθανομένους
1921 1156 2058 1228 πρὸς

474 1247 563 1301 τὸν
595 1247 766 1320 ἄνδρα
809 1247 1175 1312 ἀπαντῶντες,
1228 1245 1458 1311 ἐνδόξοις
1506 1246 1730 1318 βιϐλίοις
1763 1248 2056 1317 ἀπολογίαν

474 1339 613 1412 ὑπὲρ
663 1339 827 1393 αὐτοῦ
874 1337 1206 1410 ποιούμενοι,
1253 1338 1314 1391 οὐ
1370 1337 1585 1408 πρῶτον
1631 1340 1912 1413 Ὠριγένην
1964 1341 2056 1395 ἐπὶ

470 1432 673 1505 ταύτην
698 1432 796 1505 τὴν
823 1433 1208 1505 πραγματείαν
1237 1427 1411 1488 ἐλθεῖν
1449 1451 1633 1504 φασιν,
1667 1434 1803 1490 ἀλλὰ
1827 1435 1927 1508 τὴν
1955 1437 2055 1508 τῆς

483 1524 809 1596 Ἐκκλησίας
853 1524 1121 1595 μυστικὴν
1149 1525 1483 1597 ἑρμηνεῦσαι
1509 1526 1824 1598 παράδοσιν.
1867 1545 1886 1578 ι
1924 1527 2051 1584 Ori-

469 1629 635 1683 genes
682 1629 897 1686 quoque
946 1614 1001 1670 in
1055 1615 1313 1671 omnibus
1364 1615 1519 1671 libris
1571 1617 1708 1684 suis,
1773 1616 2049 1674 Christum

473 1707 745 1762 hominem
789 1706 989 1762 factum
1037 1709 1219 1762 anima
1273 1709 1556 1779 praeditum
1596 1725 1717 1765 esse
1751 1712 2044 1779 agnoscit:

2171 514 2498 569 mentionem
2529 514 2673 568 fecit.

2239 605 2300 661 ll.
2335 607 2491 662 Anno
2537 605 2745 662 Christi
2797 605 2924 671 397,
2958 603 3224 671 Ruﬁnus,
3281 619 3314 660 e
3368 604 3654 661 Palaestina
3705 611 3756 664 in

2168 695 2373 751 Italiam
2402 713 2430 751 a
2481 707 2674 752 sancto
2705 695 3044 760 Cliromatio,
3075 695 3461 766 Aquileiensis
3508 698 3759 756 Ecclesia:

2166 790 2441 860 episcopo,
2482 799 2759 855 evocatus,
2797 791 2888 845 ubi
2931 791 3163 847 Romam
3224 789 3477 854 advenit,
3526 792 3754 861 primum

2165 881 2325 951 hujus
2354 881 2621 952 Apologia:
2683 883 2881 938 librum
2932 883 3126 939 Latine
3179 883 3381 944 vertit,
3418 882 3610 938 etisth
3642 885 3754 944 solo

2164 974 2417 1044 martyris
2461 973 2726 1044 Pamphili
2783 976 3004 1030 nomine
3055 973 3389 1044 publicavit.
3433 974 3550 1029 Cur
3577 985 3751 1032 autem

2165 1064 2214 1120 id
2245 1066 2425 1134 operis
2448 1080 2739 1135 aggressus
2765 1067 2855 1129 sit,
2887 1065 2966 1120 sic
2989 1065 3113 1136 ipse‘
3133 1065 3376 1134 exponit
3401 1063 3498 1118 lib.
3527 1081 3544 1120 ι
3573 1067 3753 1122 adver-

2158 1172 2248 1210 sus
2283 1153 2663 1226 Hieronymum
2687 1171 2706 1209 :
2735 1173 2753 1207 (
2785 1153 2884 1209 Vir
2915 1155 3037 1222 ﬁde,
3069 1155 3416 1219 eruditione,
3450 1155 3752 1223 nobilitate,

2158 1247 2265 1300 vita
2295 1245 2476 1301 clarus
2503 1245 2772 1304 Macarius
2809 1263 2931 1302 cum
2978 1246 3244 1317 opuscula
3279 1247 3552 1302 adversus
3585 1248 3748 1305 fatum

2155 1337 2239 1393 vel
2271 1338 2552 1392 mathesim
2589 1340 2814 1395 haberet
2852 1339 2904 1396 in
2959 1339 3243 1404 manibus,
3307 1352 3492 1406 eaque
3523 1341 3640 1395 utili
3695 1352 3750 1397 et

2155 1431 2563 1500 pernecessario
2613 1433 2810 1487 sudore
2864 1442 3225 1503 componeret
3279 1449 3295 1486 :
3352 1431 3408 1486 in
3463 1431 3749 1500 aliquantis

2152 1538 2303 1590 vero,
2331 1523 2455 1593 quia
2488 1533 2608 1579 erat
2639 1523 2968 1596 perdiﬁicilis
3001 1526 3264 1590 materia,
3294 1525 3368 1582 de
3398 1525 3600 1581 divina:
3625 1525 3747 1583 Pro-

2152 1616 2404 1671 videntia:
2456 1617 2948 1687 dispensationibus
2995 1617 3310 1684 haesitaret,
3370 1631 3474 1686 per
3502 1633 3744 1688 soporem

2151 1707 2254 1762 sibi
2286 1723 2315 1761 a
2346 1708 2575 1763 Domino
2603 1707 2709 1763 tale
2736 1709 2937 1779 aliquid
2964 1709 3187 1766 dicebat
3219 1718 3516 1764 ostensum
3546 1727 3562 1763 :
3603 1711 3742 1780 quod

470 1799 564 1856 sed
599 1799 906 1869 specialiter
933 1800 985 1854 in
1017 1815 1160 1856 nono
1189 1810 1336 1857 tomo
1373 1801 1886 1858 Commentariorum
1912 1818 2049 1874 quos
2082 1774 2124 1832 Β
2153 1796 2306 1850 navis
2334 1797 2383 1852 ei
2416 1798 2662 1867 quaedam
2699 1799 3168 1856 demonstraretur
3197 1802 3427 1856 eminus
3457 1800 3745 1857 adventare

470 1892 693 1964 scripsit
722 1894 776 1946 in
817 1883 1080 1958 Genesim,
1119 1893 1280 1965 hujus
1335 1895 1412 1950 rei
1450 1905 1850 1950 sacramentum
1882 1911 2050 1968 expo-

469 1983 548 2036 nit
579 1997 595 2036 :
627 1998 734 2052 quo
774 1982 892 2038 loco
929 1983 1194 2038 Adamum
1236 1984 1451 2053 quidem
1485 1984 1709 2050 Christi,
1763 1986 1930 2042 Evam
1957 2003 2050 2042 au-

469 2086 574 2130 tem
601 2073 855 2130 Ecclesiae
884 2084 1070 2146 typum
1098 2089 1286 2147 gerere
1309 2076 1558 2145 pluribus
1577 2078 1757 2134 verbis
1784 2079 2043 2135 asseruit.

467 2164 634 2234 Hujus
661 2167 737 2220 rei
774 2175 937 2221 testes
991 2176 1118 2221 sunt
1158 2165 1571 2236 locupletissimi
1626 2168 1686 2225 S.
1728 2167 2044 2239 Pamphilus

462 2267 540 2326 et,
567 2259 656 2327 qui
684 2259 753 2312 ab
792 2257 884 2313 illo
923 2273 1119 2313 nomen
1157 2259 1344 2326 traxit,
1375 2258 1661 2316 Eusebius.
1692 2262 1867 2318 Ambo
1897 2265 2042 2318 enim

463 2363 584 2404 cum
619 2348 780 2403 simul
811 2349 983 2420 juncti
1021 2348 1186 2404 vitam
1235 2348 1486 2421 Origenis
1517 2351 1950 2419 conscriberent,
1987 2362 2065 2426 et_

464 2449 531 2504 iis
554 2449 645 2519 qui
682 2463 750 2503 ex
784 2449 1078 2524 anticipata
1134 2447 1370 2517 quadam
1407 2449 1665 2519 opinione
1709 2465 1831 2506 eum
1879 2467 2040 2507 aver-

461 2542 740 2605 sabantur,
773 2541 1182 2610 responderent,
1213 2540 1267 2595 in
1293 2540 1570 2610 praeclaris
1603 2541 1711 2597 illis
1733 2542 1884 2599 libris
1903 2559 2040 2614 quos

461 2650 560 2704 pro
605 2635 722 2706 ejus
763 2633 1077 2689 defensione”
1117 2631 1542 2699 elucubrarunt,
1589 2633 1876 2706 Origenem
1926 2651 2036 2692 non

461 2731 693 2799 primum
741 2730 794 2783 in
829 2715 932 2784 hoc
971 2737 1288 2799 argumento
1323 2739 1600 2786 versatum
1663 2746 1784 2786 esse
1827 2731 2036 2798 dicunt,

383 2815 391 2836 ⁷
459 2824 553 2878 sed
579 2822 865 2894 mysticam
893 2821 1150 2877 Ecclesiae
1179 2821 1526 2878 traditionem
1557 2838 1676 2878 esse
1705 2823 2038 2893 interpreta-

463 2930 595 2970 tum.
629 2934 648 2968 ι
685 2915 970 2970 Socratem
998 2916 1245 2988 sequitur
1275 2916 1616 2987 Nicephorus
1647 2917 1900 2974 Callistus
1936 2917 2032 2974 lib.

445 3027 516 3082 α,
547 3025 669 3080 cap.
715 3008 806 3065 Η.
849 3010 1168 3080 Anonymus
1217 3020 1432 3078 auctor,
1478 3011 1571 3082 qui
1626 3023 1778 3066 sexto
1837 3011 2035 3068 saeculo

455 3100 714 3171 epistolas
742 3101 1031 3172 synodicas
1085 3116 1113 3156 a
1147 3100 1215 3159 R.
1250 3101 1308 3156 Ρ.
1339 3099 1491 3172 Lupo
1517 3102 1688 3156 editas
1710 3101 1947 3173 collegit,
1978 3103 2031 3158 in
2062 3129 2104 3188 ο

447 3180 570 3250 suis
599 3193 664 3248 ad
695 3193 979 3265 epistolam
1026 3194 1130 3249 198
1161 3192 1640 3251 observationibus
1673 3193 1836 3265 hujus
1865 3195 2029 3250 etiam

454 3291 536 3345 sic
569 3289 853 3344 meminit:
889 3307 908 3341 ι
955 3289 1222 3346 Eusebius
1262 3290 1314 3344 in
1355 3302 1520 3360 opere
1552 3288 1890 3359 apologetico
1931 3304 2032 3359 pro

453 3382 686 3455 Origene
712 3393 766 3438 et
788 3383 1129 3453 dogmatibus
1145 3382 1285 3451 ejus,
1314 3382 1366 3437 id
1389 3392 1494 3449 est,
1516 3397 1612 3452 pro
1645 3383 2030 3452 praeessisten-

456 3475 530 3530 tia
582 3483 640 3528 et
693 3474 1037 3530 restitutione
1081 3472 1416 3542 composito,
1466 3475 1612 3542 quod
1665 3475 1921 3546 martyris
1977 3488 2031 3530 et

456 3566 621 3636 ipsius
659 3565 875 3621 Eusebii
916 3566 1267 3622 Czesariensis
1317 3566 1626 3621 nominibus
1669 3575 2025 3636 praenotatur,

454 3658 636 3713 multis
665 3658 821 3714 valde
850 3659 1266 3729 pracedentium
1291 3657 1515 3713 Patrum
1544 3659 1873 3716 testimoniis
1898 3675 2028 3716 usus

450 3761 535 3805 est
567 3765 665 3820 pro
694 3751 966 3819 praedictis
1003 3751 1301 3807 erroribus.
1344 3769 1362 3803 ι
1397 3751 1551 3817 Quod
1597 3760 1776 3807 autem
1810 3753 1886 3809 ait
1919 3753 2029 3807 Eu-

450 3842 632 3897 sebius
660 3842 798 3896 hanc
820 3857 850 3897 a
872 3857 929 3898 se
953 3852 1008 3897 et
1035 3859 1063 3895 a
1091 3851 1332 3915 martyre
1354 3843 1637 3915 Pamphilo
1663 3844 2026 3914 Defensionem

450 3931 693 4003 Origenis
741 3933 905 3988 fuisse
953 3935 1323 4005 conscriptam
1377 3953 1396 3987 ι
1456 3944 1677 4004 propter
1731 3935 2026 3992 malevolos

439 4023 711 4092 guusdam
741 4026 1158 4090 obtrectatores,
1193 4043 1213 4079 s
1252 4025 1394 4079 haud
1439 4027 1555 4082 scio
1590 4044 1655 4081 an
1689 4042 1797 4083 non
1834 4029 2023 4098 praeci-

448 4132 554 4186 pue
587 4116 841 4186 respiciat
884 4115 1232 4184 Methodium,
1259 4117 1470 4188 Olympi
1507 4117 1559 4172 in
1614 4117 1780 4189 Lycia
1807 4120 2024 4190 episco-

443 4225 596 4282 pum,
631 4209 722 4280 qui
766 4220 877 4282 tum
919 4209 1227 4264 eruditione
1271 4209 1663 4266 celeberrimus
1705 4221 1846 4267 erat.
1885 4211 2020 4266 Nam

449 4278 755 4373 ijEusebius
772 4278 1122 4357 Cmsaricnsis
1155 4302 1442 4372 episcopus
1465 4320 1484 4355 ι
1518 4302 1710 4375 (verba
1735 4315 1864 4360 sunt
1895 4304 2022 4360 Hie-

437 4395 656 4466 ronymi
689 4395 784 4451 lib.
813 4409 830 4448 ι
856 4393 1126 4464 Apologia:
1157 4393 1410 4448 adversus
1441 4392 1719 4465 Ruﬁnum)
1757 4395 1812 4450 in
1863 4406 2020 4451 sexto

2151 1903 2246 1957 per
2289 1888 2538 1958 pelagus,
2589 1905 2712 1960 quae
2771 1905 2894 1947 cum
2948 1899 3168 1960 portum
3211 1891 3419 1947 luisset
3478 1892 3739 1961 ingressa,

2147 1982 2320 2036 nodos
2345 1996 2457 2036 sua:
2486 1982 2844 2040 htesitationis
2869 1984 3201 2040 absolveret.
3239 1984 3565 2055 Exsurgens
3590 1999 3734 2050 vero,

2147 2087 2268 2126 cum
2299 2071 2366 2126 de
2397 2071 2514 2127 visu
2564 2074 2830 2130 sollicitus
2867 2077 3156 2144 cogitaret,
3206 2089 3312 2129 nos
3362 2075 3737 2145 supervenisse

2145 2163 2326 2219 aiebat
2349 2163 2403 2218 in
2431 2173 2704 2236 tempore:
2732 2167 2932 2236 quibus
2955 2169 3220 2222 continuo
3242 2176 3300 2222 et
3330 2166 3596 2236 opuscula
3621 2181 3738 2234 sua,

2145 2267 2200 2313 ct
2246 2258 2654 2329 ambiguitatem
2701 2259 2982 2325 indicavit,
3033 2271 3089 2315 et
3131 2261 3342 2314 visum.
3394 2258 3534 2326 Quid
3579 2272 3736 2327 porro

2142 2351 2423 2421 Origenes,
2449 2366 2608 2420 quem
2645 2353 3086 2422 opinatissimum
3114 2353 3263 2424 apud
3293 2351 3522 2408 Grazcos
3556 2350 3734 2406 audie-

2146 2454 2250 2510 rat,
2290 2444 2520 2499 sentiret
2557 2445 2624 2500 de
2674 2445 2870 2500 talibus
2913 2453 3335 2515 percunctatur,
3389 2445 3733 2515 breviterque

2141 2537 2243 2591 sibi
2301 2529 2416 2605 ejus
2473 2537 2540 2591 de
2601 2537 2832 2609 singulis
2885 2538 3196 2608 quibusque
3243 2539 3554 2595 sententias
3613 2548 3730 2595 orat

2139 2631 2359 2699 exponi.
2387 2629 2498 2701 Ego
2548 2645 2661 2686 rem
2719 2631 2956 2700 primum
2987 2632 3239 2688 dicebam
3280 2632 3430 2688 factu
3457 2647 3579 2688 esse
3599 2629 3726 2688 difﬁ-

2139 2722 2329 2787 cilem;
2382 2733 2628 2778 sanctum
2665 2732 2842 2778 tamen
2879 2725 3224 2796 Pamphilum
3262 2735 3566 2798 martyrem
3617 2723 3725 2778 dixi

2139 2816 2371 2884 quadam
2412 2831 2476 2869 ex
2518 2824 2672 2884 parte
2703 2815 2812 2870 tale
2855 2815 3060 2887 aliquid
3097 2819 3286 2886 operis
3333 2817 3723 2887 conscripsisse

2138 2905 2192 2960 in
2226 2905 2565 2977 Apologetico
2597 2923 2718 2962 suo.
2750 2907 3025 2964 Continuo
3065 2909 3116 2964 id
3147 2909 3255 2964 sibi
3287 2911 3468 2979 poscit
3499 2909 3552 2962 in
3579 2907 3723 2964 Lati-

2139 3013 2264 3052 num
2303 2999 2461 3054 verti.
2502 2999 2714 3055 Nullum
2739 3000 2985 3054 dicebam
3041 3015 3127 3056 me
3159 3017 3326 3055 usum
3354 2999 3720 3069 hujuscemodi

2137 3090 2316 3160 operis
2344 3091 2616 3158 habuisse,
2641 3101 2694 3147 et
2720 3093 2786 3147 ad
2818 3091 3068 3148 Latinum
3094 3108 3415 3149 sermonem
3447 3092 3717 3148 tricennali

2135 3183 2244 3252 jam
2278 3197 2414 3253 pene
2445 3183 2654 3240 incuria
2693 3186 2985 3257 torpuisse.
3020 3185 3276 3242 Perstitit
3326 3195 3509 3242 tamen
3533 3184 3716 3255 depre~

2133 3291 2266 3332 cans
2291 3277 2657 3347 qualicunque
2683 3291 2941 3334 sermone
2973 3278 3222 3334 notitiam
3248 3280 3358 3335 sibi
3395 3287 3600 3333 tantum
3622 3292 3712 3332 eo-

2133 3383 2251 3422 rum
2286 3384 2405 3439 qure
2453 3370 2726 3439 cupiebat,
2758 3370 2995 3426 ostendi.
3051 3369 3304 3442 Cumque
3358 3373 3412 3428 id
3439 3385 3544 3442 quo
3565 3369 3708 3442 potui

2130 3475 2383 3516 sermone
2421 3459 2694 3526 fecissem,
2740 3461 2929 3529 majori
2976 3463 3246 3520 desiderio
3313 3479 3580 3521 accensus
3629 3471 3710 3519 est

2129 3553 2196 3607 ad
2245 3552 2335 3610 illa
2380 3553 2498 3624 ipsa
2548 3554 2760 3623 plenius
2803 3558 3203 3626 cognoscenda,
3247 3571 3283 3612 e
3313 3557 3513 3627 quibus
3542 3569 3704 3626 pauca

2131 3645 2219 3700 illa
2247 3660 2369 3716 qua:
2417 3646 2800 3701 transtuleram
2842 3647 3170 3703 videbantur
3200 3661 3508 3720 assumpta.
3545 3649 3706 3702 Excu-

2128 3745 2337 3793 santem
2375 3753 2461 3793 me
2495 3751 2693 3809 urgere
2723 3740 3104 3796 vehementius
3143 3743 3342 3812 coepit,
3393 3753 3450 3798 et
3476 3743 3575 3797 sub
3613 3741 3699 3796 Dei

2131 3830 2438 3887 testimonio
2464 3831 2756 3887 convenire
2785 3847 2852 3887 ne
2877 3831 2979 3887 sibi
3007 3834 3074 3886 ad
3102 3847 3236 3904 opus
3265 3835 3472 3891 bonum
3503 3848 3618 3904 qua:
3645 3847 3700 3888 se

2128 3923 2322 3978 auxilia
2365 3924 2560 3992 luvare
2613 3933 2836 3996 possent
2889 3926 3234 3997 denegarem.
3265 3927 3514 3998 Cumque
3550 3925 3698 3980 vehe-

2125 4017 2360 4072 mentius
2391 4016 2692 4085 insisteret,
2749 4025 2805 4072 et
2854 4016 3184 4073 desiderium
3236 4018 3358 4088 ejus
3409 4019 3694 4076 secundum

2127 4107 2296 4162 Deum
2322 4122 2442 4164 esse
2470 4111 2866 4180 perspicerem,
2898 4109 3147 4180 acquievi
3175 4113 3418 4178 tandem,
3451 4122 3504 4167 et
3536 4111 3694 4166 inter—

2123 4209 2368 4271 pretatus
2399 4215 2542 4259 sum.
2579 4218 2601 4253 ι
2638 4201 2707 4255 At
2732 4216 2858 4256 vero
2884 4199 3247 4273 Hieranymus
3281 4205 3377 4262 lib.
3420 4219 3480 4261 ιιι
3514 4203 3690 4258 adver-

2120 4308 2210 4348 sus
2245 4291 2498 4362 Ruﬁnum
2528 4294 2608 4350 sic
2636 4294 2851 4349 deridet
2891 4293 3034 4350 hanc
3072 4294 3252 4351 Ruﬁni
3283 4297 3686 4353 narrationem:

2126 4403 2145 4437 ι
2191 4383 2236 4440 0
2265 4385 2568 4451 triremem,
2605 4386 2800 4456 inquit,
2829 4385 3338 4458 locupletissimam,
3365 4395 3485 4461 quae
3508 4385 3688 4445 Orien-

438 4485 582 4550 libro
629 4475 731 4556 τῆς
781 4484 1125 4555 Ἀπολογίας
1181 4483 1431 4554 Origenis
1497 4486 1600 4539 hoc
1653 4485 1794 4541 idem
1832 4484 2018 4555 objicit
2048 4489 2093 4544 1)
2123 4477 2321 4534 talibus
2348 4476 2697 4550 etIEgyptiis
2733 4479 3008 4535 mercibus
3051 4478 3306 4537 Romanae
3335 4483 3488 4538 urbis
3521 4479 3686 4536 ditare

440 4576 712 4634 Metholln
737 4577 989 4646 episcopo
1011 4585 1064 4632 et
1097 4577 1342 4648 martyri,
1367 4576 1512 4646 quod
1551 4586 1606 4632 tu
1641 4576 1696 4632 in
1739 4576 1875 4633 meis
1904 4576 2019 4632 lau-

438 4671 598 4728 dibus
639 4668 984 4736 crir’uinaris;
1016 4679 1072 4725 et
1105 4669 1240 4724 dicit
1273 4687 1288 4725 :
1329 4687 1350 4722 ι
1391 4670 1673 4737 Quomodo
1721 4685 1888 4726 ausus
1936 4680 2020 4726 est

437 4764 741 4822 Methodius
776 4781 918 4820 nunc
946 4775 1131 4820 contra
1161 4762 1450 4834 Origenetn
1476 4763 1738 4830 scribere,
1778 4763 1870 4834 qui
1905 4763 2019 4818 haec

437 4870 494 4912 et
523 4861 638 4914 hac
667 4859 734 4914 de
762 4855 1010 4930 Origenis
1063 4856 1278 4912 locutus
1313 4863 1396 4911 est
1444 4855 1831 4925 dogmatibus?
1869 4874 1888 4908 ι
1929 4854 2018 4911 Li-

439 4950 595 5005 brum
625 4950 702 5005 De
743 4949 1124 5005 resurrectione
1167 4949 1390 5019 scripsit
1414 4948 1720 5004 Methodius
1751 4949 2014 5004 adversus

436 5055 750 5129 Origenem,
785 5057 1012 5113 testibus
1040 5054 1373 5124 Hieronymo
1401 5064 1455 5110 et
1476 5055 1780 5127 Epiphanio
1806 5072 1820 5109 :
1849 5065 2016 5124 atque

437 5151 554 5204 haec
579 5164 741 5206 causa
771 5149 937 5204 fuisse
960 5147 1177 5204 videtur
1196 5162 1298 5203 cur
1323 5146 1590 5202 Eusebius
1613 5149 1667 5202 in
1695 5147 1807 5202 suis
1835 5146 2014 5203 Histoc

437 5251 534 5303 rite
555 5248 922 5304 ecclesiasticis
953 5247 1111 5304 libris
1151 5247 1355 5302 nullam
1405 5245 1524 5315 ejus
1557 5247 1893 5303 mentionem
1939 5247 2015 5303 fe.

435 5353 592 5408 cerit.
624 5351 757 5408 Nam
785 5367 908 5407 cum
939 5364 1128 5407 omnes
1159 5350 1274 5406 fere
1322 5349 1723 5406 ecclesiasticos
1773 5351 2008 5421 scripto-

438 5472 524 5512 res
548 5456 601 5511 iu
632 5455 736 5510 hoc
761 5471 925 5525 opere
951 5466 1206 5513 accurate
1234 5457 1770 5523 commemoraverit,
1797 5457 2009 5513 Metho-

433 5557 580 5616 dium
607 5563 786 5610 tamen
827 5553 895 5609 de
919 5555 1182 5612 industria
1217 5554 1594 5628 praetermisit,
1621 5569 1687 5611 eo
1712 5557 1855 5625 quod
1885 5556 2012 5612 Ori-

433 5671 646 5728 genem,
680 5670 841 5727 quem
869 5655 982 5725 ipse
1025 5656 1296 5726 prsecipue
1348 5655 1676 5723 mirabatur,
1725 5656 2006 5724 impugna-

432 5763 618 5820 visset.
653 5761 756 5838 Sic.
791 5761 1150 5832 Hieronymus
1183 5761 1388 5829 Ruﬁni,
1427 5760 1647 5833 quicum
1695 5761 2002 5818 simultates

2121 4581 2346 4627 venerat
2373 4580 2746 4643 paupertatem
2772 4573 2787 4627 ι
3374 4624 3376 4626 ,

2829 4663 2908 4720 Tu
2934 4666 3192 4722 maximus
3214 4665 3306 4721 ille
3337 4684 3413 4735 es,

2265 4751 2412 4810 Unus
2439 4755 2531 4826 qui
2561 4755 2708 4811 nobis
2749 4757 3024 4812 scribendo
3052 4757 3289 4813 restituis
3323 4774 3454 4814 rem.

2119 4844 2260 4918 Ergo
2294 4847 2400 4904 nisi
2444 4849 2511 4904 de
2559 4846 2782 4905 Oriente
2835 4849 3076 4905 venisses
3106 4889 3123 4915 ,
3173 4850 3562 4906 eruditissimus
3602 4843 3679 4898 vir

2121 4939 2353 4995 ha:reret
2404 4941 2584 4997 adhuc
2645 4942 2784 4998 inter
2848 4943 3281 5010 mathematicos,
3339 4954 3393 4999 et
3445 4938 3675 4997 homines

2117 5031 2440 5100 Christiani,
2475 5035 2604 5103 quid
2658 5044 2847 5090 contra
2890 5033 3059 5088 fatum
3091 5034 3438 5102 dissererent,
3471 5033 3672 5102 ignora-

2115 5134 2258 5180 rent.
2299 5144 2318 5179 s
2352 5125 2835 5181 Eminentissimus
2865 5125 3161 5181 cardinalis
3187 5125 3431 5197 Norisius
3462 5123 3666 5177 Dissert.

2113 5220 2303 5274 histor.
2338 5220 2401 5273 de
2441 5217 2632 5288 synod.
2675 5233 2742 5280 v,
2787 5231 2908 5288 cap.
2951 5217 3054 5285 15,
3101 5227 3158 5272 ιιι
3203 5217 3372 5288 aperti
3419 5207 3664 5269 mendacii

2117 5311 2370 5364 Ruﬁnum
2414 5321 2629 5382 arguat,
2664 5308 2858 5377 objicit
2893 5309 2946 5363 in
2986 5310 3088 5365 hoc
3121 5310 3467 5380 Apologetico
3498 5302 3664 5360 libello

2112 5418 2271 5473 quem
2308 5403 2408 5458 sub
2442 5403 2663 5458 nomine
2705 5401 2972 5472 Pamphili
3007 5402 3263 5472 martyris
3305 5399 3502 5464 edidit,
3540 5391 3661 5451 nihil

2113 5493 2399 5565 probatum
2438 5493 2542 5564 legi
2587 5501 2780 5547 contra
2812 5493 3226 5547 mathematicos
3251 5492 3334 5546 vel
3369 5490 3460 5545 lati
3499 5499 3657 5540 asser-

2115 5596 2289 5653 tores;
2323 5585 2416 5642 sed
2448 5594 2656 5641 tantum
2687 5585 2754 5641 de
2790 5585 2972 5652 Patre,
3005 5585 3071 5642 de
3112 5584 3233 5641 Filii
3269 5585 3578 5640 aeternitate,
3600 5575 3658 5628 de

2113 5675 2349 5745 Spiritus
2377 5677 2552 5732 sancti
2589 5675 2906 5741 divinitate,
2958 5677 3027 5732 de
3068 5677 3228 5732 Verbi
3273 5671 3655 5732 incarnatione.

2111 5784 2174 5824 ac
2227 5769 2442 5825 Christo
2483 5769 2738 5838 Domino,
2791 5771 2856 5826 de
2892 5769 3068 5842 ptenis
3111 5769 3512 5830 damnatorum,
3561 5767 3656 5814 etc-
