3992 6312
330 384 434 440 595

1284 385 1628 442 APOLOGIA
1667 383 1804 442 PRO
1840 381 2159 441 ORlGENE.
2200 415 2267 424 ——
2307 378 2646 440 MONITUM.

3493 384 3596 443 596

335 519 355 553 ι
390 500 678 569 Quodnam
712 500 903 572 igitur,
952 500 1146 571 inquit,
1185 514 1323 571 opus
1371 510 1563 557 contra
1608 500 1913 555 mathema-
1941 514 1989 572 Α
2021 497 2153 552 leris
2183 512 2212 550 a
2243 506 2295 551 te
2322 495 2773 566 posse-confingi.
2803 494 2997 552 Postea
3034 511 3163 553 vero
3199 512 3297 569 per
3327 498 3596 572 interpre-

331 594 468 648 ticos
509 592 825 662 Pamphilus
867 592 1129 662 scripsit?
1168 611 1187 645 ι
1238 592 1344 647 Sed
1398 594 1685 662 responsio
1734 592 1911 647 facilis

327 697 428 742 est.
466 683 537 741 Ut
566 687 709 741 enim
748 686 931 739 darem
968 686 1019 739 in
1054 686 1229 754 primo
1276 686 1550 757 Apologia:
1599 686 1737 740 libro
1774 684 1909 740 nihil

327 788 518 832 contra
551 777 966 833 mathematicos
996 776 1192 843 fuisse,
1218 788 1276 832 at
1302 788 1530 834 caeteros
1568 779 1711 833 forte
1740 777 1908 833 libros

325 880 637 942 sequentes,
676 870 727 924 in
756 870 953 939 quibus
982 870 1179 924 alicubi
1204 870 1437 949 forsitan
1470 870 1569 925 fati
1602 879 1906 925 assertores

325 963 771 1029 confutabantur,
815 961 1008 1018 Latine
1049 963 1287 1019 reddere
1320 963 1373 1018 in
1409 964 1591 1020 animo
1639 973 1760 1018 erat
1790 958 1903 1017 Ru—

324 1057 460 1123 fino,
493 1072 655 1127 quem
702 1058 770 1111 ab
812 1057 917 1112 hoc
965 1055 1150 1112 labore
1187 1056 1451 1112 deterruit
1502 1055 1651 1112 solus
1724 1053 1904 1110 Maca-

324 1152 438 1207 rius
462 1150 631 1207 libros
658 1149 799 1220 Περὶ
827 1148 1030 1221 ἀρχῶν
1060 1151 1273 1207 videndi
1318 1153 1571 1222 cupidus.
1609 1153 1705 1207 Hic
1734 1153 1900 1219 enim,

323 1252 466 1297 teste
486 1240 683 1297 Ruﬁno
715 1241 810 1297 lib.
840 1248 873 1296 ι’
898 1241 1171 1312 Apologia:
1197 1242 1453 1297 adversus
1484 1241 1895 1314 Hieronymum,

320 1336 461 1392 lecta
492 1337 612 1393 libri
646 1337 803 1407 primi
839 1336 1170 1408 Apologetici
1204 1339 1478 1405 versione,
1522 1357 1542 1391 ‹
1580 1340 1772 1408 majori
1805 1339 1901 1393 de-

319 1427 526 1484 siderio
572 1443 836 1483 accensus
871 1436 954 1483 est
1007 1430 1074 1483 ad
1130 1428 1246 1497 ipsa
1308 1428 1398 1483 illa
1448 1410 1661 1499 plenius
1701 1444 1903 1500 cogno-

318 1520 541 1583 scenda,
572 1536 604 1576 e
630 1521 826 1591 quibus
855 1536 1023 1591 pauca
1057 1521 1168 1589 illa,
1201 1537 1325 1591 quae
1354 1542 1374 1573 ι
1410 1523 1762 1577 transtulerat
1792 1522 1902 1577 Ru-

319 1594 486 1677 finus,
524 1630 543 1663 r
583 1612 909 1667 videbantur
933 1623 1237 1684 assumpta.
1272 1633 1292 1667 ι
1328 1614 1769 1669 Translationem
1799 1615 1901 1670 ita-

317 1719 427 1773 que
463 1705 726 1760 librorum
759 1705 901 1775 Περὶ
927 1703 1131 1776 ἀρχῶν
1167 1706 1386 1776 aggredi
1422 1714 1643 1761 coactus
1675 1716 1758 1762 est
1788 1705 1902 1762 Ru-

319 1795 483 1849 linus.

2020 590 2279 643 tationem
2306 599 2451 643 tuam
2480 585 2781 657 qumstione
2802 598 2993 645 contra
3018 589 3309 660 Origenem
3332 600 3445 648 toto
3461 595 3593 650 orbe

2016 691 2314 747 commota,
2366 681 2419 735 in
2468 681 2779 750 quaerendis
2830 682 3232 751 exemplaribus
3278 684 3592 753 diligentior

2017 769 2118 835 fui,
2150 780 2205 827 et
2241 771 2294 826 in
2329 771 2652 828 Cresariensi
2698 773 3025 829 bibliotheca
3058 774 3277 831 Eusebii
3307 790 3404 831 sex
3438 776 3594 830 volu-

2016 864 2161 917 mina
2190 864 2369 934 reperi
2395 863 2910 935 Ἀπολογίας-’ὑπὲρ
2936 860 3289 935 Ὠριγένους.
3310 866 3440 935 Quae
3462 884 3586 923 cum

2013 955 2292 1026 legissem,
2334 957 2571 1027 primum
2609 972 2733 1012 eum
2788 957 2987 1012 librum
3023 958 3392 1028 deprehendi,
3425 970 3589 1030 quem

2013 1056 2067 1101 tu
2100 1045 2252 1103 solus
2286 1050 2385 1104 sub
2421 1050 2640 1104 nomine
2681 1049 2939 1118 martyris
2974 1050 3215 1113 edidisti,
3258 1051 3324 1106 de
3358 1048 3496 1107 Filio
3529 1064 3587 1107 et

2013 1139 2221 1210 Spiritu
2268 1150 2458 1195 sancto
2485 1141 2541 1194 in
2572 1140 2769 1194 bonam
2802 1152 3012 1210 partem
3041 1142 3311 1212 plerisque
3333 1144 3587 1216 blasphe-

2009 1231 2135 1286 miis
2172 1218 2543 1287 commutatis.
2575 1250 2594 1285 ι
2626 1230 2773 1289 idem
2832 1233 2995 1289 habet
3029 1234 3122 1291 lib.
3156 1252 3169 1290 l
3197 1238 3464 1307 Apologia:
3496 1238 3587 1292 ad-

2009 1340 2184 1378 versus
2230 1322 2480 1392 Ruﬁnum
2507 1341 2527 1379 :
2569 1343 2588 1376 ι
2641 1323 2750 1380 Sex
2796 1324 2987 1391 libros,
3022 1336 3081 1381 ut
3125 1337 3253 1383 ante
3286 1326 3399 1399 jam
3440 1329 3585 1399 dixi,

2010 1413 2277 1471 Eusebius
2307 1415 2666 1472 Caesariensis
2707 1417 3017 1489 episcopus,
3057 1419 3276 1475 Arianae
3309 1421 3583 1491 quondam

2009 1506 2237 1577 signifer
2271 1506 2548 1575 factionis,
2580 1525 2681 1580 pro
2710 1509 2949 1581 Origene
2985 1512 3227 1581 scripsit,
3260 1511 3583 1570 latissimum

2008 1609 2062 1654 et
2096 1598 2433 1657 elaboratum
2461 1618 2618 1671 opus,
2651 1611 2707 1659 et
2738 1603 2922 1659 multis
2957 1605 3284 1661 testimoniis
3308 1609 3582 1677 approba-

2009 1690 2397 1763 vitOrigenem
2424 1693 2578 1764 juxta
2606 1709 2666 1749 se
2698 1696 3048 1761 catholicum,
3084 1697 3134 1751 id
3163 1707 3269 1763 est,
3298 1697 3455 1768 juxta
3485 1716 3585 1755 nos

2006 1784 2267 1839 Arianum
2310 1800 2450 1841 esse.
2508 1785 2715 1841 Horum
2772 1794 2829 1840 tu
2882 1787 3117 1858 prinmm
3177 1788 3377 1845 librum
3416 1792 3583 1847 vertis

391 1885 476 1940 ΙΙΙ,
516 1885 901 1957 Hieronymus,
934 1886 1141 1943 codicis
1182 1885 1395 1955 (ξι-κεί,
1427 1903 1589 1958 quem
1637 1903 1667 1942 3
1706 1887 1905 1943 Ruﬁno
1934 1887 1978 1944 Β
2007 1876 2106 1930 Sili)
2145 1877 2366 1932 nomine
2402 1877 2664 1948 martyris
2702 1918 2715 1933 ο
2752 1920 2768 1934 .
2804 1920 2819 1935 .
2858 1919 2872 1932 .
2904 1880 3203 1950 palmisque
3251 1879 3584 1940 testimoniis

320 1987 606 2031 mutuatus
628 1986 769 2042 erat,
802 1977 959 2033 titulo
992 1978 1153 2033 ﬁdem
1196 1977 1480 2043 adhibens,
1513 1979 1746 2049 primum
1781 1994 1903 2034 cre-

320 2068 533 2122 diderat
561 2067 926 2137 Defensionem
957 2067 1200 2139 Origenis
1244 2070 1344 2124 sub
1381 2070 1599 2125 nomine
1631 2070 1898 2139 Pamphili

321 2159 617 2230 vulgatam,
653 2174 790 2228 opus
838 2176 958 2215 esse
1006 2161 1282 2216 diversum
1326 2177 1355 2216 a
1407 2176 1506 2217 sex
1538 2161 1807 2229 Pamphili
1848 2172 1902 2218 et

324 2250 541 2306 Eusebii
574 2251 731 2306 libris
761 2267 857 2320 pro
884 2251 1121 2321 Origene
1154 2252 1472 2321 elaboratis,
1511 2254 1901 2325 propriumque

324 2342 492 2398 solius
546 2342 849 2414 Pamphili,
911 2345 1006 2399 sed
1065 2347 1169 2402 hac
1218 2347 1564 2416 postmodum
1613 2347 1898 2418 Pamphilo

323 2436 589 2501 detracta,
626 2449 791 2489 unum
826 2450 947 2490 esse
980 2451 1044 2491 ac
1074 2437 1324 2492 eumdem
1354 2436 1521 2492 solius
1562 2437 1781 2494 Eusebii
1821 2440 1899 2496 fc-

320 2534 432 2579 tum
485 2527 687 2581 acriter
740 2528 1041 2584 contendit.
1085 2548 1104 2581 ι
1149 2528 1303 2584 Νιιηε
1357 2538 1606 2601 tantum,
1648 2552 1668 2586 ι
1724 2533 1898 2605 inquit

316 2615 412 2672 lib.
453 2632 494 2672 tt
537 2619 787 2673 adversus
842 2618 1117 2689 Ruﬁnum,
1155 2640 1172 2671 ι
1213 2621 1319 2676 tuis
1351 2622 1755 2679 assertionibus
1798 2623 1897 2679 ob—

315 2708 493 2764 viasse
524 2708 776 2776 sufﬁciat,
814 2719 868 2766 et
912 2713 1013 2767 hoc
1046 2713 1289 2768 breviter
1329 2714 1652 2783 prudentem
1689 2714 1897 2770 instru-

315 2800 463 2855 xisse
492 2799 771 2868 lectorem,
809 2816 896 2857 me
932 2803 1093 2857 istum
1148 2801 1369 2869 librum,
1408 2803 1497 2872 qui
1533 2805 1634 2859 sub
1674 2806 1896 2862 nomine

312 2891 582 2963 Pamphili
622 2893 924 2961 ferebatur,
979 2895 1185 2949 vidisse
1235 2894 1465 2964 primum
1523 2896 1783 2965 scriptum
1839 2897 1893 2952 in

312 2983 507 3039 codice
537 2993 656 3050 tuo;
698 2994 754 3039 et
790 2985 915 3055 quia
963 3000 1072 3040 non
1115 2995 1235 3040 erat
1271 2985 1399 3039 mihi
1439 3001 1582 3042 cura:
1624 2987 1753 3057 quid
1796 3002 1895 3056 pro

312 3075 578 3132 haeretico
606 3076 901 3143 diceretur,
937 3077 1017 3133 sic
1046 3092 1263 3145 semper
1293 3076 1550 3132 habuisse
1569 3117 1587 3143 ,
1619 3078 1776 3149 quasi
1806 3078 1893 3131 di-

310 3181 535 3225 versum
596 3178 744 3225 esset
794 3184 932 3240 Opus
976 3169 1247 3241 Pamphili
1290 3178 1345 3226 et
1390 3169 1649 3225 Eusebii:
1702 3182 1891 3237 postea

2006 1967 2074 2023 de
2118 1965 2258 2023 Filio
2305 1969 2397 2023 Dci
2439 1979 2495 2024 et
2545 1967 2754 2038 Spiritu
2802 1982 2992 2027 sancto
3047 1974 3421 2040 commutatis,
3460 1988 3582 2046 qua:

2004 2061 2219 2117 sciebas
2273 2062 2617 2133 displicitura
2676 2065 2973 2129 Romanis,
3028 2076 3225 2121 caetera
3284 2084 3453 2140 usque
3512 2071 3582 2125 ad

2004 2152 2167 2209 finem
2203 2154 2411 2224 integra
2448 2155 2727 2211 dimisisti.
2777 2173 2798 2209 ›
2841 2157 2907 2213 At
2936 2172 3063 2211 vero
3094 2170 3318 2216 sanctus
3365 2160 3578 2227 doctor,

2004 2245 2097 2316 qui
2127 2254 2450 2301 consutnter
2479 2245 2615 2302 locis
2655 2247 2817 2302 modo
2846 2246 3046 2304 citatis
3075 2261 3353 2305 asseverat
3380 2251 3578 2307 librum

2002 2335 2151 2392 hunc
2179 2354 2208 2391 a
2242 2336 2437 2392 Rufino
2464 2337 2657 2392 Latine
2691 2338 3040 2405 translatum,
3066 2355 3188 2396 esse
3217 2341 3453 2410 primum
3483 2354 3581 2401 sex

2000 2426 2338 2483 voluminum
2378 2427 2596 2484 Eusebii
2640 2427 3002 2500 Ἀπολογίας
3037 2430 3191 2500 ὑπὲρ
3213 2433 3576 2504 Ὠριτένους,

1998 2522 2333 2576 contrarium
2363 2522 2609 2590 omnino,
2641 2537 2839 2592 nempe
2871 2524 3011 2578 sexti
3042 2523 3169 2580 libri
3210 2538 3334 2582 esse
3366 2524 3577 2598 princi-

1999 2612 2170 2684 pium,
2208 2623 2405 2669 caetera
2435 2628 2567 2668 vero
2631 2616 2876 2669 membra
2942 2631 2972 2670 a
3015 2615 3244 2687 Didymo
3284 2617 3370 2673 vel
3405 2618 3474 2673 ab
3501 2619 3581 2673 al-

2000 2714 2118 2761 tero
2139 2705 2381 2775 quolibet
2414 2706 2596 2761 addita
2625 2704 2798 2762 fuisse
2824 2706 3009 2762 dicere
3040 2708 3259 2764 videtur
3286 2709 3387 2765 sub
3415 2710 3575 2767 finem

1998 2798 2163 2868 epist.
2194 2795 2285 2863 41,
2320 2797 2455 2853 alias
2483 2796 2575 2860 65.
2604 2798 2672 2853 ad
2708 2796 3122 2854 Pammachium
3156 2810 3212 2856 et
3252 2800 3571 2863 Oceanum:

2004 2907 2023 2940 ε
2056 2886 2211 2943 Sexti
2242 2889 2365 2944 libri
2393 2883 2609 2945 Eusebii
2633 2905 2795 2959 super
2816 2890 3060 2961 Origenis
3086 2891 3403 2957 Defensione
3425 2896 3577 2966 prin-

1997 2982 2195 3051 cipium
2231 2996 2404 3050 usque
2436 2982 2503 3036 ad
2535 2981 2682 3037 mille
2714 2982 2883 3037 ferme
2928 2998 3118 3039 versus
3153 2984 3293 3039 liber
3324 2985 3449 3050 iste,
3478 2997 3573 3057 qut

1997 3071 2262 3142 Pamphili
2295 3074 2519 3142 dicitur,
2562 3075 2827 3140 continet,
2879 3084 2934 3129 et
2976 3075 3030 3129 in
3081 3074 3306 3146 reliquis
3334 3078 3575 3146 scriptor

1999 3165 2236 3232 ejusdem
2266 3167 2447 3235 operis
2499 3166 2707 3236 profert
2756 3166 3088 3232 testimonia,
3139 3168 3336 3237 quibus
3382 3169 3577 3225 nititur

312 3276 469 3329 vero,
505 3264 803 3333 quastione
851 3271 992 3316 mota
1014 3302 1031 3329 ,
1078 3262 1297 3331 scriptis
1337 3276 1527 3317 eorum
1563 3264 1893 3333 respondere
1922 3230 1967 3292 δ
2000 3255 2300 3326 approbare
2326 3254 2614 3325 Origenem
2644 3256 2817 3313 fuisse
2845 3258 3197 3314 catholicum.
3220 3258 3487 3317 Eusebius
3519 3273 3576 3317 et

307 3355 576 3423 voluisse,
607 3364 664 3410 et
697 3356 765 3410 ob
815 3357 956 3409 hanc
989 3370 1211 3409 causam
1243 3355 1442 3423 legisse
1467 3354 1599 3425 quid
1631 3370 1731 3424 pro
1769 3353 1895 3409 Ori-

306 3462 453 3517 gene
501 3449 876 3518 unusquisque
931 3447 1191 3511 sentiret;
1248 3446 1641 3517 perspicueque
1692 3443 1890 3515 depre-

308 3539 594 3607 hendisse,
629 3542 774 3611 quod
810 3541 1020 3609 primus
1054 3539 1192 3594 liber
1212 3551 1309 3593 sex
1343 3537 1675 3593 voluminum
1714 3536 1891 3593 Euse-

306 3632 389 3688 Ι)ξί
426 3632 544 3702 ipse
585 3640 765 3699 esset,
800 3632 893 3701 qui
934 3644 1073 3685 unus
1112 3628 1213 3684 sub
1261 3628 1479 3683 nomine
1522 3626 1787 3697 Pamphili
1861 3644 1892 3681 a

305 3734 369 3780 te
396 3724 574 3779 editus
603 3732 691 3779 est
724 3733 833 3777 tam
872 3721 1059 3777 Graece
1100 3736 1263 3791 quam
1314 3718 1547 3787 Latine,
1589 3719 1892 3775 immutatis

307 3817 585 3874 duntaxat
624 3815 875 3870 sensibus
914 3813 982 3869 de
1008 3812 1149 3868 Filio
1186 3822 1241 3868 et
1282 3811 1490 3881 Spiritu
1533 3822 1746 3879 sancto,
1798 3811 1890 3883 qui

306 3918 562 3978 apertam
609 3906 1009 3976 blasphemiam
1067 3904 1454 3977 praeferebant.
1516 3904 1670 3961 Unde
1722 3905 1887 3960 etiam

307 4010 441 4055 ante
491 4015 666 4056 annos
714 3999 889 4055 ferme
930 3999 1156 4064 decem,
1220 4013 1345 4052 cum
1422 3998 1620 4053 Dexter
1681 3995 1890 4050 amicus

306 4109 491 4157 meus,
528 4092 620 4163 qui
656 4091 1035 4163 praefecturam
1064 4089 1474 4144 administravit
1504 4088 1768 4158 praetorii,
1804 4101 1890 4141 me

311 4193 567 4255 rogasset
600 4195 659 4239 ut
699 4193 982 4239 auctorum
1017 4193 1216 4237 nostra:
1258 4182 1540 4251 religionis
1570 4180 1620 4235 ei
1650 4180 1885 4235 indicem

310 4289 576 4343 texerem,
616 4275 760 4329 inter
802 4282 1028 4330 caeteros
1078 4280 1403 4328 tractatores
1445 4272 1603 4342 posui
1652 4280 1705 4326 et
1743 4271 1888 4326 hunc

308 4370 509 4425 librum
554 4384 585 4423 a
628 4366 933 4436 Pamphilo,
986 4366 1060 4420 ita
1106 4374 1305 4435 putans
1343 4379 1466 4419 esse
1504 4375 1561 4419 ut
1600 4379 1630 4419 a
1674 4373 1723 4419 te
1756 4372 1809 4418 et
1857 4378 1887 4418 a

308 4462 420 4517 tuis
464 4458 746 4530 discipulis
796 4458 979 4513 fuerat
1037 4456 1393 4526 divulgatum.
1446 4455 1552 4510 Sed
1598 4470 1722 4512 cum
1773 4458 1887 4527 ipse

308 4555 455 4611 dicat
498 4550 764 4607 Eusebius
807 4548 1149 4620 Pamphilum
1196 4548 1334 4603 nihil
1380 4547 1688 4619 scripsisse,
1720 4563 1885 4603 exce-

308 4646 417 4716 ptis
456 4642 715 4698 brevibus
765 4641 1014 4712 epistolis
1055 4641 1121 4695 ad
1171 4640 1415 4707 amicos,
1456 4650 1513 4696 et
1556 4641 1767 4711 primus
1810 4641 1879 4696 li-

307 4738 408 4803 her
440 4753 533 4793 sex
564 4734 899 4791 voluminum
936 4732 1077 4788 illius
1120 4731 1310 4787 eadem
1348 4741 1405 4787 et
1446 4732 1649 4787 eisdem
1703 4733 1887 4787 verbis

310 4830 587 4885 contineat
610 4843 731 4897 qua:
762 4826 862 4882 sub
888 4826 1110 4881 nomine
1139 4824 1408 4894 Pamphili
1440 4840 1469 4878 a
1500 4834 1550 4878 te
1580 4824 1705 4879 ficta
1734 4833 1886 4889 sunt,

312 4922 658 4991 perSpicuum
692 4929 776 4975 est
808 4931 857 4974 te
888 4919 1095 4973 idcirco
1121 4916 1317 4970 librum
1347 4917 1493 4971 hunc
1526 4916 1887 4972 disseminare

311 5014 568 5079 voluisse,
607 5022 667 5067 ut
700 5014 800 5068 sub
834 5026 1065 5082 persona
1123 5009 1381 5080 martyris
1426 5008 1679 5063 haeresim
1715 5010 1886 5062 intro-

312 5106 558 5164 duceres.
600 5126 619 5159 ι
654 5106 798 5161 Idem
832 5114 1018 5160 narrat
1064 5102 1159 5158 lib.
1194 5117 1250 5157 ιιι
1305 5101 1556 5155 adversus
1593 5099 1882 5168 Ruﬁnum:

318 5217 338 5252 ι
375 5200 450 5255 Ι)ε
474 5199 738 5269 Pamphili
778 5198 914 5253 libro
957 5212 1065 5252 non
1104 5193 1419 5258 ridiculosa,
1467 5202 1526 5247 ut
1557 5201 1611 5247 tu
1663 5193 1882 5259 scribis,

315 5294 405 5348 sed
448 5292 677 5349 ridicula
716 5291 845 5345 mihi
894 5290 1036 5345 forte
1085 5303 1173 5344 res
1223 5285 1452 5350 accidit;
1496 5293 1554 5339 ut
1594 5296 1882 5354 postquam

314 5384 531 5442 Eusebii
576 5383 906 5457 asscruerim
936 5397 1079 5448 esse,
1118 5396 1224 5435 non
1261 5378 1555 5449 Pamphili,
1593 5378 1659 5432 ad
1694 5389 1881 5435 extre-

315 5494 460 5532 mum
490 5478 743 5541 dixerim,
778 5476 942 5530 etiam
988 5490 1073 5528 me
1119 5488 1296 5529 annos
1330 5472 1598 5544 plurimos
1631 5471 1733 5525 hoc
1785 5487 1886 5541 pu-

317 5580 479 5638 tasse,
517 5570 660 5640 quod
695 5557 956 5639 Pamphili
987 5566 1173 5630 fuerit,
1221 5576 1277 5621 et
1306 5580 1337 5619 a
1370 5574 1424 5619 te
1456 5562 1733 5633 exemplar
1782 5565 1883 5616 bu-

314 5660 397 5729 jus
426 5661 720 5717 voluminis
752 5669 1053 5714 mutuatum
1088 5696 1102 5712 .
1140 5697 1154 5711 .
1193 5698 1208 5711 .
1249 5695 1265 5711 .
1299 5697 1314 5712 .
1355 5696 1369 5711 .
1406 5698 1418 5711 .
1453 5657 1530 5709 De
1562 5666 1655 5710 tuo
1697 5656 1883 5710 codice

317 5758 470 5822 quasi
506 5753 768 5823 Pamphili
804 5749 1079 5821 exemplar
1104 5751 1434 5819 accepimus.
1468 5748 1686 5805 Credidi
1716 5748 1878 5803 Chri-

317 5847 511 5914 stiano,
533 5856 588 5903 et
612 5843 817 5902 credidi
843 5844 1142 5901 monacho:
1177 5857 1283 5899 non
1310 5841 1493 5913 putavi
1520 5850 1732 5896 tantum
1764 5854 1882 5895 sce-

1996 3346 2309 3417 Pamphilus
2344 3357 2548 3402 tantam
2582 3349 2724 3403 inter
2753 3363 2815 3404 se
2846 3349 3086 3407 habuere
3117 3354 3486 3419 concordiam,
3516 3363 3576 3409 ut

1996 3436 2159 3494 unius
2199 3440 2397 3493 animae
2430 3439 2687 3496 homines
2730 3451 2910 3508 putes,
2959 3450 3013 3497 et
3043 3441 3111 3496 ab
3158 3457 3266 3497 uno
3293 3443 3432 3498 alter
3470 3461 3570 3498 no-

1996 3547 2117 3585 men
2149 3533 2442 3602 acceperit.
2486 3531 2771 3599 Quomodo
2807 3530 2972 3602 igitur
3016 3534 3162 3589 inter
3194 3546 3257 3589 se
3282 3534 3572 3592 dissentire

1994 3633 2308 3693 potuerunt,
2341 3634 2400 3678 ut
2431 3624 2701 3681 Eusebius
2735 3626 2787 3679 iu
2822 3635 2936 3680 toto
2962 3640 3129 3697 Opere
3154 3642 3253 3682 suo
3282 3626 3569 3696 Origenem

1992 3714 2179 3769 Ariani
2208 3717 2401 3785 probet
2438 3716 2727 3787 dogmatis,
2777 3727 2833 3772 et
2866 3716 3180 3787 Pamphilus
3209 3718 3442 3776 Nicaeum
3471 3734 3567 3792 sy-

1994 3807 2143 3873 nodi,
2187 3824 2309 3878 quac
2351 3807 2453 3862 fuit
2482 3816 2696 3877 postea,
2737 3807 3123 3865 defensorem?
3152 3811 3229 3866 Ex
3254 3825 3361 3882 quo
3386 3823 3574 3869 osten-

1992 3899 2145 3954 ditur
2168 3899 2252 3955 vel
2284 3900 2523 3971 Didymi,
2555 3900 2641 3955 vel
2667 3898 2954 3971 cujuslibet
2992 3902 3219 3958 alterius
3257 3918 3380 3959 esse
3406 3921 3567 3974 opus-

1992 3991 2197 4058 culum,
2240 3993 2355 4063 qui,
2395 3991 2536 4048 sexti
2594 3992 2716 4048 libri
2761 3995 2934 4063 capite
2971 3994 3323 4061 detruncata,
3373 4008 3569 4053 caetera

1996 4086 2234 4140 membra
2284 4080 2530 4141 scciarit.
2591 4104 2610 4138 ι
2664 4083 2736 4142 Ut
2785 4084 3007 4140 tollatur
3042 4098 3231 4155 aperta
3274 4090 3565 4145 verborum

1993 4178 2392 4248 repugnantia,
2450 4176 2917 4233 eminentissimus
2967 4178 3266 4234 cardinalis
3318 4179 3566 4238 Norisius

1992 4266 2213 4324 Dissert.
2264 4270 2522 4324 historica
2554 4270 2617 4324 de
2666 4273 2866 4339 synodo
2904 4267 3114 4337 quinta,
3159 4286 3282 4339 cap.
3316 4271 3405 4339 15,
3443 4289 3561 4328 eam

1993 4360 2166 4430 rejicit
2212 4362 2266 4416 in
2307 4363 2722 4418 amauuensium
2761 4377 3028 4425 errorem,
3067 4363 3158 4432 qui
3202 4378 3326 4417 cum
3357 4364 3412 4419 in
3461 4366 3565 4420 hac

1974 4456 2055 4508 .ad
2103 4450 2513 4509 Pammachium
2547 4463 2601 4508 et
2628 4451 2904 4508 Oceanum
2933 4452 3161 4524 epistola
3194 4454 3436 4525 legerent
3460 4458 3560 4512 ab-

1990 4543 2265 4600 breviatas
2294 4544 2461 4601 hasce
2493 4554 2677 4600 notas:
2718 4564 2737 4597 ‹
2779 4561 2830 4599 vi
2868 4544 2962 4599 lib.
2995 4546 3214 4602 Eusebii
3247 4564 3407 4618 super
3438 4548 3561 4606 Ori-

1990 4637 2142 4705 genis
2174 4634 2493 4691 defensione
2534 4636 2883 4706 principium,
2923 4638 3063 4692 sexti
3099 4639 3222 4694 libri
3280 4641 3497 4697 Eusebii
3536 4659 3556 4693 ο

1991 4727 2362 4795 reddiderunt,
2396 4742 2518 4783 cum
2544 4744 2562 4778 ι
2586 4741 2681 4784 sex
2709 4727 2970 4782 librorum
3004 4729 3220 4785 Eusebii
3239 4746 3402 4800 super
3433 4732 3559 4787 Ori-

1989 4819 2143 4887 genis
2170 4817 2484 4875 defensione
2508 4817 2860 4890 principium,
2899 4839 2918 4872 ι
2952 4818 3190 4879 scribere
3220 4822 3558 4882 debuissent.

1992 4910 2081 4965 Sic
2102 4908 2265 4965 etiam
2300 4910 2459 4980 paulo
2490 4920 2611 4980 post
2638 4909 2942 4979 legentibus
2967 4926 2979 4964 :
3020 4926 3040 4962 ε
3062 4911 3150 4979 qui
3180 4926 3231 4965 vr
3263 4910 3355 4967 lib.
3383 4914 3562 4982 capite

1989 5006 2328 5065 detruncato,
2346 5020 2364 5052 ι
2388 5017 2493 5055 non
2506 5002 2922 5056 exscribendum
2940 5001 3021 5055 eis
3037 5013 3176 5066 erat,
3190 5020 3207 5053 ι
3220 5004 3357 5058 sexti
3375 5003 3553 5070 libri,»

1988 5093 2105 5156 sed,
2132 5109 2151 5142 ι
2178 5106 2273 5145 sex
2304 5091 2583 5149 librorum.
2610 5110 2629 5143 ι
2647 5090 2801 5167 Quod
2815 5101 2991 5146 autem
3010 5091 3158 5146 addit
3177 5091 3558 5166 Hieronymus,

1994 5207 2013 5241 r
2054 5190 2137 5245 vel
2168 5186 2403 5258 Didymi,
2442 5186 2525 5242 vel
2570 5187 2861 5257 cujuslibet
2906 5189 3130 5245 alterius
3163 5204 3283 5245 esse
3320 5206 3557 5258 opuscu-

1989 5280 2124 5343 lum,
2158 5276 2271 5350 qui,
2303 5293 2396 5335 sex
2426 5277 2687 5334 librorum
2733 5278 2910 5349 capite
2947 5281 3270 5334 detruncato
3294 5320 3310 5345 ,
3360 5289 3555 5337 caetera

1992 5374 2234 5428 membra
2274 5371 2523 5435 sociarit,
2564 5390 2583 5423 ι
2615 5385 2720 5424 non
2750 5371 2821 5426 ita
2854 5371 3225 5442 accipiendqu
3256 5381 3360 5437 est,
3403 5374 3559 5439 quasi

1986 5465 2117 5519 velit
2145 5464 2456 5535 Apologiam
2489 5480 2583 5533 pro
2627 5461 2853 5533 Origene
2887 5479 2917 5518 a
2959 5462 3155 5519 Ruﬁno
3194 5467 3293 5519 sub
3338 5466 3559 5519 nomine

1988 5553 2253 5626 Pamphili
2302 5559 2536 5623 editam,
2580 5571 2765 5611 revera
2798 5560 2919 5611 esse
2963 5557 3211 5627 Didymi;
3246 5558 3350 5612 sed
3382 5557 3558 5627 expli-

1988 5651 2216 5706 candum
2262 5650 2405 5704 istud
2435 5660 2602 5704 estex
2630 5650 2735 5705 alio
2769 5651 2889 5706 loco
2920 5666 3080 5721 supra
3120 5651 3280 5705 allato
3308 5665 3339 5705 e
3371 5650 3465 5704 lib.
3499 5665 3557 5703 ut

1987 5743 2261 5812 Apologia:
2308 5742 2560 5796 adversus
2601 5739 2870 5809 Ruﬁnum,
2925 5742 3011 5797 ubi
3060 5750 3346 5811 postquam
3393 5740 3558 5794 dixit:

1994 5856 2011 5889 ι
2048 5837 2237 5892 Postea
2273 5840 2402 5889 vero
2433 5848 2529 5903 per
2553 5832 3053 5903 interpretationem
3092 5845 3236 5889 tuam
3260 5830 3564 5902 quaestione
