3992 6312
439 364 541 419 5i?

1667 368 1725 423 S.
1769 367 2093 423 PAMPHILI
2138 366 2495 425 MARTYHIS

3559 380 3651 437 59.8

435 499 625 547 contra
657 487 943 561 Origenem
980 499 1092 546 toto
1120 488 1251 545 orbe
1296 501 1587 555 connnota,
1628 491 1678 544 in
1708 494 2018 562 quaerendis
2049 497 2091 553 Α
2120 492 2225 546 dici
2274 508 2381 547 non
2428 492 2633 556 debuit,
2684 506 2842 561 quem
2898 489 3140 559 alterius,
3200 509 3386 566 nempe
3427 494 3651 566 Eusebii,

437 582 842 653 exemplaribus
868 584 1181 655 diligentior
1218 583 1317 648 fui,
1361 593 1416 638 et
1454 580 1507 638 in
1553 582 1869 639 Caesariensi
1928 586 2010 639 bi-

436 676 705 731 bliotheca
740 676 952 731 Eusebii
989 692 1082 730 sex
1124 676 1396 731 volumina
1443 677 1617 746 reperi
1655 676 2013 747 Ἀπολογίας

438 771 593 838 ὐπὲρ
626 768 977 840 Ὠριγένους.
1002 769 1132 836 Qua:
1162 786 1283 825 cum
1315 769 1585 840 legissem,
1617 772 1848 841 primum
1886 787 2009 826 cum

436 860 636 916 librum
665 862 993 931 deprehendi
1025 877 1184 931 quem
1222 872 1275 916 tu
1310 862 1456 916 solus
1486 866 1583 918 sub
1619 865 1833 917 nomine
1859 880 2008 917 mar-

440 953 576 1022 tyris
604 948 847 1015 edidisti,
879 951 945 1004 de
985 950 1122 1009 Filio
1165 962 1218 1005 et
1253 950 1457 1020 Spiritu
1491 962 1682 1005 sancto
1714 953 1764 1005 in
1812 952 2005 1006 bonam

434 1053 644 1112 partem
676 1041 945 1111 plerisque
975 1040 1326 1111 blaspbentiis
1353 1043 1724 1107 commutatis,
1756 1062 1777 1094 ι
1814 1044 1964 1097 addit
1990 1058 2003 1096 :

438 1154 461 1189 σ
488 1135 553 1189 Et
588 1137 689 1191 hoc
719 1136 803 1191 vel
835 1135 1145 1207 Didymum,
1180 1138 1264 1193 vel
1287 1147 1360 1203 te,
1383 1138 1466 1193 vel
1496 1140 1661 1193 alium
1690 1138 1881 1193 fecisse
1914 1156 2007 1194 ne-

433 1229 548 1283 scio
571 1244 752 1298 quem,
775 1230 916 1298 quod
951 1240 1003 1284 tu
1023 1230 1366 1300 apertissime
1388 1232 1439 1283 ir.
1466 1231 1617 1285 libris
1640 1231 1775 1300 Περὶ
1803 1231 2006 1302 ἀρχῶν

436 1321 628 1376 fecisse
657 1323 1021 1379 convinceris.
1057 1341 1075 1375 ι
1119 1322 1174 1376 ld
1206 1337 1335 1394 ergo
1367 1340 1531 1378 unum
1563 1325 1856 1394 utrobique
1899 1326 2001 1379 sibi

431 1412 548 1468 vult
580 1412 962 1484 Hieronymus,
1002 1413 1084 1469 vel
1134 1415 1440 1485 Didymum,
1475 1415 1558 1468 vel
1596 1415 1846 1470 Ruﬁnum
1872 1456 1887 1480 ,
1920 1417 2003 1469 vel
2045 1482 2051 1492 _

432 1512 595 1568 alium
632 1512 815 1566 nescio
858 1526 1019 1580 quem
1058 1512 1109 1565 in
1158 1511 1351 1566 bonam
1403 1520 1608 1580 partem
1662 1521 1769 1564 tam
1818 1510 2004 1566 Graece

434 1615 594 1671 quam
628 1600 820 1654 Latine
872 1600 1158 1669 plerasque
1220 1601 1589 1670 blaspheutias
1639 1612 2002 1656 commutasse

434 1707 554 1763 quae
599 1693 651 1745 itt
707 1690 922 1745 Eusebii
979 1701 1125 1744 textu
1174 1692 1579 1759 comparebant.
1623 1690 1773 1756 Quod
1819 1700 1998 1744 utrum

437 1784 736 1838 verisimile
766 1784 867 1845 sit,
910 1798 1032 1837 mox
1071 1783 1331 1850 indagare
1367 1784 1714 1836 tentabimus.

504 1875 598 1932 1V.
624 1875 744 1930 Jam
770 1891 901 1930 vero
929 1886 985 1928 ut
1005 1876 1188 1945 probet
1214 1870 1572 1946 Hieronymus
1597 1876 1997 1945 Apologeticum

433 1968 599 2023 istum
635 1967 872 2021 libellum
908 1981 1006 2035 pro
1043 1966 1294 2036 Origene,
1329 1984 1433 2020 non
1465 1966 1751 2036 Pamphili,
1785 1969 1879 2023 sed
1913 1982 2000 2021 so-

444 2059 548 2117 lius
578 2059 795 2115 Eusebii
830 2075 969 2123 esse,
993 2059 1109 2113 hazc
1134 2067 1259 2113 sunt
1289 2059 1403 2125 ejus
1420 2068 1737 2127 argumenta
1765 2075 1778 2111 :
1815 2061 1870 2112 l°
1891 2079 1909 2110 ι
1941 2058 1996 2113 Si

426 2142 536 2207 iste
559 2149 827 2221 Pamphili
856 2150 992 2205 liber
1010 2161 1114 2217 est,
1145 2168 1163 2200 ι
1194 2152 1367 2219 inquit
1389 2150 1478 2205 lib.
1512 2151 1762 2220 tApolog.
1792 2153 1995 2205 advers.

429 2242 700 2312 Ruﬁnum,
736 2261 754 2294 ι
794 2242 861 2297 de
889 2257 983 2297 sex
1010 2240 1163 2297 libris
1188 2242 1278 2312 qui
1309 2243 1414 2297 erit
1438 2242 1644 2312 primus
1692 2242 1955 2297 Eusebii?
1975 2262 1993 2296 ι

432 2336 734 2407 Responsio
760 2334 934 2389 facilis
964 2344 1068 2389 est.
1111 2334 1229 2389 Erit
1272 2336 1479 2404 primus
1518 2333 1785 2403 Pamphili
1835 2334 1995 2389 simul

429 2438 484 2483 et
514 2427 769 2492 Eusebii;
801 2427 861 2481 2°
914 2428 1078 2481 instat
1127 2427 1322 2481 ibidem
1352 2444 1365 2480 :
1401 2445 1419 2478 ι
1458 2425 1513 2478 In
1556 2427 1671 2495 ipso
1701 2425 1998 2493 volumine,

429 2521 574 2590 quod
619 2530 674 2575 tu
725 2519 991 2590 Pamphili
1048 2512 1299 2582 simulas,
1343 2518 1683 2587 sequentium
1738 2517 1995 2570 librorum

424 2612 567 2666 facta
592 2614 795 2667 mentio
829 2620 932 2666 est.
963 2610 1020 2664 lu
1050 2611 1287 2664 secundo
1318 2624 1535 2679 quoque
1570 2618 1624 2661 ct
1666 2607 1884 2678 reliquis
1918 2608 1997 2662 di-

424 2705 502 2759 cit
534 2702 800 2759 Eusebius
825 2703 971 2773 quod
1019 2703 1073 2756 in
1106 2702 1282 2772 primo
1316 2701 1456 2756 libro
1496 2712 1654 2756 antea
1685 2701 1916 2766 dixerat,
1945 2710 2000 2755 et

422 2795 567 2866 quod
599 2795 789 2849 eadem
817 2802 1064 2864 repetere
1086 2809 1195 2847 non
1230 2794 1443 2848 debeat.
1475 2813 1498 2846 ι
1541 2792 1737 2847 Nullibi
1767 2792 1818 2846 in
1858 2792 1997 2847 libro

422 2888 600 2959 primo
638 2889 705 2942 de
732 2888 945 2943 exteris
993 2889 1323 2941 mentionem
1366 2887 1479 2941 fieri
1526 2888 1869 2955 reperimus:
1903 2886 1996 2940 sed

421 2992 543 3036 esto
585 2980 637 3035 in
674 2979 862 3036 Grteco
913 2979 1053 3034 facta
1098 2978 1281 3041 fuerit,
1327 2978 1455 3048 quid
1503 2976 1744 3032 mirum?
1793 2976 1995 3047 Nempe

422 3074 665 3145 quinque
692 3072 903 3141 priores
929 3088 959 3125 a
1004 3069 1288 3140 Pamphilo
1319 3070 1479 3124 simul
1513 3080 1567 3124 et
1604 3069 1835 3125 Eusebio
1879 3069 1994 3123 col-

2114 599 2275 653 opera
2312 585 2529 652 adjutus
2554 585 2877 639 elaboravit.
2914 585 3028 639 Huc
3059 587 3197 641 adde
3240 590 3377 657 quod
3408 600 3544 648 totus
3575 594 3653 648 ille

2113 686 2328 732 constat
2361 677 2495 733 locis
2524 674 2777 748 Origenis
2822 693 2888 732 ex
2927 679 3093 733 variis
3141 678 3258 746 ejus
3286 681 3531 748 operibus
3569 699 3654 739 cx-

2112 770 2335 840 cerptis.
2384 769 2426 823 si
2485 771 2645 824 modo
2699 769 2982 839 exceperis
3029 769 3265 835 initium,
3318 773 3452 839 quod
3488 773 3655 843 aliquo

2112 863 2271 917 modo
2299 862 2432 916 nihil
2468 861 2610 915 aliud
2640 870 2725 915 est
2773 876 2932 929 quam
2965 860 3187 928 epistola
3237 862 3301 915 ad
3343 844 3655 922 confessores

2111 956 2176 1008 ad
2207 954 2416 1008 metalla
2443 956 2726 1007 damnatos
2761 975 2772 1008 :
2805 968 2867 1006 ac
2903 952 3123 1022 proinde
3156 955 3482 1023 potestinter
3508 956 3652 1011 Pam-

2111 1045 2242 1112 phili
2285 1045 2543 1113 epistolas
2571 1045 2749 1099 locum
2780 1046 3063 1111 oblinere;
3095 1045 3155 1100 δ’
3189 1065 3208 1097 ι
3257 1045 3406 1111 Date,
3439 1066 3456 1099 ι
3497 1049 3655 1119 inquit

2108 1134 2472 1208 Hieronymus
2495 1138 2653 1207 epist.
2673 1137 2765 1201 65,
2785 1139 2849 1191 ad
2874 1136 3279 1191 Pamtnacbium
3303 1148 3353 1193 et
3377 1138 3653 1207 Oceanum,

2113 1247 2131 1280 ι
2170 1232 2443 1298 quodlibet
2480 1230 2623 1283 aliud
2647 1245 2782 1298 Opus
2812 1228 3103 1299 Pamphili.
3134 1229 3402 1300 Nusquam
3440 1234 3654 1300 reperie-
3720 1252 3723 1253 ν

2111 1323 2193 1375 tis.
2227 1320 2339 1373 Hoc
2377 1336 2540 1373 unum
2585 1331 2690 1375 est.
2745 1319 2899 1376 Unde
2944 1322 3105 1390 igitur
3137 1322 3302 1375 sciam
3338 1324 3474 1391 quod
3510 1323 3655 1378 Pam-

2105 1413 2235 1481 pbili
2261 1412 2380 1465 sit?
2411 1411 2673 1466 Videlicet
2705 1413 2876 1482 stylus
2909 1422 2962 1465 et
2989 1412 3155 1465 saliva
3210 1413 3403 1469 docere
3442 1429 3521 1468 tne
3563 1432 3652 1486 po-

2108 1505 2279 1561 terit?
2306 1524 2325 1556 ι
2347 1504 2390 1558 Ε
2412 1505 2552 1575 ston
2572 1505 2784 1573 quidem
2810 1520 2907 1559 nos
2926 1505 3087 1559 hodie
3111 1504 3404 1574 dijudicare
3420 1522 3518 1561 non
3536 1524 3651 1579 pos-

2103 1612 2294 1652 sumus
2321 1612 2386 1650 an
2420 1594 2689 1665 Pamphili
2737 1611 2874 1666 opus
2922 1597 3025 1661 sit;
3058 1613 3247 1652 verum
3284 1597 3333 1652 id
3369 1597 3518 1654 facile
3544 1610 3653 1656 erat

2104 1691 2194 1755 iis,
2230 1691 2428 1760 quibus
2464 1689 2594 1743 illud
2626 1705 2750 1743 cum
2788 1688 2904 1759 ejus
2930 1688 3200 1760 epistolis,
3225 1706 3343 1760 qua:
3378 1691 3547 1746 adhuc
3571 1708 3652 1746 su-

2101 1782 2644 1851 pererant,conferre
2676 1782 2943 1853 integrum
2972 1792 3113 1836 erat.
3149 1782 3264 1851 Ipse
3293 1782 3648 1854 Hieronymus,

2102 1873 2192 1939 qui
2240 1873 2469 1942 idipsum
2506 1872 2748 1942 profecto
2804 1873 3055 1939 contulit,
3084 1887 3334 1929 asserere
3368 1890 3468 1928 non
3500 1889 3653 1932 ausus

2101 1976 2187 2019 est
2215 1966 2464 2019 eumdem
2490 1979 2612 2019 esse
2639 1964 2763 2019 libri
2794 1963 2953 2033 hujus
2998 1965 3333 2034 Eusebiique
3356 1965 3573 2036 stylum;
3601 1973 3652 2020 et

2102 2058 2279 2127 reipsa
2314 2059 2381 2112 ab
2432 2057 2648 2112 Eusebii
2683 2057 2851 2113 saliva
2912 2056 3193 2128 paululum
3236 2059 3479 2112 diversus
3511 2056 3656 2111 abire

2100 2148 2335 2204 videtur.

2174 2240 2239 2295 V.
2291 2238 2493 2309 Objicit
2523 2251 2786 2312 praterea
2839 2241 3205 2314 Hieronymus
3250 2240 3342 2296 lib.
3386 2256 3425 2296 ιι
3463 2242 3649 2295 advers.

2102 2331 2379 2402 Ruﬁnum,
2408 2333 2598 2387 virum
2643 2333 3019 2389 doctissimum
3066 2333 3361 2388 Eusebium
3403 2332 3654 2403 (doctissi-

2100 2439 2268 2491 mum,
2306 2439 2412 2480 non
2459 2424 2810 2493 catholicum)
2847 2442 2867 2476 ι
2926 2438 3021 2494 per
3075 2440 3174 2480 sex
3226 2425 3489 2480 volumina
3534 2425 3652 2479 nihil

2100 2516 2244 2570 aliud
2272 2532 2457 2587 agere,
2489 2518 2594 2572 nisi
2642 2527 2701 2570 ut
2748 2517 3037 2588 Origenem
3080 2531 3197 2573 suae
3244 2517 3489 2571 ostendat
3519 2516 3655 2580 ﬁdei,

2098 2609 2151 2663 id
2178 2617 2259 2662 est
2284 2610 2499 2663 Arianae
2539 2609 2819 2675 perfidia};
2852 2627 2876 2662 ι
2902 2610 3106 2663 nullam
3135 2624 3273 2680 ergo
3300 2608 3454 2677 hujus
3487 2610 3654 2679 operis

2098 2704 2308 2770 partem
2356 2702 2423 2754 ad
2464 2699 2809 2771 Pamphilum
2848 2703 3141 2773 martyrem
3194 2703 3484 2772 pertinere,
3512 2700 3655 2770 cujus

2098 2792 2259 2848 ﬁdem
2300 2791 2496 2863 probat
2522 2793 2787 2849 Ecclesia.
2841 2793 3042 2849 Eadem
3079 2795 3285 2864 repetit
3332 2793 3466 2849 locis
3504 2809 3653 2863 supra

2098 2884 2298 2949 citatis,
2329 2895 2384 2940 et
2415 2886 2540 2941 alibi
2577 2886 2806 2955 passim,
2841 2885 2985 2941 unde
3022 2886 3305 2943 concludit
3345 2886 3534 2941 librum
3562 2885 3655 2940 sub

2096 2975 2361 3046 Pamphili
2424 2979 2642 3033 nomine
2690 2977 2920 3042 editum,
2961 2978 3029 3032 ab
3073 2977 3261 3048 aliquo
3315 2978 3369 3033 in
3400 2976 3655 3032 Trinitate

2097 3069 2364 3124 catholico
2388 3070 2553 3124 fuisse
2578 3070 2943 3138 emendatum,
2973 3070 3064 3141 qui
3094 3069 3383 3141 plerasque
3419 3068 3659 3140 blaspbe-v

422 3165 532 3220 lata
558 3180 721 3234 opera
752 3164 967 3218 fuerant
1002 3161 1297 3228 elaborati;
1324 3163 1384 3217 3°
1409 3162 1584 3232 pergit
1612 3162 1807 3216 ibidem
1841 3178 1854 3215 :
1885 3180 1903 3213 ι
1935 3160 1989 3216 Si
2019 3185 2061 3243 ε
2099 3160 2236 3215 mias
2274 3162 2341 3215 de
2368 3159 2506 3217 Filio
2537 3170 2593 3215 et
2637 3161 2844 3231 Spiritu
2897 3172 3089 3217 sancto
3142 3171 3256 3217 tam
3292 3160 3479 3219 Grece
3498 3170 3651 3231 quam

419 3264 594 3312 totum
625 3271 762 3326 opus
800 3254 1066 3327 Pamphili
1100 3262 1204 3320 est,
1239 3269 1338 3309 cur
1388 3254 1624 3324 reliquos
1671 3253 1844 3309 libros
1884 3269 1991 3308 non

420 3348 728 3403 transfers?
762 3369 781 3401 ι
822 3346 1049 3404 Scilicet
1086 3346 1265 3401 obfuit
1294 3343 1513 3417 Macarii
1554 3345 1908 3409 desiderium,
1936 3357 1993 3399 ut

412 3438 525 3509 jam
556 3441 790 3496 diximus
838 3458 852 3495 :
899 3441 979 3496 vel
1020 3439 1201 3509 potius
1236 3438 1383 3493 nulla
1433 3439 1536 3492 alia
1579 3439 1793 3493 videtur
1826 3437 1992 3493 fuisse

417 3548 605 3597 eausa,
634 3548 799 3603 quam
829 3532 971 3603 quod
1005 3530 1182 3586 Rufini
1212 3529 1381 3584 codex
1412 3530 1633 3584 unicum
1664 3528 1822 3596 hujus
1851 3529 1993 3599 Apo-

417 3624 573 3693 logia:
608 3624 804 3677 librum
841 3624 1076 3694 primum
1127 3621 1229 3678 sub
1275 3622 1492 3681 nomine
1530 3621 1797 3691 Pamphili
1844 3638 1991 3676 mar-

419 3716 557 3788 tyris
589 3716 914 3771 contineret.
937 3714 1099 3769 Certe
1123 3713 1217 3768 lib.
1248 3730 1286 3769 ιι
1323 3714 1527 3769 advers.
1559 3712 1808 3783 Ruﬁnum
1849 3713 1990 3769 fate-

417 3816 508 3860 tur
548 3807 661 3877 ipse
708 3806 1076 3876 Hieronymus
1122 3821 1179 3860 se
1214 3825 1233 3857 ι
1273 3807 1436 3861 istum
1486 3806 1709 3873 librum,
1759 3807 1849 3877 qui
1892 3808 1994 3862 sub

418 3898 635 3953 nomine
661 3898 927 3967 Pamphili
980 3899 1277 3964 ferebatur,
1316 3899 1515 3955 vidisse
1566 3899 1800 3971 primum
1848 3902 1990 3955 seri-

414 3999 566 4061 ptum
617 3989 670 4044 in
721 3990 909 4045 codice
940 3989 1145 4053 Rufini,
1178 4000 1236 4045 et
1264 3990 1390 4060 quia
1439 4005 1544 4045 non
1588 4001 1709 4045 erat
1745 3992 1794 4046 ei
1845 4005 1990 4045 cura:

412 4081 546 4153 quid
588 4097 686 4151 pro
732 4081 984 4138 ltteretico
1020 4083 1319 4145 diceretur,
1364 4083 1443 4136 sic
1481 4098 1699 4150 semper
1729 4083 1989 4137 habuisse

412 4176 568 4243 quasi
602 4173 876 4229 diversum
899 4182 1041 4229 esset
1063 4189 1200 4242 opus
1221 4172 1484 4242 Pamphili
1515 4184 1570 4227 et
1603 4172 1852 4239 Eusebii;
1889 4192 1908 4227 ι
1933 4187 1988 4230 et

410 4266 507 4322 lib.
546 4282 609 4322 ιιι
639 4266 716 4321 ait
748 4281 807 4320 se
833 4281 861 4319 a
882 4264 1075 4319 Rufino
1102 4283 1120 4316 ι
1155 4264 1428 4335 exemplar
1452 4263 1610 4333 hujus
1639 4264 1981 4332 voluminis,»

413 4359 541 4429 (non
563 4374 657 4414 sex
686 4357 1037 4430 voluminum)
1066 4355 1235 4412 fuisse
1258 4374 1276 4407 ι
1317 4366 1653 4420 mutuatum;
1686 4375 1705 4409 ι
1742 4358 1806 4410 4ο
1832 4354 1981 4426 Obji-

409 4453 485 4507 cit
522 4436 886 4521 Hieronymus
942 4448 1077 4505 nihil
1138 4448 1345 4519 proprii
1400 4448 1581 4516 operis
1636 4446 1977 4517 Pamphilum

2097 3253 2289 3308 Latine
2321 3253 2373 3306 in
2422 3253 2620 3308 bonam
2652 3261 2861 3322 partem
2898 3255 3275 3309 commutarit.
3311 3272 3332 3307 σ
3368 3253 3473 3309 Sed
3501 3254 3652 3310 Idem

2094 3344 2184 3399 hic
2208 3343 2536 3415 Hieronymo
2569 3344 2877 3400 habendam
2914 3360 3019 3399 non
3044 3358 3168 3400 esse
3202 3344 3542 3401 validissimis
3566 3360 3648 3399 ar-

2093 3438 2366 3507 gumentis
2403 3438 2579 3492 evinci
2633 3446 2811 3507 potest
2860 3436 3059 3508 (inquit
3090 3436 3278 3492 Bullus
3320 3437 3399 3493 De
3430 3435 3555 3491 Filii
3575 3433 3652 3508 τῷ

2091 3530 2383 3602 ὀμοουσίῳ,
2408 3545 2526 3601 cap.
2551 3530 2607 3597 9,
2637 3539 2743 3585 art.
2766 3529 2883 3597 20).
2912 3529 3047 3584 Nam
3071 3548 3088 3586 :
3126 3531 3183 3584 l'
3222 3530 3448 3586 Pbotius
3475 3529 3650 3585 codice

2090 3639 2258 3679 cxvnt
2289 3633 2522 3677 testatur
2551 3636 2611 3677 se
2641 3622 2691 3676 in
2731 3621 2924 3678 Graeco
2972 3622 3168 3691 legisse
3203 3622 3470 3692 Pamphili
3520 3636 3653 3675 mar-

2092 3716 2231 3786 tyris
2255 3725 2307 3770 et
2333 3714 2551 3769 Eusebii
2583 3714 2749 3769 libros
2775 3728 2893 3778 sex,
2927 3713 2979 3768 in
3023 3712 3223 3783 quibus
3271 3714 3418 3769 nulla
3448 3713 3655 3769 Arianae

2090 3806 2331 3876 perﬁdiae
2359 3806 2581 3877 vestigia
2613 3816 2765 3861 notat
2802 3820 3024 3862 severus
3049 3805 3138 3861 ille
3160 3820 3382 3871 censor,
3414 3806 3502 3877 qui
3524 3806 3650 3860 alio-

2089 3898 2182 3968 qui
2222 3899 2276 3953 in
2322 3898 2550 3953 aliorum
2601 3897 2822 3967 scriptis
2886 3906 3202 3954 constanter
3244 3898 3388 3955 solet
3438 3898 3651 3953 minima

2089 4005 2316 4060 quaeque
2349 3991 2771 4059 reprehendere,
2800 4006 2919 4059 qua:
2962 3991 3049 4045 vel
3094 3992 3335 4061 speciem
3364 3988 3651 4046 Arianismi

2090 4096 2202 4151 pra:
2234 4097 2292 4136 se
2331 4081 2509 4135 ferant
2536 4098 2550 4147 ;
2581 4082 2642 4134 ‘2-
2666 4081 2806 4137 idem
2832 4081 3057 4138 Pbotius
3092 4083 3211 4139 cod.
3249 4100 3395 4141 cxvtt
3422 4094 3649 4139 veterem

2087 4173 2375 4242 quemdam
2416 4182 2694 4227 auctorem
2718 4190 3045 4245 anonymum
3086 4189 3522 4231 commemorans
3562 4175 3647 4243 qui

2086 4265 2394 4335 Apologiam
2449 4266 2631 4320 itidem
2681 4282 2776 4335 pro
2838 4264 3063 4335 Origene
3107 4269 3530 4338 conscripserat,
3578 4266 3651 4321 ait

2087 4367 2365 4411 auctorem
2412 4355 2560 4411 illum
2589 4357 2642 4412 in
2682 4358 2935 4429 Apoloyia
2978 4374 3077 4414 sua
3114 4375 3210 4429 pro
3251 4359 3481 4431 Origene
3511 4357 3648 4427 ejus-

2086 4464 2192 4521 que
2240 4449 2530 4504 sententiis
2577 4465 2852 4521 pugnasse
2894 4451 3217 4507 auetoritate
3265 4463 3378 4507 tum
3426 4452 3645 4506 aliorum

410 4543 754 4615 scripsisset
785 4541 850 4596 Et
886 4541 1003 4612 ipse
1028 4541 1243 4611 quidem
1268 4539 1471 4611 proprii
1509 4539 1712 4608 aperis,
1744 4560 1764 4593 ι
1797 4540 1975 4611 inquit
2012 4536 2058 4592 Β
2082 4541 2445 4610 antiquiorum
2494 4542 2843 4612 scriptorum,
2898 4551 3011 4597 tum
3065 4543 3335 4612 imprimis
3388 4540 3644 4611 Pamphili

407 4635 506 4691 lib.
551 4650 569 4690 ι
613 4634 817 4689 advers.
855 4632 1126 4703 Ruﬁnum,
1193 4651 1212 4686 ι
1264 4631 1398 4688 nihil
1458 4632 1681 4687 omnino
1729 4633 1976 4704 scripsit,

402 4729 644 4797 exceptis
706 4728 974 4796 epistolis.
1029 4741 1165 4794 quas
1215 4726 1280 4779 ad
1343 4725 1549 4779 amicos
1604 4724 1745 4779 forte
1798 4727 1979 4782 mitte-

402 4819 495 4875 bat
524 4820 622 4891 (⁸5),
649 4819 701 4875 in
730 4828 940 4874 tantmn
972 4833 1033 4872 se
1060 4817 1370 4872 humilitate
1399 4817 1690 4887 dejecerat.
1720 4817 1974 4873 Veterum

402 4920 582 4965 autem
611 4920 882 4966 tractatus
919 4909 1250 4979 scriptorum
1298 4907 1507 4976 legebat
1550 4909 1967 4976 studiosissime,

398 5014 455 5058 et
479 5005 533 5059 in
559 5019 748 5059 eorum
775 5002 1132 5057 meditatione
1163 4999 1365 5070 jugiter
1391 4999 1735 5055 versabatur.
1778 5000 1975 5057 Defen-

398 5110 493 5152 sor
520 5096 790 5167 Origenis,
818 5106 873 5150 et
903 5095 1149 5149 laudator
1174 5091 1437 5163 Pamphili
1478 5095 1612 5148 dicit
1635 5092 1975 5163 Pamphilum

400 5188 533 5243 nihil
562 5190 782 5244 omnino
804 5189 1111 5257 scripsisse,
1141 5201 1241 5243 nec
1266 5184 1472 5256 proprii
1500 5186 1797 5255 quidquam
1846 5202 1975 5241 con-

397 5280 599 5334 didisse
621 5280 889 5335 sermonis
922 5295 938 5331 :
966 5288 1021 5334 et
1055 5280 1157 5333 hoc
1184 5276 1337 5339 dicit,
1367 5275 1477 5341 jam
1516 5274 1801 5346 Pamphilo
1830 5292 1973 5331 mar-

397 5370 539 5443 tyrio
562 5380 839 5436 coronato,
877 5386 945 5426 ne
969 5369 1173 5425 habeas
1201 5365 1494 5437 sull'uginm
1529 5378 1649 5438 post
1686 5369 1864 5423 editos
1899 5368 1966 5423 ab

397 5461 629 5517 Eusebio
679 5460 847 5515 libros
897 5460 999 5515 hoc
1042 5457 1381 5528 Pamphilum
1434 5458 1743 5527 scripsisse.
1799 5479 1817 5512 ι
1856 5460 1962 5515 Sed

397 5551 568 5609 nodus
607 5553 695 5608 hic
716 5568 975 5624 perquam
1026 5552 1190 5608 facile
1225 5561 1436 5622 poterat
1478 5566 1508 5604 a
1560 5550 1755 5605 Hulino
1803 5552 1961 5607 solvi.

395 5644 602 5715 Quippe
653 5645 925 5716 preprium
970 5643 1236 5715 Pamphili
1281 5658 1418 5713 opus
1450 5641 1817 5711 Apologeticus
1870 5643 1960 5698 ille

461 5819 544 5890 (ὃ)
570 5821 764 5879 Euseb.
801 5820 893 5875 lib.
923 5835 979 5873 ιιι
1022 5819 1095 5873 De
1126 5820 1229 5873 vita
1262 5816 1558 5887 Pamphili.

2078 4634 2334 4703 martyris
2360 4643 2413 4685 et
2441 4632 2657 4687 Eusebii
2695 4632 3059 4688 Cresariensis.
3100 4634 3318 4689 Μᾶλλον
3346 4633 3424 4699 δὲ,
3456 4632 3646 4703 inquit,

2071 4724 2179 4778 τῶν
2216 4724 2387 4779 ἄλλων
2412 4725 2687 4789 ἁπάντων,
2732 4725 3005 4798 Παμφίλῳ
3054 4744 3114 4780 τε
3166 4727 3246 4800 τῷ
3283 4729 3519 4801 μάρτυρι
3550 4729 3644 4780 ἑπ-

2070 4814 2332 4885 ερειδεται
2366 4816 2461 4868 καί
2490 4815 2567 4886 τῷ
2592 4815 2857 4886 Εὑσεόίῳ,
2896 4817 2948 4872 id
2977 4827 3079 4881 est,
3110 4837 3128 4870 ι
3157 4834 3267 4888 pra:
3288 4820 3495 4875 caeteris
3524 4834 3648 4875 vero

2072 4904 2352 4976 Pamphilo
2371 4909 2597 4976 martyri
2625 4908 2936 4964 innitituret
2958 4908 3216 4974 Eusebio,
3247 4931 3268 4964 ι
3298 4912 3664 4985 υιίιιιιιιιιίιιιιι,

2082 4998 2214 5053 milti
2269 4990 2519 5053 videatur
2571 5014 2900 5071 anonymum
2946 5000 3097 5056 illurn
3134 5004 3380 5058 eamdem
3425 5017 3645 5073 prorsus

2078 5103 2200 5145 cum
2230 5090 2515 5161 Pamphilo
2540 5101 2592 5146 et
2619 5092 2852 5148 Eusebio
2877 5091 3165 5162 Origenetn
3197 5093 3518 5150 defendendi
3551 5108 3637 5146 ra-

2071 5182 2271 5237 tionem
2306 5192 2556 5239 secutum
2593 5198 2736 5239 esse.
2797 5182 3051 5253 Nunquid
3097 5201 3224 5240 vero
3273 5186 3506 5241 Ariauus
3545 5183 3639 5238 fuit

2070 5275 2425 5344 apologista?
2468 5275 2613 5329 Nihil
2665 5273 2864 5331 minus.
2904 5275 3041 5331 Nam
3086 5278 3199 5347 ipse
3249 5277 3496 5340 Pbotius,
3548 5277 3633 5346 qui

2072 5366 2273 5435 alioqui
2316 5366 2604 5437 plerosque
2643 5365 2899 5438 Origenis
2939 5385 3158 5424 errores
3207 5365 3281 5425 illi
3328 5370 3534 5435 tribuit,
3563 5368 3636 5423 di-

2072 5467 2215 5513 serte
2245 5458 2394 5524 dicit,
2424 5460 2563 5528 quod
2597 5459 2725 5530 περὶ
2769 5459 2866 5530 τῆς
2899 5460 3059 5530 ἁγίας
3092 5461 3321 5532 Τριάδος
3345 5460 3502 5515 οὐδὲν
3526 5458 3632 5513 τῶν

2069 5548 2420 5620 ἐσφαλμένων
2449 5548 2619 5618 λέγει’
2654 5570 2672 5603 ι
2709 5551 2775 5606 de
2800 5552 2859 5606 ὃ.
2888 5551 3154 5607 Trinitatis!
3180 5554 3312 5611 nihil
3334 5566 3629 5608 enatorum

2070 5640 2245 5697 allert.
2275 5661 2293 5694 ι
2324 5641 2604 5709 Quomodo
2632 5653 2810 5701 autem
2830 5644 3115 5716 Origmem
3144 5646 3381 5702 defendit
3402 5638 3628 5700 auctor?
