  <div class='ocr_page' id='page_1' title='image "/cluster/home/n/w/nwhite01/storage/ocr_20150623/17/mdp.39015031604831/270.png"; bbox 0 0 3992 6312; ppageno 0'>
   <div class='ocr_carea' id='block_1_1' title="bbox 398 304 505 359">
    <p class='ocr_par' dir='ltr' id='par_1_1' title="bbox 398 304 505 359">
     <span class='ocr_line' id='line_1_1' title="bbox 398 304 505 359; baseline -0.009 0"><span class='ocrx_word' id='word_1_1' title='bbox 398 304 505 359; x_wconf 70' lang='lat'><strong>529</strong></span> 
     </span>
    </p>
   </div>
   <div class='ocr_carea' id='block_1_2' title="bbox 1351 302 2703 374">
    <p class='ocr_par' dir='ltr' id='par_1_2' title="bbox 1351 302 2703 374">
     <span class='ocr_line' id='line_1_2' title="bbox 1351 302 2703 374; baseline 0.01 -14"><span class='ocrx_word' id='word_1_2' title='bbox 1351 302 1700 362; x_wconf 74' lang='lat' dir='ltr'><strong>APOLOGIA</strong></span> <span class='ocrx_word' id='word_1_3' title='bbox 1732 308 1868 365; x_wconf 80' lang='lat' dir='ltr'><strong>PRO</strong></span> <span class='ocrx_word' id='word_1_4' title='bbox 1901 309 2219 371; x_wconf 78' lang='lat' dir='ltr'><strong>ORIGENE.</strong></span> <span class='ocrx_word' id='word_1_5' title='bbox 2260 347 2326 358; x_wconf 92' lang='lat'><strong>—-</strong></span> <span class='ocrx_word' id='word_1_6' title='bbox 2366 315 2703 374; x_wconf 79' lang='lat' dir='ltr'><strong>MONITUM.</strong></span> 
     </span>
    </p>
   </div>
   <div class='ocr_carea' id='block_1_3' title="bbox 3551 324 3661 382">
    <p class='ocr_par' dir='ltr' id='par_1_3' title="bbox 3551 324 3661 382">
     <span class='ocr_line' id='line_1_3' title="bbox 3551 324 3661 382; baseline 0.036 -4"><span class='ocrx_word' id='word_1_7' title='bbox 3551 324 3661 382; x_wconf 75' lang='lat'><strong>530</strong></span> 
     </span>
    </p>
   </div>
   <div class='ocr_carea' id='block_1_4' title="bbox 395 402 1969 521">
    <p class='ocr_par' dir='ltr' id='par_1_4' title="bbox 395 421 1969 503">
     <span class='ocr_line' id='line_1_4' title="bbox 395 421 1969 503; baseline 0.008 -28"><span class='ocrx_word' id='word_1_8' title='bbox 395 422 536 493; x_wconf 78' lang='grc' dir='ltr'><strong>Φησὶ</strong></span> <span class='ocrx_word' id='word_1_9' title='bbox 561 421 640 485; x_wconf 81' lang='grc' dir='ltr'><strong>δὲ,</strong></span> <span class='ocrx_word' id='word_1_10' title='bbox 697 422 872 492; x_wconf 93' lang='lat' dir='ltr'><strong>inquit</strong></span> <span class='ocrx_word' id='word_1_11' title='bbox 919 423 1168 491; x_wconf 86' lang='lat' dir='ltr'><strong>Photius,</strong></span> <span class='ocrx_word' id='word_1_12' title='bbox 1217 427 1309 480; x_wconf 74' lang='grc' dir='ltr'><strong>καὶ</strong></span> <span class='ocrx_word' id='word_1_13' title='bbox 1352 429 1483 500; x_wconf 77' lang='grc' dir='ltr'>περὶ</span> <span class='ocrx_word' id='word_1_14' title='bbox 1528 429 1623 485; x_wconf 79' lang='grc' dir='ltr'><strong>τοῦ</strong></span> <span class='ocrx_word' id='word_1_15' title='bbox 1673 432 1969 503; x_wconf 69' lang='grc' dir='ltr'><strong>Ὠριγὲνους</strong></span> 
     </span>
    </p>
   </div>
   <div class='ocr_carea' id='block_1_5' title="bbox 2073 402 3658 521">
    <p class='ocr_par' dir='ltr' id='par_1_5' title="bbox 2083 426 3658 521">
     <span class='ocr_line' id='line_1_5' title="bbox 2083 426 3658 521; baseline 0.008 -32"><span class='ocrx_word' id='word_1_16' title='bbox 2083 437 2268 504; x_wconf 87' lang='lat' dir='ltr'><strong>fuisse,</strong></span> <span class='ocrx_word' id='word_1_17' title='bbox 2299 441 2541 511; x_wconf 81' lang='lat' dir='ltr'><strong>nunquid</strong></span> <span class='ocrx_word' id='word_1_18' title='bbox 2566 442 2690 496; x_wconf 90' lang='lat' dir='ltr'><strong>inde</strong></span> <span class='ocrx_word' id='word_1_19' title='bbox 2716 450 3040 521; x_wconf 74' lang='lat' dir='ltr'><strong>sequeretur</strong></span> <span class='ocrx_word' id='word_1_20' title='bbox 3074 456 3177 498; x_wconf 93' lang='lat' dir='ltr'><strong>non</strong></span> <span class='ocrx_word' id='word_1_21' title='bbox 3204 442 3373 500; x_wconf 87' lang='lat' dir='ltr'><strong>fuisse</strong></span> <span class='ocrx_word' id='word_1_22' title='bbox 3398 426 3658 516; x_wconf 71' lang='lat' dir='ltr'><strong>rnartyrts</strong></span> 
     </span>
    </p>
   </div>
   <div class='ocr_carea' id='block_1_6' title="bbox 399 513 1974 595">
    <p class='ocr_par' dir='ltr' id='par_1_6' title="bbox 399 513 1974 595">
     <span class='ocr_line' id='line_1_6' title="bbox 399 513 1974 595; baseline 0.008 -30"><span class='ocrx_word' id='word_1_23' title='bbox 399 513 570 585; x_wconf 80' lang='grc' dir='ltr'>μηδὲν</span> <span class='ocrx_word' id='word_1_24' title='bbox 593 513 754 568; x_wconf 75' lang='grc' dir='ltr'>αὑτὸν</span> <span class='ocrx_word' id='word_1_25' title='bbox 783 514 921 568; x_wconf 79' lang='grc' dir='ltr'><strong>κατὰ</strong></span> <span class='ocrx_word' id='word_1_26' title='bbox 950 515 1105 581; x_wconf 80' lang='grc' dir='ltr'>δόξαν</span> <span class='ocrx_word' id='word_1_27' title='bbox 1132 517 1394 587; x_wconf 73' lang='grc' dir='ltr'><strong>ἐσφάλθαι</strong></span> <span class='ocrx_word' id='word_1_28' title='bbox 1416 520 1545 591; x_wconf 73' lang='grc' dir='ltr'>περὶ</span> <span class='ocrx_word' id='word_1_29' title='bbox 1580 521 1679 593; x_wconf 79' lang='grc' dir='ltr'><strong>τῆς</strong></span> <span class='ocrx_word' id='word_1_30' title='bbox 1717 523 1974 595; x_wconf 82' lang='grc' dir='ltr'><strong>Τριάδος·</strong></span> 
     </span>
    </p>
   </div>
   <div class='ocr_carea' id='block_1_7' title="bbox 404 607 1977 680">
    <p class='ocr_par' dir='ltr' id='par_1_7' title="bbox 404 607 1977 680">
     <span class='ocr_line' id='line_1_7' title="bbox 404 607 1977 680; baseline 0.007 -23"><span class='ocrx_word' id='word_1_31' title='bbox 404 626 421 657; x_wconf 75' lang='grc' dir='ltr'><strong>ι</strong></span> <span class='ocrx_word' id='word_1_32' title='bbox 463 607 597 675; x_wconf 87' lang='lat' dir='ltr'><strong>qttiu</strong></span> <span class='ocrx_word' id='word_1_33' title='bbox 652 608 814 661; x_wconf 88' lang='lat' dir='ltr'><strong>etiam</strong></span> <span class='ocrx_word' id='word_1_34' title='bbox 862 607 965 661; x_wconf 92' lang='lat' dir='ltr'><strong>hoc</strong></span> <span class='ocrx_word' id='word_1_35' title='bbox 1004 609 1203 664; x_wconf 89' lang='lat' dir='ltr'><strong>asserit</strong></span> <span class='ocrx_word' id='word_1_36' title='bbox 1241 610 1309 665; x_wconf 90' lang='lat' dir='ltr'><strong>de</strong></span> <span class='ocrx_word' id='word_1_37' title='bbox 1357 609 1616 680; x_wconf 84' lang='lat' dir='ltr'><strong>Origene,</strong></span> <span class='ocrx_word' id='word_1_38' title='bbox 1675 613 1808 667; x_wconf 88' lang='lat' dir='ltr'>nihil</span> <span class='ocrx_word' id='word_1_39' title='bbox 1855 629 1977 668; x_wconf 91' lang='lat' dir='ltr'><strong>eum</strong></span> 
     </span>
    </p>
   </div>
   <div class='ocr_carea' id='block_1_8' title="bbox 397 698 1973 771">
    <p class='ocr_par' dir='ltr' id='par_1_8' title="bbox 397 698 1973 771">
     <span class='ocr_line' id='line_1_8' title="bbox 397 698 1973 771; baseline 0.006 -22"><span class='ocrx_word' id='word_1_40' title='bbox 397 698 540 767; x_wconf 90' lang='lat' dir='ltr'><strong>quod</strong></span> <span class='ocrx_word' id='word_1_41' title='bbox 556 699 769 766; x_wconf 79' lang='lat' dir='ltr'><strong>quidem</strong></span> <span class='ocrx_word' id='word_1_42' title='bbox 789 699 855 753; x_wconf 90' lang='lat' dir='ltr'><strong>ad</strong></span> <span class='ocrx_word' id='word_1_43' title='bbox 876 700 1068 771; x_wconf 89' lang='lat' dir='ltr'><strong>dogma</strong></span> <span class='ocrx_word' id='word_1_44' title='bbox 1095 702 1162 754; x_wconf 88' lang='lat' dir='ltr'><strong>de</strong></span> <span class='ocrx_word' id='word_1_45' title='bbox 1182 702 1448 757; x_wconf 87' lang='lat' dir='ltr'><strong>Trinitate</strong></span> <span class='ocrx_word' id='word_1_46' title='bbox 1473 704 1687 770; x_wconf 90' lang='lat' dir='ltr'><strong>attinet,</strong></span> <span class='ocrx_word' id='word_1_47' title='bbox 1707 720 1939 763; x_wconf 86' lang='lat' dir='ltr'><strong>errasse.</strong></span> <span class='ocrx_word' id='word_1_48' title='bbox 1955 727 1973 759; x_wconf 74' lang='grc' dir='ltr'><strong>ι</strong></span> 
     </span>
    </p>
   </div>
   <div class='ocr_carea' id='block_1_9' title="bbox 398 790 1977 868">
    <p class='ocr_par' dir='ltr' id='par_1_9' title="bbox 398 790 1977 868">
     <span class='ocr_line' id='line_1_9' title="bbox 398 790 1977 868; baseline 0.006 -25"><span class='ocrx_word' id='word_1_49' title='bbox 398 790 486 843; x_wconf 81' lang='lat' dir='ltr'><strong>Ait</strong></span> <span class='ocrx_word' id='word_1_50' title='bbox 516 805 637 843; x_wconf 79' lang='lat' dir='ltr'><strong>mox</strong></span> <span class='ocrx_word' id='word_1_51' title='bbox 672 790 900 846; x_wconf 86' lang='lat' dir='ltr'><strong>Photius</strong></span> <span class='ocrx_word' id='word_1_52' title='bbox 928 794 1255 862; x_wconf 88' lang='lat' dir='ltr'><strong>scriptorem</strong></span> <span class='ocrx_word' id='word_1_53' title='bbox 1285 794 1435 850; x_wconf 89' lang='lat' dir='ltr'><strong>illum</strong></span> <span class='ocrx_word' id='word_1_54' title='bbox 1461 796 1771 866; x_wconf 84' lang='lat' dir='ltr'><strong>quindecim</strong></span> <span class='ocrx_word' id='word_1_55' title='bbox 1801 798 1977 868; x_wconf 84' lang='lat' dir='ltr'><strong>capita</strong></span> 
     </span>
    </p>
   </div>
   <div class='ocr_carea' id='block_1_10' title="bbox 397 880 1979 955">
    <p class='ocr_par' dir='ltr' id='par_1_10' title="bbox 397 880 1979 955">
     <span class='ocr_line' id='line_1_10' title="bbox 397 880 1979 955; baseline 0.005 -19"><span class='ocrx_word' id='word_1_56' title='bbox 397 880 616 953; x_wconf 87' lang='lat' dir='ltr'><strong>Origeni</strong></span> <span class='ocrx_word' id='word_1_57' title='bbox 644 882 883 951; x_wconf 81' lang='lat' dir='ltr'><strong>objecta,</strong></span> <span class='ocrx_word' id='word_1_58' title='bbox 910 899 1147 954; x_wconf 89' lang='lat' dir='ltr'><strong>quorum</strong></span> <span class='ocrx_word' id='word_1_59' title='bbox 1195 885 1295 939; x_wconf 90' lang='lat' dir='ltr'><strong>tria</strong></span> <span class='ocrx_word' id='word_1_60' title='bbox 1328 886 1524 955; x_wconf 92' lang='lat' dir='ltr'><strong>prima,</strong></span> <span class='ocrx_word' id='word_1_61' title='bbox 1556 888 1824 943; x_wconf 86' lang='lat' dir='ltr'><strong>decimum</strong></span> <span class='ocrx_word' id='word_1_62' title='bbox 1868 897 1979 944; x_wconf 80' lang='lat' dir='ltr'><strong>ter-</strong></span> 
     </span>
    </p>
   </div>
   <div class='ocr_carea' id='block_1_11' title="bbox 402 973 1974 1049">
    <p class='ocr_par' dir='ltr' id='par_1_11' title="bbox 402 973 1974 1049">
     <span class='ocr_line' id='line_1_11' title="bbox 402 973 1974 1049; baseline 0.006 -23"><span class='ocrx_word' id='word_1_63' title='bbox 402 973 533 1026; x_wconf 91' lang='lat' dir='ltr'><strong>tium</strong></span> <span class='ocrx_word' id='word_1_64' title='bbox 574 984 629 1028; x_wconf 93' lang='lat' dir='ltr'><strong>et</strong></span> <span class='ocrx_word' id='word_1_65' title='bbox 663 974 914 1028; x_wconf 88' lang='lat' dir='ltr'><strong>ultimum</strong></span> <span class='ocrx_word' id='word_1_66' title='bbox 962 976 1028 1028; x_wconf 94' lang='lat' dir='ltr'><strong>ad</strong></span> <span class='ocrx_word' id='word_1_67' title='bbox 1065 976 1355 1031; x_wconf 84' lang='lat' dir='ltr'><strong>articulum</strong></span> <span class='ocrx_word' id='word_1_68' title='bbox 1392 978 1456 1033; x_wconf 90' lang='lat' dir='ltr'><strong>de</strong></span> <span class='ocrx_word' id='word_1_69' title='bbox 1504 976 1771 1033; x_wconf 90' lang='lat' dir='ltr'><strong>Trinitate</strong></span> <span class='ocrx_word' id='word_1_70' title='bbox 1806 981 1974 1049; x_wconf 86' lang='lat' dir='ltr'><strong>perti-</strong></span> 
     </span>
    </p>
   </div>
   <div class='ocr_carea' id='block_1_12' title="bbox 399 1063 1973 1134">
    <p class='ocr_par' dir='ltr' id='par_1_12' title="bbox 399 1063 1973 1134">
     <span class='ocr_line' id='line_1_12' title="bbox 399 1063 1973 1134; baseline 0.005 -16"><span class='ocrx_word' id='word_1_71' title='bbox 399 1074 550 1129; x_wconf 90' lang='lat' dir='ltr'><strong>nent,</strong></span> <span class='ocrx_word' id='word_1_72' title='bbox 588 1067 851 1134; x_wconf 83' lang='lat' dir='ltr'><strong>probasse</strong></span> <span class='ocrx_word' id='word_1_73' title='bbox 885 1066 1137 1132; x_wconf 77' lang='grc' dir='ltr'><strong>διαϐολὰς</strong></span> <span class='ocrx_word' id='word_1_74' title='bbox 1187 1063 1350 1133; x_wconf 81' lang='grc' dir='ltr'><strong>εἶναι,</strong></span> <span class='ocrx_word' id='word_1_75' title='bbox 1410 1070 1475 1123; x_wconf 82' lang='grc' dir='ltr'><strong>ὲκ</strong></span> <span class='ocrx_word' id='word_1_76' title='bbox 1519 1070 1629 1124; x_wconf 82' lang='grc' dir='ltr'><strong>τῶν</strong></span> <span class='ocrx_word' id='word_1_77' title='bbox 1664 1070 1759 1125; x_wconf 82' lang='grc' dir='ltr'><strong>τοῦ</strong></span> <span class='ocrx_word' id='word_1_78' title='bbox 1812 1071 1973 1126; x_wconf 77' lang='grc' dir='ltr'>αὑτοῦ</span> 
     </span>
    </p>
   </div>
   <div class='ocr_carea' id='block_1_13' title="bbox 396 1157 1969 1234">
    <p class='ocr_par' dir='ltr' id='par_1_13' title="bbox 396 1157 1969 1234">
     <span class='ocr_line' id='line_1_13' title="bbox 396 1157 1969 1234; baseline 0.004 -22"><span class='ocrx_word' id='word_1_79' title='bbox 396 1157 605 1212; x_wconf 71' lang='grc' dir='ltr'>ἐκείνου</span> <span class='ocrx_word' id='word_1_80' title='bbox 648 1160 1098 1232; x_wconf 74' lang='grc' dir='ltr'><strong>συγγραμμάτων</strong></span> <span class='ocrx_word' id='word_1_81' title='bbox 1144 1161 1468 1233; x_wconf 79' lang='grc' dir='ltr'><strong>ποιούμενον</strong></span> <span class='ocrx_word' id='word_1_82' title='bbox 1517 1163 1642 1227; x_wconf 80' lang='grc' dir='ltr'>τοὺς</span> <span class='ocrx_word' id='word_1_83' title='bbox 1683 1163 1969 1234; x_wconf 78' lang='grc' dir='ltr'><strong>ἐλέγχους·</strong></span> 
     </span>
    </p>
   </div>
   <div class='ocr_carea' id='block_1_14' title="bbox 402 1252 1973 1330">
    <p class='ocr_par' dir='ltr' id='par_1_14' title="bbox 402 1252 1973 1330">
     <span class='ocr_line' id='line_1_14' title="bbox 402 1252 1973 1330; baseline 0.006 -28"><span class='ocrx_word' id='word_1_84' title='bbox 402 1267 422 1302; x_wconf 79' lang='grc' dir='ltr'><strong>ι</strong></span> <span class='ocrx_word' id='word_1_85' title='bbox 464 1266 642 1305; x_wconf 88' lang='lat' dir='ltr'><strong>meras</strong></span> <span class='ocrx_word' id='word_1_86' title='bbox 699 1266 821 1307; x_wconf 89' lang='lat' dir='ltr'><strong>esse</strong></span> <span class='ocrx_word' id='word_1_87' title='bbox 865 1252 1195 1318; x_wconf 81' lang='lat' dir='ltr'><strong>calumnias,</strong></span> <span class='ocrx_word' id='word_1_88' title='bbox 1239 1268 1303 1309; x_wconf 80' lang='lat' dir='ltr'><strong>ex</strong></span> <span class='ocrx_word' id='word_1_89' title='bbox 1360 1254 1643 1323; x_wconf 85' lang='lat' dir='ltr'><strong>ipsiusmet</strong></span> <span class='ocrx_word' id='word_1_90' title='bbox 1681 1256 1973 1330; x_wconf 78' lang='lat' dir='ltr'><strong>(Origenis)</strong></span> 
     </span>
    </p>
   </div>
   <div class='ocr_carea' id='block_1_15' title="bbox 394 1342 1977 1417">
    <p class='ocr_par' dir='ltr' id='par_1_15' title="bbox 394 1342 1977 1417">
     <span class='ocr_line' id='line_1_15' title="bbox 394 1342 1977 1417; baseline 0.002 -20"><span class='ocrx_word' id='word_1_91' title='bbox 394 1342 615 1410; x_wconf 79' lang='lat' dir='ltr'><strong>scriptis</strong></span> <span class='ocrx_word' id='word_1_92' title='bbox 650 1342 829 1397; x_wconf 79' lang='lat' dir='ltr'><strong>allatis</strong></span> <span class='ocrx_word' id='word_1_93' title='bbox 852 1344 1209 1414; x_wconf 80' lang='lat' dir='ltr'><strong>argumentis.</strong></span> <span class='ocrx_word' id='word_1_94' title='bbox 1244 1363 1263 1396; x_wconf 75' lang='grc' dir='ltr'><strong>ι</strong></span> <span class='ocrx_word' id='word_1_95' title='bbox 1303 1344 1564 1400; x_wconf 88' lang='lat' dir='ltr'><strong>Eamdem</strong></span> <span class='ocrx_word' id='word_1_96' title='bbox 1606 1346 1770 1417; x_wconf 83' lang='lat' dir='ltr'><strong>plane</strong></span> <span class='ocrx_word' id='word_1_97' title='bbox 1811 1347 1977 1401; x_wconf 84' lang='lat' dir='ltr'><strong>ratio-</strong></span> 
     </span>
    </p>
   </div>
   <div class='ocr_carea' id='block_1_16' title="bbox 396 1434 1972 1507">
    <p class='ocr_par' dir='ltr' id='par_1_16' title="bbox 396 1434 1972 1507">
     <span class='ocr_line' id='line_1_16' title="bbox 396 1434 1972 1507; baseline 0.003 -18"><span class='ocrx_word' id='word_1_98' title='bbox 396 1449 520 1489; x_wconf 87' lang='lat' dir='ltr'><strong>nem</strong></span> <span class='ocrx_word' id='word_1_99' title='bbox 556 1449 620 1489; x_wconf 90' lang='lat' dir='ltr'><strong>ac</strong></span> <span class='ocrx_word' id='word_1_100' title='bbox 654 1434 966 1490; x_wconf 85' lang='lat' dir='ltr'><strong>methodum</strong></span> <span class='ocrx_word' id='word_1_101' title='bbox 1012 1446 1195 1490; x_wconf 84' lang='lat' dir='ltr'><strong>servat</strong></span> <span class='ocrx_word' id='word_1_102' title='bbox 1249 1436 1508 1507; x_wconf 81' lang='lat' dir='ltr'><strong>Apologia</strong></span> <span class='ocrx_word' id='word_1_103' title='bbox 1566 1438 1666 1491; x_wconf 85' lang='lat' dir='ltr'><strong>sub</strong></span> <span class='ocrx_word' id='word_1_104' title='bbox 1706 1437 1972 1507; x_wconf 84' lang='lat' dir='ltr'><strong>Pamphili</strong></span> 
     </span>
    </p>
   </div>
   <div class='ocr_carea' id='block_1_17' title="bbox 396 1526 1974 1584">
    <p class='ocr_par' dir='ltr' id='par_1_17' title="bbox 396 1526 1974 1584">
     <span class='ocr_line' id='line_1_17' title="bbox 396 1526 1974 1584; baseline 0.004 -6"><span class='ocrx_word' id='word_1_105' title='bbox 396 1527 620 1581; x_wconf 89' lang='lat' dir='ltr'><strong>nomine</strong></span> <span class='ocrx_word' id='word_1_106' title='bbox 668 1541 697 1580; x_wconf 88' lang='lat' dir='ltr'><strong>a</strong></span> <span class='ocrx_word' id='word_1_107' title='bbox 730 1527 928 1582; x_wconf 77' lang='lat' dir='ltr'><strong>Ruﬁno</strong></span> <span class='ocrx_word' id='word_1_108' title='bbox 958 1527 1125 1581; x_wconf 90' lang='lat' dir='ltr'><strong>edita.</strong></span> <span class='ocrx_word' id='word_1_109' title='bbox 1174 1526 1321 1583; x_wconf 86' lang='lat' dir='ltr'><strong>Sane</strong></span> <span class='ocrx_word' id='word_1_110' title='bbox 1347 1543 1414 1581; x_wconf 81' lang='lat' dir='ltr'><strong>ex</strong></span> <span class='ocrx_word' id='word_1_111' title='bbox 1463 1528 1548 1583; x_wconf 92' lang='lat' dir='ltr'><strong>his</strong></span> <span class='ocrx_word' id='word_1_112' title='bbox 1596 1528 1726 1583; x_wconf 92' lang='lat' dir='ltr'><strong>illud</strong></span> <span class='ocrx_word' id='word_1_113' title='bbox 1784 1529 1974 1584; x_wconf 90' lang='lat' dir='ltr'><strong>saltem</strong></span> 
     </span>
    </p>
   </div>
   <div class='ocr_carea' id='block_1_18' title="bbox 392 1614 1975 1689">
    <p class='ocr_par' dir='ltr' id='par_1_18' title="bbox 392 1614 1975 1689">
     <span class='ocr_line' id='line_1_18' title="bbox 392 1614 1975 1689; baseline 0.003 -17"><span class='ocrx_word' id='word_1_114' title='bbox 392 1614 647 1680; x_wconf 73' lang='lat' dir='ltr'><strong>eﬂicitur,</strong></span> <span class='ocrx_word' id='word_1_115' title='bbox 677 1632 705 1671; x_wconf 91' lang='lat' dir='ltr'><strong>a</strong></span> <span class='ocrx_word' id='word_1_116' title='bbox 731 1615 924 1673; x_wconf 57' lang='lat' dir='ltr'><strong>Graeco</strong></span> <span class='ocrx_word' id='word_1_117' title='bbox 950 1618 1217 1688; x_wconf 87' lang='lat' dir='ltr'><strong>scriptore</strong></span> <span class='ocrx_word' id='word_1_118' title='bbox 1240 1620 1410 1674; x_wconf 89' lang='lat' dir='ltr'><strong>veteri</strong></span> <span class='ocrx_word' id='word_1_119' title='bbox 1445 1620 1537 1689; x_wconf 85' lang='lat' dir='ltr'><strong>qui</strong></span> <span class='ocrx_word' id='word_1_120' title='bbox 1571 1620 1623 1673; x_wconf 90' lang='lat' dir='ltr'><strong>in</strong></span> <span class='ocrx_word' id='word_1_121' title='bbox 1654 1621 1881 1676; x_wconf 80' lang='lat' dir='ltr'><strong>articulo</strong></span> <span class='ocrx_word' id='word_1_122' title='bbox 1910 1622 1975 1676; x_wconf 92' lang='lat' dir='ltr'><strong>de</strong></span> 
     </span>
    </p>
   </div>
   <div class='ocr_carea' id='block_1_19' title="bbox 395 1707 1975 1780">
    <p class='ocr_par' dir='ltr' id='par_1_19' title="bbox 395 1707 1975 1780">
     <span class='ocr_line' id='line_1_19' title="bbox 395 1707 1975 1780; baseline 0.003 -17"><span class='ocrx_word' id='word_1_123' title='bbox 395 1709 453 1763; x_wconf 92' lang='lat' dir='ltr'><strong>S.</strong></span> <span class='ocrx_word' id='word_1_124' title='bbox 482 1707 775 1775; x_wconf 88' lang='lat' dir='ltr'><strong>Trinitate,</strong></span> <span class='ocrx_word' id='word_1_125' title='bbox 803 1711 889 1765; x_wconf 87' lang='lat' dir='ltr'><strong>vel</strong></span> <span class='ocrx_word' id='word_1_126' title='bbox 921 1710 1119 1767; x_wconf 79' lang='lat' dir='ltr'><strong>Phatio</strong></span> <span class='ocrx_word' id='word_1_127' title='bbox 1153 1711 1363 1780; x_wconf 88' lang='lat' dir='ltr'><strong>judice,</strong></span> <span class='ocrx_word' id='word_1_128' title='bbox 1391 1711 1706 1768; x_wconf 88' lang='lat' dir='ltr'><strong>catholicus</strong></span> <span class='ocrx_word' id='word_1_129' title='bbox 1742 1712 1866 1780; x_wconf 87' lang='lat' dir='ltr'><strong>fuit,</strong></span> <span class='ocrx_word' id='word_1_130' title='bbox 1898 1714 1975 1768; x_wconf 90' lang='lat' dir='ltr'><strong>al-</strong></span> 
     </span>
    </p>
   </div>
   <div class='ocr_carea' id='block_1_20' title="bbox 397 1796 2047 1877">
    <p class='ocr_par' dir='ltr' id='par_1_20' title="bbox 397 1796 2047 1877">
     <span class='ocr_line' id='line_1_20' title="bbox 397 1796 2047 1877; baseline 0.004 -22"><span class='ocrx_word' id='word_1_131' title='bbox 397 1801 505 1857; x_wconf 88' lang='lat' dir='ltr'><strong>lata</strong></span> <span class='ocrx_word' id='word_1_132' title='bbox 537 1801 706 1859; x_wconf 88' lang='lat' dir='ltr'><strong>fuisse</strong></span> <span class='ocrx_word' id='word_1_133' title='bbox 760 1819 827 1858; x_wconf 82' lang='lat' dir='ltr'><strong>ex</strong></span> <span class='ocrx_word' id='word_1_134' title='bbox 873 1803 1007 1873; x_wconf 89' lang='lat' dir='ltr'><strong>ipsis</strong></span> <span class='ocrx_word' id='word_1_135' title='bbox 1059 1804 1312 1874; x_wconf 89' lang='lat' dir='ltr'><strong>Origenis</strong></span> <span class='ocrx_word' id='word_1_136' title='bbox 1354 1805 1594 1875; x_wconf 85' lang='lat' dir='ltr'><strong>scriptis,</strong></span> <span class='ocrx_word' id='word_1_137' title='bbox 1645 1816 1810 1877; x_wconf 85' lang='lat' dir='ltr'><strong>prout</strong></span> <span class='ocrx_word' id='word_1_138' title='bbox 1860 1818 1969 1863; x_wconf 89' lang='lat' dir='ltr'><strong>tum</strong></span> <span class='ocrx_word' id='word_1_139' title='bbox 2005 1796 2047 1850; x_wconf 79' lang='grc' dir='ltr'><strong>Β</strong></span> 
     </span>
    </p>
   </div>
   <div class='ocr_carea' id='block_1_21' title="bbox 390 1896 1973 1968">
    <p class='ocr_par' dir='ltr' id='par_1_21' title="bbox 390 1896 1973 1968">
     <span class='ocr_line' id='line_1_21' title="bbox 390 1896 1973 1968; baseline 0.001 -17"><span class='ocrx_word' id='word_1_140' title='bbox 390 1896 582 1951; x_wconf 61' lang='grc' dir='ltr'><strong>(ἔναιρε</strong></span> <span class='ocrx_word' id='word_1_141' title='bbox 618 1905 924 1963; x_wconf 78' lang='lat' dir='ltr'><strong>exstarent,</strong></span> <span class='ocrx_word' id='word_1_142' title='bbox 978 1896 1312 1964; x_wconf 89' lang='lat' dir='ltr'><strong>testimonia,</strong></span> <span class='ocrx_word' id='word_1_143' title='bbox 1352 1912 1471 1966; x_wconf 69' lang='lat' dir='ltr'><strong>qua:</strong></span> <span class='ocrx_word' id='word_1_144' title='bbox 1504 1898 1827 1954; x_wconf 89' lang='lat' dir='ltr'><strong>catholicum</strong></span> <span class='ocrx_word' id='word_1_145' title='bbox 1878 1915 1973 1968; x_wconf 87' lang='lat' dir='ltr'><strong>pa-</strong></span> 
     </span>
    </p>
   </div>
   <div class='ocr_carea' id='block_1_22' title="bbox 393 1987 1974 2060">
    <p class='ocr_par' dir='ltr' id='par_1_22' title="bbox 393 1987 1974 2060">
     <span class='ocr_line' id='line_1_22' title="bbox 393 1987 1974 2060; baseline 0.003 -18"><span class='ocrx_word' id='word_1_146' title='bbox 393 1989 530 2042; x_wconf 86' lang='lat' dir='ltr'><strong>riter</strong></span> <span class='ocrx_word' id='word_1_147' title='bbox 572 1987 742 2043; x_wconf 86' lang='lat' dir='ltr'><strong>fuisse</strong></span> <span class='ocrx_word' id='word_1_148' title='bbox 774 1987 828 2041; x_wconf 90' lang='lat' dir='ltr'><strong>in</strong></span> <span class='ocrx_word' id='word_1_149' title='bbox 878 1988 1067 2043; x_wconf 91' lang='lat' dir='ltr'><strong>eodem</strong></span> <span class='ocrx_word' id='word_1_150' title='bbox 1109 1988 1338 2044; x_wconf 86' lang='lat' dir='ltr'><strong>articulo</strong></span> <span class='ocrx_word' id='word_1_151' title='bbox 1380 1990 1667 2060; x_wconf 87' lang='lat' dir='ltr'><strong>Origenem</strong></span> <span class='ocrx_word' id='word_1_152' title='bbox 1723 1991 1974 2047; x_wconf 89' lang='lat' dir='ltr'><strong>ostende-</strong></span> 
     </span>
    </p>
   </div>
   <div class='ocr_carea' id='block_1_23' title="bbox 393 2078 1972 2151">
    <p class='ocr_par' dir='ltr' id='par_1_23' title="bbox 393 2078 1972 2151">
     <span class='ocr_line' id='line_1_23' title="bbox 393 2078 1972 2151; baseline 0.001 -16"><span class='ocrx_word' id='word_1_153' title='bbox 393 2087 540 2147; x_wconf 87' lang='lat' dir='ltr'><strong>rent,</strong></span> <span class='ocrx_word' id='word_1_154' title='bbox 586 2088 751 2149; x_wconf 84' lang='lat' dir='ltr'><strong>atque</strong></span> <span class='ocrx_word' id='word_1_155' title='bbox 797 2079 901 2133; x_wconf 89' lang='lat' dir='ltr'><strong>hoc</strong></span> <span class='ocrx_word' id='word_1_156' title='bbox 945 2078 1143 2134; x_wconf 75' lang='lat' dir='ltr'><strong>fecisse</strong></span> <span class='ocrx_word' id='word_1_157' title='bbox 1190 2090 1469 2136; x_wconf 85' lang='lat' dir='ltr'><strong>auctorem</strong></span> <span class='ocrx_word' id='word_1_158' title='bbox 1508 2081 1658 2136; x_wconf 90' lang='lat' dir='ltr'><strong>illum</strong></span> <span class='ocrx_word' id='word_1_159' title='bbox 1707 2080 1972 2151; x_wconf 85' lang='lat' dir='ltr'><strong>Pamphili</strong></span> 
     </span>
    </p>
   </div>
   <div class='ocr_carea' id='block_1_24' title="bbox 393 2171 1973 2244">
    <p class='ocr_par' dir='ltr' id='par_1_24' title="bbox 393 2171 1973 2244">
     <span class='ocr_line' id='line_1_24' title="bbox 393 2171 1973 2244; baseline 0.003 -19"><span class='ocrx_word' id='word_1_160' title='bbox 393 2171 650 2244; x_wconf 85' lang='lat' dir='ltr'><strong>martyris</strong></span> <span class='ocrx_word' id='word_1_161' title='bbox 695 2179 750 2227; x_wconf 91' lang='lat' dir='ltr'><strong>et</strong></span> <span class='ocrx_word' id='word_1_162' title='bbox 798 2171 1013 2226; x_wconf 80' lang='lat' dir='ltr'><strong>Eusebii</strong></span> <span class='ocrx_word' id='word_1_163' title='bbox 1065 2172 1336 2241; x_wconf 82' lang='lat' dir='ltr'><strong>exemplo,</strong></span> <span class='ocrx_word' id='word_1_164' title='bbox 1385 2189 1683 2244; x_wconf 89' lang='lat' dir='ltr'><strong>eorumque</strong></span> <span class='ocrx_word' id='word_1_165' title='bbox 1727 2175 1973 2243; x_wconf 81' lang='lat' dir='ltr'><strong>vestigiis</strong></span> 
     </span>
    </p>
   </div>
   <div class='ocr_carea' id='block_1_25' title="bbox 397 2262 1971 2336">
    <p class='ocr_par' dir='ltr' id='par_1_25' title="bbox 397 2262 1971 2336">
     <span class='ocr_line' id='line_1_25' title="bbox 397 2262 1971 2336; baseline 0.002 -18"><span class='ocrx_word' id='word_1_166' title='bbox 397 2264 757 2319; x_wconf 86' lang='lat' dir='ltr'><strong>insistentem.</strong></span> <span class='ocrx_word' id='word_1_167' title='bbox 809 2282 827 2317; x_wconf 82' lang='grc' dir='ltr'><strong>ι</strong></span> <span class='ocrx_word' id='word_1_168' title='bbox 862 2264 923 2319; x_wconf 63' lang='grc' dir='ltr'><strong>δ’</strong></span> <span class='ocrx_word' id='word_1_169' title='bbox 957 2262 1265 2319; x_wconf 79' lang='lat' dir='ltr'><strong>Verisimile</strong></span> <span class='ocrx_word' id='word_1_170' title='bbox 1323 2281 1429 2319; x_wconf 90' lang='lat' dir='ltr'><strong>non</strong></span> <span class='ocrx_word' id='word_1_171' title='bbox 1485 2274 1568 2321; x_wconf 92' lang='lat' dir='ltr'><strong>est</strong></span> <span class='ocrx_word' id='word_1_172' title='bbox 1613 2265 1726 2336; x_wconf 89' lang='lat' dir='ltr'><strong>jam</strong></span> <span class='ocrx_word' id='word_1_173' title='bbox 1761 2275 1875 2320; x_wconf 88' lang='lat' dir='ltr'><strong>tum</strong></span> <span class='ocrx_word' id='word_1_174' title='bbox 1904 2266 1971 2321; x_wconf 92' lang='lat' dir='ltr'><strong>ad</strong></span> 
     </span>
    </p>
   </div>
   <div class='ocr_carea' id='block_1_26' title="bbox 391 2346 1971 2427">
    <p class='ocr_par' dir='ltr' id='par_1_26' title="bbox 391 2346 1971 2427">
     <span class='ocr_line' id='line_1_26' title="bbox 391 2346 1971 2427; baseline 0 -14"><span class='ocrx_word' id='word_1_175' title='bbox 391 2355 654 2413; x_wconf 78' lang='lat' dir='ltr'><strong>Arianam</strong></span> <span class='ocrx_word' id='word_1_176' title='bbox 683 2357 929 2412; x_wconf 75' lang='lat' dir='ltr'><strong>hteresim</strong></span> <span class='ocrx_word' id='word_1_177' title='bbox 964 2355 1233 2412; x_wconf 81' lang='lat' dir='ltr'><strong>defecisse</strong></span> <span class='ocrx_word' id='word_1_178' title='bbox 1259 2356 1575 2424; x_wconf 83' lang='lat' dir='ltr'><strong>Eusebium,</strong></span> <span class='ocrx_word' id='word_1_179' title='bbox 1603 2373 1727 2413; x_wconf 90' lang='lat' dir='ltr'><strong>cmn</strong></span> <span class='ocrx_word' id='word_1_180' title='bbox 1768 2346 1971 2427; x_wconf 82' lang='lat' dir='ltr'><strong>ingra-</strong></span> 
     </span>
    </p>
   </div>
   <div class='ocr_carea' id='block_1_27' title="bbox 390 2445 1969 2519">
    <p class='ocr_par' dir='ltr' id='par_1_27' title="bbox 390 2445 1969 2519">
     <span class='ocr_line' id='line_1_27' title="bbox 390 2445 1969 2519; baseline 0.001 -18"><span class='ocrx_word' id='word_1_181' title='bbox 390 2445 523 2502; x_wconf 88' lang='lat' dir='ltr'><strong>tiam</strong></span> <span class='ocrx_word' id='word_1_182' title='bbox 555 2447 807 2519; x_wconf 83' lang='lat' dir='ltr'><strong>Origenis</strong></span> <span class='ocrx_word' id='word_1_183' title='bbox 860 2448 1149 2504; x_wconf 85' lang='lat' dir='ltr'><strong>scriberet.</strong></span> <span class='ocrx_word' id='word_1_184' title='bbox 1192 2447 1326 2515; x_wconf 84' lang='lat' dir='ltr'><strong>Quis</strong></span> <span class='ocrx_word' id='word_1_185' title='bbox 1354 2447 1499 2503; x_wconf 92' lang='lat' dir='ltr'><strong>enim</strong></span> <span class='ocrx_word' id='word_1_186' title='bbox 1532 2450 1746 2517; x_wconf 86' lang='lat' dir='ltr'><strong>credat,</strong></span> <span class='ocrx_word' id='word_1_187' title='bbox 1782 2448 1827 2504; x_wconf 90' lang='lat' dir='ltr'><strong>si</strong></span> <span class='ocrx_word' id='word_1_188' title='bbox 1855 2449 1969 2518; x_wconf 88' lang='lat' dir='ltr'><strong>jam</strong></span> 
     </span>
    </p>
   </div>
   <div class='ocr_carea' id='block_1_28' title="bbox 388 2538 1971 2609">
    <p class='ocr_par' dir='ltr' id='par_1_28' title="bbox 388 2538 1971 2609">
     <span class='ocr_line' id='line_1_28' title="bbox 388 2538 1971 2609; baseline 0.001 -15"><span class='ocrx_word' id='word_1_189' title='bbox 388 2548 508 2595; x_wconf 86' lang='lat' dir='ltr'><strong>tum</strong></span> <span class='ocrx_word' id='word_1_190' title='bbox 543 2538 736 2595; x_wconf 79' lang='lat' dir='ltr'><strong>fuisset</strong></span> <span class='ocrx_word' id='word_1_191' title='bbox 763 2540 1024 2605; x_wconf 84' lang='lat' dir='ltr'><strong>Arianus,</strong></span> <span class='ocrx_word' id='word_1_192' title='bbox 1055 2540 1106 2595; x_wconf 89' lang='lat' dir='ltr'><strong>id</strong></span> <span class='ocrx_word' id='word_1_193' title='bbox 1136 2554 1197 2596; x_wconf 87' lang='lat' dir='ltr'><strong>se</strong></span> <span class='ocrx_word' id='word_1_194' title='bbox 1226 2539 1328 2594; x_wconf 91' lang='lat' dir='ltr'><strong>sibi</strong></span> <span class='ocrx_word' id='word_1_195' title='bbox 1385 2542 1723 2609; x_wconf 90' lang='lat' dir='ltr'><strong>probandum</strong></span> <span class='ocrx_word' id='word_1_196' title='bbox 1782 2555 1971 2595; x_wconf 88' lang='lat' dir='ltr'><strong>susce-</strong></span> 
     </span>
    </p>
   </div>
   <div class='ocr_carea' id='block_1_29' title="bbox 304 2629 1970 2715">
    <p class='ocr_par' dir='ltr' id='par_1_29' title="bbox 304 2629 1970 2715">
     <span class='ocr_line' id='line_1_29' title="bbox 304 2629 1970 2715; baseline -0.001 -28"><span class='ocrx_word' id='word_1_197' title='bbox 304 2699 319 2715; x_wconf 46' lang='lat'><em>.</em></span> <span class='ocrx_word' id='word_1_198' title='bbox 370 2631 535 2702; x_wconf 84' lang='lat' dir='ltr'><strong>&#39;pisse</strong></span> <span class='ocrx_word' id='word_1_199' title='bbox 567 2631 635 2686; x_wconf 90' lang='lat' dir='ltr'><strong>ab</strong></span> <span class='ocrx_word' id='word_1_200' title='bbox 674 2630 906 2703; x_wconf 79' lang='lat' dir='ltr'><strong>Origene</strong></span> <span class='ocrx_word' id='word_1_201' title='bbox 943 2632 1110 2687; x_wconf 89' lang='lat' dir='ltr'><strong>statui</strong></span> <span class='ocrx_word' id='word_1_202' title='bbox 1160 2649 1181 2683; x_wconf 89' lang='grc'><strong>‹</strong></span> <span class='ocrx_word' id='word_1_203' title='bbox 1223 2631 1365 2702; x_wconf 90' lang='lat' dir='ltr'><strong>quod</strong></span> <span class='ocrx_word' id='word_1_204' title='bbox 1399 2631 1623 2701; x_wconf 67' lang='lat' dir='ltr'><strong>aequalis</strong></span> <span class='ocrx_word' id='word_1_205' title='bbox 1673 2632 1747 2687; x_wconf 86' lang='lat' dir='ltr'><strong>sit</strong></span> <span class='ocrx_word' id='word_1_206' title='bbox 1788 2629 1970 2686; x_wconf 87' lang='lat' dir='ltr'><strong>Trini-</strong></span> 
     </span>
    </p>
   </div>
   <div class='ocr_carea' id='block_1_30' title="bbox 390 2722 1967 2794">
    <p class='ocr_par' dir='ltr' id='par_1_30' title="bbox 390 2722 1967 2794">
     <span class='ocr_line' id='line_1_30' title="bbox 390 2722 1967 2794; baseline 0.003 -20"><span class='ocrx_word' id='word_1_207' title='bbox 390 2729 474 2777; x_wconf 90' lang='lat' dir='ltr'><strong>tas</strong></span> <span class='ocrx_word' id='word_1_208' title='bbox 510 2740 527 2778; x_wconf 90' lang='lat'><strong>:</strong></span> <span class='ocrx_word' id='word_1_209' title='bbox 563 2727 708 2793; x_wconf 85' lang='lat' dir='ltr'><strong>quod</strong></span> <span class='ocrx_word' id='word_1_210' title='bbox 738 2738 841 2777; x_wconf 92' lang='lat' dir='ltr'><strong>non</strong></span> <span class='ocrx_word' id='word_1_211' title='bbox 880 2738 1048 2794; x_wconf 92' lang='lat' dir='ltr'><strong>purus</strong></span> <span class='ocrx_word' id='word_1_212' title='bbox 1077 2722 1261 2789; x_wconf 89' lang='lat' dir='ltr'><strong>homo,</strong></span> <span class='ocrx_word' id='word_1_213' title='bbox 1290 2723 1385 2779; x_wconf 90' lang='lat' dir='ltr'><strong>sed</strong></span> <span class='ocrx_word' id='word_1_214' title='bbox 1418 2723 1615 2779; x_wconf 71' lang='lat' dir='ltr'><strong>divinre</strong></span> <span class='ocrx_word' id='word_1_215' title='bbox 1657 2734 1867 2779; x_wconf 73' lang='lat' dir='ltr'><strong>natura:</strong></span> <span class='ocrx_word' id='word_1_216' title='bbox 1895 2723 1967 2779; x_wconf 92' lang='lat' dir='ltr'><strong>sit</strong></span> 
     </span>
    </p>
   </div>
   <div class='ocr_carea' id='block_1_31' title="bbox 389 2812 1969 2885">
    <p class='ocr_par' dir='ltr' id='par_1_31' title="bbox 389 2812 1969 2885">
     <span class='ocr_line' id='line_1_31' title="bbox 389 2812 1969 2885; baseline 0.001 -17"><span class='ocrx_word' id='word_1_217' title='bbox 389 2812 687 2869; x_wconf 86' lang='lat' dir='ltr'><strong>Christus:</strong></span> <span class='ocrx_word' id='word_1_218' title='bbox 726 2814 873 2881; x_wconf 90' lang='lat' dir='ltr'><strong>quod</strong></span> <span class='ocrx_word' id='word_1_219' title='bbox 906 2824 1066 2868; x_wconf 81' lang='lat' dir='ltr'><strong>extra</strong></span> <span class='ocrx_word' id='word_1_220' title='bbox 1106 2813 1278 2871; x_wconf 90' lang='lat' dir='ltr'><strong>ullum</strong></span> <span class='ocrx_word' id='word_1_221' title='bbox 1320 2813 1534 2868; x_wconf 89' lang='lat' dir='ltr'><strong>initium</strong></span> <span class='ocrx_word' id='word_1_222' title='bbox 1577 2814 1650 2869; x_wconf 91' lang='lat' dir='ltr'><strong>sit</strong></span> <span class='ocrx_word' id='word_1_223' title='bbox 1691 2814 1969 2885; x_wconf 71' lang='lat' dir='ltr'><strong>generatio</strong></span> 
     </span>
    </p>
   </div>
   <div class='ocr_carea' id='block_1_32' title="bbox 393 2903 1967 2976">
    <p class='ocr_par' dir='ltr' id='par_1_32' title="bbox 393 2903 1967 2976">
     <span class='ocr_line' id='line_1_32' title="bbox 393 2903 1967 2976; baseline 0.001 -15"><span class='ocrx_word' id='word_1_224' title='bbox 393 2903 518 2961; x_wconf 76' lang='lat' dir='ltr'><strong>Filii</strong></span> <span class='ocrx_word' id='word_1_225' title='bbox 551 2905 645 2961; x_wconf 90' lang='lat' dir='ltr'><strong>Dei</strong></span> <span class='ocrx_word' id='word_1_226' title='bbox 674 2922 690 2958; x_wconf 86' lang='lat'><strong>:</strong></span> <span class='ocrx_word' id='word_1_227' title='bbox 720 2906 864 2976; x_wconf 90' lang='lat' dir='ltr'><strong>quod</strong></span> <span class='ocrx_word' id='word_1_228' title='bbox 898 2920 1006 2960; x_wconf 91' lang='lat' dir='ltr'><strong>non</strong></span> <span class='ocrx_word' id='word_1_229' title='bbox 1031 2905 1106 2960; x_wconf 85' lang='lat' dir='ltr'><strong>sit</strong></span> <span class='ocrx_word' id='word_1_230' title='bbox 1136 2903 1300 2960; x_wconf 89' lang='lat' dir='ltr'><strong>Pater</strong></span> <span class='ocrx_word' id='word_1_231' title='bbox 1328 2909 1618 2973; x_wconf 82' lang='lat' dir='ltr'><strong>antequam</strong></span> <span class='ocrx_word' id='word_1_232' title='bbox 1646 2904 1843 2971; x_wconf 80' lang='lat' dir='ltr'><strong>Filius,</strong></span> <span class='ocrx_word' id='word_1_233' title='bbox 1874 2907 1967 2962; x_wconf 86' lang='lat' dir='ltr'><strong>sed</strong></span> 
     </span>
    </p>
   </div>
   <div class='ocr_carea' id='block_1_33' title="bbox 390 2995 1967 3070">
    <p class='ocr_par' dir='ltr' id='par_1_33' title="bbox 390 2995 1967 3070">
     <span class='ocr_line' id='line_1_33' title="bbox 390 2995 1967 3070; baseline 0.002 -18"><span class='ocrx_word' id='word_1_234' title='bbox 390 3006 699 3052; x_wconf 65' lang='lat' dir='ltr'><strong>coaeternus</strong></span> <span class='ocrx_word' id='word_1_235' title='bbox 733 2996 804 3053; x_wconf 86' lang='lat' dir='ltr'><strong>sit</strong></span> <span class='ocrx_word' id='word_1_236' title='bbox 829 2995 1000 3052; x_wconf 82' lang='lat' dir='ltr'><strong>Filius</strong></span> <span class='ocrx_word' id='word_1_237' title='bbox 1034 2995 1224 3052; x_wconf 86' lang='lat' dir='ltr'><strong>Patri:</strong></span> <span class='ocrx_word' id='word_1_238' title='bbox 1257 2997 1402 3068; x_wconf 86' lang='lat' dir='ltr'><strong>quod</strong></span> <span class='ocrx_word' id='word_1_239' title='bbox 1429 3013 1537 3052; x_wconf 92' lang='lat' dir='ltr'><strong>non</strong></span> <span class='ocrx_word' id='word_1_240' title='bbox 1580 3013 1670 3069; x_wconf 87' lang='lat' dir='ltr'><strong>per</strong></span> <span class='ocrx_word' id='word_1_241' title='bbox 1701 2998 1967 3070; x_wconf 84' lang='lat' dir='ltr'><strong>prolatio-</strong></span> 
     </span>
    </p>
   </div>
   <div class='ocr_carea' id='block_1_34' title="bbox 2084 530 3655 608">
    <p class='ocr_par' dir='ltr' id='par_1_34' title="bbox 2084 530 3655 608">
     <span class='ocr_line' id='line_1_34' title="bbox 2084 530 3655 608; baseline 0.004 -24"><span class='ocrx_word' id='word_1_242' title='bbox 2084 530 2385 602; x_wconf 84' lang='lat' dir='ltr'><strong>Pamphili?</strong></span> <span class='ocrx_word' id='word_1_243' title='bbox 2416 532 2633 588; x_wconf 86' lang='lat' dir='ltr'><strong>Minime</strong></span> <span class='ocrx_word' id='word_1_244' title='bbox 2672 534 2932 600; x_wconf 88' lang='lat' dir='ltr'><strong>omnium,</strong></span> <span class='ocrx_word' id='word_1_245' title='bbox 2958 533 3046 590; x_wconf 82' lang='lat' dir='ltr'><strong>vel</strong></span> <span class='ocrx_word' id='word_1_246' title='bbox 3076 535 3305 605; x_wconf 87' lang='lat' dir='ltr'><strong>ipsemet</strong></span> <span class='ocrx_word' id='word_1_247' title='bbox 3327 533 3655 608; x_wconf 85' lang='lat' dir='ltr'><strong>Hieronymo</strong></span> 
     </span>
    </p>
   </div>
   <div class='ocr_carea' id='block_1_35' title="bbox 2074 621 3650 696">
    <p class='ocr_par' dir='ltr' id='par_1_35' title="bbox 2074 621 3650 696">
     <span class='ocr_line' id='line_1_35' title="bbox 2074 621 3650 696; baseline 0.006 -23"><span class='ocrx_word' id='word_1_248' title='bbox 2074 621 2303 687; x_wconf 75' lang='lat' dir='ltr'><strong>judice.t</strong></span> <span class='ocrx_word' id='word_1_249' title='bbox 2334 624 2439 679; x_wconf 90' lang='lat' dir='ltr'><strong>Sed</strong></span> <span class='ocrx_word' id='word_1_250' title='bbox 2466 626 2901 679; x_wconf 71' lang='lat' dir='ltr'><strong>concedamus’ex</strong></span> <span class='ocrx_word' id='word_1_251' title='bbox 2925 625 3247 696; x_wconf 68' lang='lat' dir='ltr'><strong>superﬂuo,»</strong></span> <span class='ocrx_word' id='word_1_252' title='bbox 3282 626 3461 696; x_wconf 91' lang='lat' dir='ltr'><strong>inquit</strong></span> <span class='ocrx_word' id='word_1_253' title='bbox 3488 627 3650 696; x_wconf 86' lang='lat' dir='ltr'><strong>epist.</strong></span> 
     </span>
    </p>
   </div>
   <div class='ocr_carea' id='block_1_36' title="bbox 2080 714 3649 787">
    <p class='ocr_par' dir='ltr' id='par_1_36' title="bbox 2080 714 3649 787">
     <span class='ocr_line' id='line_1_36' title="bbox 2080 714 3649 787; baseline 0.004 -20"><span class='ocrx_word' id='word_1_254' title='bbox 2080 714 2166 775; x_wconf 81' lang='lat'><strong>65.</strong></span> <span class='ocrx_word' id='word_1_255' title='bbox 2188 717 2253 769; x_wconf 90' lang='lat' dir='ltr'><strong>ad</strong></span> <span class='ocrx_word' id='word_1_256' title='bbox 2286 716 2693 773; x_wconf 89' lang='lat' dir='ltr'><strong>Pammachium</strong></span> <span class='ocrx_word' id='word_1_257' title='bbox 2726 728 2779 773; x_wconf 92' lang='lat' dir='ltr'><strong>et</strong></span> <span class='ocrx_word' id='word_1_258' title='bbox 2805 716 3100 785; x_wconf 84' lang='lat' dir='ltr'><strong>Oceanum,</strong></span> <span class='ocrx_word' id='word_1_259' title='bbox 3121 738 3139 770; x_wconf 77' lang='grc' dir='ltr'><strong>ι</strong></span> <span class='ocrx_word' id='word_1_260' title='bbox 3174 728 3232 773; x_wconf 87' lang='grc' dir='ltr'><strong>ιιι</strong></span> <span class='ocrx_word' id='word_1_261' title='bbox 3261 719 3521 787; x_wconf 80' lang='lat' dir='ltr'><strong>Pamphili</strong></span> <span class='ocrx_word' id='word_1_262' title='bbox 3547 721 3649 786; x_wconf 88' lang='lat' dir='ltr'><strong>sit;</strong></span> 
     </span>
    </p>
   </div>
   <div class='ocr_carea' id='block_1_37' title="bbox 2078 809 3649 883">
    <p class='ocr_par' dir='ltr' id='par_1_37' title="bbox 2078 809 3649 883">
     <span class='ocr_line' id='line_1_37' title="bbox 2078 809 3649 883; baseline 0.004 -21"><span class='ocrx_word' id='word_1_263' title='bbox 2078 809 2172 862; x_wconf 88' lang='lat' dir='ltr'><strong>sed</strong></span> <span class='ocrx_word' id='word_1_264' title='bbox 2222 812 2453 865; x_wconf 85' lang='lat' dir='ltr'><strong>necdum</strong></span> <span class='ocrx_word' id='word_1_265' title='bbox 2514 814 2789 883; x_wconf 80' lang='lat' dir='ltr'><strong>martyris.</strong></span> <span class='ocrx_word' id='word_1_266' title='bbox 2840 815 2979 867; x_wconf 87' lang='lat' dir='ltr'><strong>Ante</strong></span> <span class='ocrx_word' id='word_1_267' title='bbox 3026 814 3170 867; x_wconf 86' lang='lat' dir='ltr'><strong>enim</strong></span> <span class='ocrx_word' id='word_1_268' title='bbox 3218 814 3438 881; x_wconf 88' lang='lat' dir='ltr'><strong>scripsit</strong></span> <span class='ocrx_word' id='word_1_269' title='bbox 3483 828 3649 883; x_wconf 88' lang='lat' dir='ltr'><strong>quam</strong></span> 
     </span>
    </p>
   </div>
   <div class='ocr_carea' id='block_1_38' title="bbox 2081 897 3645 971">
    <p class='ocr_par' dir='ltr' id='par_1_38' title="bbox 2081 897 3645 971">
     <span class='ocr_line' id='line_1_38' title="bbox 2081 897 3645 971; baseline 0.006 -24"><span class='ocrx_word' id='word_1_270' title='bbox 2081 897 2397 967; x_wconf 80' lang='lat' dir='ltr'><strong>martyrium</strong></span> <span class='ocrx_word' id='word_1_271' title='bbox 2458 907 2850 968; x_wconf 84' lang='lat' dir='ltr'><strong>perpeteretur.</strong></span> <span class='ocrx_word' id='word_1_272' title='bbox 2920 900 2983 954; x_wconf 88' lang='lat' dir='ltr'><strong>Et</strong></span> <span class='ocrx_word' id='word_1_273' title='bbox 3042 901 3332 968; x_wconf 87' lang='lat' dir='ltr'><strong>quomodo,</strong></span> <span class='ocrx_word' id='word_1_274' title='bbox 3412 899 3645 971; x_wconf 84' lang='lat' dir='ltr'><strong>inquies,</strong></span> 
     </span>
    </p>
   </div>
   <div class='ocr_carea' id='block_1_39' title="bbox 2079 987 3652 1063">
    <p class='ocr_par' dir='ltr' id='par_1_39' title="bbox 2079 987 3652 1063">
     <span class='ocr_line' id='line_1_39' title="bbox 2079 987 3652 1063; baseline 0.005 -24"><span class='ocrx_word' id='word_1_275' title='bbox 2079 988 2344 1058; x_wconf 85' lang='lat' dir='ltr'><strong>martyrio</strong></span> <span class='ocrx_word' id='word_1_276' title='bbox 2385 987 2582 1060; x_wconf 85' lang='lat' dir='ltr'><strong>dignus</strong></span> <span class='ocrx_word' id='word_1_277' title='bbox 2611 990 2754 1045; x_wconf 76' lang='lat' dir='ltr'><strong>fuit?</strong></span> <span class='ocrx_word' id='word_1_278' title='bbox 2794 992 3016 1047; x_wconf 88' lang='lat' dir='ltr'><strong>Scilicet</strong></span> <span class='ocrx_word' id='word_1_279' title='bbox 3061 1001 3119 1045; x_wconf 93' lang='lat' dir='ltr'><strong>ut</strong></span> <span class='ocrx_word' id='word_1_280' title='bbox 3157 993 3418 1063; x_wconf 87' lang='lat' dir='ltr'><strong>martyrio</strong></span> <span class='ocrx_word' id='word_1_281' title='bbox 3444 993 3652 1048; x_wconf 86' lang='lat' dir='ltr'><strong>deleret</strong></span> 
     </span>
    </p>
   </div>
   <div class='ocr_carea' id='block_1_40' title="bbox 2075 1084 3650 1155">
    <p class='ocr_par' dir='ltr' id='par_1_40' title="bbox 2075 1084 3650 1155">
     <span class='ocr_line' id='line_1_40' title="bbox 2075 1084 3650 1155; baseline 0.003 -21"><span class='ocrx_word' id='word_1_282' title='bbox 2075 1094 2343 1147; x_wconf 90' lang='lat' dir='ltr'><strong>errorem,</strong></span> <span class='ocrx_word' id='word_1_283' title='bbox 2377 1090 2436 1135; x_wconf 90' lang='lat' dir='ltr'><strong>ut</strong></span> <span class='ocrx_word' id='word_1_284' title='bbox 2472 1098 2636 1137; x_wconf 86' lang='lat' dir='ltr'><strong>unam</strong></span> <span class='ocrx_word' id='word_1_285' title='bbox 2684 1084 2898 1154; x_wconf 90' lang='lat' dir='ltr'><strong>culpam</strong></span> <span class='ocrx_word' id='word_1_286' title='bbox 2951 1084 3228 1155; x_wconf 74' lang='lat' dir='ltr'><strong>sanguinis</strong></span> <span class='ocrx_word' id='word_1_287' title='bbox 3268 1085 3349 1139; x_wconf 91' lang='lat' dir='ltr'><strong>sui</strong></span> <span class='ocrx_word' id='word_1_288' title='bbox 3388 1084 3650 1140; x_wconf 82' lang='lat' dir='ltr'><strong>cﬂ&#39;usione</strong></span> 
     </span>
    </p>
   </div>
   <div class='ocr_carea' id='block_1_41' title="bbox 2076 1172 3649 1245">
    <p class='ocr_par' dir='ltr' id='par_1_41' title="bbox 2076 1172 3649 1245">
     <span class='ocr_line' id='line_1_41' title="bbox 2076 1172 3649 1245; baseline 0.006 -23"><span class='ocrx_word' id='word_1_289' title='bbox 2076 1183 2351 1240; x_wconf 79' lang='lat' dir='ltr'><strong>purgaret.</strong></span> <span class='ocrx_word' id='word_1_290' title='bbox 2395 1172 2593 1238; x_wconf 85' lang='lat' dir='ltr'><strong>Quanti</strong></span> <span class='ocrx_word' id='word_1_291' title='bbox 2630 1175 2682 1228; x_wconf 91' lang='lat' dir='ltr'><strong>in</strong></span> <span class='ocrx_word' id='word_1_292' title='bbox 2716 1176 2849 1230; x_wconf 91' lang='lat' dir='ltr'><strong>orbe</strong></span> <span class='ocrx_word' id='word_1_293' title='bbox 2883 1173 3169 1245; x_wconf 79' lang='lat' dir='ltr'><strong>martyres,</strong></span> <span class='ocrx_word' id='word_1_294' title='bbox 3206 1186 3490 1245; x_wconf 86' lang='lat' dir='ltr'><strong>antequam</strong></span> <span class='ocrx_word' id='word_1_295' title='bbox 3543 1188 3649 1231; x_wconf 74' lang='lat' dir='ltr'><strong>ca:-</strong></span> 
     </span>
    </p>
   </div>
   <div class='ocr_carea' id='block_1_42' title="bbox 2073 1262 3650 1335">
    <p class='ocr_par' dir='ltr' id='par_1_42' title="bbox 2073 1262 3650 1335">
     <span class='ocr_line' id='line_1_42' title="bbox 2073 1262 3650 1335; baseline 0.004 -20"><span class='ocrx_word' id='word_1_296' title='bbox 2073 1262 2352 1328; x_wconf 78' lang='lat' dir='ltr'><strong>dereutur,</strong></span> <span class='ocrx_word' id='word_1_297' title='bbox 2424 1267 2593 1321; x_wconf 87' lang='lat' dir='ltr'><strong>variis</strong></span> <span class='ocrx_word' id='word_1_298' title='bbox 2640 1264 2960 1334; x_wconf 88' lang='lat' dir='ltr'><strong>suhjacuere</strong></span> <span class='ocrx_word' id='word_1_299' title='bbox 3014 1267 3287 1335; x_wconf 87' lang='lat' dir='ltr'><strong>peccatis!</strong></span> <span class='ocrx_word' id='word_1_300' title='bbox 3360 1286 3378 1319; x_wconf 75' lang='grc' dir='ltr'><strong>ι</strong></span> <span class='ocrx_word' id='word_1_301' title='bbox 3440 1266 3650 1333; x_wconf 72' lang='lat' dir='ltr'><strong>Quibus</strong></span> 
     </span>
    </p>
   </div>
   <div class='ocr_carea' id='block_1_43' title="bbox 2075 1354 3649 1429">
    <p class='ocr_par' dir='ltr' id='par_1_43' title="bbox 2075 1354 3649 1429">
     <span class='ocr_line' id='line_1_43' title="bbox 2075 1354 3649 1429; baseline 0.003 -22"><span class='ocrx_word' id='word_1_302' title='bbox 2075 1354 2253 1409; x_wconf 78' lang='lat' dir='ltr'><strong>verbis</strong></span> <span class='ocrx_word' id='word_1_303' title='bbox 2290 1363 2547 1425; x_wconf 87' lang='lat' dir='ltr'><strong>tanquam</strong></span> <span class='ocrx_word' id='word_1_304' title='bbox 2580 1357 2812 1428; x_wconf 81' lang='lat' dir='ltr'><strong>suil‘ugio</strong></span> <span class='ocrx_word' id='word_1_305' title='bbox 2865 1360 3038 1412; x_wconf 87' lang='lat' dir='ltr'><strong>utitur</strong></span> <span class='ocrx_word' id='word_1_306' title='bbox 3082 1358 3465 1429; x_wconf 88' lang='lat' dir='ltr'><strong>Hieronymus,</strong></span> <span class='ocrx_word' id='word_1_307' title='bbox 3495 1365 3552 1411; x_wconf 93' lang='lat' dir='ltr'><strong>nt</strong></span> <span class='ocrx_word' id='word_1_308' title='bbox 3601 1357 3649 1411; x_wconf 87' lang='lat' dir='ltr'><strong>si</strong></span> 
     </span>
    </p>
   </div>
   <div class='ocr_carea' id='block_1_44' title="bbox 2076 1446 3648 1518">
    <p class='ocr_par' dir='ltr' id='par_1_44' title="bbox 2076 1446 3648 1518">
     <span class='ocr_line' id='line_1_44' title="bbox 2076 1446 3648 1518; baseline 0.004 -21"><span class='ocrx_word' id='word_1_309' title='bbox 2076 1447 2252 1498; x_wconf 88' lang='lat' dir='ltr'><strong>minus</strong></span> <span class='ocrx_word' id='word_1_310' title='bbox 2316 1446 2473 1501; x_wconf 88' lang='lat' dir='ltr'><strong>ﬁdem</strong></span> <span class='ocrx_word' id='word_1_311' title='bbox 2532 1447 2840 1518; x_wconf 79' lang='lat' dir='ltr'><strong>famamque</strong></span> <span class='ocrx_word' id='word_1_312' title='bbox 2902 1449 3082 1504; x_wconf 75' lang='lat' dir='ltr'><strong>Ruﬁni</strong></span> <span class='ocrx_word' id='word_1_313' title='bbox 3142 1450 3401 1515; x_wconf 84' lang='lat' dir='ltr'><strong>elevaret,</strong></span> <span class='ocrx_word' id='word_1_314' title='bbox 3459 1449 3648 1504; x_wconf 83' lang='lat' dir='ltr'><strong>saltem</strong></span> 
     </span>
    </p>
   </div>
   <div class='ocr_carea' id='block_1_45' title="bbox 2074 1534 3649 1611">
    <p class='ocr_par' dir='ltr' id='par_1_45' title="bbox 2074 1534 3649 1611">
     <span class='ocr_line' id='line_1_45' title="bbox 2074 1534 3649 1611; baseline 0.004 -22"><span class='ocrx_word' id='word_1_315' title='bbox 2074 1534 2342 1606; x_wconf 85' lang='lat' dir='ltr'><strong>Pamphili</strong></span> <span class='ocrx_word' id='word_1_316' title='bbox 2378 1538 2666 1609; x_wconf 84' lang='lat' dir='ltr'><strong>martyris,</strong></span> <span class='ocrx_word' id='word_1_317' title='bbox 2695 1554 2855 1609; x_wconf 91' lang='lat' dir='ltr'><strong>quem</strong></span> <span class='ocrx_word' id='word_1_318' title='bbox 2897 1541 3055 1611; x_wconf 82' lang='lat' dir='ltr'><strong>hujus</strong></span> <span class='ocrx_word' id='word_1_319' title='bbox 3078 1540 3350 1611; x_wconf 62' lang='lat' dir='ltr'><strong>Apologia:</strong></span> <span class='ocrx_word' id='word_1_320' title='bbox 3375 1549 3649 1595; x_wconf 88' lang='lat' dir='ltr'><strong>auctorem</strong></span> 
     </span>
    </p>
   </div>
   <div class='ocr_carea' id='block_1_46' title="bbox 2075 1630 3647 1699">
    <p class='ocr_par' dir='ltr' id='par_1_46' title="bbox 2075 1630 3647 1699">
     <span class='ocr_line' id='line_1_46' title="bbox 2075 1630 3647 1699; baseline 0.003 -15"><span class='ocrx_word' id='word_1_321' title='bbox 2075 1645 2182 1684; x_wconf 92' lang='lat' dir='ltr'><strong>non</strong></span> <span class='ocrx_word' id='word_1_322' title='bbox 2209 1630 2431 1684; x_wconf 92' lang='lat' dir='ltr'><strong>omnino</strong></span> <span class='ocrx_word' id='word_1_323' title='bbox 2459 1630 2673 1686; x_wconf 80' lang='lat' dir='ltr'><strong>diﬂiteri</strong></span> <span class='ocrx_word' id='word_1_324' title='bbox 2708 1633 2892 1699; x_wconf 89' lang='lat' dir='ltr'><strong>audet,</strong></span> <span class='ocrx_word' id='word_1_325' title='bbox 2933 1634 3319 1689; x_wconf 87' lang='lat' dir='ltr'><strong>auctoritatem</strong></span> <span class='ocrx_word' id='word_1_326' title='bbox 3357 1634 3647 1689; x_wconf 86' lang='lat' dir='ltr'><strong>minueret.</strong></span> 
     </span>
    </p>
   </div>
   <div class='ocr_carea' id='block_1_47' title="bbox 2076 1720 3649 1797">
    <p class='ocr_par' dir='ltr' id='par_1_47' title="bbox 2076 1720 3649 1797">
     <span class='ocr_line' id='line_1_47' title="bbox 2076 1720 3649 1797; baseline 0.002 -23"><span class='ocrx_word' id='word_1_327' title='bbox 2076 1720 2181 1775; x_wconf 87' lang='lat' dir='ltr'><strong>Sed</strong></span> <span class='ocrx_word' id='word_1_328' title='bbox 2214 1737 2279 1775; x_wconf 89' lang='lat' dir='ltr'><strong>eo</strong></span> <span class='ocrx_word' id='word_1_329' title='bbox 2315 1722 2585 1778; x_wconf 91' lang='lat' dir='ltr'><strong>inﬁrmius</strong></span> <span class='ocrx_word' id='word_1_330' title='bbox 2617 1724 2736 1794; x_wconf 85' lang='lat' dir='ltr'><strong>ejus</strong></span> <span class='ocrx_word' id='word_1_331' title='bbox 2771 1735 2852 1779; x_wconf 91' lang='lat' dir='ltr'><strong>est</strong></span> <span class='ocrx_word' id='word_1_332' title='bbox 2887 1736 3289 1797; x_wconf 72' lang='lat' dir='ltr'><strong>argumentum,</strong></span> <span class='ocrx_word' id='word_1_333' title='bbox 3340 1727 3484 1795; x_wconf 87' lang='lat' dir='ltr'><strong>quod</strong></span> <span class='ocrx_word' id='word_1_334' title='bbox 3540 1734 3649 1779; x_wconf 90' lang='lat' dir='ltr'><strong>tor-</strong></span> 
     </span>
    </p>
   </div>
   <div class='ocr_carea' id='block_1_48' title="bbox 2076 1814 3648 1886">
    <p class='ocr_par' dir='ltr' id='par_1_48' title="bbox 2076 1814 3648 1886">
     <span class='ocr_line' id='line_1_48' title="bbox 2076 1814 3648 1886; baseline 0.003 -19"><span class='ocrx_word' id='word_1_335' title='bbox 2076 1824 2257 1869; x_wconf 84' lang='lat' dir='ltr'><strong>menta</strong></span> <span class='ocrx_word' id='word_1_336' title='bbox 2287 1814 2515 1883; x_wconf 86' lang='lat' dir='ltr'><strong>plurima</strong></span> <span class='ocrx_word' id='word_1_337' title='bbox 2548 1817 2697 1884; x_wconf 88' lang='lat' dir='ltr'><strong>prius</strong></span> <span class='ocrx_word' id='word_1_338' title='bbox 2727 1831 2920 1885; x_wconf 89' lang='lat' dir='ltr'><strong>passus</strong></span> <span class='ocrx_word' id='word_1_339' title='bbox 2947 1827 3088 1873; x_wconf 90' lang='lat' dir='ltr'><strong>esset</strong></span> <span class='ocrx_word' id='word_1_340' title='bbox 3120 1817 3455 1886; x_wconf 87' lang='lat' dir='ltr'><strong>Pamphilus,</strong></span> <span class='ocrx_word' id='word_1_341' title='bbox 3488 1826 3648 1886; x_wconf 85' lang='lat' dir='ltr'><strong>quam</strong></span> 
     </span>
    </p>
   </div>
   <div class='ocr_carea' id='block_1_49' title="bbox 2075 1907 3649 1981">
    <p class='ocr_par' dir='ltr' id='par_1_49' title="bbox 2075 1907 3649 1981">
     <span class='ocr_line' id='line_1_49' title="bbox 2075 1907 3649 1981; baseline 0.003 -20"><span class='ocrx_word' id='word_1_342' title='bbox 2075 1907 2377 1973; x_wconf 89' lang='lat' dir='ltr'><strong>scriberet;</strong></span> <span class='ocrx_word' id='word_1_343' title='bbox 2412 1908 2655 1976; x_wconf 87' lang='lat' dir='ltr'><strong>adeoque</strong></span> <span class='ocrx_word' id='word_1_344' title='bbox 2692 1907 2805 1976; x_wconf 89' lang='lat' dir='ltr'><strong>jam</strong></span> <span class='ocrx_word' id='word_1_345' title='bbox 2838 1920 2966 1965; x_wconf 89' lang='lat' dir='ltr'><strong>tunc</strong></span> <span class='ocrx_word' id='word_1_346' title='bbox 2993 1925 3121 1965; x_wconf 88' lang='lat' dir='ltr'><strong>vere</strong></span> <span class='ocrx_word' id='word_1_347' title='bbox 3151 1920 3271 1965; x_wconf 90' lang='lat' dir='ltr'><strong>erat</strong></span> <span class='ocrx_word' id='word_1_348' title='bbox 3301 1919 3531 1981; x_wconf 87' lang='lat' dir='ltr'><strong>martyr,</strong></span> <span class='ocrx_word' id='word_1_349' title='bbox 3559 1925 3649 1966; x_wconf 86' lang='lat' dir='ltr'><strong>se-</strong></span> 
     </span>
    </p>
   </div>
   <div class='ocr_carea' id='block_1_50' title="bbox 2076 1997 3646 2073">
    <p class='ocr_par' dir='ltr' id='par_1_50' title="bbox 2076 1997 3646 2073">
     <span class='ocr_line' id='line_1_50' title="bbox 2076 1997 3646 2073; baseline 0.004 -22"><span class='ocrx_word' id='word_1_350' title='bbox 2076 1997 2309 2073; x_wconf 88' lang='lat' dir='ltr'><strong>cundum</strong></span> <span class='ocrx_word' id='word_1_351' title='bbox 2341 1997 2616 2069; x_wconf 84' lang='lat' dir='ltr'><strong>vulgarem</strong></span> <span class='ocrx_word' id='word_1_352' title='bbox 2647 1999 2762 2069; x_wconf 83' lang='lat' dir='ltr'><strong>ejus</strong></span> <span class='ocrx_word' id='word_1_353' title='bbox 2794 2002 3051 2070; x_wconf 87' lang='lat' dir='ltr'><strong>temporis</strong></span> <span class='ocrx_word' id='word_1_354' title='bbox 3096 2002 3349 2071; x_wconf 89' lang='lat' dir='ltr'><strong>loquendi</strong></span> <span class='ocrx_word' id='word_1_355' title='bbox 3404 2004 3646 2059; x_wconf 79' lang='lat' dir='ltr'><strong>modum.</strong></span> 
     </span>
    </p>
   </div>
   <div class='ocr_carea' id='block_1_51' title="bbox 2073 2086 3646 2162">
    <p class='ocr_par' dir='ltr' id='par_1_51' title="bbox 2073 2086 3646 2162">
     <span class='ocr_line' id='line_1_51' title="bbox 2073 2086 3646 2162; baseline 0.005 -21"><span class='ocrx_word' id='word_1_356' title='bbox 2073 2086 2405 2161; x_wconf 80' lang='lat' dir='ltr'><strong>Hieronymo</strong></span> <span class='ocrx_word' id='word_1_357' title='bbox 2471 2100 2649 2145; x_wconf 89' lang='lat' dir='ltr'><strong>autem</strong></span> <span class='ocrx_word' id='word_1_358' title='bbox 2707 2092 2785 2147; x_wconf 92' lang='lat' dir='ltr'><strong>sic</strong></span> <span class='ocrx_word' id='word_1_359' title='bbox 2840 2095 3131 2162; x_wconf 86' lang='lat' dir='ltr'><strong>respondet</strong></span> <span class='ocrx_word' id='word_1_360' title='bbox 3186 2094 3414 2150; x_wconf 82' lang='lat' dir='ltr'><strong>Ruﬁnus</strong></span> <span class='ocrx_word' id='word_1_361' title='bbox 3449 2093 3646 2151; x_wconf 83' lang='lat' dir='ltr'><strong>Invect.</strong></span> 
     </span>
    </p>
   </div>
   <div class='ocr_carea' id='block_1_52' title="bbox 2074 2179 3646 2258">
    <p class='ocr_par' dir='ltr' id='par_1_52' title="bbox 2074 2179 3646 2258">
     <span class='ocr_line' id='line_1_52' title="bbox 2074 2179 3646 2258; baseline 0.003 -22"><span class='ocrx_word' id='word_1_362' title='bbox 2074 2179 2166 2236; x_wconf 90' lang='lat' dir='ltr'><strong>lib.</strong></span> <span class='ocrx_word' id='word_1_363' title='bbox 2199 2197 2238 2235; x_wconf 87' lang='grc' dir='ltr'><strong>ιι</strong></span> <span class='ocrx_word' id='word_1_364' title='bbox 2266 2199 2280 2234; x_wconf 88' lang='lat'><strong>:</strong></span> <span class='ocrx_word' id='word_1_365' title='bbox 2308 2198 2328 2233; x_wconf 80' lang='grc' dir='ltr'><strong>ι</strong></span> <span class='ocrx_word' id='word_1_366' title='bbox 2366 2180 2423 2236; x_wconf 91' lang='lat' dir='ltr'><strong>Si</strong></span> <span class='ocrx_word' id='word_1_367' title='bbox 2454 2179 2508 2236; x_wconf 88' lang='lat' dir='ltr'><strong>in</strong></span> <span class='ocrx_word' id='word_1_368' title='bbox 2547 2192 2755 2237; x_wconf 87' lang='lat' dir='ltr'><strong>tantum</strong></span> <span class='ocrx_word' id='word_1_369' title='bbox 2784 2183 3002 2239; x_wconf 75' lang='lat' dir='ltr'><strong>volebas</strong></span> <span class='ocrx_word' id='word_1_370' title='bbox 3032 2185 3326 2250; x_wconf 90' lang='lat' dir='ltr'><strong>audere,ut</strong></span> <span class='ocrx_word' id='word_1_371' title='bbox 3353 2196 3646 2258; x_wconf 87' lang='lat' dir='ltr'><strong>martyrem</strong></span> 
     </span>
    </p>
   </div>
   <div class='ocr_carea' id='block_1_53' title="bbox 2072 2273 3648 2344">
    <p class='ocr_par' dir='ltr' id='par_1_53' title="bbox 2072 2273 3648 2344">
     <span class='ocr_line' id='line_1_53' title="bbox 2072 2273 3648 2344; baseline 0.004 -17"><span class='ocrx_word' id='word_1_372' title='bbox 2072 2273 2526 2343; x_wconf 87' lang='lat' dir='ltr'><strong>reprehenderes,</strong></span> <span class='ocrx_word' id='word_1_373' title='bbox 2562 2274 2704 2329; x_wconf 91' lang='lat' dir='ltr'><strong>dicta</strong></span> <span class='ocrx_word' id='word_1_374' title='bbox 2746 2275 2885 2344; x_wconf 87' lang='lat' dir='ltr'><strong>ipsa,</strong></span> <span class='ocrx_word' id='word_1_375' title='bbox 2921 2289 3041 2342; x_wconf 62' lang='lat' dir='ltr'><strong>qua:</strong></span> <span class='ocrx_word' id='word_1_376' title='bbox 3072 2276 3167 2331; x_wconf 86' lang='lat' dir='ltr'><strong>tibi</strong></span> <span class='ocrx_word' id='word_1_377' title='bbox 3205 2277 3528 2333; x_wconf 88' lang='lat' dir='ltr'><strong>videbantur</strong></span> <span class='ocrx_word' id='word_1_378' title='bbox 3559 2292 3648 2333; x_wconf 90' lang='lat' dir='ltr'><strong>re-</strong></span> 
     </span>
    </p>
   </div>
   <div class='ocr_carea' id='block_1_54' title="bbox 2070 2361 3651 2432">
    <p class='ocr_par' dir='ltr' id='par_1_54' title="bbox 2070 2361 3651 2432">
     <span class='ocr_line' id='line_1_54' title="bbox 2070 2361 3651 2432; baseline 0.003 -17"><span class='ocrx_word' id='word_1_379' title='bbox 2070 2361 2478 2431; x_wconf 87' lang='lat' dir='ltr'><strong>prehensibilia,</strong></span> <span class='ocrx_word' id='word_1_380' title='bbox 2507 2363 2561 2417; x_wconf 89' lang='lat' dir='ltr'><strong>in</strong></span> <span class='ocrx_word' id='word_1_381' title='bbox 2588 2362 2823 2418; x_wconf 91' lang='lat' dir='ltr'><strong>medium</strong></span> <span class='ocrx_word' id='word_1_382' title='bbox 2862 2362 3101 2432; x_wconf 85' lang='lat' dir='ltr'><strong>proferre</strong></span> <span class='ocrx_word' id='word_1_383' title='bbox 3119 2364 3410 2430; x_wconf 88' lang='lat' dir='ltr'><strong>debueras;</strong></span> <span class='ocrx_word' id='word_1_384' title='bbox 3440 2373 3493 2421; x_wconf 90' lang='lat' dir='ltr'><strong>et</strong></span> <span class='ocrx_word' id='word_1_385' title='bbox 3523 2375 3651 2420; x_wconf 88' lang='lat' dir='ltr'><strong>tunc</strong></span> 
     </span>
    </p>
   </div>
   <div class='ocr_carea' id='block_1_55' title="bbox 2073 2452 3646 2523">
    <p class='ocr_par' dir='ltr' id='par_1_55' title="bbox 2073 2452 3646 2523">
     <span class='ocr_line' id='line_1_55' title="bbox 2073 2452 3646 2523; baseline 0.004 -19"><span class='ocrx_word' id='word_1_386' title='bbox 2073 2452 2451 2522; x_wconf 89' lang='lat' dir='ltr'><strong>unusquisque</strong></span> <span class='ocrx_word' id='word_1_387' title='bbox 2481 2452 2773 2522; x_wconf 84' lang='lat' dir='ltr'><strong>legentium</strong></span> <span class='ocrx_word' id='word_1_388' title='bbox 2789 2454 3009 2508; x_wconf 88' lang='lat' dir='ltr'><strong>vidisset</strong></span> <span class='ocrx_word' id='word_1_389' title='bbox 3032 2454 3162 2523; x_wconf 87' lang='lat' dir='ltr'><strong>quid</strong></span> <span class='ocrx_word' id='word_1_390' title='bbox 3190 2454 3260 2509; x_wconf 92' lang='lat' dir='ltr'><strong>ibi</strong></span> <span class='ocrx_word' id='word_1_391' title='bbox 3285 2463 3430 2511; x_wconf 88' lang='lat' dir='ltr'><strong>esset</strong></span> <span class='ocrx_word' id='word_1_392' title='bbox 3457 2455 3646 2511; x_wconf 84' lang='lat' dir='ltr'><strong>absur-</strong></span> 
     </span>
    </p>
   </div>
   <div class='ocr_carea' id='block_1_56' title="bbox 2071 2542 3649 2613">
    <p class='ocr_par' dir='ltr' id='par_1_56' title="bbox 2071 2542 3649 2613">
     <span class='ocr_line' id='line_1_56' title="bbox 2071 2542 3649 2613; baseline 0.004 -18"><span class='ocrx_word' id='word_1_393' title='bbox 2071 2542 2220 2604; x_wconf 91' lang='lat' dir='ltr'><strong>dum,</strong></span> <span class='ocrx_word' id='word_1_394' title='bbox 2276 2542 2406 2612; x_wconf 91' lang='lat' dir='ltr'><strong>quid</strong></span> <span class='ocrx_word' id='word_1_395' title='bbox 2461 2556 2829 2612; x_wconf 89' lang='lat' dir='ltr'><strong>consequens,</strong></span> <span class='ocrx_word' id='word_1_396' title='bbox 2865 2542 2994 2612; x_wconf 88' lang='lat' dir='ltr'><strong>quid</strong></span> <span class='ocrx_word' id='word_1_397' title='bbox 3034 2542 3308 2613; x_wconf 87' lang='lat' dir='ltr'><strong>iniquum,</strong></span> <span class='ocrx_word' id='word_1_398' title='bbox 3342 2544 3470 2613; x_wconf 80' lang='lat' dir='ltr'><strong>quid</strong></span> <span class='ocrx_word' id='word_1_399' title='bbox 3500 2553 3649 2601; x_wconf 74' lang='lat' dir='ltr'><strong>certe</strong></span> 
     </span>
    </p>
   </div>
   <div class='ocr_carea' id='block_1_57' title="bbox 2069 2633 3646 2707">
    <p class='ocr_par' dir='ltr' id='par_1_57' title="bbox 2069 2633 3646 2707">
     <span class='ocr_line' id='line_1_57' title="bbox 2069 2633 3646 2707; baseline 0.001 -18"><span class='ocrx_word' id='word_1_400' title='bbox 2069 2642 2257 2689; x_wconf 85' lang='lat' dir='ltr'><strong>contra</strong></span> <span class='ocrx_word' id='word_1_401' title='bbox 2293 2633 2620 2702; x_wconf 88' lang='lat' dir='ltr'><strong>apostolicas</strong></span> <span class='ocrx_word' id='word_1_402' title='bbox 2652 2634 2864 2705; x_wconf 89' lang='lat' dir='ltr'><strong>regulas</strong></span> <span class='ocrx_word' id='word_1_403' title='bbox 2893 2651 2907 2689; x_wconf 88' lang='lat'><strong>:</strong></span> <span class='ocrx_word' id='word_1_404' title='bbox 2937 2635 3032 2691; x_wconf 88' lang='lat' dir='ltr'><strong>sed</strong></span> <span class='ocrx_word' id='word_1_405' title='bbox 3060 2642 3268 2690; x_wconf 89' lang='lat' dir='ltr'><strong>tantum</strong></span> <span class='ocrx_word' id='word_1_406' title='bbox 3304 2636 3490 2691; x_wconf 88' lang='lat' dir='ltr'><strong>nescio</strong></span> <span class='ocrx_word' id='word_1_407' title='bbox 3519 2638 3646 2707; x_wconf 89' lang='lat' dir='ltr'><strong>quid</strong></span> 
     </span>
    </p>
   </div>
   <div class='ocr_carea' id='block_1_58' title="bbox 2071 2725 3646 2798">
    <p class='ocr_par' dir='ltr' id='par_1_58' title="bbox 2071 2725 3646 2798">
     <span class='ocr_line' id='line_1_58' title="bbox 2071 2725 3646 2798; baseline 0.002 -19"><span class='ocrx_word' id='word_1_408' title='bbox 2071 2725 2388 2795; x_wconf 86' lang='lat' dir='ltr'><strong>impietatis,</strong></span> <span class='ocrx_word' id='word_1_409' title='bbox 2423 2742 2521 2797; x_wconf 90' lang='lat' dir='ltr'><strong>pro</strong></span> <span class='ocrx_word' id='word_1_410' title='bbox 2563 2742 2694 2798; x_wconf 88' lang='lat' dir='ltr'><strong>quo,</strong></span> <span class='ocrx_word' id='word_1_411' title='bbox 2725 2726 2966 2791; x_wconf 88' lang='lat' dir='ltr'><strong>utdieis,</strong></span> <span class='ocrx_word' id='word_1_412' title='bbox 3016 2728 3289 2797; x_wconf 77' lang='lat' dir='ltr'><strong>expianda</strong></span> <span class='ocrx_word' id='word_1_413' title='bbox 3330 2730 3646 2798; x_wconf 85' lang='lat' dir='ltr'><strong>sanguinem</strong></span> 
     </span>
    </p>
   </div>
   <div class='ocr_carea' id='block_1_59' title="bbox 2071 2818 3645 2892">
    <p class='ocr_par' dir='ltr' id='par_1_59' title="bbox 2071 2818 3645 2892">
     <span class='ocr_line' id='line_1_59' title="bbox 2071 2818 3645 2892; baseline -0.001 -17"><span class='ocrx_word' id='word_1_414' title='bbox 2071 2836 2227 2875; x_wconf 87' lang='lat' dir='ltr'><strong>suum</strong></span> <span class='ocrx_word' id='word_1_415' title='bbox 2260 2818 2462 2875; x_wconf 87' lang='lat' dir='ltr'><strong>fuderit</strong></span> <span class='ocrx_word' id='word_1_416' title='bbox 2490 2831 2721 2891; x_wconf 90' lang='lat' dir='ltr'><strong>martyr.</strong></span> <span class='ocrx_word' id='word_1_417' title='bbox 2746 2819 2860 2890; x_wconf 90' lang='lat' dir='ltr'><strong>Ipsa</strong></span> <span class='ocrx_word' id='word_1_418' title='bbox 2894 2819 2984 2874; x_wconf 89' lang='lat' dir='ltr'><strong>illa</strong></span> <span class='ocrx_word' id='word_1_419' title='bbox 3020 2821 3182 2876; x_wconf 87' lang='lat' dir='ltr'><strong>verba</strong></span> <span class='ocrx_word' id='word_1_420' title='bbox 3222 2821 3267 2877; x_wconf 89' lang='lat' dir='ltr'><strong>si</strong></span> <span class='ocrx_word' id='word_1_421' title='bbox 3301 2819 3645 2892; x_wconf 87' lang='lat' dir='ltr'><strong>iegeret,jam</strong></span> 
     </span>
    </p>
   </div>
   <div class='ocr_carea' id='block_1_60' title="bbox 2071 2911 3641 2983">
    <p class='ocr_par' dir='ltr' id='par_1_60' title="bbox 2071 2911 3641 2983">
     <span class='ocr_line' id='line_1_60' title="bbox 2071 2911 3641 2983; baseline 0.001 -18"><span class='ocrx_word' id='word_1_422' title='bbox 2071 2926 2177 2965; x_wconf 88' lang='lat' dir='ltr'><strong>non</strong></span> <span class='ocrx_word' id='word_1_423' title='bbox 2206 2918 2320 2976; x_wconf 88' lang='lat' dir='ltr'><strong>tua,</strong></span> <span class='ocrx_word' id='word_1_424' title='bbox 2347 2911 2443 2967; x_wconf 91' lang='lat' dir='ltr'><strong>sed</strong></span> <span class='ocrx_word' id='word_1_425' title='bbox 2475 2926 2571 2966; x_wconf 89' lang='lat' dir='ltr'><strong>sua</strong></span> <span class='ocrx_word' id='word_1_426' title='bbox 2619 2912 2919 2977; x_wconf 85' lang='lat' dir='ltr'><strong>sententia,</strong></span> <span class='ocrx_word' id='word_1_427' title='bbox 2946 2921 3038 2965; x_wconf 91' lang='lat' dir='ltr'><strong>aut</strong></span> <span class='ocrx_word' id='word_1_428' title='bbox 3072 2926 3290 2967; x_wconf 84' lang='lat' dir='ltr'><strong>errasse</strong></span> <span class='ocrx_word' id='word_1_429' title='bbox 3322 2922 3641 2983; x_wconf 79' lang='lat' dir='ltr'><strong>martyrem,</strong></span> 
     </span>
    </p>
   </div>
   <div class='ocr_carea' id='block_1_61' title="bbox 2072 2998 3644 3071">
    <p class='ocr_par' dir='ltr' id='par_1_61' title="bbox 2072 2998 3644 3071">
     <span class='ocr_line' id='line_1_61' title="bbox 2072 2998 3644 3071; baseline 0.001 -17"><span class='ocrx_word' id='word_1_430' title='bbox 2072 3008 2168 3054; x_wconf 82' lang='lat' dir='ltr'><strong>aut</strong></span> <span class='ocrx_word' id='word_1_431' title='bbox 2202 2998 2423 3056; x_wconf 90' lang='lat' dir='ltr'><strong>nomine</strong></span> <span class='ocrx_word' id='word_1_432' title='bbox 2447 3001 2706 3071; x_wconf 89' lang='lat' dir='ltr'><strong>martyris</strong></span> <span class='ocrx_word' id='word_1_433' title='bbox 2725 3001 3017 3055; x_wconf 88' lang='lat' dir='ltr'><strong>absurdam</strong></span> <span class='ocrx_word' id='word_1_434' title='bbox 3046 3013 3102 3056; x_wconf 90' lang='lat' dir='ltr'><strong>et</strong></span> <span class='ocrx_word' id='word_1_435' title='bbox 3135 3001 3355 3068; x_wconf 88' lang='lat' dir='ltr'><strong>impiam</strong></span> <span class='ocrx_word' id='word_1_436' title='bbox 3400 3000 3644 3057; x_wconf 86' lang='lat' dir='ltr'><strong>conscri-</strong></span> 
     </span>
    </p>
   </div>
   <div class='ocr_carea' id='block_1_62' title="bbox 392 3089 3647 3189">
    <p class='ocr_par' dir='ltr' id='par_1_62' title="bbox 392 3089 3647 3189">
     <span class='ocr_line' id='line_1_62' title="bbox 392 3089 3647 3189; baseline 0.002 -46"><span class='ocrx_word' id='word_1_437' title='bbox 392 3103 513 3144; x_wconf 91' lang='lat' dir='ltr'><strong>nem</strong></span> <span class='ocrx_word' id='word_1_438' title='bbox 544 3098 705 3145; x_wconf 90' lang='lat' dir='ltr'><strong>natus</strong></span> <span class='ocrx_word' id='word_1_439' title='bbox 729 3091 801 3144; x_wconf 88' lang='lat' dir='ltr'><strong>sit</strong></span> <span class='ocrx_word' id='word_1_440' title='bbox 827 3089 996 3145; x_wconf 87' lang='lat' dir='ltr'><strong>Filius</strong></span> <span class='ocrx_word' id='word_1_441' title='bbox 1025 3108 1039 3144; x_wconf 92' lang='lat'><strong>:</strong></span> <span class='ocrx_word' id='word_1_442' title='bbox 1064 3089 1206 3159; x_wconf 92' lang='lat' dir='ltr'><strong>quod</strong></span> <span class='ocrx_word' id='word_1_443' title='bbox 1226 3089 1602 3159; x_wconf 89' lang='lat' dir='ltr'><strong>inseparabilis</strong></span> <span class='ocrx_word' id='word_1_444' title='bbox 1627 3090 1698 3144; x_wconf 93' lang='lat' dir='ltr'><strong>sit</strong></span> <span class='ocrx_word' id='word_1_445' title='bbox 1723 3090 1964 3148; x_wconf 85' lang='lat' dir='ltr'><strong>aPatre:</strong></span> <span class='ocrx_word' id='word_1_446' title='bbox 1993 3132 2037 3189; x_wconf 58' lang='grc' dir='ltr'><strong>ο</strong></span> <span class='ocrx_word' id='word_1_447' title='bbox 2074 3094 2317 3163; x_wconf 89' lang='lat' dir='ltr'><strong>ptionem</strong></span> <span class='ocrx_word' id='word_1_448' title='bbox 2362 3093 2429 3149; x_wconf 90' lang='lat' dir='ltr'><strong>ab</strong></span> <span class='ocrx_word' id='word_1_449' title='bbox 2483 3092 2591 3147; x_wconf 88' lang='lat' dir='ltr'><strong>alio</strong></span> <span class='ocrx_word' id='word_1_450' title='bbox 2645 3093 2853 3148; x_wconf 84' lang='lat' dir='ltr'><strong>diceret</strong></span> <span class='ocrx_word' id='word_1_451' title='bbox 2897 3109 3018 3149; x_wconf 90' lang='lat' dir='ltr'><strong>esse</strong></span> <span class='ocrx_word' id='word_1_452' title='bbox 3046 3092 3427 3163; x_wconf 75' lang='lat' dir='ltr'><strong>compositam.</strong></span> <span class='ocrx_word' id='word_1_453' title='bbox 3493 3092 3647 3148; x_wconf 80' lang='lat' dir='ltr'><strong>Nunc</strong></span> 
     </span>
    </p>
   </div>
   <div class='ocr_carea' id='block_1_63' title="bbox 390 3181 1970 3250">
    <p class='ocr_par' dir='ltr' id='par_1_63' title="bbox 390 3181 1970 3250">
     <span class='ocr_line' id='line_1_63' title="bbox 390 3181 1970 3250; baseline 0.003 -15"><span class='ocrx_word' id='word_1_454' title='bbox 390 3183 534 3250; x_wconf 91' lang='lat' dir='ltr'><strong>quod</strong></span> <span class='ocrx_word' id='word_1_455' title='bbox 568 3183 759 3237; x_wconf 88' lang='lat' dir='ltr'><strong>eadem</strong></span> <span class='ocrx_word' id='word_1_456' title='bbox 790 3183 862 3236; x_wconf 89' lang='lat' dir='ltr'><strong>sit</strong></span> <span class='ocrx_word' id='word_1_457' title='bbox 893 3181 1383 3237; x_wconf 87' lang='lat' dir='ltr'><strong>inconvertibilitas</strong></span> <span class='ocrx_word' id='word_1_458' title='bbox 1408 3181 1608 3248; x_wconf 86' lang='lat' dir='ltr'><strong>Patris,</strong></span> <span class='ocrx_word' id='word_1_459' title='bbox 1638 3194 1694 3239; x_wconf 90' lang='lat' dir='ltr'><strong>et</strong></span> <span class='ocrx_word' id='word_1_460' title='bbox 1738 3182 1880 3249; x_wconf 87' lang='lat' dir='ltr'><strong>Filii,</strong></span> <span class='ocrx_word' id='word_1_461' title='bbox 1916 3196 1970 3239; x_wconf 91' lang='lat' dir='ltr'><strong>et</strong></span> 
     </span>
    </p>
   </div>
   <div class='ocr_carea' id='block_1_64' title="bbox 390 3272 1969 3344">
    <p class='ocr_par' dir='ltr' id='par_1_64' title="bbox 390 3272 1969 3344">
     <span class='ocr_line' id='line_1_64' title="bbox 390 3272 1969 3344; baseline 0.001 -17"><span class='ocrx_word' id='word_1_462' title='bbox 390 3272 628 3343; x_wconf 89' lang='lat' dir='ltr'><strong>Spiritus</strong></span> <span class='ocrx_word' id='word_1_463' title='bbox 666 3274 839 3329; x_wconf 85' lang='lat' dir='ltr'><strong>sancti</strong></span> <span class='ocrx_word' id='word_1_464' title='bbox 877 3293 891 3329; x_wconf 92' lang='lat'><strong>:</strong></span> <span class='ocrx_word' id='word_1_465' title='bbox 928 3275 1070 3344; x_wconf 89' lang='lat' dir='ltr'><strong>quod</strong></span> <span class='ocrx_word' id='word_1_466' title='bbox 1103 3274 1244 3330; x_wconf 90' lang='lat' dir='ltr'><strong>sicut</strong></span> <span class='ocrx_word' id='word_1_467' title='bbox 1276 3273 1439 3328; x_wconf 89' lang='lat' dir='ltr'><strong>Pater</strong></span> <span class='ocrx_word' id='word_1_468' title='bbox 1469 3274 1620 3328; x_wconf 88' lang='lat' dir='ltr'><strong>novit</strong></span> <span class='ocrx_word' id='word_1_469' title='bbox 1668 3275 1819 3329; x_wconf 90' lang='lat' dir='ltr'><strong>initia</strong></span> <span class='ocrx_word' id='word_1_470' title='bbox 1853 3291 1969 3329; x_wconf 88' lang='lat' dir='ltr'><strong>om-</strong></span> 
     </span>
    </p>
   </div>
   <div class='ocr_carea' id='block_1_65' title="bbox 393 3366 1965 3434">
    <p class='ocr_par' dir='ltr' id='par_1_65' title="bbox 393 3366 1965 3434">
     <span class='ocr_line' id='line_1_65' title="bbox 393 3366 1965 3434; baseline 0.001 -13"><span class='ocrx_word' id='word_1_471' title='bbox 393 3366 544 3421; x_wconf 92' lang='lat' dir='ltr'><strong>nium</strong></span> <span class='ocrx_word' id='word_1_472' title='bbox 581 3376 635 3423; x_wconf 91' lang='lat' dir='ltr'><strong>et</strong></span> <span class='ocrx_word' id='word_1_473' title='bbox 672 3368 830 3433; x_wconf 88' lang='lat' dir='ltr'><strong>ﬁnes,</strong></span> <span class='ocrx_word' id='word_1_474' title='bbox 862 3367 942 3423; x_wconf 90' lang='lat' dir='ltr'><strong>sic</strong></span> <span class='ocrx_word' id='word_1_475' title='bbox 964 3377 1018 3421; x_wconf 90' lang='lat' dir='ltr'><strong>et</strong></span> <span class='ocrx_word' id='word_1_476' title='bbox 1044 3367 1237 3432; x_wconf 88' lang='lat' dir='ltr'><strong>Filius,</strong></span> <span class='ocrx_word' id='word_1_477' title='bbox 1266 3367 1346 3423; x_wconf 91' lang='lat' dir='ltr'><strong>sic</strong></span> <span class='ocrx_word' id='word_1_478' title='bbox 1365 3376 1421 3421; x_wconf 87' lang='lat' dir='ltr'><strong>et</strong></span> <span class='ocrx_word' id='word_1_479' title='bbox 1447 3366 1683 3434; x_wconf 87' lang='lat' dir='ltr'><strong>Spiritus</strong></span> <span class='ocrx_word' id='word_1_480' title='bbox 1714 3378 1965 3423; x_wconf 89' lang='lat' dir='ltr'><strong>sanctus:</strong></span> 
     </span>
    </p>
   </div>
   <div class='ocr_carea' id='block_1_66' title="bbox 390 3458 1967 3530">
    <p class='ocr_par' dir='ltr' id='par_1_66' title="bbox 390 3458 1967 3530">
     <span class='ocr_line' id='line_1_66' title="bbox 390 3458 1967 3530; baseline 0.001 -16"><span class='ocrx_word' id='word_1_481' title='bbox 390 3462 533 3530; x_wconf 85' lang='lat' dir='ltr'><strong>quod</strong></span> <span class='ocrx_word' id='word_1_482' title='bbox 556 3476 622 3517; x_wconf 79' lang='lat' dir='ltr'><strong>ex</strong></span> <span class='ocrx_word' id='word_1_483' title='bbox 654 3460 765 3515; x_wconf 89' lang='lat' dir='ltr'><strong>Deo</strong></span> <span class='ocrx_word' id='word_1_484' title='bbox 791 3459 951 3513; x_wconf 88' lang='lat' dir='ltr'><strong>Patre</strong></span> <span class='ocrx_word' id='word_1_485' title='bbox 984 3469 1140 3514; x_wconf 89' lang='lat' dir='ltr'><strong>natus</strong></span> <span class='ocrx_word' id='word_1_486' title='bbox 1162 3461 1231 3513; x_wconf 92' lang='lat' dir='ltr'><strong>sit</strong></span> <span class='ocrx_word' id='word_1_487' title='bbox 1258 3458 1452 3525; x_wconf 87' lang='lat' dir='ltr'><strong>Filius,</strong></span> <span class='ocrx_word' id='word_1_488' title='bbox 1479 3474 1545 3512; x_wconf 89' lang='lat' dir='ltr'><strong>ac</strong></span> <span class='ocrx_word' id='word_1_489' title='bbox 1565 3460 1725 3516; x_wconf 89' lang='lat' dir='ltr'><strong>unius</strong></span> <span class='ocrx_word' id='word_1_490' title='bbox 1748 3469 1801 3514; x_wconf 93' lang='lat' dir='ltr'><strong>et</strong></span> <span class='ocrx_word' id='word_1_491' title='bbox 1820 3459 1967 3528; x_wconf 87' lang='lat' dir='ltr'><strong>ejus-</strong></span> 
     </span>
    </p>
   </div>
   <div class='ocr_carea' id='block_1_67' title="bbox 391 3552 1959 3618">
    <p class='ocr_par' dir='ltr' id='par_1_67' title="bbox 391 3552 1959 3618">
     <span class='ocr_line' id='line_1_67' title="bbox 391 3552 1959 3618; baseline 0 -9"><span class='ocrx_word' id='word_1_492' title='bbox 391 3556 510 3609; x_wconf 87' lang='lat' dir='ltr'><strong>dem</strong></span> <span class='ocrx_word' id='word_1_493' title='bbox 543 3568 667 3608; x_wconf 91' lang='lat' dir='ltr'><strong>cum</strong></span> <span class='ocrx_word' id='word_1_494' title='bbox 716 3552 878 3608; x_wconf 89' lang='lat' dir='ltr'><strong>Patre</strong></span> <span class='ocrx_word' id='word_1_495' title='bbox 927 3553 1281 3618; x_wconf 74' lang='lat' dir='ltr'><strong>substantize;</strong></span> <span class='ocrx_word' id='word_1_496' title='bbox 1339 3552 1553 3608; x_wconf 89' lang='lat' dir='ltr'><strong>alienus</strong></span> <span class='ocrx_word' id='word_1_497' title='bbox 1600 3568 1727 3607; x_wconf 84' lang='lat' dir='ltr'><strong>vero</strong></span> <span class='ocrx_word' id='word_1_498' title='bbox 1780 3570 1809 3607; x_wconf 89' lang='lat' dir='ltr'><strong>a</strong></span> <span class='ocrx_word' id='word_1_499' title='bbox 1840 3555 1959 3609; x_wconf 80' lang='lat' dir='ltr'><strong>sub-</strong></span> 
     </span>
    </p>
   </div>
   <div class='ocr_carea' id='block_1_68' title="bbox 348 3646 1967 3720">
    <p class='ocr_par' dir='ltr' id='par_1_68' title="bbox 348 3646 1967 3720">
     <span class='ocr_line' id='line_1_68' title="bbox 348 3646 1967 3720; baseline 0 -18"><span class='ocrx_word' id='word_1_500' title='bbox 348 3712 355 3720; x_wconf 35' lang='grc' dir='ltr'>η</span> <span class='ocrx_word' id='word_1_501' title='bbox 390 3648 605 3703; x_wconf 71' lang='lat' dir='ltr'><strong>stantiis</strong></span> <span class='ocrx_word' id='word_1_502' title='bbox 644 3657 1046 3711; x_wconf 77' lang='lat' dir='ltr'><strong>creaturarum,</strong></span> <span class='ocrx_word' id='word_1_503' title='bbox 1094 3666 1111 3699; x_wconf 77' lang='grc' dir='ltr'><strong>ι</strong></span> <span class='ocrx_word' id='word_1_504' title='bbox 1151 3657 1283 3712; x_wconf 91' lang='lat' dir='ltr'><strong>etc.,</strong></span> <span class='ocrx_word' id='word_1_505' title='bbox 1317 3662 1440 3715; x_wconf 72' lang='lat' dir='ltr'><strong>quae</strong></span> <span class='ocrx_word' id='word_1_506' title='bbox 1478 3661 1510 3701; x_wconf 92' lang='lat' dir='ltr'><strong>e</strong></span> <span class='ocrx_word' id='word_1_507' title='bbox 1540 3647 1811 3702; x_wconf 90' lang='lat' dir='ltr'><strong>diametro</strong></span> <span class='ocrx_word' id='word_1_508' title='bbox 1855 3646 1967 3702; x_wconf 70' lang='lat' dir='ltr'><strong>ha:-</strong></span> 
     </span>
    </p>
   </div>
   <div class='ocr_carea' id='block_1_69' title="bbox 394 3736 1970 3807">
    <p class='ocr_par' dir='ltr' id='par_1_69' title="bbox 394 3736 1970 3807">
     <span class='ocr_line' id='line_1_69' title="bbox 394 3736 1970 3807; baseline -0.001 -15"><span class='ocrx_word' id='word_1_509' title='bbox 394 3738 498 3793; x_wconf 91' lang='lat' dir='ltr'><strong>resi</strong></span> <span class='ocrx_word' id='word_1_510' title='bbox 554 3738 774 3793; x_wconf 72' lang='lat' dir='ltr'><strong>Arianze</strong></span> <span class='ocrx_word' id='word_1_511' title='bbox 827 3737 1227 3791; x_wconf 85' lang='lat' dir='ltr'><strong>adversantur?</strong></span> <span class='ocrx_word' id='word_1_512' title='bbox 1295 3736 1428 3803; x_wconf 87' lang='lat' dir='ltr'><strong>Quis</strong></span> <span class='ocrx_word' id='word_1_513' title='bbox 1480 3736 1583 3791; x_wconf 90' lang='lat' dir='ltr'><strong>sibi</strong></span> <span class='ocrx_word' id='word_1_514' title='bbox 1643 3737 1970 3807; x_wconf 85' lang='lat' dir='ltr'><strong>persuadeat</strong></span> 
     </span>
    </p>
   </div>
   <div class='ocr_carea' id='block_1_70' title="bbox 390 3826 1966 3898">
    <p class='ocr_par' dir='ltr' id='par_1_70' title="bbox 390 3826 1966 3898">
     <span class='ocr_line' id='line_1_70' title="bbox 390 3826 1966 3898; baseline -0.002 -14"><span class='ocrx_word' id='word_1_515' title='bbox 390 3842 537 3894; x_wconf 92' lang='lat' dir='ltr'><strong>eum,</strong></span> <span class='ocrx_word' id='word_1_516' title='bbox 566 3828 693 3883; x_wconf 90' lang='lat' dir='ltr'><strong>dum</strong></span> <span class='ocrx_word' id='word_1_517' title='bbox 747 3828 1165 3898; x_wconf 74' lang='lat' dir='ltr'><strong>przeclarissima</strong></span> <span class='ocrx_word' id='word_1_518' title='bbox 1215 3826 1307 3880; x_wconf 89' lang='lat' dir='ltr'><strong>illa</strong></span> <span class='ocrx_word' id='word_1_519' title='bbox 1355 3826 1605 3896; x_wconf 89' lang='lat' dir='ltr'><strong>Origenis</strong></span> <span class='ocrx_word' id='word_1_520' title='bbox 1658 3827 1966 3882; x_wconf 86' lang='lat' dir='ltr'><strong>testimonia</strong></span> 
     </span>
    </p>
   </div>
   <div class='ocr_carea' id='block_1_71' title="bbox 389 3910 1964 3990">
    <p class='ocr_par' dir='ltr' id='par_1_71' title="bbox 389 3910 1964 3990">
     <span class='ocr_line' id='line_1_71' title="bbox 389 3910 1964 3990; baseline -0.001 -15"><span class='ocrx_word' id='word_1_521' title='bbox 389 3930 713 3990; x_wconf 80' lang='lat' dir='ltr'><strong>excerperet</strong></span> <span class='ocrx_word' id='word_1_522' title='bbox 743 3921 884 3975; x_wconf 90' lang='lat' dir='ltr'><strong>unde</strong></span> <span class='ocrx_word' id='word_1_523' title='bbox 925 3921 1162 3974; x_wconf 84' lang='lat' dir='ltr'><strong>Arianns</strong></span> <span class='ocrx_word' id='word_1_524' title='bbox 1192 3910 1352 3973; x_wconf 79' lang='lat' dir='ltr'><strong>error</strong></span> <span class='ocrx_word' id='word_1_525' title='bbox 1396 3919 1730 3986; x_wconf 82' lang='lat' dir='ltr'><strong>confoditur,</strong></span> <span class='ocrx_word' id='word_1_526' title='bbox 1762 3920 1964 3974; x_wconf 86' lang='lat' dir='ltr'><strong>Ariana</strong></span> 
     </span>
    </p>
   </div>
   <div class='ocr_carea' id='block_1_72' title="bbox 392 4013 1968 4086">
    <p class='ocr_par' dir='ltr' id='par_1_72' title="bbox 392 4013 1968 4086">
     <span class='ocr_line' id='line_1_72' title="bbox 392 4013 1968 4086; baseline 0.001 -17"><span class='ocrx_word' id='word_1_527' title='bbox 392 4016 521 4086; x_wconf 89' lang='lat' dir='ltr'><strong>ipsis</strong></span> <span class='ocrx_word' id='word_1_528' title='bbox 545 4013 864 4070; x_wconf 88' lang='lat' dir='ltr'><strong>infersisse?</strong></span> <span class='ocrx_word' id='word_1_529' title='bbox 892 4013 949 4067; x_wconf 72' lang='lat'><strong>4°</strong></span> <span class='ocrx_word' id='word_1_530' title='bbox 993 4013 1194 4068; x_wconf 87' lang='lat' dir='ltr'><strong>invicte</strong></span> <span class='ocrx_word' id='word_1_531' title='bbox 1234 4013 1576 4068; x_wconf 89' lang='lat' dir='ltr'><strong>demonstrat</strong></span> <span class='ocrx_word' id='word_1_532' title='bbox 1616 4014 1968 4070; x_wconf 90' lang='lat' dir='ltr'><strong>doctissimus</strong></span> 
     </span>
    </p>
   </div>
   <div class='ocr_carea' id='block_1_73' title="bbox 391 4103 1965 4163">
    <p class='ocr_par' dir='ltr' id='par_1_73' title="bbox 391 4103 1965 4163">
     <span class='ocr_line' id='line_1_73' title="bbox 391 4103 1965 4163; baseline -0.003 0"><span class='ocrx_word' id='word_1_533' title='bbox 391 4117 579 4163; x_wconf 91' lang='lat' dir='ltr'><strong>noster</strong></span> <span class='ocrx_word' id='word_1_534' title='bbox 601 4107 831 4161; x_wconf 90' lang='lat' dir='ltr'><strong>domnus</strong></span> <span class='ocrx_word' id='word_1_535' title='bbox 870 4104 1205 4161; x_wconf 90' lang='lat' dir='ltr'><strong>Prudentius</strong></span> <span class='ocrx_word' id='word_1_536' title='bbox 1236 4103 1422 4158; x_wconf 83' lang='lat' dir='ltr'><strong>Maran</strong></span> <span class='ocrx_word' id='word_1_537' title='bbox 1452 4104 1504 4158; x_wconf 92' lang='lat' dir='ltr'><strong>in</strong></span> <span class='ocrx_word' id='word_1_538' title='bbox 1536 4120 1633 4159; x_wconf 92' lang='lat' dir='ltr'><strong>suo</strong></span> <span class='ocrx_word' id='word_1_539' title='bbox 1662 4104 1739 4159; x_wconf 82' lang='lat' dir='ltr'><strong>De</strong></span> <span class='ocrx_word' id='word_1_540' title='bbox 1771 4105 1965 4159; x_wconf 81' lang='lat' dir='ltr'><strong>divini-</strong></span> 
     </span>
    </p>
   </div>
   <div class='ocr_carea' id='block_1_74' title="bbox 388 4196 1963 4266">
    <p class='ocr_par' dir='ltr' id='par_1_74' title="bbox 388 4196 1963 4266">
     <span class='ocr_line' id='line_1_74' title="bbox 388 4196 1963 4266; baseline -0.002 -13"><span class='ocrx_word' id='word_1_541' title='bbox 388 4209 495 4254; x_wconf 84' lang='lat' dir='ltr'><strong>tate</strong></span> <span class='ocrx_word' id='word_1_542' title='bbox 551 4198 746 4254; x_wconf 81' lang='lat' dir='ltr'><strong>Christi</strong></span> <span class='ocrx_word' id='word_1_543' title='bbox 786 4197 881 4253; x_wconf 93' lang='lat' dir='ltr'><strong>lib.</strong></span> <span class='ocrx_word' id='word_1_544' title='bbox 934 4212 1009 4260; x_wconf 84' lang='lat' dir='ltr'><strong>tv,</strong></span> <span class='ocrx_word' id='word_1_545' title='bbox 1054 4211 1195 4266; x_wconf 47' lang='lat' dir='ltr'><strong>cap;</strong></span> <span class='ocrx_word' id='word_1_546' title='bbox 1230 4196 1417 4260; x_wconf 68' lang='lat'><strong>14-16,</strong></span> <span class='ocrx_word' id='word_1_547' title='bbox 1478 4206 1535 4250; x_wconf 89' lang='lat' dir='ltr'><strong>et</strong></span> <span class='ocrx_word' id='word_1_548' title='bbox 1576 4196 1704 4252; x_wconf 91' lang='lat' dir='ltr'><strong>alibi</strong></span> <span class='ocrx_word' id='word_1_549' title='bbox 1738 4197 1963 4265; x_wconf 87' lang='lat' dir='ltr'><strong>passim,</strong></span> 
     </span>
    </p>
   </div>
   <div class='ocr_carea' id='block_1_75' title="bbox 388 4288 1963 4363">
    <p class='ocr_par' dir='ltr' id='par_1_75' title="bbox 388 4288 1963 4363">
     <span class='ocr_line' id='line_1_75' title="bbox 388 4288 1963 4363; baseline -0.002 -16"><span class='ocrx_word' id='word_1_550' title='bbox 388 4294 606 4350; x_wconf 73' lang='lat' dir='ltr'><strong>Ariana:</strong></span> <span class='ocrx_word' id='word_1_551' title='bbox 636 4290 828 4346; x_wconf 75' lang='lat' dir='ltr'><strong>haeresi</strong></span> <span class='ocrx_word' id='word_1_552' title='bbox 874 4289 1182 4345; x_wconf 87' lang='lat' dir='ltr'><strong>nullatenus</strong></span> <span class='ocrx_word' id='word_1_553' title='bbox 1210 4288 1392 4345; x_wconf 89' lang='lat' dir='ltr'><strong>favere</strong></span> <span class='ocrx_word' id='word_1_554' title='bbox 1424 4288 1712 4357; x_wconf 85' lang='lat' dir='ltr'><strong>Origenem</strong></span> <span class='ocrx_word' id='word_1_555' title='bbox 1744 4290 1845 4363; x_wconf 71' lang='grc'><strong>(4),</strong></span> <span class='ocrx_word' id='word_1_556' title='bbox 1871 4292 1963 4345; x_wconf 91' lang='lat' dir='ltr'><strong>sed</strong></span> 
     </span>
    </p>
   </div>
   <div class='ocr_carea' id='block_1_76' title="bbox 388 4382 1964 4453">
    <p class='ocr_par' dir='ltr' id='par_1_76' title="bbox 388 4382 1964 4453">
     <span class='ocr_line' id='line_1_76' title="bbox 388 4382 1964 4453; baseline -0.001 -14"><span class='ocrx_word' id='word_1_557' title='bbox 388 4385 723 4443; x_wconf 89' lang='lat' dir='ltr'><strong>econtrario</strong></span> <span class='ocrx_word' id='word_1_558' title='bbox 770 4383 1093 4453; x_wconf 90' lang='lat' dir='ltr'><strong>scriptorem</strong></span> <span class='ocrx_word' id='word_1_559' title='bbox 1143 4382 1475 4436; x_wconf 90' lang='lat' dir='ltr'><strong>catholicum</strong></span> <span class='ocrx_word' id='word_1_560' title='bbox 1520 4384 1964 4452; x_wconf 74' lang='lat' dir='ltr'><strong>acerrimnmque</strong></span> 
     </span>
    </p>
   </div>
   <div class='ocr_carea' id='block_1_77' title="bbox 2072 3184 3642 3256">
    <p class='ocr_par' dir='ltr' id='par_1_77' title="bbox 2072 3184 3642 3256">
     <span class='ocr_line' id='line_1_77' title="bbox 2072 3184 3642 3256; baseline 0.002 -19"><span class='ocrx_word' id='word_1_561' title='bbox 2072 3199 2200 3239; x_wconf 90' lang='lat' dir='ltr'><strong>vero</strong></span> <span class='ocrx_word' id='word_1_562' title='bbox 2242 3184 2421 3239; x_wconf 91' lang='lat' dir='ltr'><strong>sciens</strong></span> <span class='ocrx_word' id='word_1_563' title='bbox 2453 3185 2579 3254; x_wconf 89' lang='lat' dir='ltr'><strong>quia</strong></span> <span class='ocrx_word' id='word_1_564' title='bbox 2614 3186 2657 3239; x_wconf 91' lang='lat' dir='ltr'><strong>si</strong></span> <span class='ocrx_word' id='word_1_565' title='bbox 2713 3185 2965 3255; x_wconf 86' lang='lat' dir='ltr'><strong>legantur</strong></span> <span class='ocrx_word' id='word_1_566' title='bbox 2996 3200 3058 3239; x_wconf 93' lang='lat' dir='ltr'><strong>ea</strong></span> <span class='ocrx_word' id='word_1_567' title='bbox 3098 3200 3219 3256; x_wconf 70' lang='lat' dir='ltr'><strong>qua:</strong></span> <span class='ocrx_word' id='word_1_568' title='bbox 3267 3185 3642 3255; x_wconf 88' lang='lat' dir='ltr'><strong>reprehendis,</strong></span> 
     </span>
    </p>
   </div>
   <div class='ocr_carea' id='block_1_78' title="bbox 2071 3276 3644 3347">
    <p class='ocr_par' dir='ltr' id='par_1_78' title="bbox 2071 3276 3644 3347">
     <span class='ocr_line' id='line_1_78' title="bbox 2071 3276 3644 3347; baseline 0.001 -19"><span class='ocrx_word' id='word_1_569' title='bbox 2071 3285 2199 3330; x_wconf 88' lang='lat' dir='ltr'><strong>nota</strong></span> <span class='ocrx_word' id='word_1_570' title='bbox 2250 3276 2650 3344; x_wconf 87' lang='lat' dir='ltr'><strong>retorquebitur</strong></span> <span class='ocrx_word' id='word_1_571' title='bbox 2693 3276 2745 3329; x_wconf 91' lang='lat' dir='ltr'><strong>in</strong></span> <span class='ocrx_word' id='word_1_572' title='bbox 2796 3291 2919 3332; x_wconf 91' lang='lat' dir='ltr'><strong>eum</strong></span> <span class='ocrx_word' id='word_1_573' title='bbox 2973 3277 3065 3345; x_wconf 89' lang='lat' dir='ltr'><strong>qui</strong></span> <span class='ocrx_word' id='word_1_574' title='bbox 3110 3276 3293 3346; x_wconf 90' lang='lat' dir='ltr'><strong>culpat</strong></span> <span class='ocrx_word' id='word_1_575' title='bbox 3324 3276 3542 3347; x_wconf 86' lang='lat' dir='ltr'><strong>injuste,</strong></span> <span class='ocrx_word' id='word_1_576' title='bbox 3578 3289 3644 3330; x_wconf 87' lang='lat' dir='ltr'><strong>ea</strong></span> 
     </span>
    </p>
   </div>
   <div class='ocr_carea' id='block_1_79' title="bbox 2070 3366 3644 3438">
    <p class='ocr_par' dir='ltr' id='par_1_79' title="bbox 2070 3366 3644 3438">
     <span class='ocr_line' id='line_1_79' title="bbox 2070 3366 3644 3438; baseline 0.002 -20"><span class='ocrx_word' id='word_1_577' title='bbox 2070 3366 2287 3436; x_wconf 89' lang='lat' dir='ltr'><strong>quidem</strong></span> <span class='ocrx_word' id='word_1_578' title='bbox 2318 3382 2439 3436; x_wconf 72' lang='lat' dir='ltr'><strong>qua:</strong></span> <span class='ocrx_word' id='word_1_579' title='bbox 2472 3368 2824 3435; x_wconf 75' lang='lat' dir='ltr'><strong>reprehendis</strong></span> <span class='ocrx_word' id='word_1_580' title='bbox 2881 3386 2985 3422; x_wconf 86' lang='lat' dir='ltr'><strong>non</strong></span> <span class='ocrx_word' id='word_1_581' title='bbox 3033 3368 3265 3437; x_wconf 90' lang='lat' dir='ltr'><strong>profers.</strong></span> <span class='ocrx_word' id='word_1_582' title='bbox 3300 3387 3319 3419; x_wconf 79' lang='grc' dir='ltr'><strong>ι</strong></span> <span class='ocrx_word' id='word_1_583' title='bbox 3355 3369 3418 3422; x_wconf 85' lang='lat' dir='ltr'><strong>Et</strong></span> <span class='ocrx_word' id='word_1_584' title='bbox 3468 3367 3644 3438; x_wconf 88' lang='lat' dir='ltr'><strong>reipsa</strong></span> 
     </span>
    </p>
   </div>
   <div class='ocr_carea' id='block_1_80' title="bbox 2071 3455 3645 3529">
    <p class='ocr_par' dir='ltr' id='par_1_80' title="bbox 2071 3455 3645 3529">
     <span class='ocr_line' id='line_1_80' title="bbox 2071 3455 3645 3529; baseline -0.002 -16"><span class='ocrx_word' id='word_1_585' title='bbox 2071 3457 2207 3513; x_wconf 91' lang='lat' dir='ltr'><strong>nihil</strong></span> <span class='ocrx_word' id='word_1_586' title='bbox 2238 3455 2341 3510; x_wconf 87' lang='lat' dir='ltr'><strong>nisi</strong></span> <span class='ocrx_word' id='word_1_587' title='bbox 2369 3458 2670 3527; x_wconf 88' lang='lat' dir='ltr'><strong>generatim</strong></span> <span class='ocrx_word' id='word_1_588' title='bbox 2712 3459 2939 3527; x_wconf 81' lang='lat' dir='ltr'><strong>protulit</strong></span> <span class='ocrx_word' id='word_1_589' title='bbox 2970 3457 3334 3529; x_wconf 78' lang='lat' dir='ltr'><strong>Hieronymus</strong></span> <span class='ocrx_word' id='word_1_590' title='bbox 3385 3459 3645 3512; x_wconf 84' lang='lat' dir='ltr'><strong>adversus</strong></span> 
     </span>
    </p>
   </div>
   <div class='ocr_carea' id='block_1_81' title="bbox 2071 3549 3643 3621">
    <p class='ocr_par' dir='ltr' id='par_1_81' title="bbox 2071 3549 3643 3621">
     <span class='ocr_line' id='line_1_81' title="bbox 2071 3549 3643 3621; baseline -0.003 -15"><span class='ocrx_word' id='word_1_591' title='bbox 2071 3553 2212 3607; x_wconf 86' lang='lat' dir='ltr'><strong>hanc</strong></span> <span class='ocrx_word' id='word_1_592' title='bbox 2252 3551 2584 3621; x_wconf 76' lang='lat' dir='ltr'><strong>Apologiam.</strong></span> <span class='ocrx_word' id='word_1_593' title='bbox 2633 3549 2744 3605; x_wconf 84' lang='lat' dir='ltr'><strong>imo</strong></span> <span class='ocrx_word' id='word_1_594' title='bbox 2798 3550 3130 3618; x_wconf 83' lang='lat' dir='ltr'><strong>promiserat</strong></span> <span class='ocrx_word' id='word_1_595' title='bbox 3179 3550 3273 3603; x_wconf 89' lang='lat' dir='ltr'><strong>lib.</strong></span> <span class='ocrx_word' id='word_1_596' title='bbox 3306 3564 3344 3603; x_wconf 90' lang='lat' dir='ltr'><strong>ll</strong></span> <span class='ocrx_word' id='word_1_597' title='bbox 3394 3550 3643 3603; x_wconf 63' lang='lat' dir='ltr'><strong>adversis</strong></span> 
     </span>
    </p>
   </div>
   <div class='ocr_carea' id='block_1_82' title="bbox 2071 3638 3640 3710">
    <p class='ocr_par' dir='ltr' id='par_1_82' title="bbox 2071 3638 3640 3710">
     <span class='ocr_line' id='line_1_82' title="bbox 2071 3638 3640 3710; baseline -0.002 -16"><span class='ocrx_word' id='word_1_598' title='bbox 2071 3640 2342 3709; x_wconf 82' lang='lat' dir='ltr'><strong>Ruﬁnum,</strong></span> <span class='ocrx_word' id='word_1_599' title='bbox 2371 3642 2507 3695; x_wconf 90' lang='lat' dir='ltr'><strong>sein</strong></span> <span class='ocrx_word' id='word_1_600' title='bbox 2548 3641 2900 3710; x_wconf 87' lang='lat' dir='ltr'><strong>sequentibus</strong></span> <span class='ocrx_word' id='word_1_601' title='bbox 2935 3650 3123 3693; x_wconf 87' lang='lat' dir='ltr'><strong>contra</strong></span> <span class='ocrx_word' id='word_1_602' title='bbox 3180 3638 3351 3708; x_wconf 91' lang='lat' dir='ltr'><strong>ipsam</strong></span> <span class='ocrx_word' id='word_1_603' title='bbox 3400 3639 3640 3708; x_wconf 80' lang='lat' dir='ltr'><strong>scriptu-</strong></span> 
     </span>
    </p>
   </div>
   <div class='ocr_carea' id='block_1_83' title="bbox 2072 3731 3641 3801">
    <p class='ocr_par' dir='ltr' id='par_1_83' title="bbox 2072 3731 3641 3801">
     <span class='ocr_line' id='line_1_83' title="bbox 2072 3731 3641 3801; baseline -0.002 -14"><span class='ocrx_word' id='word_1_604' title='bbox 2072 3749 2211 3795; x_wconf 89' lang='lat' dir='ltr'><strong>rum,</strong></span> <span class='ocrx_word' id='word_1_605' title='bbox 2233 3733 2278 3787; x_wconf 85' lang='lat' dir='ltr'><strong>si</strong></span> <span class='ocrx_word' id='word_1_606' title='bbox 2306 3731 2543 3787; x_wconf 89' lang='lat' dir='ltr'><strong>dictandi</strong></span> <span class='ocrx_word' id='word_1_607' title='bbox 2571 3733 2801 3801; x_wconf 89' lang='lat' dir='ltr'><strong>spatium</strong></span> <span class='ocrx_word' id='word_1_608' title='bbox 2825 3740 2989 3793; x_wconf 87' lang='lat' dir='ltr'><strong>esset,</strong></span> <span class='ocrx_word' id='word_1_609' title='bbox 3023 3745 3122 3785; x_wconf 86' lang='lat' dir='ltr'><strong>nec</strong></span> <span class='ocrx_word' id='word_1_610' title='bbox 3139 3739 3315 3785; x_wconf 88' lang='lat' dir='ltr'><strong>tamen</strong></span> <span class='ocrx_word' id='word_1_611' title='bbox 3352 3732 3641 3801; x_wconf 87' lang='lat' dir='ltr'><strong>quidquam</strong></span> 
     </span>
    </p>
   </div>
   <div class='ocr_carea' id='block_1_84' title="bbox 2069 3823 3640 3894">
    <p class='ocr_par' dir='ltr' id='par_1_84' title="bbox 2069 3823 3640 3894">
     <span class='ocr_line' id='line_1_84' title="bbox 2069 3823 3640 3894; baseline -0.001 -15"><span class='ocrx_word' id='word_1_612' title='bbox 2069 3824 2353 3894; x_wconf 85' lang='lat' dir='ltr'><strong>scripsisse</strong></span> <span class='ocrx_word' id='word_1_613' title='bbox 2412 3823 2681 3888; x_wconf 82' lang='lat' dir='ltr'><strong>novimus,</strong></span> <span class='ocrx_word' id='word_1_614' title='bbox 2740 3825 2985 3893; x_wconf 81' lang='lat' dir='ltr'><strong>quamvis</strong></span> <span class='ocrx_word' id='word_1_615' title='bbox 3024 3823 3201 3892; x_wconf 85' lang='lat' dir='ltr'><strong>plures</strong></span> <span class='ocrx_word' id='word_1_616' title='bbox 3243 3837 3412 3878; x_wconf 83' lang='lat' dir='ltr'><strong>annos</strong></span> <span class='ocrx_word' id='word_1_617' title='bbox 3455 3833 3640 3892; x_wconf 75' lang='lat' dir='ltr'><strong>postea</strong></span> 
     </span>
    </p>
   </div>
   <div class='ocr_carea' id='block_1_85' title="bbox 2070 3918 2284 3971">
    <p class='ocr_par' dir='ltr' id='par_1_85' title="bbox 2070 3918 2284 3971">
     <span class='ocr_line' id='line_1_85' title="bbox 2070 3918 2284 3971; baseline -0.009 0"><span class='ocrx_word' id='word_1_618' title='bbox 2070 3918 2284 3971; x_wconf 77' lang='lat' dir='ltr'><strong>vixerit.</strong></span> 
     </span>
    </p>
   </div>
   <div class='ocr_carea' id='block_1_86' title="bbox 2140 4008 3645 4082">
    <p class='ocr_par' dir='ltr' id='par_1_86' title="bbox 2140 4008 3645 4082">
     <span class='ocr_line' id='line_1_86' title="bbox 2140 4008 3645 4082; baseline 0.003 -20"><span class='ocrx_word' id='word_1_619' title='bbox 2140 4008 2225 4062; x_wconf 81' lang='lat' dir='ltr'><strong>Vl.</strong></span> <span class='ocrx_word' id='word_1_620' title='bbox 2257 4008 2361 4064; x_wconf 90' lang='lat' dir='ltr'><strong>Sed</strong></span> <span class='ocrx_word' id='word_1_621' title='bbox 2393 4017 2573 4062; x_wconf 89' lang='lat' dir='ltr'><strong>tamen</strong></span> <span class='ocrx_word' id='word_1_622' title='bbox 2607 4018 2665 4061; x_wconf 90' lang='lat' dir='ltr'><strong>ut</strong></span> <span class='ocrx_word' id='word_1_623' title='bbox 2698 4008 3084 4080; x_wconf 80' lang='lat' dir='ltr'><strong>Hieronymum</strong></span> <span class='ocrx_word' id='word_1_624' title='bbox 3114 4023 3234 4063; x_wconf 91' lang='lat' dir='ltr'><strong>cum</strong></span> <span class='ocrx_word' id='word_1_625' title='bbox 3280 4010 3460 4082; x_wconf 85' lang='lat' dir='ltr'><strong>seipse</strong></span> <span class='ocrx_word' id='word_1_626' title='bbox 3512 4027 3645 4068; x_wconf 86' lang='lat' dir='ltr'><strong>con-</strong></span> 
     </span>
    </p>
   </div>
   <div class='ocr_carea' id='block_1_87' title="bbox 2068 4098 3639 4173">
    <p class='ocr_par' dir='ltr' id='par_1_87' title="bbox 2068 4098 3639 4173">
     <span class='ocr_line' id='line_1_87' title="bbox 2068 4098 3639 4173; baseline 0.003 -19"><span class='ocrx_word' id='word_1_627' title='bbox 2068 4100 2267 4165; x_wconf 89' lang='lat' dir='ltr'><strong>ciliem,</strong></span> <span class='ocrx_word' id='word_1_628' title='bbox 2294 4115 2401 4153; x_wconf 92' lang='lat' dir='ltr'><strong>non</strong></span> <span class='ocrx_word' id='word_1_629' title='bbox 2431 4099 2639 4154; x_wconf 85' lang='lat' dir='ltr'><strong>inﬁcias</strong></span> <span class='ocrx_word' id='word_1_630' title='bbox 2672 4098 2824 4153; x_wconf 91' lang='lat' dir='ltr'><strong>ierim</strong></span> <span class='ocrx_word' id='word_1_631' title='bbox 2850 4101 3020 4154; x_wconf 88' lang='lat' dir='ltr'><strong>videri</strong></span> <span class='ocrx_word' id='word_1_632' title='bbox 3048 4102 3268 4170; x_wconf 86' lang='lat' dir='ltr'><strong>quidem</strong></span> <span class='ocrx_word' id='word_1_633' title='bbox 3296 4102 3639 4173; x_wconf 88' lang='lat' dir='ltr'><strong>Pamphilum</strong></span> 
     </span>
    </p>
   </div>
   <div class='ocr_carea' id='block_1_88' title="bbox 2069 4191 3641 4260">
    <p class='ocr_par' dir='ltr' id='par_1_88' title="bbox 2069 4191 3641 4260">
     <span class='ocr_line' id='line_1_88' title="bbox 2069 4191 3641 4260; baseline 0.002 -14"><span class='ocrx_word' id='word_1_634' title='bbox 2069 4203 2121 4246; x_wconf 90' lang='lat' dir='ltr'><strong>et</strong></span> <span class='ocrx_word' id='word_1_635' title='bbox 2146 4191 2435 4248; x_wconf 84' lang='lat' dir='ltr'><strong>Eusebium</strong></span> <span class='ocrx_word' id='word_1_636' title='bbox 2473 4191 2525 4245; x_wconf 93' lang='lat' dir='ltr'><strong>in</strong></span> <span class='ocrx_word' id='word_1_637' title='bbox 2568 4191 2876 4260; x_wconf 74' lang='lat' dir='ltr'><strong>Defensione</strong></span> <span class='ocrx_word' id='word_1_638' title='bbox 2912 4192 3000 4245; x_wconf 92' lang='lat' dir='ltr'><strong>illa</strong></span> <span class='ocrx_word' id='word_1_639' title='bbox 3032 4194 3277 4260; x_wconf 64' lang='lat' dir='ltr'><strong>quaedam</strong></span> <span class='ocrx_word' id='word_1_640' title='bbox 3309 4196 3553 4250; x_wconf 89' lang='lat' dir='ltr'><strong>attulisse</strong></span> <span class='ocrx_word' id='word_1_641' title='bbox 3575 4211 3641 4249; x_wconf 81' lang='lat' dir='ltr'><strong>ex</strong></span> 
     </span>
    </p>
   </div>
   <div class='ocr_carea' id='block_1_89' title="bbox 2068 4283 3640 4356">
    <p class='ocr_par' dir='ltr' id='par_1_89' title="bbox 2068 4283 3640 4356">
     <span class='ocr_line' id='line_1_89' title="bbox 2068 4283 3640 4356; baseline 0.001 -16"><span class='ocrx_word' id='word_1_642' title='bbox 2068 4283 2301 4356; x_wconf 91' lang='lat' dir='ltr'><strong>Origene</strong></span> <span class='ocrx_word' id='word_1_643' title='bbox 2324 4284 2659 4348; x_wconf 81' lang='lat' dir='ltr'><strong>testimonia,</strong></span> <span class='ocrx_word' id='word_1_644' title='bbox 2678 4284 2877 4353; x_wconf 86' lang='lat' dir='ltr'><strong>quibus</strong></span> <span class='ocrx_word' id='word_1_645' title='bbox 2900 4283 3108 4339; x_wconf 82' lang='lat' dir='ltr'><strong>voculae</strong></span> <span class='ocrx_word' id='word_1_646' title='bbox 3130 4295 3185 4339; x_wconf 91' lang='lat' dir='ltr'><strong>et</strong></span> <span class='ocrx_word' id='word_1_647' title='bbox 3211 4285 3353 4339; x_wconf 90' lang='lat' dir='ltr'><strong>dicta</strong></span> <span class='ocrx_word' id='word_1_648' title='bbox 3382 4286 3640 4341; x_wconf 83' lang='lat' dir='ltr'><strong>nonnulla</strong></span> 
     </span>
    </p>
   </div>
   <div class='ocr_carea' id='block_1_90' title="bbox 2068 4375 3640 4448">
    <p class='ocr_par' dir='ltr' id='par_1_90' title="bbox 2068 4375 3640 4448">
     <span class='ocr_line' id='line_1_90' title="bbox 2068 4375 3640 4448; baseline -0.001 -18"><span class='ocrx_word' id='word_1_649' title='bbox 2068 4378 2295 4431; x_wconf 91' lang='lat' dir='ltr'><strong>admista</strong></span> <span class='ocrx_word' id='word_1_650' title='bbox 2327 4386 2548 4443; x_wconf 89' lang='lat' dir='ltr'><strong>essent,</strong></span> <span class='ocrx_word' id='word_1_651' title='bbox 2585 4391 2705 4447; x_wconf 64' lang='lat' dir='ltr'><strong>qum</strong></span> <span class='ocrx_word' id='word_1_652' title='bbox 2735 4375 3026 4431; x_wconf 88' lang='lat' dir='ltr'><strong>catholicis</strong></span> <span class='ocrx_word' id='word_1_653' title='bbox 3068 4375 3294 4431; x_wconf 90' lang='lat' dir='ltr'><strong>auribus</strong></span> <span class='ocrx_word' id='word_1_654' title='bbox 3329 4375 3640 4448; x_wconf 82' lang='lat' dir='ltr'><strong>Hieronymi</strong></span> 
     </span>
    </p>
   </div>
   <div class='ocr_carea' id='block_1_91' title="bbox 386 4469 3641 4542">
    <p class='ocr_par' dir='ltr' id='par_1_91' title="bbox 386 4469 3641 4542">
     <span class='ocr_line' id='line_1_91' title="bbox 386 4469 3641 4542; baseline -0.002 -14"><span class='ocrx_word' id='word_1_655' title='bbox 386 4473 528 4528; x_wconf 89' lang='lat' dir='ltr'><strong>sacri</strong></span> <span class='ocrx_word' id='word_1_656' title='bbox 554 4474 623 4528; x_wconf 91' lang='lat' dir='ltr'><strong>de</strong></span> <span class='ocrx_word' id='word_1_657' title='bbox 656 4471 927 4526; x_wconf 87' lang='lat' dir='ltr'><strong>Triuitate</strong></span> <span class='ocrx_word' id='word_1_658' title='bbox 956 4472 1224 4542; x_wconf 83' lang='lat' dir='ltr'><strong>dogmatis</strong></span> <span class='ocrx_word' id='word_1_659' title='bbox 1249 4472 1593 4528; x_wconf 88' lang='lat' dir='ltr'><strong>defensorem</strong></span> <span class='ocrx_word' id='word_1_660' title='bbox 1628 4473 1824 4527; x_wconf 85' lang='lat' dir='ltr'><strong>haberi</strong></span> <span class='ocrx_word' id='word_1_661' title='bbox 1868 4474 1962 4527; x_wconf 89' lang='lat' dir='ltr'><strong>de-</strong></span> <span class='ocrx_word' id='word_1_662' title='bbox 1994 4476 2039 4535; x_wconf 88' lang='lat' dir='ltr'><strong>D</strong></span> <span class='ocrx_word' id='word_1_663' title='bbox 2066 4480 2224 4525; x_wconf 64' lang='lat' dir='ltr'><strong>aetate</strong></span> <span class='ocrx_word' id='word_1_664' title='bbox 2254 4470 2434 4524; x_wconf 87' lang='lat' dir='ltr'><strong>minus</strong></span> <span class='ocrx_word' id='word_1_665' title='bbox 2465 4470 2811 4539; x_wconf 87' lang='lat' dir='ltr'><strong>placuerunt,</strong></span> <span class='ocrx_word' id='word_1_666' title='bbox 2851 4480 3037 4540; x_wconf 90' lang='lat' dir='ltr'><strong>utpote</strong></span> <span class='ocrx_word' id='word_1_667' title='bbox 3068 4469 3137 4524; x_wconf 87' lang='lat' dir='ltr'><strong>ab</strong></span> <span class='ocrx_word' id='word_1_668' title='bbox 3166 4469 3385 4524; x_wconf 84' lang='lat' dir='ltr'><strong>Arianis</strong></span> <span class='ocrx_word' id='word_1_669' title='bbox 3435 4479 3544 4521; x_wconf 87' lang='lat' dir='ltr'><strong>tum</strong></span> <span class='ocrx_word' id='word_1_670' title='bbox 3575 4471 3641 4521; x_wconf 88' lang='lat' dir='ltr'><strong>ad</strong></span> 
     </span>
    </p>
   </div>
   <div class='ocr_carea' id='block_1_92' title="bbox 389 4564 1961 4635">
    <p class='ocr_par' dir='ltr' id='par_1_92' title="bbox 389 4564 1961 4635">
     <span class='ocr_line' id='line_1_92' title="bbox 389 4564 1961 4635; baseline -0.001 -15"><span class='ocrx_word' id='word_1_671' title='bbox 389 4566 552 4633; x_wconf 90' lang='lat' dir='ltr'><strong>bere;</strong></span> <span class='ocrx_word' id='word_1_672' title='bbox 588 4576 644 4622; x_wconf 93' lang='lat' dir='ltr'><strong>et</strong></span> <span class='ocrx_word' id='word_1_673' title='bbox 694 4581 815 4635; x_wconf 79' lang='lat' dir='ltr'><strong>quae</strong></span> <span class='ocrx_word' id='word_1_674' title='bbox 864 4566 1222 4634; x_wconf 91' lang='lat' dir='ltr'><strong>objiciuntur,</strong></span> <span class='ocrx_word' id='word_1_675' title='bbox 1256 4577 1350 4619; x_wconf 89' lang='lat' dir='ltr'><strong>aut</strong></span> <span class='ocrx_word' id='word_1_676' title='bbox 1382 4565 1504 4620; x_wconf 89' lang='lat' dir='ltr'><strong>ﬁcta</strong></span> <span class='ocrx_word' id='word_1_677' title='bbox 1561 4580 1684 4620; x_wconf 91' lang='lat' dir='ltr'><strong>esse</strong></span> <span class='ocrx_word' id='word_1_678' title='bbox 1710 4575 1764 4617; x_wconf 90' lang='lat' dir='ltr'><strong>et</strong></span> <span class='ocrx_word' id='word_1_679' title='bbox 1800 4564 1961 4619; x_wconf 90' lang='lat' dir='ltr'><strong>abeo</strong></span> 
     </span>
    </p>
   </div>
   <div class='ocr_carea' id='block_1_93' title="bbox 386 4654 1961 4726">
    <p class='ocr_par' dir='ltr' id='par_1_93' title="bbox 386 4654 1961 4726">
     <span class='ocr_line' id='line_1_93' title="bbox 386 4654 1961 4726; baseline -0.001 -15"><span class='ocrx_word' id='word_1_680' title='bbox 386 4656 591 4723; x_wconf 90' lang='lat' dir='ltr'><strong>aliena,</strong></span> <span class='ocrx_word' id='word_1_681' title='bbox 628 4667 725 4711; x_wconf 90' lang='lat' dir='ltr'><strong>aut</strong></span> <span class='ocrx_word' id='word_1_682' title='bbox 755 4658 951 4725; x_wconf 89' lang='lat' dir='ltr'><strong>partim</strong></span> <span class='ocrx_word' id='word_1_683' title='bbox 993 4655 1470 4726; x_wconf 66' lang='lat' dir='ltr'><strong>pra-clarissimam</strong></span> <span class='ocrx_word' id='word_1_684' title='bbox 1506 4654 1712 4710; x_wconf 89' lang='lat' dir='ltr'><strong>habere</strong></span> <span class='ocrx_word' id='word_1_685' title='bbox 1742 4664 1961 4710; x_wconf 88' lang='lat' dir='ltr'><strong>senten-</strong></span> 
     </span>
    </p>
   </div>
   <div class='ocr_carea' id='block_1_94' title="bbox 388 4747 1962 4817">
    <p class='ocr_par' dir='ltr' id='par_1_94' title="bbox 388 4747 1962 4817">
     <span class='ocr_line' id='line_1_94' title="bbox 388 4747 1962 4817; baseline 0.001 -16"><span class='ocrx_word' id='word_1_686' title='bbox 388 4748 542 4814; x_wconf 90' lang='lat' dir='ltr'><strong>tiam,</strong></span> <span class='ocrx_word' id='word_1_687' title='bbox 571 4750 615 4804; x_wconf 92' lang='lat' dir='ltr'><strong>si</strong></span> <span class='ocrx_word' id='word_1_688' title='bbox 650 4759 799 4803; x_wconf 87' lang='lat' dir='ltr'><strong>recte</strong></span> <span class='ocrx_word' id='word_1_689' title='bbox 831 4748 1232 4817; x_wconf 84' lang='lat' dir='ltr'><strong>interpreteris,</strong></span> <span class='ocrx_word' id='word_1_690' title='bbox 1273 4748 1469 4815; x_wconf 88' lang='lat' dir='ltr'><strong>partim</strong></span> <span class='ocrx_word' id='word_1_691' title='bbox 1504 4764 1609 4801; x_wconf 90' lang='lat' dir='ltr'><strong>non</strong></span> <span class='ocrx_word' id='word_1_692' title='bbox 1659 4747 1962 4802; x_wconf 86' lang='lat' dir='ltr'><strong>incommo-</strong></span> 
     </span>
    </p>
   </div>
   <div class='ocr_carea' id='block_1_95' title="bbox 388 4836 1960 4907">
    <p class='ocr_par' dir='ltr' id='par_1_95' title="bbox 388 4836 1960 4907">
     <span class='ocr_line' id='line_1_95' title="bbox 388 4836 1960 4907; baseline 0.001 -16"><span class='ocrx_word' id='word_1_693' title='bbox 388 4839 535 4903; x_wconf 89' lang='lat' dir='ltr'><strong>dam,</strong></span> <span class='ocrx_word' id='word_1_694' title='bbox 567 4839 611 4893; x_wconf 89' lang='lat' dir='ltr'><strong>si</strong></span> <span class='ocrx_word' id='word_1_695' title='bbox 661 4854 783 4893; x_wconf 88' lang='lat' dir='ltr'><strong>cum</strong></span> <span class='ocrx_word' id='word_1_696' title='bbox 836 4838 956 4893; x_wconf 91' lang='lat' dir='ltr'><strong>aliis</strong></span> <span class='ocrx_word' id='word_1_697' title='bbox 999 4838 1118 4907; x_wconf 88' lang='lat' dir='ltr'><strong>ejus</strong></span> <span class='ocrx_word' id='word_1_698' title='bbox 1176 4836 1455 4907; x_wconf 91' lang='lat' dir='ltr'><strong>principiis</strong></span> <span class='ocrx_word' id='word_1_699' title='bbox 1500 4849 1627 4907; x_wconf 89' lang='lat' dir='ltr'><strong>apte</strong></span> <span class='ocrx_word' id='word_1_700' title='bbox 1676 4838 1960 4895; x_wconf 88' lang='lat' dir='ltr'><strong>concilies.</strong></span> 
     </span>
    </p>
   </div>
   <div class='ocr_carea' id='block_1_96' title="bbox 385 4927 1962 4999">
    <p class='ocr_par' dir='ltr' id='par_1_96' title="bbox 385 4927 1962 4999">
     <span class='ocr_line' id='line_1_96' title="bbox 385 4927 1962 4999; baseline 0.001 -16"><span class='ocrx_word' id='word_1_701' title='bbox 385 4928 669 4995; x_wconf 90' lang='lat' dir='ltr'><strong>Quomodo</strong></span> <span class='ocrx_word' id='word_1_702' title='bbox 718 4927 883 4997; x_wconf 82' lang='lat' dir='ltr'><strong>igitur</strong></span> <span class='ocrx_word' id='word_1_703' title='bbox 926 4928 1193 4983; x_wconf 88' lang='lat' dir='ltr'><strong>Eusebius</strong></span> <span class='ocrx_word' id='word_1_704' title='bbox 1240 4930 1295 4983; x_wconf 92' lang='lat' dir='ltr'><strong>in</strong></span> <span class='ocrx_word' id='word_1_705' title='bbox 1344 4930 1820 4999; x_wconf 80' lang='lat' dir='ltr'><strong>praestantissimis</strong></span> <span class='ocrx_word' id='word_1_706' title='bbox 1853 4930 1962 4984; x_wconf 90' lang='lat' dir='ltr'><strong>illis</strong></span> 
     </span>
    </p>
   </div>
   <div class='ocr_carea' id='block_1_97' title="bbox 386 5021 1962 5092">
    <p class='ocr_par' dir='ltr' id='par_1_97' title="bbox 386 5021 1962 5092">
     <span class='ocr_line' id='line_1_97' title="bbox 386 5021 1962 5092; baseline 0.001 -17"><span class='ocrx_word' id='word_1_707' title='bbox 386 5022 752 5086; x_wconf 76' lang='lat' dir='ltr'><strong>contextibns,</strong></span> <span class='ocrx_word' id='word_1_708' title='bbox 785 5022 979 5090; x_wconf 90' lang='lat' dir='ltr'><strong>quibus</strong></span> <span class='ocrx_word' id='word_1_709' title='bbox 1015 5021 1270 5092; x_wconf 85' lang='lat' dir='ltr'><strong>Origenis</strong></span> <span class='ocrx_word' id='word_1_710' title='bbox 1323 5023 1626 5078; x_wconf 88' lang='lat' dir='ltr'><strong>doctrinam</strong></span> <span class='ocrx_word' id='word_1_711' title='bbox 1663 5022 1731 5076; x_wconf 82' lang='lat' dir='ltr'><strong>ab</strong></span> <span class='ocrx_word' id='word_1_712' title='bbox 1758 5027 1962 5077; x_wconf 85' lang='lat' dir='ltr'><strong>Ariana</strong></span> 
     </span>
    </p>
   </div>
   <div class='ocr_carea' id='block_1_98' title="bbox 389 5110 1958 5185">
    <p class='ocr_par' dir='ltr' id='par_1_98' title="bbox 389 5110 1958 5185">
     <span class='ocr_line' id='line_1_98' title="bbox 389 5110 1958 5185; baseline 0.002 -21"><span class='ocrx_word' id='word_1_713' title='bbox 389 5110 507 5168; x_wconf 86' lang='lat' dir='ltr'><strong>labe</strong></span> <span class='ocrx_word' id='word_1_714' title='bbox 532 5113 796 5179; x_wconf 89' lang='lat' dir='ltr'><strong>vindieat,</strong></span> <span class='ocrx_word' id='word_1_715' title='bbox 831 5112 1134 5182; x_wconf 84' lang='lat' dir='ltr'><strong>approbare</strong></span> <span class='ocrx_word' id='word_1_716' title='bbox 1160 5113 1428 5181; x_wconf 87' lang='lat' dir='ltr'><strong>potuisset</strong></span> <span class='ocrx_word' id='word_1_717' title='bbox 1459 5116 1634 5185; x_wconf 89' lang='lat' dir='ltr'><strong>ipsum</strong></span> <span class='ocrx_word' id='word_1_718' title='bbox 1673 5115 1958 5184; x_wconf 83' lang='lat' dir='ltr'><strong>Origenem</strong></span> 
     </span>
    </p>
   </div>
   <div class='ocr_carea' id='block_1_99' title="bbox 390 5205 1959 5277">
    <p class='ocr_par' dir='ltr' id='par_1_99' title="bbox 390 5205 1959 5277">
     <span class='ocr_line' id='line_1_99' title="bbox 390 5205 1959 5277; baseline 0.001 -20"><span class='ocrx_word' id='word_1_719' title='bbox 390 5205 553 5262; x_wconf 86' lang='lat' dir='ltr'><strong>fuisse</strong></span> <span class='ocrx_word' id='word_1_720' title='bbox 592 5205 901 5260; x_wconf 73' lang='lat' dir='ltr'><strong>Arianum?</strong></span> <span class='ocrx_word' id='word_1_721' title='bbox 950 5205 1099 5273; x_wconf 88' lang='lat' dir='ltr'><strong>Quas</strong></span> <span class='ocrx_word' id='word_1_722' title='bbox 1138 5206 1503 5277; x_wconf 89' lang='lat' dir='ltr'><strong>blasphemias</strong></span> <span class='ocrx_word' id='word_1_723' title='bbox 1543 5207 1873 5271; x_wconf 88' lang='lat' dir='ltr'><strong>infersisset,</strong></span> <span class='ocrx_word' id='word_1_724' title='bbox 1914 5206 1959 5261; x_wconf 92' lang='lat' dir='ltr'><strong>si</strong></span> 
     </span>
    </p>
   </div>
   <div class='ocr_carea' id='block_1_100' title="bbox 388 5298 1959 5368">
    <p class='ocr_par' dir='ltr' id='par_1_100' title="bbox 388 5298 1959 5368">
     <span class='ocr_line' id='line_1_100' title="bbox 388 5298 1959 5368; baseline 0.002 -16"><span class='ocrx_word' id='word_1_725' title='bbox 388 5300 520 5353; x_wconf 91' lang='lat' dir='ltr'><strong>nihil</strong></span> <span class='ocrx_word' id='word_1_726' title='bbox 551 5300 625 5354; x_wconf 90' lang='lat' dir='ltr'><strong>sit</strong></span> <span class='ocrx_word' id='word_1_727' title='bbox 654 5299 706 5352; x_wconf 92' lang='lat' dir='ltr'><strong>in</strong></span> <span class='ocrx_word' id='word_1_728' title='bbox 738 5298 970 5368; x_wconf 77' lang='lat' dir='ltr'><strong>Origene</strong></span> <span class='ocrx_word' id='word_1_729' title='bbox 988 5300 1128 5367; x_wconf 88' lang='lat' dir='ltr'><strong>quod</strong></span> <span class='ocrx_word' id='word_1_730' title='bbox 1165 5300 1230 5354; x_wconf 88' lang='lat' dir='ltr'><strong>ad</strong></span> <span class='ocrx_word' id='word_1_731' title='bbox 1264 5300 1512 5354; x_wconf 66' lang='lat' dir='ltr'><strong>haeresim</strong></span> <span class='ocrx_word' id='word_1_732' title='bbox 1536 5301 1795 5355; x_wconf 84' lang='lat' dir='ltr'><strong>Arianam</strong></span> <span class='ocrx_word' id='word_1_733' title='bbox 1820 5301 1959 5355; x_wconf 86' lang='lat' dir='ltr'><strong>trahi</strong></span> 
     </span>
    </p>
   </div>
   <div class='ocr_carea' id='block_1_101' title="bbox 388 5389 1957 5461">
    <p class='ocr_par' dir='ltr' id='par_1_101' title="bbox 388 5389 1957 5461">
     <span class='ocr_line' id='line_1_101' title="bbox 388 5389 1957 5461; baseline 0.003 -17"><span class='ocrx_word' id='word_1_734' title='bbox 388 5391 578 5447; x_wconf 87' lang='lat' dir='ltr'><strong>merito</strong></span> <span class='ocrx_word' id='word_1_735' title='bbox 604 5391 806 5461; x_wconf 84' lang='lat' dir='ltr'><strong>queat?</strong></span> <span class='ocrx_word' id='word_1_736' title='bbox 831 5389 1099 5445; x_wconf 64' lang='lat' dir='ltr'><strong>Caeterum</strong></span> <span class='ocrx_word' id='word_1_737' title='bbox 1135 5392 1281 5460; x_wconf 88' lang='lat' dir='ltr'><strong>dato,</strong></span> <span class='ocrx_word' id='word_1_738' title='bbox 1328 5408 1432 5446; x_wconf 91' lang='lat' dir='ltr'><strong>non</strong></span> <span class='ocrx_word' id='word_1_739' title='bbox 1467 5404 1646 5448; x_wconf 90' lang='lat' dir='ltr'><strong>autem</strong></span> <span class='ocrx_word' id='word_1_740' title='bbox 1675 5408 1957 5456; x_wconf 85' lang='lat' dir='ltr'><strong>concesso,</strong></span> 
     </span>
    </p>
   </div>
   <div class='ocr_carea' id='block_1_102' title="bbox 390 5481 1960 5554">
    <p class='ocr_par' dir='ltr' id='par_1_102' title="bbox 390 5481 1960 5554">
     <span class='ocr_line' id='line_1_102' title="bbox 390 5481 1960 5554; baseline 0 -19"><span class='ocrx_word' id='word_1_741' title='bbox 390 5482 799 5554; x_wconf 86' lang='lat' dir='ltr'><strong>Apologeticum</strong></span> <span class='ocrx_word' id='word_1_742' title='bbox 828 5482 1068 5536; x_wconf 89' lang='lat' dir='ltr'><strong>libellum</strong></span> <span class='ocrx_word' id='word_1_743' title='bbox 1104 5484 1203 5537; x_wconf 92' lang='lat' dir='ltr'><strong>sub</strong></span> <span class='ocrx_word' id='word_1_744' title='bbox 1239 5484 1459 5538; x_wconf 89' lang='lat' dir='ltr'><strong>nomine</strong></span> <span class='ocrx_word' id='word_1_745' title='bbox 1489 5483 1750 5553; x_wconf 89' lang='lat' dir='ltr'><strong>Pamphili</strong></span> <span class='ocrx_word' id='word_1_746' title='bbox 1786 5499 1815 5536; x_wconf 94' lang='lat' dir='ltr'><strong>a</strong></span> <span class='ocrx_word' id='word_1_747' title='bbox 1848 5481 1960 5535; x_wconf 75' lang='lat' dir='ltr'><strong>ilu—</strong></span> 
     </span>
    </p>
   </div>
   <div class='ocr_carea' id='block_1_103' title="bbox 387 5570 1958 5642">
    <p class='ocr_par' dir='ltr' id='par_1_103' title="bbox 387 5570 1958 5642">
     <span class='ocr_line' id='line_1_103' title="bbox 387 5570 1958 5642; baseline -0.001 -11"><span class='ocrx_word' id='word_1_748' title='bbox 387 5570 496 5631; x_wconf 84' lang='lat' dir='ltr'><strong>lino</strong></span> <span class='ocrx_word' id='word_1_749' title='bbox 518 5574 748 5642; x_wconf 90' lang='lat' dir='ltr'><strong>editum,</strong></span> <span class='ocrx_word' id='word_1_750' title='bbox 778 5575 984 5629; x_wconf 82' lang='lat' dir='ltr'><strong>Ariauo</strong></span> <span class='ocrx_word' id='word_1_751' title='bbox 1006 5588 1214 5629; x_wconf 86' lang='lat' dir='ltr'><strong>veneno</strong></span> <span class='ocrx_word' id='word_1_752' title='bbox 1237 5574 1291 5629; x_wconf 92' lang='lat' dir='ltr'><strong>in</strong></span> <span class='ocrx_word' id='word_1_753' title='bbox 1318 5584 1463 5631; x_wconf 80' lang='lat' dir='ltr'><strong>textu</strong></span> <span class='ocrx_word' id='word_1_754' title='bbox 1477 5576 1667 5632; x_wconf 85' lang='lat' dir='ltr'><strong>Graeco</strong></span> <span class='ocrx_word' id='word_1_755' title='bbox 1704 5576 1958 5631; x_wconf 79' lang='lat' dir='ltr'><strong>infectum</strong></span> 
     </span>
    </p>
   </div>
   <div class='ocr_carea' id='block_1_104' title="bbox 2068 4563 3641 4633">
    <p class='ocr_par' dir='ltr' id='par_1_104' title="bbox 2068 4563 3641 4633">
     <span class='ocr_line' id='line_1_104' title="bbox 2068 4563 3641 4633; baseline 0 -18"><span class='ocrx_word' id='word_1_756' title='bbox 2068 4563 2317 4617; x_wconf 66' lang='lat' dir='ltr'><strong>haeresim</strong></span> <span class='ocrx_word' id='word_1_757' title='bbox 2350 4577 2502 4616; x_wconf 88' lang='lat' dir='ltr'><strong>suam</strong></span> <span class='ocrx_word' id='word_1_758' title='bbox 2543 4565 2942 4632; x_wconf 80' lang='lat' dir='ltr'><strong>propagandam</strong></span> <span class='ocrx_word' id='word_1_759' title='bbox 2977 4571 3274 4633; x_wconf 87' lang='lat' dir='ltr'><strong>usurpata:</strong></span> <span class='ocrx_word' id='word_1_760' title='bbox 3307 4576 3444 4633; x_wconf 89' lang='lat' dir='ltr'><strong>quas</strong></span> <span class='ocrx_word' id='word_1_761' title='bbox 3477 4576 3641 4615; x_wconf 86' lang='lat' dir='ltr'><strong>vncu-</strong></span> 
     </span>
    </p>
   </div>
   <div class='ocr_carea' id='block_1_105' title="bbox 2067 4652 3639 4723">
    <p class='ocr_par' dir='ltr' id='par_1_105' title="bbox 2067 4652 3639 4723">
     <span class='ocr_line' id='line_1_105' title="bbox 2067 4652 3639 4723; baseline -0.001 -17"><span class='ocrx_word' id='word_1_762' title='bbox 2067 4653 2181 4719; x_wconf 87' lang='lat' dir='ltr'><strong>las,</strong></span> <span class='ocrx_word' id='word_1_763' title='bbox 2209 4652 2293 4707; x_wconf 87' lang='lat' dir='ltr'><strong>vel</strong></span> <span class='ocrx_word' id='word_1_764' title='bbox 2324 4668 2444 4720; x_wconf 85' lang='lat' dir='ltr'><strong>quae</strong></span> <span class='ocrx_word' id='word_1_765' title='bbox 2485 4652 2624 4706; x_wconf 88' lang='lat' dir='ltr'><strong>dicta</strong></span> <span class='ocrx_word' id='word_1_766' title='bbox 2673 4662 2957 4723; x_wconf 88' lang='lat' dir='ltr'><strong>propterea</strong></span> <span class='ocrx_word' id='word_1_767' title='bbox 3012 4653 3314 4708; x_wconf 89' lang='lat' dir='ltr'><strong>reseeuisse</strong></span> <span class='ocrx_word' id='word_1_768' title='bbox 3359 4652 3572 4705; x_wconf 85' lang='lat' dir='ltr'><strong>videtur</strong></span> <span class='ocrx_word' id='word_1_769' title='bbox 3613 4666 3639 4704; x_wconf 64' lang='grc' dir='ltr'><strong>ι</strong></span> 
     </span>
    </p>
   </div>
   <div class='ocr_carea' id='block_1_106' title="bbox 2068 4742 3637 4814">
    <p class='ocr_par' dir='ltr' id='par_1_106' title="bbox 2068 4742 3637 4814">
     <span class='ocr_line' id='line_1_106' title="bbox 2068 4742 3637 4814; baseline -0.002 -13"><span class='ocrx_word' id='word_1_770' title='bbox 2068 4760 2163 4801; x_wconf 87' lang='lat' dir='ltr'><strong>sua</strong></span> <span class='ocrx_word' id='word_1_771' title='bbox 2192 4746 2439 4799; x_wconf 90' lang='lat' dir='ltr'><strong>versione</strong></span> <span class='ocrx_word' id='word_1_772' title='bbox 2463 4743 2712 4808; x_wconf 83' lang='lat' dir='ltr'><strong>Ruﬁnus,</strong></span> <span class='ocrx_word' id='word_1_773' title='bbox 2735 4753 2789 4798; x_wconf 91' lang='lat' dir='ltr'><strong>et</strong></span> <span class='ocrx_word' id='word_1_774' title='bbox 2820 4745 3139 4814; x_wconf 87' lang='lat' dir='ltr'><strong>quibusdam</strong></span> <span class='ocrx_word' id='word_1_775' title='bbox 3171 4745 3389 4807; x_wconf 87' lang='lat' dir='ltr'><strong>additis,</strong></span> <span class='ocrx_word' id='word_1_776' title='bbox 3413 4742 3637 4812; x_wconf 85' lang='lat' dir='ltr'><strong>quibus-</strong></span> 
     </span>
    </p>
   </div>
   <div class='ocr_carea' id='block_1_107' title="bbox 2069 4834 3637 4899">
    <p class='ocr_par' dir='ltr' id='par_1_107' title="bbox 2069 4834 3637 4899">
     <span class='ocr_line' id='line_1_107' title="bbox 2069 4834 3637 4899; baseline -0.001 -9"><span class='ocrx_word' id='word_1_777' title='bbox 2069 4837 2192 4890; x_wconf 90' lang='lat' dir='ltr'><strong>dam</strong></span> <span class='ocrx_word' id='word_1_778' title='bbox 2240 4836 2497 4891; x_wconf 88' lang='lat' dir='ltr'><strong>detractis</strong></span> <span class='ocrx_word' id='word_1_779' title='bbox 2540 4836 2830 4899; x_wconf 73' lang='lat' dir='ltr'><strong>emollisse,</strong></span> <span class='ocrx_word' id='word_1_780' title='bbox 2864 4845 2922 4889; x_wconf 92' lang='lat' dir='ltr'><strong>ut</strong></span> <span class='ocrx_word' id='word_1_781' title='bbox 2971 4834 3292 4891; x_wconf 84' lang='lat' dir='ltr'><strong>catholicam</strong></span> <span class='ocrx_word' id='word_1_782' title='bbox 3336 4834 3637 4888; x_wconf 87' lang='lat' dir='ltr'><strong>doctrinam</strong></span> 
     </span>
    </p>
   </div>
   <div class='ocr_carea' id='block_1_108' title="bbox 2068 4923 3638 4997">
    <p class='ocr_par' dir='ltr' id='par_1_108' title="bbox 2068 4923 3638 4997">
     <span class='ocr_line' id='line_1_108' title="bbox 2068 4923 3638 4997; baseline 0 -18"><span class='ocrx_word' id='word_1_783' title='bbox 2068 4927 2248 4983; x_wconf 91' lang='lat' dir='ltr'><strong>verbis</strong></span> <span class='ocrx_word' id='word_1_784' title='bbox 2280 4926 2439 4997; x_wconf 90' lang='lat' dir='ltr'><strong>plane</strong></span> <span class='ocrx_word' id='word_1_785' title='bbox 2485 4927 2769 4981; x_wconf 83' lang='lat' dir='ltr'><strong>catholicis</strong></span> <span class='ocrx_word' id='word_1_786' title='bbox 2804 4928 3061 4981; x_wconf 87' lang='lat' dir='ltr'><strong>traderet.</strong></span> <span class='ocrx_word' id='word_1_787' title='bbox 3099 4923 3253 4991; x_wconf 87' lang='lat' dir='ltr'><strong>Quod</strong></span> <span class='ocrx_word' id='word_1_788' title='bbox 3288 4924 3512 4978; x_wconf 86' lang='lat' dir='ltr'><strong>innuere</strong></span> <span class='ocrx_word' id='word_1_789' title='bbox 3559 4924 3638 4979; x_wconf 88' lang='lat' dir='ltr'><strong>vi-</strong></span> 
     </span>
    </p>
   </div>
   <div class='ocr_carea' id='block_1_109' title="bbox 2068 5016 3640 5089">
    <p class='ocr_par' dir='ltr' id='par_1_109' title="bbox 2068 5016 3640 5089">
     <span class='ocr_line' id='line_1_109' title="bbox 2068 5016 3640 5089; baseline -0.003 -13"><span class='ocrx_word' id='word_1_790' title='bbox 2068 5020 2225 5076; x_wconf 86' lang='lat' dir='ltr'><strong>detur</strong></span> <span class='ocrx_word' id='word_1_791' title='bbox 2259 5019 2373 5089; x_wconf 92' lang='lat' dir='ltr'><strong>ipse</strong></span> <span class='ocrx_word' id='word_1_792' title='bbox 2408 5018 2637 5073; x_wconf 79' lang='lat' dir='ltr'><strong>Ruﬁnus</strong></span> <span class='ocrx_word' id='word_1_793' title='bbox 2661 5060 2676 5085; x_wconf 94' lang='lat'><strong>,</strong></span> <span class='ocrx_word' id='word_1_794' title='bbox 2710 5035 2831 5074; x_wconf 91' lang='lat' dir='ltr'><strong>cum</strong></span> <span class='ocrx_word' id='word_1_795' title='bbox 2870 5021 2920 5072; x_wconf 91' lang='lat' dir='ltr'><strong>in</strong></span> <span class='ocrx_word' id='word_1_796' title='bbox 2957 5019 3172 5088; x_wconf 85' lang='lat' dir='ltr'><strong>epilogo</strong></span> <span class='ocrx_word' id='word_1_797' title='bbox 3217 5018 3283 5072; x_wconf 84' lang='lat' dir='ltr'><strong>ad</strong></span> <span class='ocrx_word' id='word_1_798' title='bbox 3328 5016 3640 5072; x_wconf 87' lang='lat' dir='ltr'><strong>translatio-</strong></span> 
     </span>
    </p>
   </div>
   <div class='ocr_carea' id='block_1_110' title="bbox 2067 5109 3639 5181">
    <p class='ocr_par' dir='ltr' id='par_1_110' title="bbox 2067 5109 3639 5181">
     <span class='ocr_line' id='line_1_110' title="bbox 2067 5109 3639 5181; baseline -0.002 -14"><span class='ocrx_word' id='word_1_799' title='bbox 2067 5128 2189 5167; x_wconf 90' lang='lat' dir='ltr'><strong>nem</strong></span> <span class='ocrx_word' id='word_1_800' title='bbox 2220 5127 2372 5167; x_wconf 91' lang='lat' dir='ltr'><strong>suam</strong></span> <span class='ocrx_word' id='word_1_801' title='bbox 2400 5114 2465 5166; x_wconf 92' lang='lat' dir='ltr'><strong>ad</strong></span> <span class='ocrx_word' id='word_1_802' title='bbox 2489 5113 2788 5177; x_wconf 86' lang='lat' dir='ltr'><strong>Macarium</strong></span> <span class='ocrx_word' id='word_1_803' title='bbox 2825 5112 2903 5166; x_wconf 86' lang='lat' dir='ltr'><strong>ait</strong></span> <span class='ocrx_word' id='word_1_804' title='bbox 2931 5127 2990 5166; x_wconf 90' lang='lat' dir='ltr'><strong>se</strong></span> <span class='ocrx_word' id='word_1_805' title='bbox 3028 5132 3047 5163; x_wconf 79' lang='grc' dir='ltr'><strong>ι</strong></span> <span class='ocrx_word' id='word_1_806' title='bbox 3084 5109 3482 5181; x_wconf 82' lang='lat' dir='ltr'><strong>Apologeticum</strong></span> <span class='ocrx_word' id='word_1_807' title='bbox 3511 5125 3639 5165; x_wconf 87' lang='lat' dir='ltr'><strong>san-</strong></span> 
     </span>
    </p>
   </div>
   <div class='ocr_carea' id='block_1_111' title="bbox 2066 5202 3635 5277">
    <p class='ocr_par' dir='ltr' id='par_1_111' title="bbox 2066 5202 3635 5277">
     <span class='ocr_line' id='line_1_111' title="bbox 2066 5202 3635 5277; baseline -0.002 -16"><span class='ocrx_word' id='word_1_808' title='bbox 2066 5206 2138 5261; x_wconf 92' lang='lat' dir='ltr'><strong>cti</strong></span> <span class='ocrx_word' id='word_1_809' title='bbox 2176 5206 2426 5277; x_wconf 88' lang='lat' dir='ltr'><strong>martyris</strong></span> <span class='ocrx_word' id='word_1_810' title='bbox 2468 5202 2731 5273; x_wconf 84' lang='lat' dir='ltr'><strong>Pamphili</strong></span> <span class='ocrx_word' id='word_1_811' title='bbox 2759 5246 2773 5270; x_wconf 95' lang='lat'><strong>,</strong></span> <span class='ocrx_word' id='word_1_812' title='bbox 2803 5215 2961 5275; x_wconf 86' lang='lat' dir='ltr'><strong>prout</strong></span> <span class='ocrx_word' id='word_1_813' title='bbox 2996 5206 3205 5272; x_wconf 88' lang='lat' dir='ltr'><strong>potuit,</strong></span> <span class='ocrx_word' id='word_1_814' title='bbox 3233 5203 3319 5260; x_wconf 88' lang='lat' dir='ltr'><strong>vel</strong></span> <span class='ocrx_word' id='word_1_815' title='bbox 3352 5219 3435 5258; x_wconf 81' lang='lat' dir='ltr'><strong>res</strong></span> <span class='ocrx_word' id='word_1_816' title='bbox 3465 5218 3635 5274; x_wconf 81' lang='lat' dir='ltr'><strong>popo-</strong></span> 
     </span>
    </p>
   </div>
   <div class='ocr_carea' id='block_1_112' title="bbox 2065 5296 3631 5368">
    <p class='ocr_par' dir='ltr' id='par_1_112' title="bbox 2065 5296 3631 5368">
     <span class='ocr_line' id='line_1_112' title="bbox 2065 5296 3631 5368; baseline -0.001 -15"><span class='ocrx_word' id='word_1_817' title='bbox 2065 5298 2189 5364; x_wconf 91' lang='lat' dir='ltr'><strong>scit,</strong></span> <span class='ocrx_word' id='word_1_818' title='bbox 2234 5297 2424 5353; x_wconf 87' lang='lat' dir='ltr'><strong>Latino</strong></span> <span class='ocrx_word' id='word_1_819' title='bbox 2455 5312 2705 5353; x_wconf 90' lang='lat' dir='ltr'><strong>sermone</strong></span> <span class='ocrx_word' id='word_1_820' title='bbox 2731 5300 3048 5366; x_wconf 83' lang='lat' dir='ltr'><strong>digessisse.</strong></span> <span class='ocrx_word' id='word_1_821' title='bbox 3085 5317 3104 5351; x_wconf 73' lang='grc' dir='ltr'><strong>ι</strong></span> <span class='ocrx_word' id='word_1_822' title='bbox 3140 5296 3456 5368; x_wconf 81' lang='lat' dir='ltr'><strong>Hujusmodi</strong></span> <span class='ocrx_word' id='word_1_823' title='bbox 3492 5310 3631 5351; x_wconf 88' lang='lat' dir='ltr'><strong>rese-</strong></span> 
     </span>
    </p>
   </div>
   <div class='ocr_carea' id='block_1_113' title="bbox 2065 5383 3634 5460">
    <p class='ocr_par' dir='ltr' id='par_1_113' title="bbox 2065 5383 3634 5460">
     <span class='ocr_line' id='line_1_113' title="bbox 2065 5383 3634 5460; baseline -0.003 -17"><span class='ocrx_word' id='word_1_824' title='bbox 2065 5388 2260 5443; x_wconf 90' lang='lat' dir='ltr'><strong>ctionis</strong></span> <span class='ocrx_word' id='word_1_825' title='bbox 2334 5389 2630 5445; x_wconf 88' lang='lat' dir='ltr'><strong>etiamnum</strong></span> <span class='ocrx_word' id='word_1_826' title='bbox 2711 5390 2992 5460; x_wconf 72' lang='lat' dir='ltr'><strong>vestigium</strong></span> <span class='ocrx_word' id='word_1_827' title='bbox 3066 5397 3265 5443; x_wconf 66' lang='lat' dir='ltr'><strong>exstat.</strong></span> <span class='ocrx_word' id='word_1_828' title='bbox 3318 5383 3634 5455; x_wconf 86' lang='lat' dir='ltr'><strong>Pamphilus</strong></span> 
     </span>
    </p>
   </div>
   <div class='ocr_carea' id='block_1_114' title="bbox 2067 5477 3634 5555">
    <p class='ocr_par' dir='ltr' id='par_1_114' title="bbox 2067 5477 3634 5555">
     <span class='ocr_line' id='line_1_114' title="bbox 2067 5477 3634 5555; baseline -0.003 -18"><span class='ocrx_word' id='word_1_829' title='bbox 2067 5485 2225 5554; x_wconf 88' lang='lat' dir='ltr'><strong>hujus</strong></span> <span class='ocrx_word' id='word_1_830' title='bbox 2237 5485 2275 5535; x_wconf 83' lang='grc' dir='ltr'><em>Α</em></span> <span class='ocrx_word' id='word_1_831' title='bbox 2282 5483 2505 5555; x_wconf 72' lang='lat' dir='ltr'><strong>pologiar</strong></span> <span class='ocrx_word' id='word_1_832' title='bbox 2520 5498 2639 5554; x_wconf 90' lang='lat' dir='ltr'><strong>cap.</strong></span> <span class='ocrx_word' id='word_1_833' title='bbox 2660 5488 2713 5549; x_wconf 79' lang='lat'><strong>4,</strong></span> <span class='ocrx_word' id='word_1_834' title='bbox 2738 5482 2809 5538; x_wconf 87' lang='lat' dir='ltr'><strong>De</strong></span> <span class='ocrx_word' id='word_1_835' title='bbox 2826 5482 3025 5553; x_wconf 87' lang='lat' dir='ltr'><strong>Spiritu</strong></span> <span class='ocrx_word' id='word_1_836' title='bbox 3041 5491 3240 5545; x_wconf 79' lang='lat' dir='ltr'><strong>sancto,</strong></span> <span class='ocrx_word' id='word_1_837' title='bbox 3269 5477 3634 5534; x_wconf 87' lang='lat' dir='ltr'><strong>testimonium</strong></span> 
     </span>
    </p>
   </div>
   <div class='ocr_carea' id='block_1_115' title="bbox 2067 5566 3637 5647">
    <p class='ocr_par' dir='ltr' id='par_1_115' title="bbox 2067 5566 3637 5647">
     <span class='ocr_line' id='line_1_115' title="bbox 2067 5566 3637 5647; baseline -0.004 -18"><span class='ocrx_word' id='word_1_838' title='bbox 2067 5575 2283 5631; x_wconf 89' lang='lat' dir='ltr'><strong>adducit</strong></span> <span class='ocrx_word' id='word_1_839' title='bbox 2312 5591 2341 5631; x_wconf 91' lang='lat' dir='ltr'><strong>e</strong></span> <span class='ocrx_word' id='word_1_840' title='bbox 2371 5590 2489 5647; x_wconf 90' lang='lat' dir='ltr'><strong>cap.</strong></span> <span class='ocrx_word' id='word_1_841' title='bbox 2523 5574 2557 5629; x_wconf 78' lang='grc'><strong>5</strong></span> <span class='ocrx_word' id='word_1_842' title='bbox 2626 5574 2745 5629; x_wconf 89' lang='lat' dir='ltr'><strong>libri</strong></span> <span class='ocrx_word' id='word_1_843' title='bbox 2775 5588 2791 5627; x_wconf 90' lang='grc' dir='ltr'><strong>ι</strong></span> <span class='ocrx_word' id='word_1_844' title='bbox 2818 5613 2833 5639; x_wconf 86' lang='grc'><strong><em>,</em></strong></span> <span class='ocrx_word' id='word_1_845' title='bbox 2860 5573 2997 5642; x_wconf 80' lang='grc' dir='ltr'><strong>Περὶ</strong></span> <span class='ocrx_word' id='word_1_846' title='bbox 3043 5570 3245 5643; x_wconf 69' lang='grc' dir='ltr'><strong>ἀρχῶν</strong></span> <span class='ocrx_word' id='word_1_847' title='bbox 3266 5611 3284 5640; x_wconf 83' lang='grc'><strong><em>,</em></strong></span> <span class='ocrx_word' id='word_1_848' title='bbox 3325 5568 3477 5639; x_wconf 84' lang='lat' dir='ltr'><strong>cujus</strong></span> <span class='ocrx_word' id='word_1_849' title='bbox 3522 5566 3637 5623; x_wconf 63' lang='grc' dir='ltr'><strong>τωο</strong></span> 
     </span>
    </p>
   </div>
   <div class='ocr_carea' id='block_1_116' title="bbox 460 5753 2253 5827">
    <p class='ocr_par' dir='ltr' id='par_1_116' title="bbox 460 5753 2253 5827">
     <span class='ocr_line' id='line_1_116' title="bbox 460 5753 2253 5827; baseline -0.001 -18"><span class='ocrx_word' id='word_1_850' title='bbox 460 5756 540 5827; x_wconf 74' lang='grc' dir='ltr'><strong>(ι)</strong></span> <span class='ocrx_word' id='word_1_851' title='bbox 584 5754 722 5811; x_wconf 78' lang='lat' dir='ltr'><strong>Vide</strong></span> <span class='ocrx_word' id='word_1_852' title='bbox 752 5753 892 5811; x_wconf 86' lang='lat' dir='ltr'><strong>infra</strong></span> <span class='ocrx_word' id='word_1_853' title='bbox 925 5763 1079 5811; x_wconf 88' lang='lat' dir='ltr'><strong>notas</strong></span> <span class='ocrx_word' id='word_1_854' title='bbox 1117 5753 1171 5811; x_wconf 82' lang='lat' dir='ltr'><strong>in</strong></span> <span class='ocrx_word' id='word_1_855' title='bbox 1204 5754 1511 5826; x_wconf 75' lang='lat' dir='ltr'><strong>Origeniaa.</strong></span> <span class='ocrx_word' id='word_1_856' title='bbox 1534 5754 1624 5811; x_wconf 91' lang='lat' dir='ltr'><strong>lib.</strong></span> <span class='ocrx_word' id='word_1_857' title='bbox 1656 5771 1718 5824; x_wconf 83' lang='lat' dir='ltr'><strong>tt,</strong></span> <span class='ocrx_word' id='word_1_858' title='bbox 1753 5771 1869 5827; x_wconf 88' lang='lat' dir='ltr'><strong>cap.</strong></span> <span class='ocrx_word' id='word_1_859' title='bbox 1895 5754 1950 5821; x_wconf 69' lang='grc' dir='ltr'><strong>Ξ,</strong></span> <span class='ocrx_word' id='word_1_860' title='bbox 1979 5762 2167 5824; x_wconf 70' lang='lat' dir='ltr'><strong>qumst.</strong></span> <span class='ocrx_word' id='word_1_861' title='bbox 2201 5754 2253 5807; x_wconf 70' lang='lat'><strong>2.</strong></span> 
     </span>
    </p>
   </div>
  </div>
