3992 6312
235 389 335 448 531

1436 387 1493 444 S.
1536 384 1863 440 PAMPlllLl
1904 380 2256 438 MARTYRIS

3382 372 3489 434 533

235 517 511 583 gmentum
527 507 777 564 Graecum
812 508 1030 564 exhibet
1052 508 1346 577 imperator
1371 505 1710 561 .lustinianus
1740 503 1807 559 ad
1841 510 1881 566 Α
1912 502 2005 558 lib.
2031 518 2047 557 ι
2091 501 2297 555 advers.
2320 497 2569 567 Ruﬁnum
2598 494 2680 552 his
2698 495 2878 552 verbis
2908 516 2921 552 :
2953 513 2973 548 ι
3005 494 3306 565 Paucisque
3331 498 3489 555 testi-

235 601 442 657 calcem
470 599 711 671 epistola:
737 599 803 654 ad
838 598 1075 661 Menam,
1099 598 1240 667 quod
1273 612 1377 651 non
1410 611 1597 666 parum
1626 594 1810 650 crimi-

235 702 437 747 nantur
463 691 582 760 ipse
608 689 951 746 Justinianus
972 729 988 753 ,
1019 689 1350 744 Athanasius
1392 688 1447 742 in
1475 685 1672 741 Matth.
1705 701 1805 752 xu,

232 784 339 853 32;
374 782 705 853 Theophilus
728 784 779 838 in
811 783 962 848 epist.
994 788 1019 837 1
1055 781 1328 851 paschali;
1365 780 1722 849 Hieronymus
1756 780 1808 833 in

234 876 398 946 epist.
452 878 518 929 ad
569 875 828 941 Avitum,
874 883 930 929 et
975 873 1203 928 Photius
1237 873 1489 926 Biblioth.
1536 873 1659 930 cod.
1687 888 1805 929 vin.

234 965 314 1022 En
348 963 443 1020 tibi
484 964 713 1034 ipsamet
748 963 910 1017 verba
938 980 953 1017 :
987 963 1110 1019 ’Ότι
1137 965 1166 1023 ὁ
1199 964 1298 1034 μὲν
1331 962 1463 1026 Θεὸς
1490 962 1583 1015 καὶ
1617 962 1808 1034 Πατὴρ

233 1057 473 1132 συνέχων
498 1055 567 1110 τὰ
598 1056 773 1109 πάντα
798 1054 989 1124 φθάνει
1015 1057 1095 1118 εἰς
1126 1055 1353 1108 ἕκαστον
1377 1053 1486 1107 τῶν
1502 1054 1689 1116 ὄντων,
1716 1071 1811 1125 με-

229 1151 474 1214 ταδιδοὺς
492 1150 709 1219 ἑκάστῳ
725 1148 837 1202 ἀπὸ
853 1146 947 1202 τοῦ
976 1147 1106 1205 ἰδίου
1128 1148 1190 1200 τὸ
1212 1143 1351 1207 εἶναι
1370 1163 1383 1175 ’
1412 1144 1488 1200 ὣν
1508 1147 1616 1217 γάρ
1637 1147 1804 1199 ἐστιν.

243 1243 507 1302 Ἐλάττων
534 1242 590 1295 δὲ
613 1242 748 1314 πρὸς
774 1240 866 1295 τὸν
887 1242 1103 1314 Πατέρα
1126 1242 1155 1293 ὁ
1175 1238 1302 1303 Υἱὸς
1318 1238 1534 1308 φθάνων
1557 1238 1650 1290 ἐπὶ
1671 1237 1809 1308 μόνα

228 1335 298 1390 τὰ
347 1334 568 1404 λογικάυ
597 1332 849 1406 δεύτερος
900 1334 1009 1405 γάρ
1048 1334 1163 1385 ἐστι
1199 1331 1293 1385 τοῦ
1338 1330 1550 1402 Πατρός
1574 1346 1587 1359 °
1631 1328 1711 1382 ἔτι
1751 1329 1808 1382 δὲ

227 1422 389 1500 ἧττον
420 1428 481 1480 τὸ
509 1427 732 1497 Πνεῦμα
764 1426 826 1479 τὸ
873 1426 1026 1494 ἆγιον
1071 1424 1162 1478 ἐπὶ
1211 1424 1404 1495 μόνους
1448 1423 1573 1485 τοὺς
1618 1421 1807 1490 ἁγίους

227 1518 618 1591 διικνούμενον.
638 1521 800 1572 Ὥστε
826 1516 965 1572 κατὰ
990 1516 1146 1569 τοῦτο
1177 1515 1376 1587 μείζων
1402 1516 1435 1586 ἡ
1463 1515 1685 1585 δύναμις
1711 1512 1805 1573 τοῦ

228 1612 439 1683 Πατρὸς
485 1611 635 1683 παρὰ
674 1610 766 1663 τὸν
818 1609 945 1663 Υῑὸν
989 1609 1083 1666 καὶ
1128 1607 1188 1661 τὸ
1235 1606 1458 1678 Πνεῦμα
1512 1607 1573 1660 τὸ
1631 1607 1803 1675 ἆγιον.

226 1700 435 1754 Πλείων
467 1700 579 1772 δὲή
610 1701 704 1754 τοῦ
733 1699 862 1753 Υἱοῦ
892 1698 1042 1771 παρὰ
1070 1698 1129 1751 τὸ
1162 1697 1385 1769 Πνεῦμα
1407 1696 1467 1750 τὸ
1496 1696 1648 1766 ἅγιον
1668 1713 1681 1726 ’
1716 1696 1807 1749 xui.

228 1794 390 1847 πάλιν
414 1793 744 1864 διαφέρουσα,
774 1792 971 1863 μᾶλλον
1000 1790 1091 1844 τοῦ
1119 1791 1271 1860 ἁγίου
1304 1789 1616 1864 Πνεύματος
1649 1791 1683 1861 ὴ
1710 1789 1805 1843 δύ-

1910 594 2109 650 nioniis
2137 592 2506 657 commutatis,
2524 604 2643 661 quae
2668 589 2883 645 sciebas
2912 588 3252 660 diSplicitnra
3290 589 3490 644 Roma-

1910 689 2031 752 nis,
2076 698 2271 743 caetera
2323 684 2467 751 (libri
2514 684 2674 753 primi
2726 681 2972 752 Eusebii)
3018 696 3193 753 usque
3227 682 3294 736 ad
3325 680 3488 737 ﬁnem

1908 780 2118 849 integra
2147 775 2423 833 dimisisti.
2456 795 2475 827 ι
2518 773 2661 829 idem
2696 774 2938 844 apertius
2972 773 3152 827 innuit
3186 773 3240 828 in
3258 773 3489 843 epistola

1908 873 1976 929 ad
2006 864 2417 926 Pammachium
2450 878 2503 923 et
2532 866 2829 923 Oceanum.
2858 864 2973 922 lmo
3004 867 3094 920 vix
3128 867 3407 922 continere
3427 882 3490 922 se

1908 974 2085 1037 potest
2108 964 2161 1019 in
2206 962 2307 1018 hac
2340 962 2529 1016 eadem
2560 959 2786 1030 epistola
2808 1001 2823 1026 ,
2859 959 2988 1029 quin
3022 958 3091 1013 ab
3117 957 3223 1013 alio
3248 957 3491 1028 quolibet

1907 1058 2176 1128 scriptore
2202 1070 2362 1125 quam
2398 1052 2673 1120 Eusebio,
2708 1051 2921 1106 scilicet
2964 1049 3048 1104 vel
3092 1050 3354 1120 Didymo,
3399 1050 3486 1105 vel

1906 1151 2141 1222 ipsomet
2189 1147 2427 1211 Ruﬁno,
2476 1154 2645 1199 totum
2686 1143 2833 1199 hunc
2875 1142 3068 1196 librum
3120 1142 3265 1196 dicat
3314 1140 3487 1198 fuisse

1907 1242 2287 1313 compositum.
2326 1259 2344 1291 ι
2379 1239 2570 1317 Porro,
2591 1237 2788 1305 inquit,
2821 1235 2961 1305 quod
2993 1233 3329 1306 Pamphilum
3359 1250 3487 1305 pro-

1906 1336 2090 1393 ferunt
2114 1336 2452 1389 laudatorem
2484 1330 2603 1399 ejus
2635 1328 2932 1402 (Origenis)
2953 1367 2968 1394 ,
3006 1329 3210 1398 gratias
3245 1327 3350 1384 illis
3381 1342 3484 1400 ago

1905 1443 2027 1484 meo
2060 1426 2277 1482 nomine
2302 1465 2317 1490 ,
2346 1426 2491 1495 quod
2525 1424 2747 1495 dignum
2794 1438 2882 1477 me
2926 1432 3292 1491 putaverunt,
3319 1436 3483 1492 quem

1906 1533 2027 1573 cum
2057 1526 2299 1587 martyre
2334 1517 2822 1570 calumniarentur.
2860 1512 2915 1568 Si
2946 1514 3091 1569 enim
3133 1514 3199 1568 ab
3245 1513 3485 1570 inimicis

1904 1610 2156 1681 Origenis
2182 1609 2350 1665 libros
2385 1609 2503 1674 ejus
2536 1608 2717 1663 dicitis
2744 1621 2867 1664 esse
2901 1606 3133 1662 violatos
3166 1617 3222 1661 ut
3253 1609 3485 1664 infama-

1906 1713 2115 1766 rentur,
2149 1716 2318 1770 quare
2349 1702 2477 1756 mihi
2510 1715 2616 1755 non
2646 1700 2810 1755 liceat
2842 1700 3026 1755 dicere
3057 1699 3122 1755 ab
3146 1701 3336 1767 amicis
3363 1702 3483 1770 ejus

1905 1803 1958 1850 et
1990 1794 2362 1850 sectatoribus
2393 1793 2755 1861 compositum
2786 1806 2909 1847 esse
2938 1791 3038 1847 sub
3080 1792 3295 1846 nomine
3322 1792 3482 1847 Pam-

226 1903 390 1957 ναμις
419 1886 571 1959 παρὰ
607 1885 675 1938 τὰ
702 1883 835 1939 ἄλλα
866 1884 1017 1954 ἅγια.
1054 1903 1072 1936 r
1110 1884 1263 1951 Quod
1304 1882 1448 1937 Deus
1490 1882 1703 1951 quidem
1750 1895 1789 1936 ει

1912 1886 2043 1955 phili
2077 1885 2354 1951 volumen,
2390 1884 2534 1953 quod
2566 1884 2713 1938 illum
2766 1884 3080 1939 testimonio
3122 1884 3377 1955 marlyris
3410 1885 3479 1940 ab

224 1973 392 2030 Pater
423 1977 605 2031 omnia
638 1981 925 2037 continens
954 1977 1021 2031 ad
1062 1989 1503 2045 unumquemque
1534 1973 1797 2042 pervenit,

224 2082 348 2123 esse
392 2068 683 2135 unicuique
734 2068 1049 2137 impertiens
1080 2066 1148 2123 de
1195 2080 1332 2120 suo:
1375 2065 1489 2134 ipse
1535 2065 1680 2119 enim
1718 2075 1802 2125 est

224 2160 314 2228 qui
350 2168 454 2214 est.
486 2160 641 2228 Quod
682 2175 809 2216 vero
860 2168 1057 2229 praeter
1091 2157 1311 2213 Patrem
1364 2156 1529 2211 Filius
1574 2158 1643 2212 ad
1686 2155 1798 2211 sola

226 2253 567 2315 rationabilia
600 2254 881 2323 pervenit,
912 2263 994 2308 est
1031 2252 1176 2317 enim
1217 2251 1488 2306 secundus
1532 2265 1562 2303 a
1593 2248 1795 2303 Patre:

222 2343 613 2406 adhucautem
665 2348 843 2401 minor
885 2346 1120 2417 Spiritus
1158 2357 1381 2400 sanctus
1412 2345 1478 2397 ad
1505 2342 1648 2397 solos
1676 2358 1799 2395 san-

220 2444 342 2492 ctos
367 2437 646 2507 pertingit.
675 2438 754 2492 ita
788 2454 854 2493 ex
887 2438 987 2492 hoc
1016 2437 1189 2507 major
1207 2446 1290 2490 est
1323 2444 1564 2506 potestas
1593 2434 1794 2499 Patris,

220 2542 384 2596 quam
406 2527 528 2584 Filii
551 2539 607 2584 et.
640 2529 876 2598 Spiritus
904 2529 1101 2584 sancti.
1128 2530 1372 2598 Amplior
1398 2530 1528 2582 item
1556 2537 1797 2597 potestas

216 2620 345 2680 Filii
397 2635 511 2690 prae
565 2619 770 2689 Spiritu
816 2632 1049 2686 sancto;
1095 2637 1160 2675 ac
1215 2636 1403 2674 rursus
1449 2619 1797 2690 praestantior

219 2714 392 2770 sancti
440 2714 680 2784 Spiritus
723 2714 936 2780 virtus,
987 2728 1150 2782 quam
1199 2713 1428 2767 aliorum
1477 2721 1792 2766 sanctorum

216 2806 446 2862 entium.
476 2824 497 2857 ι
540 2803 698 2871 Hazc,
734 2806 986 2875 quamvis
1031 2805 1341 2860 duriuscula
1386 2805 1560 2873 prima
1615 2802 1795 2859 fronte

218 2896 527 2958 videantur,
551 2894 595 2947 si
619 2898 743 2963 quis
772 2906 951 2950 tamen
984 2894 1049 2950 ad
1084 2904 1318 2950 mentem
1344 2895 1523 2965 potius
1547 2893 1794 2962 Origenis

217 3003 382 3058 quam
413 2987 478 3041 ad
503 2986 663 3041 verba
696 2987 1007 3053 attenderit,
1034 3001 1227 3042 sanum
1256 2988 1522 3061 recipient
1551 3003 1791 3050 sensum,

215 3088 271 3137 et
323 3077 390 3133 ab
439 3077 668 3147 ipsomet
713 3078 910 3133 Huetio
964 3090 1295 3133 excusantur
1352 3078 1792 3149 Origenianorum

216 3172 310 3229 lib.
362 3185 422 3232 ιι,
453 3184 572 3238 cap.
608 3168 677 3234 2,
712 3179 902 3240 quaest.
937 3171 999 3237 9.,
1039 3187 1190 3225 num.
1217 3171 1284 3226 27
1316 3182 1371 3225 et
1415 3170 1504 3225 28.
1537 3172 1613 3225 Ibi
1647 3172 1789 3224 enim

215 3262 397 3332 agitur
439 3260 504 3315 de
546 3261 757 3315 ratione
794 3261 1085 3332 principii,
1115 3262 1283 3321 fontis
1318 3273 1372 3318 et
1404 3263 1652 3332 originis.
1685 3263 1791 3318 Sed

215 3369 277 3408 ea
303 3352 555 3424 Rufinus,
574 3353 701 3422 quia
724 3369 821 3409 sua
846 3364 1007 3411 aetate
1039 3354 1215 3408 minus
1237 3354 1544 3425 placebant,
1570 3357 1794 3425 quibus-

213 3446 336 3501 dam
385 3446 622 3513 additis,
671 3447 995 3518 quibusdam
1040 3447 1301 3512 resectis,
1353 3448 1426 3501 ita
1480 3456 1534 3502 et
1582 3448 1634 3502 in
1691 3449 1792 3507 hac

211 3539 470 3611 Apologia
491 3582 507 3607 ,
532 3553 586 3598 et
610 3542 664 3598 in
698 3542 838 3597 libro
867 3557 885 3597 ι
910 3540 1051 3610 Περὶ
1078 3538 1280 3611 ἀρχῶν
1304 3540 1565 3597 emollivit
1597 3557 1610 3593 :
1636 3561 1655 3594 ι
1690 3543 1791 3596 Ar-

217 3630 391 3685 bitror
414 3631 578 3702 igitur
607 3632 977 3704 operationem
1006 3633 1222 3702 quidem
1256 3647 1375 3688 esse
1400 3632 1580 3688 Patris
1610 3643 1663 3688 et
1694 3633 1788 3687 Fi—

209 3723 269 3779 lii
302 3734 408 3779 tam
438 3725 493 3780 in
526 3726 731 3782 sanctis
752 3741 913 3796 quam
939 3725 991 3779 iu
1022 3727 1437 3795 peccatoribus;
1466 3727 1518 3780 in
1550 3727 1789 3781 rationa-

214 3815 416 3876 liilibus
441 3817 753 3873 hominibus
776 3858 793 3884 ,
825 3826 881 3872 et
912 3817 965 3873 in
1003 3818 1167 3873 mutis
1198 3818 1564 3884 animalibus;
1595 3819 1687 3874 sed
1733 3827 1788 3872 et

209 3907 265 3961 in
312 3890 556 3977 his‘quae
606 3908 855 3962 exanima
890 3916 1054 3974 sunt,
1081 3917 1137 3962 et
1180 3908 1232 3962 in
1278 3909 1535 3965 omnibus
1563 3910 1785 3965 omnino

208 4016 328 4070 qua:
355 4009 517 4057 sunt:
543 4000 914 4067 operationem
946 4013 1076 4056 vero
1106 3999 1344 4069 Spiritus
1377 4002 1550 4056 sancti
1581 4018 1787 4072 nequa-

207 4108 371 4162 quam
401 4105 623 4155 prorsus
659 4090 897 4145 incidere
927 4090 1023 4145 vel‘
1042 4089 1093 4143 in
1121 4105 1185 4147 ea
1216 4106 1337 4161 quae
1357 4092 1607 4157 exanima
1633 4105 1780 4160 sunt,

206 4183 293 4240 vel
321 4184 373 4241 in
417 4198 479 4238 ea
510 4199 631 4253 quae
666 4182 963 4238 animantia
1003 4183 1224 4252 quidem
1253 4223 1269 4249 ,
1298 4185 1393 4239 sed
1441 4196 1589 4247 muta
1618 4200 1779 4243 sunt:

204 4277 302 4337 sed
326 4292 392 4331 ne
427 4276 478 4331 in
511 4277 616 4334 illis
642 4276 860 4347 quidem
900 4276 1132 4332 inveniri
1161 4278 1254 4346 qui
1282 4278 1633 4334 rationabiles
1655 4281 1780 4351 qui-

204 4370 326 4425 dem
380 4378 539 4432 sunt,
588 4368 682 4423 sed
728 4368 781 4422 in
818 4367 1023 4422 malitia
1066 4368 1271 4438 positi,
1312 4384 1417 4426 nec
1456 4371 1678 4425 omnino
1712 4373 1781 4427 ad

204 4454 431 4512 meliora
465 4456 738 4510 conversi.
777 4455 833 4509 ln
871 4456 975 4511 illis
1011 4467 1189 4513 autem
1220 4458 1350 4515 solis
1394 4460 1631 4527 arbitror
1660 4477 1779 4517 esse

200 4560 337 4616 opus
362 4545 599 4616 Spiritus
628 4548 827 4611 sancti,
858 4553 950 4618 qui
973 4548 1086 4619 jam
1116 4565 1174 4605 se
1199 4551 1265 4605 ad
1296 4552 1519 4611 meliora
1548 4568 1777 4608 conver-

205 4647 344 4700 tunt,
377 4647 433 4694 et
461 4654 561 4709 per
588 4639 702 4695 vias
730 4638 856 4696 Jesu
887 4641 1092 4698 Christi
1120 4644 1399 4711 incedunt,
1441 4645 1490 4699 id
1529 4654 1648 4712 est,
1682 4648 1771 4718 qui

202 4731 406 4791 suntin
438 4731 591 4786 novis
622 4733 831 4791 actibus
864 4733 1172 4800 incedentes
1198 4776 1213 4801 ,
1238 4746 1292 4790 et
1339 4737 1391 4792 in
1425 4736 1535 4791 Deo
1559 4753 1776 4808 perma-

203 4831 415 4876 nentes.
453 4841 473 4873 ι
505 4820 608 4877 Vix
635 4822 855 4878 dubium
884 4835 969 4880 est
997 4827 1125 4894 quin
1159 4828 1225 4880 ad
1272 4827 1414 4891 hunc
1434 4836 1774 4893 contextum,

200 4920 257 4967 et.
303 4913 370 4967 ad
416 4928 619 4983 paucos
656 4917 920 4983 quosdam
962 4916 1199 4972 fortasse
1233 4918 1439 4973 similes
1479 4920 1776 4977 attenderit

198 5001 563 5075 Hieronymus
587 5048 603 5074 ,
640 5022 762 5063 cum
797 5008 875 5063 ait
922 5008 1173 5063 Ruﬁnum
1205 5010 1494 5080 plerasque
1526 5011 1774 5082 blasphe-

199 5090 361 5155 mias,
398 5108 521 5161 qua:
567 5096 631 5151 de
685 5096 824 5152 Filio
872 5107 926 5152 et
968 5100 1169 5167 Spiritu
1212 5111 1401 5155 sancto
1452 5102 1505 5155 in
1554 5103 1772 5158 Eusebii

202 5189 349 5239 textu
381 5188 788 5256 comparebant,
815 5188 1134 5253 detraxisse,
1169 5196 1225 5245 et
1260 5191 1311 5243 in
1337 5192 1532 5247 bonam
1562 5205 1769 5262 partem

196 5283 584 5334 commutasse.
616 5277 865 5336 Forsitan
903 5280 1051 5335 dicas
1083 5281 1198 5334 ﬁeri
1244 5298 1401 5351 posse
1430 5294 1485 5338 ut
1514 5284 1769 5356 Pamphi-

197 5363 283 5417 lus
308 5373 364 5424 et
396 5363 685 5434 Eusebius,
719 5371 959 5431 nondum
1008 5372 1395 5441 quaestionibus
1449 5376 1517 5431 de
1547 5376 1684 5433 Filio
1718 5388 1771 5432 et

198 5456 404 5525 Spiritu
433 5469 623 5512 sancto
658 5470 937 5531 tantopere
968 5480 1064 5518 sua
1094 5474 1255 5519 aetate
1282 5468 1500 5536 agitatis
1523 5509 1539 5533 ,
1568 5470 1769 5524 clario-

196 5562 288 5601 res
306 5550 783 5620 expressioresque
811 5554 1063 5623 Origenis
1091 5557 1158 5611 de
1181 5556 1450 5613 Trinitate
1484 5570 1767 5617 contextus

194 5653 302 5691 non
335 5643 693 5709 extraxerint,
731 5660 960 5713 quorum
999 5650 1117 5702 loco
1142 5651 1277 5704 alios
1303 5654 1619 5721 expressius
1642 5672 1767 5711 con-

196 5732 706 5790 substantialitatem
737 5740 1026 5805 probantes
1049 5740 1276 5798 Ruﬁnus
1305 5743 1442 5798 forte
1468 5747 1767 5803 substitue--

199 5821 288 5879 tit,
312 5822 488 5896 Atque
518 5827 569 5880 id
607 5829 824 5905 quidem
872 5831 1113 5887 indicare
1153 5834 1363 5891 videtur
1400 5836 1765 5912 Hieronymus

1905 1976 2124 2031 infamia
2162 1974 2503 2030 vindicaret?
2527 1975 2663 2030 Ecce
2704 1990 2798 2031 vos
2821 1974 3124 2029 emendatis
3150 1975 3202 2029 in
3230 1974 3480 2045 Origenis

1901 2063 2056 2121 libris
2086 2064 2227 2135 quod
2277 2063 2365 2116 ille
2415 2079 2522 2118 non
2554 2064 2812 2134 scripsit;
2856 2072 2911 2118 et
2943 2064 3214 2118 miramini
3259 2065 3303 2119 si
3352 2068 3480 2121 edat

1901 2155 2096 2225 aliquis
2125 2155 2348 2220 librum,
2379 2171 2538 2226 quem
2589 2155 2678 2211 ille
2715 2172 2822 2211 non
2870 2156 3075 2211 edidit?
3103 2157 3209 2212 \‘os
3248 2157 3300 2211 in
3330 2159 3479 2215 edito

1900 2264 2066 2317 opere
2098 2251 2321 2319 potestis
2357 2249 2645 2320 redargui:
2684 2248 2774 2303 ille
2803 2248 2895 2317 qui
2929 2249 3066 2303 nihil
3113 2250 3259 2305 aliud
3285 2252 3474 2318 edidit,

1901 2340 2113 2396 facilius
2140 2348 2285 2408 patet
2334 2341 2640 2394 calumniae.
2687 2338 2822 2394 Date
2850 2340 3129 2408 quodlibet
3159 2341 3301 2397 aliud
3340 2358 3477 2413 opus

1899 2432 2190 2504 Pamphili.
2219 2432 2491 2503 Nusquam
2521 2433 2828 2503 reperietis.
2858 2431 2972 2488 Hoc
3002 2450 3166 2488 unum
3189 2444 3290 2490 est.
3320 2434 3476 2489 Unde

1900 2523 2064 2593 igitur
2096 2524 2288 2589 sciam,
2313 2526 2455 2593 quod
2486 2524 2749 2594 Pamphili
2777 2525 2894 2580 sit?
2935 2524 3196 2581 Videlicet
3225 2526 3395 2598 stylus
3419 2536 3475 2581 et

1897 2615 2066 2671 saliva
2097 2617 2295 2672 docere
2345 2632 2430 2670 me
2467 2616 2711 2685 poterit?
2741 2617 3024 2686 Nunquam
3072 2618 3290 2674 credam
3328 2620 3473 2688 quod

1896 2708 2089 2764 doctus
2114 2709 2199 2763 vir
2237 2710 2440 2780 primos
2476 2709 2672 2778 ingenii
2719 2709 2800 2764 sui
2848 2708 3057 2765 fructus
3086 2711 3473 2779 quaestionibus
3550 2758 3569 2779 ,

1896 2809 1951 2857 ει
1974 2799 2209 2855 infamia:
2237 2800 2540 2855 dedicarit.
2574 2839 2590 2854 .
2625 2841 2638 2855 .
2671 2800 2844 2856 Unum
2887 2818 3027 2857 nunc
3058 2802 3352 2872 proferam,
3380 2805 3471 2861 cui

1898 2893 2276 2947 contradicere
2301 2893 2385 2947 vel
2435 2893 2585 2949 stulti
2618 2895 2732 2959 sit,
2758 2893 2843 2949 vel
2878 2894 3229 2965 impudentis.
3265 2894 3372 2951 Sex
3400 2897 3472 2952 li-

1895 2985 2118 3039 brorum
2149 2985 2366 3039 Eusebii
2406 3000 2569 3054 super
2611 2984 2856 3057 Origem's
2906 2986 3221 3057 Defensione
3266 2989 3472 3059 princi-

1846 3114 1847 3117 η
1893 3078 2042 3153 pium
2078 3092 2248 3147 usque
2302 3079 2370 3132 ad
2425 3078 2570 3135 mille
2592 3092 2782 3135 versus
2830 3078 2966 3140 liber
3019 3081 3141 3147 iste,
3177 3082 3269 3152 qui
3306 3081 3471 3138 Pam-

1819 3230 1861 3289 C

1807 4593 1855 4651 D

1895 3168 2024 3239 phili
2075 3169 2311 3236 dicitur,
2370 3171 2649 3236 continet,
2697 3181 2753 3226 et
2799 3172 2853 3227 in
2905 3173 3129 3244 reliquis
3170 3174 3468 3249 (versibus)

1896 3261 2133 3330 scriptor
2158 3262 2396 3332 ejusdem
2433 3266 2613 3333 operis
2657 3265 2862 3335 profert
2893 3268 3199 3322 testimonia
3221 3309 3235 3333 ,
3272 3271 3468 3337 quibus

1895 3354 2087 3407 nititur
2114 3357 2415 3425 approbare
2449 3356 2745 3425 Origenem
2773 3357 2945 3414 fuisse
2978 3360 3327 3416 catholicum.
3364 3363 3469 3416 Eu-

1893 3445 2075 3501 sebius
2106 3459 2164 3501 et
2203 3446 2520 3518 Pamphilus
2556 3460 2761 3503 tantam
2800 3450 2943 3505 inter
2973 3467 3033 3507 se
3062 3452 3305 3509 habuere
3331 3470 3465 3509 con-

1893 3537 2160 3603 cordiam,
2197 3549 2256 3593 ut
2284 3538 2441 3596 unius
2469 3540 2662 3594 anima:
2688 3542 2937 3598 homines
2965 3552 3142 3613 putes,
3177 3553 3231 3600 et
3265 3547 3331 3601 ab
3358 3561 3468 3600 uno

1893 3627 2029 3683 alter
2077 3644 2271 3684 nomen
2323 3633 2618 3701 acceperit.
2660 3632 2940 3699 Quomodo
2998 3634 3167 3704 igitur
3213 3637 3358 3692 inter
3406 3652 3468 3693 se

1891 3723 2182 3778 dissentire
2215 3733 2526 3794 potuerunt,
2561 3734 2618 3779 ut
2650 3725 2916 3780 Eusebius
2951 3727 3002 3781 in
3030 3736 3142 3783 toto
3169 3744 3332 3800 opere
3366 3746 3467 3789 suo

1889 3810 2179 3883 Origenem
2220 3814 2408 3868 Ariani
2456 3817 2648 3885 probet
2698 3816 3007 3887 dogmatis,
3050 3827 3105 3874 et
3146 3819 3465 3889 Pamphilus

1888 3904 2121 3960 Nicaanae
2148 3907 2334 3976 synodi
2364 3947 2381 3973 ,
2417 3922 2535 3975 qua:
2563 3908 2665 3967 fuit
2704 3919 2891 3978 postea
2921 3950 2936 3975 ,
2973 3910 3356 3967 defensorem?
3381 3913 3461 3968 Ex

1887 4013 1997 4075 quo
2024 3982 2329 4052 ostenditur
2360 3998 2444 4052 vel
2488 3999 2698 4070 Didymi
2726 4039 2739 4064 ,
2777 4001 2861 4054 vel
2914 4001 3203 4070 cujuslibet
3236 4004 3463 4061 alterius

1887 4103 2008 4145 esse
2035 4092 2380 4159 opusculum,
2398 4092 2485 4159 qui
2510 4107 2601 4146 sex
2630 4091 2886 4147 librorum
2911 4094 3086 4163 capite
3113 4095 3459 4165 detruncata,

1884 4196 2079 4240 caetera
2113 4183 2356 4238 membra
2392 4186 2633 4240 sociarit.
2668 4204 2688 4237 ι
2730 4184 2928 4240 Verum
2961 4186 3063 4241 sibi
3112 4204 3216 4243 non
3247 4198 3463 4243 constat

1884 4275 2259 4347 Hieronymus.
2286 4276 2419 4329 Nam
2455 4277 2787 4330 contrarium
2812 4278 3036 4333 omnino
3065 4281 3255 4334 statuit
3293 4280 3387 4335 lib.
3414 4296 3457 4335 ιι

1884 4369 2131 4422 adversus
2179 4367 2449 4436 Ruﬁnum,
2504 4367 2594 4422 ubi
2654 4378 2885 4423 testatur
2939 4370 3174 4440 primum
3234 4372 3459 4429 Eusebii

1882 4464 2079 4519 librum
2130 4465 2321 4518 eadem
2358 4472 2411 4517 et
2441 4462 2631 4518 iisdem
2673 4462 2855 4519 verbis
2893 4465 3176 4521 continere
3206 4481 3323 4536 quae
3355 4466 3458 4522 sub

1883 4556 2104 4612 nomine
2143 4555 2409 4623 Pamphili
2447 4570 2476 4608 a
2510 4554 2708 4610 Ruﬁno
2742 4557 2885 4611 edita
2919 4568 3078 4623 sunt,
3107 4568 3163 4613 et
3202 4558 3455 4613 Ruﬁnum

1880 4665 2072 4706 sensus
2120 4651 2381 4704 duntaxat
2418 4652 2487 4707 de
2528 4652 2666 4706 Filio
2713 4664 2765 4707 et
2807 4651 3015 4723 Spiritu
3045 4652 3458 4706 sanctoimmu-

1879 4755 2027 4797 tasse
2082 4757 2178 4796 seu
2225 4743 2555 4819 pervertisse
2581 4784 2597 4809 ,
2629 4744 2721 4813 qui
2771 4752 3013 4812 apertam
3056 4741 3455 4813 blasphemiam

1876 4829 2257 4900 prazferebant.
2290 4851 2307 4882 ‹
2348 4830 2749 4903 Perspicueque
2787 4853 2805 4885 ι
2856 4833 3221 4903 deprehendi,
3254 4834 3452 4903 inquit,

1882 4939 1900 4972 ‹
1931 4923 2074 4992 quod
2135 4923 2342 4992 primus
2380 4923 2517 4978 liber
2552 4940 2645 4979 sex
2690 4925 3024 4979 voluminum
3071 4924 3288 4980 Eusebii
3338 4926 3453 4995 ipse

1875 5024 2040 5080 esset,
2062 5017 2150 5085 qui
2180 5032 2319 5070 unus
2342 5018 2442 5071 sub
2468 5019 2683 5073 nomine
2725 5017 2990 5087 Pamphili
3019 5033 3050 5071 a
3083 5027 3134 5073 te
3160 5017 3338 5073 editus
3369 5027 3453 5074 est

1878 5115 1985 5159 tam
2019 5105 2208 5161 Graece
2240 5123 2403 5177 quam
2447 5107 2659 5173 Latine,
2695 5108 2999 5163 immutatis
3031 5110 3296 5163 duntaxat
3328 5125 3451 5164 sen-

1875 5200 2027 5265 sibus
2059 5201 2127 5254 de
2160 5199 2298 5254 Filio
2330 5211 2386 5254 et
2425 5199 2629 5269 Spiritu
2665 5210 2874 5265 sancto,
2920 5203 3012 5271 qui
3054 5212 3293 5272 apertam
3337 5203 3450 5257 bla-

1872 5290 2599 5361 sphemiamprazferebant.
2621 5334 2634 5347 .
2661 5332 2675 5345 .
2704 5290 2771 5346 Et
2795 5309 2915 5347 cum
2945 5293 3153 5363 primus
3180 5294 3317 5350 liber
3350 5311 3447 5349 sex

1870 5385 2207 5445 voluminum
2249 5384 2391 5439 illius
2418 5382 2681 5455 (Eusebii)
2728 5386 2918 5439 eadem
2954 5396 3008 5441 et
3049 5387 3242 5441 iisdem
3270 5389 3447 5444 verbis

1871 5474 2145 5528 contineat
2171 5490 2291 5543 quae
2316 5473 2415 5529 sub
2463 5477 2687 5529 nomine
2723 5475 2986 5546 Pamphili
3021 5493 3051 5529 a
3086 5488 3137 5532 te
3165 5479 3289 5533 ficta
3323 5489 3446 5534 sunt

1873 5606 1887 5633 ε
1922 5603 1936 5618 .
1972 5605 1985 5617 .
2013 5582 2245 5637 cumque
2280 5568 2345 5622 de
2391 5568 2493 5622 hoc
2525 5567 2642 5638 ipso
2674 5567 2847 5633 libro,
2882 5583 3043 5639 quem
3074 5568 3344 5641 Pamphili
3370 5572 3444 5625 si-

1870 5655 2069 5720 mulas,
2094 5656 2263 5710 multa
2297 5659 2651 5726 perveneris,
2686 5669 2741 5713 et
2769 5659 2927 5713 aliter
2959 5660 3012 5713 in
3040 5659 3253 5726 Graeco,
3285 5661 3443 5715 aliter

1868 5748 1922 5801 in
1954 5748 2148 5803 Latino
2178 5750 2286 5814 sit,
2329 5768 2347 5800 ›
2381 5760 2487 5805 etc.
2535 5751 2740 5807 Sensus
2774 5753 3039 5805 duntaxat
3080 5752 3157 5806 ait
3190 5752 3441 5807 Rufinum

1870 5840 2215 5912 pervertisse,
2248 5842 2504 5898 nimirum
2541 5844 2762 5900 verbula
2790 5845 3067 5917 quaedam,
3102 5860 3221 5917 qua:
3252 5844 3441 5901 Hiero-
