3992 6312
270 412 377 471 533

1220 412 1569 471 APOLOGIA
1605 414 1743 472 PRO
1778 414 2101 473 ORIGENE.
2146 445 2212 455 -—
2248 413 2585 472 MONITUM.

3428 420 3533 475 δδι

274 549 469 605 nymus
504 533 557 586 in
600 531 797 587 malam
844 540 1049 601 partem
1084 533 1360 598 trahebat,
1390 533 1717 604 quibusdam
1749 535 1845 590 ad-
1876 540 1920 596 Α
1952 534 2139 597 nolim,
2176 533 2321 603 quod
2370 542 2496 587 ante
2525 541 2579 587 et
2616 540 2736 601 post
2768 532 3057 587 concilium
3108 532 3385 593 Nicaenum
3439 551 3532 593 ca-

268 625 395 680 ditis
416 664 433 689 ,
474 623 797 693 quibusdam
834 623 1058 678 resectis
1079 662 1095 687 ,
1126 623 1192 678 ad
1233 624 1430 681 bonam
1465 628 1843 693 convertisse;

270 730 376 769 non
407 714 655 784 integros
683 721 971 769 contextus
1007 714 1351 771 subtraxisse
1382 724 1437 769 et
1476 716 1614 771 alios
1642 717 1842 772 substi-

268 809 460 865 tuisse.
491 806 558 861 Et
584 808 723 863 hanc
754 820 878 864 esse
899 807 1219 880 Hieronymi
1252 820 1487 867 mentem
1518 811 1845 883 intelligitur

264 915 335 955 ex
370 900 466 954 lib.
497 914 555 955 ιιι
590 900 840 954 adversus
877 900 1151 970 Ruﬁnum,
1187 902 1277 957 ubi
1308 904 1386 957 ait
1412 904 1495 959 vel
1532 904 1843 975 Didymum,

265 990 353 1048 vel
388 988 666 1055 Ruﬁnum,
702 989 786 1047 vel
815 991 982 1046 alium
1016 992 1200 1047 nescio
1223 1008 1383 1064 quem
1418 996 1471 1049 in
1496 993 1692 1050 bonam
1722 1011 1846 1066 par-

269 1089 377 1135 tem
404 1088 515 1134 tam
540 1077 729 1135 Graece
757 1094 922 1150 quam
949 1077 1143 1135 Latine
1176 1079 1467 1151 plerasque
1482 1081 1847 1152 blasphemias

264 1181 671 1236 commutasse,
702 1186 828 1242 quae
877 1171 933 1227 in
980 1171 1202 1228 Eusebii
1238 1181 1389 1229 textu
1436 1179 1842 1246 comparebant.

262 1262 423 1330 Quod
472 1277 577 1339 non
622 1262 766 1318 aliud
812 1262 1089 1333 signiﬁcat
1145 1277 1307 1335 quam
1357 1281 1479 1336 quae
1529 1268 1845 1340 blasphema

264 1356 601 1429 Hieronymo
623 1356 972 1421 videbantur,
998 1355 1114 1412 solo
1140 1358 1430 1414 verborum
1454 1374 1615 1415 sensu
1649 1362 1848 1415 immu-

262 1457 403 1515 tato,
447 1449 514 1503 ad
557 1447 895 1504 catholicum
927 1462 1145 1503 sensum
1173 1449 1489 1507 adduxisse.
1535 1452 1668 1508 Rem
1699 1455 1844 1510 enim

262 1540 503 1611 aliquam
554 1541 607 1595 in
648 1539 845 1600 bonam
889 1551 1098 1612 partem
1134 1553 1509 1609 commutare,
1553 1556 1637 1601 est
1673 1547 1843 1617 ipsam

261 1634 622 1704 eamdemque
660 1648 793 1699 rem,
823 1648 944 1704 quae
984 1635 1123 1689 mala
1155 1634 1239 1690 vel
1266 1645 1406 1702 erat,
1443 1637 1525 1690 vel
1550 1652 1668 1694 esse
1699 1638 1847 1695 vide-

263 1725 453 1791 batur,
477 1727 545 1780 ad
568 1726 770 1782 bonum
802 1737 1146 1784 convertere.
1174 1726 1279 1783 Res
1309 1728 1498 1783 eadem
1523 1742 1849 1799 permanet;

261 1827 440 1874 status
466 1819 543 1874 rei
576 1834 682 1874 non
715 1818 883 1873 idem.

1959 627 2155 683 tholiee
2189 628 2393 680 dictum
2426 635 2549 692 est;
2586 625 2730 694 quod
2766 625 3097 695 Theophilus
3131 624 3528 695 Autio‘chenus,

1955 720 2098 787 quod
2129 717 2408 786 Justinus,
2454 717 2597 789 quod
2630 717 2887 783 lrentens,
2926 719 3069 788 quod
3114 717 3422 775 Orientales
3470 722 3528 776 in

1954 814 2206 883 exemplo
2254 813 2377 868 ﬁdei
2431 821 2616 867 contra
2649 810 2968 878 Photiuum,
3000 813 3254 883 quodque
3285 812 3530 869 Hilarius

1952 918 2009 963 et
2030 906 2360 963 Athanasius
2389 905 2606 960 Arianae
2639 904 2863 959 haeresis
2898 904 3153 959 acerrimi
3182 905 3529 977 impugnata.

1955 1014 2065 1064 res,
2098 1013 2165 1053 eo
2188 1012 2352 1053 sensu
2383 1012 2491 1066 quo
2519 995 2807 1066 Origenes,
2833 996 3106 1060 dixerunt,
3132 1004 3192 1050 ut
3219 995 3357 1051 infra
3381 997 3531 1053 vide-

1954 1091 2131 1145 bimus
2160 1090 2213 1144 in
2245 1088 2561 1157 Origem'an.
2592 1086 2692 1142 lib.
2724 1103 2788 1155 tt,
2814 1102 2933 1158 cap.
2984 1087 3042 1150 2,
3073 1096 3265 1156 quast.
3289 1088 3345 1152 '2,
3378 1104 3528 1143 num.

1955 1183 2044 1239 M.
2066 1182 2220 1248 Quod
2251 1190 2437 1235 autem
2454 1180 2531 1234 ait
2560 1180 2947 1251 Hieronymus,
2972 1178 3238 1249 Spiritum
3283 1191 3529 1237 sanctum

1955 1274 2008 1329 in
2031 1288 2097 1330 eo
2135 1271 2414 1327 volumine
2447 1287 2553 1327 non
2593 1272 2660 1326 de
2698 1272 2893 1327 eadem
2920 1269 3105 1325 Patris
3143 1270 3532 1342 Filiiquesub-

1953 1366 2146 1425 stantia
2173 1364 2304 1427 diei,
2330 1364 2382 1419 id
2412 1377 2675 1433 nusquam
2714 1362 2876 1417 hodie
2907 1362 3195 1431 reperitur,
3226 1376 3325 1417 nec
3354 1372 3530 1418 tamen

1955 1454 2079 1511 inde
2122 1455 2555 1511 concludendum
2616 1469 2761 1518 reor,
2814 1455 3273 1524 quemadmodum
3309 1454 3534 1524 coniicit

1956 1545 2180 1601 Huetius
2209 1547 2311 1618 (5),
2340 1562 2407 1603 ea
2444 1546 2615 1602 fuisse
2647 1563 2676 1599 a
2724 1545 2922 1601 Ruﬁno
2948 1561 3126 1613 erasa,
3162 1562 3271 1616 quo
3314 1562 3551 1602 omnem.

1954 1638 2201 1708 quaerela:
2225 1653 2413 1693 ansam
2445 1639 2785 1709 praecideret.
2821 1635 3070 1706 Nunquid
3103 1638 3247 1692 enim
3281 1637 3529 1702 Ruﬁnus,

1953 1730 2045 1800 qui
2102 1730 2156 1785 in
2194 1730 2285 1785 illo
2333 1730 2450 1801 ipso
2498 1730 2638 1785 libro
2683 1729 2933 1800 religiose
2981 1729 3287 1797 profitetur,
3323 1745 3345 1780 ι
3386 1731 3531 1797 quod

1955 1831 2141 1879 saneta
2195 1822 2435 1879 Trinitas
2481 1832 2773 1878 coaeternar
2823 1822 2916 1887 sit,
2967 1830 3022 1876 et
3083 1822 3247 1875 unius
3300 1828 3531 1885 naturas,

338 1910 452 1965 VII.
485 1908 592 1964 Sed
622 1910 854 1965 necdum
881 1909 964 1965 his
993 1919 1284 1966 contentus
1312 1926 1432 1982 quae
1458 1928 1620 1983 supra
1648 1913 1848 1984 objecit
1881 1907 1922 1961 Β
1952 1915 2219 1983 uniusque
2254 1914 2475 1969 virtutis
2496 1923 2549 1969 cl
2581 1913 2932 1979 substantiae,
2983 1931 3002 1963 ι
3051 1922 3213 1979 atque
3244 1911 3401 1966 aliter
3435 1911 3533 1967 do-

264 2001 635 2074 Hieronymus
685 2003 752 2057 ad
805 2002 1111 2073 Apologiam
1167 2004 1311 2059 hanc
1365 2016 1555 2061 sancto
1619 2012 1847 2078 martyri

261 2091 554 2163 Pamphilo
571 2094 1005 2165 abjudicandam,
1027 2096 1223 2149 iterum
1257 2096 1427 2152 instat
1449 2098 1543 2153 lib.
1570 2114 1613 2153 tr
1639 2100 1846 2155 advers.

264 2185 526 2257 Ruﬁnum
575 2190 661 2245 his
699 2189 918 2244 verbis:
960 2205 978 2239 ι
1015 2188 1276 2255 Quamvis
1320 2191 1389 2246 de
1434 2190 1656 2247 Eusebii
1709 2192 1850 2250 libro

271 2280 445 2334 inulta
480 2281 832 2343 subtraxerit,
867 2288 922 2335 et
957 2280 1011 2334 in
1044 2281 1244 2335 bonam
1272 2290 1482 2348 partem
1519 2281 1585 2335 de
1617 2280 1758 2337 Filio
1797 2291 1852 2337 et

270 2372 345 2426 de
375 2371 578 2441 Spiritu
602 2382 792 2427 sancto
815 2373 964 2427 nisus
993 2370 1067 2427 sit
1096 2383 1456 2437 commutare,
1476 2382 1655 2428 tamen
1683 2373 1850 2429 multa

266 2462 328 2516 in
366 2463 459 2517 illo
485 2464 741 2519 scandala
774 2463 1118 2534 reperiuntur
1141 2474 1196 2520 et
1228 2466 1582 2535 apertissimre
1600 2466 1851 2536 blasphe-

272 2555 418 2620 miaa,
457 2570 577 2624 qua:
628 2555 730 2611 iste
780 2570 880 2610 sua
929 2572 1131 2628 negare
1180 2574 1288 2612 non
1325 2559 1549 2628 poterit,
1581 2560 1849 2615 catholica

264 2662 397 2702 esse
442 2647 826 2716 pronuntians.
877 2647 1020 2702 Dicit
1053 2649 1336 2717 Eusebius,
1374 2650 1506 2713 imo,
1552 2659 1610 2704 ut
1656 2659 1711 2703 tu
1742 2650 1848 2714 vis,

268 2739 588 2809 Pamphilus
646 2740 697 2794 iu
751 2740 856 2795 isto
898 2741 1173 2797 volumine
1221 2741 1416 2797 Filium
1462 2742 1643 2798 Patris
1686 2744 1849 2798 mini-

268 2840 482 2899 strum;
515 2832 779 2901 Spiritum
818 2845 1068 2889 sanetum
1093 2849 1198 2889 non
1226 2835 1293 2890 de
1325 2836 1519 2890 eadem
1549 2834 1726 2892 Patris
1755 2833 1848 2890 Fi-

268 2923 439 2993 liique
476 2925 813 2993 substantia;
848 2929 1061 2983 animas
1091 2928 1370 2983 hominum
1417 2928 1596 2996 lapsas
1635 2942 1757 2983 esse
1783 2929 1849 2983 de

268 3018 434 3083 coelo,
458 3028 513 3073 et
540 3021 593 3073 in
624 3021 724 3074 hoc
756 3021 900 3090 quod
940 3036 1132 3077 sumus
1176 3020 1244 3076 de
1273 3020 1480 3090 angelis
1506 3020 1847 3087 commutati,

262 3111 321 3165 in
348 3112 693 3167 restitutione
714 3114 956 3167 omnium
979 3113 1215 3183 aaquales
1234 3123 1290 3169 et
1310 3114 1553 3184 angelos,
1582 3114 1851 3169 etdaemo-

269 3217 393 3271 nes,
424 3215 481 3259 et
510 3205 761 3260 homines
792 3206 930 3273 fore,
961 3215 1015 3261 et
1047 3207 1152 3261 alia
1178 3215 1287 3261 tam
1335 3206 1502 3274 impia
1536 3213 1589 3261 et
1620 3205 1847 3271 nefaria,

1952 2010 2095 2066 centi
2128 2009 2415 2063 anathema
2438 2006 2742 2069 denuntiat,
2777 2005 2911 2059 adeo
2933 2003 3181 2074 stupidus
3200 2018 3322 2059 esse
3356 2002 3533 2073 potuit

1954 2113 2012 2159 ut
2054 2084 2165 2157 tam
2208 2102 2439 2172 spissam
2490 2097 2884 2169 blasphemiam
2930 2096 2983 2150 in
3018 2112 3113 2151 sua
3163 2094 3528 2150 translatione

1952 2205 2202 2267 poneret,
2251 2204 2308 2250 et
2348 2193 2563 2263 iabsquc
2593 2191 2860 2246 monitore
2901 2187 3231 2259 Hieronymo
3262 2206 3368 2246 non
3417 2189 3532 2247 ani—

1953 2287 2365 2345 madverteret?
2400 2285 2625 2349 Deinde,
2666 2284 2711 2339 si
2750 2298 2871 2339 eam
2904 2297 2934 2338 e
2966 2282 3243 2338 codicibus
3276 2283 3390 2337 suis
3430 2297 3532 2338 ex-

1952 2375 2162 2443 punxit,
2181 2374 2324 2429 unde
2348 2372 2513 2443 igitur
2534 2373 2717 2428 evenit
2732 2380 2790 2426 ut
2807 2371 3010 2425 nullum
3027 2371 3143 2441 ejus
3160 2373 3342 2442 operis
3358 2387 3534 2427 exem-

1952 2465 2244 2535 plarhodie
2268 2473 2466 2531 exstet,
2490 2465 2543 2518 in
2566 2479 2677 2534 quo
2708 2461 3044 2531 blasphemia
3077 2462 3167 2518 illa
3200 2463 3536 2531 reperiatur?

1950 2557 2086 2611 Nam
2104 2556 2263 2627 longe
2290 2556 2506 2626 lateque
2530 2556 2777 2625 dispersa
2805 2554 3023 2609 fuerant
3061 2555 3361 2610 Rufinianus
3400 2571 3531 2610 ver-

1950 2649 2120 2705 sionis
2161 2648 2511 2714 exemplaria,
2543 2658 2835 2718 antequam
2866 2647 2994 2701 illud
3037 2646 3302 2716 objiceret
3333 2648 3526 2704 Hiero-

1953 2738 2329 2811 nymus.Num
2344 2738 2645 2795 verisimile
2676 2748 2761 2795 est
2781 2737 3033 2793 Ruﬁnum
3069 2740 3307 2809 potuisse
3333 2755 3523 2796 omnes

1953 2832 2075 2887 illos
2105 2832 2314 2902 priores
2336 2832 2557 2888 codices
2587 2832 2702 2888 sive
2728 2833 3093 2903 supprimere,
3129 2833 3247 2888 sive
3278 2836 3535 2889 emenda-

1950 2942 2011 2983 re
2030 2927 2102 2981 *ἕνα
2140 2925 2278 2993 Quid
2316 2926 2481 2995 igitur
2504 2925 2834 2982 dicendum?
2860 2924 2963 2980 Det
2989 2926 3120 2980 mihi
3150 2925 3320 2981 lector
3343 2941 3532 2996 aequus

1951 3019 2291 3088 conjectandi
2320 3024 2557 3085 veniam,
2586 3020 2761 3089 inquit
2801 3018 2991 3075 Bullus
3020 3018 3353 3087 Defensionis
3405 3018 3531 3087 ﬁdei

1955 3109 2190 3165 Nicwnw
2238 3114 2303 3166 de
2353 3108 2483 3165 Filii
2527 3110 2611 3177 τῷ
2639 3111 2943 3182 όμοουσίῳ
2983 3128 3107 3182 cap.
3144 3113 3200 3177 9,
3248 3129 3396 3166 num.
3436 3113 3529 3167 21.

1956 3204 2269 3273 Pamphilus
2302 3218 2485 3273 prope
2512 3204 2677 3259 tinem
2721 3186 2992 3275 Αιῖοιορὶιε
3030 3221 3057 3259 a
3097 3205 3292 3261 Ruﬁno
3336 3221 3527 3271 versae,

260 3312 395 3367 quas
423 3300 589 3353 etiam
627 3301 894 3371 replicare
924 3300 995 3354 sit
1025 3300 1294 3354 criminis.
1338 3318 1355 3349 ι
1392 3299 1592 3353 Verum
1613 3299 1704 3354 hic
1728 3314 1850 3354 san-
1878 3282 1922 3339 ί)
1955 3292 2207 3364 Origenis
2254 3310 2498 3350 errorem
2530 3296 2598 3350 de
2634 3296 2938 3350 animarum
2970 3296 3309 3367 προῦπάρξει
3355 3296 3532 3351 defen-

262 3399 394 3445 ctus
440 3389 630 3445 doctor
676 3391 777 3446 sibi
830 3391 931 3462 ipsi
987 3402 1174 3460 aperte
1235 3392 1573 3445 adversatur.
1614 3391 1850 3445 Tantum

266 3483 419 3536 enim
451 3484 605 3538 abest
643 3494 701 3538 ut
729 3482 963 3553 aliquem
989 3484 1054 3538 de
1099 3482 1368 3537 Trinitate
1409 3497 1653 3537 errorem
1687 3482 1741 3536 in
1787 3497 1851 3538 ea

268 3572 460 3630 Ruﬁni
512 3575 969 3645 interpretatione
1009 3575 1294 3645 repererit,
1353 3584 1412 3628 ut
1448 3573 1789 3643 Pamphilum
1822 3589 1853 3629 e

223 3737 232 3746 '
267 3668 551 3722 contrario
575 3676 793 3723 asserat
822 3667 1056 3722 Nicaeum
1091 3668 1307 3738 synodi,
1334 3683 1456 3737 quae
1493 3667 1588 3719 fuit
1639 3678 1851 3736 postea,

271 3774 375 3830 per
403 3773 521 3813 eam
553 3759 768 3814 ostendi
794 3759 1159 3822 defensorem,
1202 3766 1258 3813 et
1302 3757 1427 3811 inde
1470 3757 1757 3812 concludat
1783 3757 1852 3811 ab

270 3852 462 3921 aliquo
486 3852 540 3906 in
556 3850 831 3906 Trinitate
854 3850 1130 3905 catholico
1155 3865 1294 3920 opus
1322 3849 1452 3903 illud
1471 3848 1641 3904 fuisse
1666 3862 1848 3904 emen-

268 3945 481 4000 datum.
503 3942 593 3997 Sic
623 3941 767 3996 enim
806 3940 882 3994 ait
907 3940 1007 3995 sub
1031 3938 1189 3993 ﬁnem
1219 3936 1463 4008 epistolae
1508 3934 1578 3991 65
1600 3935 1666 3990 ad
1694 3934 1853 3989 Pam-

270 4035 548 4092 machimn
604 4045 660 4090 et
707 4032 984 4089 Oceanum
1026 4051 1040 4087 :
1081 4050 1099 4083 ‹
1144 4030 1251 4087 Sex
1307 4031 1579 4086 librorum
1630 4028 1851 4084 Eusebii

268 4143 436 4198 super
475 4127 717 4197 Origenis
767 4125 1087 4196 Defemione
1154 4123 1481 4195 principium
1549 4136 1725 4192 usque
1784 4119 1849 4174 ad

275 4219 424 4276 mille
459 4219 631 4274 ferme
660 4232 850 4275 versus
879 4217 1020 4271 liber
1042 4219 1176 4282 iste,
1208 4215 1299 4286 qui
1334 4214 1605 4284 Pamphili
1630 4214 1849 4277 dicitur,

274 4309 666 4374 eontinet,et,in
684 4307 910 4379 reliquis
930 4308 1168 4376 scriptor
1181 4306 1429 4377 ejusdem
1442 4307 1625 4375 operis
1646 4306 1854 4375 profert

274 4402 589 4457 testimonia
619 4401 816 4471 quibus
841 4399 1030 4453 nititur
1060 4398 1360 4469 approbare
1382 4396 1668 4468 Origenem
1691 4396 1854 4452 fuisse

280 4494 636 4550 catholicum.
672 4492 940 4548 Eusebius
979 4501 1035 4547 et
1067 4490 1378 4563 Pamphilus
1400 4498 1608 4545 tantam
1632 4489 1774 4544 inter
1794 4502 1854 4545 se

274 4587 516 4642 habuere
546 4586 922 4650 concordiam,
941 4594 1000 4639 ut
1017 4584 1382 4640 uniusanima:
1406 4583 1653 4638 homines
1671 4589 1849 4652 putes,

272 4688 330 4737 et
346 4678 413 4735 ab
427 4694 538 4734 uno
552 4678 693 4733 alter
705 4693 899 4734 nomen
919 4677 1214 4746 acceperit.
1228 4675 1511 4743 Quomodo
1525 4675 1695 4747 igitur
1708 4675 1852 4730 inter

275 4786 336 4828 se
364 4771 661 4827 dissentire
691 4779 1004 4841 potuerunt,
1064 4777 1123 4824 ut
1156 4768 1423 4824 Eusebius
1454 4770 1507 4823 in
1546 4778 1658 4823 toto
1684 4780 1851 4838 opere

274 4879 372 4920 suo
404 4865 698 4934 Origenem
722 4863 913 4917 Ariani
948 4865 1141 4933 probet
1169 4862 1458 4932 dogmatis,
1490 4870 1545 4915 et
1589 4860 1848 4929 Pamphi-

274 4956 359 5013 lus
381 4956 615 5013 Nicaeum
646 4956 863 5027 synodi,
914 4972 1037 5025 qua:
1087 4955 1186 5009 fuit
1216 4965 1426 5024 postea,
1458 4953 1797 5009 defensorem
1825 4953 1848 5007 ἲ

282 5047 355 5103 Ex
392 5036 502 5118 quo
535 5048 842 5103 ostenditur
887 5047 971 5102 vel
1018 5047 1248 5117 Didymi,
1282 5047 1363 5100 vel
1390 5045 1678 5113 cujuslibet
1717 5049 1853 5101 alte-

280 5142 392 5195 rius
434 5155 561 5195 esse
610 5140 951 5209 opusculum,
989 5139 1105 5207 qui,
1131 5152 1228 5192 sex
1258 5135 1523 5191 librorum
1549 5135 1728 5205 capite
1754 5136 1850 5189 de-

277 5239 555 5297 truncato,
605 5243 802 5287 canem
834 5231 1076 5286 membra
1129 5229 1373 5284 soeiarit.
1410 5247 1429 5279 ι
1458 5226 1670 5281 Nullam
1721 5242 1851 5297 ergo

280 5322 528 5379 bzeresim
564 5324 618 5378 in
652 5338 717 5378 ea
749 5322 928 5377 Ruﬁni
950 5322 1416 5391 interpretatione,
1448 5321 1653 5375 nullum
1694 5335 1852 5376 scan-

281 5415 483 5484 dalum,
510 5415 783 5471 nullamve
806 5415 1202 5485 blasphemiam
1228 5424 1358 5470 tunc
1389 5414 1694 5484 reperiebat
1725 5413 1851 5471 Hie-

277 5521 559 5579 ronymus.
589 5508 822 5564 Exstant
846 5523 1066 5579 quidem
1090 5520 1197 5563 auo
1227 5507 1533 5564 testimonia
1569 5507 1659 5563 ubi
1684 5506 1853 5565 Filius

278 5596 458 5677 Patris
484 5600 737 5657 minister
763 5600 966 5657 dicitur
998 5617 1013 5654 :
1045 5602 1139 5656 sed
1182 5601 1311 5656 illud
1342 5601 1718 5673 blasphemum
1743 5601 1853 5660 dici

346 5717 394 5751 ³⁸
432 5717 636 5788 Ephes.
664 5731 741 5786 tv,
774 5715 865 5774 30.

346 5874 427 5949 (5)
453 5876 765 5949 Origenian.
798 5876 893 5935 lib.
929 5893 991 5949 It,
1016 5886 1208 5949 quaest.
1240 5877 1330 5950 14,
1360 5896 1508 5941 ιιυιιι.
1538 5880 1624 5937 16.

1954 3387 2111 3451 dens,
2144 3386 2227 3441 vel
2256 3399 2404 3442 certe
2432 3402 2718 3452 excusans,
2748 3398 3049 3456 contraque
3097 3404 3194 3443 eos
3244 3391 3533 3459 disputans

1955 3474 2047 3544 qui
2082 3475 2388 3529 animarum
2420 3475 2822 3530 traductionem
2868 3477 3255 3541 defenderent,
3290 3477 3399 3533 duo
3430 3478 3529 3533 ho-

1959 3582 2080 3623 rum
2123 3580 2327 3636 genera
2373 3565 2634 3620 describit
2669 3580 2683 3617 :
2716 3565 2948 3621 alterum
2997 3581 3187 3621 eorum
3219 3567 3350 3636 qui,
3408 3583 3530 3621 cum

1954 3658 2165 3712 animas
2187 3655 2467 3711 hominum
2493 3669 2563 3710 ex
2597 3656 2821 3711 traduce
2846 3670 2969 3711 esse
2986 3659 3267 3722 docerent,
3302 3658 3529 3727 primam

1956 3759 2137 3805 tamen
2173 3748 2411 3803 animam
2432 3760 2500 3802 ex
2531 3747 2625 3802 Dei
2648 3762 2768 3803 esse
2795 3747 3100 3802 substantia
3130 3747 3486 3804 defenderent
3512 3766 3527 3813 ;

1954 3854 2147 3896 eorum
2178 3840 2447 3907 alterum;
2464 3840 2558 3912 qui
2612 3855 2682 3895 ex
2744 3838 2921 3899 nihilo
2952 3840 3149 3895 factam
3176 3856 3296 3897 esse
3349 3856 3381 3897 a
3418 3842 3531 3896 Deo

1955 3933 2192 3988 animam
2216 3932 2361 3988 illam
2399 3934 2631 4003 primam
2668 3942 3001 3989 assererent.
3020 3933 3296 3989 Adversus
3320 3935 3531 4005 priores

1958 4024 2034 4081 ita
2066 4024 2291 4080 disserit
2315 4022 2631 4094 Pamphilus
2660 4042 2675 4078 :
2714 4042 2735 4076 ι
2763 4022 2886 4080 Jam
2915 4038 3045 4080 vero
3068 4025 3144 4080 illi
3174 4028 3266 4096 qui
3314 4042 3382 4082 ex
3415 4037 3529 4083 tra-

1954 4117 2091 4172 duce
2112 4117 2323 4172 animas
2355 4116 2546 4172 venire
2576 4115 2868 4181 afﬁrmant,
2904 4126 2959 4171 et
2986 4117 3146 4172 simul
3180 4133 3302 4173 cum
3330 4135 3531 4190 corpo-

1955 4211 2053 4267 rali
2079 4226 2173 4267 eas
2191 4211 2718 4277 semineseminari;
2750 4212 3037 4281 siquidem,
3066 4223 3125 4267 ut
3146 4215 3363 4283 quidam
3387 4216 3532 4284 ipso-

1954 4316 2072 4357 rum
2091 4299 2362 4358 aﬁirmare
2396 4303 2594 4369 solent,
2614 4319 2719 4357 non
2747 4303 2895 4357 aliud
2922 4304 3364 4359 dicuntanimam
3383 4322 3531 4370 esse,

1953 4410 2115 4465 quam
2150 4393 2583 4450 insuiﬁationem
2626 4395 2864 4464 Spiritus
2912 4397 3033 4462 Dei,
3094 4397 3241 4451 illam
3297 4398 3528 4465 scilicet,

1951 4502 2114 4557 quam
2136 4487 2191 4541 in
2217 4486 2371 4541 initio
2393 4486 2617 4541 factura:
2640 4489 2823 4542 mundi
2845 4487 2986 4543 Deus
3015 4488 3533 4545 insuﬁlussedicitur

1956 4581 2010 4634 in
2030 4580 2225 4645 Adam,
2264 4581 2331 4635 de
2357 4580 2473 4649 ipsa
2515 4579 2611 4636 Dei
2637 4595 2758 4635 esse
2780 4595 2904 4635 eam
2935 4582 3236 4636 substantia
3273 4583 3532 4653 proﬁten-

1957 4681 2073 4739 tes;
2107 4672 2380 4742 quomodo
2413 4688 2521 4726 non
2543 4682 2598 4727 et
2626 4674 2711 4729 isti
2756 4675 3085 4729 videbuntur
3128 4675 3533 4744 quodammodo

1955 4765 2071 4820 hzec
2103 4776 2304 4834 praeter
2339 4764 2639 4835 Scriptura:
2694 4768 2936 4837 regulam
2972 4779 3027 4825 et
3060 4772 3326 4826 rationem
3360 4772 3532 4841 pieta-

1954 4858 2024 4911 tis
2076 4871 2343 4922 asserere,
2386 4858 2532 4925 quod
2590 4858 2895 4914 substantia
2949 4860 3044 4916 Dei
3083 4861 3205 4916 est?
3243 4880 3262 4913 ι
3301 4861 3401 4916 Vix
3426 4861 3532 4918 du-

1954 4949 2068 5004 bito
2103 4949 2231 5018 quin
2264 4965 2335 5003 ex.
2357 4949 2441 5003 his
2479 4951 2659 5005 verbis
2689 4951 2848 5005 istam
2886 4950 3167 5023 Pamphilo
3202 4953 3531 5009 calumniam

1952 5039 2621 5112 StruxeritHieronymus.
2665 5042 2873 5114 Quippe
2904 5060 3029 5099 eum
3063 5055 3304 5100 veterum
3347 5045 3530 5103 multis

1954 5134 2126 5190 sensit
2178 5133 2565 5204 Hieronymus,
2617 5135 2954 5204 Spirnculum
2991 5138 3136 5200 vitae,
3186 5137 3332 5207 quod
3385 5137 3525 5195 Deus

1952 5226 2131 5294 primo
2157 5225 2361 5281 homini
2412 5225 2720 5282 insutllasse
2743 5228 2959 5295 dicitur,
2988 5226 3155 5283 fuisse
3198 5230 3371 5299 ipsum
3404 5230 3527 5301 Spi-

1959 5321 2123 5376 ritum
2164 5328 2410 5375 sanctum
2437 5321 2613 5376 eidem
2672 5321 2882 5376 homini
2922 5338 3026 5376 una
3055 5338 3178 5377 eum
3204 5325 3384 5379 anima
3413 5324 3532 5388 ejus

1959 5412 2217 5469 infusum.
2232 5413 2323 5469 Sic
2339 5416 2390 5469 in
2408 5412 2807 5469 Commentariis
2820 5416 2871 5470 in
2887 5430 3004 5486 cap.
3025 5432 3073 5471 ιν
3085 5416 3254 5487 Epist.
3270 5419 3335 5473 ad
3353 5419 3556 5488 Ephe-.

1929 5508 1933 5518 '
1960 5506 2093 5574 sios,
2112 5507 2179 5563 ad
2194 5506 2353 5564 verba
2371 5506 2492 5563 illa:
2515 5527 2533 5559 ι
2560 5506 2736 5565 Nolite
2765 5510 3087 5565 contristare
3107 5509 3368 5580 Spiritum
3399 5527 3533 5569 san-

1962 5611 2109 5659 ctum
2154 5601 2210 5658 in
2251 5617 2360 5674 quo
2389 5601 2588 5675 signati
2617 5603 2749 5660 estis
2780 5604 2835 5661 in
2869 5604 2957 5661 die
2991 5603 3379 5679 redemptionis
3400 5603 3472 5676 ⁸⁸,
3506 5622 3525 5656 ι
