3992 6312
350 401 458 459 533

1556 402 1612 456 S.
1655 399 1982 456 PAMPHILI
2019 399 2371 454 MARTYRIS

3495 398 3608 458 536

352 519 470 576 haec
507 519 771 575 adnotat:
810 537 830 571 ι
870 519 1078 590 Signati
1138 521 1283 575 enim
1338 536 1525 576 sumus
1574 521 1779 588 Spiritu
1840 520 1930 575 Dei
1960 526 2007 579 A
2037 521 2253 574 assidue
2307 528 2638 583 versaverat,
2681 519 2732 573 in
2772 534 2871 574 suo
2917 518 3124 573 Histor.
3167 518 3353 573 eccles.
3404 516 3497 573 lib.
3522 534 3605 586 vr,

349 622 563 676 sancto,
612 620 673 667 ut
722 622 778 667 et
817 612 1258 682 spiritnsnoster
1280 620 1337 667 et
1381 612 1563 666 anitna
1614 611 1925 682 impriman-

352 711 441 757 tur
501 702 780 774 signaculo
844 702 973 768 Dei,
1021 712 1078 757 et
1147 703 1290 757 illam
1350 704 1676 773 recipiamus
1729 702 1921 773 imagi-

350 808 475 849 nem
507 802 563 849 et
591 794 1024 859 similitudinem,
1061 795 1129 849 ad
1175 809 1338 864 quam
1380 794 1431 847 in
1464 793 1691 849 exordio
1716 793 1923 850 conditi

350 900 556 941 sumus.
588 884 697 940 Hoc
724 884 1062 954 signaculum
1094 885 1268 943 sancti
1311 884 1569 956 Spiritus,
1612 885 1766 955 juxta
1812 887 1920 942 elo-

349 980 535 1049 quium
564 977 892 1042 Servatoris,
915 976 1029 1033 Deo
1071 978 1436 1048 imprimente,
1469 979 1735 1047 signatur.
1771 996 1791 1031 ι
1825 978 1923 1034 Ubi

351 1072 639 1143 imaginem
669 1079 727 1126 et
777 1071 1188 1126 similitudinem
1236 1072 1382 1126 illam
1425 1070 1539 1138 Dei,
1578 1070 1646 1126 ad
1669 1086 1831 1141 quam
1868 1071 1921 1125 in

350 1162 462 1230 ipsa
494 1177 593 1219 sua
628 1163 905 1218 creatione
945 1161 1261 1217 ell’ormatns
1298 1164 1403 1217 fuit
1435 1164 1617 1225 homo,
1657 1164 1924 1232 interpre-

351 1262 495 1308 tatur
515 1254 855 1323 signaculum
883 1252 1120 1322 Spiritus
1139 1255 1309 1309 sancti
1346 1271 1361 1309 :
1389 1255 1531 1324 quod
1558 1255 1678 1308 ideo
1700 1254 1923 1309 omnino

346 1342 538 1399 fecisse
563 1343 933 1413 videtur,quia
954 1343 1282 1410 spiraculum
1305 1345 1451 1407 vitae,
1468 1345 1608 1413 quod
1627 1344 1769 1399 Deus
1799 1360 1919 1399 eum

348 1434 579 1503 primum
612 1434 888 1489 hominem
920 1432 1203 1496 formaret,
1236 1434 1336 1503 ipsi
1368 1432 1673 1493 insulllasse
1705 1432 1919 1499 dicitur,

347 1524 607 1595 Spiritum
640 1526 810 1581 fuisse
843 1535 1098 1580 sanctum
1134 1525 1386 1579 credidit.
1422 1524 1535 1579 lloc
1562 1525 1761 1579 clarius
1786 1521 1922 1577 dixit

346 1616 717 1676 Tertullianus
763 1619 862 1673 lib.
895 1616 976 1681 De
1007 1618 1289 1687 baptismo,
1317 1633 1437 1686 cap.
1465 1617 1519 1681 5,
1548 1616 1637 1670 ubi
1674 1617 1740 1672 de
1766 1630 1923 1685 rege-

345 1711 630 1765 neratione
653 1710 914 1775 hominis,
944 1724 1067 1780 qua:
1095 1724 1191 1778 per
1220 1708 1548 1779 baptismum
1587 1707 1670 1775 fit,
1719 1709 1799 1764 sic
1843 1707 1922 1763 Iov

345 1801 532 1870 quitur
560 1818 614 1857 ει
642 1801 720 1856 Ita
747 1801 1051 1857 restituitur
1079 1801 1243 1856 homo
1272 1801 1379 1855 Deo
1412 1800 1477 1854 ad
1512 1800 1918 1855 similitudinem

2027 628 2146 681 cap.
2175 611 2267 673 55,
2298 619 2484 679 aperte
2511 610 2696 664 testari
2716 625 2746 664 a
2778 625 2839 666 se
2864 618 2965 665 eta
2990 618 3339 665 sacrosancto
3365 620 3608 682 martyre

2025 701 2305 770 Pamphilo
2362 700 2761 770 Apologeticnm
2814 716 2911 770 pro
2965 700 3223 771 Origenis
3287 700 3608 757 defensione

2024 794 2299 849 communi
2329 794 2508 850 studio
2535 803 2699 863 atque
2755 809 2919 863 opera
2975 794 3203 861 jnnctim
3233 792 3397 848 fuisse
3415 795 3608 849 elaho—

2026 895 2225 949 ratum,
2258 885 2502 954 adeoque
2537 885 2845 954 Apologiam
2869 884 3011 939 hanc
3049 886 3152 940 sub
3180 885 3399 939 nomine
3445 883 3610 937 Pam-

2023 979 2157 1048 phili
2194 994 2222 1031 a
2250 977 2449 1031 Ruﬁno
2480 976 2703 1041 editam,
2736 990 2896 1046 quam
2927 991 3048 1032 esse
3099 976 3297 1031 fatetur
3340 975 3611 1047 Hierony-

2023 1086 2144 1127 mus
2175 1070 2468 1141 ipsummet
2494 1068 2709 1124 Eusebii
2736 1070 2968 1140 primum
2999 1070 3273 1135 volumen,
3304 1085 3425 1126 esse
3442 1070 3609 1124 Pam-

2022 1160 2156 1230 phili
2188 1160 2428 1217 simulet
2494 1161 2731 1215 Eusebii.
2784 1161 3010 1215 Videtur
3057 1177 3187 1231 ergo
3242 1160 3611 1232 Hieronymus

2024 1250 2149 1305 ideo
2181 1250 2427 1305 eamdem
2457 1251 2557 1306 soli
2588 1251 2824 1305 Eusebio
2846 1252 3184 1321 ascripsisse,
3211 1251 3333 1321 quia
3355 1251 3631 1318 Ruﬁnus,

2023 1342 2111 1396 cui
2146 1351 2272 1397 tttne
2309 1343 2566 1412 temporis
2604 1358 2716 1412 quo
2766 1345 2884 1398 haec
2938 1344 3213 1398 scribebat
3267 1360 3372 1399 non
3426 1345 3610 1399 minus

2023 1451 2185 1505 quam
2227 1435 2449 1506 Origeni
2485 1444 2606 1490 erat
2637 1435 2919 1503 infensus,
2960 1436 3058 1490 soli
3104 1435 3389 1506 Pamphilo
3435 1436 3611 1492 ascri-

2023 1518 2244 1595 pserat;
2272 1537 2327 1582 et
2352 1527 2474 1583 ideo
2522 1527 2755 1583 Eusebio
2786 1526 2882 1580 soli
2922 1528 3117 1581 iterum
3177 1528 3515 1597 ascripsisse,
3545 1536 3611 1583 ut

2021 1633 2142 1673 eam
2167 1619 2369 1673 Ariana
2389 1627 2539 1690 peste
2568 1632 2690 1674 esse
2720 1616 2973 1673 infectam
3002 1617 3215 1672 facilius
3233 1619 3609 1688 persuaderet,

2024 1713 2317 1783 Rnlinique
2342 1713 2464 1768 lidei
2489 1722 2546 1769 et
2578 1712 2889 1769 auctoritati
2925 1711 3127 1767 certius
3156 1712 3459 1781 derogaret.
3494 1710 3607 1766 Sed

2026 1805 2159 1860 nihil
2201 1806 2416 1873 prolicit
2463 1815 2688 1862 sanctus
2750 1807 2939 1861 doctor
2984 1813 3174 1860 contra
3224 1803 3607 1858 auctoritatem

345 1867 487 1962 ejus,
516 1893 609 1963 qui
646 1902 791 1949 retro
830 1893 898 1949 ad
947 1893 1237 1964 imaginem
1273 1893 1365 1947 Dei
1410 1893 1666 1948 conditus
1720 1891 1919 1958 fuerat,
1953 1867 1996 1923 Β
2026 1867 2214 1969 ipsius-
2245 1896 2486 1961 Eusebii,
2544 1897 2821 1965 Socratis,
2862 1897 3169 1970 anonymia
3212 1896 3281 1950 Β.
3349 1894 3409 1950 Ρ.
3451 1894 3607 1964 Lupo

345 1996 457 2041 etc.
504 1985 733 2052 Recepit
771 1986 917 2041 enim
955 1984 1107 2040 illum
1140 1984 1236 2045 Dei
1277 1984 1562 2054 Spiritum,
1595 2000 1756 2054 quem
1798 1995 1925 2040 tunc

344 2076 414 2133 de
458 2076 639 2132 alllatu
689 2076 808 2146 ejus
867 2086 1203 2147 susceperat,
1237 2077 1333 2133 sed
1376 2086 1499 2147 post
1531 2076 1794 2132 amiserat
1827 2090 1925 2146 per

345 2169 632 2229 delictum.
664 2187 683 2222 ι
717 2169 856 2226 Hine
900 2169 1063 2240 igitur
1103 2172 1305 2228 factum
1349 2170 1599 2236 videtur,
1641 2180 1701 2225 ut
1743 2185 1814 2227 ex
1856 2186 1924 2226 eo

346 2260 493 2331 quod
528 2260 945 2327 insuﬂlationem
975 2260 1214 2332 Spiritus
1243 2261 1336 2317 Dei
1372 2260 1688 2332 Pamphilus
1738 2262 1923 2335 (intel-

342 2350 518 2423 ligens
540 2352 798 2408 nimirum
829 2367 923 2422 per
940 2351 1383 2417 insulilationem,
1406 2352 1559 2423 justa
1585 2368 1707 2408 cum
1729 2354 1922 2410 adver-

341 2439 508 2495 sariis
533 2455 672 2510 quos
694 2438 915 2506 refellit,
943 2440 1078 2497 nihil
1102 2441 1251 2496 aliud
1283 2456 1447 2512 quam
1486 2442 1658 2513 ipsam
1684 2442 1921 2499 hominis

341 2529 603 2604 animam)
630 2541 855 2603 negaret
879 2533 947 2587 de
979 2531 1287 2591 substantia
1317 2545 1439 2588 esse
1468 2532 1584 2600 Dei,
1620 2532 1798 2603 ipsum
1823 2547 1919 2594 ca-

339 2621 637 2683 lumniatus
669 2623 833 2688 fuerit
860 2622 1252 2695 Hieronymus,
1282 2624 1439 2703 quasi
1473 2625 1751 2681 docuisset
1789 2625 1918 2697 Spig

340 2714 506 2769 ritum
559 2712 677 2781 Dei,
722 2712 934 2773 tertiam
985 2712 1301 2777 Divinitatis
1338 2728 1651 2784 personam,
1684 2716 1751 2771 de
1784 2717 1917 2772 sub-

338 2808 540 2870 stantia
595 2807 689 2863 Dei
745 2822 855 2875 non
899 2820 1039 2863 esse.
1083 2826 1103 2860 ι
1144 2805 1346 2865 Nullibi
1393 2809 1557 2866 etiam
1598 2820 1919 2880 comparent

339 2916 461 2970 quae
485 2910 671 2970 postea
696 2901 1051 2970 reprehendit
1083 2902 1466 2974 Hieronymus,
1495 2902 1705 2957 scilicet
1741 2920 1761 2955 ι
1799 2905 1919 2959 anis

343 3007 465 3071 tuas
504 2992 782 3051 hominum
814 2992 998 3062 lapsas
1022 3010 1146 3051 esse
1171 2996 1237 3049 de
1267 2994 1432 3058 cmlo,
1470 3003 1524 3049 et
1556 2994 1611 3049 iu
1642 2996 1745 3050 hoc
1768 2998 1914 3066 quod

340 3096 530 3138 sumus
543 3082 610 3137 de
635 3082 1197 3153 angeliscommutati,
1223 3085 1279 3139 in
1304 3084 1647 3142 restitutione
1669 3088 1913 3143 omnium

337 3173 576 3244 mquales
598 3173 714 3227 fore
737 3183 792 3229 et
827 3176 1069 3244 angelos.
1099 3188 1154 3231 et
1184 3176 1480 3242 dremones,
1503 3187 1561 3232 et
1592 3176 1860 3236 homines.
1889 3200 1908 3234 ι

339 3264 448 3327 Sed
473 3265 587 3321 hmo
616 3280 739 3320 cum
780 3269 1101 3327 naturaliter
1129 3280 1505 3349 sequanlurex
1530 3271 1915 3337 prteexsisten-

340 3357 415 3421 tia
454 3357 786 3421 animarum,
819 3374 984 3428 qttam
1019 3374 1285 3415 excursare
1335 3370 1510 3416 tentat
1558 3360 1910 3432 Pamphilus,

339 3449 463 3505 inde
498 3464 585 3515 ea,
616 3450 775 3521 quasi
801 3452 844 3507 si
872 3453 1017 3512 dicta
1045 3453 1671 3525 fuissent,exprobrasse
1700 3457 1915 3512 videtur

342 3538 726 3608 Hieronymus.

410 3631 545 3688 VIII.
574 3633 653 3689 Ex
688 3634 774 3689 his
808 3634 1112 3706 intelligere
1151 3636 1281 3692 licet
1339 3652 1584 3706 qumnam
1614 3636 1683 3691 sit
1733 3635 1915 3693 Iliero-

335 3737 502 3793 nymo
533 3724 665 3787 lides
690 3724 1017 3789 adhibenda,
1045 3742 1167 3783 cum
1215 3729 1267 3782 in
1316 3728 1457 3784 hanc
1506 3728 1752 3797 Origem‘s
1809 3728 1914 3783 De-

337 3813 629 3879 fensionem
664 3826 771 3870 tam
821 3819 1024 3877 acriter
1057 3819 1347 3885 invehitur.
1386 3820 1588 3874 Nullibi
1638 3822 1738 3876 sibi
1778 3838 1912 3876 con-

332 3916 691 3965 statsanetns
717 3908 905 3963 doctor
942 3926 956 3961 :
994 3909 1193 3980 ubique
1219 3911 1319 3965 sibi
1371 3913 1711 3968 adversatur.
1760 3914 1914 3979 Hane

338 3997 573 4066 primum
622 3998 836 4055 dixerat
862 4000 1032 4061 solius
1064 4017 1185 4057 esse
1208 4001 1498 4072 Pamphili,
1529 4016 1713 4074 postea
1746 4010 1911 4066 solius

333 4089 582 4145 Eusebii.
612 4091 767 4146 Modo
798 4105 918 4169 eam
942 4091 1172 4148 Eusebio
1203 4094 1414 4159 tribuit,
1449 4098 1611 4153 modo
1635 4099 1719 4153 vel
1741 4100 1910 4173 Didy-

333 4197 446 4246 mo,
485 4180 569 4236 vel
601 4182 814 4247 llulino,
848 4184 934 4237 vel
968 4184 1125 4239 alteri
1156 4185 1402 4251 cuilibet,
1438 4189 1555 4256 qui,
1596 4187 1720 4244 libri
1749 4192 1906 4259 primi

329 4273 551 4330 Eusebii
582 4275 760 4345 capite
783 4278 1129 4342 detruncato,
1162 4260 1358 4334 caetera
1391 4282 1633 4333 membra
1664 4284 1904 4339 sociarit.

327 4364 489 4422 Modo
528 4367 670 4422 hanc
696 4381 817 4422 esse
851 4369 926 4421 ait
953 4368 1244 4438 ipsummet
1274 4368 1493 4424 Eusebii
1522 4371 1757 4440 primum
1811 4390 1898 4430 vo-

326 4456 529 4526 lumen,
562 4459 722 4514 modo
754 4470 966 4515 sextum
1000 4477 1015 4528 ;
1044 4461 1202 4518 modo
1231 4461 1422 4517 eadem
1449 4472 1504 4518 et
1534 4464 1723 4519 iisdem
1781 4482 1905 4522 ver-

2025 1990 2177 2054 editi,
2206 1989 2409 2056 Photii,
2443 1998 2500 2045 et
2529 1999 2847 2046 caeterorum
2870 2029 2885 2055 ,
2917 1990 3007 2060 qui
3036 1992 3178 2044 hanc
3208 1988 3494 2058 Pamphilo
3523 1987 3608 2043 si-

2027 2083 2136 2136 ntnl
2167 2083 2508 2152 Eusebioque
2540 2082 2884 2152 adjudieant;
2914 2091 2969 2137 et
3003 2082 3137 2137 satis
3168 2081 3323 2136 nobis
3352 2090 3436 2136 est
3465 2095 3609 2150 pra!-

2024 2173 2241 2242 eipnum
2272 2172 2456 2242 operis
2481 2182 2760 2228 auctorem
2807 2171 3149 2242 Pamphilum
3183 2173 3253 2227 ab
3281 2171 3513 2228 Eusebio
3547 2180 3608 2228 ct

2022 2261 2218 2317 Plt0tio
2252 2263 2574 2332 aguosci,ut
2599 2262 2775 2319 nullas
2803 2264 2856 2319 in
2909 2277 2976 2320 eo
3018 2263 3387 2334 blasphemias
3426 2262 3605 2321 exsti-

2024 2353 2154 2407 tisse
2179 2352 2505 2422 judicemus.

2094 2443 2183 2508 IX.
2216 2444 2401 2499 Restat
2419 2444 2532 2514 jam
2562 2454 2621 2501 ιιι
2656 2446 2860 2517 aliquid
2885 2447 2955 2502 de
3004 2447 3217 2504 caeteris
3243 2446 3483 2518 quinque
3506 2448 3605 2503 de-

2022 2537 2251 2608 perditis
2286 2537 2439 2593 libris
2492 2539 2781 2595 dicamus-
2810 2539 3067 2596 Socrates
3111 2540 3166 2596 in
3226 2555 3291 2596 eo
3342 2550 3603 2597 contextu

2019 2645 2179 2702 quem
2204 2646 2365 2700 supra
2398 2631 2679 2687 attulimus
2706 2646 2772 2687 ex
2787 2632 2903 2701 ejns
2929 2631 3136 2687 Histor.
3170 2632 3263 2689 lib.
3288 2649 3373 2701 Ill,
3405 2647 3525 2701 cap.
3543 2633 3603 2701 7,

2020 2724 2361 2795 desumptum
2392 2763 2409 2791 ,
2462 2725 2534 2778 ait
2592 2722 2937 2793 Pamphilum
2979 2736 3035 2780 et
3088 2726 3377 2781 Eusebium
3438 2726 3603 2782 simul

2012 2816 2230 2885 jnnetos
2256 2818 2419 2871 vitam
2456 2816 2708 2887 Origenis
2729 2818 2782 2872 in
2812 2833 2877 2872 ea
2906 2817 3163 2889 Apologia
3186 2819 3600 2890 conscripsisse.

2017 2918 2074 2964 et
2102 2908 2173 2964 ibi
2210 2910 2519 2967 ostendisse
2544 2910 2859 2984 Origenem,
2893 2911 2984 2980 qui
3032 2911 3084 2965 in
3136 2911 3391 2967 omnibus
3443 2910 3601 2971 libris

2019 3001 2132 3056 suis
2174 3000 2453 3057 Christum
2498 3002 2772 3058 hominem
2832 3003 3036 3059 factum
3084 3003 3263 3057 anima
3312 3004 3598 3073 prteditum

2018 3108 2139 3148 esse
2170 3095 2437 3163 agnoscit,
2459 3094 2771 3164 specialiter
2803 3097 2854 3150 in
2892 3112 3032 3152 nono
3064 3105 3210 3152 tomo
3266 3096 3603 3152 Commenta-

2018 3182 2296 3241 riorumin
2329 3181 2592 3250 Genesim,
2624 3183 2713 3237 ubi
2777 3183 3047 3238 Adamttm
3099 3183 3317 3253 quidem
3367 3182 3595 3250 Christi,

2016 3272 2183 3326 Evam
2225 3281 2409 3327 autem
2445 3273 2704 3328 Ecclesiae
2734 3282 2921 3345 typum
2953 3287 3144 3343 gerere
3174 3272 3421 3342 pluribus
3441 3288 3596 3330 asse-

2016 3365 2209 3427 ruerit,
2250 3379 2357 3418 non
2413 3365 2648 3434 primum
2685 3364 2737 3418 in
2791 3364 2895 3419 hoc
2952 3374 3271 3434 argumento
3317 3374 3595 3420 versatum

2015 3473 2158 3523 esse,
2183 3457 2279 3513 sed
2303 3456 2561 3512 Ecclesiae
2607 3457 2953 3512 traditionem
2989 3470 3113 3511 esse
3149 3457 3591 3526 interpretatum.

2015 3549 2169 3617 Quod
2207 3559 2328 3618 post
2350 3548 2632 3604 Socratem
2661 3546 3216 3617 repetitNicephorus
3260 3546 3406 3606 Hist.
3466 3548 3501 3605 l.
3533 3564 3592 3614 ι,

2014 3658 2135 3712 cap.
2174 3643 2262 3696 14.
2293 3640 2459 3697 Docet
2487 3641 2649 3695 etiam
2699 3639 2964 3694 Eusebius
2992 3638 3135 3695 Hist.
3173 3638 3266 3694 lib.
3297 3655 3372 3705 vt,
3404 3656 3454 3695 e.
3492 3639 3589 3706 25,

2014 3748 2073 3788 se
2099 3734 2154 3788 in
2196 3733 2435 3788 secundo
2468 3732 2627 3800 hujus
2653 3731 2917 3801 Apologt'a'
2964 3730 3103 3787 libro
3131 3733 3445 3801 exposuisse
3492 3734 3591 3805 qui

2016 3835 2192 3885 motus
2220 3824 2577 3881 ordinationis
2603 3822 2853 3894 Origenis
2882 3838 3046 3879 causa
3078 3823 3282 3879 fuerint
3306 3824 3589 3894 concitati,

2014 3928 2069 3972 et
2098 3934 2219 3987 qua:
2246 3932 2409 3987 super
2431 3917 2624 3972 iisdem
2660 3916 2898 3972 motibus
2931 3932 2961 3970 a
3018 3916 3341 3984 praesulibus
3398 3916 3588 3973 Eccle-

2013 4011 2217 4065 siarnm
2247 4009 2541 4065 constituta
2569 4008 2716 4076 sint;
2747 4019 2817 4064 -‘et
2861 4023 3197 4080 quaecunque
3244 4009 3350 4064 alia
3399 4008 3592 4085 vigeps

2014 4103 2127 4171 ipse
2145 4100 2405 4170 Origenes
2428 4115 2493 4155 ac
2517 4098 2716 4155 ﬂorens
2753 4100 2804 4153 in
2836 4101 3221 4171 praedicatione
3254 4100 3406 4155 verbi
3447 4102 3592 4155 divi-

2012 4195 2064 4246 ni
2093 4193 2404 4248 contulerit.
2437 4192 2518 4246 Τὰ
2561 4192 2659 4264 μὲν
2694 4190 2786 4245 οὖν
2841 4192 2936 4246 ἐπὶ
2997 4193 3171 4264 τούτῳ
3234 4194 3362 4265 περὶ
3419 4195 3588 4250 αὑτοῦ

2013 4286 2348 4356 κεκινημένα
2375 4303 2387 4315 ο
2421 4285 2491 4340 τά
2515 4302 2573 4337 τε
2603 4285 2695 4338 ἐπὶ
2722 4288 2833 4349 τοῖς
2871 4286 3134 4357 κινηοεῖσι
3157 4286 3453 4358 δεδογμένα
3472 4291 3590 4352 τοῖς

2007 4378 2115 4431 τῶν
2155 4377 2490 4448 Ἐκκλησιῶν
2518 4378 2884 4448 προεστῶσιν·
2917 4380 3018 4431 ὅσα
3044 4396 3105 4433 τε
3151 4379 3285 4433 ἄλλα
3320 4380 3590 4458 ἀκμάζων

2008 4471 2135 4540 περὶ
2152 4469 2241 4523 τὸν
2263 4469 2404 4522 θεῖον
2432 4470 2799 4540 εἰσενήνεκται
2824 4470 3000 4537 λόγον,
3028 4470 3164 4534 ἰδίας
3192 4472 3420 4544 δεόμενα
3454 4490 3586 4528 συν-

316 4547 410 4604 bis
440 4548 492 4603 in
537 4551 712 4619 primo
772 4550 989 4607 Eusebii
1049 4551 1188 4607 libro
1238 4554 1533 4619 contineri,
1578 4559 1736 4614 modo
1784 4561 1902 4628 ejus

2015 4562 2230 4627 τάξεως,
2261 4561 2496 4633 μετρίως
2528 4563 2585 4614 ὲν
2609 4561 2685 4634 τῷ
2714 4562 2950 4635 δευτέρῳ
2972 4557 3039 4636 ἦς
3090 4564 3228 4636 ὑπὲρ
3279 4565 3443 4619 αὑτοῦ
3486 4585 3588 4621 πε-

322 4641 648 4712 scriptorem
678 4644 745 4699 de
773 4644 888 4715 ipso
938 4645 1157 4700 Eusebii
1213 4645 1350 4701 libro
1393 4650 1640 4716 qnmdam
1700 4649 1899 4707 immu-

324 4743 509 4801 tasse;
549 4738 711 4791 modo
766 4751 957 4792 sensus
1020 4739 1288 4794 duntaxat
1336 4740 1676 4807 immutasse,
1740 4744 1909 4801 modo.

321 4827 438 4894 ipsa
495 4830 800 4886 testimonia
853 4831 1213 4897 subtraxisse,
1264 4844 1320 4888 et
1360 4834 1463 4888 alia
1508 4836 1893 4907 snbstituisse;

321 4925 481 4974 modo
512 4935 701 4990 pauca,
733 4923 892 4987 modo
920 4923 1089 4979 multa
1118 4942 1135 4991 ;
1165 4925 1325 4980 modo
1377 4926 1611 4996 denique
1665 4928 1716 4982 in
1778 4930 1894 4999 ipsa

318 5012 498 5067 Ruﬁni
528 5012 715 5070 Latina
748 5016 1199 5085 interpretatione
1222 5017 1385 5071 multa
1410 5019 1706 5074 etiamnum
1737 5037 1892 5077 δεθη-

320 5104 463 5169 dala,
500 5117 554 5158 et
602 5108 979 5175 apertissimas
1028 5109 1394 5177 blasphemias
1438 5112 1684 5179 reperiri,
1734 5115 1893 5171 modo

321 5195 653 5264 Pamphilum
682 5198 916 5254 Nicaeus:
943 5201 1062 5254 lidei
1102 5215 1198 5269 per
1228 5216 1348 5255 eam
1379 5206 1587 5258 ostendi
1639 5205 1890 5262 defenso-

318 5301 457 5341 rem.
486 5287 854 5361 Undequaque
880 5308 1002 5347 sese.
1027 5301 1209 5347 versat
1235 5304 1458 5348 sanctus
1479 5296 1693 5366 doctor,
1709 5300 1888 5352 omnia

317 5386 499 5434 movet
526 5393 593 5434 ne
619 5380 757 5438 liber
791 5384 880 5439 hic
904 5383 1176 5455 Pamphili
1203 5385 1296 5439 sit.
1330 5386 1490 5457 Atqui
1549 5399 1728 5444 tamen
1783 5407 1888 5445 non

316 5478 529 5541 poterat
558 5470 809 5542 ignorare
860 5476 1033 5546 ipsum
1094 5477 1407 5545 Eusebium,
1480 5482 1634 5550 cujus
1686 5483 1893 5551 scripta

385 5632 463 5705 (6)
498 5632 651 5689 Φασὶ
705 5636 774 5690 δὲ
830 5640 1036 5703 αὐτόν,
1084 5650 1193 5695 etc.
1248 5642 1379 5694 Cum
1438 5644 1581 5695 dicat
1632 5644 1899 5697 Eusebius

314 5698 463 5759 Hist.
493 5713 673 5782 cretes.
695 5709 808 5782 -lib.
838 5724 911 5774 vr,
942 5698 1060 5778 cap.
1094 5712 1186 5774 59.
1218 5711 1505 5782 Origenem
1533 5724 1586 5765 et
1638 5713 1800 5767 Decio
1846 5723 1901 5765 ct

316 5776 797 5852 torriieiitisfttisse
821 5776 1204 5852 superstitem,
1234 5776 1387 5851 cujus
1414 5783 1489 5836 rei
1527 5791 1692 5838 testes
1714 5784 1895 5852 appel-

316 5843 388 5908 lat
414 5847 580 5918 ipsius
612 5846 864 5920 Origcnis
897 5843 1153 5921 epistolas
1180 5843 1317 5929 ρος(
1350 5854 1568 5915 Decium
1623 5843 1891 5935 script-as;

2007 4654 2280 4725 ποιήμεθα
2336 4652 2672 4721 ἀπολογίας,
2743 4654 3149 4726 ἀνεγράψαμεν.
3211 4656 3341 4724 Quae
3398 4659 3585 4714 omnia

2005 4746 2293 4801 confirmat
2315 4747 2543 4803 Photius
2571 4746 2821 4802 Bibliotlt.
2869 4750 3055 4803 codice
3085 4766 3285 4819 cxvut,
3346 4752 3428 4805 his
3460 4766 3586 4806 ver-

2002 4839 2124 4893 bis:
2159 4838 2295 4892 Φασὶ
2331 4838 2389 4892 δὲ
2425 4839 2515 4892 τὸν
2562 4841 2840 4913 Ὠριγένην
2879 4844 2936 4895 ὲν
2978 4844 3091 4905 τοῖς
3153 4842 3292 4896 κατὰ
3342 4844 3586 4915 Σευῆρον

2001 4930 2259 5002 διωγμοῖς
2289 4931 2494 5003 γράψαι
2529 4933 2773 5006 Λεωνίδῃ
2814 4934 3004 5005 πατρὶ,
3054 4936 3412 5006 ἐπαλείφοντα
3440 4936 3579 5007 πρὸς

2002 5023 2091 5076 τὸν
2135 5024 2230 5076 τοῦ
2282 5025 2581 5096 μαρτυρίου
2611 5025 2828 5097 δρόμον,
2886 5026 2944 5079 ὃν
2974 5026 3068 5079 καὶ
3096 5026 3274 5091 καλῶς
3320 5028 3581 5098 δραμόντε.

1998 5113 2107 5168 τῶν
2141 5115 2410 5188 βραϐεῐων
2439 5119 2619 5186 τυχεῖν
2651 5116 2955 5186 ἐξεγένετο·
2991 5118 3083 5172 καὶ
3114 5118 3275 5173 αὐτὸν
3297 5120 3354 5173 δὲ
3375 5118 3579 5172 ἀποδύ-

2001 5207 2196 5262 σασθαι
2225 5208 2472 5262 σπεύδειν
2506 5208 2642 5277 πρὸς
2664 5209 2723 5261 τὸ
2769 5210 2877 5263 τῶν
2909 5211 3309 5281 ἀγωνισμάτων
3342 5213 3577 5279 στάδιον,

2000 5299 2097 5371 τὴν
2126 5299 2184 5354 δὲ
2232 5299 2443 5371 μητέρα
2508 5300 2601 5352 καὶ
2645 5300 2846 5353 ἄκοντα
2902 5301 3194 5374 δυνηθῆναι
3250 5302 3351 5373 τῆς
3398 5304 3579 5375 ὁρμῆς

1998 5394 2277 5463 ἐπισχεῖν’
2316 5393 2409 5445 καὶ
2440 5391 2596 5444 τοῦτο
2625 5392 2719 5445 καὶ
2759 5393 2921 5457 αὐτὸς
2972 5395 3030 5448 ὲν
3079 5395 3335 5467 ἐπιστολῇ
3398 5395 3576 5468 οἰκείᾳ

1996 5484 2437 5554 ἐπισημαίνεται.
2479 5482 2552 5555 (6)
2580 5483 2717 5537 Φασὶ
2743 5485 2801 5539 δὲ
2856 5486 3038 5551 αὐτὸν,
3094 5488 3122 5541 ὃ
3166 5504 3225 5540 τε
3290 5488 3575 5560 Πάμφιλος

2000 5644 2080 5698 vel
2105 5644 2339 5699 nondum
2374 5644 2583 5699 viderat
2645 5644 2765 5697 illas
2820 5645 3079 5711 epistolas
3112 5647 3329 5712 quando
3360 5646 3410 5698 itt
3468 5648 3572 5701 hac

1999 5716 2252 5784 Apologia
2291 5730 2392 5766 una
2429 5730 2550 5767 cum
2587 5714 2870 5784 Pamphilo
2892 5716 3162 5769 scribebat
3186 5715 3471 5783 Origenetn
3517 5718 3568 5770 in

1995 5786 2372 5856 persecutione
2395 5784 2542 5856 Decii
2577 5785 2741 5856 vitant
2775 5786 2975 5841 celebri
3010 5788 3266 5856 martyrio
3295 5786 3567 5856 tinivisse;

1996 5855 2078 5911 vel
2115 5854 2421 5912 inconsulto
2447 5853 2681 5917 Eusebio
2703 5856 2850 5918 solus
2878 5857 2990 5915 haec
3041 5853 3265 5935 scripsit
3311 5855 3570 5931 Pamphi-
