3992 6312
186 418 286 474 537

1130 418 1474 477 APOLOGIA
1514 418 1652 477 PRO
1690 420 2014 478 ORIGENE.
2053 454 2122 465 -
2159 421 2500 478 MONITUM.

3330 425 3436 481 538

186 535 415 609 μάρτυς,
449 537 548 592 καὶ
575 536 759 610 ἕτεροι
791 539 1049 603 πλεῖστοι,
1086 541 1284 605 οῐτινες
1311 542 1406 595 ἀπ’
1441 541 1623 596 αὐτῶν
1649 541 1749 596 τῶν

1860 543 1983 597 dam
2014 556 2109 599 sua
2147 550 2403 597 testatum
2442 541 2678 611 reliquit.
2710 541 2850 609 Quin
2882 542 3193 613 Pamphilus
3208 529 3435 617 martyr,

182 624 510 697 ἑωρακότων
561 627 843 698 Ὠριγένην
884 627 952 681 τὰ
982 628 1109 699 περὶ
1146 628 1239 683 τοῦ
1293 630 1486 701 ἀνδρὸς
1515 629 1758 702 ἠκριϐῶ-

182 733 357 780 σαντο,
389 717 664 789 διαϐοήτῳ
710 718 996 790 μαρτυρίῳ
1039 720 1134 774 τοῦ
1186 721 1305 792 βίου
1355 720 1756 793 ἐξεληλυθέναι,

178 808 453 880 ὲπάὑτῆς
480 810 579 880 τῆς
601 810 935 882 Καισαρείας
958 812 1154 867 Δεκίου
1184 812 1281 884 τὴν
1307 813 1449 867 κατὰ
1476 813 1585 867 τῶν
1622 815 1757 885 Χρι-

178 900 410 954 στιανῶν
433 901 689 973 ὠμότητα
719 906 990 968 πνέοντος.
1027 906 1090 958 Οἱ
1127 904 1187 959 δέ.
1226 923 1390 975 φασιν
1431 906 1593 960 αὐτὸν
1654 906 1759 970 ἓως

178 990 378 1044 Γάλλου
400 993 496 1045 καὶ
524 993 877 1049 Βολουσιανοῦ
908 996 1291 1068 διαρκέσαντα,
1331 998 1425 1052 καὶ¹
1469 997 1758 1068 ἑξηκοστὸν

175 1081 393 1138 ἔννατον
431 1084 549 1148 ἔτος
578 1086 924 1157 τῆς-ἡλικίας
950 1088 1174 1157 ἄγοντα,
1202 1090 1260 1141 ἐν
1312 1089 1473 1162 Τύρῳ
1520 1075 1626 1143 καί
1666 1107 1757 1143 τε-

174 1174 461 1248 λευτῆσαι,
494 1180 588 1232 καὶ
630 1184 773 1252 ταφῇ
821 1181 1213 1253 παραδοθῆναι.
1244 1183 1402 1239 Ἔστι
1450 1183 1506 1236 δὲ
1558 1182 1757 1254 μᾶλλον

171 1259 323 1332 οὗτος
347 1271 379 1323 6
407 1270 565 1338 λόγος
587 1270 816 1343 ἀληθὴς,
846 1274 900 1325 εῐ
923 1290 987 1343 γε
1011 1274 1067 1326 αἱ
1093 1273 1392 1345 φερόμεναι
1427 1272 1590 1328 αὐτοῦ
1620 1272 1757 1345 μετὰ

171 1359 257 1413 τὸν
287 1361 535 1433 διωγμὸν
561 1362 751 1417 Δεκίου
775 1364 1055 1418 ἐπιστολαὶ⁸
1078 1366 1179 1419 οὐκ
1204 1365 1387 1436 ἔχουσι
1411 1366 1472 1419 τὸ
1496 1366 1752 1420 πλαστὸν.

172 1451 378 1517 Παντὸς
411 1453 470 1506 δὲ
495 1453 817 1525 μαθήματος
842 1456 984 1510 ίδέαν
1016 1457 1178 1511 αὑτόν
1208 1475 1342 1528 φασι
1371 1456 1465 1513 καὶ
1484 1457 1757 1529 μετελθεῖν

170 1544 259 1599 καὶ
306 1546 606 1601 διδάσκειν.
653 1547 855 1603 Τοῦτον
898 1549 1079 1604 τοίνυν
1118 1550 1208 1605 τὸν
1243 1551 1544 1623 Ὠριγένην,
1575 1552 1633 1605 ὃν
1661 1550 1756 1605 καὶ

179 1636 539 1709 Ἄδαμάντιον
563 1640 995 1711 ὲπονομάζεσθαί
1021 1660 1201 1712 φασιν,
1234 1645 1317 1698 ὅτι
1376 1643 1756 1714 ἀδαμαντίνοις

166 1727 391 1800 δεσμοῖς
414 1730 656 1802 ὲῴκεσαν
682 1732 777 1796 οὒς
800 1734 866 1788 ἂν
898 1734 1081 1806 δήσειε
1102 1736 1316 1804 λόγους,
1351 1736 1628 1808 ἀκροατὴν
1660 1737 1756 1789 καὶ

162 1817 415 1891 διάδοχον
448 1822 668 1892 λέγουσι
717 1824 969 1892 γενέσθαι
1010 1825 1329 1897 Κλήμεντος
1357 1826 1453 1880 τοῦ
1490 1829 1753 1899 Στρωμα-

1861 644 1916 691 et
1939 635 2027 688 alii
2067 650 2189 691 cum
2216 650 2280 689 eo
2305 634 2545 705 plurimi,
2564 649 2648 689 res
2678 635 2928 705 Origenis
2956 650 3024 690 ex
3049 634 3155 690 illis
3183 634 3317 706 ipsis
3339 638 3433 707 qui

1862 727 2134 783 hominem
2186 727 2457 793 viderant,
2492 727 2805 781 accuratius
2829 728 3176 796 perscrutati,
3210 734 3437 782 narrant

1860 833 1984 872 eum
2021 817 2219 874 celebri
2246 819 2511 890 martyrio
2542 828 2653 873 tum
2681 820 2789 873 vita
2815 819 3135 885 decessisse,
3165 834 3288 875 cum
3317 818 3434 874 Cre-

1857 924 2028 965 sareze
2085 909 2281 965 Decius
2334 926 2487 966 suam
2544 911 2595 964 in
2646 911 2982 966 Christianos
3053 912 3429 966 crudelitatem

1855 999 2174 1056 effunderet.
2218 1001 2325 1055 Alii
2359 1012 2535 1057 tamen
2566 1001 2752 1056 volunt
2782 1002 2849 1055 ad
2879 1003 3017 1058 Galli
3041 1018 3107 1057 ac
3156 1003 3430 1059 Volusiani

1858 1106 2027 1160 usque
2052 1100 2294 1160 tempora
2325 1093 2671 1163 perdurasse,
2703 1103 2760 1148 et
2806 1095 3200 1164 sexagesimum
3235 1109 3430 1151 nonum

1855 1181 2027 1236 artatis
2050 1197 2251 1236 annum
2281 1190 2533 1251 agentem
2566 1183 2691 1255 Tyri
2730 1193 3028 1248 mortuum,
3056 1184 3108 1238 in
3134 1184 3432 1253 eademque

1856 1273 1988 1328 urbe
2011 1273 2280 1343 sepultum
2314 1273 2415 1346 (8).
2450 1275 2579 1342 Quae.
2607 1276 2823 1345 quidem
2858 1277 3036 1333 verior
3067 1276 3305 1331 narratio
3327 1286 3428 1342 est,

1855 1364 1898 1419 si
1930 1365 2086 1421 modo
2108 1381 2383 1436 germana:
2412 1376 2560 1432 sunt,
2583 1384 2707 1437 qua:
2725 1370 2996 1433 feruntur,
3022 1369 3267 1439 epistolae
3289 1369 3432 1424 illius

1857 1467 1978 1527 post
2003 1457 2148 1512 Decii
2178 1460 2609 1528 persecutionem
2644 1461 2987 1531 conscriptae.
3017 1462 3217 1517 Omnes
3250 1470 3429 1517 autem

1853 1548 2075 1604 omnino
2105 1551 2417 1620 disciplinas
2446 1552 2623 1620 ipsum
2653 1563 2704 1607 et
2742 1553 3072 1623 percepisse,
3097 1563 3153 1609 et
3181 1554 3431 1609 docuisse

1855 1639 2053 1694 lerunt.
2089 1640 2244 1698 Hunc
2277 1643 2403 1698 item
2434 1643 2743 1712 Origenem,
2775 1659 2936 1714 quem
2965 1644 3131 1699 etiam
3157 1644 3430 1698 Adaman-

1854 1733 1985 1784 tium
2019 1734 2456 1801 cognominatum
2497 1749 2564 1787 ex
2620 1749 2686 1791 eo
2723 1735 2963 1798 tradunt,
2989 1735 3132 1805 quod
3193 1733 3429 1789 rationes

1853 1837 1989 1893 quas
2011 1823 2313 1892 colligaret,
2342 1825 2706 1883 adamantinis
2756 1826 3078 1896 quibusdam
3106 1826 3259 1897 quasi
3307 1825 3430 1880 vin-

161 1910 322 1978 τέως,
357 1914 454 1968 καὶ
474 1913 568 1968 τοῦ
605 1916 747 1969 κατὰ
780 1914 879 1986 τὴν
918 1915 1320 1988 Ἀλεξάνδρειαν
1372 1916 1749 1988 ἐκκλησιαστι-

1854 1915 1991 1969 culis
2048 1931 2155 1970 non
2192 1916 2471 1972 absimiles
2528 1918 2863 1981 viderentur,
2916 1920 3216 1974 auditorem
3260 1920 3428 1974 fuisse

158 2003 258 2059 κοῦ
291 2006 691 2062 διδασκαλείου.
726 2008 1020 2079 Κλήμεντα
1046 2008 1104 2061 δὲ
1160 2008 1458 2063 Πανταίνου
1502 2010 1753 2077 γενέσθαι

156 2094 391 2165 ὶεγουσι
416 2098 508 2153 καὶ
532 2098 828 2171 ἀκροατὴν,
851 2100 945 2154 καὶ
971 2100 1066 2153 τοῦ
1090 2100 1463 2156 διδασκαλείου
1489 2102 1749 2174 διάδοχονο

153 2188 471 2244 Πάνταινον
494 2189 570 2255 δὲ,
620 2189 729 2243 τῶν
768 2207 829 2244 τε
867 2190 993 2256 τοὺς
1047 2191 1377 2257 ἀποστόλους
1431 2194 1754 2264 ἑωρακότων

150 2280 574 2353 ἀκροάσασθαι,
606 2284 667 2335 οὐ
693 2282 801 2355 μὴν
830 2282 965 2337 ἀλλὰ
998 2282 1093 2337 καί
1120 2301 1286 2339 τινων
1312 2285 1490 2339 αὐτῶν
1528 2285 1752 2341 ἐκείνων

148 2371 473 2427 διακοῦσαι.
504 2373 614 2437 Τὰς
634 2373 691 2428 δὲ
727 2373 870 2428 κατὰ
904 2374 1210 2445 Ὠριγένους
1253 2377 1497 2448 κινήσεις
1543 2377 1752 2432 ἐκεῖθεν

150 2462 419 2533 λέγουσιν
466 2465 761 2537 ικρυῆναιο
822 2468 1132 2538 Δημήτριος
1167 2466 1576 2540 Ἀλεξανδρείας
1626 2472 1751 2524 ἐπι-

158 2554 384 2621 σκόπει,
412 2555 473 2620 ὃς
521 2557 801 2629 Ὧριγένην
823 2557 890 2612 δι’
940 2558 1179 2614 ἐπαίνων
1208 2556 1342 2631 εἶχε,
1367 2560 1462 2614 καὶ
1514 2560 1574 2625 ἐς
1621 2562 1749 2627 τοὺς

161 2646 460 2717 φιλτάτους
486 2647 827 2703 συνέταττεν.
882 2649 1023 2704 Ἀλλ’
1065 2651 1345 2724 Ὠριγένης
1377 2651 1636 2725 ἀπαίρειν
1666 2655 1750 2719 είς

170 2736 407 2809 Ἀθήνας
431 2737 601 2809 χωρὶς
630 2738 731 2811 τῆς
783 2738 879 2794 τοῦ
905 2740 1107 2796 οἰκείου
1147 2742 1370 2815 γνώμης
1423 2739 1745 2814 ἐπισκόπου,

161 2829 240 2893 εἰς
269 2828 645 2901 πρεσϐύτερον
680 2830 742 2884 οὐ
785 2830 903 2885 δέον
938 2832 998 2886 δν
1048 2832 1453 2900 ἀναϐιϐάζεται.
1490 2835 1568 2907 (7)
1619 2836 1748 2890 Θεό-

159 2937 348 2985 τεκνος
385 2922 429 2975 δ’
460 2918 550 2993 ἦν,
580 2923 611 2975 6
643 2922 787 2977 κατὰ
817 2926 1155 2998 Καισάρειαν
1180 2926 1279 2999 τὴν
1325 2927 1384 2982 ὲν
1414 2928 1747 3004 Παλαιστίνῃ

158 3011 245 3067 τὸν
290 3013 688 3086 ἀρχιερατικὺν
736 3015 991 3087 χειρίζων
1035 3016 1220 3088 νόμον,
1248 3020 1278 3071 6
1311 3018 1410 3089 τῆς
1442 3019 1746 3090 Ὠριγένους

156 3105 462 3177 αὐτουργὸς
486 3108 840 3179 χειροτονίας,
874 3107 1012 3180 ἔχων
1052 3109 1471 3165 συνευδοκοῦντα
1521 3113 1617 3165 καὶ
1654 3112 1746 3166 τὸν

166 3197 565 3271 Ἱεροσολύμων
610 3197 976 3272 Ἀλέξανδρον.
1022 3201 1297 3273 Τρέπεται
1326 3202 1415 3256 διὰ
1448 3203 1609 3259 τοῦτο
1649 3207 1746 3277 Δη-
1771 3252 1813 3309 c

165 3291 379 3363 μητρίῳ
408 3291 492 3355 εἰς
520 3294 695 3362 μῖσος,
732 3292 791 3345 τὸ
816 3292 1067 3366 φίλτρον·
1095 3294 1190 3348 καὶ
1222 3296 1271 3348 οἱ
1310 3295 1522 3351 ἔπαινοι
1548 3340 1563 3365 ,
1606 3297 1743 3370 πρὸς

163 3383 282 3447 τοὺς
310 3383 544 3455 ψόγους.
572 3385 685 3439 Καὶ
714 3384 927 3450 σύνοδος
952 3385 1258 3457 ἀθροίζεται
1288 3388 1623 3453 ἐπισκόπων,
1650 3393 1746 3445 καί

164 3491 316 3530 τινων
346 3474 759 3548 πρεσϐυτέρων,
800 3476 941 3531 κατὰ
995 3478 1321 3551 Ὤριγένους.
1375 3480 1439 3535 Ἠ
1480 3482 1559 3547 δὲ,
1596 3483 1674 3546 ὡς
1715 3484 1745 3536 6

167 3566 453 3638 Πάμφιλός
506 3585 662 3640 φησι,
717 3568 1061 3640 ψηφίζεται,
1099 3572 1432 3643 μεταστῆναι
1491 3575 1588 3645 μὲν
1637 3574 1745 3628 ἀπὸ

177 3659 582 3733 Ἀλεξανδρείας
618 3660 712 3713 τὸν
759 3661 1060 3734 Ὠριγένην,
1090 3664 1185 3717 καὶ
1211 3665 1348 3735 μήτε
1371 3664 1665 3737 διατρίϐειν
1686 3668 1745 3721 ὲν

168 3752 314 3824 αὐτῇ,
343 3753 493 3823 μήτε
514 3751 806 3807 διδάσκειν.
842 3753 955 3823 Τῆς
1000 3754 1184 3822 μέντοι
1212 3755 1307 3809 τοῦ
1352 3757 1744 3831 πρεσϐυτερίου

168 3844 321 3915 τιμῆς
353 3842 618 3915 οὐδαμῶς
656 3844 1104 3916 ἀποκεκινῆσθαι.
1149 3847 1288 3900 Ἀλλ’
1314 3849 1407 3918 ὅγε
1435 3834 1745 3921 Δημῆτριος

171 3934 276 4006 ἅμα
299 3935 453 3990 τισὶν
485 3935 803 4000 ἐπισκόποις
832 3937 1174 4005 Αἰγυπτίοις,
1206 3940 1301 3993 καὶ
1321 3939 1419 4011 τῆς
1447 3942 1747 4016 ἱερωσύνης

171 4025 501 4102 ἀπεκήρυξε,
531 4027 1059 4099 συνυπογραψάντων
1080 4031 1175 4085 καὶ
1221 4034 1287 4104 τῇ
1323 4033 1593 4103 ἀποφάσει
1636 4034 1746 4090 τῶν

175 4122 476 4193 συμψήφων
506 4120 655 4192 αὐτῷ
685 4122 1090 4193 γεγενημένων.
1114 4124 1522 4194 Φυγαδευθέντα
1566 4126 1623 4179 δὲ
1652 4126 1747 4180 τὸν

186 4212 461 4284 Ὠριγένην
495 4213 592 4285 τῆς
626 4212 1049 4286 Ἀλεξανδρείας,
1095 4215 1384 4280 Θεότεκνος
1406 4220 1434 4271 6
1460 4217 1745 4271 Παλαιστί-

175 4322 280 4376 νης,
303 4305 561 4377 ἀσμένως
591 4322 651 4357 τε
672 4305 876 4372 διάγειν
906 4307 962 4359 ἐν
988 4308 1629 4380 Καισαρείᾳ-ὑπεδέξατο,
1653 4309 1748 4363 καὶ

177 4398 260 4455 τοῦ
283 4399 560 4452 διδάσκειν
585 4400 758 4451 πᾶσαν
782 4398 1030 4464 ἐξουσίαν
1052 4402 1367 4473 ἐνεχείρισε.
1398 4401 1508 4454 Καὶ
1526 4401 1624 4465 τὰς
1649 4402 1747 4473 μὲν

181 4491 343 4555 αἰτίας
398 4490 458 4557 ἐξ
518 4482 594 4542 ὧν
644 4490 840 4561 συνέϐη
878 4490 977 4554 τὰς
1028 4491 1279 4556 διαϐολὰς
1331 4494 1627 4566 ἐκραγῆναι
1669 4494 1746 4566 τῷ

189 4581 470 4653 Ὠριγὲνει,
500 4581 703 4645 ταύτας
729 4582 883 4653 φησί.
918 4601 937 4634 ι
968 4584 1135 4637 Aiunt
1190 4585 1354 4655 igitur
1415 4584 1748 4656 (Pamphilus

184 4670 550 4737 ctEuscbius)
594 4670 883 4742 Origenem
937 4672 1121 4727 Severi
1178 4675 1305 4741 imp.
1369 4676 1747 4741 persecutione

186 4764 428 4821 Leonida:
485 4766 626 4833 patri
675 4765 936 4834 scriptum
971 4765 1208 4831 misisse,
1237 4780 1343 4835 quo
1394 4766 1460 4820 ad
1501 4765 1744 4837 martyrii

185 4861 508 4918 curriculum
535 4876 659 4916 eum
688 4870 984 4915 exacueret
1022 4877 1036 4916 :
1066 4870 1121 4915 et
1158 4875 1287 4915 sane
1314 4860 1549 4915 stadium
1592 4861 1746 4915 forti-

187 4962 260 5006 ter
295 4956 594 5010 decurrens
626 4953 712 5007 ille
743 4952 987 5007 bravinm
1019 4952 1251 5021 accepit.
1290 4952 1511 5006 Addunt
1549 4952 1748 5021 ipsum—

185 5056 283 5101 met
306 5048 598 5118 Origenem
629 5060 842 5100 summo
874 5045 1054 5100 studio
1099 5045 1239 5099 idem
1273 5053 1549 5098 certamen
1574 5044 1747 5099 susci-

186 5151 301 5203 pere
330 5148 584 5194 cenatum
613 5136 804 5201 fuisse,
842 5138 937 5190 sed
975 5144 1203 5189 matrem
1230 5135 1489 5203 impetum
1514 5134 1597 5189 vel
1627 5135 1743 5204 ipso

185 5226 343 5287 invito
386 5229 713 5284 refrenasse.
769 5227 922 5293 Quod
990 5227 1162 5296 ipsum
1199 5227 1327 5280 item
1350 5226 1575 5295 epistola
1610 5242 1741 5295 qua-

187 5341 278 5414 lus,
307 5353 490 5411 utpote
539 5345 842 5414 praecipuus
897 5344 1081 5412 operis
1110 5354 1331 5408 auctor;
1388 5342 1471 5414 vel
1523 5342 1750 5399 Photins

188 5412 421 5484 fortassis
449 5412 703 5484 deceptus
720 5422 805 5468 est
830 5415 1070 5481 martyrii
1098 5416 1282 5475 verbo,
1314 5413 1455 5482 quod
1483 5415 1548 5467 de
1574 5414 1749 5468 omni-

190 5483 277 5539 bus
295 5500 389 5551 pro
414 5486 534 5539 lidei
570 5483 798 5538 veritate
830 5484 1073 5537 toleratis
1105 5484 1439 5538 cruciatibus
1490 5494 1637 5538 recte
1666 5486 1748 5537 di-

191 5554 336 5620 citur,
389 5556 636 5623 quamvis
697 5556 810 5623 ipsa
872 5569 976 5606 non
1022 5565 1281 5620 sequatur
1310 5570 1460 5607 mors
1484 5553 1578 5624 (eo
1600 5556 1743 5607 enim

191 5638 335 5678 sensu
359 5622 417 5682 in
456 5624 686 5679 Deciana
714 5622 897 5691 strage
930 5627 1247 5693 martyrium
1282 5622 1514 5677 subiisse
1548 5622 1735 5692 Orige-

194 5707 300 5747 nem
329 5708 470 5749 recte
494 5703 672 5763 potest
704 5694 873 5762 dici);
907 5692 990 5747 vel
1047 5692 1302 5747 memoria
1348 5694 1528 5762 lapsus
1583 5693 1742 5747 Pam-

193 5764 325 5828 philo
357 5766 519 5818 etiam
551 5764 739 5817 tribuit
762 5766 903 5831 quod
934 5764 1002 5816 ab
1027 5763 1146 5817 aliis
1175 5766 1567 5828 tantummodo,
1607 5780 1743 5832 quos

192 5844 585 5895 conimemorat,
618 5833 849 5888 fortasse
870 5833 1073 5887 dictum
1103 5843 1189 5887 est
1211 5856 1220 5888 :
1242 5834 1321 5887 vel
1354 5836 1586 5903 denique
1610 5834 1739 5888 illud

189 5903 440 5962 duntaxat
469 5903 693 5982 intelligi
731 5903 899 5961 voluit
922 5904 1254 5976 Pamphilus,
1300 5904 1589 5977 Origenem
1620 5922 1740 5962 cru-

1852 2007 2144 2062 Clementis
2170 2007 2308 2077 ejus,
2341 2011 2432 2076 qui
2458 2008 2799 2063 Stromateus
2817 2011 2992 2065 dictus
3024 2021 3128 2075 est,
3152 2010 3428 2079 ejusdem-

1850 2113 1956 2168 que
1993 2099 2044 2152 in
2108 2099 2446 2153 catechetica
2479 2099 2685 2166 schola,
2737 2116 2858 2169 quae
2900 2103 3242 2157 Alexandria:
3285 2112 3427 2168 erat,

1851 2205 2247 2246 successorem.
2316 2191 2651 2247 Clementem
2711 2208 2877 2261 porro
2949 2192 3189 2249 Pantreni
3257 2195 3427 2250 luisse

1850 2282 2194 2352 discipulum,
2225 2283 2534 2353 scholmque
2558 2298 2935 2355 successorem
2960 2301 2974 2338 :
3022 2293 3078 2339 ct
3108 2284 3424 2342 Pantaenum

1849 2390 2064 2430 rursum
2098 2375 2165 2430 iis
2184 2389 2340 2429 usum
2368 2375 2664 2447 magistris,
2687 2375 2778 2446 qui
2813 2375 3088 2447 apostolos
3110 2376 3376 2433 vidissent
3406 2396 3423 2433 :

1848 2467 1977 2536 quin
2008 2474 2064 2521 et
2096 2465 2311 2522 illorum
2348 2466 2641 2523 nonnullos
2681 2468 2943 2525 audiisse.
2972 2466 3241 2523 Caeterum
3301 2469 3429 2524 hinc

1848 2558 1902 2614 in
1928 2555 2216 2629 Origenem
2241 2557 2535 2613 excitatam
2586 2573 2809 2614 omnem
2856 2568 3234 2630 tempestatem
3279 2575 3431 2615 com-

1847 2659 2151 2707 memorant
2178 2664 2194 2703 :
2230 2650 2537 2706 Demetrius
2551 2650 2895 2706 Alexandriae
2914 2649 3112 2722 prtesul
3136 2652 3424 2722 Origenem

1846 2743 2073 2798 multum
2112 2743 2359 2806 laudans,
2407 2742 2462 2798 iu
2503 2742 2689 2812 paucis
2721 2742 3106 2799 charissimutn
3166 2744 3423 2803 habebat.

1844 2836 1916 2891 At
1956 2850 2079 2892 cum
2105 2835 2194 2891 hic
2221 2836 2424 2906 absque
2488 2834 2626 2891 bona
2671 2834 2911 2906 episcopi
2972 2836 3129 2890 venia
3182 2836 3425 2893 Athenas

1847 2926 2184 2999 profecturus
2208 2935 2374 2994 esset,
2403 2926 2775 2991 Theotecnus,
2802 2926 3069 2983 Ctesareze
3117 2927 3424 2983 Palaestina

1847 3030 1959 3074 tum
2012 3019 2457 3089 archiepiscopus
2484 3058 2499 3084 ,
2544 3032 2701 3073 secus
2750 3034 2873 3074 eum
2923 3034 3083 3088 quam
3124 3030 3420 3089 oporteret,

1848 3112 2216 3182 presbyterum
2248 3110 2541 3176 ordinavit,
2569 3127 2675 3166 non
2717 3110 3058 3180 improbante
3090 3112 3295 3166 factum
3321 3112 3423 3167 hoc

1846 3203 2153 3258 Alexandro
2170 3202 2629 3272 Jerosolymorum
2657 3202 2931 3273 episcopo.
2977 3202 3116 3259 llinc
3147 3204 3429 3259 Demetrio
3476 3238 3481 3241 -

1849 3311 2001 3351 amor
2032 3296 2085 3351 in
2112 3296 2295 3351 odium
2344 3296 2528 3359 vertit,
2561 3295 2856 3365 laudesque
2886 3311 3008 3350 mox
3039 3312 3160 3350 cum
3208 3296 3422 3365 vitupe-

1851 3389 2058 3443 ratione
2085 3397 2448 3442 commutaue.
2486 3387 2735 3459 Synodus
2766 3389 2992 3458 insuper
3043 3390 3422 3457 episcoporum

1848 3489 2052 3543 coacta,
2088 3490 2143 3535 et
2170 3480 2611 3549 presbyterorum
2637 3481 2999 3548 quorumdam
3026 3489 3215 3534 contra
3244 3467 3426 3550 Orige-

1852 3586 1972 3624 nem
2006 3586 2020 3626 :
2055 3586 2198 3640 qum,
2223 3580 2283 3625 ut
2325 3570 2636 3640 Pamphilus
2691 3570 2888 3635 refert,
2941 3571 3218 3625 decretum
3274 3571 3425 3639 fecit,

1848 3662 2175 3719 Alexandria
2204 3663 2421 3734 quidem
2453 3662 2758 3731 pellendum
2807 3661 3119 3732 Origenem,
3169 3676 3341 3731 neque
3367 3662 3432 3716 in

1851 3771 1913 3813 ea
1946 3756 2151 3810 versari
2205 3764 2298 3808 aut
2354 3756 2549 3809 docere
2603 3754 3065 3825 permittendum;
3130 3753 3422 3809 sacerdotii

1858 3858 2037 3902 tamen
2070 3846 2331 3915 dignitate
2354 3860 2693 3916 nequaquam
2729 3844 3179 3901 submovendum.
3224 3843 3435 3899 Verum-

1855 3938 2159 3992 Demetrins
2214 3953 2317 3991 una
2357 3953 2478 3992 cum
2524 3936 2745 4009 Egypti
2776 3937 3047 4007 episcopis
3070 3936 3309 4006 aliquot,
3345 3951 3429 3990 sua

1851 4031 2091 4086 cerdotio
2136 4044 2350 4099 quoque
2403 4028 2551 4083 illum
2607 4028 2914 4097 abjtid’tcat,
2958 4029 3431 4084 subscribentibus

1850 4122 2011 4177 etiam
2052 4122 2234 4177 edicto
2287 4121 2451 4189 huic,
2501 4129 2769 4190 quthuot
2823 4129 2980 4174 antea
3038 4118 3317 4189 sulfragati
3374 4120 3427 4174 ei

1852 4215 2100 4270 fuissent.
2138 4213 2212 4268 lta
2237 4214 2404 4283 igitur
2437 4214 2762 4269 Alexandria
2814 4214 2864 4267 in
2910 4214 3159 4269 exsilium
3213 4214 3423 4283 pulsum

1850 4307 2159 4378 Origenem,
2197 4305 2538 4362 Theotccnns
2561 4306 2859 4361 Palaestinae
2876 4307 3162 4377 episcopus
3195 4305 3426 4360 libenter

1853 4398 2112 4454 Cazsarete
2141 4408 2196 4454 et
2238 4399 2439 4464 degere
2457 4398 2641 4467 jussit,
2677 4408 2731 4453 et
2753 4400 2822 4453 de
2872 4400 3156 4468 superiore
3189 4396 3308 4454 loco
3338 4397 3428 4452 do-

1853 4493 2006 4546 cendi
2058 4501 2380 4561 potestatem
2414 4490 2565 4545 fecit.
2598 4491 2705 4545 llas
2734 4491 2823 4546 ille
2876 4508 3067 4547 causas
3126 4492 3301 4557 alIert,
3360 4505 3425 4546 ex

1780 4618 1824 4675 Β
1853 4581 2048 4652 quibus
2070 4597 2261 4638 omnes
2294 4582 2395 4636 illae
2444 4582 2733 4637 calumnia:
2782 4583 2833 4634 in
2888 4582 3173 4652 Origenem
3228 4598 3426 4652 erupe-u

1854 4677 1985 4745 ript.
2037 4692 2057 4727 ι
2124 4672 2395 4729 Praeterea
2448 4672 2716 4727 Eusebius
2767 4672 2907 4727 Hist.
2941 4674 3035 4727 lib.
3073 4689 3149 4738 vt,
3187 4689 3309 4743 cap.
3334 4673 3429 4742 36,

1853 4766 2033 4820 dicere
2061 4764 2274 4819 videtur
2308 4779 2369 4819 se
2393 4763 2446 4817 in
2478 4772 2635 4818 sexto
2672 4764 2830 4833 hujus
2863 4765 3130 4835 Apologia:
3153 4766 3290 4820 libro
3315 4767 3429 4836 epi-

1852 4856 2041 4922 stolas,
2066 4871 2203 4926 quas
2226 4858 2294 4911 ad
2338 4855 2637 4910 Fabianum
2671 4871 2863 4926 papam
2916 4867 2969 4911 et
3008 4859 3074 4910 ad
3122 4856 3433 4926 complures.

1852 4950 1990 5005 alios
2031 4948 2399 5004 Ecclesiarum
2453 4948 2729 5003 antistites
2760 4949 2827 5003 de
2874 4960 3018 5003 recta
3048 4948 3173 5003 ﬁdei
3205 4962 3316 5003 sua:
3345 4964 3429 5001 ra.

1852 5043 1998 5097 tione
2037 5042 2300 5112 Origenes
2346 5043 2667 5110 scripserat,
2713 5042 3008 5095 inseruisse
3054 5060 3068 5096 :
3116 5039 3321 5111 Γράφει
3373 5039 3431 5098 δὲ

1853 5133 1948 5188 καὶ
1970 5131 2220 5203 Φαϐιανῷ
2239 5133 2319 5204 τῷ
2343 5133 2486 5187 κατὰ
2525 5131 2744 5205 Ῥώμην
2776 5132 3058 5204 ἐπισκόπῳ
3088 5172 3103 5197 ,
3138 5131 3343 5203 ἑτέροις
3372 5147 3432 5187 τε

1849 5224 2123 5290 πλείστοις
2149 5227 2411 5298 ἄρχουσιν
2455 5225 2813 5297 Ἔκκλησιῶν,
2845 5226 2972 5297 περὶ
2997 5226 3097 5296 τῆς
3121 5225 3238 5278 κατ’
3271 5224 3434 5277 αὐτὸν

1861 5343 2095 5397 ciatibus
2124 5359 2188 5397 ac
2215 5344 2456 5398 miseriis
2490 5343 2542 5397 in
2598 5343 2745 5397 Decii
2799 5342 3012 5396 laniena
3056 5340 3271 5403 elisum,
3314 5353 3431 5396 non

1858 5411 2015 5482 longe
2052 5424 2237 5481 postea
2288 5414 2487 5468 vixisse
2536 5431 2551 5468 :
2601 5414 2743 5482 quod
2815 5412 3032 5467 Eusebii
3083 5410 3261 5465 verbis
3322 5425 3428 5465 non

1855 5495 2387 5624 '_e[()'l7'flg|;67£xroc.
2411 5553 2722 5624 Legendnm
2752 5553 2963 5624 videtur
3014 5552 3103 5606 hic
3124 5560 3207 5624 “et
3267 5550 3432 5621 infra,

1852 5621 2193 5689 Θεόκτιστος.
2229 5626 2302 5677 Ita
2332 5621 2721 5677 enimvocatur
2747 5625 2814 5677 ab
2852 5623 3078 5677 Eusebio
3113 5621 3317 5675 Hiator.
3340 5636 3429 5675 et:-

1850 5697 1973 5747 cles.
2006 5697 2098 5747 lib.
2121 5711 2192 5758 Vl,
2224 5712 2344 5763 cap.
2375 5695 2441 5747 27
2478 5704 2532 5748 et
2561 5693 2652 5756 46,
2688 5709 2787 5747 nec
2839 5710 2942 5749 non
2981 5696 3048 5747 ab
3102 5692 3434 5763 Hieronymo

1851 5764 1944 5819 lib.
1983 5764 2056 5817 De
2081 5762 2324 5833 scriptor.
2350 5764 2668 5829 ccclesiast.,
2694 5779 2813 5833 cap.
2848 5762 2937 5819 54.

1919 5834 1998 5907 (8)
2030 5829 2367 5907 Hiero-tiqu
2395 5834 2469 5891 De
2498 5837 2737 5905 scriptor.
2762 5829 3075 5901 ecclesias!”
3097 5849 3217 5903 cap.
3236 5829 3327 5892 54.
