  <div class='ocr_page' id='page_1' title='image "/cluster/home/n/w/nwhite01/storage/ocr_20150623/17/mdp.39015031604831/275.png"; bbox 0 0 3992 6312; ppageno 0'>
   <div class='ocr_carea' id='block_1_1' title="bbox 577 416 682 473">
    <p class='ocr_par' dir='ltr' id='par_1_1' title="bbox 577 416 682 473">
     <span class='ocr_line' id='line_1_1' title="bbox 577 416 682 473; baseline 0 0"><span class='ocrx_word' id='word_1_1' title='bbox 577 416 682 473; x_wconf 76' lang='lat'><strong>539</strong></span> 
     </span>
    </p>
   </div>
   <div class='ocr_carea' id='block_1_2' title="bbox 1758 422 2131 491">
    <p class='ocr_par' dir='ltr' id='par_1_2' title="bbox 1758 422 2131 482">
     <span class='ocr_line' id='line_1_2' title="bbox 1758 422 2131 482; baseline 0.003 -2"><span class='ocrx_word' id='word_1_2' title='bbox 1758 422 1761 423; x_wconf 19' lang='grc' dir='ltr'><em>ν</em></span> <span class='ocrx_word' id='word_1_3' title='bbox 1779 424 1839 481; x_wconf 84' lang='grc'><strong>8.</strong></span> <span class='ocrx_word' id='word_1_4' title='bbox 1880 425 2131 482; x_wconf 83' lang='grc' dir='ltr'><strong>ΡΑΜΡΗΙ</strong></span> 
     </span>
    </p>
   </div>
   <div class='ocr_carea' id='block_1_3' title="bbox 2233 422 3801 491">
    <p class='ocr_par' dir='ltr' id='par_1_3' title="bbox 2246 427 3801 491">
     <span class='ocr_line' id='line_1_3' title="bbox 2246 427 3801 491; baseline 0.005 -8"><span class='ocrx_word' id='word_1_5' title='bbox 2246 427 2605 484; x_wconf 79' lang='lat' dir='ltr'><strong>MARTYRIS</strong></span> <span class='ocrx_word' id='word_1_6' title='bbox 3708 434 3801 491; x_wconf 78' lang='grc'><strong>540</strong></span> 
     </span>
    </p>
   </div>
   <div class='ocr_carea' id='block_1_4' title="bbox 576 534 2131 616">
    <p class='ocr_par' dir='ltr' id='par_1_4' title="bbox 576 534 2131 616">
     <span class='ocr_line' id='line_1_4' title="bbox 576 534 2131 616; baseline 0.007 -29"><span class='ocrx_word' id='word_1_7' title='bbox 576 534 902 607; x_wconf 73' lang='grc' dir='ltr'>ὀρθοδοξίας·</span> <span class='ocrx_word' id='word_1_8' title='bbox 922 536 1064 609; x_wconf 74' lang='grc' dir='ltr'>ἔχεις</span> <span class='ocrx_word' id='word_1_9' title='bbox 1093 537 1186 591; x_wconf 77' lang='grc' dir='ltr'><strong>καὶ</strong></span> <span class='ocrx_word' id='word_1_10' title='bbox 1211 538 1415 592; x_wconf 77' lang='grc' dir='ltr'><strong>τούτων</strong></span> <span class='ocrx_word' id='word_1_11' title='bbox 1442 539 1541 604; x_wconf 82' lang='grc' dir='ltr'><strong>τὰς</strong></span> <span class='ocrx_word' id='word_1_12' title='bbox 1565 540 1891 609; x_wconf 74' lang='grc' dir='ltr'><strong>ἀποδείξεις,</strong></span> <span class='ocrx_word' id='word_1_13' title='bbox 1924 546 1983 597; x_wconf 86' lang='grc' dir='ltr'>ὲν</span> <span class='ocrx_word' id='word_1_14' title='bbox 2010 546 2131 616; x_wconf 58' lang='grc' dir='ltr'><strong>ἓκτιί</strong></span> 
     </span>
    </p>
   </div>
   <div class='ocr_carea' id='block_1_5' title="bbox 2233 534 3803 616">
    <p class='ocr_par' dir='ltr' id='par_1_5' title="bbox 2252 543 3803 605">
     <span class='ocr_line' id='line_1_5' title="bbox 2252 543 3803 605; baseline 0.003 -5"><span class='ocrx_word' id='word_1_15' title='bbox 2252 556 2307 601; x_wconf 93' lang='lat' dir='ltr'><strong>et</strong></span> <span class='ocrx_word' id='word_1_16' title='bbox 2335 547 2563 599; x_wconf 82' lang='lat' dir='ltr'><strong>adversa</strong></span> <span class='ocrx_word' id='word_1_17' title='bbox 2605 543 2728 599; x_wconf 83' lang='lat' dir='ltr'><strong>ﬁdei</strong></span> <span class='ocrx_word' id='word_1_18' title='bbox 2756 551 3104 599; x_wconf 88' lang='lat' dir='ltr'><strong>astruentem.</strong></span> <span class='ocrx_word' id='word_1_19' title='bbox 3134 543 3359 598; x_wconf 65' lang='lat' dir='ltr'><strong>Litterae</strong></span> <span class='ocrx_word' id='word_1_20' title='bbox 3410 543 3570 600; x_wconf 88' lang='lat' dir='ltr'><strong>verba</strong></span> <span class='ocrx_word' id='word_1_21' title='bbox 3602 548 3803 605; x_wconf 87' lang='lat' dir='ltr'><strong>tradunt</strong></span> 
     </span>
    </p>
   </div>
   <div class='ocr_carea' id='block_1_6' title="bbox 574 628 2143 706">
    <p class='ocr_par' dir='ltr' id='par_1_6' title="bbox 574 628 2143 706">
     <span class='ocr_line' id='line_1_6' title="bbox 574 628 2143 706; baseline 0.006 -24"><span class='ocrx_word' id='word_1_22' title='bbox 574 628 677 699; x_wconf 79' lang='grc' dir='ltr'>τῆς</span> <span class='ocrx_word' id='word_1_23' title='bbox 722 631 1029 701; x_wconf 81' lang='grc' dir='ltr'><strong>γραφείσης</strong></span> <span class='ocrx_word' id='word_1_24' title='bbox 1083 632 1216 701; x_wconf 80' lang='grc' dir='ltr'><strong>ἡμῖν</strong></span> <span class='ocrx_word' id='word_1_25' title='bbox 1268 633 1395 702; x_wconf 77' lang='grc' dir='ltr'>περὶ</span> <span class='ocrx_word' id='word_1_26' title='bbox 1442 632 1537 686; x_wconf 83' lang='grc' dir='ltr'><strong>τοῦ</strong></span> <span class='ocrx_word' id='word_1_27' title='bbox 1582 634 1775 705; x_wconf 75' lang='grc' dir='ltr'>ἀνδρὸς</span> <span class='ocrx_word' id='word_1_28' title='bbox 1828 636 2143 706; x_wconf 78' lang='grc' dir='ltr'>ἀπολογίας.</span> 
     </span>
    </p>
   </div>
   <div class='ocr_carea' id='block_1_7' title="bbox 576 717 2147 798">
    <p class='ocr_par' dir='ltr' id='par_1_7' title="bbox 576 717 2147 798">
     <span class='ocr_line' id='line_1_7' title="bbox 576 717 2147 798; baseline 0.006 -25"><span class='ocrx_word' id='word_1_29' title='bbox 576 717 871 774; x_wconf 83' lang='lat' dir='ltr'><strong>Testantur</strong></span> <span class='ocrx_word' id='word_1_30' title='bbox 899 723 1061 775; x_wconf 89' lang='lat' dir='ltr'><strong>etiam</strong></span> <span class='ocrx_word' id='word_1_31' title='bbox 1127 721 1381 777; x_wconf 77' lang='lat' dir='ltr'><strong>Socrates</strong></span> <span class='ocrx_word' id='word_1_32' title='bbox 1418 722 1557 777; x_wconf 77' lang='lat' dir='ltr'><strong>Hist.</strong></span> <span class='ocrx_word' id='word_1_33' title='bbox 1585 724 1680 781; x_wconf 91' lang='lat' dir='ltr'><strong>lib.</strong></span> <span class='ocrx_word' id='word_1_34' title='bbox 1716 741 1789 792; x_wconf 88' lang='lat' dir='ltr'><strong>Iv,</strong></span> <span class='ocrx_word' id='word_1_35' title='bbox 1824 742 1941 798; x_wconf 92' lang='lat' dir='ltr'><strong>cap.</strong></span> <span class='ocrx_word' id='word_1_36' title='bbox 1973 727 2063 794; x_wconf 76' lang='grc'><strong>27,</strong></span> <span class='ocrx_word' id='word_1_37' title='bbox 2092 739 2147 783; x_wconf 89' lang='lat' dir='ltr'><strong>et</strong></span> 
     </span>
    </p>
   </div>
   <div class='ocr_carea' id='block_1_8' title="bbox 576 812 2144 889">
    <p class='ocr_par' dir='ltr' id='par_1_8' title="bbox 576 812 2144 889">
     <span class='ocr_line' id='line_1_8' title="bbox 576 812 2144 889; baseline 0.007 -23"><span class='ocrx_word' id='word_1_38' title='bbox 576 812 911 879; x_wconf 85' lang='lat' dir='ltr'><strong>Nicephorus</strong></span> <span class='ocrx_word' id='word_1_39' title='bbox 940 812 1031 866; x_wconf 91' lang='lat' dir='ltr'><strong>lib.</strong></span> <span class='ocrx_word' id='word_1_40' title='bbox 1062 830 1139 877; x_wconf 73' lang='grc' dir='ltr'><strong>χι,</strong></span> <span class='ocrx_word' id='word_1_41' title='bbox 1171 830 1292 884; x_wconf 97' lang='lat' dir='ltr'><strong>cap.</strong></span> <span class='ocrx_word' id='word_1_42' title='bbox 1330 816 1416 881; x_wconf 83' lang='lat' dir='ltr'><strong>l9,</strong></span> <span class='ocrx_word' id='word_1_43' title='bbox 1454 815 1602 872; x_wconf 87' lang='lat' dir='ltr'><strong>hisce</strong></span> <span class='ocrx_word' id='word_1_44' title='bbox 1643 819 1798 875; x_wconf 85' lang='lat' dir='ltr'><strong>libris</strong></span> <span class='ocrx_word' id='word_1_45' title='bbox 1832 820 2144 889; x_wconf 89' lang='lat' dir='ltr'><strong>adjunctam</strong></span> 
     </span>
    </p>
   </div>
   <div class='ocr_carea' id='block_1_9' title="bbox 574 902 2144 981">
    <p class='ocr_par' dir='ltr' id='par_1_9' title="bbox 574 902 2144 981">
     <span class='ocr_line' id='line_1_9' title="bbox 574 902 2144 981; baseline 0.006 -24"><span class='ocrx_word' id='word_1_46' title='bbox 574 916 697 957; x_wconf 82' lang='lat' dir='ltr'><strong>esse</strong></span> <span class='ocrx_word' id='word_1_47' title='bbox 733 903 792 958; x_wconf 98' lang='grc'><strong>8.</strong></span> <span class='ocrx_word' id='word_1_48' title='bbox 815 902 1060 973; x_wconf 78' lang='lat' dir='ltr'><strong>Gregorii</strong></span> <span class='ocrx_word' id='word_1_49' title='bbox 1089 904 1480 980; x_wconf 84' lang='lat' dir='ltr'><strong>Thaumaturgi</strong></span> <span class='ocrx_word' id='word_1_50' title='bbox 1525 912 1897 981; x_wconf 83' lang='lat' dir='ltr'><strong>panegyricam</strong></span> <span class='ocrx_word' id='word_1_51' title='bbox 1945 913 2144 967; x_wconf 83' lang='lat' dir='ltr'><strong>oratio-</strong></span> 
     </span>
    </p>
   </div>
   <div class='ocr_carea' id='block_1_10' title="bbox 574 996 2141 1070">
    <p class='ocr_par' dir='ltr' id='par_1_10' title="bbox 574 996 2141 1070">
     <span class='ocr_line' id='line_1_10' title="bbox 574 996 2141 1070; baseline 0.008 -23"><span class='ocrx_word' id='word_1_52' title='bbox 574 1010 711 1057; x_wconf 80' lang='lat' dir='ltr'><strong>nem.</strong></span> <span class='ocrx_word' id='word_1_53' title='bbox 747 1010 907 1063; x_wconf 90' lang='lat' dir='ltr'><strong>quam</strong></span> <span class='ocrx_word' id='word_1_54' title='bbox 933 996 1023 1050; x_wconf 91' lang='lat' dir='ltr'><strong>ille</strong></span> <span class='ocrx_word' id='word_1_55' title='bbox 1050 996 1116 1051; x_wconf 91' lang='lat' dir='ltr'><strong>ab</strong></span> <span class='ocrx_word' id='word_1_56' title='bbox 1140 997 1380 1067; x_wconf 83' lang='lat' dir='ltr'><strong>Origene</strong></span> <span class='ocrx_word' id='word_1_57' title='bbox 1402 1000 1685 1057; x_wconf 85' lang='lat' dir='ltr'><strong>discedens</strong></span> <span class='ocrx_word' id='word_1_58' title='bbox 1708 1003 1761 1057; x_wconf 93' lang='lat' dir='ltr'><strong>in</strong></span> <span class='ocrx_word' id='word_1_59' title='bbox 1791 1001 1908 1070; x_wconf 85' lang='lat' dir='ltr'><strong>ejus</strong></span> <span class='ocrx_word' id='word_1_60' title='bbox 1933 1003 2141 1059; x_wconf 89' lang='lat' dir='ltr'><strong>laudem</strong></span> 
     </span>
    </p>
   </div>
   <div class='ocr_carea' id='block_1_11' title="bbox 548 1087 2143 1159">
    <p class='ocr_par' dir='ltr' id='par_1_11' title="bbox 548 1087 2143 1159">
     <span class='ocr_line' id='line_1_11' title="bbox 548 1087 2143 1159; baseline 0.008 -19"><span class='ocrx_word' id='word_1_61' title='bbox 548 1091 895 1155; x_wconf 84' lang='lat' dir='ltr'><strong>‘composuit.</strong></span> <span class='ocrx_word' id='word_1_62' title='bbox 923 1087 1172 1158; x_wconf 82' lang='lat' dir='ltr'><strong>Ruﬁnus,</strong></span> <span class='ocrx_word' id='word_1_63' title='bbox 1197 1102 1256 1145; x_wconf 90' lang='lat' dir='ltr'><strong>ut</strong></span> <span class='ocrx_word' id='word_1_64' title='bbox 1278 1090 1389 1158; x_wconf 85' lang='lat' dir='ltr'><strong>jam</strong></span> <span class='ocrx_word' id='word_1_65' title='bbox 1440 1093 1703 1159; x_wconf 83' lang='lat' dir='ltr'><strong>diximus,</strong></span> <span class='ocrx_word' id='word_1_66' title='bbox 1733 1095 1827 1151; x_wconf 88' lang='lat' dir='ltr'><strong>lib.</strong></span> <span class='ocrx_word' id='word_1_67' title='bbox 1854 1095 2143 1152; x_wconf 77' lang='lat' dir='ltr'><strong>tadoersus</strong></span> 
     </span>
    </p>
   </div>
   <div class='ocr_carea' id='block_1_12' title="bbox 570 1175 2141 1256">
    <p class='ocr_par' dir='ltr' id='par_1_12' title="bbox 570 1175 2141 1256">
     <span class='ocr_line' id='line_1_12' title="bbox 570 1175 2141 1256; baseline 0.01 -26"><span class='ocrx_word' id='word_1_68' title='bbox 570 1175 972 1248; x_wconf 76' lang='lat' dir='ltr'><strong>Hieronymum,</strong></span> <span class='ocrx_word' id='word_1_69' title='bbox 1010 1182 1142 1237; x_wconf 89' lang='lat' dir='ltr'><strong>dicit</strong></span> <span class='ocrx_word' id='word_1_70' title='bbox 1176 1183 1229 1238; x_wconf 92' lang='lat' dir='ltr'><strong>in</strong></span> <span class='ocrx_word' id='word_1_71' title='bbox 1264 1186 1366 1240; x_wconf 87' lang='lat' dir='ltr'><strong>hac</strong></span> <span class='ocrx_word' id='word_1_72' title='bbox 1388 1184 1643 1255; x_wconf 79' lang='lat' dir='ltr'><strong>Apologia</strong></span> <span class='ocrx_word' id='word_1_73' title='bbox 1672 1187 1758 1256; x_wconf 89' lang='lat' dir='ltr'><strong>agi</strong></span> <span class='ocrx_word' id='word_1_74' title='bbox 1800 1190 1869 1243; x_wconf 89' lang='lat' dir='ltr'><strong>de</strong></span> <span class='ocrx_word' id='word_1_75' title='bbox 1892 1188 2004 1244; x_wconf 77' lang='lat' dir='ltr'><strong>fato</strong></span> <span class='ocrx_word' id='word_1_76' title='bbox 2043 1202 2141 1245; x_wconf 89' lang='lat' dir='ltr'><strong>seu</strong></span> 
     </span>
    </p>
   </div>
   <div class='ocr_carea' id='block_1_13' title="bbox 570 1270 2137 1348">
    <p class='ocr_par' dir='ltr' id='par_1_13' title="bbox 570 1270 2137 1348">
     <span class='ocr_line' id='line_1_13' title="bbox 570 1270 2137 1348; baseline 0.009 -26"><span class='ocrx_word' id='word_1_77' title='bbox 570 1270 821 1328; x_wconf 79' lang='lat' dir='ltr'><strong>mathesi.</strong></span> <span class='ocrx_word' id='word_1_78' title='bbox 850 1271 1166 1344; x_wconf 81' lang='lat' dir='ltr'><strong>Anonymus</strong></span> <span class='ocrx_word' id='word_1_79' title='bbox 1199 1285 1391 1331; x_wconf 84' lang='lat' dir='ltr'><strong>auctor</strong></span> <span class='ocrx_word' id='word_1_80' title='bbox 1422 1290 1453 1330; x_wconf 89' lang='lat' dir='ltr'><strong>a</strong></span> <span class='ocrx_word' id='word_1_81' title='bbox 1482 1276 1547 1332; x_wconf 71' lang='lat' dir='ltr'><strong>ll.</strong></span> <span class='ocrx_word' id='word_1_82' title='bbox 1605 1277 1668 1333; x_wconf 88' lang='lat' dir='ltr'><strong>P.</strong></span> <span class='ocrx_word' id='word_1_83' title='bbox 1726 1277 1881 1348; x_wconf 89' lang='lat' dir='ltr'><strong>Lupo</strong></span> <span class='ocrx_word' id='word_1_84' title='bbox 1938 1279 2137 1347; x_wconf 89' lang='lat' dir='ltr'><strong>editus,</strong></span> 
     </span>
    </p>
   </div>
   <div class='ocr_carea' id='block_1_14' title="bbox 569 1360 2141 1444">
    <p class='ocr_par' dir='ltr' id='par_1_14' title="bbox 569 1360 2141 1444">
     <span class='ocr_line' id='line_1_14' title="bbox 569 1360 2141 1444; baseline 0.01 -29"><span class='ocrx_word' id='word_1_85' title='bbox 569 1360 736 1416; x_wconf 83' lang='lat' dir='ltr'><strong>refert</strong></span> <span class='ocrx_word' id='word_1_86' title='bbox 785 1362 1128 1432; x_wconf 87' lang='lat' dir='ltr'><strong>Pamphilum</strong></span> <span class='ocrx_word' id='word_1_87' title='bbox 1180 1381 1517 1439; x_wconf 82' lang='lat' dir='ltr'><strong>martyrem,</strong></span> <span class='ocrx_word' id='word_1_88' title='bbox 1568 1377 1623 1425; x_wconf 91' lang='lat' dir='ltr'><strong>et</strong></span> <span class='ocrx_word' id='word_1_89' title='bbox 1683 1371 1975 1428; x_wconf 81' lang='lat' dir='ltr'><strong>Eusebium</strong></span> <span class='ocrx_word' id='word_1_90' title='bbox 2042 1391 2141 1444; x_wconf 90' lang='lat' dir='ltr'><strong>pro</strong></span> 
     </span>
    </p>
   </div>
   <div class='ocr_carea' id='block_1_15' title="bbox 568 1453 2141 1534">
    <p class='ocr_par' dir='ltr' id='par_1_15' title="bbox 568 1453 2141 1534">
     <span class='ocr_line' id='line_1_15' title="bbox 568 1453 2141 1534; baseline 0.01 -28"><span class='ocrx_word' id='word_1_91' title='bbox 568 1453 996 1520; x_wconf 73' lang='lat' dir='ltr'><strong>pmxsistentia</strong></span> <span class='ocrx_word' id='word_1_92' title='bbox 1033 1464 1089 1509; x_wconf 92' lang='lat' dir='ltr'><strong>et</strong></span> <span class='ocrx_word' id='word_1_93' title='bbox 1117 1457 1458 1514; x_wconf 84' lang='lat' dir='ltr'><strong>restitutione</strong></span> <span class='ocrx_word' id='word_1_94' title='bbox 1512 1460 1699 1517; x_wconf 90' lang='lat' dir='ltr'><strong>multis</strong></span> <span class='ocrx_word' id='word_1_95' title='bbox 1752 1463 1909 1520; x_wconf 85' lang='lat' dir='ltr'><strong>valde</strong></span> <span class='ocrx_word' id='word_1_96' title='bbox 1940 1479 2141 1534; x_wconf 65' lang='lat' dir='ltr'><strong>prlece-</strong></span> 
     </span>
    </p>
   </div>
   <div class='ocr_carea' id='block_1_16' title="bbox 567 1545 2137 1611">
    <p class='ocr_par' dir='ltr' id='par_1_16' title="bbox 567 1545 2137 1611">
     <span class='ocr_line' id='line_1_16' title="bbox 567 1545 2137 1611; baseline 0.009 -13"><span class='ocrx_word' id='word_1_97' title='bbox 567 1545 809 1599; x_wconf 91' lang='lat' dir='ltr'><strong>dentium</strong></span> <span class='ocrx_word' id='word_1_98' title='bbox 841 1546 1061 1601; x_wconf 88' lang='lat' dir='ltr'><strong>Patrum</strong></span> <span class='ocrx_word' id='word_1_99' title='bbox 1090 1549 1414 1605; x_wconf 88' lang='lat' dir='ltr'><strong>testimoniis</strong></span> <span class='ocrx_word' id='word_1_100' title='bbox 1441 1565 1571 1606; x_wconf 87' lang='lat' dir='ltr'><strong>usos</strong></span> <span class='ocrx_word' id='word_1_101' title='bbox 1605 1567 1749 1609; x_wconf 87' lang='lat' dir='ltr'><strong>esse.</strong></span> <span class='ocrx_word' id='word_1_102' title='bbox 1800 1555 1954 1610; x_wconf 85' lang='lat' dir='ltr'><strong>Alter</strong></span> <span class='ocrx_word' id='word_1_103' title='bbox 1983 1557 2137 1611; x_wconf 92' lang='lat' dir='ltr'><strong>deni-</strong></span> 
     </span>
    </p>
   </div>
   <div class='ocr_carea' id='block_1_17' title="bbox 566 1638 2140 1707">
    <p class='ocr_par' dir='ltr' id='par_1_17' title="bbox 566 1638 2140 1707">
     <span class='ocr_line' id='line_1_17' title="bbox 566 1638 2140 1707; baseline 0.009 -18"><span class='ocrx_word' id='word_1_104' title='bbox 566 1650 673 1705; x_wconf 87' lang='lat' dir='ltr'><strong>que</strong></span> <span class='ocrx_word' id='word_1_105' title='bbox 700 1651 998 1707; x_wconf 84' lang='lat' dir='ltr'><strong>anonymus</strong></span> <span class='ocrx_word' id='word_1_106' title='bbox 1028 1654 1057 1693; x_wconf 88' lang='lat' dir='ltr'><strong>a</strong></span> <span class='ocrx_word' id='word_1_107' title='bbox 1082 1638 1375 1695; x_wconf 88' lang='lat' dir='ltr'><strong>Sirmundo</strong></span> <span class='ocrx_word' id='word_1_108' title='bbox 1399 1644 1575 1697; x_wconf 91' lang='lat' dir='ltr'><strong>editus</strong></span> <span class='ocrx_word' id='word_1_109' title='bbox 1612 1646 1710 1699; x_wconf 87' lang='lat' dir='ltr'><strong>sub</strong></span> <span class='ocrx_word' id='word_1_110' title='bbox 1743 1647 1961 1701; x_wconf 90' lang='lat' dir='ltr'><strong>nomine</strong></span> <span class='ocrx_word' id='word_1_111' title='bbox 1988 1646 2140 1703; x_wconf 76' lang='lat' dir='ltr'><strong>Prte-</strong></span> 
     </span>
    </p>
   </div>
   <div class='ocr_carea' id='block_1_18' title="bbox 565 1728 2139 1804">
    <p class='ocr_par' dir='ltr' id='par_1_18' title="bbox 565 1728 2139 1804">
     <span class='ocr_line' id='line_1_18' title="bbox 565 1728 2139 1804; baseline 0.01 -24"><span class='ocrx_word' id='word_1_112' title='bbox 565 1728 835 1794; x_wconf 81' lang='lat' dir='ltr'><strong>destinati,</strong></span> <span class='ocrx_word' id='word_1_113' title='bbox 862 1744 1018 1798; x_wconf 89' lang='lat' dir='ltr'><strong>quem</strong></span> <span class='ocrx_word' id='word_1_114' title='bbox 1061 1732 1151 1786; x_wconf 91' lang='lat' dir='ltr'><strong>alii</strong></span> <span class='ocrx_word' id='word_1_115' title='bbox 1180 1732 1479 1788; x_wconf 82' lang='lat' dir='ltr'><strong>Arnobium</strong></span> <span class='ocrx_word' id='word_1_116' title='bbox 1514 1734 1785 1804; x_wconf 90' lang='lat' dir='ltr'><strong>juniorem</strong></span> <span class='ocrx_word' id='word_1_117' title='bbox 1812 1776 1829 1803; x_wconf 92' lang='lat'><strong>,</strong></span> <span class='ocrx_word' id='word_1_118' title='bbox 1875 1740 1964 1793; x_wconf 86' lang='lat' dir='ltr'><strong>alii</strong></span> <span class='ocrx_word' id='word_1_119' title='bbox 2022 1740 2139 1794; x_wconf 87' lang='lat' dir='ltr'><strong>Pri-</strong></span> 
     </span>
    </p>
   </div>
   <div class='ocr_carea' id='block_1_19' title="bbox 566 1818 2134 1896">
    <p class='ocr_par' dir='ltr' id='par_1_19' title="bbox 566 1818 2134 1896">
     <span class='ocr_line' id='line_1_19' title="bbox 566 1818 2134 1896; baseline 0.01 -26"><span class='ocrx_word' id='word_1_120' title='bbox 566 1818 795 1871; x_wconf 86' lang='lat' dir='ltr'><strong>masium</strong></span> <span class='ocrx_word' id='word_1_121' title='bbox 827 1834 948 1875; x_wconf 89' lang='lat' dir='ltr'><strong>esse</strong></span> <span class='ocrx_word' id='word_1_122' title='bbox 987 1822 1319 1887; x_wconf 79' lang='lat' dir='ltr'><strong>existimant,</strong></span> <span class='ocrx_word' id='word_1_123' title='bbox 1388 1825 1439 1879; x_wconf 94' lang='lat' dir='ltr'><strong>in</strong></span> <span class='ocrx_word' id='word_1_124' title='bbox 1480 1826 1575 1881; x_wconf 91' lang='lat' dir='ltr'><strong>lib.</strong></span> <span class='ocrx_word' id='word_1_125' title='bbox 1627 1842 1642 1881; x_wconf 86' lang='grc' dir='ltr'><strong>ι</strong></span> <span class='ocrx_word' id='word_1_126' title='bbox 1702 1828 1775 1883; x_wconf 91' lang='lat' dir='ltr'><strong>De</strong></span> <span class='ocrx_word' id='word_1_127' title='bbox 1828 1832 2134 1896; x_wconf 69' lang='lat' dir='ltr'><strong>Itwresibus,</strong></span> 
     </span>
    </p>
   </div>
   <div class='ocr_carea' id='block_1_20' title="bbox 568 1910 2140 1985">
    <p class='ocr_par' dir='ltr' id='par_1_20' title="bbox 568 1910 2140 1985">
     <span class='ocr_line' id='line_1_20' title="bbox 568 1910 2140 1985; baseline 0.009 -22"><span class='ocrx_word' id='word_1_128' title='bbox 568 1910 756 1966; x_wconf 65' lang='lat' dir='ltr'><strong>haeresi</strong></span> <span class='ocrx_word' id='word_1_129' title='bbox 789 1926 926 1975; x_wconf 79' lang='lat' dir='ltr'><strong>xxn,</strong></span> <span class='ocrx_word' id='word_1_130' title='bbox 962 1926 1082 1985; x_wconf 69' lang='lat' dir='ltr'><strong>quae</strong></span> <span class='ocrx_word' id='word_1_131' title='bbox 1116 1924 1200 1967; x_wconf 91' lang='lat' dir='ltr'><strong>est</strong></span> <span class='ocrx_word' id='word_1_132' title='bbox 1248 1915 1629 1984; x_wconf 87' lang='lat' dir='ltr'><strong>Apellitarum,</strong></span> <span class='ocrx_word' id='word_1_133' title='bbox 1670 1920 1741 1973; x_wconf 92' lang='lat' dir='ltr'><strong>ita</strong></span> <span class='ocrx_word' id='word_1_134' title='bbox 1776 1922 1849 1974; x_wconf 86' lang='lat' dir='ltr'><strong>ait</strong></span> <span class='ocrx_word' id='word_1_135' title='bbox 1884 1936 1898 1973; x_wconf 89' lang='lat'><strong>:</strong></span> <span class='ocrx_word' id='word_1_136' title='bbox 1972 1922 2140 1977; x_wconf 70' lang='lat' dir='ltr'><strong>«.Hos</strong></span> 
     </span>
    </p>
   </div>
   <div class='ocr_carea' id='block_1_21' title="bbox 562 2002 2138 2076">
    <p class='ocr_par' dir='ltr' id='par_1_21' title="bbox 562 2002 2138 2076">
     <span class='ocr_line' id='line_1_21' title="bbox 562 2002 2138 2076; baseline 0.006 -19"><span class='ocrx_word' id='word_1_137' title='bbox 562 2002 828 2072; x_wconf 90' lang='lat' dir='ltr'><strong>Origenes</strong></span> <span class='ocrx_word' id='word_1_138' title='bbox 857 2004 928 2059; x_wconf 92' lang='lat' dir='ltr'><strong>ita</strong></span> <span class='ocrx_word' id='word_1_139' title='bbox 985 2004 1223 2073; x_wconf 81' lang='lat' dir='ltr'><strong>perfecte</strong></span> <span class='ocrx_word' id='word_1_140' title='bbox 1274 2007 1570 2076; x_wconf 86' lang='lat' dir='ltr'><strong>superavit,</strong></span> <span class='ocrx_word' id='word_1_141' title='bbox 1601 2020 1659 2063; x_wconf 92' lang='lat' dir='ltr'><strong>ut</strong></span> <span class='ocrx_word' id='word_1_142' title='bbox 1722 2026 1909 2066; x_wconf 90' lang='lat' dir='ltr'><strong>eorum</strong></span> <span class='ocrx_word' id='word_1_143' title='bbox 1976 2028 2138 2067; x_wconf 87' lang='lat' dir='ltr'><strong>causa</strong></span> 
     </span>
    </p>
   </div>
   <div class='ocr_carea' id='block_1_22' title="bbox 565 2094 2140 2173">
    <p class='ocr_par' dir='ltr' id='par_1_22' title="bbox 565 2094 2140 2173">
     <span class='ocr_line' id='line_1_22' title="bbox 565 2094 2140 2173; baseline 0.008 -27"><span class='ocrx_word' id='word_1_144' title='bbox 565 2094 912 2167; x_wconf 83' lang='grc' dir='ltr'><strong>περιοδευτὴς</strong></span> <span class='ocrx_word' id='word_1_145' title='bbox 938 2095 1243 2167; x_wconf 90' lang='lat' dir='ltr'><strong>(circuitor)</strong></span> <span class='ocrx_word' id='word_1_146' title='bbox 1268 2098 1445 2163; x_wconf 85' lang='lat' dir='ltr'><strong>ﬁeret,</strong></span> <span class='ocrx_word' id='word_1_147' title='bbox 1476 2108 1528 2152; x_wconf 90' lang='lat' dir='ltr'><strong>et</strong></span> <span class='ocrx_word' id='word_1_148' title='bbox 1557 2115 1652 2169; x_wconf 85' lang='lat' dir='ltr'><strong>per</strong></span> <span class='ocrx_word' id='word_1_149' title='bbox 1688 2102 1927 2171; x_wconf 84' lang='lat' dir='ltr'><strong>singulas</strong></span> <span class='ocrx_word' id='word_1_150' title='bbox 1974 2118 2140 2173; x_wconf 88' lang='lat' dir='ltr'><strong>quas-</strong></span> 
     </span>
    </p>
   </div>
   <div class='ocr_carea' id='block_1_23' title="bbox 564 2188 2137 2265">
    <p class='ocr_par' dir='ltr' id='par_1_23' title="bbox 564 2188 2137 2265">
     <span class='ocr_line' id='line_1_23' title="bbox 564 2188 2137 2265; baseline 0.007 -26"><span class='ocrx_word' id='word_1_151' title='bbox 564 2202 671 2254; x_wconf 85' lang='lat' dir='ltr'><strong>que</strong></span> <span class='ocrx_word' id='word_1_152' title='bbox 700 2188 860 2242; x_wconf 85' lang='lat' dir='ltr'><strong>urbes</strong></span> <span class='ocrx_word' id='word_1_153' title='bbox 896 2203 994 2257; x_wconf 91' lang='lat' dir='ltr'><strong>per</strong></span> <span class='ocrx_word' id='word_1_154' title='bbox 1017 2188 1290 2244; x_wconf 89' lang='lat' dir='ltr'><strong>Orientem</strong></span> <span class='ocrx_word' id='word_1_155' title='bbox 1316 2192 1492 2246; x_wconf 91' lang='lat' dir='ltr'><strong>eundo</strong></span> <span class='ocrx_word' id='word_1_156' title='bbox 1538 2193 1877 2261; x_wconf 64' lang='lat' dir='ltr'><strong>praedicaret.</strong></span> <span class='ocrx_word' id='word_1_157' title='bbox 1910 2195 1974 2249; x_wconf 89' lang='lat' dir='ltr'><strong>Et</strong></span> <span class='ocrx_word' id='word_1_158' title='bbox 2012 2196 2137 2265; x_wconf 86' lang='lat' dir='ltr'><strong>quia</strong></span> 
     </span>
    </p>
   </div>
   <div class='ocr_carea' id='block_1_24' title="bbox 564 2272 2139 2349">
    <p class='ocr_par' dir='ltr' id='par_1_24' title="bbox 564 2272 2139 2349">
     <span class='ocr_line' id='line_1_24' title="bbox 564 2272 2139 2349; baseline 0.008 -23"><span class='ocrx_word' id='word_1_159' title='bbox 564 2272 976 2330; x_wconf 90' lang='lat' dir='ltr'><strong>innumerabilia</strong></span> <span class='ocrx_word' id='word_1_160' title='bbox 1030 2287 1156 2334; x_wconf 91' lang='lat' dir='ltr'><strong>sunt</strong></span> <span class='ocrx_word' id='word_1_161' title='bbox 1189 2286 1544 2333; x_wconf 89' lang='lat' dir='ltr'><strong>tractatorum</strong></span> <span class='ocrx_word' id='word_1_162' title='bbox 1568 2280 1685 2348; x_wconf 87' lang='lat' dir='ltr'><strong>ejus</strong></span> <span class='ocrx_word' id='word_1_163' title='bbox 1712 2281 2009 2349; x_wconf 84' lang='lat' dir='ltr'><strong>volumina,</strong></span> <span class='ocrx_word' id='word_1_164' title='bbox 2035 2286 2139 2339; x_wconf 66' lang='lat' dir='ltr'><strong>ha:-</strong></span> 
     </span>
    </p>
   </div>
   <div class='ocr_carea' id='block_1_25' title="bbox 564 2364 2139 2435">
    <p class='ocr_par' dir='ltr' id='par_1_25' title="bbox 564 2364 2139 2435">
     <span class='ocr_line' id='line_1_25' title="bbox 564 2364 2139 2435; baseline 0.006 -17"><span class='ocrx_word' id='word_1_165' title='bbox 564 2364 720 2420; x_wconf 85' lang='lat' dir='ltr'><strong>retici</strong></span> <span class='ocrx_word' id='word_1_166' title='bbox 751 2368 988 2435; x_wconf 87' lang='lat' dir='ltr'><strong>superati</strong></span> <span class='ocrx_word' id='word_1_167' title='bbox 1022 2367 1192 2423; x_wconf 90' lang='lat' dir='ltr'><strong>libros</strong></span> <span class='ocrx_word' id='word_1_168' title='bbox 1222 2368 1336 2435; x_wconf 89' lang='lat' dir='ltr'><strong>ejus</strong></span> <span class='ocrx_word' id='word_1_169' title='bbox 1368 2370 1434 2422; x_wconf 91' lang='lat' dir='ltr'><strong>ad</strong></span> <span class='ocrx_word' id='word_1_170' title='bbox 1483 2385 1609 2425; x_wconf 90' lang='lat' dir='ltr'><strong>suos</strong></span> <span class='ocrx_word' id='word_1_171' title='bbox 1641 2371 1821 2426; x_wconf 92' lang='lat' dir='ltr'><strong>libitus</strong></span> <span class='ocrx_word' id='word_1_172' title='bbox 1852 2373 2139 2429; x_wconf 85' lang='lat' dir='ltr'><strong>callidissi—</strong></span> 
     </span>
    </p>
   </div>
   <div class='ocr_carea' id='block_1_26' title="bbox 562 2461 2137 2530">
    <p class='ocr_par' dir='ltr' id='par_1_26' title="bbox 562 2461 2137 2530">
     <span class='ocr_line' id='line_1_26' title="bbox 562 2461 2137 2530; baseline 0.006 -19"><span class='ocrx_word' id='word_1_173' title='bbox 562 2473 648 2511; x_wconf 88' lang='lat' dir='ltr'><strong>ma</strong></span> <span class='ocrx_word' id='word_1_174' title='bbox 677 2461 1146 2528; x_wconf 88' lang='lat' dir='ltr'><strong>argumentatione</strong></span> <span class='ocrx_word' id='word_1_175' title='bbox 1176 2470 1478 2526; x_wconf 90' lang='lat' dir='ltr'><strong>mutarunt,</strong></span> <span class='ocrx_word' id='word_1_176' title='bbox 1517 2472 1730 2530; x_wconf 90' lang='lat' dir='ltr'><strong>utquos</strong></span> <span class='ocrx_word' id='word_1_177' title='bbox 1767 2464 1966 2517; x_wconf 85' lang='lat' dir='ltr'><strong>vellent</strong></span> <span class='ocrx_word' id='word_1_178' title='bbox 1991 2466 2137 2520; x_wconf 91' lang='lat' dir='ltr'><strong>deci-</strong></span> 
     </span>
    </p>
   </div>
   <div class='ocr_carea' id='block_1_27' title="bbox 560 2551 2135 2623">
    <p class='ocr_par' dir='ltr' id='par_1_27' title="bbox 560 2551 2135 2623">
     <span class='ocr_line' id='line_1_27' title="bbox 560 2551 2135 2623; baseline 0.007 -21"><span class='ocrx_word' id='word_1_179' title='bbox 560 2565 710 2619; x_wconf 84' lang='lat' dir='ltr'><strong>pere,</strong></span> <span class='ocrx_word' id='word_1_180' title='bbox 743 2551 989 2605; x_wconf 87' lang='lat' dir='ltr'><strong>dicerent</strong></span> <span class='ocrx_word' id='word_1_181' title='bbox 1055 2553 1127 2607; x_wconf 85' lang='lat' dir='ltr'><strong>ita</strong></span> <span class='ocrx_word' id='word_1_182' title='bbox 1183 2553 1470 2621; x_wconf 89' lang='lat' dir='ltr'><strong>Origenem</strong></span> <span class='ocrx_word' id='word_1_183' title='bbox 1526 2555 1639 2608; x_wconf 91' lang='lat' dir='ltr'><strong>suis</strong></span> <span class='ocrx_word' id='word_1_184' title='bbox 1694 2555 2135 2623; x_wconf 81' lang='lat' dir='ltr'><strong>Expositionihus</strong></span> 
     </span>
    </p>
   </div>
   <div class='ocr_carea' id='block_1_28' title="bbox 556 2628 2131 2713">
    <p class='ocr_par' dir='ltr' id='par_1_28' title="bbox 556 2628 2131 2713">
     <span class='ocr_line' id='line_1_28' title="bbox 556 2628 2131 2713; baseline 0.006 -21"><span class='ocrx_word' id='word_1_185' title='bbox 556 2638 851 2695; x_wconf 71' lang='lat' dir='ltr'><strong>deﬁnisse:</strong></span> <span class='ocrx_word' id='word_1_186' title='bbox 886 2640 1037 2696; x_wconf 89' lang='lat' dir='ltr'><strong>Unde</strong></span> <span class='ocrx_word' id='word_1_187' title='bbox 1070 2643 1381 2713; x_wconf 89' lang='lat' dir='ltr'><strong>quicunque</strong></span> <span class='ocrx_word' id='word_1_188' title='bbox 1409 2628 1579 2712; x_wconf 90' lang='lat' dir='ltr'><strong>usque</strong></span> <span class='ocrx_word' id='word_1_189' title='bbox 1627 2644 1789 2698; x_wconf 87' lang='lat' dir='ltr'><strong>hodie</strong></span> <span class='ocrx_word' id='word_1_190' title='bbox 1843 2645 2131 2712; x_wconf 76' lang='lat' dir='ltr'><strong>Origeneut</strong></span> 
     </span>
    </p>
   </div>
   <div class='ocr_carea' id='block_1_29' title="bbox 561 2729 2131 2809">
    <p class='ocr_par' dir='ltr' id='par_1_29' title="bbox 561 2729 2131 2809">
     <span class='ocr_line' id='line_1_29' title="bbox 561 2729 2131 2809; baseline 0.008 -26"><span class='ocrx_word' id='word_1_191' title='bbox 561 2729 711 2799; x_wconf 90' lang='lat' dir='ltr'><strong>legit,</strong></span> <span class='ocrx_word' id='word_1_192' title='bbox 734 2731 779 2785; x_wconf 91' lang='lat' dir='ltr'><strong>si</strong></span> <span class='ocrx_word' id='word_1_193' title='bbox 816 2733 1063 2800; x_wconf 85' lang='lat' dir='ltr'><strong>prudenti</strong></span> <span class='ocrx_word' id='word_1_194' title='bbox 1094 2749 1217 2788; x_wconf 89' lang='lat' dir='ltr'><strong>eum</strong></span> <span class='ocrx_word' id='word_1_195' title='bbox 1247 2736 1394 2789; x_wconf 87' lang='lat' dir='ltr'><strong>novit</strong></span> <span class='ocrx_word' id='word_1_196' title='bbox 1427 2735 1745 2791; x_wconf 86' lang='lat' dir='ltr'><strong>recitatione</strong></span> <span class='ocrx_word' id='word_1_197' title='bbox 1776 2738 2131 2809; x_wconf 66' lang='lat' dir='ltr'><strong>distinguere,</strong></span> 
     </span>
    </p>
   </div>
   <div class='ocr_carea' id='block_1_30' title="bbox 557 2821 2130 2899">
    <p class='ocr_par' dir='ltr' id='par_1_30' title="bbox 557 2821 2130 2899">
     <span class='ocr_line' id='line_1_30' title="bbox 557 2821 2130 2899; baseline 0.009 -25"><span class='ocrx_word' id='word_1_198' title='bbox 557 2821 918 2891; x_wconf 83' lang='lat' dir='ltr'><strong>deprehendit</strong></span> <span class='ocrx_word' id='word_1_199' title='bbox 944 2825 1059 2880; x_wconf 91' lang='lat' dir='ltr'><strong>loca</strong></span> <span class='ocrx_word' id='word_1_200' title='bbox 1082 2829 1149 2883; x_wconf 91' lang='lat' dir='ltr'><strong>ab</strong></span> <span class='ocrx_word' id='word_1_201' title='bbox 1188 2829 1456 2886; x_wconf 66' lang='lat' dir='ltr'><strong>haereticis</strong></span> <span class='ocrx_word' id='word_1_202' title='bbox 1491 2830 1779 2885; x_wconf 76' lang='lat' dir='ltr'><strong>maculata.</strong></span> <span class='ocrx_word' id='word_1_203' title='bbox 1843 2831 1995 2899; x_wconf 86' lang='lat' dir='ltr'><strong>Quod</strong></span> <span class='ocrx_word' id='word_1_204' title='bbox 2058 2834 2130 2888; x_wconf 85' lang='lat' dir='ltr'><strong>ita</strong></span> 
     </span>
    </p>
   </div>
   <div class='ocr_carea' id='block_1_31' title="bbox 556 2918 2131 2997">
    <p class='ocr_par' dir='ltr' id='par_1_31' title="bbox 556 2918 2131 2997">
     <span class='ocr_line' id='line_1_31' title="bbox 556 2918 2131 2997; baseline 0.01 -30"><span class='ocrx_word' id='word_1_205' title='bbox 556 2928 683 2968; x_wconf 88' lang='lat' dir='ltr'><strong>esse</strong></span> <span class='ocrx_word' id='word_1_206' title='bbox 711 2926 929 2971; x_wconf 88' lang='lat' dir='ltr'><strong>sanctus</strong></span> <span class='ocrx_word' id='word_1_207' title='bbox 956 2918 1273 2991; x_wconf 88' lang='lat' dir='ltr'><strong>Pamphilus</strong></span> <span class='ocrx_word' id='word_1_208' title='bbox 1306 2933 1513 2995; x_wconf 83' lang='lat' dir='ltr'><strong>martyr</strong></span> <span class='ocrx_word' id='word_1_209' title='bbox 1538 2926 1588 2978; x_wconf 87' lang='lat' dir='ltr'><strong>in</strong></span> <span class='ocrx_word' id='word_1_210' title='bbox 1637 2939 1735 2979; x_wconf 89' lang='lat' dir='ltr'><strong>suo</strong></span> <span class='ocrx_word' id='word_1_211' title='bbox 1793 2925 2131 2997; x_wconf 81' lang='lat' dir='ltr'><strong>Apologetico</strong></span> 
     </span>
    </p>
   </div>
   <div class='ocr_carea' id='block_1_32' title="bbox 558 3005 2131 3087">
    <p class='ocr_par' dir='ltr' id='par_1_32' title="bbox 558 3005 2131 3087">
     <span class='ocr_line' id='line_1_32' title="bbox 558 3005 2131 3087; baseline 0.011 -29"><span class='ocrx_word' id='word_1_212' title='bbox 558 3005 875 3064; x_wconf 83' lang='lat' dir='ltr'><strong>declaravit.</strong></span> <span class='ocrx_word' id='word_1_213' title='bbox 919 3029 938 3062; x_wconf 77' lang='grc' dir='ltr'><strong>ι</strong></span> <span class='ocrx_word' id='word_1_214' title='bbox 972 3011 1040 3067; x_wconf 83' lang='grc' dir='ltr'><strong>Ει</strong></span> <span class='ocrx_word' id='word_1_215' title='bbox 1071 3014 1263 3070; x_wconf 71' lang='lat' dir='ltr'><strong>haeresi</strong></span> <span class='ocrx_word' id='word_1_216' title='bbox 1296 3032 1452 3085; x_wconf 73' lang='lat' dir='ltr'><strong>sun,</strong></span> <span class='ocrx_word' id='word_1_217' title='bbox 1506 3028 1794 3087; x_wconf 86' lang='lat' dir='ltr'><strong>postquam</strong></span> <span class='ocrx_word' id='word_1_218' title='bbox 1826 3018 1963 3073; x_wconf 84' lang='lat' dir='ltr'><strong>dixit</strong></span> <span class='ocrx_word' id='word_1_219' title='bbox 2021 3030 2131 3075; x_wconf 89' lang='lat' dir='ltr'><strong>tres</strong></span> 
     </span>
    </p>
   </div>
   <div class='ocr_carea' id='block_1_33' title="bbox 559 3095 2127 3181">
    <p class='ocr_par' dir='ltr' id='par_1_33' title="bbox 559 3095 2127 3181">
     <span class='ocr_line' id='line_1_33' title="bbox 559 3095 2127 3181; baseline 0.01 -31"><span class='ocrx_word' id='word_1_220' title='bbox 559 3095 725 3155; x_wconf 81' lang='lat' dir='ltr'><strong>fuisse</strong></span> <span class='ocrx_word' id='word_1_221' title='bbox 754 3098 1032 3171; x_wconf 77' lang='lat' dir='ltr'><strong>Origenes,</strong></span> <span class='ocrx_word' id='word_1_222' title='bbox 1062 3121 1225 3161; x_wconf 91' lang='lat' dir='ltr'><strong>unum</strong></span> <span class='ocrx_word' id='word_1_223' title='bbox 1270 3108 1468 3180; x_wconf 88' lang='lat' dir='ltr'><strong>Syrum</strong></span> <span class='ocrx_word' id='word_1_224' title='bbox 1504 3110 2008 3175; x_wconf 81' lang='lat' dir='ltr'><strong>sceleratissimum,</strong></span> <span class='ocrx_word' id='word_1_225' title='bbox 2039 3113 2127 3181; x_wconf 89' lang='lat' dir='ltr'><strong>qui</strong></span> 
     </span>
    </p>
   </div>
   <div class='ocr_carea' id='block_1_34' title="bbox 555 3190 2129 3268">
    <p class='ocr_par' dir='ltr' id='par_1_34' title="bbox 555 3190 2129 3268">
     <span class='ocr_line' id='line_1_34' title="bbox 555 3190 2129 3268; baseline 0.011 -27"><span class='ocrx_word' id='word_1_226' title='bbox 555 3190 736 3259; x_wconf 87' lang='lat' dir='ltr'><strong>turpia</strong></span> <span class='ocrx_word' id='word_1_227' title='bbox 764 3192 1028 3259; x_wconf 86' lang='lat' dir='ltr'><strong>docuerit,</strong></span> <span class='ocrx_word' id='word_1_228' title='bbox 1061 3196 1288 3252; x_wconf 90' lang='lat' dir='ltr'><strong>alterum</strong></span> <span class='ocrx_word' id='word_1_229' title='bbox 1320 3199 1409 3268; x_wconf 92' lang='lat' dir='ltr'><strong>qui</strong></span> <span class='ocrx_word' id='word_1_230' title='bbox 1459 3210 1515 3255; x_wconf 89' lang='lat' dir='ltr'><strong>et</strong></span> <span class='ocrx_word' id='word_1_231' title='bbox 1546 3210 1878 3257; x_wconf 90' lang='lat' dir='ltr'><strong>mortuorum</strong></span> <span class='ocrx_word' id='word_1_232' title='bbox 1949 3218 2129 3259; x_wconf 88' lang='lat' dir='ltr'><strong>resur-</strong></span> 
     </span>
    </p>
   </div>
   <div class='ocr_carea' id='block_1_35' title="bbox 559 3282 2127 3366">
    <p class='ocr_par' dir='ltr' id='par_1_35' title="bbox 559 3282 2127 3366">
     <span class='ocr_line' id='line_1_35' title="bbox 559 3282 2127 3366; baseline 0.01 -32"><span class='ocrx_word' id='word_1_233' title='bbox 559 3282 850 3338; x_wconf 88' lang='lat' dir='ltr'><strong>rectionem</strong></span> <span class='ocrx_word' id='word_1_234' title='bbox 870 3288 1119 3357; x_wconf 83' lang='lat' dir='ltr'><strong>negabat,</strong></span> <span class='ocrx_word' id='word_1_235' title='bbox 1147 3298 1203 3343; x_wconf 92' lang='lat' dir='ltr'><strong>et</strong></span> <span class='ocrx_word' id='word_1_236' title='bbox 1222 3289 1423 3345; x_wconf 86' lang='lat' dir='ltr'><strong>Christi</strong></span> <span class='ocrx_word' id='word_1_237' title='bbox 1449 3301 1756 3348; x_wconf 85' lang='lat' dir='ltr'><strong>creaturam</strong></span> <span class='ocrx_word' id='word_1_238' title='bbox 1783 3308 1904 3350; x_wconf 89' lang='lat' dir='ltr'><strong>esse</strong></span> <span class='ocrx_word' id='word_1_239' title='bbox 1952 3294 2127 3366; x_wconf 90' lang='lat' dir='ltr'><strong>Spiri-</strong></span> 
     </span>
    </p>
   </div>
   <div class='ocr_carea' id='block_1_36' title="bbox 558 3379 2130 3451">
    <p class='ocr_par' dir='ltr' id='par_1_36' title="bbox 558 3379 2130 3451">
     <span class='ocr_line' id='line_1_36' title="bbox 558 3379 2130 3451; baseline 0.012 -26"><span class='ocrx_word' id='word_1_240' title='bbox 558 3381 669 3426; x_wconf 92' lang='lat' dir='ltr'><strong>tum</strong></span> <span class='ocrx_word' id='word_1_241' title='bbox 720 3386 968 3431; x_wconf 89' lang='lat' dir='ltr'><strong>sanctum</strong></span> <span class='ocrx_word' id='word_1_242' title='bbox 1003 3379 1248 3447; x_wconf 88' lang='lat' dir='ltr'><strong>dicebat,</strong></span> <span class='ocrx_word' id='word_1_243' title='bbox 1304 3384 1610 3451; x_wconf 91' lang='lat' dir='ltr'><strong>paradisum</strong></span> <span class='ocrx_word' id='word_1_244' title='bbox 1644 3393 1823 3439; x_wconf 91' lang='lat' dir='ltr'><strong>autem</strong></span> <span class='ocrx_word' id='word_1_245' title='bbox 1854 3395 1908 3440; x_wconf 90' lang='lat' dir='ltr'><strong>et</strong></span> <span class='ocrx_word' id='word_1_246' title='bbox 1959 3389 2130 3444; x_wconf 70' lang='lat' dir='ltr'><strong>caelos</strong></span> 
     </span>
    </p>
   </div>
   <div class='ocr_carea' id='block_1_37' title="bbox 553 3464 2127 3549">
    <p class='ocr_par' dir='ltr' id='par_1_37' title="bbox 553 3464 2127 3549">
     <span class='ocr_line' id='line_1_37' title="bbox 553 3464 2127 3549; baseline 0.012 -32"><span class='ocrx_word' id='word_1_247' title='bbox 553 3464 845 3536; x_wconf 77' lang='lat' dir='ltr'><strong>allegorice</strong></span> <span class='ocrx_word' id='word_1_248' title='bbox 894 3469 1037 3525; x_wconf 91' lang='lat' dir='ltr'><strong>dicta</strong></span> <span class='ocrx_word' id='word_1_249' title='bbox 1070 3487 1194 3529; x_wconf 90' lang='lat' dir='ltr'><strong>esse</strong></span> <span class='ocrx_word' id='word_1_250' title='bbox 1248 3473 1576 3542; x_wconf 82' lang='lat' dir='ltr'><strong>alllrmabat,</strong></span> <span class='ocrx_word' id='word_1_251' title='bbox 1645 3477 1760 3531; x_wconf 66' lang='lat' dir='ltr'><strong>haec</strong></span> <span class='ocrx_word' id='word_1_252' title='bbox 1810 3476 2127 3549; x_wconf 78' lang='lat' dir='ltr'><strong>subiungit:</strong></span> 
     </span>
    </p>
   </div>
   <div class='ocr_carea' id='block_1_38' title="bbox 558 3554 2127 3638">
    <p class='ocr_par' dir='ltr' id='par_1_38' title="bbox 558 3554 2127 3638">
     <span class='ocr_line' id='line_1_38' title="bbox 558 3554 2127 3638; baseline 0.011 -29"><span class='ocrx_word' id='word_1_253' title='bbox 558 3572 579 3608; x_wconf 76' lang='grc' dir='ltr'><strong>ι</strong></span> <span class='ocrx_word' id='word_1_254' title='bbox 611 3554 676 3611; x_wconf 84' lang='lat' dir='ltr'><strong>Hi</strong></span> <span class='ocrx_word' id='word_1_255' title='bbox 709 3559 814 3614; x_wconf 92' lang='lat' dir='ltr'><strong>duo</strong></span> <span class='ocrx_word' id='word_1_256' title='bbox 842 3559 1105 3629; x_wconf 83' lang='lat' dir='ltr'><strong>Origenes</strong></span> <span class='ocrx_word' id='word_1_257' title='bbox 1126 3579 1290 3633; x_wconf 87' lang='lat' dir='ltr'><strong>prava</strong></span> <span class='ocrx_word' id='word_1_258' title='bbox 1321 3581 1548 3637; x_wconf 70' lang='lat' dir='ltr'><strong>quaeque</strong></span> <span class='ocrx_word' id='word_1_259' title='bbox 1593 3568 1950 3638; x_wconf 89' lang='lat' dir='ltr'><strong>scripserunt.</strong></span> <span class='ocrx_word' id='word_1_260' title='bbox 2004 3570 2127 3626; x_wconf 65' lang='lat' dir='ltr'><strong>Haa-</strong></span> 
     </span>
    </p>
   </div>
   <div class='ocr_carea' id='block_1_39' title="bbox 552 3650 2129 3730">
    <p class='ocr_par' dir='ltr' id='par_1_39' title="bbox 552 3650 2129 3730">
     <span class='ocr_line' id='line_1_39' title="bbox 552 3650 2129 3730; baseline 0.011 -29"><span class='ocrx_word' id='word_1_261' title='bbox 552 3650 707 3704; x_wconf 86' lang='lat' dir='ltr'><strong>retici</strong></span> <span class='ocrx_word' id='word_1_262' title='bbox 735 3662 788 3706; x_wconf 91' lang='lat' dir='ltr'><strong>et</strong></span> <span class='ocrx_word' id='word_1_263' title='bbox 822 3656 1065 3721; x_wconf 80' lang='lat' dir='ltr'><strong>perversi</strong></span> <span class='ocrx_word' id='word_1_264' title='bbox 1112 3657 1363 3714; x_wconf 84' lang='lat' dir='ltr'><strong>doctores</strong></span> <span class='ocrx_word' id='word_1_265' title='bbox 1389 3669 1577 3715; x_wconf 89' lang='lat' dir='ltr'><strong>nostro</strong></span> <span class='ocrx_word' id='word_1_266' title='bbox 1604 3660 1824 3730; x_wconf 90' lang='lat' dir='ltr'><strong>Origeni</strong></span> <span class='ocrx_word' id='word_1_267' title='bbox 1859 3661 2129 3718; x_wconf 89' lang='lat' dir='ltr'><strong>catholico</strong></span> 
     </span>
    </p>
   </div>
   <div class='ocr_carea' id='block_1_40' title="bbox 555 3745 2130 3822">
    <p class='ocr_par' dir='ltr' id='par_1_40' title="bbox 555 3745 2130 3822">
     <span class='ocr_line' id='line_1_40' title="bbox 555 3745 2130 3822; baseline 0.009 -29"><span class='ocrx_word' id='word_1_268' title='bbox 555 3745 835 3798; x_wconf 83' lang='lat' dir='ltr'><strong>tractatori</strong></span> <span class='ocrx_word' id='word_1_269' title='bbox 868 3745 1224 3814; x_wconf 89' lang='lat' dir='ltr'><strong>miscuerunt,</strong></span> <span class='ocrx_word' id='word_1_270' title='bbox 1254 3750 1719 3820; x_wconf 90' lang='lat' dir='ltr'><strong>utadimpleretur</strong></span> <span class='ocrx_word' id='word_1_271' title='bbox 1748 3753 1891 3822; x_wconf 86' lang='lat' dir='ltr'><strong>quod</strong></span> <span class='ocrx_word' id='word_1_272' title='bbox 1932 3754 2130 3808; x_wconf 89' lang='lat' dir='ltr'><strong>dicitur</strong></span> 
     </span>
    </p>
   </div>
   <div class='ocr_carea' id='block_1_41' title="bbox 550 3832 2127 3910">
    <p class='ocr_par' dir='ltr' id='par_1_41' title="bbox 550 3832 2127 3910">
     <span class='ocr_line' id='line_1_41' title="bbox 550 3832 2127 3910; baseline 0.01 -26"><span class='ocrx_word' id='word_1_273' title='bbox 550 3846 584 3885; x_wconf 86' lang='lat' dir='ltr'><strong>a</strong></span> <span class='ocrx_word' id='word_1_274' title='bbox 636 3832 862 3890; x_wconf 89' lang='lat' dir='ltr'><strong>Domino</strong></span> <span class='ocrx_word' id='word_1_275' title='bbox 904 3837 958 3890; x_wconf 93' lang='lat' dir='ltr'><strong>in</strong></span> <span class='ocrx_word' id='word_1_276' title='bbox 1012 3836 1378 3910; x_wconf 81' lang='lat' dir='ltr'><strong>Evangeliis”</strong></span> <span class='ocrx_word' id='word_1_277' title='bbox 1412 3861 1427 3897; x_wconf 92' lang='lat'><strong>:</strong></span> <span class='ocrx_word' id='word_1_278' title='bbox 1462 3841 1654 3897; x_wconf 86' lang='lat' dir='ltr'><strong>Nonne</strong></span> <span class='ocrx_word' id='word_1_279' title='bbox 1710 3844 1905 3898; x_wconf 82' lang='lat' dir='ltr'><strong>bonum</strong></span> <span class='ocrx_word' id='word_1_280' title='bbox 1954 3860 2127 3900; x_wconf 90' lang='lat' dir='ltr'><strong>semen</strong></span> 
     </span>
    </p>
   </div>
   <div class='ocr_carea' id='block_1_42' title="bbox 547 3923 2129 4005">
    <p class='ocr_par' dir='ltr' id='par_1_42' title="bbox 547 3923 2129 4005">
     <span class='ocr_line' id='line_1_42' title="bbox 547 3923 2129 4005; baseline 0.012 -32"><span class='ocrx_word' id='word_1_281' title='bbox 547 3923 823 3978; x_wconf 78' lang='lat' dir='ltr'><strong>seminasti</strong></span> <span class='ocrx_word' id='word_1_282' title='bbox 878 3927 933 3981; x_wconf 88' lang='lat' dir='ltr'><strong>in</strong></span> <span class='ocrx_word' id='word_1_283' title='bbox 986 3945 1113 3998; x_wconf 87' lang='lat' dir='ltr'><strong>agro</strong></span> <span class='ocrx_word' id='word_1_284' title='bbox 1163 3933 1293 3986; x_wconf 79' lang='lat' dir='ltr'><strong>tuo?</strong></span> <span class='ocrx_word' id='word_1_285' title='bbox 1344 3931 1496 3988; x_wconf 85' lang='lat' dir='ltr'><strong>Unde</strong></span> <span class='ocrx_word' id='word_1_286' title='bbox 1551 3951 1674 4005; x_wconf 80' lang='lat' dir='ltr'><strong>ergo</strong></span> <span class='ocrx_word' id='word_1_287' title='bbox 1705 3935 1817 3990; x_wconf 72' lang='lat' dir='ltr'><strong>lucc</strong></span> <span class='ocrx_word' id='word_1_288' title='bbox 1865 3935 2129 3992; x_wconf 75' lang='lat' dir='ltr'><strong>zizania.’</strong></span> 
     </span>
    </p>
   </div>
   <div class='ocr_carea' id='block_1_43' title="bbox 550 4010 2112 4097">
    <p class='ocr_par' dir='ltr' id='par_1_43' title="bbox 550 4010 2112 4097">
     <span class='ocr_line' id='line_1_43' title="bbox 550 4010 2112 4097; baseline 0.012 -34"><span class='ocrx_word' id='word_1_289' title='bbox 550 4010 657 4077; x_wconf 85' lang='lat' dir='ltr'><strong>Qui</strong></span> <span class='ocrx_word' id='word_1_290' title='bbox 709 4019 1022 4082; x_wconf 78' lang='lat' dir='ltr'><strong>respondens</strong></span> <span class='ocrx_word' id='word_1_291' title='bbox 1054 4022 1129 4073; x_wconf 80' lang='lat' dir='ltr'><strong>ait</strong></span> <span class='ocrx_word' id='word_1_292' title='bbox 1202 4041 1223 4080; x_wconf 89' lang='lat'><strong><em>:</em></strong></span> <span class='ocrx_word' id='word_1_293' title='bbox 1274 4023 1532 4079; x_wconf 79' lang='lat' dir='ltr'><strong>Inimicus</strong></span> <span class='ocrx_word' id='word_1_294' title='bbox 1586 4027 1742 4080; x_wconf 83' lang='lat' dir='ltr'><strong>homo</strong></span> <span class='ocrx_word' id='word_1_295' title='bbox 1794 4026 1908 4080; x_wconf 76' lang='lat' dir='ltr'><strong>lum:</strong></span> <span class='ocrx_word' id='word_1_296' title='bbox 1964 4027 2112 4097; x_wconf 79' lang='lat' dir='ltr'><strong>fecit.</strong></span> 
     </span>
    </p>
   </div>
   <div class='ocr_carea' id='block_1_44' title="bbox 551 4104 2123 4184">
    <p class='ocr_par' dir='ltr' id='par_1_44' title="bbox 551 4104 2123 4184">
     <span class='ocr_line' id='line_1_44' title="bbox 551 4104 2123 4184; baseline 0.011 -28"><span class='ocrx_word' id='word_1_297' title='bbox 551 4104 676 4157; x_wconf 87' lang='lat' dir='ltr'><strong>Ideo</strong></span> <span class='ocrx_word' id='word_1_298' title='bbox 707 4108 850 4161; x_wconf 91' lang='lat' dir='ltr'><strong>enim</strong></span> <span class='ocrx_word' id='word_1_299' title='bbox 892 4110 1181 4180; x_wconf 90' lang='lat' dir='ltr'><strong>Origenem</strong></span> <span class='ocrx_word' id='word_1_300' title='bbox 1248 4114 1489 4184; x_wconf 82' lang='lat' dir='ltr'><strong>legentes</strong></span> <span class='ocrx_word' id='word_1_301' title='bbox 1540 4118 1848 4173; x_wconf 86' lang='lat' dir='ltr'><strong>invenimus</strong></span> <span class='ocrx_word' id='word_1_302' title='bbox 1894 4120 2123 4175; x_wconf 89' lang='lat' dir='ltr'><strong>catholi-</strong></span> 
     </span>
    </p>
   </div>
   <div class='ocr_carea' id='block_1_45' title="bbox 549 4204 2120 4267">
    <p class='ocr_par' dir='ltr' id='par_1_45' title="bbox 549 4204 2120 4267">
     <span class='ocr_line' id='line_1_45' title="bbox 549 4204 2120 4267; baseline 0.011 -17"><span class='ocrx_word' id='word_1_303' title='bbox 549 4210 693 4263; x_wconf 88' lang='lat' dir='ltr'><strong>cum,</strong></span> <span class='ocrx_word' id='word_1_304' title='bbox 725 4209 780 4253; x_wconf 93' lang='lat' dir='ltr'><strong>et</strong></span> <span class='ocrx_word' id='word_1_305' title='bbox 806 4212 993 4256; x_wconf 90' lang='lat' dir='ltr'><strong>contra</strong></span> <span class='ocrx_word' id='word_1_306' title='bbox 1024 4204 1266 4263; x_wconf 64' lang='lat' dir='ltr'><strong>haereses</strong></span> <span class='ocrx_word' id='word_1_307' title='bbox 1304 4208 1650 4262; x_wconf 87' lang='lat' dir='ltr'><strong>dimicantem</strong></span> <span class='ocrx_word' id='word_1_308' title='bbox 1682 4217 1737 4264; x_wconf 92' lang='lat' dir='ltr'><strong>et</strong></span> <span class='ocrx_word' id='word_1_309' title='bbox 1762 4210 2070 4265; x_wconf 84' lang='lat' dir='ltr'><strong>vincentem</strong></span> <span class='ocrx_word' id='word_1_310' title='bbox 2104 4228 2120 4267; x_wconf 88' lang='lat'><strong>:</strong></span> 
     </span>
    </p>
   </div>
   <div class='ocr_carea' id='block_1_46' title="bbox 547 4286 2120 4369">
    <p class='ocr_par' dir='ltr' id='par_1_46' title="bbox 547 4286 2120 4369">
     <span class='ocr_line' id='line_1_46' title="bbox 547 4286 2120 4369; baseline 0.01 -27"><span class='ocrx_word' id='word_1_311' title='bbox 547 4286 842 4347; x_wconf 85' lang='lat' dir='ltr'><strong>identidem</strong></span> <span class='ocrx_word' id='word_1_312' title='bbox 870 4295 1109 4364; x_wconf 87' lang='lat' dir='ltr'><strong>legentes</strong></span> <span class='ocrx_word' id='word_1_313' title='bbox 1134 4297 1423 4369; x_wconf 80' lang='lat' dir='ltr'><strong>Origenem</strong></span> <span class='ocrx_word' id='word_1_314' title='bbox 1455 4300 1761 4355; x_wconf 90' lang='lat' dir='ltr'><strong>invenimus</strong></span> <span class='ocrx_word' id='word_1_315' title='bbox 1784 4301 2120 4369; x_wconf 68' lang='lat' dir='ltr'><strong>haereticum,</strong></span> 
     </span>
    </p>
   </div>
   <div class='ocr_carea' id='block_1_47' title="bbox 514 4405 1277 4478">
    <p class='ocr_par' dir='ltr' id='par_1_47' title="bbox 514 4405 1277 4478">
     <span class='ocr_line' id='line_1_47' title="bbox 514 4405 1277 4478; baseline 0.003 -13"><span class='ocrx_word' id='word_1_316' title='bbox 514 4462 517 4465; x_wconf 77' lang='lat'><strong>.</strong></span> <span class='ocrx_word' id='word_1_317' title='bbox 617 4405 664 4438; x_wconf 83' lang='lat'>”</span> <span class='ocrx_word' id='word_1_318' title='bbox 688 4405 874 4462; x_wconf 82' lang='lat' dir='ltr'><strong>Matth.</strong></span> <span class='ocrx_word' id='word_1_319' title='bbox 911 4426 1029 4478; x_wconf 80' lang='lat' dir='ltr'><strong>xm,</strong></span> <span class='ocrx_word' id='word_1_320' title='bbox 1066 4412 1155 4477; x_wconf 72' lang='lat'><strong>27,</strong></span> <span class='ocrx_word' id='word_1_321' title='bbox 1186 4412 1277 4467; x_wconf 69' lang='grc'><strong>28.</strong></span> 
     </span>
    </p>
   </div>
   <div class='ocr_carea' id='block_1_48' title="bbox 556 4535 1531 4572">
    <p class='ocr_par' dir='ltr' id='par_1_48' title="bbox 556 4535 1531 4572">
     <span class='ocr_line' id='line_1_48' title="bbox 556 4535 1531 4572; baseline 0.011 -11"><span class='ocrx_word' id='word_1_322' title='bbox 556 4535 1531 4572; x_wconf 45' lang='grc' dir='ltr'><strong>Ε--ἑ--σ-’Ξ-ξῄ--έ</strong></span> 
     </span>
    </p>
   </div>
   <div class='ocr_carea' id='block_1_49' title="bbox 2248 634 3801 704">
    <p class='ocr_par' dir='ltr' id='par_1_49' title="bbox 2248 634 3801 704">
     <span class='ocr_line' id='line_1_49' title="bbox 2248 634 3801 704; baseline 0.003 -14"><span class='ocrx_word' id='word_1_323' title='bbox 2248 647 2302 691; x_wconf 92' lang='lat' dir='ltr'><strong>et</strong></span> <span class='ocrx_word' id='word_1_324' title='bbox 2333 650 2527 690; x_wconf 88' lang='lat' dir='ltr'><strong>sensus</strong></span> <span class='ocrx_word' id='word_1_325' title='bbox 2567 651 2583 689; x_wconf 89' lang='lat'><strong>:</strong></span> <span class='ocrx_word' id='word_1_326' title='bbox 2617 634 2660 689; x_wconf 92' lang='lat' dir='ltr'><strong>si</strong></span> <span class='ocrx_word' id='word_1_327' title='bbox 2694 644 2912 704; x_wconf 87' lang='lat' dir='ltr'><strong>possent</strong></span> <span class='ocrx_word' id='word_1_328' title='bbox 2944 644 2997 689; x_wconf 92' lang='lat' dir='ltr'><strong>et</strong></span> <span class='ocrx_word' id='word_1_329' title='bbox 3021 634 3196 690; x_wconf 84' lang='lat' dir='ltr'><strong>facies</strong></span> <span class='ocrx_word' id='word_1_330' title='bbox 3241 634 3571 703; x_wconf 87' lang='lat' dir='ltr'><strong>loquentium</strong></span> <span class='ocrx_word' id='word_1_331' title='bbox 3597 637 3801 695; x_wconf 87' lang='lat' dir='ltr'><strong>demon-</strong></span> 
     </span>
    </p>
   </div>
   <div class='ocr_carea' id='block_1_50' title="bbox 2247 724 3802 795">
    <p class='ocr_par' dir='ltr' id='par_1_50' title="bbox 2247 724 3802 795">
     <span class='ocr_line' id='line_1_50' title="bbox 2247 724 3802 795; baseline 0.005 -16"><span class='ocrx_word' id='word_1_332' title='bbox 2247 736 2443 791; x_wconf 89' lang='lat' dir='ltr'><strong>strare,</strong></span> <span class='ocrx_word' id='word_1_333' title='bbox 2487 740 2727 780; x_wconf 76' lang='lat' dir='ltr'><strong>errorem</strong></span> <span class='ocrx_word' id='word_1_334' title='bbox 2761 724 2939 779; x_wconf 89' lang='lat' dir='ltr'><strong>nullus</strong></span> <span class='ocrx_word' id='word_1_335' title='bbox 2985 734 3198 795; x_wconf 88' lang='lat' dir='ltr'><strong>poterat</strong></span> <span class='ocrx_word' id='word_1_336' title='bbox 3232 725 3301 779; x_wconf 89' lang='lat' dir='ltr'><strong>de</strong></span> <span class='ocrx_word' id='word_1_337' title='bbox 3329 740 3559 793; x_wconf 89' lang='lat' dir='ltr'><strong>persona</strong></span> <span class='ocrx_word' id='word_1_338' title='bbox 3584 730 3802 787; x_wconf 88' lang='lat' dir='ltr'><strong>doctoris</strong></span> 
     </span>
    </p>
   </div>
   <div class='ocr_carea' id='block_1_51' title="bbox 2247 816 3803 887">
    <p class='ocr_par' dir='ltr' id='par_1_51' title="bbox 2247 816 3803 887">
     <span class='ocr_line' id='line_1_51' title="bbox 2247 816 3803 887; baseline 0.003 -16"><span class='ocrx_word' id='word_1_339' title='bbox 2247 817 2551 877; x_wconf 89' lang='lat' dir='ltr'><strong>incurrere.</strong></span> <span class='ocrx_word' id='word_1_340' title='bbox 2580 816 2715 871; x_wconf 86' lang='lat' dir='ltr'><strong>Nam</strong></span> <span class='ocrx_word' id='word_1_341' title='bbox 2744 828 2801 871; x_wconf 89' lang='lat' dir='ltr'><strong>et</strong></span> <span class='ocrx_word' id='word_1_342' title='bbox 2829 817 2957 871; x_wconf 87' lang='lat' dir='ltr'><strong>illud</strong></span> <span class='ocrx_word' id='word_1_343' title='bbox 2995 818 3302 872; x_wconf 89' lang='lat' dir='ltr'><strong>cavendum</strong></span> <span class='ocrx_word' id='word_1_344' title='bbox 3339 828 3443 881; x_wconf 91' lang='lat' dir='ltr'><strong>est,</strong></span> <span class='ocrx_word' id='word_1_345' title='bbox 3501 820 3635 887; x_wconf 81' lang='lat' dir='ltr'><strong>quod</strong></span> <span class='ocrx_word' id='word_1_346' title='bbox 3688 825 3803 875; x_wconf 76' lang='lat' dir='ltr'><strong>Am-</strong></span> 
     </span>
    </p>
   </div>
   <div class='ocr_carea' id='block_1_52' title="bbox 2246 906 3806 978">
    <p class='ocr_par' dir='ltr' id='par_1_52' title="bbox 2246 906 3806 978">
     <span class='ocr_line' id='line_1_52' title="bbox 2246 906 3806 978; baseline 0.003 -15"><span class='ocrx_word' id='word_1_347' title='bbox 2246 908 2515 977; x_wconf 90' lang='lat' dir='ltr'><strong>pulliauus</strong></span> <span class='ocrx_word' id='word_1_348' title='bbox 2545 908 2761 978; x_wconf 91' lang='lat' dir='ltr'><strong>quidam</strong></span> <span class='ocrx_word' id='word_1_349' title='bbox 2795 907 3185 962; x_wconf 66' lang='lat' dir='ltr'><strong>hmresiarcbes</strong></span> <span class='ocrx_word' id='word_1_350' title='bbox 3217 906 3524 978; x_wconf 86' lang='lat' dir='ltr'><strong>Bythinius,</strong></span> <span class='ocrx_word' id='word_1_351' title='bbox 3549 910 3634 978; x_wconf 85' lang='lat' dir='ltr'><strong>qui</strong></span> <span class='ocrx_word' id='word_1_352' title='bbox 3660 912 3806 967; x_wconf 87' lang='lat' dir='ltr'><strong>doce—</strong></span> 
     </span>
    </p>
   </div>
   <div class='ocr_carea' id='block_1_53' title="bbox 2244 998 3803 1072">
    <p class='ocr_par' dir='ltr' id='par_1_53' title="bbox 2244 998 3803 1072">
     <span class='ocr_line' id='line_1_53' title="bbox 2244 998 3803 1072; baseline 0.001 -14"><span class='ocrx_word' id='word_1_353' title='bbox 2244 1004 2337 1059; x_wconf 94' lang='lat' dir='ltr'><strong>bat</strong></span> <span class='ocrx_word' id='word_1_354' title='bbox 2376 1010 2494 1072; x_wconf 89' lang='lat' dir='ltr'><strong>post</strong></span> <span class='ocrx_word' id='word_1_355' title='bbox 2550 1000 2837 1069; x_wconf 84' lang='lat' dir='ltr'><strong>Origenetn</strong></span> <span class='ocrx_word' id='word_1_356' title='bbox 2906 999 3201 1055; x_wconf 87' lang='lat' dir='ltr'><strong>Ecclesiam</strong></span> <span class='ocrx_word' id='word_1_357' title='bbox 3268 1000 3388 1055; x_wconf 85' lang='lat' dir='ltr'><strong>Dei.</strong></span> <span class='ocrx_word' id='word_1_358' title='bbox 3452 998 3549 1055; x_wconf 87' lang='lat' dir='ltr'><strong>llic</strong></span> <span class='ocrx_word' id='word_1_359' title='bbox 3595 1002 3803 1060; x_wconf 90' lang='lat' dir='ltr'><strong>incurrit</strong></span> 
     </span>
    </p>
   </div>
   <div class='ocr_carea' id='block_1_54' title="bbox 2246 1090 3801 1159">
    <p class='ocr_par' dir='ltr' id='par_1_54' title="bbox 2246 1090 3801 1159">
     <span class='ocr_line' id='line_1_54' title="bbox 2246 1090 3801 1159; baseline 0.003 -12"><span class='ocrx_word' id='word_1_360' title='bbox 2246 1092 2407 1147; x_wconf 87' lang='lat' dir='ltr'><strong>talem</strong></span> <span class='ocrx_word' id='word_1_361' title='bbox 2456 1092 2714 1146; x_wconf 75' lang='lat' dir='ltr'><strong>hteresem</strong></span> <span class='ocrx_word' id='word_1_362' title='bbox 2736 1131 2753 1159; x_wconf 89' lang='lat'><strong>,</strong></span> <span class='ocrx_word' id='word_1_363' title='bbox 2785 1101 2844 1146; x_wconf 90' lang='lat' dir='ltr'><strong>ut</strong></span> <span class='ocrx_word' id='word_1_364' title='bbox 2872 1090 3079 1145; x_wconf 90' lang='lat' dir='ltr'><strong>diceret</strong></span> <span class='ocrx_word' id='word_1_365' title='bbox 3100 1106 3299 1147; x_wconf 87' lang='lat' dir='ltr'><strong>omnes</strong></span> <span class='ocrx_word' id='word_1_366' title='bbox 3342 1090 3662 1149; x_wconf 80' lang='lat' dir='ltr'><strong>criminosus</strong></span> <span class='ocrx_word' id='word_1_367' title='bbox 3693 1110 3801 1151; x_wconf 85' lang='lat' dir='ltr'><strong>cum</strong></span> 
     </span>
    </p>
   </div>
   <div class='ocr_carea' id='block_1_55' title="bbox 2243 1183 3800 1257">
    <p class='ocr_par' dir='ltr' id='par_1_55' title="bbox 2243 1183 3800 1257">
     <span class='ocr_line' id='line_1_55' title="bbox 2243 1183 3800 1257; baseline 0.001 -17"><span class='ocrx_word' id='word_1_368' title='bbox 2243 1184 2459 1240; x_wconf 89' lang='lat' dir='ltr'><strong>diabolo</strong></span> <span class='ocrx_word' id='word_1_369' title='bbox 2479 1192 2534 1239; x_wconf 92' lang='lat' dir='ltr'><strong>et</strong></span> <span class='ocrx_word' id='word_1_370' title='bbox 2555 1183 2840 1240; x_wconf 63' lang='lat' dir='ltr'><strong>damoniis</strong></span> <span class='ocrx_word' id='word_1_371' title='bbox 2868 1197 2934 1237; x_wconf 90' lang='lat' dir='ltr'><strong>eo</strong></span> <span class='ocrx_word' id='word_1_372' title='bbox 2975 1199 3146 1254; x_wconf 91' lang='lat' dir='ltr'><strong>usque</strong></span> <span class='ocrx_word' id='word_1_373' title='bbox 3170 1185 3224 1238; x_wconf 91' lang='lat' dir='ltr'><strong>in</strong></span> <span class='ocrx_word' id='word_1_374' title='bbox 3267 1184 3517 1255; x_wconf 83' lang='lat' dir='ltr'><strong>gehenna</strong></span> <span class='ocrx_word' id='word_1_375' title='bbox 3550 1187 3800 1257; x_wconf 77' lang='lat' dir='ltr'><strong>decoqui,</strong></span> 
     </span>
    </p>
   </div>
   <div class='ocr_carea' id='block_1_56' title="bbox 2243 1274 3799 1344">
    <p class='ocr_par' dir='ltr' id='par_1_56' title="bbox 2243 1274 3799 1344">
     <span class='ocr_line' id='line_1_56' title="bbox 2243 1274 3799 1344; baseline 0.004 -15"><span class='ocrx_word' id='word_1_376' title='bbox 2243 1289 2523 1344; x_wconf 88' lang='lat' dir='ltr'><strong>usquequo</strong></span> <span class='ocrx_word' id='word_1_377' title='bbox 2578 1274 2697 1343; x_wconf 89' lang='lat' dir='ltr'><strong>puri</strong></span> <span class='ocrx_word' id='word_1_378' title='bbox 2747 1274 2939 1329; x_wconf 88' lang='lat' dir='ltr'><strong>redditi</strong></span> <span class='ocrx_word' id='word_1_379' title='bbox 2988 1276 3200 1343; x_wconf 84' lang='lat' dir='ltr'><strong>possint</strong></span> <span class='ocrx_word' id='word_1_380' title='bbox 3251 1277 3378 1332; x_wconf 91' lang='lat' dir='ltr'><strong>inde</strong></span> <span class='ocrx_word' id='word_1_381' title='bbox 3402 1287 3457 1331; x_wconf 91' lang='lat' dir='ltr'><strong>et</strong></span> <span class='ocrx_word' id='word_1_382' title='bbox 3499 1277 3799 1336; x_wconf 89' lang='lat' dir='ltr'><strong>immaculati</strong></span> 
     </span>
    </p>
   </div>
   <div class='ocr_carea' id='block_1_57' title="bbox 2241 1363 3802 1433">
    <p class='ocr_par' dir='ltr' id='par_1_57' title="bbox 2241 1363 3802 1433">
     <span class='ocr_line' id='line_1_57' title="bbox 2241 1363 3802 1433; baseline 0.002 -15"><span class='ocrx_word' id='word_1_383' title='bbox 2241 1366 2448 1432; x_wconf 80' lang='lat' dir='ltr'><strong>egredi,</strong></span> <span class='ocrx_word' id='word_1_384' title='bbox 2478 1364 2545 1418; x_wconf 93' lang='lat' dir='ltr'><strong>ad</strong></span> <span class='ocrx_word' id='word_1_385' title='bbox 2571 1366 2669 1419; x_wconf 90' lang='lat' dir='ltr'><strong>hoc</strong></span> <span class='ocrx_word' id='word_1_386' title='bbox 2699 1363 2842 1433; x_wconf 91' lang='lat' dir='ltr'><strong>quod</strong></span> <span class='ocrx_word' id='word_1_387' title='bbox 2873 1374 3032 1418; x_wconf 76' lang='lat' dir='ltr'><strong>antea</strong></span> <span class='ocrx_word' id='word_1_388' title='bbox 3058 1364 3281 1418; x_wconf 80' lang='lat' dir='ltr'><strong>fuerant</strong></span> <span class='ocrx_word' id='word_1_389' title='bbox 3308 1365 3471 1419; x_wconf 87' lang='lat' dir='ltr'><strong>alieni</strong></span> <span class='ocrx_word' id='word_1_390' title='bbox 3499 1380 3527 1417; x_wconf 90' lang='lat' dir='ltr'><strong>a</strong></span> <span class='ocrx_word' id='word_1_391' title='bbox 3546 1365 3689 1432; x_wconf 83' lang='lat' dir='ltr'><strong>culpa</strong></span> <span class='ocrx_word' id='word_1_392' title='bbox 3715 1381 3802 1421; x_wconf 90' lang='lat' dir='ltr'><strong>suo</strong></span> 
     </span>
    </p>
   </div>
   <div class='ocr_carea' id='block_1_58' title="bbox 2243 1456 3801 1526">
    <p class='ocr_par' dir='ltr' id='par_1_58' title="bbox 2243 1456 3801 1526">
     <span class='ocr_line' id='line_1_58' title="bbox 2243 1456 3801 1526; baseline 0.004 -17"><span class='ocrx_word' id='word_1_393' title='bbox 2243 1456 2436 1511; x_wconf 89' lang='lat' dir='ltr'><strong>iterum</strong></span> <span class='ocrx_word' id='word_1_394' title='bbox 2478 1456 2728 1511; x_wconf 85' lang='lat' dir='ltr'><strong>Creatori</strong></span> <span class='ocrx_word' id='word_1_395' title='bbox 2761 1456 2991 1511; x_wconf 88' lang='lat' dir='ltr'><strong>restitui.</strong></span> <span class='ocrx_word' id='word_1_396' title='bbox 3040 1456 3170 1525; x_wconf 70' lang='lat' dir='ltr'><strong>llic,</strong></span> <span class='ocrx_word' id='word_1_397' title='bbox 3206 1456 3338 1510; x_wconf 91' lang='lat' dir='ltr'><strong>dum</strong></span> <span class='ocrx_word' id='word_1_398' title='bbox 3390 1468 3698 1526; x_wconf 87' lang='lat' dir='ltr'><strong>argueretur</strong></span> <span class='ocrx_word' id='word_1_399' title='bbox 3740 1460 3801 1516; x_wconf 84' lang='lat' dir='ltr'><strong>ab</strong></span> 
     </span>
    </p>
   </div>
   <div class='ocr_carea' id='block_1_59' title="bbox 2240 1546 3800 1619">
    <p class='ocr_par' dir='ltr' id='par_1_59' title="bbox 2240 1546 3800 1619">
     <span class='ocr_line' id='line_1_59' title="bbox 2240 1546 3800 1619; baseline 0.001 -18"><span class='ocrx_word' id='word_1_400' title='bbox 2240 1546 2503 1612; x_wconf 89' lang='lat' dir='ltr'><strong>Ecclesia,</strong></span> <span class='ocrx_word' id='word_1_401' title='bbox 2545 1547 2712 1618; x_wconf 69' lang='lat' dir='ltr'><strong>cmpit</strong></span> <span class='ocrx_word' id='word_1_402' title='bbox 2737 1546 2981 1615; x_wconf 78' lang='lat' dir='ltr'><strong>proferre</strong></span> <span class='ocrx_word' id='word_1_403' title='bbox 3010 1546 3180 1603; x_wconf 90' lang='lat' dir='ltr'><strong>libros</strong></span> <span class='ocrx_word' id='word_1_404' title='bbox 3212 1548 3471 1616; x_wconf 83' lang='lat' dir='ltr'><strong>Origenis</strong></span> <span class='ocrx_word' id='word_1_405' title='bbox 3492 1587 3509 1612; x_wconf 94' lang='lat'><strong>,</strong></span> <span class='ocrx_word' id='word_1_406' title='bbox 3530 1564 3660 1617; x_wconf 87' lang='lat' dir='ltr'><strong>quos</strong></span> <span class='ocrx_word' id='word_1_407' title='bbox 3700 1550 3800 1619; x_wconf 85' lang='lat' dir='ltr'><strong>ipse</strong></span> 
     </span>
    </p>
   </div>
   <div class='ocr_carea' id='block_1_60' title="bbox 2240 1639 3797 1712">
    <p class='ocr_par' dir='ltr' id='par_1_60' title="bbox 2240 1639 3797 1712">
     <span class='ocr_line' id='line_1_60' title="bbox 2240 1639 3797 1712; baseline 0.001 -17"><span class='ocrx_word' id='word_1_408' title='bbox 2240 1640 2549 1707; x_wconf 90' lang='lat' dir='ltr'><strong>vitiaverat,</strong></span> <span class='ocrx_word' id='word_1_409' title='bbox 2573 1650 2630 1695; x_wconf 91' lang='lat' dir='ltr'><strong>et</strong></span> <span class='ocrx_word' id='word_1_410' title='bbox 2658 1642 2837 1697; x_wconf 89' lang='lat' dir='ltr'><strong>dicere</strong></span> <span class='ocrx_word' id='word_1_411' title='bbox 2864 1660 2879 1697; x_wconf 89' lang='lat'><strong>:</strong></span> <span class='ocrx_word' id='word_1_412' title='bbox 2914 1642 3052 1697; x_wconf 86' lang='lat' dir='ltr'><strong>Ecce</strong></span> <span class='ocrx_word' id='word_1_413' title='bbox 3072 1642 3201 1712; x_wconf 91' lang='lat' dir='ltr'><strong>quia</strong></span> <span class='ocrx_word' id='word_1_414' title='bbox 3221 1639 3494 1709; x_wconf 86' lang='lat' dir='ltr'><strong>Origenes</strong></span> <span class='ocrx_word' id='word_1_415' title='bbox 3525 1642 3595 1694; x_wconf 92' lang='lat' dir='ltr'><strong>ita</strong></span> <span class='ocrx_word' id='word_1_416' title='bbox 3628 1644 3797 1709; x_wconf 83' lang='lat' dir='ltr'><strong>sensit,</strong></span> 
     </span>
    </p>
   </div>
   <div class='ocr_carea' id='block_1_61' title="bbox 2241 1732 3797 1804">
    <p class='ocr_par' dir='ltr' id='par_1_61' title="bbox 2241 1732 3797 1804">
     <span class='ocr_line' id='line_1_61' title="bbox 2241 1732 3797 1804; baseline 0.001 -17"><span class='ocrx_word' id='word_1_417' title='bbox 2241 1741 2295 1787; x_wconf 90' lang='lat' dir='ltr'><strong>et</strong></span> <span class='ocrx_word' id='word_1_418' title='bbox 2317 1733 2586 1802; x_wconf 67' lang='lat' dir='ltr'><strong>praecipue</strong></span> <span class='ocrx_word' id='word_1_419' title='bbox 2615 1733 2667 1786; x_wconf 92' lang='lat' dir='ltr'><strong>in</strong></span> <span class='ocrx_word' id='word_1_420' title='bbox 2694 1742 2932 1803; x_wconf 90' lang='lat' dir='ltr'><strong>quatuor</strong></span> <span class='ocrx_word' id='word_1_421' title='bbox 2954 1734 3094 1803; x_wconf 77' lang='grc' dir='ltr'><strong>Περὶ</strong></span> <span class='ocrx_word' id='word_1_422' title='bbox 3111 1732 3319 1803; x_wconf 79' lang='grc' dir='ltr'><strong>ἀρχῶν</strong></span> <span class='ocrx_word' id='word_1_423' title='bbox 3344 1732 3523 1788; x_wconf 90' lang='lat' dir='ltr'><strong>libris.</strong></span> <span class='ocrx_word' id='word_1_424' title='bbox 3570 1733 3670 1787; x_wconf 86' lang='lat' dir='ltr'><strong>Sed</strong></span> <span class='ocrx_word' id='word_1_425' title='bbox 3716 1734 3797 1804; x_wconf 86' lang='lat' dir='ltr'><strong>qui</strong></span> 
     </span>
    </p>
   </div>
   <div class='ocr_carea' id='block_1_62' title="bbox 2240 1823 3794 1894">
    <p class='ocr_par' dir='ltr' id='par_1_62' title="bbox 2240 1823 3794 1894">
     <span class='ocr_line' id='line_1_62' title="bbox 2240 1823 3794 1894; baseline -0.001 -14"><span class='ocrx_word' id='word_1_426' title='bbox 2240 1827 2355 1880; x_wconf 87' lang='lat' dir='ltr'><strong>sani</strong></span> <span class='ocrx_word' id='word_1_427' title='bbox 2389 1840 2581 1880; x_wconf 89' lang='lat' dir='ltr'><strong>sensus</strong></span> <span class='ocrx_word' id='word_1_428' title='bbox 2605 1835 2708 1890; x_wconf 86' lang='lat' dir='ltr'><strong>est,</strong></span> <span class='ocrx_word' id='word_1_429' title='bbox 2740 1837 2795 1879; x_wconf 91' lang='lat' dir='ltr'><strong>et</strong></span> <span class='ocrx_word' id='word_1_430' title='bbox 2825 1826 2989 1881; x_wconf 91' lang='lat' dir='ltr'><strong>habet</strong></span> <span class='ocrx_word' id='word_1_431' title='bbox 3017 1828 3219 1880; x_wconf 86' lang='lat' dir='ltr'><strong>mentis</strong></span> <span class='ocrx_word' id='word_1_432' title='bbox 3263 1824 3580 1894; x_wconf 87' lang='lat' dir='ltr'><strong>splendidos</strong></span> <span class='ocrx_word' id='word_1_433' title='bbox 3607 1823 3794 1888; x_wconf 88' lang='lat' dir='ltr'><strong>oculos,</strong></span> 
     </span>
    </p>
   </div>
   <div class='ocr_carea' id='block_1_63' title="bbox 2173 1902 3795 1984">
    <p class='ocr_par' dir='ltr' id='par_1_63' title="bbox 2173 1902 3795 1984">
     <span class='ocr_line' id='line_1_63' title="bbox 2173 1902 3795 1984; baseline -0.001 -15"><span class='ocrx_word' id='word_1_434' title='bbox 2173 1902 2215 1955; x_wconf 79' lang='grc' dir='ltr'>Β</span> <span class='ocrx_word' id='word_1_435' title='bbox 2244 1915 2322 1969; x_wconf 82' lang='lat' dir='ltr'><strong>sic</strong></span> <span class='ocrx_word' id='word_1_436' title='bbox 2351 1915 2494 1969; x_wconf 90' lang='lat' dir='ltr'><strong>videt</strong></span> <span class='ocrx_word' id='word_1_437' title='bbox 2529 1915 2708 1969; x_wconf 85' lang='lat' dir='ltr'><strong>addita</strong></span> <span class='ocrx_word' id='word_1_438' title='bbox 2740 1914 2794 1969; x_wconf 90' lang='lat' dir='ltr'><strong>in</strong></span> <span class='ocrx_word' id='word_1_439' title='bbox 2848 1913 3101 1984; x_wconf 86' lang='lat' dir='ltr'><strong>Origeuis</strong></span> <span class='ocrx_word' id='word_1_440' title='bbox 3169 1915 3455 1984; x_wconf 82' lang='lat' dir='ltr'><strong>opusculis</strong></span> <span class='ocrx_word' id='word_1_441' title='bbox 3510 1914 3644 1968; x_wconf 87' lang='lat' dir='ltr'><strong>mala</strong></span> <span class='ocrx_word' id='word_1_442' title='bbox 3686 1914 3795 1978; x_wconf 88' lang='lat' dir='ltr'><strong>ista,</strong></span> 
     </span>
    </p>
   </div>
   <div class='ocr_carea' id='block_1_64' title="bbox 2242 2006 3798 2078">
    <p class='ocr_par' dir='ltr' id='par_1_64' title="bbox 2242 2006 3798 2078">
     <span class='ocr_line' id='line_1_64' title="bbox 2242 2006 3798 2078; baseline 0.002 -20"><span class='ocrx_word' id='word_1_443' title='bbox 2242 2017 2405 2076; x_wconf 90' lang='lat' dir='ltr'><strong>atque</strong></span> <span class='ocrx_word' id='word_1_444' title='bbox 2431 2006 2730 2076; x_wconf 88' lang='lat' dir='ltr'><strong>cognoscit,</strong></span> <span class='ocrx_word' id='word_1_445' title='bbox 2767 2006 2906 2061; x_wconf 92' lang='lat' dir='ltr'><strong>sicut</strong></span> <span class='ocrx_word' id='word_1_446' title='bbox 2939 2007 2991 2060; x_wconf 91' lang='lat' dir='ltr'><strong>in</strong></span> <span class='ocrx_word' id='word_1_447' title='bbox 3025 2007 3281 2078; x_wconf 86' lang='lat' dir='ltr'><strong>stragulo</strong></span> <span class='ocrx_word' id='word_1_448' title='bbox 3330 2006 3588 2061; x_wconf 80' lang='lat' dir='ltr'><strong>coccineo</strong></span> <span class='ocrx_word' id='word_1_449' title='bbox 3616 2022 3798 2075; x_wconf 84' lang='lat' dir='ltr'><strong>pannos</strong></span> 
     </span>
    </p>
   </div>
   <div class='ocr_carea' id='block_1_65' title="bbox 2240 2092 3793 2164">
    <p class='ocr_par' dir='ltr' id='par_1_65' title="bbox 2240 2092 3793 2164">
     <span class='ocr_line' id='line_1_65' title="bbox 2240 2092 3793 2164; baseline 0.003 -18"><span class='ocrx_word' id='word_1_450' title='bbox 2240 2093 2413 2159; x_wconf 91' lang='lat' dir='ltr'><strong>albos,</strong></span> <span class='ocrx_word' id='word_1_451' title='bbox 2449 2106 2542 2148; x_wconf 88' lang='lat' dir='ltr'><strong>aut</strong></span> <span class='ocrx_word' id='word_1_452' title='bbox 2571 2092 2836 2164; x_wconf 89' lang='lat' dir='ltr'><strong>cujusque</strong></span> <span class='ocrx_word' id='word_1_453' title='bbox 2857 2094 3086 2150; x_wconf 89' lang='lat' dir='ltr'><strong>alterius</strong></span> <span class='ocrx_word' id='word_1_454' title='bbox 3117 2097 3329 2151; x_wconf 83' lang='lat' dir='ltr'><strong>coloris</strong></span> <span class='ocrx_word' id='word_1_455' title='bbox 3360 2105 3549 2151; x_wconf 89' lang='lat' dir='ltr'><strong>cernat</strong></span> <span class='ocrx_word' id='word_1_456' title='bbox 3582 2106 3793 2151; x_wconf 87' lang='lat' dir='ltr'><strong>assutos.</strong></span> 
     </span>
    </p>
   </div>
   <div class='ocr_carea' id='block_1_66' title="bbox 2240 2184 3792 2258">
    <p class='ocr_par' dir='ltr' id='par_1_66' title="bbox 2240 2184 3792 2258">
     <span class='ocr_line' id='line_1_66' title="bbox 2240 2184 3792 2258; baseline 0.003 -20"><span class='ocrx_word' id='word_1_457' title='bbox 2240 2184 2392 2252; x_wconf 82' lang='lat' dir='ltr'><strong>Quod</strong></span> <span class='ocrx_word' id='word_1_458' title='bbox 2424 2185 2497 2239; x_wconf 90' lang='lat' dir='ltr'><strong>ita</strong></span> <span class='ocrx_word' id='word_1_459' title='bbox 2537 2199 2659 2241; x_wconf 89' lang='lat' dir='ltr'><strong>esse</strong></span> <span class='ocrx_word' id='word_1_460' title='bbox 2681 2195 2903 2241; x_wconf 88' lang='lat' dir='ltr'><strong>sanctus</strong></span> <span class='ocrx_word' id='word_1_461' title='bbox 2935 2197 3143 2258; x_wconf 88' lang='lat' dir='ltr'><strong>martyr</strong></span> <span class='ocrx_word' id='word_1_462' title='bbox 3170 2186 3499 2256; x_wconf 90' lang='lat' dir='ltr'><strong>Pamphilus</strong></span> <span class='ocrx_word' id='word_1_463' title='bbox 3528 2188 3691 2251; x_wconf 79' lang='lat' dir='ltr'><strong>docet,</strong></span> <span class='ocrx_word' id='word_1_464' title='bbox 3715 2190 3792 2257; x_wconf 89' lang='lat' dir='ltr'><strong>qui</strong></span> 
     </span>
    </p>
   </div>
   <div class='ocr_carea' id='block_1_67' title="bbox 2240 2276 3794 2350">
    <p class='ocr_par' dir='ltr' id='par_1_67' title="bbox 2240 2276 3794 2350">
     <span class='ocr_line' id='line_1_67' title="bbox 2240 2276 3794 2350; baseline 0.004 -22"><span class='ocrx_word' id='word_1_465' title='bbox 2240 2286 2530 2343; x_wconf 85' lang='lat' dir='ltr'><strong>antequam</strong></span> <span class='ocrx_word' id='word_1_466' title='bbox 2562 2277 2626 2329; x_wconf 92' lang='lat' dir='ltr'><strong>ad</strong></span> <span class='ocrx_word' id='word_1_467' title='bbox 2653 2276 2906 2347; x_wconf 86' lang='lat' dir='ltr'><strong>martyrii</strong></span> <span class='ocrx_word' id='word_1_468' title='bbox 2946 2292 3206 2331; x_wconf 89' lang='lat' dir='ltr'><strong>coronam</strong></span> <span class='ocrx_word' id='word_1_469' title='bbox 3254 2279 3794 2350; x_wconf 86' lang='lat' dir='ltr'><strong>attingeret,irrepre-</strong></span> 
     </span>
    </p>
   </div>
   <div class='ocr_carea' id='block_1_68' title="bbox 2239 2366 3791 2438">
    <p class='ocr_par' dir='ltr' id='par_1_68' title="bbox 2239 2366 3791 2438">
     <span class='ocr_line' id='line_1_68' title="bbox 2239 2366 3791 2438; baseline 0.003 -17"><span class='ocrx_word' id='word_1_470' title='bbox 2239 2366 2578 2421; x_wconf 88' lang='lat' dir='ltr'><strong>hensibiliter</strong></span> <span class='ocrx_word' id='word_1_471' title='bbox 2607 2368 2924 2422; x_wconf 88' lang='lat' dir='ltr'><strong>cathedram</strong></span> <span class='ocrx_word' id='word_1_472' title='bbox 2949 2368 3302 2438; x_wconf 86' lang='lat' dir='ltr'><strong>episcopatus</strong></span> <span class='ocrx_word' id='word_1_473' title='bbox 3337 2372 3570 2423; x_wconf 89' lang='lat' dir='ltr'><strong>obtinuit</strong></span> <span class='ocrx_word' id='word_1_474' title='bbox 3590 2412 3603 2437; x_wconf 90' lang='lat'><strong>,</strong></span> <span class='ocrx_word' id='word_1_475' title='bbox 3625 2383 3673 2423; x_wconf 87' lang='lat' dir='ltr'><strong>et</strong></span> <span class='ocrx_word' id='word_1_476' title='bbox 3717 2388 3791 2426; x_wconf 86' lang='lat' dir='ltr'><strong>sa-</strong></span> 
     </span>
    </p>
   </div>
   <div class='ocr_carea' id='block_1_69' title="bbox 2237 2456 3793 2527">
    <p class='ocr_par' dir='ltr' id='par_1_69' title="bbox 2237 2456 3793 2527">
     <span class='ocr_line' id='line_1_69' title="bbox 2237 2456 3793 2527; baseline 0.004 -18"><span class='ocrx_word' id='word_1_477' title='bbox 2237 2472 2361 2509; x_wconf 86' lang='lat' dir='ltr'><strong>nam</strong></span> <span class='ocrx_word' id='word_1_478' title='bbox 2393 2457 2694 2511; x_wconf 89' lang='lat' dir='ltr'><strong>doctrinam</strong></span> <span class='ocrx_word' id='word_1_479' title='bbox 2720 2456 2813 2511; x_wconf 88' lang='lat' dir='ltr'><strong>Dei</strong></span> <span class='ocrx_word' id='word_1_480' title='bbox 2867 2459 3079 2527; x_wconf 91' lang='lat' dir='ltr'><strong>populis</strong></span> <span class='ocrx_word' id='word_1_481' title='bbox 3117 2459 3476 2514; x_wconf 87' lang='lat' dir='ltr'><strong>ministravit.</strong></span> <span class='ocrx_word' id='word_1_482' title='bbox 3520 2460 3614 2513; x_wconf 78' lang='lat' dir='ltr'><strong>llic</strong></span> <span class='ocrx_word' id='word_1_483' title='bbox 3644 2462 3793 2516; x_wconf 83' lang='lat' dir='ltr'><strong>edidit</strong></span> 
     </span>
    </p>
   </div>
   <div class='ocr_carea' id='block_1_70' title="bbox 2235 2548 3791 2623">
    <p class='ocr_par' dir='ltr' id='par_1_70' title="bbox 2235 2548 3791 2623">
     <span class='ocr_line' id='line_1_70' title="bbox 2235 2548 3791 2623; baseline 0.006 -24"><span class='ocrx_word' id='word_1_484' title='bbox 2235 2548 2648 2618; x_wconf 81' lang='lat' dir='ltr'><strong>Apologeticum,</strong></span> <span class='ocrx_word' id='word_1_485' title='bbox 2680 2560 2733 2604; x_wconf 90' lang='lat' dir='ltr'><strong>et</strong></span> <span class='ocrx_word' id='word_1_486' title='bbox 2755 2550 2939 2604; x_wconf 87' lang='lat' dir='ltr'><strong>omnia</strong></span> <span class='ocrx_word' id='word_1_487' title='bbox 2976 2566 3096 2619; x_wconf 66' lang='lat' dir='ltr'><strong>quae</strong></span> <span class='ocrx_word' id='word_1_488' title='bbox 3149 2552 3216 2606; x_wconf 88' lang='lat' dir='ltr'><strong>de</strong></span> <span class='ocrx_word' id='word_1_489' title='bbox 3270 2551 3507 2623; x_wconf 90' lang='lat' dir='ltr'><strong>Origene</strong></span> <span class='ocrx_word' id='word_1_490' title='bbox 3553 2553 3791 2609; x_wconf 75' lang='lat' dir='ltr'><strong>Catholici</strong></span> 
     </span>
    </p>
   </div>
   <div class='ocr_carea' id='block_1_71' title="bbox 2236 2640 3794 2716">
    <p class='ocr_par' dir='ltr' id='par_1_71' title="bbox 2236 2640 3794 2716">
     <span class='ocr_line' id='line_1_71' title="bbox 2236 2640 3794 2716; baseline 0.006 -23"><span class='ocrx_word' id='word_1_491' title='bbox 2236 2640 2548 2709; x_wconf 88' lang='lat' dir='ltr'><strong>ignorantes</strong></span> <span class='ocrx_word' id='word_1_492' title='bbox 2579 2643 2938 2708; x_wconf 82' lang='lat' dir='ltr'><strong>mentiuntur,</strong></span> <span class='ocrx_word' id='word_1_493' title='bbox 2980 2645 3238 2709; x_wconf 83' lang='lat' dir='ltr'><strong>exclusit,</strong></span> <span class='ocrx_word' id='word_1_494' title='bbox 3266 2648 3559 2701; x_wconf 89' lang='lat' dir='ltr'><strong>ostendens</strong></span> <span class='ocrx_word' id='word_1_495' title='bbox 3588 2663 3666 2713; x_wconf 90' lang='lat' dir='ltr'><strong>ea,</strong></span> <span class='ocrx_word' id='word_1_496' title='bbox 3686 2664 3794 2716; x_wconf 71' lang='lat' dir='ltr'><strong>quae</strong></span> 
     </span>
    </p>
   </div>
   <div class='ocr_carea' id='block_1_72' title="bbox 2236 2733 3789 2808">
    <p class='ocr_par' dir='ltr' id='par_1_72' title="bbox 2236 2733 3789 2808">
     <span class='ocr_line' id='line_1_72' title="bbox 2236 2733 3789 2808; baseline 0.005 -21"><span class='ocrx_word' id='word_1_497' title='bbox 2236 2733 2687 2803; x_wconf 76' lang='lat' dir='ltr'><strong>reprehensibilia</strong></span> <span class='ocrx_word' id='word_1_498' title='bbox 2719 2735 3071 2790; x_wconf 84' lang='lat' dir='ltr'><strong>inveniuntur</strong></span> <span class='ocrx_word' id='word_1_499' title='bbox 3102 2738 3153 2791; x_wconf 90' lang='lat' dir='ltr'><strong>in</strong></span> <span class='ocrx_word' id='word_1_500' title='bbox 3202 2740 3326 2808; x_wconf 87' lang='lat' dir='ltr'><strong>ejus</strong></span> <span class='ocrx_word' id='word_1_501' title='bbox 3354 2740 3651 2808; x_wconf 85' lang='lat' dir='ltr'><strong>opusculis,</strong></span> <span class='ocrx_word' id='word_1_502' title='bbox 3686 2740 3789 2795; x_wconf 86' lang='lat' dir='ltr'><strong>Ori-</strong></span> 
     </span>
    </p>
   </div>
   <div class='ocr_carea' id='block_1_73' title="bbox 2233 2828 3782 2903">
    <p class='ocr_par' dir='ltr' id='par_1_73' title="bbox 2233 2828 3782 2903">
     <span class='ocr_line' id='line_1_73' title="bbox 2233 2828 3782 2903; baseline 0.003 -23"><span class='ocrx_word' id='word_1_503' title='bbox 2233 2828 2387 2896; x_wconf 89' lang='lat' dir='ltr'><strong>genis</strong></span> <span class='ocrx_word' id='word_1_504' title='bbox 2413 2843 2516 2881; x_wconf 93' lang='lat' dir='ltr'><strong>non</strong></span> <span class='ocrx_word' id='word_1_505' title='bbox 2552 2842 2696 2895; x_wconf 88' lang='lat' dir='ltr'><strong>esse,</strong></span> <span class='ocrx_word' id='word_1_506' title='bbox 2726 2831 2818 2882; x_wconf 90' lang='lat' dir='ltr'><strong>sed</strong></span> <span class='ocrx_word' id='word_1_507' title='bbox 2844 2844 3032 2883; x_wconf 88' lang='lat' dir='ltr'><strong>eorum</strong></span> <span class='ocrx_word' id='word_1_508' title='bbox 3064 2846 3203 2899; x_wconf 90' lang='lat' dir='ltr'><strong>quos</strong></span> <span class='ocrx_word' id='word_1_509' title='bbox 3258 2832 3380 2903; x_wconf 90' lang='lat' dir='ltr'><strong>ipse</strong></span> <span class='ocrx_word' id='word_1_510' title='bbox 3409 2844 3743 2903; x_wconf 86' lang='lat' dir='ltr'><strong>superaverat</strong></span> <span class='ocrx_word' id='word_1_511' title='bbox 3770 2848 3782 2885; x_wconf 91' lang='lat'><strong>:</strong></span> 
     </span>
    </p>
   </div>
   <div class='ocr_carea' id='block_1_74' title="bbox 2234 2917 3783 2990">
    <p class='ocr_par' dir='ltr' id='par_1_74' title="bbox 2234 2917 3783 2990">
     <span class='ocr_line' id='line_1_74' title="bbox 2234 2917 3783 2990; baseline 0.005 -19"><span class='ocrx_word' id='word_1_512' title='bbox 2234 2917 2335 2971; x_wconf 91' lang='lat' dir='ltr'><strong>alia</strong></span> <span class='ocrx_word' id='word_1_513' title='bbox 2370 2932 2516 2984; x_wconf 87' lang='lat' dir='ltr'><strong>vero,</strong></span> <span class='ocrx_word' id='word_1_514' title='bbox 2545 2932 2664 2987; x_wconf 69' lang='lat' dir='ltr'><strong>qua:</strong></span> <span class='ocrx_word' id='word_1_515' title='bbox 2698 2929 2807 2974; x_wconf 90' lang='lat' dir='ltr'><strong>tota</strong></span> <span class='ocrx_word' id='word_1_516' title='bbox 2846 2935 3099 2988; x_wconf 88' lang='lat' dir='ltr'><strong>perversa</strong></span> <span class='ocrx_word' id='word_1_517' title='bbox 3139 2935 3290 2990; x_wconf 92' lang='lat' dir='ltr'><strong>sunt,</strong></span> <span class='ocrx_word' id='word_1_518' title='bbox 3321 2926 3546 2980; x_wconf 91' lang='lat' dir='ltr'><strong>aliorum</strong></span> <span class='ocrx_word' id='word_1_519' title='bbox 3583 2928 3783 2980; x_wconf 86' lang='lat' dir='ltr'><strong>duorum</strong></span> 
     </span>
    </p>
   </div>
   <div class='ocr_carea' id='block_1_75' title="bbox 2232 3010 3781 3085">
    <p class='ocr_par' dir='ltr' id='par_1_75' title="bbox 2232 3010 3781 3085">
     <span class='ocr_line' id='line_1_75' title="bbox 2232 3010 3781 3085; baseline 0.003 -21"><span class='ocrx_word' id='word_1_520' title='bbox 2232 3010 2615 3065; x_wconf 66' lang='lat' dir='ltr'><strong>haereticorum</strong></span> <span class='ocrx_word' id='word_1_521' title='bbox 2649 3027 2790 3076; x_wconf 88' lang='lat' dir='ltr'><strong>esse,</strong></span> <span class='ocrx_word' id='word_1_522' title='bbox 2816 3014 2906 3083; x_wconf 88' lang='lat' dir='ltr'><strong>qui</strong></span> <span class='ocrx_word' id='word_1_523' title='bbox 2934 3012 3185 3085; x_wconf 82' lang='lat' dir='ltr'><strong>Origcuis</strong></span> <span class='ocrx_word' id='word_1_524' title='bbox 3210 3033 3433 3083; x_wconf 91' lang='lat' dir='ltr'><strong>nomen,</strong></span> <span class='ocrx_word' id='word_1_525' title='bbox 3467 3034 3569 3073; x_wconf 92' lang='lat' dir='ltr'><strong>non</strong></span> <span class='ocrx_word' id='word_1_526' title='bbox 3623 3018 3781 3084; x_wconf 77' lang='lat' dir='ltr'><strong>fidem,</strong></span> 
     </span>
    </p>
   </div>
   <div class='ocr_carea' id='block_1_76' title="bbox 2232 3104 3784 3167">
    <p class='ocr_par' dir='ltr' id='par_1_76' title="bbox 2232 3104 3784 3167">
     <span class='ocr_line' id='line_1_76' title="bbox 2232 3104 3784 3167; baseline 0.006 -12"><span class='ocrx_word' id='word_1_527' title='bbox 2232 3115 2329 3156; x_wconf 91' lang='lat' dir='ltr'><strong>nec</strong></span> <span class='ocrx_word' id='word_1_528' title='bbox 2373 3104 2761 3158; x_wconf 87' lang='lat' dir='ltr'><strong>conscientiam</strong></span> <span class='ocrx_word' id='word_1_529' title='bbox 2805 3106 3129 3162; x_wconf 89' lang='lat' dir='ltr'><strong>habuerunt.</strong></span> <span class='ocrx_word' id='word_1_530' title='bbox 3182 3127 3200 3160; x_wconf 83' lang='grc' dir='ltr'><strong>ι</strong></span> <span class='ocrx_word' id='word_1_531' title='bbox 3256 3110 3453 3167; x_wconf 76' lang='lat' dir='ltr'><strong>Nescio</strong></span> <span class='ocrx_word' id='word_1_532' title='bbox 3512 3118 3645 3166; x_wconf 85' lang='lat' dir='ltr'><strong>unde</strong></span> <span class='ocrx_word' id='word_1_533' title='bbox 3685 3112 3784 3165; x_wconf 78' lang='lat' dir='ltr'><strong>hac</strong></span> 
     </span>
    </p>
   </div>
   <div class='ocr_carea' id='block_1_77' title="bbox 2230 3193 3783 3272">
    <p class='ocr_par' dir='ltr' id='par_1_77' title="bbox 2230 3193 3783 3272">
     <span class='ocr_line' id='line_1_77' title="bbox 2230 3193 3783 3272; baseline 0.005 -25"><span class='ocrx_word' id='word_1_534' title='bbox 2230 3193 2474 3250; x_wconf 89' lang='lat' dir='ltr'><strong>hauserit</strong></span> <span class='ocrx_word' id='word_1_535' title='bbox 2494 3210 2796 3267; x_wconf 87' lang='lat' dir='ltr'><strong>anonymus</strong></span> <span class='ocrx_word' id='word_1_536' title='bbox 2825 3207 3039 3262; x_wconf 86' lang='lat' dir='ltr'><strong>auctor,</strong></span> <span class='ocrx_word' id='word_1_537' title='bbox 3068 3199 3162 3253; x_wconf 89' lang='lat' dir='ltr'><strong>sed</strong></span> <span class='ocrx_word' id='word_1_538' title='bbox 3191 3215 3262 3254; x_wconf 75' lang='lat' dir='ltr'><strong>ex</strong></span> <span class='ocrx_word' id='word_1_539' title='bbox 3305 3203 3532 3272; x_wconf 89' lang='lat' dir='ltr'><strong>impuris</strong></span> <span class='ocrx_word' id='word_1_540' title='bbox 3586 3217 3644 3257; x_wconf 89' lang='lat' dir='ltr'><strong>ea</strong></span> <span class='ocrx_word' id='word_1_541' title='bbox 3679 3202 3783 3254; x_wconf 82' lang='lat' dir='ltr'><strong>lon-</strong></span> 
     </span>
    </p>
   </div>
   <div class='ocr_carea' id='block_1_78' title="bbox 2231 3285 3788 3364">
    <p class='ocr_par' dir='ltr' id='par_1_78' title="bbox 2231 3285 3788 3364">
     <span class='ocr_line' id='line_1_78' title="bbox 2231 3285 3788 3364; baseline 0.005 -25"><span class='ocrx_word' id='word_1_542' title='bbox 2231 3285 2374 3341; x_wconf 90' lang='lat' dir='ltr'><strong>tibus</strong></span> <span class='ocrx_word' id='word_1_543' title='bbox 2398 3286 2641 3342; x_wconf 89' lang='lat' dir='ltr'><strong>hausisse</strong></span> <span class='ocrx_word' id='word_1_544' title='bbox 2664 3288 2882 3342; x_wconf 83' lang='lat' dir='ltr'><strong>videtur</strong></span> <span class='ocrx_word' id='word_1_545' title='bbox 2906 3307 2921 3356; x_wconf 92' lang='lat'><strong>;</strong></span> <span class='ocrx_word' id='word_1_546' title='bbox 2945 3300 2999 3343; x_wconf 93' lang='lat' dir='ltr'><strong>et</strong></span> <span class='ocrx_word' id='word_1_547' title='bbox 3032 3305 3227 3345; x_wconf 88' lang='lat' dir='ltr'><strong>vereor</strong></span> <span class='ocrx_word' id='word_1_548' title='bbox 3252 3309 3328 3349; x_wconf 88' lang='lat' dir='ltr'><strong>ne</strong></span> <span class='ocrx_word' id='word_1_549' title='bbox 3360 3295 3454 3364; x_wconf 90' lang='lat' dir='ltr'><strong>qui</strong></span> <span class='ocrx_word' id='word_1_550' title='bbox 3487 3304 3593 3349; x_wconf 89' lang='lat' dir='ltr'><strong>tam</strong></span> <span class='ocrx_word' id='word_1_551' title='bbox 3629 3294 3788 3363; x_wconf 89' lang='lat' dir='ltr'><strong>inepte</strong></span> 
     </span>
    </p>
   </div>
   <div class='ocr_carea' id='block_1_79' title="bbox 2231 3379 3783 3458">
    <p class='ocr_par' dir='ltr' id='par_1_79' title="bbox 2231 3379 3783 3458">
     <span class='ocr_line' id='line_1_79' title="bbox 2231 3379 3783 3458; baseline 0.005 -25"><span class='ocrx_word' id='word_1_552' title='bbox 2231 3379 2569 3449; x_wconf 86' lang='lat' dir='ltr'><strong>Pamphilum</strong></span> <span class='ocrx_word' id='word_1_553' title='bbox 2606 3395 2899 3452; x_wconf 84' lang='lat' dir='ltr'><strong>martyrem</strong></span> <span class='ocrx_word' id='word_1_554' title='bbox 2947 3386 3241 3457; x_wconf 83' lang='lat' dir='ltr'><strong>episcopali</strong></span> <span class='ocrx_word' id='word_1_555' title='bbox 3297 3390 3570 3458; x_wconf 86' lang='lat' dir='ltr'><strong>dignitate</strong></span> <span class='ocrx_word' id='word_1_556' title='bbox 3622 3387 3783 3449; x_wconf 83' lang='lat' dir='ltr'><strong>donat,</strong></span> 
     </span>
    </p>
   </div>
   <div class='ocr_carea' id='block_1_80' title="bbox 2231 3461 3783 3555">
    <p class='ocr_par' dir='ltr' id='par_1_80' title="bbox 2231 3461 3783 3555">
     <span class='ocr_line' id='line_1_80' title="bbox 2231 3461 3783 3555; baseline 0.005 -28"><span class='ocrx_word' id='word_1_557' title='bbox 2231 3472 2468 3543; x_wconf 90' lang='lat' dir='ltr'><strong>ineptius</strong></span> <span class='ocrx_word' id='word_1_558' title='bbox 2493 3475 2655 3529; x_wconf 89' lang='lat' dir='ltr'><strong>etiam</strong></span> <span class='ocrx_word' id='word_1_559' title='bbox 2687 3477 2773 3531; x_wconf 83' lang='lat' dir='ltr'><strong>vel</strong></span> <span class='ocrx_word' id='word_1_560' title='bbox 2837 3478 3148 3550; x_wconf 82' lang='lat' dir='ltr'><strong>Apologiam</strong></span> <span class='ocrx_word' id='word_1_561' title='bbox 3175 3484 3429 3555; x_wconf 89' lang='lat' dir='ltr'><strong>quinque</strong></span> <span class='ocrx_word' id='word_1_562' title='bbox 3473 3461 3617 3538; x_wconf 82' lang='lat' dir='ltr'><strong>libris</strong></span> <span class='ocrx_word' id='word_1_563' title='bbox 3666 3498 3783 3538; x_wconf 84' lang='lat' dir='ltr'><strong>con-</strong></span> 
     </span>
    </p>
   </div>
   <div class='ocr_carea' id='block_1_81' title="bbox 2232 3568 3780 3644">
    <p class='ocr_par' dir='ltr' id='par_1_81' title="bbox 2232 3568 3780 3644">
     <span class='ocr_line' id='line_1_81' title="bbox 2232 3568 3780 3644; baseline 0.005 -24"><span class='ocrx_word' id='word_1_564' title='bbox 2232 3575 2466 3620; x_wconf 81' lang='lat' dir='ltr'><strong>stantem</strong></span> <span class='ocrx_word' id='word_1_565' title='bbox 2532 3568 2783 3637; x_wconf 89' lang='lat' dir='ltr'><strong>anonymi</strong></span> <span class='ocrx_word' id='word_1_566' title='bbox 2828 3568 2972 3623; x_wconf 83' lang='lat' dir='ltr'><strong>illius</strong></span> <span class='ocrx_word' id='word_1_567' title='bbox 3020 3572 3085 3626; x_wconf 91' lang='lat' dir='ltr'><strong>de</strong></span> <span class='ocrx_word' id='word_1_568' title='bbox 3128 3590 3238 3644; x_wconf 94' lang='lat' dir='ltr'><strong>quo</strong></span> <span class='ocrx_word' id='word_1_569' title='bbox 3285 3573 3513 3632; x_wconf 87' lang='lat' dir='ltr'><strong>Photius</strong></span> <span class='ocrx_word' id='word_1_570' title='bbox 3556 3574 3780 3628; x_wconf 74' lang='lat' dir='ltr'><strong>Bibliozh.</strong></span> 
     </span>
    </p>
   </div>
   <div class='ocr_carea' id='block_1_82' title="bbox 2230 3658 3783 3726">
    <p class='ocr_par' dir='ltr' id='par_1_82' title="bbox 2230 3658 3783 3726">
     <span class='ocr_line' id='line_1_82' title="bbox 2230 3658 3783 3726; baseline 0.003 -12"><span class='ocrx_word' id='word_1_571' title='bbox 2230 3658 2351 3715; x_wconf 90' lang='lat' dir='ltr'><strong>cod.</strong></span> <span class='ocrx_word' id='word_1_572' title='bbox 2391 3674 2558 3726; x_wconf 81' lang='lat' dir='ltr'><strong>cxvn,</strong></span> <span class='ocrx_word' id='word_1_573' title='bbox 2586 3660 2670 3716; x_wconf 87' lang='lat' dir='ltr'><strong>vel</strong></span> <span class='ocrx_word' id='word_1_574' title='bbox 2699 3659 2877 3715; x_wconf 80' lang='lat' dir='ltr'><strong>Ruﬁni</strong></span> <span class='ocrx_word' id='word_1_575' title='bbox 2915 3662 3113 3719; x_wconf 90' lang='lat' dir='ltr'><strong>librum</strong></span> <span class='ocrx_word' id='word_1_576' title='bbox 3141 3666 3216 3721; x_wconf 88' lang='lat' dir='ltr'><strong>De</strong></span> <span class='ocrx_word' id='word_1_577' title='bbox 3232 3670 3622 3723; x_wconf 83' lang='lat' dir='ltr'><strong>adulleralione</strong></span> <span class='ocrx_word' id='word_1_578' title='bbox 3644 3669 3783 3719; x_wconf 81' lang='lat' dir='ltr'><strong>libro-</strong></span> 
     </span>
    </p>
   </div>
   <div class='ocr_carea' id='block_1_83' title="bbox 2230 3751 3778 3832">
    <p class='ocr_par' dir='ltr' id='par_1_83' title="bbox 2230 3751 3778 3832">
     <span class='ocr_line' id='line_1_83' title="bbox 2230 3751 3778 3832; baseline 0.003 -28"><span class='ocrx_word' id='word_1_579' title='bbox 2230 3767 2346 3805; x_wconf 88' lang='lat' dir='ltr'><strong>rum</strong></span> <span class='ocrx_word' id='word_1_580' title='bbox 2380 3751 2625 3821; x_wconf 69' lang='lat' dir='ltr'><strong>Origeni:</strong></span> <span class='ocrx_word' id='word_1_581' title='bbox 2650 3769 2747 3824; x_wconf 91' lang='lat' dir='ltr'><strong>pro</strong></span> <span class='ocrx_word' id='word_1_582' title='bbox 2778 3754 2893 3823; x_wconf 88' lang='lat' dir='ltr'><strong>ipsa</strong></span> <span class='ocrx_word' id='word_1_583' title='bbox 2921 3753 3187 3825; x_wconf 88' lang='lat' dir='ltr'><strong>Pamphili</strong></span> <span class='ocrx_word' id='word_1_584' title='bbox 3239 3759 3499 3832; x_wconf 71' lang='lat' dir='ltr'><strong>Apologia</strong></span> <span class='ocrx_word' id='word_1_585' title='bbox 3531 3759 3778 3815; x_wconf 82' lang='lat' dir='ltr'><strong>habuerit.</strong></span> 
     </span>
    </p>
   </div>
   <div class='ocr_carea' id='block_1_84' title="bbox 2234 3842 3780 3920">
    <p class='ocr_par' dir='ltr' id='par_1_84' title="bbox 2234 3842 3780 3920">
     <span class='ocr_line' id='line_1_84' title="bbox 2234 3842 3780 3920; baseline 0.001 -22"><span class='ocrx_word' id='word_1_586' title='bbox 2234 3842 2473 3913; x_wconf 90' lang='lat' dir='ltr'><strong>Uterque</strong></span> <span class='ocrx_word' id='word_1_587' title='bbox 2496 3846 2642 3899; x_wconf 89' lang='lat' dir='ltr'><strong>enim</strong></span> <span class='ocrx_word' id='word_1_588' title='bbox 2672 3847 2841 3901; x_wconf 92' lang='lat' dir='ltr'><strong>libros</strong></span> <span class='ocrx_word' id='word_1_589' title='bbox 2874 3847 3091 3915; x_wconf 91' lang='lat' dir='ltr'><strong>quidem</strong></span> <span class='ocrx_word' id='word_1_590' title='bbox 3117 3848 3376 3920; x_wconf 87' lang='lat' dir='ltr'><strong>Origenis</strong></span> <span class='ocrx_word' id='word_1_591' title='bbox 3411 3852 3478 3907; x_wconf 92' lang='lat' dir='ltr'><strong>ab</strong></span> <span class='ocrx_word' id='word_1_592' title='bbox 3531 3848 3780 3905; x_wconf 72' lang='lat' dir='ltr'><strong>haereticis</strong></span> 
     </span>
    </p>
   </div>
   <div class='ocr_carea' id='block_1_85' title="bbox 2228 3936 3779 4010">
    <p class='ocr_par' dir='ltr' id='par_1_85' title="bbox 2228 3936 3779 4010">
     <span class='ocr_line' id='line_1_85' title="bbox 2228 3936 3779 4010; baseline -0.001 -20"><span class='ocrx_word' id='word_1_593' title='bbox 2228 3936 2305 3990; x_wconf 88' lang='lat' dir='ltr'><strong>ait</strong></span> <span class='ocrx_word' id='word_1_594' title='bbox 2332 3950 2455 3992; x_wconf 86' lang='lat' dir='ltr'><strong>esse</strong></span> <span class='ocrx_word' id='word_1_595' title='bbox 2482 3937 2735 4003; x_wconf 77' lang='lat' dir='ltr'><strong>vitiatos;</strong></span> <span class='ocrx_word' id='word_1_596' title='bbox 2771 3938 2863 3992; x_wconf 84' lang='lat' dir='ltr'><strong>sed</strong></span> <span class='ocrx_word' id='word_1_597' title='bbox 2902 3939 3093 3993; x_wconf 89' lang='lat' dir='ltr'><strong>nullibi</strong></span> <span class='ocrx_word' id='word_1_598' title='bbox 3127 3940 3473 4010; x_wconf 79' lang='lat' dir='ltr'><strong>Pamphilus;</strong></span> <span class='ocrx_word' id='word_1_599' title='bbox 3513 3941 3612 3996; x_wconf 92' lang='lat' dir='ltr'><strong>nisi</strong></span> <span class='ocrx_word' id='word_1_600' title='bbox 3657 3941 3779 3992; x_wconf 77' lang='lat' dir='ltr'><strong>forte</strong></span> 
     </span>
    </p>
   </div>
   <div class='ocr_carea' id='block_1_86' title="bbox 2228 4028 3779 4102">
    <p class='ocr_par' dir='ltr' id='par_1_86' title="bbox 2228 4028 3779 4102">
     <span class='ocr_line' id='line_1_86' title="bbox 2228 4028 3779 4102; baseline -0.001 -19"><span class='ocrx_word' id='word_1_601' title='bbox 2228 4028 2281 4083; x_wconf 89' lang='lat' dir='ltr'><strong>id</strong></span> <span class='ocrx_word' id='word_1_602' title='bbox 2317 4029 2515 4083; x_wconf 87' lang='lat' dir='ltr'><strong>dixerit</strong></span> <span class='ocrx_word' id='word_1_603' title='bbox 2548 4029 2601 4084; x_wconf 92' lang='lat' dir='ltr'><strong>in</strong></span> <span class='ocrx_word' id='word_1_604' title='bbox 2634 4032 2872 4086; x_wconf 67' lang='lat' dir='ltr'><strong>caeteris</strong></span> <span class='ocrx_word' id='word_1_605' title='bbox 2928 4032 3083 4088; x_wconf 89' lang='lat' dir='ltr'><strong>libris</strong></span> <span class='ocrx_word' id='word_1_606' title='bbox 3120 4044 3423 4102; x_wconf 87' lang='lat' dir='ltr'><strong>temporum</strong></span> <span class='ocrx_word' id='word_1_607' title='bbox 3474 4033 3658 4101; x_wconf 89' lang='lat' dir='ltr'><strong>injuria</strong></span> <span class='ocrx_word' id='word_1_608' title='bbox 3695 4032 3779 4082; x_wconf 81' lang='lat' dir='ltr'><strong>ab-</strong></span> 
     </span>
    </p>
   </div>
   <div class='ocr_carea' id='block_1_87' title="bbox 2227 4119 3778 4193">
    <p class='ocr_par' dir='ltr' id='par_1_87' title="bbox 2227 4119 3778 4193">
     <span class='ocr_line' id='line_1_87' title="bbox 2227 4119 3778 4193; baseline 0.001 -21"><span class='ocrx_word' id='word_1_609' title='bbox 2227 4121 2461 4189; x_wconf 87' lang='lat' dir='ltr'><strong>sumptis</strong></span> <span class='ocrx_word' id='word_1_610' title='bbox 2489 4136 2504 4173; x_wconf 88' lang='lat'><strong>:</strong></span> <span class='ocrx_word' id='word_1_611' title='bbox 2534 4119 2601 4174; x_wconf 91' lang='lat' dir='ltr'><strong>de</strong></span> <span class='ocrx_word' id='word_1_612' title='bbox 2630 4134 2739 4189; x_wconf 90' lang='lat' dir='ltr'><strong>quo</strong></span> <span class='ocrx_word' id='word_1_613' title='bbox 2765 4130 2941 4177; x_wconf 91' lang='lat' dir='ltr'><strong>tamen</strong></span> <span class='ocrx_word' id='word_1_614' title='bbox 2975 4139 3075 4179; x_wconf 92' lang='lat' dir='ltr'><strong>nec</strong></span> <span class='ocrx_word' id='word_1_615' title='bbox 3107 4125 3397 4193; x_wconf 87' lang='lat' dir='ltr'><strong>Eusebius,</strong></span> <span class='ocrx_word' id='word_1_616' title='bbox 3420 4140 3517 4181; x_wconf 92' lang='lat' dir='ltr'><strong>nec</strong></span> <span class='ocrx_word' id='word_1_617' title='bbox 3542 4124 3778 4189; x_wconf 80' lang='lat' dir='ltr'><strong>Hierony-</strong></span> 
     </span>
    </p>
   </div>
   <div class='ocr_carea' id='block_1_88' title="bbox 2228 4209 3776 4280">
    <p class='ocr_par' dir='ltr' id='par_1_88' title="bbox 2228 4209 3776 4280">
     <span class='ocr_line' id='line_1_88' title="bbox 2228 4209 3776 4280; baseline 0.001 -16"><span class='ocrx_word' id='word_1_618' title='bbox 2228 4224 2370 4275; x_wconf 86' lang='lat' dir='ltr'><strong>mus,</strong></span> <span class='ocrx_word' id='word_1_619' title='bbox 2402 4226 2503 4267; x_wconf 91' lang='lat' dir='ltr'><strong>nec</strong></span> <span class='ocrx_word' id='word_1_620' title='bbox 2523 4209 2806 4280; x_wconf 86' lang='lat' dir='ltr'><strong>Socrates,</strong></span> <span class='ocrx_word' id='word_1_621' title='bbox 2833 4229 2934 4269; x_wconf 92' lang='lat' dir='ltr'><strong>nec</strong></span> <span class='ocrx_word' id='word_1_622' title='bbox 2963 4214 3217 4279; x_wconf 85' lang='lat' dir='ltr'><strong>Photius,</strong></span> <span class='ocrx_word' id='word_1_623' title='bbox 3251 4232 3352 4272; x_wconf 90' lang='lat' dir='ltr'><strong>nec</strong></span> <span class='ocrx_word' id='word_1_624' title='bbox 3386 4218 3523 4272; x_wconf 90' lang='lat' dir='ltr'><strong>nllus</strong></span> <span class='ocrx_word' id='word_1_625' title='bbox 3555 4215 3681 4269; x_wconf 88' lang='lat' dir='ltr'><strong>alius</strong></span> <span class='ocrx_word' id='word_1_626' title='bbox 3704 4209 3776 4262; x_wconf 72' lang='lat' dir='ltr'><strong>vel</strong></span> 
     </span>
    </p>
   </div>
   <div class='ocr_carea' id='block_1_89' title="bbox 2228 4304 3031 4366">
    <p class='ocr_par' dir='ltr' id='par_1_89' title="bbox 2228 4304 3031 4366">
     <span class='ocr_line' id='line_1_89' title="bbox 2228 4304 3031 4366; baseline 0.009 -7"><span class='ocrx_word' id='word_1_627' title='bbox 2228 4304 2509 4361; x_wconf 88' lang='lat' dir='ltr'><strong>minimum</strong></span> <span class='ocrx_word' id='word_1_628' title='bbox 2549 4307 2750 4362; x_wconf 88' lang='lat' dir='ltr'><strong>habent</strong></span> <span class='ocrx_word' id='word_1_629' title='bbox 2786 4312 3031 4366; x_wconf 88' lang='lat' dir='ltr'><strong>verbum.</strong></span> 
     </span>
    </p>
   </div>
   <div class='ocr_carea' id='block_1_90' title="bbox 994 4717 3328 4844">
    <p class='ocr_par' dir='ltr' id='par_1_90' title="bbox 994 4717 3328 4844">
     <span class='ocr_line' id='line_1_90' title="bbox 994 4717 3328 4844; baseline 0.006 -16"><span class='ocrx_word' id='word_1_630' title='bbox 994 4717 1142 4831; x_wconf 91' lang='lat' dir='ltr'><strong>IN</strong></span> <span class='ocrx_word' id='word_1_631' title='bbox 1226 4719 2330 4839; x_wconf 85' lang='lat' dir='ltr'><strong>APOLOGETICUM</strong></span> <span class='ocrx_word' id='word_1_632' title='bbox 2423 4724 2544 4837; x_wconf 89' lang='lat' dir='ltr'><strong>S.</strong></span> <span class='ocrx_word' id='word_1_633' title='bbox 2642 4724 3328 4844; x_wconf 87' lang='lat' dir='ltr'><strong>PAMPHILI</strong></span> 
     </span>
    </p>
   </div>
   <div class='ocr_carea' id='block_1_91' title="bbox 1889 4946 2445 5010">
    <p class='ocr_par' dir='ltr' id='par_1_91' title="bbox 1889 4946 2445 5010">
     <span class='ocr_line' id='line_1_91' title="bbox 1889 4946 2445 5010; baseline 0.009 -5"><span class='ocrx_word' id='word_1_634' title='bbox 1889 4946 2046 5007; x_wconf 84' lang='lat' dir='ltr'><strong>PRO</strong></span> <span class='ocrx_word' id='word_1_635' title='bbox 2090 4947 2225 5009; x_wconf 73' lang='lat' dir='ltr'><strong>0R1</strong></span> <span class='ocrx_word' id='word_1_636' title='bbox 2232 4947 2445 5010; x_wconf 90' lang='lat' dir='ltr'><strong>GENE</strong></span> 
     </span>
    </p>
   </div>
   <div class='ocr_carea' id='block_1_92' title="bbox 1047 5118 3293 5225">
    <p class='ocr_par' dir='ltr' id='par_1_92' title="bbox 1047 5118 3293 5225">
     <span class='ocr_line' id='line_1_92' title="bbox 1047 5118 3293 5225; baseline 0.002 -9"><span class='ocrx_word' id='word_1_637' title='bbox 1047 5130 1473 5218; x_wconf 80' lang='lat' dir='ltr'><strong>RUFINI</strong></span> <span class='ocrx_word' id='word_1_638' title='bbox 1553 5130 2195 5225; x_wconf 67' lang='lat' dir='ltr'><strong>PREFATIO</strong></span> <span class='ocrx_word' id='word_1_639' title='bbox 2265 5130 2416 5220; x_wconf 90' lang='lat' dir='ltr'><strong>AD</strong></span> <span class='ocrx_word' id='word_1_640' title='bbox 2490 5132 3112 5225; x_wconf 80' lang='lat' dir='ltr'><strong>MACABIUM</strong></span> <span class='ocrx_word' id='word_1_641' title='bbox 3182 5118 3293 5221; x_wconf 85' lang='grc'><strong>(¹).</strong></span> 
     </span>
    </p>
   </div>
   <div class='ocr_carea' id='block_1_93' title="bbox 611 5476 3755 5566">
    <p class='ocr_par' dir='ltr' id='par_1_93' title="bbox 611 5476 3755 5566">
     <span class='ocr_line' id='line_1_93' title="bbox 611 5476 3755 5566; baseline 0.003 -35"><span class='ocrx_word' id='word_1_642' title='bbox 611 5476 991 5548; x_wconf 82' lang='lat' dir='ltr'><strong>Cognoscenda:</strong></span> <span class='ocrx_word' id='word_1_643' title='bbox 1015 5484 1244 5539; x_wconf 82' lang='lat' dir='ltr'><strong>veritatis</strong></span> <span class='ocrx_word' id='word_1_644' title='bbox 1263 5501 1440 5541; x_wconf 87' lang='lat' dir='ltr'><strong>amore</strong></span> <span class='ocrx_word' id='word_1_645' title='bbox 1453 5497 1740 5555; x_wconf 84' lang='lat' dir='ltr'><strong>permotus,</strong></span> <span class='ocrx_word' id='word_1_646' title='bbox 1775 5506 1804 5543; x_wconf 94' lang='grc' dir='ltr'><strong>ο</strong></span> <span class='ocrx_word' id='word_1_647' title='bbox 1834 5491 1909 5544; x_wconf 83' lang='lat' dir='ltr'><strong>vir</strong></span> <span class='ocrx_word' id='word_1_648' title='bbox 1945 5493 2325 5548; x_wconf 81' lang='lat' dir='ltr'><strong>desideriorum</strong></span> <span class='ocrx_word' id='word_1_649' title='bbox 2354 5493 2618 5561; x_wconf 82' lang='lat' dir='ltr'><strong>Machari,</strong></span> <span class='ocrx_word' id='word_1_650' title='bbox 2656 5491 2731 5565; x_wconf 67' lang='grc' dir='ltr'><strong>(ἓ)</strong></span> <span class='ocrx_word' id='word_1_651' title='bbox 2754 5492 2986 5564; x_wconf 81' lang='lat' dir='ltr'><strong>injungis</strong></span> <span class='ocrx_word' id='word_1_652' title='bbox 3022 5496 3153 5549; x_wconf 70' lang='lat' dir='ltr'><strong>milii</strong></span> <span class='ocrx_word' id='word_1_653' title='bbox 3180 5511 3307 5559; x_wconf 86' lang='lat' dir='ltr'><strong>rem,</strong></span> <span class='ocrx_word' id='word_1_654' title='bbox 3330 5511 3446 5566; x_wconf 82' lang='lat' dir='ltr'><strong>qua:</strong></span> <span class='ocrx_word' id='word_1_655' title='bbox 3476 5489 3565 5545; x_wconf 84' lang='lat' dir='ltr'><strong>tibi</strong></span> <span class='ocrx_word' id='word_1_656' title='bbox 3589 5479 3755 5554; x_wconf 62' lang='lat' dir='ltr'><strong>agni!!!</strong></span> 
     </span>
    </p>
   </div>
   <div class='ocr_carea' id='block_1_94' title="bbox 610 5597 2105 5681">
    <p class='ocr_par' dir='ltr' id='par_1_94' title="bbox 610 5597 2105 5681">
     <span class='ocr_line' id='line_1_94' title="bbox 610 5597 2105 5681; baseline 0.01 -31"><span class='ocrx_word' id='word_1_657' title='bbox 610 5597 689 5681; x_wconf 46' lang='grc' dir='ltr'><strong>(Α)</strong></span> <span class='ocrx_word' id='word_1_658' title='bbox 718 5598 894 5681; x_wconf 59' lang='lat' dir='ltr'><strong>&quot;Hanc</strong></span> <span class='ocrx_word' id='word_1_659' title='bbox 928 5603 1323 5681; x_wconf 70' lang='lat' dir='ltr'><strong>prmfationem,</strong></span> <span class='ocrx_word' id='word_1_660' title='bbox 1374 5606 1765 5681; x_wconf 71' lang='lat' dir='ltr'><strong>Apologeticum</strong></span> <span class='ocrx_word' id='word_1_661' title='bbox 1816 5611 2105 5681; x_wconf 83' lang='lat' dir='ltr'><strong>Pamphili,</strong></span> 
     </span>
    </p>
   </div>
   <div class='ocr_carea' id='block_1_95' title="bbox 542 5668 2107 5751">
    <p class='ocr_par' dir='ltr' id='par_1_95' title="bbox 542 5668 2107 5751">
     <span class='ocr_line' id='line_1_95' title="bbox 542 5668 2107 5751; baseline 0.01 -32"><span class='ocrx_word' id='word_1_662' title='bbox 542 5682 606 5721; x_wconf 89' lang='lat' dir='ltr'><strong>ac</strong></span> <span class='ocrx_word' id='word_1_663' title='bbox 628 5668 804 5751; x_wconf 58' lang='lat' dir='ltr'><strong>[inlini</strong></span> <span class='ocrx_word' id='word_1_664' title='bbox 834 5668 1028 5726; x_wconf 73' lang='lat' dir='ltr'><strong>librum</strong></span> <span class='ocrx_word' id='word_1_665' title='bbox 1057 5674 1133 5728; x_wconf 89' lang='lat' dir='ltr'><strong>De</strong></span> <span class='ocrx_word' id='word_1_666' title='bbox 1167 5668 1836 5751; x_wconf 44' lang='lat' dir='ltr'><strong>adulterationevlibrurum</strong></span> <span class='ocrx_word' id='word_1_667' title='bbox 1863 5668 2107 5751; x_wconf 60' lang='lat' dir='ltr'><strong>Ori&#39;genis</strong></span> 
     </span>
    </p>
   </div>
   <div class='ocr_carea' id='block_1_96' title="bbox 539 5738 2108 5814">
    <p class='ocr_par' dir='ltr' id='par_1_96' title="bbox 539 5738 2108 5814">
     <span class='ocr_line' id='line_1_96' title="bbox 539 5738 2108 5814; baseline 0.011 -27"><span class='ocrx_word' id='word_1_668' title='bbox 539 5738 861 5814; x_wconf 62' lang='lat' dir='ltr'><strong>cpntulitnus</strong></span> <span class='ocrx_word' id='word_1_669' title='bbox 908 5756 1153 5814; x_wconf 70' lang='lat' dir='ltr'><strong>cumsex</strong></span> <span class='ocrx_word' id='word_1_670' title='bbox 1196 5763 1323 5801; x_wconf 89' lang='lat' dir='ltr'><strong>mss.</strong></span> <span class='ocrx_word' id='word_1_671' title='bbox 1352 5763 1458 5802; x_wconf 87' lang='lat' dir='ltr'><strong>uno</strong></span> <span class='ocrx_word' id='word_1_672' title='bbox 1484 5748 1815 5814; x_wconf 83' lang='lat' dir='ltr'><strong>Corbeiensi,</strong></span> <span class='ocrx_word' id='word_1_673' title='bbox 1846 5738 2003 5806; x_wconf 51' lang='lat' dir='ltr'><strong>hodie</strong></span> <span class='ocrx_word' id='word_1_674' title='bbox 2049 5752 2108 5805; x_wconf 90' lang='lat' dir='ltr'><strong>S.</strong></span> 
     </span>
    </p>
   </div>
   <div class='ocr_carea' id='block_1_97' title="bbox 540 5807 2107 5890">
    <p class='ocr_par' dir='ltr' id='par_1_97' title="bbox 540 5807 2107 5890">
     <span class='ocr_line' id='line_1_97' title="bbox 540 5807 2107 5890; baseline -0.008 -6"><span class='ocrx_word' id='word_1_675' title='bbox 540 5807 795 5890; x_wconf 55' lang='lat' dir='ltr'><strong>9mm“</strong></span> <span class='ocrx_word' id='word_1_676' title='bbox 837 5826 873 5890; x_wconf 58' lang='grc' dir='ltr'><em>ἒ</em></span> <span class='ocrx_word' id='word_1_677' title='bbox 912 5810 1113 5890; x_wconf 45' lang='lat' dir='ltr'><strong>milli-91</strong></span> <span class='ocrx_word' id='word_1_678' title='bbox 1142 5817 1265 5869; x_wconf 83' lang='grc' dir='ltr'><strong>ιιοηί</strong></span> <span class='ocrx_word' id='word_1_679' title='bbox 1291 5817 1508 5890; x_wconf 70' lang='lat' dir='ltr'><strong>saeculi;</strong></span> <span class='ocrx_word' id='word_1_680' title='bbox 1545 5820 1719 5890; x_wconf 90' lang='lat' dir='ltr'><strong>altero</strong></span> <span class='ocrx_word' id='word_1_681' title='bbox 1762 5807 1926 5890; x_wconf 62' lang='lat' dir='ltr'><strong>Regio</strong></span> <span class='ocrx_word' id='word_1_682' title='bbox 1958 5839 2107 5876; x_wconf 86' lang='lat' dir='ltr'><strong>num.</strong></span> 
     </span>
    </p>
   </div>
   <div class='ocr_carea' id='block_1_98' title="bbox 545 5876 2112 5958">
    <p class='ocr_par' dir='ltr' id='par_1_98' title="bbox 545 5876 2112 5958">
     <span class='ocr_line' id='line_1_98' title="bbox 545 5876 2112 5958; baseline 0.01 -26"><span class='ocrx_word' id='word_1_683' title='bbox 545 5876 702 5945; x_wconf 72' lang='lat' dir='ltr'><strong>lli“,</strong></span> <span class='ocrx_word' id='word_1_684' title='bbox 736 5877 927 5935; x_wconf 86' lang='lat' dir='ltr'><strong>decimi</strong></span> <span class='ocrx_word' id='word_1_685' title='bbox 972 5884 1114 5939; x_wconf 89' lang='lat' dir='ltr'><strong>tertii</strong></span> <span class='ocrx_word' id='word_1_686' title='bbox 1145 5886 1354 5953; x_wconf 62' lang='lat' dir='ltr'><strong>saeculi;</strong></span> <span class='ocrx_word' id='word_1_687' title='bbox 1385 5888 1442 5941; x_wconf 81' lang='grc' dir='ltr'><strong>’5ο</strong></span> <span class='ocrx_word' id='word_1_688' title='bbox 1478 5876 1807 5958; x_wconf 80' lang='lat' dir='ltr'><strong>Sorbonico;</strong></span> <span class='ocrx_word' id='word_1_689' title='bbox 1839 5876 1894 5946; x_wconf 55' lang='grc' dir='ltr'><strong>κο</strong></span> <span class='ocrx_word' id='word_1_690' title='bbox 1921 5891 1978 5947; x_wconf 88' lang='grc'><strong>8.</strong></span> <span class='ocrx_word' id='word_1_691' title='bbox 2006 5891 2112 5948; x_wconf 84' lang='lat' dir='ltr'><strong>Rc-</strong></span> 
     </span>
    </p>
   </div>
   <div class='ocr_carea' id='block_1_99' title="bbox 2217 5601 3752 5682">
    <p class='ocr_par' dir='ltr' id='par_1_99' title="bbox 2217 5601 3752 5682">
     <span class='ocr_line' id='line_1_99' title="bbox 2217 5601 3752 5682; baseline -0.011 -13"><span class='ocrx_word' id='word_1_692' title='bbox 2217 5613 2366 5682; x_wconf 83' lang='lat' dir='ltr'><strong>migii</strong></span> <span class='ocrx_word' id='word_1_693' title='bbox 2400 5612 2718 5679; x_wconf 85' lang='lat' dir='ltr'><strong>Remensis;</strong></span> <span class='ocrx_word' id='word_1_694' title='bbox 2775 5614 2833 5668; x_wconf 86' lang='lat'><strong>5°</strong></span> <span class='ocrx_word' id='word_1_695' title='bbox 2881 5614 2940 5670; x_wconf 91' lang='grc'><strong>8.</strong></span> <span class='ocrx_word' id='word_1_696' title='bbox 2995 5616 3172 5670; x_wconf 84' lang='lat' dir='ltr'><strong>Vitoni</strong></span> <span class='ocrx_word' id='word_1_697' title='bbox 3195 5634 3209 5681; x_wconf 91' lang='lat'><strong>;</strong></span> <span class='ocrx_word' id='word_1_698' title='bbox 3236 5616 3294 5669; x_wconf 83' lang='grc' dir='ltr'>6ο</span> <span class='ocrx_word' id='word_1_699' title='bbox 3331 5614 3388 5669; x_wconf 81' lang='lat' dir='ltr'><strong>S.</strong></span> <span class='ocrx_word' id='word_1_700' title='bbox 3424 5601 3752 5682; x_wconf 80' lang='lat' dir='ltr'><strong>Michaelis</strong></span> 
     </span>
    </p>
   </div>
   <div class='ocr_carea' id='block_1_100' title="bbox 2217 5674 3754 5740">
    <p class='ocr_par' dir='ltr' id='par_1_100' title="bbox 2217 5674 3754 5740">
     <span class='ocr_line' id='line_1_100' title="bbox 2217 5674 3754 5740; baseline -0.01 -3"><span class='ocrx_word' id='word_1_701' title='bbox 2217 5674 2463 5739; x_wconf 64' lang='lat' dir='ltr'><strong>Periculo</strong></span> <span class='ocrx_word' id='word_1_702' title='bbox 2512 5683 2676 5738; x_wconf 89' lang='lat' dir='ltr'><strong>maris</strong></span> <span class='ocrx_word' id='word_1_703' title='bbox 2706 5674 2723 5740; x_wconf 71' lang='grc' dir='ltr'>Ξ</span> <span class='ocrx_word' id='word_1_704' title='bbox 2757 5699 2965 5739; x_wconf 90' lang='lat' dir='ltr'><strong>necnon</strong></span> <span class='ocrx_word' id='word_1_705' title='bbox 3008 5696 3062 5740; x_wconf 92' lang='lat' dir='ltr'><strong>et</strong></span> <span class='ocrx_word' id='word_1_706' title='bbox 3103 5674 3223 5740; x_wconf 82' lang='lat' dir='ltr'><strong>cum</strong></span> <span class='ocrx_word' id='word_1_707' title='bbox 3261 5685 3445 5740; x_wconf 88' lang='lat' dir='ltr'><strong>iisdem</strong></span> <span class='ocrx_word' id='word_1_708' title='bbox 3478 5694 3595 5735; x_wconf 89' lang='lat' dir='ltr'><strong>mss.</strong></span> <span class='ocrx_word' id='word_1_709' title='bbox 3624 5674 3754 5727; x_wconf 84' lang='lat' dir='ltr'><strong>cndi-</strong></span> 
     </span>
    </p>
   </div>
   <div class='ocr_carea' id='block_1_101' title="bbox 2217 5743 3751 5835">
    <p class='ocr_par' dir='ltr' id='par_1_101' title="bbox 2217 5743 3751 5835">
     <span class='ocr_line' id='line_1_101' title="bbox 2217 5743 3751 5835; baseline -0.008 -30"><span class='ocrx_word' id='word_1_710' title='bbox 2217 5755 2374 5835; x_wconf 78' lang='lat' dir='ltr'><strong>cibus</strong></span> <span class='ocrx_word' id='word_1_711' title='bbox 2392 5755 2457 5808; x_wconf 90' lang='lat' dir='ltr'><strong>ad</strong></span> <span class='ocrx_word' id='word_1_712' title='bbox 2485 5769 2715 5824; x_wconf 89' lang='lat' dir='ltr'><strong>quorum</strong></span> <span class='ocrx_word' id='word_1_713' title='bbox 2758 5754 2919 5811; x_wconf 75' lang='lat' dir='ltr'><strong>fidem</strong></span> <span class='ocrx_word' id='word_1_714' title='bbox 2949 5756 3115 5811; x_wconf 90' lang='lat' dir='ltr'><strong>libros</strong></span> <span class='ocrx_word' id='word_1_715' title='bbox 3142 5756 3281 5825; x_wconf 77' lang='grc' dir='ltr'><strong>Περὶ</strong></span> <span class='ocrx_word' id='word_1_716' title='bbox 3300 5754 3496 5825; x_wconf 72' lang='grc' dir='ltr'><strong>ἀρχῶν</strong></span> <span class='ocrx_word' id='word_1_717' title='bbox 3523 5743 3751 5804; x_wconf 80' lang='lat' dir='ltr'><strong>emenda-</strong></span> 
     </span>
    </p>
   </div>
   <div class='ocr_carea' id='block_1_102' title="bbox 2218 5838 3748 5967">
    <p class='ocr_par' dir='ltr' id='par_1_102' title="bbox 2218 5838 3748 5967">
     <span class='ocr_line' id='line_1_102' title="bbox 2218 5838 3748 5967; baseline -0.022 -2"><span class='ocrx_word' id='word_1_718' title='bbox 2218 5838 2547 5966; x_wconf 52' lang='grc' dir='ltr'><strong>ωῗῦῗίεεον</strong></span> <span class='ocrx_word' id='word_1_719' title='bbox 2576 5892 2809 5967; x_wconf 64' lang='lat' dir='ltr'><strong>iniungis</strong></span> <span class='ocrx_word' id='word_1_720' title='bbox 2834 5895 2961 5951; x_wconf 79' lang='lat' dir='ltr'><strong>mihi</strong></span> <span class='ocrx_word' id='word_1_721' title='bbox 2987 5912 3091 5952; x_wconf 89' lang='lat' dir='ltr'><strong>rem</strong></span> <span class='ocrx_word' id='word_1_722' title='bbox 3115 5915 3269 5967; x_wconf 88' lang='lat' dir='ltr'><strong>quam</strong></span> <span class='ocrx_word' id='word_1_723' title='bbox 3315 5894 3497 5953; x_wconf 73' lang='lat' dir='ltr'><strong>videris</strong></span> <span class='ocrx_word' id='word_1_724' title='bbox 3525 5891 3748 5959; x_wconf 61' lang='lat' dir='ltr'><strong>quantum</strong></span> 
     </span>
    </p>
   </div>
  </div>
