3992 6312
654 378 761 438 513

1864 374 1924 429 S.
1966 372 2291 429 PAMPHILI
2330 370 2685 427 MARTYRIS

3779 381 3882 463 .5“

652 502 836 558 valent
868 514 1062 558 sensus
1086 500 1203 569 ejus
1233 498 1579 554 altitudinem
1631 497 1917 565 contueri;
1960 499 2075 553 sive
2106 513 2235 567 pra-
2266 507 2311 563 Α
2338 511 2458 567 quae
2486 496 2539 549 in
2564 494 2915 563 quaestionem
2937 494 3160 550 veniunt
3184 502 3388 560 movet,
3413 509 3514 550 nec
3532 504 3701 552 tamen
3717 513 3881 559 eorum

652 595 821 649 vitate
849 592 1065 659 mentis,
1106 606 1209 660 qua
1250 590 1486 659 studium
1532 600 1730 659 gerunt
1770 605 1873 644 non
1902 590 2074 645 solum
2096 590 2238 644 dicta

650 686 770 757 ejus
798 685 914 757 (11)
946 685 1219 745 incusare,
1272 696 1457 738 verum
1504 685 1669 738 etiam
1717 683 1978 739 adversus
2012 698 2105 737 eos
2146 683 2237 752 qui

650 780 767 834 hinc
811 777 996 847 legunt
1039 773 1268 829 hostiles
1300 774 1617 830 inimicitias
1646 789 1885 839 sumere,
1924 786 2032 829 tam
2063 775 2236 845 perti-

651 870 860 924 naciter
890 867 942 923 id
969 877 1216 936 agentes,
1236 875 1295 919 ut
1325 866 1465 921 nulla
1487 881 1712 936 prorsus
1746 866 1901 921 venia
1930 881 2023 921 eos
2042 866 2237 936 dignos

649 961 837 1017 haberi
887 966 1098 1029 putent,
1146 973 1214 1012 ne
1253 973 1317 1013 ea
1360 960 1582 1029 quidem
1614 957 1728 1027 (12)
1760 973 1920 1027 quam
1957 958 2238 1028 impertire

649 1054 846 1117 solent,
880 1052 1029 1108 verbi
1060 1052 1254 1123 gratia,
1294 1052 1381 1106 bis
1422 1051 1514 1121 qui
1548 1051 1631 1105 vel
1655 1050 1973 1105 Graecorum
2008 1052 2237 1106 eiacula-

648 1148 788 1201 rium
841 1146 1032 1209 libros,
1062 1145 1147 1200 vel
1184 1158 1577 1214 nonnunquam
1624 1143 1791 1197 etiam
1829 1142 2232 1210 haereticorum,

648 1238 1037 1310 percunctandi
1088 1248 1255 1307 atque
1300 1235 1634 1307 agnoscendi
1682 1235 1867 1291 Studio
1894 1235 2232 1290 decurrunt:

647 1333 748 1387 sibi
790 1331 921 1386 solis
952 1330 1160 1386 scilicet
1195 1329 1419 1385 concedi
1448 1328 1649 1384 debere
1692 1329 1943 1399 peritiam
1969 1329 2232 1398 probandi

648 1422 916 1479 sermonis
974 1430 1183 1493 putant,
1227 1428 1287 1474 ut
1320 1419 1369 1475 si
1417 1419 1546 1491 quid
1600 1417 1713 1490 (l3)
1769 1420 1909 1475 bene
1957 1420 2025 1474 ab
2054 1418 2234 1490 aliquo

648 1518 849 1571 dictum
883 1524 987 1580 est,
1039 1514 1277 1569 retinere
1321 1514 1522 1580 sciant,
1552 1511 1623 1568 ab
1665 1514 1813 1569 omni
1846 1524 2025 1569 autem
2057 1515 2235 1584 specie

647 1605 786 1659 mala
815 1604 1093 1660 abstinere
1121 1620 1179 1660 se
1201 1605 1489 1660 noverint:
1515 1603 1692 1660 abhis
1717 1620 1846 1660 vero
1862 1606 1953 1674 qui
1985 1604 2236 1677 Origenis

647 1695 815 1750 libros
867 1695 1071 1766 legunt,
1122 1696 1263 1751 istud
1303 1696 1519 1766 penitus
1559 1696 1838 1752 exclusum
1873 1708 2072 1769 putant
2113 1713 2233 1753 esse

648 1789 983 1854 mandatum,
1004 1805 1110 1859 quo
1139 1789 1449 1860 probabiles
1472 1787 1734 1857 iubentur
1756 1788 1893 1845 ellici
1930 1790 2226 1858 trapezitae,

645 1881 884 1937 scientes
915 1883 1057 1952 quod
1100 1881 1297 1936 bonum
1337 1891 1420 1935 est
1454 1881 1715 1940 retinere.
1747 1883 1816 1936 ab
1859 1882 2006 1937 omni
2042 1891 2223 1937 autem
2262 1866 2304 1921 Β

644 1970 825 2039 specie
854 1972 991 2024 mala
1025 1987 1083 2027 se
1116 1972 1470 2027 abstinere':
1499 1972 1595 2027 sed
1622 1974 1999 2028 tantummodo
2023 1973 2067 2028 si
2104 1973 2226 2043 quis

649 2061 827 2131 legere
865 2062 1029 2118 libros
1061 2063 1203 2118 illius
1235 2064 1384 2117 visus
1417 2063 1601 2128 fuerit,
1635 2065 1820 2120 statim
1847 2064 1914 2118 ab
1946 2065 2030 2119 his
2061 2064 2228 2119 haere-

646 2154 877 2210 ticorum
940 2156 1302 2225 perfundatur
1349 2156 1593 2212 infamia.
1647 2157 1894 2228 Denique
1946 2157 2058 2230 (M)
2102 2173 2223 2213 cum

647 2246 833 2302 multis
860 2246 1101 2303 honesta:
1149 2248 1275 2304 vita:
1306 2257 1361 2304 et
1401 2249 1641 2320 religiosi
1678 2249 1943 2320 propositi
1973 2250 2134 2314 viris,
2168 2250 2221 2305 in

642 2338 843 2410 quibus
890 2338 1026 2395 nihil
1073 2354 1297 2410 prorsus
1338 2341 1512 2411 culpa:
1565 2341 1873 2406 inveniunt,
1910 2340 2226 2398 inimicitias

643 2440 868 2501 prapter
900 2429 1003 2486 hoc
1037 2430 1210 2486 solum
1260 2431 1465 2486 habent
1510 2431 1556 2486 si
1607 2446 1796 2487 eorum
1839 2432 1953 2505 (l5)
1983 2433 2223 2488 studium

639 2523 786 2579 circa
817 2523 1103 2578 memorati
1142 2522 1244 2578 viri
1281 2514 1453 2578 libros
1492 2524 1818 2596 propensius
1854 2540 1975 2581 esse
2006 2541 2224 2596 perspe-

640 2616 845 2680 xerint,
878 2615 1202 2696 invidiosius
1230 2616 1395 2670 etiam
1428 2614 1528 2669 ista
1549 2616 1835 2687 tingentes,
1864 2621 2007 2686 quod
2038 2618 2108 2674 ab
2139 2618 2225 2675 his

641 2707 697 2763 in
726 2708 847 2764 loco
863 2717 1174 2764 sanctorum
1198 2709 1567 2778 apostolorum
1593 2711 1675 2765 vel
1703 2710 2090 2781 prophetarum
2111 2721 2221 2768 tam

641 2799 760 2871 ipse
788 2815 949 2870 quam
987 2802 1130 2857 dicta
1146 2800 1262 2870 ejus
1288 2802 1612 2858 habeantur.
1644 2803 1749 2857 Sed
1783 2802 1851 2858 de
1885 2803 1988 2859 hoc
2012 2812 2219 2859 certum

644 2907 751 2948 non
803 2892 977 2950 habeo
1030 2903 1208 2949 utrum
1258 2894 1627 2951 calumniandi
1675 2906 1802 2952 voto
1848 2899 2223 2954 tantummodo

644 2985 745 3041 ista
773 2987 1048 3056 jactitent,
1076 3004 1143 3042 an
1180 2988 1347 3044 etiam
1385 2988 1453 3043 ab
1489 2988 1763 3060 aliquibus
1799 2990 2223 3062 simplicioribus

643 3084 699 3132 ct
725 3079 1080 3149 propensiore
1105 3079 1301 3137 aﬁ'ectu
1320 3082 1668 3155 diligentibus
1689 3072 1898 3148 ‘virum,
1929 3082 2223 3154 aliquando

645 3170 890 3227 fortassis
948 3175 1053 3228 tale
1103 3175 1304 3245 aliquid
1357 3176 1649 3232 audierint.
1711 3174 1826 3249 (16)
1876 3175 1986 3232 Nos
2040 3187 2219 3229 tamen

644 3264 1001 3334 perspicimus
1040 3266 1352 3336 frequenter
1372 3283 1434 3324 ea
1491 3284 1613 3339 qua:
1648 3268 1716 3323 ab
1738 3284 1803 3325 eo
1845 3284 1968 3323 cum
2023 3282 2222 3337 magno

646 3354 842 3414 timore
878 3355 972 3410 Dei
1003 3367 1057 3411 et
1086 3374 1209 3412 cum
1255 3359 1402 3414 omni
1441 3358 1744 3413 humilitate
1774 3360 2047 3424 dicuntur,
2096 3373 2219 3412 cum

643 3446 856 3500 veniam
909 3448 1040 3515 petit
1064 3463 1162 3517 pro
1193 3452 1279 3504 his
1309 3464 1430 3518 qua:
1453 3464 1550 3517 per
1581 3448 1802 3503 nimiam
1830 3448 2222 3503 discussiOnem

642 3546 699 3591 et
727 3552 826 3606 per
875 3538 1098 3592 multam
1136 3540 1526 3595 scrutationem
1579 3540 1990 3610 Scripturarum
2045 3539 2226 3593 animo

641 3629 968 3698 disputantis
986 3645 1283 3688 occurrunt
1315 3654 1328 3689 :
1356 3650 1477 3703 qua:
1495 3650 1618 3688 cum
1643 3632 1895 3699 exponit,
1916 3632 2229 3700 frequenter

641 3722 843 3778 addere
872 3723 1009 3779 solet
1030 3735 1086 3779 et
1113 3728 1362 3796 proﬁteri
1395 3744 1452 3783 se
1481 3742 1586 3783 non
1622 3728 1735 3780 lucc
1761 3725 1914 3795 quasi
1948 3723 2226 3778 deﬁnitiva

642 3817 997 3885 pronuntiare
1045 3821 1358 3885 sententia,
1389 3836 1491 3874 nec
1524 3828 1730 3874 statuto
1762 3819 2019 3889 dogmate
2046 3816 2229 3870 tenni-

643 3922 799 3971 nare,
838 3912 933 3963 sed
961 3912 1235 3981 inquirere
1255 3931 1355 3983 pro
1382 3916 1606 3972 viribus,
1632 3922 1686 3967 et
1712 3927 1929 3965 sensum
1957 3910 2231 3963 discutere

645 3997 1077 4069 Scripturarum,
1127 4021 1226 4060 nec
1285 4017 1463 4061 tamen
1519 4008 1758 4077 proﬁteri
1816 4003 1959 4074 quod
2009 4003 2219 4072 integre

646 4090 990 4162 perfecteque
1018 4099 1534 4166 comprehenderit;
1574 4098 1838 4168 suspicari
1869 4095 2043 4164 magis
2069 4112 2126 4147 se
2157 4098 2219 4147 de

643 4187 1056 4255 quiamplurimis
1084 4192 1293 4265 dicens,
1335 4208 1435 4246 nec
1488 4202 1665 4247 tamen
1694 4201 1901 4245 certum
1932 4203 2052 4243 esse
2094 4188 2218 4256 quia

645 4277 699 4332 in
725 4281 976 4337 omnibus
1017 4285 1160 4353 quod
1213 4285 1515 4355 perfectum
1546 4293 1632 4340 est
1680 4292 1735 4337 et
1780 4283 2044 4350 integrum
2076 4294 2221 4333 asse—

645 4381 803 4427 cutus
830 4373 920 4426 sit.
940 4374 1046 4429 Sed
1067 4386 1121 4429 et
1145 4392 1529 4445 nonnunquam
1550 4376 1854 4431 invenimus
1878 4388 1998 4429 eum
2030 4370 2140 4443 (l7)
2159 4372 2223 4425 de

645 4465 833 4521 multis
872 4468 1080 4523 hilarere
1126 4484 1183 4523 se
1210 4468 1576 4539 proﬁtentem,
1608 4470 1658 4523 in
1686 4468 1883 4537 quibus
1916 4481 1978 4519 ea
2005 4463 2220 4533 quidem

671 4611 737 4664 "l
776 4611 965 4667 Thess.
1008 4630 1059 4679 v,
1091 4615 1181 4676 21,
1216 4614 1307 4670 22.

717 4730 831 4799 (11)
878 4729 1152 4785 lncusare.
1205 4733 1298 4787 Sic
1338 4747 1470 4787 mss.
1520 4733 1654 4786 Editi
1702 4742 1883 4785 autem
1919 4742 2223 4799 perperam,
2259 4727 2301 4780 D

646 4816 942 4857 incursare.

718 4870 832 4944 (12)
855 4871 1021 4937 Alias,
1044 4890 1161 4942 qua:
1206 4874 1462 4941 impertiri
1489 4872 1618 4926 solet
1649 4871 1746 4944 [aL
1776 4886 1933 4940 quam
1964 4866 2227 4944 impertiri

644 4941 863 5013 solent],
909 4941 1064 4997 verbi?
1091 4944 1284 5013 gratia,
1335 4946 1417 4997 Itis
1461 4946 1551 5014 qui
1607 4941 1982 4999 Gra'corum...
2038 4941 2227 4992 decur-

646 5022 788 5075 rant,
817 5021 923 5066 etc.

716 5083 831 5151 (15)
863 5080 1022 5147 Bene,
1053 5099 1261 5139 necnon
1306 5094 1480 5137 autem
1509 5084 1651 5153 quod
1684 5097 1806 5136 mox
1835 5081 2098 5151 sequitur,
2132 5079 2226 5132 de-

644 5163 769 5205 sunt
801 5154 850 5205 in
876 5156 1060 5208 editis.

718 5223 829 5293 (14)
883 5224 973 5278 Sic
1010 5239 1109 5280 ins.
1146 5222 1501 5278 Sorlionicus.
1536 5224 1634 5277 Ms.
1678 5238 1806 5276 vero
1835 5221 2062 5293 Regius,
2103 5235 2218 5293 cum

645 5290 819 5362 multis
848 5297 994 5347 bomv
1028 5296 1140 5348 vita:
1186 5305 1234 5346 et
1268 5296 1496 5361 religiosi
1535 5296 1789 5362 propositi
1828 5290 1971 5346 viris.
2021 5291 2118 5343 Ms.

651 5361 899 5432 Remigii,
928 5382 1050 5417 cum
1078 5365 1258 5417 multis
1289 5359 1547 5431 religiosis
1577 5359 1679 5418 vita
1709 5376 1754 5417 et
1791 5359 2217 5432 proposito‘viris‘.

646 5430 828 5503 l'liliti,
854 5444 909 5487 et
940 5451 1040 5488 ms.
1078 5430 1454 5498 Corbeiensis,
1502 5450 1617 5487 cum
1669 5436 1850 5487 multis
1899 5433 1995 5485 hoc
2046 5430 2222 5503 (editi,

644 5500 827 5574 Mitt!)
853 5504 970 5574 uita:
997 5515 1045 5558 et
1073 5505 1331 5574 religiosis
1359 5507 1625 5572 proposito
1653 5506 1797 5558 viris.

718 5571 831 5640 (15)
858 5572 1017 5636 ΕιΙίιί,
1040 5571 1240 5628 studia.
1272 5571 1473 5630 Omnes
1502 5592 1654 5628 IIISS..
1684 5574 1937 5627 studium.

718 5643 829 5711 (16)
856 5642 979 5697 Mss.
1000 5645 1110 5698 fere
1141 5656 1420 5708 omnes,et
1440 5646 1590 5710 editi,
1612 5644 1723 5698 Nos
1754 5656 1923 5696 tamen
1942 5642 2218 5709 perspectis

647 5711 944 5779 frequenter
959 5715 1058 5776 his,
1094 5727 1201 5770 etc.
1226 5715 1333 5771 Sed
1364 5716 1565 5769 rectius
1595 5731 1693 5768 ms.
1724 5725 1935 5768 unusut
1966 5714 2018 5766 in
2043 5722 2215 5766 textu.

719 5784 832 5851 (17)
858 5784 934 5835 lta
970 5799 1157 5837 omnes
1192 5800 1323 5839 mss.
1369 5786 1509 5839 Ε(ιὶιί
1547 5801 1673 5838 vero
1714 5787 1913 5852 inepte,
1944 5784 2007 5838 de
2038 5784 2219 5837 multis

650 5854 935 5914 Iiwresibus
958 5853 1288 5921 proﬁtentem
1313 5854 1410 5928 [aL
1447 5854 1842 5927 proﬁcientem].

2338 587 2707 643 absolutiones
2748 586 3017 659 adjungit,
3050 589 3145 644 sed
3184 604 3313 645 cum
3357 588 3503 643 omni
3541 589 3821 649 humilitate
3839 607 3885 651 et

2337 680 2566 736 veritate
2591 696 2696 734 non
2726 682 3000 738 erubescit
3048 682 3204 738 fateri
3252 683 3371 755 (18)
3421 685 3536 739 hinc
3584 685 3679 740 sibi
3704 704 3799 744 non
3830 690 3886 745 li-

2339 792 2526 848 quere.
2558 777 2877 833 Andivimus
2923 776 3090 832 etiam
3128 776 3256 830 illud
3291 777 3362 830 ab
3385 791 3451 832 eo
3489 777 3781 848 frequenter
3815 784 3886 837 in-

2341 871 2471 935 texi,
2499 871 2643 941 quod
2676 870 2838 925 hodie
2889 884 2958 923 ne
3004 868 3090 923 isti
3126 868 3349 939 quidem
3395 868 3496 939 ipsi
3533 867 3883 940 imperitissimi

2338 963 2579 1017 omnium
2612 962 3013 1017 obtrectatores
3049 958 3164 1028 eius
3203 960 3393 1015 dicere
3445 960 3809 1033 dedignantur,
3835 979 3885 1024 ut

2336 1054 2380 1110 si
2413 1054 2537 1124 quis
2556 1053 2748 1108 melius
2775 1053 2841 1107 de
2861 1053 2945 1108 his
2978 1052 3112 1107 locis
3128 1067 3250 1124 quae
3277 1051 3370 1109 ille
3398 1051 3669 1120 disseruit,
3694 1058 3882 1127 dixerit,

2334 1144 2422 1200 vel
2494 1144 2845 1213 exposuerit,
2916 1143 2992 1199 illi
3053 1144 3234 1213 potius
3284 1143 3380 1214 qui
3456 1146 3652 1203 rectius
3718 1149 3886 1206 dixerit

2334 1248 2498 1304 quam
2535 1233 2639 1288 sibi
2676 1233 2791 1306 (l9)
2812 1242 2957 1290 esset
2985 1232 3424 1290 auscultandum.
3462 1234 3718 1293 Prarterea
3754 1254 3886 1293 com-

2335 1325 2725 1395 prehendimus
2763 1340 2886 1379 eum
2921 1339 3315 1395 nonnunquam
3366 1325 3607 1382 diversas
3626 1331 3887 1398 expositio-

2334 1432 2432 1473 nes
2464 1415 2577 1489 (20)
2617 1415 2857 1487 ejusdem
2883 1415 3104 1487 capituli
3124 1414 3309 1470 facere
3332 1434 3345 1470 :
3371 1426 3571 1470 etcum
3595 1418 3731 1472 omni
3764 1434 3889 1476 reve-

2336 1510 2533 1576 rentia,
2556 1510 2710 1579 quasi
2732 1511 2823 1580 qui
2847 1510 2985 1565 sciat
3003 1522 3060 1564 se
3074 1510 3141 1564 de
3162 1509 3373 1564 sanctis
3403 1507 3691 1580 Scripturis
3708 1512 3884 1577 dicere,

2335 1618 2457 1657 cum
2486 1602 2651 1656 multa
2684 1617 2804 1673 qua:
2837 1603 2942 1657 sibi
2972 1612 3341 1659 occurrerunt
3377 1604 3693 1672 exposuerit,
3718 1607 3888 1674 przeci-

2334 1697 2412 1767 pit
2438 1696 2524 1750 his
2550 1695 2640 1765 qui
2669 1694 2879 1764 legunt,
2910 1696 3142 1767 probare
3175 1699 3245 1750 de
3284 1693 3512 1765 singulis
3542 1711 3651 1765 qua:
3687 1697 3883 1760 dixerit,

2335 1788 2553 1858 etquod
2582 1788 2785 1843 rectius
2812 1788 3052 1857 prudens
3072 1789 3245 1842 lector
3264 1787 3606 1855 iudicaverit,
3632 1790 3882 1843 obtinere:

2335 1884 2574 1954 profecto
2627 1884 2751 1953 quia
2779 1899 2878 1939 nec
2925 1884 3102 1954 ipsum
3153 1884 3362 1939 latebat
3411 1888 3549 1957 quod
3598 1901 3694 1939 non
3723 1887 3883 1941 omnia

2333 1992 2453 2045 qua:
2497 1960 2761 2040 moverat,
2804 1977 2884 2031 vel
2926 1978 3289 2039 discusserat.
3350 1976 3639 2047 probabilia
3684 1978 3758 2031 vel
3794 1979 3881 2033 lixa

2334 2068 2518 2122 haberi
2542 2069 2823 2133 deberent,
2854 2085 2951 2138 pro
2976 2085 3040 2124 eo
3062 2071 3208 2140 quod
3244 2069 3418 2125 multa
3446 2069 3662 2140 myStica
3687 2070 3734 2123 in
3759 2067 3882 2124 Scri-

2332 2160 2508 2228 pturis
2536 2159 2764 2224 sanctis,
2795 2162 2916 2217 etin
2935 2170 3144 2216 secreto
3160 2161 3447 2217 recondita
3460 2174 3580 2215 esse
3605 2161 3879 2214 credantur.

2332 2250 2467 2307 lllud
2491 2253 2724 2323 denique
2738 2251 2855 2322 ejus
2874 2254 2919 2308 si
2941 2254 3202 2311 intentius
3223 2254 3748 2323 advertamus,quam
3765 2254 3878 2308 inte-

2332 2360 2426 2417 gre
2442 2354 2497 2400 et
2511 2344 2781 2401 catholice
2798 2346 2864 2399 de
2878 2347 3129 2402 omnibus
3156 2346 3514 2402 Tractatibus
3525 2346 3631 2401 suis
3649 2347 3697 2401 in
3724 2348 3860 2417 prada

2332 2439 2479 2493 tione
2492 2452 2678 2492 eorum
2697 2437 2956 2494 librorum
2970 2454 3107 2509 quos
3122 2439 3173 2493 in
3187 2438 3449 2496 Genesim
3463 2439 3646 2494 scribit
3658 2451 3874 2509 protesta-

2331 2539 2417 2586 tus
2438 2536 2540 2592 est,
2554 2542 2767 2583 omnem
2782 2529 2899 2601 ejus
2910 2545 3127 2587 sensum
3142 2546 3206 2585 ex
3222 2533 3328 2586 hoc
3340 2529 3501 2601 facile
3512 2546 3874 2601 cognoscemus.

2403 2620 2517 2693 (21)
2566 2623 2864 2677 ORIGENES.
2904 2640 2924 2674 ι
2981 2622 3092 2678 Nisi
3117 2624 3452 2679 omnimodis
3481 2624 3613 2695 pigri
3648 2639 3879 2691 essemus,

2331 2729 2395 2770 ac
2445 2714 2683 2777 desides,
2737 2728 2803 2768 ne
2851 2714 2919 2768 ad
2957 2715 3348 2783 inquirendum
3389 2715 3605 2786 quidem
3635 2716 3883 2783 accedere,

2331 2803 2559 2860 Domino
2587 2814 2641 2859 et
2674 2807 2962 2863 Salvatore
2989 2817 3178 2862 nostro
3203 2810 3271 2863 ad
3321 2810 3423 2863 hoc
3455 2824 3550 2862 nos
3572 2816 3877 2877 provocante,

2330 2896 2573 2967 profecto
2604 2914 3014 2955 revocassemus
3053 2903 3268 2969 pedem,
3297 2900 3707 2955 considerantes
3756 2898 3876 2969 quod

2329 2990 2487 3063 longe
2515 2993 2686 3049 simus
2714 2993 2782 3049 ab
2818 3008 2879 3048 ea
2925 2994 3293 3063 magnitudine
3332 2994 3586 3064 spiritalis
3615 2992 3876 3063 intelligen-

2331 3082 2441 3147 tim,
2490 3082 2601 3152 (22)
2656 3100 2758 3153 qua
2788 3084 2856 3138 de
2885 3094 2992 3138 tam
3032 3086 3243 3154 magnis
3279 3088 3453 3139 rebus
3490 3085 3777 3154 invesﬁgari
3800 3086 3878 3139 de-

2328 3173 2453 3229 beat
2476 3176 2801 3230 intellectus.
2832 3195 2851 3227 ι

2394 3265 2721 3323 ΡΑιίριιιιυε.
2758 3269 2820 3322 Et
2840 3267 2999 3337 paulo
3020 3277 3138 3337 post
3172 3269 3278 3323 ait:

2395 3359 2684 3415 ORIGENES.
2707 3379 2726 3412 ι
2756 3362 2812 3415 Si
2837 3361 2922 3414 cui
2947 3376 3071 3416 vero
3099 3361 3151 3415 in
3169 3362 3567 3431 disceptatione
3589 3364 3871 3433 profundum

2326 3450 2531 3521 aliquid
2581 3452 2902 3516 occurrerit,
2945 3453 3012 3506 de
3046 3453 3147 3507 hoc
3201 3452 3499 3506 dicendum
3531 3454 3734 3523 quidem
3781 3464 3866 3516 εει,

2329 3546 2424 3597 sed
2468 3559 2575 3597 non
2610 3559 2732 3597 cum
2763 3544 2910 3597 omni
2950 3542 3336 3599 afﬁrmatione.
3371 3546 3483 3600 lloc
3528 3547 3662 3601 enim
3694 3554 3777 3598 aut
3804 3558 3869 3598 te-

2328 3636 2544 3689 merarii
2574 3635 2807 3690 hominis
2827 3644 2930 3699 est,
2956 3644 3011 3688 et
3032 3633 3146 3701 ejus
3166 3635 3255 3705 qui
3297 3652 3520 3690 sensum
3556 3638 3779 3690 humana:
3801 3634 3871 3686 in-

2330 3727 2617 3780 tirmitatis
2655 3727 2971 3798 perdiderit,
3019 3727 3329 3794 oblitusque
3361 3730 3444 3783 sui
3479 3730 3548 3783 sit
3583 3745 3598 3781 :
3643 3738 3871 3781 autcerte

2330 3819 2696 3888 perfectorum
2743 3823 3006 3885 virorum,
3040 3830 3095 3873 et
3130 3835 3318 3874 eorum
3363 3821 3455 3892 qui
3500 3819 3803 3876 conﬁdenter
3824 3829 3871 3869 se

2329 3912 2507 3965 sciant
2538 3912 2605 3965 ab
2624 3912 2740 3979 ipso
2764 3911 2994 3964 Domino
3016 3910 3141 3965 Jesn
3162 3911 3444 3978 didicisse,
3477 3914 3526 3967 id
3551 3923 3649 3979 εει,
3671 3928 3696 3963 a
3722 3908 3871 3963 Verbo

2330 4002 2595 4065 veritatis,
2620 4011 2673 4054 et
2699 4001 2767 4055 ab
2801 4002 2916 4069 ipsa
2949 4002 3227 4071 Sapientia
3250 4018 3349 4073 per
3382 4020 3541 4072 quam
3565 4001 3731 4058 omnia
3753 3998 3869 4052 facta

2328 4100 2475 4154 sunt,
2537 4092 2820 4161 agnovisse
2869 4111 2883 4148 :
2939 4091 3025 4145 vel
3071 4107 3256 4146 eorum
3293 4096 3389 4163 qui
3440 4096 3612 4148 divina
3647 4104 3868 4161 responsa

2328 4183 2555 4254 ingressi
2609 4183 2877 4237 turbinem
2940 4196 2995 4238 et
3026 4183 3310 4253 caliginem
3368 4186 3454 4239 tibi
3501 4186 3634 4239 Deus
3659 4184 3760 4252 ipse
3783 4190 3869 4244 est,

2327 4274 2539 4329 caelitus
2561 4284 2904 4343 acceperunt,
2940 4277 2990 4329 in
3031 4277 3173 4343 quod
3207 4276 3291 4329 vix
3340 4276 3433 4333 ille
3469 4276 3666 4348 Moyses
3694 4276 3869 4344 ingrcs-

2329 4381 2423 4422 Sus
2448 4367 2527 4421 vel
2557 4367 2855 4437 intelligere
2880 4367 3001 4421 talia
3034 4368 3203 4437 potuit
3232 4368 3309 4421 vel
3344 4370 3600 4437 proferre.
3633 4367 3729 4420 Nos
3744 4380 3867 4425 vero.

2330 4475 2428 4529 pro
2476 4474 2540 4514 eo
2584 4459 2697 4515 solo
2743 4460 2886 4528 quod
2925 4462 3271 4517 mediocriter
3312 4463 3437 4517 licet
3466 4463 3599 4533 (25),
3633 4459 3867 4514 credimus

2402 4721 2515 4791 (18)
2553 4723 2699 4779 Ηατ.
2731 4727 2887 4780 Deest
2922 4727 2975 4779 in
3007 4736 3161 4779 antea
3187 4727 3367 4790 editis,
3400 4743 3599 4781 necnon
3631 4722 3777 4791 paulo
3799 4720 3864 4771 in-

2332 4790 2434 4857 fra,
2465 4790 2586 4861 ipsi.
2641 4797 2837 4851 Deinde
2869 4813 2971 4850 ms.
3017 4796 3216 4866 ltcgius
3254 4800 3413 4852 habet
3456 4790 3744 4867 dignantur,
3768 4790 3864 4843 lacu

2331 4867 2709 4934 dedignantur.

2400 4938 2513 5012 (11))
2548 4936 2677 5012 ltiss.
2710 4937 2952 5006 plerique
2977 4948 3030 4992 et
3045 4938 3207 5012 editi,
3243 4954 3376 5002 esse,
3421 4936 3576 4990 male.
3731 5002 3741 5012 _

2401 5001 2525 5081 (20)
2547 5006 2621 5060 lta
2657 5001 2847 5063 omnes
2868 5001 3006 5063 inss.
3044 5001 3670 5079 Editi'vero'pcrperam,
3697 5001 3862 5056 eisdem

2327 5079 2592 5133 capitulis.

2392 5099 2634 5215 gguiia
2678 5147 2825 5220 editi.
2880 5146 3007 5202 Mss.
3055 5164 3182 5220 vero
3230 5149 3505 5216 plerique:
3537 5146 3778 5220 Origenet
3808 5140 3861 5190 de

2328 5213 2654 5288 Prazfrttione
2689 5217 2940 5291 librorum
2976 5221 3038 5291 in
3086 5213 3452 5291 Genesimﬂal.
3499 5220 3557 5291 de
3588 5213 3861 5291 μὲᾳξίαιὶρηιξ

2327 5286 2578 5360 Ιὲὺνόηινι
2608 5289 2845 5360 (irigeuis
2876 5288 2928 5340 in
2960 5288 3247 5360 Genesim].
3283 5286 3397 5342 argi
3422 5286 3716 5342 omnimodis
3745 5286 3860 5360 pigfi

2326 5370 2494 5414 essent
2528 5358 2619 5432 [:il.
2651 5345 2771 5432 Nisi
2803 5360 3116 5432 omnimodis
3159 5345 3374 5428 qdidam
3413 5361 3542 5429 pigri
3588 5345 3777 5408 essent:
3797 5345 3861 5399 al.

2326 5433 2459 5500 pigri
2484 5427 2881 5500 eisentingenii]
2907 5441 2955 5483 et
2982 5427 3206 5494 desides,
3231 5442 3339 5485 etc.
3413 5427 3421 5429 “
3469 5427 3477 5428 “
3740 5488 3752 5501 ⁸

2399 5501 2511 5569 (22)
2547 5500 2719 5565 Alias,
2750 5514 2868 5569 qna:
2900 5503 3142 5555 detenta:
3172 5499 3548 5571 magnitudinis
3575 5492 3710 5549 rebus
3734 5499 3862 5540 inve-

2328 5574 2548 5641 stigure,
2578 5580 2683 5625 etc.

2396 5626 2510 5715 (25)
2535 5626 2612 5715 ita
2641 5630 2921 5715 editi,‘nisi_
2953 5641 3099 5715 quod
3123 5642 3331 5715 addant
3349 5640 3571 5715 Christo,
3598 5640 3705 5715 post
3724 5626 3855 5715 Issit.

2330 5706 2426 5767 .‘ils'.
2463 5706 2790 5768 Sorbonicus
2818 5723 2874 5766 et
2903 5706 2985 5767 S.'
3013 5711 3288 5766 Michaelis
3324 5714 3373 5765 in
3402 5706 3645 5780 ⁸Ρίξιηιςιιιο
3692 5709 3855 5780 maris,

2331 5802 2422 5835 nro
2446 5801 2504 5837 eo
2534 5784 2647 5836 solo
2678 5784 2815 5850 quod
2844 5783 3177 5835 mediocriter
3211 5783 3329 5834 licet
3358 5778 3675 5850 credidimus,
3703 5778 3857 5850 tamen

2331 5802 2422 5835 uro
2446 5801 2504 5837 eo
2534 5801 2647 5836 δοιο
2713 5801 2813 5837 uoa
2844 5801 3177 5835 mediocriter
3211 5801 3329 5834 uret
3358 5801 3675 5835 (matutinus,
3703 5801 3849 5850 fume-

2329 5861 2391 5909 de
2419 5854 2639 5908 Domino
2667 5801 2795 5908 jesu
2831 5855 3112 5923 loquimur,
3150 5863 3195 5905 ct
3238 5855 3374 5921 ejus,
3412 5863 3511 5905 etc.
3541 5846 3713 5901 (laeter!
3736 5851 3849 5891 "I55:
