3992 6312
281 389 388 445 545

1484 383 1829 440 APOLOGIA
1869 384 2006 440 ιδηο
2045 383 2367 442 ORIGENE.

3426 391 3531 445 546

288 514 468 555 tamen
494 500 728 558 Domino
754 501 904 568 Jesu,
930 500 1111 571 etcjus
1137 501 1428 570 gloriamur
1447 516 1567 556 esse
1583 500 1857 572 discipuli,
1890 508 1934 562 Λ
1963 500 2227 570 proximis
2260 514 2380 554 esse
2415 498 2612 568 quibus
2639 487 2960 555 charitatem
2986 515 3050 554 ex
3081 501 3334 555 mandato
3363 499 3531 554 debe-

282 608 382 647 nec
417 602 602 646 tamen
625 597 885 647 audemus
917 594 1093 647 dicere
1115 594 1253 662 quod
1293 591 1433 646 facie
1460 593 1525 645 ad
1561 593 1754 646 faciem
1787 593 1854 646 ab

281 685 399 754 ipso
446 683 697 738 traditam
760 685 1152 754 susceperimus
1203 684 1610 753 intelligentiam
1663 698 1852 737 eorum

278 789 403 843 quae
449 775 500 828 in
538 773 735 828 divinis
777 773 932 827 libris
962 772 1273 843 referuntur
1307 789 1318 824 :
1351 786 1472 838 qua:
1502 770 1716 838 quidem
1741 783 1855 823 cer-

278 874 366 919 tus
399 865 674 934 sumquod
704 879 768 917 ne
799 865 908 932 ipse
930 864 1142 931 quidem
1179 863 1411 916 mundus
1442 877 1537 930 pro
1561 863 1760 916 virtute
1787 875 1852 916 ac

275 954 561 1021 majestate
603 970 852 1009 sensuum
902 969 1093 1023 capere
1141 961 1314 1022 potest
1373 953 1414 1006 ⁸.
1454 952 1678 1021 Propter
1711 957 1851 1019 quod

274 1047 630 1114 pronuntiare
654 1045 866 1114 quidem
906 1047 969 1097 de
1009 1044 1092 1098 his
1126 1060 1242 1112 qua:
1287 1044 1534 1109 dicimus,
1561 1043 1852 1112 sicutapo-

269 1139 406 1192 stoli
433 1147 738 1208 potuerunt,
773 1154 876 1192 non
917 1138 1180 1192 audemus
1214 1153 1227 1189 :
1263 1137 1314 1190 in
1346 1151 1412 1191 eo
1441 1146 1616 1192 autem
1646 1137 1849 1205 gratias

269 1234 509 1302 agimus,
549 1232 833 1302 quodcum
864 1230 1016 1284 multi
1047 1230 1368 1299 imperitiam
1399 1245 1548 1283 suam
1580 1230 1845 1292 nesciant,

267 1334 332 1377 et
361 1333 535 1377 motus
565 1339 690 1377 suos
715 1322 1097 1389 incompositos
1119 1330 1169 1373 et
1192 1320 1546 1382 inordinatos,
1577 1320 1844 1374 interdum

265 1415 442 1467 etiam
477 1425 529 1468 et
556 1414 764 1482 ineptos
796 1429 860 1468 ac
885 1412 1179 1471 fabulosus.
1214 1428 1332 1465 cum
1352 1413 1497 1465 onmi
1527 1412 1844 1475 intentione,

263 1506 420 1559 sicut
461 1507 559 1560 sibi
607 1505 881 1570 videntur,
914 1503 1064 1571 quasi
1107 1503 1384 1556 verissima
1414 1502 1712 1556 assertione
1751 1518 1848 1556 au-

263 1595 541 1660 nuntient,
589 1609 689 1648 nos
728 1593 792 1647 de
836 1593 995 1646 rebus
1041 1592 1269 1660 magnis,
1311 1600 1363 1642 et
1404 1590 1486 1642 his
1531 1604 1652 1657 qua}
1685 1603 1844 1656 supra

257 1701 372 1740 nos
402 1695 537 1748 sunt,
565 1687 923 1754 ignorantiam
959 1694 1194 1738 nostram
1237 1697 1340 1735 non
1377 1683 1706 1749 ignoramus.
1751 1697 1770 1730 ι

339 1778 669 1833 Panrntws.
699 1777 833 1831 Cum
874 1791 1005 1845 ergo
1042 1777 1156 1829 hmo
1189 1790 1309 1826 eum
1355 1775 1419 1827 de
1449 1788 1506 1827 se
1537 1773 1715 1826 dicere
1747 1787 1844 1824 au-

1962 608 2100 657 lllllS,
2134 601 2188 646 et
2221 601 2530 659 assumptus
2559 591 2724 646 libros
2752 592 2868 660 ejus
2904 593 3143 661 legerent
3175 608 3298 647 cum
3329 607 3392 647 ea
3427 607 3517 645 ve-

1959 683 2071 746 nia,
2096 699 2257 753 quam
2290 683 2400 752 ipse
2427 684 2479 736 in
2516 682 2934 737 Praefationibus
2975 685 3085 737 suis
3113 685 3378 754 deposcit,
3411 685 3522 738 sic-

1965 775 2055 830 ubi
2104 776 2258 828 venia
2307 775 2530 843 dignum
2589 775 2789 843 aliquid
2831 776 3158 829 invenirent.
3201 776 3354 831 Nunc
3393 792 3522 831 vero

1960 882 1990 920 e
2017 869 2295 922 contrario
2338 869 2519 921 videas
2562 883 2652 922 eos
2687 867 2993 922 maledictis
3019 869 3233 936 quidem
3284 869 3522 936 probris-

1957 975 2061 1029 que
2089 959 2202 1028 (27)
2237 960 2364 1012 mihi
2405 974 2508 1012 non
2538 974 2762 1028 parcere
2793 978 2805 1013 :
2843 973 2937 1013 eos
2970 974 3100 1012 vero
3129 960 3220 1028 qui
3275 959 3522 1028 Scriptu-

1955 1064 2139 1102 rarum
2196 1048 2670 1118 intelligendarum
2710 1049 3005 1103 secundum
3047 1053 3357 1104 mandatum
3413 1051 3516 1104 Do-

1954 1142 2083 1194 mini
2115 1152 2168 1195 et
2218 1140 2520 1196 Salvatoris
2585 1143 2756 1196 nostri
2809 1143 3047 1197 studium
3099 1151 3397 1212 gerttnt,’a
3439 1144 3517 1198 le-

1953 1234 2132 1287 ctione
2158 1232 2421 1288 librorum
2461 1232 2577 1302 ejus
2606 1235 2902 1299 deterrere,
2935 1233 3186 1298 quaelibet
3227 1236 3389 1289 etiam
3413 1237 3516 1289 alia

1954 1324 2156 1390 inepta,
2187 1325 2348 1376 etiam
2398 1323 2529 1378 nihil
2575 1326 2877 1394 profutura,
2930 1325 3107 1393 potius
3157 1341 3320 1394 quam
3377 1327 3518 1381 illius

1953 1414 2375 1468 commentarios
2423 1414 2526 1484 legi
2571 1416 2768 1470 debere
2814 1414 3163 1470 affirmantes.
3220 1418 3276 1468 ln
3320 1417 3517 1485 quibus

1949 1520 2091 1573 sarpe
2140 1506 2298 1558 etiam
2342 1505 2550 1560 ridiculi
2599 1506 2802 1575 aliquid
2854 1506 2962 1574 pati
3004 1509 3196 1561 solent.
3253 1506 3384 1561 Nam
3457 1518 3517 1563 ut

1947 1610 2134 1650 eorum
2174 1596 2510 1650 contentiosa
2555 1597 2926 1664 praasnmptio,
2973 1596 3076 1663 vel,
3123 1607 3180 1649 ut
3226 1596 3407 1650 verius
3435 1599 3517 1652 di-

1948 1699 2091 1748 cam,
2134 1684 2243 1756 (28)
2281 1685 2626 1754 prmjudicata
2661 1687 2876 1740 vesania
2929 1685 3140 1741 facilius
3183 1687 3510 1754 declaretur,

1951 1776 2198 1831 accidere
2245 1777 2387 1831 solet
2433 1777 2513 1830 vel
2549 1793 2704 1838 casu,
2760 1775 2839 1830 vel
2883 1779 3156 1832 interdum
3200 1780 3401 1846 studio,
3454 1791 3514 1834 ut

258 1870 500 1935 diamns,
547 1878 602 1923 et
657 1866 1028 1936 hujuscemodi
1077 1873 1254 1918 mente
1302 1879 1364 1916 ac
1404 1874 1528 1916 voto
1568 1877 1686 1932 quae
1717 1862 1846 1914 dicit
1880 1855 1920 1908 Β
1953 1867 2169 1919 nomine
2219 1865 2270 1919 in
2319 1866 2504 1920 codice
2552 1880 2656 1919 non
2703 1866 3030 1934 praetimlato
3064 1867 3278 1938 legatur
3309 1867 3510 1938 aliquid

259 1976 534 2023 asserere,
585 1960 848 2014 miramur
910 1958 962 2010 in
1005 1966 1210 2009 tantum
1258 1955 1582 2009 temeritatis
1632 1953 1841 2023 aliquos

253 2068 391 2106 esse
439 2062 744 2122 provectos,
801 2061 859 2102 ut
908 2049 998 2114 qui
1044 2061 1102 2102 se
1140 2048 1210 2101 ita
1265 2047 1567 2101 humilitate
1609 2047 1838 2115 judicat,

254 2156 516 2200 astruant
543 2145 685 2213 quod
730 2144 797 2196 ah
832 2143 949 2197 aliis
986 2143 1127 2196 dicta
1161 2141 1276 2208 ejus
1319 2141 1400 2195 vel
1432 2141 1553 2194 libri
1595 2155 1692 2209 pro
1723 2155 1840 2194 ser-

251 2237 520 2289 monibus
543 2234 847 2302 apostolicis
881 2233 962 2286 vcl
993 2231 1148 2286 dictis
1167 2230 1836 2300 propheticishabeantur,

253 2337 359 2378 aut.
403 2327 544 2393 quod
596 2324 684 2378 ille
729 2325 843 2392 ipse
897 2323 979 2376 vel
1017 2323 1296 2391 prophetis
1345 2323 1426 2376 vel
1482 2323 1738 2389 apostolis
1769 2327 1836 2375 ab

256 2415 445 2484 aliquo
502 2425 860 2484 comparetur.
922 2413 987 2466 Et
1036 2413 1252 2482 quidem
1324 2413 1466 2479 quod
1519 2421 1573 2466 et
1632 2412 1837 2466 honore

254 2508 581 2579 presbyterii
635 2510 687 2562 in
738 2506 978 2562 Ecclesia
1031 2505 1285 2572 praeditus
1331 2502 1514 2566 fuerit,
1566 2512 1621 2556 et
1669 2502 1832 2556 vitam

254 2599 778 2654 abstinentissimam
826 2598 1076 2665 egeritet
1127 2595 1279 2650 valde
1337 2595 1450 2666 (24)
1498 2595 1830 2664 pltilOSOphi-

250 2706 406 2752 cam,
447 2691 700 2758 quodque
745 2705 931 2758 puram
972 2688 1246 2759 religionis
1267 2687 1638 2743 observaverit
1665 2687 1831 2741 disci-

250 2782 484 2851 plinam,
554 2792 608 2836 et
673 2797 783 2851 prze
834 2781 1045 2836 ueteris
1101 2781 1263 2837 verbo
1321 2781 1412 2836 Dei
1469 2791 1524 2836 et
1573 2781 1832 2868 doctqinze

252 2889 479 2943 operam
519 2874 747 2937 dederit,
785 2874 913 2928 nulli
948 2874 1167 2928 dubium
1197 2881 1278 2930 est
1303 2883 1358 2929 et
1394 2890 1460 2928 ex
1492 2873 1578 2929 his
1606 2888 1726 2944 quae
1762 2875 1829 2928 ad

253 2979 362 3016 nos
414 2962 608 3018 laboris
641 2973 697 3017 et
750 2963 909 3018 studii
967 2964 1085 3034 ejus
1130 2965 1432 3019 certissima
1477 2964 1830 3033 designantur

255 3056 495 3109 indicia:
555 3054 822 3124 praecipue
875 3071 1003 3110 vero
1069 3071 1166 3126 per
1216 3072 1308 3110 eos
1358 3064 1637 3119 tractatus,
1689 3071 1826 3126 quos

254 3161 397 3217 pene
423 3145 660 3216 quotidie
687 3146 740 3200 in
767 3145 1006 3201 Ecclesia
1045 3147 1279 3202 habebat
1304 3162 1371 3201 ex
1399 3157 1658 3218 tempore,
1689 3161 1825 3217 quos

255 3251 316 3295 et
342 3241 710 3296 describentes
738 3240 935 3295 notarii
991 3241 1056 3295 ad
1093 3243 1484 3296 monimentum
1529 3241 1820 3310 posterita-

254 3333 328 3386 tis
367 3333 674 3386 tradebant.
705 3331 1051 3401 Consequens
1081 3333 1246 3402 igitur
1277 3341 1418 3397 erat,
1453 3347 1520 3387 ex
1571 3333 1655 3387 his
1700 3349 1815 3387 om-

253 3424 421 3477 nibus
467 3423 713 3477 laborum
766 3432 821 3482 et
863 3423 1162 3478 studiorqu
1215 3437 1436 3478 suorum
1498 3425 1825 3480 testimoniis

252 3514 506 3585 amplecti
556 3515 713 3570 talem
755 3509 927 3570 virum
976 3533 990 3570 :
1049 3525 1104 3570 et
1139 3531 1312 3584 neque
1338 3517 1668 3571 defensionis
1701 3527 1818 3571 stu-

252 3609 342 3663 dio
371 3609 493 3679 plus
522 3610 651 3666 dare
684 3609 795 3681 (25)
831 3609 882 3665 ei
916 3610 1092 3664 meriti
1132 3626 1294 3681 quam
1347 3626 1600 3665 mensura
1651 3611 1819 3680 depo-

251 3702 377 3766 scit,
419 3717 593 3770 neque
628 3717 812 3756 rursus
833 3703 1170 3756 obtrectandi
1204 3703 1335 3757 vitio
1366 3702 1525 3756 facile
1554 3703 1809 3757 condem-

251 3810 408 3859 nare,
462 3807 516 3848 ct
568 3795 801 3849 alienum
841 3797 906 3849 ab
939 3795 1308 3850 ecclesiastica
1338 3795 1584 3848 doctrina
1615 3804 1818 3849 temere

248 3887 641 3956 pronuntiare:
678 3902 800 3941 cum
835 3896 1121 3956 utrumque
1146 3887 1285 3940 istud
1309 3887 1663 3955 praecipitium
1692 3902 1811 3956 pro-

245 3978 442 4032 videns
467 3989 591 4031 ante
630 3979 842 4033 divinus
875 3993 1052 4032 sermo
1081 3978 1420 4048 prohibuerit
1448 3979 1634 4032 dicens
1662 3976 1818 4031 :Non

245 4072 311 4122 sit
349 4073 406 4124 in
433 4081 481 4122 te
510 4087 753 4123 mensura
780 4070 970 4140 major,
1006 4085 1166 4139 neque
1188 4086 1429 4123 mensura
1453 4071 1644 4122 minor.
1676 4068 1818 4122 Abo-

243 4164 498 4217 minabile
534 4174 610 4216 est
637 4165 776 4217 enim
802 4164 858 4217 in
896 4174 1175 4230 conspectu
1209 4163 1415 4216 Domini
1457 4174 1734 4232 utrumque
1755 4164 1798 4220 ⁸.

252 4255 560 4325 Unicuique
586 4257 752 4322 enim,
783 4265 942 4326 prout
975 4256 1190 4324 dignum
1218 4265 1323 4319 est,
1366 4255 1625 4319 tribuere,
1654 4254 1816 4324 justi-

245 4349 337 4402 tiae
376 4350 479 4403 hoc
512 4349 786 4418 proprium
838 4357 940 4402 est.
983 4347 1214 4416 Propter
1261 4347 1402 4416 quod
1449 4356 1504 4401 et
1563 4360 1813 4401 mensura

242 4441 480 4511 integra,
540 4449 594 4494 et
650 4441 861 4510 pondus
906 4439 1112 4508 aequale
1166 4439 1502 4508 acceptabile
1553 4447 1638 4494 est
1669 4437 1807 4508 apud

241 4532 437 4595 Deum,
469 4547 573 4588 non
605 4532 707 4586 hoc
742 4533 882 4600 quod
909 4532 1169 4586 mentitur
1196 4530 1508 4596 veritatem,
1548 4547 1644 4600 per
1665 4532 1806 4601 quod
1845 4549 1890 4606 D

239 4623 326 4678 vel
381 4624 502 4693 plus
539 4625 770 4677 donatur
823 4623 1003 4691 rebus,
1059 4637 1220 4691 quam
1273 4623 1465 4678 merita
1492 4631 1810 4693 exposcunt,

240 4714 328 4768 vel
360 4714 700 4769 subtrahitur
738 4714 944 4768 meritis
989 4714 1131 4782 quod
1181 4712 1431 4768 debetur.
1476 4714 1686 4779 Quanto
1728 4729 1816 4768 re-

237 4807 386 4861 ctius
415 4815 641 4875 agerent
669 4807 1063 4859 obtrectatores
1089 4804 1202 4869 isti,
1221 4804 1265 4859 si
1291 4804 1494 4872 absque
1518 4805 1622 4858 ulla
1645 4805 1812 4859 animi

238 4897 633 4969 prmventione,
688 4895 799 4968 (26)
839 4911 962 4950 cum
1020 4895 1166 4949 omni
1212 4894 1478 4965 religione
1537 4895 1808 4959 veritatis,

237 5005 405 5060 quam
442 4990 692 5044 omnibus
723 4988 984 5057 proximis
1015 4987 1216 5042 nostris
1254 5003 1376 5042 cum
1413 4986 1680 5041 charitate
1719 4987 1810 5053 Ju-

237 5083 437 5139 bemur
469 5081 798 5153 expendere,
832 5080 1196 5149 intelligerent
1238 5089 1291 5133 et
1335 5078 1508 5147 ipsmn
1541 5094 1708 5132 unum
1737 5079 1806 5133 de

315 5178 338 5208 ⁸
361 5175 516 5231 Joan.
547 5192 660 5242 ut,
681 5175 773 5232 25.
849 5174 871 5206 ⁸
905 5173 1060 5229 Prov.
1094 5190 1187 5239 xx,
1217 5173 1303 5228 10.

240 5276 444 5330 habent
483 5274 590 5336 alii,
637 5272 972 5336 credidimus,
1011 5271 1122 5336 alii,
1165 5270 1561 5333 crediderimus;
1607 5269 1811 5339 reliqua

239 5361 372 5400 vero
403 5354 458 5398 ut
497 5345 548 5397 in
580 5355 746 5399 textu.

318 5415 429 5487 (24)
457 5413 664 5487 Merliui
693 5414 878 5487 editio,
917 5413 1343 5487 philosophalem,
1382 5412 1619 5487 quodque
1646 5427 1813 5479 pune.

241 5481 620 5542 Genebrardus
653 5485 834 5544 habet,
882 5483 1309 5550 pltilosOphicam,
1351 5481 1589 5551 quodque
1643 5497 1810 5550 purw.

241 5557 371 5611 Mss.
396 5571 541 5620 vero,
572 5554 953 5623 philosophum,
980 5552 1116 5620 quod
1144 5568 1241 5621 que
1262 5567 1468 5616 puram.

320 5626 430 5698 (25)
470 5621 639 5694 Alias,
671 5624 786 5694 ejus
818 5624 1057 5688 meritis;
1085 5630 1137 5675 et
1162 5623 1321 5690 paulo
1351 5621 1805 5691 post,pra:videns

243 5709 382 5757 ante,
413 5708 517 5750 CIC.

317 5767 425 5837 (26)
463 5765 598 5819 Cum
631 5765 774 5819 omni
804 5762 1071 5837 religione.
1105 5762 1230 5816 llazc
1260 5761 1421 5815 verba
1457 5761 1804 5837 reperiuntur

247 5837 302 5890 in
329 5833 511 5903 editis,
541 5837 636 5892 sed
671 5837 1000 5890 omittuntur
1048 5835 1102 5888 in
1155 5847 1285 5887 mss.
1319 5833 1539 5896 nostris,
1571 5847 1800 5900 quorum

1952 1956 2123 2025 ipsius
2156 1957 2208 2010 in
2239 1957 2460 2011 auribus
2494 1956 2922 2010 obtrectatorum
2951 1961 3103 2026 quasi
3137 1959 3362 2014 alterius
3394 1970 3504 2014 tra-

1947 2047 2199 2101 ctatoris.
2243 2045 2394 2113 Quod
2438 2047 2624 2100 tandiu
2664 2045 2840 2114 placet
2868 2057 2922 2101 et
2947 2047 3219 2112 laudatur,
3245 2060 3406 2120 atque
3451 2051 3508 2106 in

1949 2138 2098 2191 omni
2153 2138 2513 2192 admiratione
2561 2137 2814 2201 habetur,
2868 2139 3106 2206 quandiu
3151 2156 3344 2196 nomen
3399 2157 3506 2196 non

1941 2227 2105 2282 fuerit
2147 2229 2464 2282 indicatum.
2511 2229 2581 2281 At
2623 2229 2712 2282 ubi
2763 2227 3013 2298 Origenis
3054 2231 3266 2300 cognita
3313 2232 3512 2288 fuerint

1937 2342 2058 2381 esse
2082 2343 2201 2396 qua:
2229 2327 2534 2395 placebant,
2589 2328 2775 2380 statim
2829 2327 3140 2395 diSplicent,
3175 2330 3361 2383 statim
3395 2331 3507 2383 ha:—

1941 2421 2109 2472 retica
2144 2435 2266 2473 esse
2305 2419 2597 2472 dicuntur:
2631 2427 2688 2471 et
2720 2433 2782 2473 ea
2806 2434 2927 2487 qua:
2955 2418 3114 2488 paulo
3138 2430 3266 2475 ante
3306 2420 3371 2474 ad
3397 2435 3510 2476 cm-

1938 2509 2047 2562 lmn
2101 2524 2276 2577 usque
2320 2508 2658 2572 ferebantur,
2712 2509 2903 2563 iisdem
2947 2510 3170 2565 vocibus
3208 2512 3511 2581 eademque

1934 2600 2117 2670 lingua
2161 2616 2332 2671 usque
2377 2602 2443 2655 ad
2495 2599 2700 2655 inferos
2759 2601 3169 2671 demerguntur.
3232 2601 3502 2658 Praeterea

1933 2692 2094 2745 etiam
2148 2692 2278 2745 illud
2331 2701 2416 2746 est
2459 2691 2724 2754 invenire,
2766 2692 2908 2760 quod
2940 2707 3326 2762 nonnunquam
3359 2694 3496 2748 tales

1932 2790 2056 2834 sunt
2095 2789 2441 2835 accusatores
2485 2779 2624 2850 ejus,
2675 2779 2766 2848 qui
2819 2793 2921 2833 nec
2956 2779 3202 2836 Graecam
3251 2783 3504 2837 noverint

1931 2869 2208 2940 linguam:
2236 2871 2329 2925 alii
2357 2872 2687 2927 omnimodis
2717 2871 2950 2941 imperiti
2974 2888 2990 2938 ;
3017 2872 3258 2927 nonnulli
3287 2874 3500 2929 etiamsi

1930 2960 2135 3029 aliquid
2170 2962 2422 3016 videntur
2469 2962 2672 3018 habere
2701 2962 2932 3033 peritiae,
2981 2976 3087 3016 non
3121 2970 3304 3018 tamen
3335 2963 3500 3019 etiam

1928 3051 1982 3108 id
2015 3053 2179 3107 studii
2203 3052 2460 3108 habuisse
2487 3053 2859 3121 inveniuntur,
2891 3066 2945 3109 ut
2969 3054 3119 3110 libris
3143 3053 3260 3124 ejus
3278 3070 3502 3126 operam

1929 3144 2216 3199 dederint:
2253 3155 2347 3200 aut
2390 3146 2434 3200 si
2483 3146 2747 3202 acciderit
2789 3157 2848 3201 ut
2888 3146 3054 3202 etiam
3098 3146 3352 3218 legerint,
3380 3163 3490 3204 non

1927 3237 2184 3291 continuo
2206 3236 2370 3292 etiarn
2412 3247 2577 3292 tanta:
2601 3238 2925 3294 eruditionis
2957 3239 3182 3306 fuerint,
3215 3250 3280 3296 ut-
3303 3239 3490 3296 altitu-

1929 3327 2111 3383 dinem
2162 3343 2358 3384 sensus
2407 3329 2526 3399 ejus
2571 3331 2787 3398 assequi
2818 3331 3120 3399 quiverint,
3144 3347 3252 3401 quo
3275 3346 3340 3386 ea
3369 3346 3499 3402 qua:

1927 3421 2018 3476 ille
2051 3422 2270 3477 diverso
2293 3432 2586 3492 prospectu
2614 3439 2714 3493 pro
2763 3423 2899 3479 locis
2925 3431 2978 3480 et
3012 3424 3191 3479 causis
3221 3426 3498 3481 disserere

1925 3513 2088 3574 solet,
2130 3514 2413 3569 advertere
2442 3514 2736 3569 valuerint.
2792 3513 2991 3570 Multos
3036 3515 3304 3578 invenias,
3356 3529 3499 3584 quos

1923 3606 1966 3659 si
2014 3605 2315 3676 interroges
2349 3607 2400 3659 in
2433 3606 2630 3676 quibus
2691 3606 2866 3671 libris,
2905 3615 2998 3662 aut
3041 3606 3094 3660 in
3125 3606 3322 3674 quibus
3361 3605 3499 3661 locis

1922 3697 2066 3749 dicta
2119 3697 2229 3750 sint
2283 3696 2396 3750 haec
2448 3712 2570 3765 quae
2607 3706 2862 3766 arguunt,
2916 3695 3029 3767 (29)
3070 3695 3400 3751 confitentur
3433 3711 3501 3753 se

1922 3788 2139 3854 quidem
2171 3787 2384 3840 nescire
2406 3801 2468 3838 ea
2498 3786 2563 3840 de
2587 3786 2787 3855 quibus
2834 3784 3126 3850 alllrmant,
3161 3800 3258 3840 nec
3293 3786 3501 3856 legisse

1923 3894 2182 3946 unquam,
2210 3877 2427 3931 audisse
2450 3886 2631 3931 autem
2666 3877 2803 3930 alios
2830 3878 3093 3932 dicentes.
3130 3877 3207 3930 Ex
3235 3891 3344 3946 quo
3369 3877 3495 3932 cui-

1921 3969 2004 4021 vis
2049 3969 2202 4037 plena
2251 3967 2462 4022 ridiculi
2503 3967 2774 4022 sententia
2818 3983 3006 4022 eorum
3035 3967 3332 4035 videbitur,
3358 3983 3482 4023 cum

1919 4061 1986 4113 de
2040 4060 2124 4114 his
2162 4059 2433 4128 judicant,
2482 4068 2648 4128 atque
2693 4073 2756 4114 ea
2813 4058 3200 4123 condemnant,
3236 4073 3493 4126 quaenec

1916 4151 2129 4206 discere
2162 4151 2378 4220 quidem
2404 4152 2578 4220 prius,
2615 4168 2677 4206 ac
2713 4166 2870 4206 nosse
2912 4160 3226 4220 potuerunt.
3267 4151 3321 4203 ln
3348 4151 3490 4206 alios

1915 4259 2048 4300 vero
2087 4246 2213 4300 novi
2270 4244 2472 4300 furoris
2526 4245 2747 4299 morbus
2794 4252 2848 4298 et
2902 4244 3158 4298 inauditae
3193 4243 3305 4309 (30)
3338 4242 3486 4296 Iabes

1916 4337 2139 4392 incessit
2166 4338 2412 4404 insaniae,
2447 4351 2572 4392 cum
2605 4345 2714 4390 tam
2759 4336 2923 4390 multa
2950 4335 3068 4404 ejus
3097 4333 3366 4389 volumina
3397 4349 3486 4388 re-

1917 4429 2054 4486 ferta
2088 4431 2250 4486 totius
2281 4430 2531 4485 utilitatis
2560 4439 2616 4484 et
2661 4429 3042 4483 instructionis
3071 4428 3398 4490 habeantur,
3429 4437 3484 4480 et

1917 4523 2053 4577 satis
2080 4539 2201 4577 rara
2230 4535 2284 4577 et
2313 4535 2582 4592 perpauca
2625 4520 2764 4575 forte
2797 4519 2910 4573 loca
2940 4520 3071 4585 sint,
3100 4521 3153 4574 in
3179 4520 3374 4589 quibus
3399 4517 3485 4572 vel

1917 4614 2282 4682 imperitiores
2333 4613 2556 4682 quique,
2612 4611 2718 4676 vel,
2767 4612 2910 4678 quod
2974 4609 3178 4676 verius,
3226 4610 3482 4664 malevoli

1915 4723 2074 4779 posse
2121 4707 2222 4761 sibi
2271 4707 2560 4760 videantur
2607 4703 2809 4758 offendi
2865 4720 2878 4754 :
2920 4703 3102 4757 omnia
3131 4703 3347 4773 quidem
3397 4703 3481 4755 illa

1917 4814 2038 4870 quae
2083 4808 2137 4854 et
2181 4797 2474 4860 catholica,
2506 4805 2561 4850 et
2605 4794 2671 4848 ad
2717 4793 3130 4849 aedificationem
3156 4794 3370 4856 animai,
3403 4803 3492 4846 at-

1917 4909 2023 4964 que
2049 4895 2115 4948 ad
2146 4894 2383 4949 scientia:
2411 4889 2825 4946 instructionem
2878 4891 3042 4944 etiam
3097 4891 3200 4959 ipsi
3251 4899 3374 4958 apta
3407 4887 3484 4940 fa-

1921 4997 2126 5051 tentur,
2175 4985 2432 5039 ontittunt
2479 4993 2532 5039 et
2574 4983 2884 5054 negligunt;
2936 4996 3035 5036 nec
3091 4981 3291 5049 aliquid
3337 4980 3488 5043 inde,

1919 5075 2065 5131 unde
2094 5083 2322 5145 possunt
2360 5074 2473 5145 (51)
2498 5082 2554 5129 et
2575 5074 2772 5129 debent
2797 5074 3058 5141 prolicere
3085 5089 3099 5139 ;
3130 5086 3194 5126 ea
3222 5086 3349 5126 vero
3369 5069 3485 5125 sola-

1916 5277 2103 5348 postea
2125 5267 2370 5336 plerique
2398 5267 2598 5322 habent
2642 5266 2917 5331 veritatis;
2953 5281 3057 5320 ms.
3089 5275 3218 5319 vero
3256 5259 3485 5334 Regius,

1915 5347 2206 5391 veritatem.

1987 5407 2100 5476 (27)
2142 5407 2296 5462 Mihi.
2327 5405 2653 5462 Restituitur
2674 5423 2741 5461 ex
2777 5422 2874 5460 ms.
2907 5403 3246 5461 Corbeiensi.

2011 5476 2100 5545 28)
2145 5478 2306 5558 Editi,
2334 5477 2763 5558 prwjudicatrix,
2799 5493 2926 5531 mss.
2958 5476 3335 5599 gra'judicata.

2011 5547 2101 5599 29)
2143 5548 2308 5599 Editr.
2352 5554 2722 5599 con/tleuntur.
2767 5547 2925 5599 male.
3001 5546 3125 5599 aulo
3173 5555 3335 5599 nostr

1989 5546 2101 5620 (29)
2143 5548 2308 5620 Editi,
2352 5546 2722 5617 conﬁteantur,
2767 5547 2925 5602 male.
2958 5546 3125 5601 Paulo
3171 5555 3292 5615 post
3323 5559 3478 5611 mss.,

1917 5617 2362 5688 plena'ridiculis.

1982 5688 2096 5759 (30)
2136 5689 2316 5754 Editi,
2360 5689 2527 5744 cladis
2589 5689 2796 5742 fracessit
2851 5687 3080 5742 insania.
3129 5685 3283 5750 Mss.,
3331 5695 3389 5740 ut
3430 5687 3487 5740 in

1912 5767 2095 5901 te???)
2137 5829 2302 5895 Editi,
2334 5841 2379 5884 et
2409 5831 2611 5893 debent,
2640 5827 2893 5897 proﬁcere
2917 5830 3110 5882 colunt.
3145 5827 3243 5883 Ms.
3278 5824 3474 5880 Sorbe-
