3992 6312
652 361 758 440 sn

1847 359 1908 420 δ.
1949 355 2276 415 PAMPHILI
2314 357 2678 432 MARTYRIS

3752 369 3844 428 548

655 493 778 552 quae
805 478 872 536 ad
915 474 1242 534 calumniam
1290 474 1598 544 proﬁciant,
1633 487 1849 530 summo
1887 476 2068 531 studio
2114 474 2230 532 edi-
2257 481 2304 538 Α
2330 475 2648 545 gentilibus,
2700 482 3071 546 quantamque
3120 476 3391 535 haereticis
3437 479 3719 550 praebeant,
3737 501 3844 544 cum

653 580 848 629 scunt:
891 571 1064 641 utqui
1109 567 1236 624 boni
1283 565 1418 621 nihil
1441 580 1678 636 unquam
1712 565 1855 622 forte
1885 565 2222 634 didicerunt,

652 666 769 720 hzec
798 677 920 735 quae
953 662 1049 732 ipsi
1090 674 1197 714 non
1253 672 1376 714 esse
1427 658 1570 713 bona
1595 658 1803 725 dicunt,
1832 658 2079 728 apprime
2111 674 2228 714 me-

652 759 840 812 moria:
865 753 1148 811 retinenda
1189 751 1611 806 commendent:
1639 765 1748 821 quo
1765 749 2022 806 videlicet
2052 766 2229 821 prom-

651 849 798 918 ptius
827 863 890 902 ea
916 847 1276 916 proferentes,
1314 843 1430 914 (52)
1459 843 1817 899 exercitatius
1843 845 2064 900 valeant
2091 861 2226 901 con-

651 939 878 994 cinnare
902 937 1230 993 calumnias.
1283 936 1445 990 Aliud
1485 951 1703 1006 quoque
1736 945 1824 992 est
1868 952 2038 1007 genus
2059 937 2227 992 homi-

651 1045 776 1084 num
807 1027 1006 1084 ftedum
1041 1042 1174 1082 sane
1213 1035 1267 1082 et
1292 1034 1469 1096 turpe,
1500 1035 1764 1095 quantum
1793 1026 1908 1098 (55)
1937 1029 2003 1082 ad
2039 1030 2230 1097 probi-

2331 579 2424 620 eos
2451 580 2586 634 quos
2613 574 2912 623 assertores
2956 567 3254 623 Christiani
3294 570 3550 640 dogmatis
3590 582 3641 628 et
3679 575 3847 633 defen-

2329 667 2488 709 sores
2521 654 2806 723 putabant,
2832 656 3100 714 confutari
3129 674 3269 713 nunc
3293 659 3527 721 videant,
3563 671 3616 717 et
3641 663 3741 734 (59)
3771 683 3846 721 re-

2328 745 2436 800 felli
2467 761 2497 800 a
2531 747 2798 816 pr0priis;
2813 757 2868 802 et
2898 748 3044 803 velut
3071 749 3214 804 civili
3252 749 3392 806 bello
3418 751 3674 821 gaudeant
3699 755 3850 826 impu-

2327 846 2572 907 gnatum,
2597 851 2759 906 quem
2791 837 2888 906 ipsi
2918 837 3193 894 hostiliter
3222 840 3536 909 impugnare
3573 859 3668 896 non
3715 855 3841 914 pote-

2327 938 2468 984 rant.
2513 929 2780 997 Quoniam
2810 946 2939 1002 ergo
2966 933 3353 1002 quamplurimi
3384 948 3447 988 ex
3479 935 3851 1004 simplicioribus

2328 1021 2632 1091 quibusque
2670 1022 2936 1078 fratribus
2968 1039 2998 1078 a
3037 1039 3202 1094 supra
3250 1025 3414 1080 dictis
3459 1027 3723 1095 laeduntur,
3759 1031 3852 1105 (40)

2328 1128 2432 1168 non
2460 1113 2636 1170 solum
2688 1117 2756 1170 de
2809 1115 2899 1172 his
2939 1117 3032 1184 qui
3073 1117 3140 1172 de
3179 1117 3298 1186 ipso
3337 1118 3477 1174 male
3507 1121 3746 1186 sentiunt,
3775 1127 3853 1180 sed

2325 1206 2489 1260 etiam
2525 1207 2591 1261 de
2617 1207 2703 1264 bis
2732 1208 2826 1278 qui
2856 1209 3039 1264 studio
3064 1209 3310 1265 scientiae
3336 1219 3393 1265 et
3426 1211 3853 1283 intelligendarutu

2329 1296 2738 1367 Scripturarum
2796 1298 2940 1353 inter
2993 1309 3225 1355 caeteros
3279 1299 3449 1355 libros
3510 1301 3662 1356 etiam
3713 1305 3856 1374 ipsius

2325 1388 2532 1456 scripta
2583 1389 2948 1458 conspiciunt,
2993 1390 3068 1444 ita
3115 1399 3176 1444 ut
3217 1389 3331 1462 (41)
3390 1407 3487 1447 vos
3533 1407 3732 1462 quoque
3770 1397 3856 1466 ipsi

2327 1479 2380 1535 itt
2412 1482 2634 1537 dubium
2668 1483 2950 1548 veneritis,
2999 1498 3066 1538 ne
3105 1481 3254 1539 forte
3304 1483 3390 1538 vel
3443 1486 3746 1542 multitudini
3788 1489 3858 1544 vel

2325 1574 2637 1646 auctoritati
2672 1575 3124 1630 calumniatorum
3169 1576 3310 1632 ﬁdes
3337 1577 3524 1632 debeat
3550 1579 3774 1636 adhiberi
3802 1582 3858 1635 de

652 1129 818 1174 tatem
855 1119 1098 1188 pertinet
1153 1132 1388 1180 morum,
1424 1119 1519 1172 sed
1559 1119 1629 1172 ad
1657 1116 2100 1172 calumniandum
2134 1131 2226 1172 ve-

647 1211 975 1274 hementius,
1009 1220 1064 1265 et
1107 1209 1302 1264 tetrius
1358 1209 1425 1262 ad
1457 1199 1841 1274 incusantium,
1884 1223 2022 1279 quos
2051 1207 2223 1264 Graeci

648 1303 760 1376 (54)
792 1302 1211 1373 φαγολοιδόρους
1260 1300 1602 1370 appellarunt
1641 1319 1655 1354 :
1694 1300 1785 1369 qui
1814 1316 2084 1355 summum
2111 1301 2228 1370 qui-

647 1397 771 1452 dem
802 1396 1065 1460 studium,
1114 1395 1211 1450 sed
1255 1404 1305 1448 et
1343 1393 1476 1447 satis
1518 1393 1784 1446 intentam
1824 1408 2046 1463 operam
2070 1393 2226 1449 libris

653 1486 770 1556 ejus
822 1486 1115 1549 dederunt,
1171 1485 1241 1538 ita
1285 1492 1342 1538 ut
1387 1491 1443 1536 et
1486 1483 1749 1552 magistro
1792 1498 1858 1537 eo
1889 1482 1943 1538 in
1973 1485 2224 1540 omnibus

647 1584 956 1643 uterentur,
1008 1585 1064 1632 et
1115 1591 1176 1631 se
1221 1575 1270 1646 ei
1321 1584 1583 1643 tanquam
1625 1575 1890 1645 speciales
1929 1575 2224 1646 discipulos

649 1669 1030 1739 manciparent
1057 1669 1184 1722 :sed
1211 1667 1301 1722 ubi
1335 1666 1404 1722 ad
1437 1667 1488 1721 id
1517 1666 1616 1721 loci
1648 1677 1868 1722 ventum
1900 1677 2010 1736 est,
2037 1677 2096 1722 ut
2108 1668 2223 1737 jam
2325 1665 2415 1724 his
2444 1681 2566 1737 qua:
2592 1669 2790 1738 passim
2827 1668 2950 1724 sine
2979 1669 3089 1724 ullo
3125 1680 3384 1739 respectu
3420 1668 3858 1728 dill‘amantur:vi-

647 1776 708 1818 se
756 1761 1043 1832 magistros
1093 1759 1284 1814 malint
1347 1774 1512 1829 quam
1569 1758 1868 1829 discipulos
1926 1761 2221 1828 nominari,
2324 1775 2446 1814 sum
2481 1760 2634 1815 nobis
2673 1769 2779 1826 est,
2814 1761 2990 1828 primo
3015 1762 3243 1832 quidem
3293 1777 3490 1817 curare
3531 1764 3856 1832 suspicionem

652 1853 742 1909 ubi
777 1851 892 1924 (55)
927 1852 1192 1908 auditoris
1218 1851 1438 1922 plausus
1466 1852 1667 1907 sectari
1696 1861 1909 1922 coeptus
1939 1862 2044 1916 est,
2079 1854 2152 1908 lbi
2171 1853 2216 1910 si
2250 1865 2293 1921 Β
2322 1859 2593 1916 vestram;
2646 1851 2806 1906 simul
2843 1853 3009 1907 etiam
3043 1868 3142 1922 per
3163 1853 3508 1908 occasionem
3556 1855 3726 1919 vestri,
3753 1870 3857 1910 om-

652 1945 793 2000 forte
825 1943 1022 2010 aliquis
1067 1942 1404 1998 audientium
1465 1956 1587 2011 quae
1635 1941 1926 1997 laudantur
1971 1943 2224 2014 Origenis
2331 1940 2477 1994 nium
2502 1941 2593 2010 qui
2627 1941 2677 1995 ei
2708 1941 3021 1997 obtrectant
3047 1943 3342 1998 confutare
3383 1943 3690 1999 calumnias.
3726 1944 3856 2011 Quod

647 2036 1293 2100 esseobmurmnraverit,
1325 2049 1394 2090 ne
1415 2034 1498 2088 vel
1536 2034 1694 2089 laude
1721 2037 2220 2107 cedantmagistro,
2330 2033 2401 2084 ita
2443 2032 2603 2088 nobis
2642 2035 2899 2104 prosequi
2950 2037 3149 2090 rectius
3193 2036 3375 2089 visum
3418 2045 3522 2100 est,
3560 2036 3662 2108 (4‘2)
3694 2047 3745 2090 ut
3769 2053 3855 2092 non

645 2127 732 2183 vel
761 2128 934 2197 culpa:
949 2126 1179 2197 judicio,
1203 2125 1441 2181 alienum
1477 2141 1600 2181 esse
1627 2125 1915 2197 Origenem
1963 2127 2223 2182 continuo
2327 2123 2529 2178 nostris
2560 2125 2738 2180 verbis
2787 2134 2841 2180 et
2884 2126 3288 2182 assertionibus
3333 2126 3688 2181 defensionem
3730 2141 3858 2196 pare-

648 2226 1039 2289 protestantur,
1075 2216 1209 2271 nihil
1245 2216 1350 2272 sibi
1383 2232 1503 2271 cum
1550 2217 1720 2287 ipsius
1768 2217 2020 2273 doctrina
2070 2232 2223 2274 com—
2331 2228 2476 2278 mus,
2526 2214 2620 2269 sed
2669 2228 2735 2269 ex
2781 2199 2900 2272 suis
2949 2217 3186 2286 propriis
3244 2217 3494 2284 vocibus,
3544 2217 3725 2288 quibus
3763 2220 3856 2289 ipse

646 2324 810 2364 tuane
832 2324 952 2365 esse
984 2307 1334 2364 conﬁrmant.
1383 2309 1691 2364 Anathema
1751 2323 1971 2378 quoque
2019 2309 2220 2374 dicere,

645 2416 769 2458 eum
824 2417 932 2458 non
978 2399 1229 2457 dubitant
1283 2400 1551 2470 improbe,
1596 2410 1653 2455 et
1695 2401 1903 2457 inferre
1933 2401 2220 2456 maledicta

652 2507 760 2548 non
801 2501 1074 2562 parcunt;
1128 2507 1198 2547 ne
1247 2491 1400 2546 illum
1452 2491 1671 2560 quidem
1713 2491 2068 2562 apostolicum
2112 2508 2224 2547 ser-

654 2597 869 2638 monem
911 2592 1165 2639 verentes
1211 2598 1320 2652 quo
1353 2582 1627 2653 designat,
1661 2584 1789 2652 quia
1838 2584 2086 2640 maledici
2128 2596 2222 2639 rc-

647 2689 814 2746 gnum
867 2673 964 2730 Dei
1016 2689 1122 2729 non
1181 2674 1536 2744 possidebunt
1575 2675 1642 2732 ‘°.
1683 2675 1746 2730 In
1789 2685 1999 2732 tantum
2038 2685 2218 2732 autem

643 2767 864 2831 horum,
914 2766 980 2821 de
1033 2767 1233 2835 quibus
1285 2764 1398 2837 (56)
1449 2781 1613 2836 supra
1645 2766 1906 2832 diximus,
1935 2781 2218 2836 progressa

642 2856 850 2912 malitia
879 2867 984 2924 est,
1015 2867 1074 2912 ut
1107 2857 1329 2926 quidam
1367 2857 1533 2910 etiam
1567 2858 1928 2914 conscribere
1955 2857 2219 2913 adversus

645 2965 772 3005 eum
799 2950 916 3005 ausi
945 2951 1077 3014 sint,
1105 2959 1161 3004 et
1198 2949 1397 3004 libellis
1450 2950 1613 3006 editis
1663 2951 1931 3022 derogare
1977 2951 2028 3005 ei
2079 2951 2217 3015 viro,

645 3041 738 3111 qui
768 3055 864 3111 per
897 3049 976 3096 tot
1022 3055 1197 3096 annos
1249 3041 1515 3112 magister
1547 3039 1805 3096 Ecclesia:
1853 3039 1976 3106 fuit,
2023 3040 2116 3110 qui
2165 3042 2218 3095 in

648 3130 894 3186 Ecclesia
935 3131 1047 3202 (57)
1102 3131 1369 3186 catholica
1422 3133 1624 3195 senuit,
1673 3132 1765 3201 qui
1818 3133 2081 3187 adversus
2125 3146 2219 3187 eas

2328 2304 2508 2359 aliena
2563 2304 2666 2360 sibi
2714 2307 2832 2362 hrec
2873 2321 3020 2374 esse,
3060 2323 3181 2377 quae
3230 2309 3323 2364 i’sti
3370 2308 3640 2374 objiciunt,
3676 2310 3857 2380 proprio

2327 2409 2581 2451 sermone
2608 2407 2861 2464 testatur,
2896 2398 2948 2453 id
2972 2408 3077 2466 est,
3109 2415 3276 2455 omne
3307 2400 3562 2470 quidquid
3593 2410 3769 2471 praeter
3804 2401 3855 2454 lio

2329 2489 2450 2541 dem
2499 2490 2823 2545 catholicam
2859 2492 3210 2560 praedicatur:
3247 2494 3378 2562 quia
3411 2494 3454 2547 si
3489 2493 3677 2548 nostris
3705 2494 3854 2548 verbis

2329 2578 2442 2633 hinc
2510 2595 2754 2635 asserere
2803 2582 3056 2647 velimus,
3113 2583 3478 2650 suspiciosqu
3541 2583 3696 2637 videri
3746 2581 3858 2636 forte

2326 2672 2516 2741 possit,
2569 2685 2639 2727 eo
2688 2675 2832 2742 quod
2881 2689 2984 2729 nos
3020 2689 3207 2730 amore
3258 2674 3379 2745 (45)
3423 2675 3536 2743 ejus
3561 2674 3604 2728 si
3636 2675 3748 2742 quid
3769 2673 3864 2742 ipse

2328 2777 2493 2833 prave
2533 2765 2767 2820 senserit
2797 2765 3180 2821 celaverimus.
3219 2764 3336 2820 Ubi
3387 2777 3564 2820 autem
3592 2765 3698 2834 ejus
3727 2764 3865 2834 ipsius

2325 2856 2737 2925 quiaccusatur
2761 2858 2987 2914 vocibus
3024 2859 3250 2925 utimur,
3303 2869 3370 2914 et
3416 2859 3480 2912 ad
3517 2873 3689 2912 omnes
3738 2854 3862 2923 obje-

2335 2948 2543 3002 ctiones
2589 2962 2968 3003 accusatorum
2999 2949 3115 3005 suis
3164 2951 3358 3005 verbis
3399 2966 3540 3016 eum,
3575 2965 3670 3004 non
3707 2957 3862 3004 nostra

2325 3040 2650 3106 assertione,
2712 3040 3076 3106 defendimus,
3131 3057 3254 3111 quae
3333 3043 3472 3098 ultra
3533 3041 3740 3111 relinqui
3784 3056 3863 3109 po—

2327 3137 2434 3184 test
2459 3129 2574 3200 (M)
2599 3131 2999 3185 criminationis
3038 3133 3275 3198 occasio,
3310 3133 3510 3188 saltem
3545 3133 3623 3188 his
3646 3132 3760 3199 ipsis
3786 3130 3859 3201 qui

649 3224 904 3291 haereses,
928 3205 1173 3292 quasillo
1201 3233 1447 3292 tempore
1469 3221 1772 3278 Ecclesiam
1806 3224 2215 3294 impugnabant,
2245 3229 2287 3288 ο
2323 3237 2429 3276 non
2467 3222 2578 3276 veri
2610 3223 2812 3287 studio,
2843 3223 2935 3277 sed
2966 3223 3110 3278 velut
3136 3224 3367 3279 libidine
3388 3225 3614 3295 quadam
3641 3221 3859 3293 culpandi

647 3313 722 3370 ita
766 3323 1104 3378 constanter,
1168 3312 1241 3368 ita
1302 3312 1516 3368 fortiter
1567 3313 1870 3379 dimicavit,
1923 3321 1982 3366 ut
2033 3313 2218 3367 omnia
2322 3326 2538 3381 semper
2585 3311 2891 3382 agitantur?
2941 3313 3008 3368 Et
3041 3315 3296 3383 quoniam
3332 3316 3402 3370 de
3431 3330 3494 3370 eo
3541 3330 3674 3368 nunc
3710 3327 3861 3369 sermo

651 3421 841 3463 eorum
903 3407 1184 3463 diabolicae
1227 3407 1649 3464 machinationis
1697 3407 2047 3464 fundamenta
2095 3409 2225 3463 sub-
2321 3411 2426 3467 est,
2477 3403 2568 3472 qui
2621 3404 2809 3473 utique
2849 3405 2991 3476 apud
3041 3405 3293 3462 homines
3355 3406 3636 3461 defunctus
3665 3403 3859 3475 est,qui

644 3497 895 3560 verterit,
926 3512 1036 3553 non
1063 3498 1372 3554 studiorum
1401 3498 1666 3568 laborem,
1701 3514 1808 3554 non
1835 3499 2220 3566 continentiae,

645 3604 755 3646 non
779 3590 1160 3659 institutionis,
1189 3606 1294 3647 non
1326 3591 1672 3658 humilitatis;
1702 3607 1824 3661 quas
1863 3605 2029 3662 super
2055 3600 2220 3647 caete-

646 3697 738 3760 ras
762 3697 954 3738 omnes
984 3683 1215 3740 virtutes
1235 3682 1353 3752 ejus
1370 3685 1666 3739 maximam
1691 3685 1924 3754 gratiam
1955 3687 2218 3751 continet,

646 3787 758 3849 non
780 3774 910 3828 illud
947 3784 1097 3830 certe
1127 3775 1542 3832 considerantes
1586 3779 1733 3845 quod
1767 3776 2093 3847 presbyterii
2139 3777 2222 3830 di-

646 3865 851 3934 gnitate
875 3865 930 3918 in
963 3865 1204 3920 Ecclesia
1234 3867 1534 3922 honoratus
1562 3879 1667 3923 est.
1697 3867 1896 3934 Quae'si
1926 3867 2110 3922 omnia
2142 3867 2210 3920 ad

649 3957 1012 4010 revocandam
1060 3956 1324 4025 linguam.
1390 3960 1969 4029 comprimendumque
2017 3971 2224 4013 sermo-

649 4061 773 4100 nem
816 4048 1068 4103 suﬂicere
1119 4064 1225 4103 non
1280 4060 1526 4118 possunt,
1579 4050 1710 4105 illud
1756 4051 1948 4108 saltem
1982 4060 2224 4106 contem-

645 4137 786 4208 plari
827 4139 1145 4206 debuerant,
1189 4151 1450 4210 quantam
1505 4142 1622 4213 (58)
1677 4143 1891 4198 ridendi
1939 4145 2222 4199 materiam

723 4303 820 4377 ‘°_l
851 4305 1084 4378 Corgvr,
1113 4305 1204 4362 10.

2325 3495 2466 3566 apud
2503 3495 2618 3567 (45)
2660 3510 2850 3550 omnes
2894 3497 3109 3566 judices
3160 3513 3259 3570 pro
3307 3498 3564 3552 defuncto
3610 3497 3784 3552 fortius
3817 3504 3863 3550 et

2327 3586 2538 3642 ﬁrmius
2585 3587 2766 3644 valere
2814 3589 2996 3658 debet,
3041 3605 3206 3661 quam
3254 3598 3310 3644 et
3354 3590 3568 3656 litterae,
3602 3599 3653 3644 et
3691 3587 3861 3658 scripta

2327 3678 2568 3734 defuncti
2593 3679 2617 3734 ?

2395 3772 2722 3842 lncipientes
2774 3771 2941 3843 igitur
3008 3773 3223 3830 indiciis
3291 3776 3615 3845 scriptorum
3671 3787 3861 3828 suorum

2329 3865 2620 3919 ostendere
2650 3865 2779 3935 quid
2825 3867 2891 3920 de
2927 3865 3156 3934 singulis
3194 3869 3452 3932 senserit,
3488 3882 3553 3921 ex
3585 3867 3663 3920 his
3701 3861 3865 3934 praci-

2326 3973 2435 4028 pue
2488 3957 2649 4013 libris
2715 3958 3026 4013 testimonia
3077 3958 3548 4029 congregabimus,
3601 3956 3706 4028 (lli)
3750 3969 3865 4024 quos

2331 4061 2679 4107 accusatores
2703 4051 2820 4121 ejus
2853 4067 3014 4122 quam
3039 4051 3274 4106 maxime
3301 4051 3674 4114 criminantur,
3705 4047 3750 4102 id
3774 4055 3865 4112 est,

2329 4158 2468 4215 quos
2522 4160 2622 4216 per
2670 4145 2908 4216 spatium
2950 4152 3007 4200 et
3042 4145 3281 4215 quietem
3327 4145 3384 4200 in
3415 4153 3622 4201 secreto
3651 4140 3867 4198 conscri-

644 4449 824 4528 nicus,
867 4457 942 4528 et_
963 4450 1150 4506 debent
1195 4451 1470 4522 pro/icere,
1518 4461 1817 4508 assumunt.
1852 4450 2048 4508 Cancri
2087 4465 2214 4509 vero
2241 4467 2294 4528 ι)
2320 4449 2768 4528 ωδξ.ηι)[ςτί‹ιμᾳ,
2819 4448 2987 4528 ipsius
3013 4447 3222 4528 _scripta
3253 4447 3562 4517 conﬁciunt,
3597 4445 3747 4528 male.

645 4523 806 4584 mes"
834 4528 894 4574 ut
929 4521 981 4575 in
1014 4531 1190 4577 textu.

718 4589 831 4663 (52)
874 4590 1084 4664 Merlini
1114 4592 1278 4664 editio
1307 4607 1590 4664 perperam
1627 4593 1814 4664 habet,
1859 4593 2089 4664 exterius
2120 4609 2213 4647 va-

646 4658 789 4713 leant
813 4658 1131 4735 continuare
1152 4658 1468 4719 calutnnias.
1501 4662 1645 4735 Mss.)
1662 4658 1862 4718 habent
1903 4663 2210 4728 exercitius,

648 4740 747 4799 pro
776 4733 1134 4800 exercitatius,
1160 4742 1357 4788 caetera
1389 4750 1520 4788 vero
1548 4743 1606 4788 ut
1635 4734 1686 4787 in
1726 4744 1894 4788 textu.

871 4799 1269 4883 Cenebrardus,
1295 4804 1766 4883 adprobationem,
1811 4803 1983 4883 _male.

721 4871 836 4941 (54)
877 4871 952 4926 lta
1009 4873 1288 4940 legendum
1337 4871 1569 4929 videtur.
1615 4873 1823 4928 Merlini
1875 4888 2004 4927 vero
2049 4871 2215 4926 editio

652 4941 944 5014 μάστιγας.
975 4942 1153 4998 Codex
1193 4943 1550 5014 Sprbonicus,
1579 4943 2068 5014 Phangoloedoros.
2100 4941 2217 4996 Cat-

649 5015 746 5068 teri
782 5029 916 5068 mss.
944 5023 999 5068 et
1018 5014 1174 5076 editi,
1203 5013 1651 5082 Phagoloedoros.

717 5081 834 5156 (55)
875 5082 1002 5156 Mss.
1030 5084 1276 5156 quidam,
1303 5081 1653 5156 auditoribus,
1683 5083 1756 5138 al.
1789 5082 1853 5136 ab
1884 5081 2217 5156 auditoribus

649 5153 746 5225 [aL
778 5153 1134 5225 auditorum).
1186 5153 1390 5207 Deinde
1435 5153 1598 5208 iidem
1639 5169 1797 5220 mss.,
1840 5153 2034 5224 aliquis
2065 5160 2218 5208 acce-

649 5225 973 5278 dentium...
998 5225 1429 5278 obmunnuravit.

721 5294 831 5366 (56)
875 5293 1066 5366 Supra.
1100 5295 1262 5366 Deest
1296 5293 1347 5345 in
1380 5293 1562 5366 editis,
1589 5300 1643 5349 et
1664 5294 1944 5366 suppletur
1973 5309 2040 5350 es
2083 5307 2218 5349 mss.

719 5362 833 5432 (57)
874 5362 1169 5419 Catholica.
1201 5363 1647 5418 Prmtermittitur
1675 5362 1934 5420 in'e'ditis.

721 5432 834 5501 (58)
886 5435 1024 5488 Editi
1064 5433 1366 5498 irridendi;
1412 5434 1605 5489 deinde
1643 5433 2050 5500 Genebrardus,
2111 5434 2213 5487 tri—

650 5503 811 5556 buant
838 5518 935 5572 pro
989 5503 1252 5576 prwbeant
1277 5518 1296 5557 :
1317 5514 1372 5557 et
1399 5503 1558 5573 paulo
1602 5515 1726 5576 post
1760 5521 1862 5561 ms.
1888 5522 2026 5560 unus
2058 5505 2222 5560 habet

646 5583 833 5641 putant
867 5589 962 5642 pro
995 5574 1272 5643 putabant.
1423 5589 1428 5593 '

740 5642 831 5717 .59)
872 5646 946 5717 ita
977 5642 1280 5709 tnss.,edili
1317 5659 1466 5712 vero,
1505 5646 1704 5717 repelli.

739 5712 828 5785 40)
866 5712 957 5769 Sic
981 5723 1126 5785 recte
1156 5728 1288 5785 mss.
1327 5712 1570 5785 quidam.
1591 5715 1785 5772 Castori
1805 5733 1955 5783 vero,
1988 5727 2042 5771 et
2065 5715 2217 5779 editi,

648 5783 748 5838 non
775 5783 943 5840 salum
966 5795 1020 5839 ut
1045 5783 1140 5856 [aL
1157 5783 1479 5856 qui]de‘ipso
1501 5788 1637 5866 mcle
1653 5789 1900 5845 sentiant.
1922 5788 2086 5844 Paulo
2103 5796 2224 5857 post

2390 4513 2520 4592 (4|)
2544 4513 2755 4592 Merlini
2787 4513 2978 4592 editio,
3007 4518 3084 4571 ita
3124 4513 3180 4592 ut
3208 4534 3331 4592 nos
3350 4513 3556 4592 quoque
3593 4518 3687 4592 ipsi
3708 4516 3756 4568 in
3783 4513 3867 4592 dit-

2317 4584 2460 4645 bium
2480 4584 2794 4655 uenerimus,
2822 4604 2886 4642 ne
2913 4589 3049 4658 forte
3073 4589 3147 4643 vel
3177 4584 3576 4658 multitudini...
3598 4586 3765 4658 debeat
3791 4584 3868 4658 ad-

2313 4659 2502 4714 hiberi.
2558 4658 2659 4712 Ms.
2711 4651 3046 4713 Sorbonicus
3095 4669 3150 4712 et
3200 4657 3260 4714 S.
3321 4658 3597 4712 Michaelis
3645 4655 3692 4708 in
3735 4651 3866 4706 Peri-

2315 4731 2438 4785 culo
2468 4731 2660 4791 maris,
2679 4730 2919 4782 timentes
2949 4740 3003 4781 ut
3025 4739 3074 4801 et
3109 4744 3432 4801 easquoque
3462 4729 3560 4801 ipsi
3585 4729 3637 4781 in
3663 4726 3862 4801 φρίκᾳ

2316 4801 2579 4865 veniretis,
2613 4816 2677 4854 ne
2701 4801 2837 4866 forte
2873 4809 2927 4852 ut
2960 4795 3364 4852 multitudini...
3389 4795 3594 4852 deberet
3626 4795 3864 4866 adhiberi.

2315 4869 2510 4926 Cameri
2546 4864 2709 4936 tuss.,
2733 4880 2789 4921 ut
2823 4886 2909 4923 uos
2942 4885 3146 4939 quoque
3177 4869 3276 4936 ipsi
3305 4871 3359 4922 in
3388 4868 3598 4939 dubium
3629 4864 3863 4939 ceriirctis,

2318 4957 2382 4994 ne
2415 4941 2550 5010 forte
2581 4932 3137 5011 aut'multitudiniI...
3173 4932 3380 5011 deberet
3413 4935 3662 5011 adhiberi.
3683 4932 3866 5011 Proinde

2318 5002 2472 5074 editi,
2504 5012 2703 5078 possint
2752 5019 2803 5063 et
2844 5010 2954 5063 sine
3005 5020 3261 5079 respectu.
3317 5008 3484 5079 Paulo
3527 5014 3646 5076 post
3678 5002 3863 5057 Merlini

2319 5081 2510 5145 editio,
2538 5081 2891 5149 suspicionem
2910 5078 3171 5145 nostram,
3209 5079 3370 5133 simul
3409 5078 3566 5132 etiam
3611 5089 3700 5142 per
3731 5085 3865 5124 occa.

2321 5152 2522 5205 sionem
2553 5153 2745 5210 nostri.
2780 5160 2886 5203 etc.

2392 5220 2691 5294 (42)_ltlss.
2739 5219 3072 5294 sorbonieus
3118 5229 3172 5274 et
3209 5216 3638 5294 _S.__Michaelis,
3688 5219 3741 5265 ut
3774 5223 3864 5261 nou

2323 5288 2498 5362 nostri
2526 5289 2618 5362 fat.
2651 5288 2834 5362 vestri]
2869 5290 3008 5343 verbi
3031 5291 3564 5362 assertionibus,etc.
3639 5354 3651 5362 _

2394 5361 2508 5434 (45)
2527 5350 2709 5434 ’βίυεν
2735 5369 2790 5413 ει
2814 5350 2980 5434 pilum
3008 5371 3150 5430 post,
3176 5364 3397 5434 utimur,
3423 5350 3614 5434 desunt
3639 5354 3689 5408 in
3703 5350 3864 5405 editis.

2395 5429 2508 5504 (44)
2552 5430 2626 5504 Ita
2668 5445 2800 5484 mss.
2822 5429 2978 5484 'Edtti
3009 5429 3166 5504 vero,
3191 5429 3639 5504 criminatoribus.
3662 5493 3674 5504 ι
3729 5490 3761 5504 η

2397 5490 2510 5575 liii)
2552 5500 2641 5555 Sic
2683 5512 2830 5575 recte
2859 5514 2990 5575 mss.
3024 5490 3164 5557 Editi
3193 5515 3344 5564 vero,
3376 5501 3609 5554 homines
3647 5490 3861 5563 judim.

2324 5569 2597 5642 Martinus
2620 5571 2820 5624 omittit
2845 5569 3072 5640 judices.
3504 5638 3514 5642 _
3707 5632 3716 5642 ,

2397 5644 2512 5709 (46)
2555 5640 2684 5698 Mss.
2712 5630 2912 5715 nostri,
2937 5658 3056 5712 quis
3093 5651 3445 5715 accusatores_
3467 5638 3665 5715 cium...
3701 5630 3863 5715 illesti

2323 5693 2450 5786 φιὶέ
2466 5693 2566 5782 ῖυᾎιί
2588 5693 2925 5779 *.,5a*.-*.;.;.‘.‘.‘:.
2943 5693 3071 5770 θἰἑᾶσ
3092 5693 3389 5782 magae;
3408 5693 3514 5765 Sed
3542 5706 3730 5761 rectius
3747 5693 3866 5753 edin

2327 5785 2385 5840 ut
2414 5785 2465 5840 in
2499 5793 2673 5840 textu.
