3992 6312
291 378 395 435 549

1493 359 1834 419 APOLOGIA
1874 356 2012 413 PRO
2048 351 2352 412 ORIGENE

3445 348 3554 406 550

288 497 399 568 psit
424 513 440 552 :
461 495 567 551 hos
587 493 734 552 enim
763 498 1015 548 asserunt
1038 487 1272 544 maxime
1299 501 1329 540 a
1361 483 1750 556 praedicatione
1778 499 1869 538 ee-
1899 489 1940 538 Α
1969 479 2135 541 Enos,
2165 477 2372 543 Enoch,
2424 471 2560 539 Noe,
2609 471 2758 538 Sem,
2793 469 3102 568 abraham,
3125 501 3128 504 -
3155 471 3327 536 lsaac,
3354 469 3547 537 Jacob,

289 577 594 642 clesiastica
622 585 964 652 discrepare:
992 595 1056 635 ex
1083 579 1168 634 his
1191 578 1462 648 prazcipue
1504 575 1685 638 libris,
1731 591 1869 644 quos

289 677 426 746 Περὶ
446 675 656 746 ἀρχῶν
705 674 1022 737 attitulavit,
1061 671 1113 724 in
1146 670 1346 740 quibus
1391 667 1788 739 quamplurima
1836 682 1866 720 a

290 769 775 824 calumniatoribus
810 768 1150 820 incusantnr.
1185 762 1240 816 In
1277 762 1361 815 his
1407 776 1540 831 ergo
1584 758 1695 830 (47)
1739 758 1869 828 ipsis

291 859 429 912 inter
465 859 730 929 principia
761 856 902 927 quali
933 855 1278 926 expositione
1312 852 1435 905 fidei
1471 867 1598 906 usus
1630 853 1701 906 sit
1741 864 1867 919 pro-

292 949 528 1003 feremus
561 967 574 1002 :
615 959 725 1002 tum
760 948 959 1002 deinde
1011 957 1066 1001 et
1107 962 1174 1001 ex
1225 946 1314 1000 his
1363 959 1483 1014 quae
1514 945 1742 1013 sparsim
1785 944 1864 997 vel

291 1055 390 1108 per
441 1041 586 1110 ipsos
646 1039 811 1094 libros
861 1039 945 1093 vel
974 1049 1204 1094 caeteros
1244 1036 1439 1101 sensit,
1472 1037 1867 1106 assignabimus

290 1145 418 1184 eum
472 1133 909 1202 praedicationem
979 1131 1332 1200 apostolicam
1404 1130 1721 1184 custodisse.
1769 1129 1868 1183 Est

287 1239 424 1292 ergo
451 1224 608 1279 lectio
643 1242 708 1280 ex
738 1226 914 1294 primo
942 1225 1081 1279 libro
1122 1225 1260 1294 Περὶ
1280 1223 1500 1293 ἀρχῶν,
1553 1238 1712 1293 quam
1735 1237 1864 1292 pro-

290 1315 559 1382 misimus,
586 1315 722 1370 huic.

926 1407 1154 1464 CAPUT
1193 1406 1235 1461 Ι.

506 1499 790 1570 Catalogus
826 1499 1199 1554 ecclesiastica:
1235 1499 1650 1567 praedicationis.

369 1590 650 1646 ORIGENES.
683 1593 796 1663 (48)
835 1610 854 1643 ‹
893 1591 1046 1646 Sicut
1070 1591 1239 1653 enim,
1273 1589 1457 1644 multis
1486 1590 1624 1658 apud
1648 1587 1867 1643 Graecos

282 1693 348 1739 et
386 1686 642 1740 barbaros
691 1685 1065 1754 pollicentibus
1097 1683 1396 1744 veritatem,
1432 1681 1542 1753 (49)
1572 1682 1868 1737 desivimus

288 1777 431 1843 apud
461 1790 653 1830 omnes
680 1790 796 1829 eam
828 1789 1076 1844 quaerere
1106 1773 1197 1842 qui
1231 1788 1351 1828 eam
1401 1773 1553 1827 falsis
1599 1773 1866 1843 opinioni-

1978 571 2262 624 duodecim
2298 569 2761 637 patriarcharum,
2793 564 2993 635 Moysis
3024 575 3080 620 et
3107 567 3501 635 prophetarum
3531 583 3545 618 :

1977 671 2034 716 et
2072 640 2215 729 quod
2256 659 2343 714 hic
2401 659 2543 713 Deus
2581 658 2635 712 in
2683 655 2997 711 novissimis
3026 655 3236 719 diebus,
3275 656 3421 710 sicut
3454 671 3553 724 per

1977 754 2267 823 prophetas
2306 766 2434 806 suos
2485 759 2614 805 ante
2656 749 3002 818 promiserat,
3057 748 3203 802 misit
3252 749 3540 802 Dominum

1976 842 2161 898 Jesum
2203 842 2507 906 Christum,
2533 843 2713 911 primo
2743 839 2962 908 quidem
2991 851 3306 893 vocaturum
3357 838 3548 905 Israel,

1975 935 2213 988 secundo
2245 947 2374 986 vero
2421 934 2587 985 etiam
2637 940 2824 1001 gentes
2873 939 2995 998 post
3038 932 3320 998 perlidiam
3368 930 3549 998 populi

1975 1026 2159 1080 lsrael.
2197 1026 2295 1080 Hic
2324 1024 2464 1078 Deus
2493 1025 2670 1093 justus
2701 1035 2754 1078 et
2784 1024 2983 1086 bonus,
3016 1021 3181 1077 Pater
3207 1023 3419 1076 Domini
3449 1038 3550 1078 no-

1981 1122 2082 1174 stri
2108 1117 2236 1174 Jesu
2283 1119 2512 1183 Christi,
2547 1119 2740 1185 legem,
2783 1127 2836 1171 et
2870 1118 3184 1186 prophetas,
3221 1127 3275 1169 et
3312 1117 3551 1186 Evange~

1984 1212 2052 1265 lia
2093 1212 2204 1280 ipse
2233 1212 2399 1277 dedit,
2435 1211 2526 1279 qui
2556 1220 2609 1264 et
2632 1209 2998 1279 apostolorum
3038 1210 3180 1265 Deus
3221 1220 3324 1276 est,
3366 1219 3419 1264 et
3449 1210 3552 1263 Ve-

1977 1304 2108 1357 teris
2135 1313 2190 1357 et
2227 1302 2359 1358 Novi
2391 1302 2748 1358 'l‘estamenti-
2799 1301 2938 1355 Tum
2981 1302 3180 1356 deinde
3228 1303 3355 1372 quia
3390 1302 3549 1357 Chri-

1973 1403 2089 1448 stus
2137 1393 2294 1449 Jesus
2331 1396 2447 1464 ipse
2497 1395 2592 1463 qui
2641 1395 2807 1459 venit,
2832 1404 2959 1448 ante
2984 1408 3200 1448 onmem
3240 1403 3548 1448 creaturam

1977 1498 2137 1541 natus
2164 1504 2229 1542 ex
2253 1487 2413 1543 Patre
2443 1499 2547 1542 est.
2582 1487 2682 1554 Qui
2727 1504 2848 1544 cum
2879 1489 2932 1542 in
2960 1488 3203 1543 omnium
3241 1489 3552 1542 conditione

1977 1579 2121 1633 Patri
2153 1581 2518 1635 ministrasset
2548 1579 2661 1650 (per
2706 1582 2879 1649 ipsum
2926 1597 3162 1650 namque
3195 1583 3370 1634 omnia
3408 1580 3551 1649 facta

1975 1685 2094 1726 sunt
2127 1674 2171 1703 “'
2198 1673 2218 1742 )
2250 1673 2562 1728 novissimis
2601 1675 2933 1743 temporibus
2959 1677 3195 1743 selpsum
3232 1675 3552 1730 exinaniens

1978 1766 2139 1820 homo
2173 1765 2349 1820 factus
2385 1775 2509 1832 est;
2545 1766 2864 1821 incarnatus
2909 1778 2993 1821 est
3035 1782 3158 1821 cum
3190 1765 3330 1821 Deus
3375 1777 3547 1834 esset,

289 1865 394 1914 hns
461 1863 806 1925 asserebant,
859 1871 1212 1931 posteaquam
1276 1862 1611 1916 credidimus
1671 1859 1867 1914 Filium
1900 1853 1942 1907 Β
1972 1869 2026 1913 et
2055 1859 2214 1912 homo
2247 1858 2423 1916 factus
2481 1861 2680 1914 mansit
2711 1860 2854 1928 quod
2883 1869 3001 1913 erat
3025 1862 3186 1914 Deus.
3217 1860 3426 1928 Corpus
3463 1874 3552 1916 as-

281 1967 409 2006 esse
436 1952 526 2008 Dei
560 1953 874 2016 Christum,
933 1962 989 2006 et
1042 1953 1109 2006 ab
1151 1951 1269 2020 ipso
1300 1951 1459 2006 nobis
1488 1949 1628 2004 hanc
1657 1951 1869 2005 discen-

285 2045 410 2096 dam
455 2059 578 2099 esse
628 2043 999 2112 persuasimus
1043 2065 1059 2098 :
1099 2043 1193 2109 ita,
1219 2057 1340 2098 cum
1377 2042 1528 2096 multi
1557 2043 1664 2097 sint
1695 2044 1786 2112 qui
1813 2058 1870 2098 se

281 2145 479 2202 putant
509 2136 714 2188 sentire
745 2148 866 2203 quae
895 2133 1098 2188 Christi
1131 2142 1276 2200 sunt,
1307 2141 1363 2187 et
1397 2133 1639 2188 nonnulli
1673 2147 1863 2188 eorum

279 2225 497 2279 diversa
551 2241 580 2278 a
627 2224 899 2295 prioribus
952 2225 1214 2290 sentiant,
1263 2233 1507 2279 servetur
1539 2239 1669 2278 vero
1698 2224 1872 2279 eccle-

273 2315 507 2368 siastica
563 2315 877 2382 praedicatio
923 2328 1023 2382 per
1068 2314 1442 2368 successionis
1490 2315 1738 2370 ordinem
1803 2317 1870 2369 ah

271 2407 548 2473 apostolis
579 2406 798 2471 tradita,
834 2414 888 2461 et
914 2419 1086 2475 usque
1117 2406 1182 2458 ad
1221 2419 1461 2474 praesens
1509 2407 1562 2459 in
1605 2405 1868 2462 Ecclesiis

277 2511 636 2566 permanens,
691 2497 781 2551 illa
832 2497 943 2551 sola
977 2497 1245 2551 credenda
1275 2505 1358 2550 est
1388 2497 1615 2562 veritas,
1645 2512 1764 2565 qua:
1806 2498 1857 2551 in

276 2589 428 2643 nullo
459 2592 527 2643 ab
555 2589 922 2644 ecclesiastica
950 2590 1250 2644 traditione
1298 2589 1602 2661 discordat.
1639 2589 1753 2661 (50)
1801 2591 1869 2643 ll-

278 2680 378 2735 lud
414 2690 595 2735 autem
629 2682 772 2736 scire
813 2690 1053 2751 oportet,
1106 2659 1365 2751 quoniam
1415 2683 1591 2737 sancti
1638 2683 1867 2750 apostoli

277 2773 444 2828 fidem
484 2771 688 2828 Christi
732 2773 1107 2843 praedicantes,
1154 2775 1221 2828 de
1269 2775 1591 2843 quibusdam
1649 2775 1865 2843 quidem

278 2879 622 2936 quaecunque
669 2865 980 2921 necessaria
1037 2865 1391 2920 crediderunt
1444 2865 1696 2920 omnibus
1745 2881 1868 2919 cre-

281 2957 561 3021 dentibus,
611 2958 772 3012 etiam
829 2957 915 3011 his
955 2957 1044 3027 qui
1091 2958 1360 3028 pigriores
1399 2972 1527 3028 erga
1562 2959 1870 3026 inquisitio-

285 3064 410 3103 nem
475 3050 672 3104 divinae
731 3049 972 3104 scientia:
1022 3048 1369 3115 videbantur,
1427 3049 1870 3105 manifestissime

283 3141 652 3207 tradiderunt,
707 3141 974 3196 rationem
1036 3140 1250 3196 scilicet
1295 3141 1619 3196 assertionis
1673 3155 1862 3196 eorum

1973 1951 2206 2019 sumpsit
2236 1962 2424 2005 nostro
2472 1952 2692 2020 corpori
2752 1952 2953 2016 simile,
3003 1967 3069 2007 eo
3098 1952 3214 2006 solo
3266 1951 3548 2016 diﬂ‘erens,

1972 2043 2114 2112 quod
2141 2052 2298 2095 natus
2341 2057 2406 2095 ex
2462 2041 2686 2112 Virgine
2731 2051 2785 2096 et
2840 2041 3047 2111 Spiritu
3088 2054 3283 2098 sancto
3325 2055 3430 2099 est.
3483 2044 3551 2099 Et

1971 2131 2224 2202 quoniam
2257 2133 2344 2186 hic
2374 2131 2535 2186 Jesus
2563 2133 2813 2186 Christus
2865 2145 3024 2186 natus
3068 2143 3122 2187 et
3169 2150 3358 2202 passus
3381 2145 3463 2189 est
3495 2137 3548 2190 in

1972 2225 2219 2287 veritate,
2270 2233 2326 2276 et
2379 2238 2484 2276 non
2541 2239 2636 2291 per
2683 2224 3004 2292 imaginem,
3037 2225 3154 2293 (55)
3205 2241 3548 2281 communem

1973 2314 2114 2368 hanc
2145 2325 2373 2368 mortem
2410 2315 2676 2368 sustinuit
2725 2330 2851 2369 vere
2899 2327 3194 2370 mortuus:
3232 2331 3359 2370 vere
3402 2319 3550 2372 enim

1971 2417 2080 2460 eta
2116 2408 2344 2461 mortuis
2392 2408 2697 2461 resurrexit
2748 2423 2762 2460 :
2817 2417 2872 2461 et
2918 2419 3039 2475 post
3095 2407 3551 2464 resurrectionem

1972 2507 2330 2553 conversatus
2383 2514 2506 2553 cum
2570 2499 2854 2568 discipulis
2902 2501 3038 2561 suis,
3089 2512 3400 2568 assumptus
3446 2513 3549 2555 est.

1972 2592 2108 2646 Tum
2140 2591 2339 2646 deinde
2390 2591 2599 2646 honore
2630 2607 2693 2646 ac
2729 2593 2996 2661 dignitate
3026 2590 3172 2645 Patri
3203 2603 3257 2646 et
3286 2592 3424 2647 Filio
3463 2610 3552 2648 so-

1975 2684 2178 2737 ciatum
2217 2683 2556 2738 tradiderunt
2595 2681 2861 2752 Spiritum
2894 2693 3168 2737 sanctum.
3211 2685 3270 2737 1n
3304 2684 3406 2738 hoc
3443 2699 3549 2738 non

1965 2775 2077 2843 jam
2135 2777 2423 2831 manifeste
2461 2776 2796 2830 discernitur
2827 2786 3010 2830 utrum
3053 2788 3211 2832 natus
3239 2777 3332 2843 sit,
3363 2794 3431 2832 an
3467 2778 3553 2832 in-

1973 2877 2154 2924 natus.
2189 2887 2208 2920 ι

2044 2960 2369 3016 PAIPBILUS.
2412 2960 2513 3027 Qui
2545 2961 2612 3016 de
2645 2969 2774 3015 nato
2805 2959 2890 3015 vel
2923 2960 3114 3015 innato
3139 2963 3387 3031 requirit,
3427 2964 3548 3019 sine

1971 3053 2138 3107 dubio
2190 3063 2458 3106 creaturae
2513 3053 2565 3106 in
2621 3067 2686 3107 eo
2736 3052 2938 3106 nullam
2997 3053 3162 3108 habet
3215 3055 3547 3123 opinionem,

1972 3144 2208 3213 alioquin
2243 3155 2299 3198 et
2344 3145 2446 3199 hoc
2481 3145 2797 3200 adduxisset
2844 3147 2911 3199 ad
2968 3146 3398 3216 inquisitionem.
3430 3146 3546 3218 (54)

281 3233 665 3302 relinquentes
707 3233 774 3288 ab
822 3233 905 3288 his
939 3233 1322 3303 inquirendam
1358 3233 1472 3304 (51)
1506 3234 1596 3302 qui
1628 3233 1863 3303 Spiritus
1893 3209 1934 3267 C
1969 3233 2035 3287 Et
2061 3209 2306 3302 adjungit
2337 3247 2353 3286 :

280 3329 425 3380 dona
452 3325 796 3390 excellentia,
829 3334 883 3380 et
922 3327 1192 3394 przecipue
1225 3325 1517 3392 sermonis,
1556 3327 1860 3395 sapientia,

276 3425 336 3471 et
367 3417 609 3471 scientiae
645 3432 741 3485 per
769 3418 943 3486 ipsum
975 3415 1238 3485 Spiritum
1277 3426 1529 3470 sanctum
1577 3417 1865 3486 percipere

283 3510 680 3564 merebantur:
718 3511 783 3563 de
823 3508 945 3563 aliis
993 3523 1124 3562 vero
1165 3509 1424 3563 dixerunt
1467 3509 1685 3578 quidem
1739 3511 1864 3580 quia

280 3600 420 3662 sint,
465 3599 739 3667 quomodo
788 3607 989 3663 autem,
1039 3607 1130 3652 aut
1178 3599 1320 3653 unde
1367 3599 1497 3665 sint,
1553 3600 1862 3655 siluerunt:

281 3691 534 3760 profecto
569 3701 628 3746 ut
653 3692 1012 3747 studiosiores
1037 3691 1236 3761 quique
1263 3706 1330 3745 ex
1357 3693 1593 3760 posteris
1613 3693 1726 3747 suis
1747 3693 1865 3764 (52)

279 3794 564 3838 amatores
596 3783 874 3852 sapientiae
905 3793 960 3838 et
995 3784 1260 3848 scientiae,
1290 3785 1614 3838 exercitium
1665 3785 1868 3841 habere

277 3882 527 3938 possent,
557 3873 609 3926 in
635 3887 742 3941 quo
773 3872 975 3942 ingenii
1011 3873 1095 3927 sui
1128 3871 1364 3928 fructum
1398 3877 1690 3929 ostendere
1718 3876 1867 3931 vale-

277 3974 430 4028 rent,
468 3964 521 4018 hi
553 3963 807 4019 videlicet
834 3965 928 4034 qui
970 3965 1162 4035 dignos
1189 3979 1248 4019 se
1285 3973 1340 4019 et
1375 3979 1603 4035 capaces
1653 3968 1869 4037 sapien-

279 4057 374 4110 tia:
407 4067 802 4127 przepararent.
824 4057 1048 4127 Species
1087 4071 1212 4111 vero
1244 4072 1432 4112 eorum
1462 4073 1584 4128 qua:
1609 4073 1707 4129 per
1733 4075 1868 4130 prae-

273 4149 614 4204 dicationem
644 4148 999 4220 apostolicam
1054 4149 1346 4204 manifeste
1401 4149 1715 4218 traduntur,
1750 4153 1867 4206 istae

277 4250 433 4294 sunt.
462 4239 647 4296 Primo
682 4241 825 4311 quod
855 4257 994 4296 unus
1019 4250 1104 4297 est
1127 4241 1268 4296 Dens
1292 4241 1386 4312 qui
1423 4241 1609 4297 omnia
1638 4243 1865 4308 creavit,

277 4341 454 4402 atque
481 4333 809 4404 composuit,
861 4334 1065 4403 quique
1112 4348 1180 4389 ex
1223 4334 1387 4390 nullis
1420 4348 1543 4390 esse
1579 4335 1710 4391 fecit
1741 4338 1866 4392 uni-

275 4442 446 4484 versa
500 4429 562 4491 “,
621 4428 764 4484 Deus
824 4443 854 4482 a
907 4430 1082 4498 prima
1136 4439 1396 4484 creatura-
1443 4439 1498 4486 et
1557 4432 1869 4489 conditione

263 4520 473 4575 mundi
507 4520 749 4574 omnium
786 4519 1058 4588 iustorum
1091 4521 1252 4587 Deus,
1281 4522 1480 4590 Adam,
1518 4521 1675 4591 Abel,
1707 4523 1864 4593 Seth,

361 4630 410 4662 ιι
447 4626 492 4682 ll
516 4629 766 4687 ltlachab.
799 4646 899 4700 vn,
930 4631 1023 4686 28.
1101 4632 1145 4662 ¹²
1176 4628 1333 4688 Joan.
1368 4647 1408 4697 ι,
1439 4633 1493 4687 5.

2037 3325 2334 3383 Omcsxss.
2376 3344 2394 3377 ε
2427 3326 2520 3382 Vel
2552 3327 2721 3382 Filius
2763 3327 2926 3381 etiam
2955 3328 3070 3398 ipse
3119 3327 3216 3383 Dei
3269 3327 3549 3384 habendus

1968 3420 2058 3484 sit,
2108 3433 2299 3473 necne.
2355 3417 2462 3472 Sed
2503 3419 2826 3487 inquirenda
2875 3419 2986 3487 jam
3032 3421 3136 3474 ista
3183 3434 3281 3488 pro
3329 3420 3547 3474 viribus

1969 3520 2094 3564 sunt
2124 3510 2192 3564 de
2231 3519 2419 3565 sancta
2475 3510 2781 3578 Scriptura,
2831 3522 2887 3564 et
2937 3511 3120 3580 sagaci
3153 3511 3550 3580 perquisitione

1969 3599 2371 3668 investiganda.
2457 3599 2604 3654 Sane
2661 3598 2807 3669 quod
2873 3600 2978 3654 iste
3043 3599 3280 3669 Spiritus
3326 3611 3550 3656 sanctus

1969 3703 2408 3758 unumquemque
2469 3699 2784 3745 sanctorum
2840 3690 2925 3744 vel
2984 3690 3416 3760 prophetarum,
3466 3692 3549 3746 vel

1971 3781 2337 3848 apostolorum
2371 3780 2484 3851 (55)
2517 3781 2884 3848 inspiraverit,
2914 3791 2968 3836 et
3000 3797 3107 3835 non
3145 3781 3282 3836 alius
3314 3783 3549 3850 Spiritus

1971 3871 2024 3925 in
2057 3871 2354 3934 veteribus,
2382 3871 2520 3925 alius
2539 3885 2668 3926 vero
2696 3872 2750 3926 in
2782 3871 2866 3926 his
2893 3873 2985 3941 qui
3011 3873 3064 3926 in
3089 3873 3320 3925 adventu
3346 3872 3547 3927 Christi

1971 3963 2220 4033 inSpirati
2252 3973 2399 4027 sunt,
2451 3963 2659 4030 fuerit,
2697 3964 3144 4019 manifestissime
3198 3965 3253 4018 in
3291 3963 3550 4019 Ecclesiis

1973 4055 2335 4124 praedicatur.
2361 4056 2487 4110 Post
2516 4057 2627 4111 hazc
2662 4056 2772 4126 jam
2801 4059 2943 4126 quod
2974 4057 3158 4111 anima
3187 4057 3548 4113 substantiam

1969 4147 2249 4216 vitamque
2305 4147 2514 4202 habens
2570 4148 2872 4219 propriam,
2927 4163 3050 4203 cum
3104 4163 3171 4202 ex
3219 4149 3322 4204 hoc
3347 4149 3551 4204 mundo

1970 4237 2319 4303 discesserit,
2372 4252 2471 4308 pro
2538 4240 2652 4294 suis
2703 4239 2920 4295 meritis
2970 4241 3379 4310 dispensabitur
3433 4240 3550 4296 sive

1970 4344 2187 4386 azterna:
2209 4333 2333 4387 vitae
2361 4348 2423 4386 ac
2453 4333 2810 4389 beatitudinis
2834 4334 3156 4389 hereditate
3198 4335 3462 4405 potitura,
3498 4335 3546 4390 si

1971 4429 2075 4483 hoc
2131 4427 2180 4483 ei
2228 4445 2324 4483 sua
2373 4439 2524 4499 gesta
2579 4429 2937 4499 praestiterint
2973 4445 2990 4484 :
3020 4429 3141 4485 sive
3179 4429 3292 4500 igni
3343 4438 3550 4486 aeterno

1975 4537 2040 4576 ac
2065 4521 2342 4591 suppliciis
2367 4521 2747 4590 mancipanda,
2789 4521 2838 4576 si
2875 4521 2930 4576 in
2971 4521 3075 4575 hoc
3110 4535 3233 4576 eam
3279 4521 3548 4578 scelerum

350 4719 469 4801 (ὶῖ)
507 4720 716 4801 Merlini
758 4723 1134 4801 editio,_ipsis,
1175 4721 1366 4801 quibus
1411 4722 1550 4801 inter
1596 4725 1856 4797 principia
1892 4738 1934 4794 ι)
1960 4744 2087 4800 gnos
2123 4743 2177 4781 se
2199 4733 2514 4801 et_capaces
2553 4723 2627 4801 ad
2660 4721 3033 4801 recipiendam
3060 4723 3545 4801 sapientiamprw'

267 4807 433 4861 quasi
482 4803 804 4860 expositione
845 4803 966 4857 paci
1009 4809 1134 4846 usus
1185 4803 1276 4854 sit,
1325 4803 1652 4860 proferemus
1688 4812 1708 4860 ;
1746 4808 1856 4851 tum

271 4865 501 4917 imle....
534 4863 915 4932 assignabimus
933 4879 1049 4916 eum
1075 4863 1512 4933 pra'dicationem
1542 4867 1858 4922 auctoritate

274 4932 580 5001 apostolica
610 4934 923 4986 custodisse.

313 5002 470 5097 ⁵(48)
510 5002 584 5056 De
613 5002 924 5072 praefatione
945 5003 1143 5057 'libror.
1185 5003 1325 5072 Περὶ
1360 5002 1582 5073 ἀρχῶν,
1620 5021 1765 5060 num.
1825 5007 1861 5061 Ξ

273 5089 334 5128 ει.
511 5141 590 5197 ha
636 5158 766 5198 mss.
800 5143 943 5199 Edm
977 5159 1133 5208 vero,
1163 5145 1508 5200 desuevimus.

351 5233 464 5306 (50)
507 5233 647 5287 Editi
687 5242 742 5287 ct
781 5249 911 5289 mss.
969 5234 1214 5305 plerique
1245 5276 1262 5302 ,
1318 5235 1465 5289 Illud
1517 5245 1691 5292 tamen
1728 5239 1858 5295 scire

273 5313 507 5372 oportet.

350 5374 464 5444 (51)
506 5374 600 5428 Sic
641 5389 831 5428 omnes
877 5373 1035 5442 hujus
1085 5375 1356 5445 Apoloyia:
1391 5393 1545 5441 mss.,
1595 5387 1650 5431 et
1681 5379 1849 5440 editi;

274 5460 428 5519 mss.
451 5445 1041 5519 verolibrorumﬂepi
1074 5444 1274 5514 ἀρχῶν
1297 5464 1483 5502 omnes
1517 5450 1853 5519 habentrqui

253 5517 518 5582 -Spiritus
561 5517 704 5587 dona
751 5517 1056 5568 excellentia
1096 5529 1443 5580 mererentur,
1482 5529 1532 5571 et
1587 5517 1854 5587 praecipue

273 5589 557 5660 sermonis,
595 5586 887 5651 sapientius,
925 5597 969 5638 et
1006 5589 1246 5660 scientia
1290 5592 1518 5656 gratiam
1548 5586 1642 5658 per
1680 5590 1852 5660 ipsum

274 5654 536 5721 Spiritum
573 5665 812 5708 sanctum
843 5659 1207 5724 percepissent.

356 5727 466 5797 (52)
507 5725 657 5778 Libri
706 5724 782 5776 De
831 5727 1102 5800 principiis
1155 5739 1261 5781 tam
1305 5729 1434 5783 editi
1488 5745 1651 5800 quam
1685 5745 1848 5796 mss.,

272 5800 369 5864 qni
401 5811 664 5871 (iuratores
696 5804 865 5848 essent
897 5797 1192 5862 sapientiw,
1231 5797 1632 5856 exercitium....
1661 5804 1716 5855 in
1745 5819 1851 5871 quo

273 5870 482 5939 mgenii
521 5869 602 5922 sui
626 5866 856 5933 fructum
887 5872 1238 5937 ostenderent,
1279 5871 1332 5924 hi
1369 5873 1608 5926 videlicet
1641 5875 1728 5940 qui
1757 5866 1850 5927 ’ἀὶ-

845 4793 967 4857 ﬁdei
1009 4809 1134 4846 usus
1185 4795 1276 4868 sit,
1325 4793 1652 4868 proferemus
1688 4812 1708 4860 ;
1736 4792 1856 4868 tum
1896 4792 1916 4794 “
1956 4792 2231 4868 pararent.
2257 4796 2362 4868 Sed
2393 4809 2586 4868 omnes
2616 4792 3082 4868 hujusA‘pologite
3110 4810 3237 4868 mss.
3263 4806 3316 4848 et
3339 4797 3545 4868 editiut

1962 4863 2012 4924 in
2051 4879 2220 4934 textu,
2251 4866 2353 4921 nisi
2384 4866 2524 4934 quod
2546 4879 2646 4918 ms.
2669 4863 3019 4919 Corbeiensis
3050 4866 3278 4932 omittit,
3298 4877 3345 4919 et
3372 4867 3545 4930 scien-

1959 4952 2068 4996 ιιιε.

2033 5006 2145 5083 (55)
2313 5005 2829 5083 ιηεεηξοώοηίειεβ,
2876 5015 2945 5083 et_
2983 5004 3271 5083 M_or_1_tis_S.
3299 5005 3543 5083 Michae-

1963 5075 2051 5143 lis,
2090 5075 2154 5133 ac
2177 5078 2268 5133 alii
2301 5094 2430 5132 mss.
2459 5077 2720 5130 librorum
2753 5077 2828 5129 De
2862 5077 3160 5144 principiis.
3188 5075 3378 5130 Czeteri
3413 5091 3545 5133 vero

1965 5167 2096 5207 mss.
2129 5149 2288 5217 hujus
2314 5149 2608 5218 Apologite,
2633 5158 2686 5201 et
2708 5146 2996 5218 illlerlinus,
3032 5163 3360 5200 communem
3408 5149 3543 5200 hanc

1968 5232 2187 5275 mortem
2237 5217 2367 5272 vere
2393 5231 2652 5273 mortuus.
2691 5217 3099 5279 Genehrardus,
3139 5219 3402 5271 communi
3443 5219 3542 5271 hac

1963 5303 2130 5345 morte
2159 5307 2274 5344 uere
2297 5299 2560 5356 mortuus,
2609 5290 2810 5343 omisso
2850 5288 3125 5342 sustinuit.
3161 5286 3298 5342 Tum
3345 5288 3542 5342 deinde

1961 5364 2116 5424 editi,
2143 5373 2196 5416 et
2239 5377 2341 5417 ms.
2380 5362 2735 5422 Sorbonicus,
2785 5371 3128 5413 conversatus
3174 5371 3250 5412 est
3288 5375 3406 5412 cum
3459 5361 3544 5413 di-

1960 5433 2177 5500 scipulis
2200 5434 2332 5497 suis,
2356 5443 2402 5485 et
2430 5441 2730 5502 assumptus
2759 5445 2858 5484 est.
2894 5432 3000 5485 Sed
3024 5431 3204 5485 caeteri
3239 5446 3370 5485 mss.
3402 5441 3458 5484 ut
3486 5431 3543 5485 in

1959 5513 2130 5558 textu.

2027 5575 2144 5647 (54)
2187 5577 2252 5631 Et
2287 5577 2555 5647 adjungit.
2589 5575 2714 5630 Huic
2736 5577 2900 5629 verba
2924 5588 3044 5643 qure
3075 5575 3362 5644 proferunt
3384 5578 3540 5644 editi,

1958 5660 2064 5699 non
2096 5659 2416 5717 comparent
2448 5650 2498 5700 in
2530 5649 2783 5701 onmibus
2815 5661 2949 5700 mss.
2978 5647 3202 5701 nostris.

2030 5719 2148 5790 (55)
2193 5716 2356 5785 Editi,
2404 5719 2754 5786 inspiravit..
2781 5754 2832 5770 ..
2877 5720 2966 5784 qui
3010 5718 3063 5771 in
3112 5719 3355 5774 adventu.
3410 5716 3539 5772 Mss.

1955 5792 2320 5862 inspiraverit.
2342 5833 2355 5847 .
2384 5831 2398 5847 .
2417 5830 2431 5848 .
2461 5791 2551 5860 qui
2591 5790 2647 5843 in
2680 5791 2978 5843 adventum.
