3992 6312
621 305 718 360 55f

1821 309 1880 366 S.
1919 307 2247 366 ΡΑΜΡΗΠᾸ
2287 309 2646 369 MARTYRIS

3740 322 3837 383 552

621 424 778 493 culpa
807 425 1122 483 deterserit.
1175 427 1281 483 Sed
1318 436 1375 481 et
1413 427 1540 498 quia
1571 428 1680 486 crit
1708 436 1925 499 tempus
1958 444 2208 485 resurre-
2238 434 2285 491 A
2383 431 2716 488 Pturntws.
2743 430 2808 485 Et
2838 440 2957 502 post
2989 446 3155 501 pauca
3191 431 3267 486 ait
3299 448 3315 486 :

619 518 820 573 ctionis
870 531 1226 585 mortuorum,
1255 535 1377 574 cum
1404 536 1600 590 corpus
1622 521 1748 585 hoc,
1779 520 1921 590 quod
1946 523 2001 575 in
2024 539 2199 576 eorru-

618 612 789 677 ptione
809 611 1119 677 seminatur,
1144 623 1321 678 surget
1356 612 1412 666 in
1444 612 1897 680 incorruptione”
1930 622 2025 669 :et
2058 615 2204 684 quod

610 710 920 767 seminatur
951 711 1007 764 in
1032 711 1344 779 ignominia,
1386 722 1562 781 surget
1602 712 1659 765 in
1689 712 1864 780 gloria
1892 712 1958 766 ¹⁸.
2002 714 2097 770 Est
2148 723 2202 768 et

618 799 750 856 illud
767 799 1049 855 definitum
1071 800 1121 853 in
1149 799 1523 855 ecclesiastica
1552 800 1962 869 praedicatione,
1984 815 2202 856 omnem

604 893 857 947 animam
888 905 1008 946 esse
1036 892 1444 957 rationabilem,
1483 892 1640 947 liberi
1672 892 1888 947 arbitrii
1919 906 1974 949 et
2007 894 2202 949 volun-

599 985 747 1039 .tatis
782 1002 797 1039 :
830 1000 953 1039 esse
992 999 1211 1054 quoque
1242 985 1289 1039 ei
1324 996 1603 1040 certamen
1639 986 1902 1042 adversus
1929 986 2201 1042 diabolum

602 1085 672 1131 .et
701 1076 923 1146 angelos
954 1076 1094 1146 ejus,
1122 1077 1547 1146 contrariasque
1567 1077 1833 1141 virtutes,
1867 1093 1932 1131 ex
1964 1092 2031 1133 eo
2059 1079 2201 1148 quod

600 1168 693 1223 .illi
730 1168 967 1237 peccatis
993 1182 1111 1222 eam
1152 1182 1384 1223 onerare
1411 1169 1771 1235 contendant,
1826 1185 1927 1223 nos
1978 1184 2127 1233 vero,
2155 1167 2199 1222 si

616 1270 764 1316 recte
811 1260 1166 1329 consulteque
1225 1260 1495 1325 vivamus,
1547 1261 1614 1314 ah
1650 1261 2021 1331 hujuscemodi
2086 1261 2198 1334 (56)

614 1368 781 1408 onere
802 1369 1003 1409 exuere
1036 1369 1135 1409 nos
1167 1367 1446 1409 conemur.
1479 1352 1635 1409 Unde
1665 1363 1720 1408 et
1753 1368 2092 1422 consequens
2118 1366 2201 1409 est

602 1447 927 1519 intelligere
977 1462 1085 1501 non
1140 1462 1239 1501 nos
1293 1447 1607 1502 necessitati
1639 1461 1763 1502 esse
1795 1448 2096 1518 subjectos,
2144 1458 2203 1501 ut

599 1539 762 1593 omni
794 1538 970 1605 modo,
1006 1539 1170 1594 etiam
1202 1538 1245 1592 si
1276 1539 1533 1604 nolimus,
1576 1536 1661 1592 vel
1704 1538 1841 1593 bona
1864 1577 1880 1603 ,
1927 1538 2011 1593 vel
2058 1538 2199 1593 mala

617 1647 782 1703 agere
809 1647 1093 1702 cogamur.
1129 1632 1185 1687 Si
1218 1631 1364 1707 enim
1394 1632 1566 1686 nostri
1598 1631 1827 1686 arbitrii
1848 1647 2070 1699 sumus,
2102 1632 2203 1687 im-

620 1739 864 1795 pugnare
912 1739 1014 1778 nos
1068 1722 1305 1779 fortasse
1360 1732 1593 1793 possunt
1628 1722 1823 1793 aliquae
1857 1723 2088 1778 virtutes
2132 1723 2198 1776 ad

616 1826 926 1887 peccatum,
957 1825 1012 1871 et
1043 1814 1374 1884 alirejuvare
1417 1814 1484 1868 ad
1531 1814 1806 1881 salutem,
1856 1830 1967 1869 non
2018 1824 2197 1869 tamen

618 1909 945 1966 necessitate
969 1907 1214 1976 cogimur
1241 1907 1326 1962 vel
1366 1917 1516 1961 recte
1537 1922 1717 1976 agere,
1744 1906 1825 1962 vel
1848 1907 2013 1965 male.
2045 1907 2199 1974 Quod

618 2002 735 2061 fieri
769 2000 1110 2055 arbitrantur
1159 2000 1249 2069 qui
1300 1998 1582 2065 stellarum
1640 2013 1861 2054 cursum
1915 2009 1971 2054 et
2019 2010 2198 2054 motus

615 2109 836 2147 causam
893 2093 1079 2147 dicunt
1138 2092 1500 2145 humanorum
1559 2097 2025 2161 esse'gestorum,
2092 2106 2197 2145 non

610 2199 803 2240 eorum
836 2200 956 2254 quat
983 2192 1136 2238 extra
1168 2182 1381 2236 arbitrii
1416 2183 1673 2236 accidunt
1701 2182 2007 2238 libertatem
2031 2224 2047 2248 ,
2099 2181 2196 2238 sed

608 2292 810 2334 eorum
861 2292 983 2347 qua:
1040 2277 1093 2330 in
1149 2284 1336 2331 nostra
1389 2285 1516 2329 sunt
1562 2276 1733 2345 posita
1782 2285 2071 2344 potestate.
2122 2277 2199 2332 De

600 2374 794 2431 .anima
826 2386 984 2435 vero,
1026 2369 1141 2440 (57)
1198 2378 1378 2423 utrum
1414 2383 1480 2421 ex
1522 2367 1747 2423 seminis
1779 2369 2004 2425 traduce
2033 2369 2197 2426 duca-

616 2475 724 2528 tur,
765 2464 835 2519 ita
878 2475 936 2517 ut
970 2461 1109 2517 ratio
1139 2461 1314 2531 ipsius
1362 2460 1445 2514 vel
1489 2458 1796 2515 substantia
1828 2461 2033 2516 inserta
2068 2456 2198 2532 ipsis

613 2555 987 2627 corporalibus
1053 2552 1355 2609 seminibus
1406 2552 1692 2616 habeatur,
1755 2567 1823 2606 an
1873 2568 2004 2610 vero
2051 2555 2196 2610 aliud

614 2649 828 2704 initium
863 2647 1060 2701 haheat
1093 2664 1105 2700 :
1138 2655 1193 2698 et
1237 2644 1341 2699 hoc
1381 2643 1555 2714 ipsum
1605 2644 1821 2699 initium
1869 2645 1914 2700 si
1950 2647 2196 2716 genitum

613 2748 721 2801 est,
746 2746 839 2791 aut
866 2751 969 2790 non
1009 2736 1273 2807 genitum,
1314 2734 1402 2790 vel
1432 2744 1583 2791 certe
1613 2737 1659 2791 si
1691 2736 2035 2794 extrinsecus
2070 2754 2197 2795 cor-

616 2831 736 2901 pori
784 2829 1009 2895 inditur,
1059 2842 1251 2890 necue,
1305 2844 1411 2882 non
1446 2829 1582 2884 satis
1609 2828 1897 2885 manifesta
1932 2832 2195 2900 praedica-

613 2922 767 2977 tione
797 2919 1176 2989 distinguitur.
1207 2918 1283 2972 De
1304 2919 1544 2985 diabolo,
1574 2929 1630 2974 et
1658 2920 1869 2991 angelis
1898 2921 2039 2992 ejus,
2060 2938 2194 2979 con-

606 3012 912 3083 uariisque
946 3010 1241 3065 virtutibus
1265 3009 1640 3066 ecclesiastica
1671 3013 1989 3081 praedicatio
2008 3015 2194 3071 docuit

612 3108 876 3178 quoniam
913 3106 1024 3161 sint
1071 3104 1293 3176 quidem
1342 3105 1456 3160 hate
1490 3121 1505 3159 :
1537 3120 1659 3174 quae
1708 3116 1889 3163 autem
1936 3108 2065 3175 sint,
2108 3109 2194 3165 vel

612 3199 888 3271 quomodo
927 3198 1058 3262 sint,
1093 3212 1198 3251 nott
1228 3195 1364 3251 satis
1402 3195 1550 3252 clare
1579 3200 1856 3269 exposuit.
1887 3201 2044 3273 Apud
2072 3201 2193 3272 plu-

612 3293 785 3350 rimos
835 3302 1017 3346 tamen
1072 3289 1177 3344 ista
1229 3288 1467 3344 habetur
1511 3290 1718 3360 opinio,
1768 3293 1913 3362 quod
1969 3294 2193 3366 angelus

609 3383 779 3444 fuerit
823 3385 927 3440 iste
967 3381 1233 3451 diabolus,
1266 3394 1322 3439 et
1354 3391 1605 3454 apostata
1643 3382 1869 3440 eﬂ‘ectus
1906 3386 2192 3457 quamplu-

609 3481 783 3537 rimos
809 3478 1128 3550 angelorum
1164 3492 1351 3533 secum
1379 3477 1658 3533 declinare
1681 3479 2019 3546 persuaserit
2044 3521 2059 3545 ,
2097 3479 2190 3548 qui

608 3584 666 3632 et
717 3590 863 3632 nunc
912 3586 1085 3643 usque
1137 3570 1312 3643 angeli
1371 3570 1545 3641 ipsius
1614 3578 2018 3642 nuncupantur.
2093 3570 2189 3627 Est

608 3679 876 3740 prmterea
900 3677 956 3722 et
985 3667 1113 3721 illud
1137 3667 1190 3720 in
1212 3666 1582 3723 ecclesiastica
1608 3663 2015 3733 praedicatione,
2043 3667 2188 3734 quod

610 3760 847 3815 mundus
876 3759 980 3813 iste
1003 3758 1075 3813 sit
1104 3758 1309 3820 factus,
1335 3767 1393 3811 et
1423 3772 1453 3810 a
1489 3765 1644 3812 certo
1671 3763 1918 3824 tempore
1938 3755 2187 3824 cmperit,

609 3860 667 3905 et
718 3850 790 3903 sit
825 3863 924 3917 pro
956 3848 1071 3917 ipsa
1129 3847 1212 3902 sui
1272 3846 1623 3917 corruptione
1671 3843 1964 3900 solvendus
2001 3863 2013 3899 :
2046 3846 2174 3914 quid

609 3951 793 3998 tamen
840 3950 967 3995 ante
1006 3941 1153 3995 hunc
1206 3940 1465 3994 mundum
1502 3939 1694 4005 fuerit,
1753 3948 1849 3993 aut
1903 3939 2030 4008 quid
2068 3946 2190 4008 post

609 4032 871 4088 mundum
894 4031 1022 4096 erit,
1042 4030 1153 4100 jam
1185 4048 1289 4087 non
1335 4043 1432 4099 pro
1479 4028 1773 4084 manifesto
1808 4027 1991 4083 multis
2026 4028 2189 4081 iuno-

609 4126 715 4182 tuit
745 4141 759 4177 :
789 4140 895 4180 non
952 4125 1097 4180 enim
1142 4124 1430 4179 evidenter
1463 4124 1529 4177 de
1580 4123 1663 4177 his
1708 4122 1763 4177 in
1807 4121 2184 4177 ecclesiastica

607 4219 994 4288 praedicatione
1045 4231 1223 4272 sermo
1273 4214 1573 4286 profertur.
1628 4212 1766 4269 Tum
1797 4214 1992 4269 deinde
2040 4216 2184 4284 quod

608 4325 708 4381 per
741 4308 999 4379 Spiritum
1064 4308 1154 4363 Dei
1214 4306 1514 4375 Scriptura:
1564 4307 1890 4376 conscripta:
1946 4307 2084 4372 sint,
2131 4313 2187 4360 et

604 4415 828 4456 sensum
857 4400 1115 4461 habeant,
1159 4414 1265 4453 non
1308 4413 1430 4454 eum
1460 4397 1634 4453 solum
1668 4399 1762 4468 qui
1804 4399 1859 4453 in
1894 4398 2182 4453 manifesto

2229 1784 2273 1840 Β

2378 524 2667 581 Omcsnes.
2696 542 2714 576 ι
2744 524 2839 579 Est
2867 526 3030 578 etiam
3063 525 3188 580 illtul
3217 526 3271 580 in
3295 525 3648 584 ecclesiastica
3667 536 3838 599 praedi.

2307 618 2563 679 catione,
2614 630 2737 671 esse
2788 616 3011 687 angelos
3065 616 3156 672 Dci
3205 619 3489 686 quosdam,
3532 632 3585 675 et
3633 624 3838 684 virtutes

2307 709 2498 773 bonas,
2533 708 2624 778 qui
2650 706 2699 760 ei
2735 706 3050 763 tniniSIrent
3076 710 3141 763 ad
3182 710 3410 764 salutem
3442 712 3700 769 hominum
3726 734 3837 776 con-

2306 801 2679 855 summandam
2698 820 2709 853 :
2730 802 2824 856 sed
2839 801 3052 869 quando
3069 799 3156 855 isti
3178 801 3343 855 creati
3371 801 3495 861 sint.
3510 803 3616 874 (58)
3636 806 3710 860 vel
3724 824 3838 875 qua.

2306 892 2404 957 les,
2439 904 2533 946 aut
2555 895 2829 964 quomodo
2851 893 2981 958 sint,
3005 909 3109 947 non
3145 893 3279 947 satis
3307 894 3359 947 in
3381 895 3652 951 manifesto
3672 897 3837 955 distiu-

2304 987 2508 1055 guitur.
2566 988 2639 1040 De
2664 987 2777 1041 sole
2805 999 3019 1050 autem,
3067 997 3122 1042 et
3153 987 3302 1051 luna,
3353 997 3409 1041 et
3452 988 3636 1054 stellis,
3681 1000 3837 1049 utrum

2306 1080 2603 1134 animantia
2631 1081 2760 1143 sint,
2787 1097 2855 1135 an
2887 1082 3161 1145 exanima,
3185 1079 3468 1135 manifeste
3497 1097 3595 1136 non
3618 1085 3836 1143 traditur.

2305 1172 2533 1242 Oportet
2564 1173 2730 1243 igitur
2759 1173 2906 1228 velut
2935 1173 3219 1228 elementis
3265 1188 3328 1226 ac
3372 1172 3716 1230 fundamentis
3749 1176 3835 1231 hu-

2301 1264 2532 1332 iusmodi
2564 1264 2664 1329 uti,
2689 1264 2989 1319 secundum
3022 1265 3335 1318 mandatum
3365 1267 3507 1332 quod
3530 1266 3652 1320 dicit
3676 1284 3689 1320 :
3714 1260 3835 1322 Illu-

2304 1359 2500 1409 minate
2529 1356 2670 1409 vobis
2697 1355 2872 1409 lumen
2901 1355 3138 1409 scientiw
3157 1353 3229 1422 ¹⁸,
3249 1368 3371 1407 eum
3401 1355 3488 1422 qui
3512 1356 3647 1422 cupit
3667 1357 3835 1411 seriem

2305 1448 2594 1516 quamdam
2648 1456 2702 1500 et
2753 1462 2951 1514 corpus
2996 1461 3062 1501 cx
3109 1447 3310 1501 horum
3365 1446 3597 1500 omnium
3654 1448 3835 1505 ratione

2303 1539 2599 1606 conficere,
2624 1549 2685 1594 ut
2711 1540 3012 1597 manifestis
3047 1550 3101 1596 et
3136 1539 3466 1596 necessariis
3487 1542 3839 1597 assertionibus

2302 1630 2368 1685 de
2396 1631 2625 1701 singulis
2659 1633 2963 1702 quibusque
2989 1632 3117 1702 quid
3164 1631 3238 1686 sit
3276 1631 3329 1686 in
3373 1646 3502 1686 vero
3532 1632 3754 1697 rimetur,
3789 1642 3837 1688 et

2304 1742 2492 1793 unum,
2530 1736 2586 1780 ut
2619 1726 2880 1791 diximus,
2904 1740 3104 1796 corpus
3133 1724 3339 1779 efﬁciat
3375 1725 3617 1794 exemplis
3643 1734 3692 1780 et
3717 1725 3841 1780 aﬂir-v

2304 1820 2659 1886 tuationibus,
2695 1817 2781 1871 vel
2810 1817 2893 1873 his
2918 1832 3055 1886 quas
3083 1817 3136 1872 in
3174 1817 3383 1872 sanctis
3406 1816 3674 1886 Scripturis
3701 1819 3835 1874 iuve-

2302 1914 2463 1977 uerit,
2490 1912 2574 1967 vel
2606 1925 2744 1981 quas
2777 1926 2844 1965 ex
2875 1910 3286 1981 consequentiae
3315 1909 3484 1979 ipsius
3502 1910 3754 1982 indagine.
3784 1929 3840 1968 ac

2302 2007 2436 2062 recti
2472 2016 2661 2061 tenore
2694 2006 2983 2077 repererit.
3027 2026 3046 2060 ι

2372 2097 2704 2155 ΡΑιιΡιιιι.υε.
2760 2098 2873 2171 (59)
2928 2096 3054 2153 Haec
3117 2097 3345 2167 quidem
3412 2096 3550 2151 inter
3605 2095 3837 2165 principia

2301 2191 2461 2263 primi
2492 2191 2615 2247 libri
2642 2190 2782 2260 Περὶ
2802 2188 3006 2262 ἀρχῶν
3033 2190 3322 2258 disseruit,
3353 2197 3411 2242 ut
3435 2188 3717 2244 ostenderet
3737 2200 3841 2257 quae

2300 2281 2410 2337 sint
2433 2281 2522 2337 illa
2548 2297 2669 2352 qua:
2698 2281 2986 2337 manifeste
3023 2281 3076 2335 in
3105 2280 3479 2337 ecclesiastica
3504 2278 3838 2350 pratdicatione

2301 2375 2497 2430 tradita
2527 2385 2672 2438 sunt,
2706 2384 2761 2430 et
2790 2390 2913 2445 qua:
2942 2374 3053 2429 sint
3086 2389 3208 2443 quat
3245 2388 3352 2428 nou
3398 2383 3577 2443 aperte
3606 2370 3836 2427 definiun-

2301 2468 2412 2514 tur.
2451 2460 2525 2515 De
2551 2459 2751 2529 quibus
2782 2459 3016 2529 singulis
3050 2459 3357 2515 secundum
3382 2472 3498 2514 eam
3521 2457 3834 2525 divisionem,

2299 2566 2466 2622 quam
2499 2566 2669 2620 supra
2711 2552 2994 2619 ostendit,
3026 2551 3268 2620 sparsim
3317 2550 3554 2620 disputat
3580 2548 3631 2603 in
3659 2547 3840 2617 reliquo

2300 2657 2531 2711 corpore
2565 2642 2855 2708 librorum,
2885 2656 2949 2696 ea
2982 2643 3202 2713 quidem
3248 2657 3371 2712 qua:
3393 2655 3458 2697 ex
3488 2640 3695 2696 definito
3717 2655 3834 2710 pra:-

2298 2732 2470 2788 dicari
2497 2732 2567 2788 ab
2597 2732 2846 2789 Ecclesia
2871 2747 3040 2804 supra
3082 2731 3299 2799 docuit,
3330 2731 3581 2788 omnibus
3609 2729 3838 2786 adhibitis

2298 2826 2697 2898 probameutis,
2743 2842 2811 2882 ex
2840 2826 3144 2898 Scripturis
3177 2826 3393 2883 sanctis
3437 2824 3751 2882 manifestius
3787 2834 3837 2879 et

2296 2917 2640 2974 constantius
2662 2931 2955 2983 asserens;
2991 2917 3059 2972 de
3080 2916 3170 2972 his
3202 2930 3339 2972 vero
3372 2918 3438 2972 de
3464 2914 3652 2986 quibus
3678 2921 3835 2969 osten-

2297 3013 2378 3069 dit
2414 3026 2524 3068 non
2555 3009 2867 3076 manifeste,
2912 3024 3092 3081 neque
3147 3025 3215 3065 ex
3267 3010 3493 3067 definito
3542 3009 3593 3065 itt
3622 3005 3832 3063 Ecclesia

2221 3142 2264 3205 α
2298 3104 2605 3205 praedicari,
2632 3101 2986 3205 opinionibus
3017 3102 3214 3205 magis,
3358 3101 3444 3159 his
3487 3101 3719 3158 sensibus
3753 3096 3833 3169 qui

2301 3197 2602 3269 ύῶριηαιιιί
2634 3197 2685 3251 ei
2708 3205 2766 3251 et
2794 3194 3056 3252 tractanti
3087 3195 3157 3250 de
3202 3194 3406 3251 talibus
3437 3205 3712 3250 occurrere
3748 3204 3835 3260 po-

2298 3300 2544 3358 tuerunt,
2574 3304 2737 3361 quant
2766 3290 2932 3346 certis
2963 3286 3242 3358 aliquibus
3264 3301 3334 3344 ac
3362 3284 3597 3341 definitis
3617 3282 3841 3339 assertio-

2297 3383 2461 3439 nibus
2490 3382 2683 3446 utitur,
2714 3379 2766 3435 id
2797 3389 2903 3444 est,
2932 3377 3230 3434 discutiens
3249 3385 3315 3434 et.
3339 3384 3669 3448 pertractans
3688 3372 3839 3445 potius

2297 3490 2461 3547 quam
2506 3473 2802 3528 afﬁrmans.
2847 3471 2906 3528 in
2957 3472 3212 3528 omnibus
3247 3482 3435 3526 tamen
3485 3468 3736 3525 sermonis
3768 3465 3836 3518 sui

2299 3566 2569 3632 meminit,
2600 3565 2719 3634 ejus
2757 3580 2918 3635 quem
2944 3579 3109 3633 supra
3144 3564 3427 3633 exposuit,
3467 3576 3586 3619 cum
3611 3561 3683 3616 ait
3711 3558 3837 3616 illaut

2298 3660 2467 3716 solam
2508 3657 2876 3727 recipiendam
2923 3667 2979 3710 et
3027 3654 3361 3710 credendam
3410 3670 3531 3712 esse
3567 3653 3837 3712 veritatem,

2296 3766 2419 3822 quae
2458 3752 2512 3806 in
2562 3750 2709 3805 nullo
2742 3747 3060 3818 apostolicis
3096 3758 3151 3803 et
3180 3747 3573 3804 ecclesiasticis
3607 3742 3837 3815 dogmati-

2298 3846 2397 3900 bus
2425 3845 2748 3899 adversatur
2784 3859 2798 3897 :
2828 3850 2884 3896 et
2925 3857 3030 3896 nou
3063 3839 3238 3895 solum
3273 3840 3332 3895 in
3360 3841 3445 3896 his
3462 3839 3607 3895 libris
3636 3847 3835 3906 quorum

2295 3951 2463 4006 supra
2501 3936 2731 3990 fecimus
2767 3935 3100 3989 mentionem
3121 3972 3139 4001 ,
3180 3932 3274 3988 sed
3303 3942 3364 3989 et
3390 3934 3443 3989 in
3472 3930 3708 3989 omnibus
3732 3941 3838 3997 qua:

2295 4032 2365 4086 de
2413 4029 2719 4100 Scripturis
2746 4030 2993 4097 exponit,
3044 4028 3147 4082 hac
3179 4028 3454 4082 sententia
3496 4024 3573 4080 uti
3607 4022 3752 4085 solet,
3789 4027 3835 4071 et

2294 4122 2350 4176 in
2396 4121 2482 4176 his
2520 4120 2793 4190 prmcipue
2837 4118 2892 4173 itt
2952 4118 3151 4187 quibus
3196 4117 3387 4187 plures
3432 4116 3591 4171 unius
3638 4106 3834 4197 capituli

2293 4212 2774 4283 interpretationes
2805 4210 3055 4281 exponit,
3098 4209 3201 4264 hoc
3237 4223 3520 4272 asserens.
3556 4221 3612 4262 se
3638 4202 3828 4274 quidem

2293 4322 2362 4362 ne
2390 4305 2520 4375 quid
2546 4307 2690 4375 quod
2716 4303 2827 4358 dici
2860 4304 3034 4373 possit
3068 4303 3376 4369 omitteret,
3404 4301 3554 4372 plura
3587 4296 3666 4354 vel
3686 4296 3832 4351 divi-r-

2293 4414 2376 4461 sa,
2409 4405 2571 4467 prout
2620 4396 2826 4451 sentire
2879 4397 3076 4466 potuit,
3126 4393 3454 4465 protulisse;
3508 4388 3635 4449 illud
3674 4397 3830 4442 autem

604 4502 710 4556 est,
743 4492 837 4547 sed
862 4490 1099 4545 etalium
1124 4490 1413 4560 quemdam
1438 4489 1698 4545 latentem
1726 4491 2179 4561 quamplurimos.
2215 4513 2260 4568 ι)
2292 4490 2494 4545 debere
2530 4490 2703 4545 teucri
2731 4490 2880 4560 quod
2913 4488 3247 4560 apostolicus
3270 4498 3437 4560 atque
3465 4479 3832 4543 ecclesiasticus

602 4582 816 4641 Forma!
836 4584 979 4639 enim
1012 4594 1138 4638 sunt
1170 4584 1283 4638 haec
1315 4598 1435 4652 quae
1458 4583 1661 4653 scripta
1689 4593 1820 4638 suttt
1856 4598 2176 4638 sacramen-

606 4686 782 4734 torum
822 4677 1200 4747 quorumdam,
1234 4684 1289 4730 et
1313 4675 1631 4730 divinarum
1665 4691 1849 4732 rerum
1877 4676 2176 4747 imagines’:

604 4769 799 4840 dequo
833 4768 998 4823 totius
1024 4766 1283 4823 Ecclesia:
1324 4782 1466 4823 unus
1506 4777 1588 4823 est
1626 4782 1819 4824 sensus
1845 4809 1861 4834 ,
1906 4784 2027 4824 esse
2061 4769 2183 4838 qui-

602 4855 724 4915 de’m
748 4873 961 4914 omnem
990 4859 1165 4929 legem
1195 4858 1497 4928 spiritalem
1527 4901 1542 4928 ,
1598 4876 1704 4915 non
1755 4869 1935 4915 tamen
1969 4876 2031 4914 ca
2061 4877 2182 4930 quae

603 4955 775 5025 spirat
802 4953 910 5017 lex,
936 4968 1056 5007 esse
1090 4951 1345 5007 omnibus
1379 4962 1536 5020 nota,
1570 4953 1675 5008 nisi
1721 4954 1804 5008 his
1828 4952 1957 5009 solis
1981 4953 2179 5023 quibus

600 5046 773 5117 gratia
799 5043 1031 5113 Spiritus
1050 5043 1224 5099 sancti
1252 5043 1304 5097 in
1325 5045 1495 5099 verbo
1533 5044 1815 5117 sapientiae
1843 5060 1909 5101 ac
1937 5047 2179 5101 scientia:

598 5140 950 5195 contionatur.
990 5156 1010 5189 ι

672 5230 912 5287 “lCor.
946 5246 1033 5292 xv.
1064 5230 1157 5287 42.
1233 5230 1276 5262 “
1299 5231 1429 5286 ibid.
1457 5232 1546 5287 4⁸5.
1624 5231 1666 5264 ¹⁸
1712 5231 1836 5288 Ose.
1885 5249 1938 5298 x,
1986 5232 2075 5288 12.

672 5325 783 5394 (56)
819 5327 945 5396 Mss.
976 5326 1219 5396 plerique
1261 5326 1519 5380 omittunt
1570 5344 1746 5392 onere,
1797 5329 1938 5395 quod
1986 5338 2168 5385 exstat

600 5396 654 5451 in
683 5396 865 5451 editis.
897 5395 994 5453 Ms.
1018 5397 1369 5460 Sorhouicus,
1403 5406 1458 5450 ct
1487 5397 1624 5450 alter
1649 5400 1709 5452 ὃ.
1755 5397 1932 5453 Vitoui
1967 5399 2168 5454 habent

598 5465 748 5519 clade
778 5480 874 5533 pro
912 5482 1085 5523 onere.
1140 5466 1342 5520 Deinde
1382 5482 1483 5521 ms.
1523 5468 1858 5522 Sorbouicus
1883 5509 1901 5533 ,
1931 5471 2161 5523 necessi-

597 5545 704 5589 tate
736 5551 846 5589 esse
874 5537 1134 5606 subjectos
1160 5552 1179 5591 :
1210 5537 1390 5591 catteri
1423 5552 1553 5593 vero
1603 5553 1734 5593 mss.
1785 5550 1840 5594 et
1865 5539 1993 5593 editi
2019 5578 2035 5604 ,
2076 5556 2167 5595 ne-

597 5607 836 5676 cessitate
862 5623 973 5660 esse
995 5607 1280 5676 subjectos.

669 5675 782 5750 (57)
810 5675 1069 5730 llerliuus
1088 5675 1272 5742 habet,
1311 5689 1488 5735 utrum
1514 5694 1579 5732 ea:
1601 5680 1795 5750 Viniue
1825 5680 2163 5733 traducatur.

597 5745 1016 5811 Gettebrardus,
1062 5758 1237 5801 utrum
1286 5765 1351 5804 ea:
1396 5750 1591 5803 semine
1621 5745 1866 5803 traducis
1912 5751 2159 5806 ducatur.

2290 4583 2463 4638 lector
2494 4582 2771 4653 probaret.
2810 4582 2925 4639 lioc
2962 4584 3102 4639 idem
3139 4582 3459 4638 facitetiam
3495 4593 3613 4635 cum
3636 4571 3829 4631 haereti-

2288 4691 2480 4732 corum
2516 4677 2738 4731 discutit
2770 4686 2950 4733 sectas
2987 4699 2999 4732 :
3034 4677 3234 4746 quibus
3276 4675 3531 4731 omnibus
3569 4664 3830 4726 confutatis

2289 4779 2453 4838 atque
2487 4770 2772 4834 convictis,
2805 4784 2967 4823 unam
3003 4769 3200 4836 solam,
3243 4782 3474 4838 eamque
3500 4777 3654 4834 quam
3690 4770 3826 4825 supra

2286 4859 2561 4929 exposuit,
2594 4859 2887 4915 "catholica:
2914 4860 3163 4915 veritatis
3207 4858 3532 4915 sententiam
3571 4857 3723 4908 tenet.
3766 4848 3828 4900 Dc

2288 4952 2485 5022 quibus
2527 4950 2755 5022 singulis
2805 4950 3040 5021 qualiter
3094 4949 3435 5021 responderit
3476 4941 3746 5005 hazreticis,
3783 4943 3827 4987 ei

2286 5046 2561 5117 quomodo
2590 5047 2846 5101 universa
2878 5060 3068 5101 eorum
3113 5045 3367 5115 dogmata
3400 5042 3702 5100 destruens,
3732 5033 3828 5099 ipse

2284 5153 2502 5208 semper
2522 5138 2876 5208 apostolicam
2906 5137 3309 5193 confirmaverit
3344 5136 3532 5197 fidem,
3557 5127 3600 5185 si
3623 5124 3827 5180 νειὶιιιυθ

2276 5329 2381 5385 Sed
2410 5342 2601 5382 omnes
2643 5342 2771 5381 mss.
2804 5337 2883 5399 ut
2909 5327 2963 5381 in
3000 5336 3201 5399 nostro
3260 5334 3430 5380 testu.
3491 5315 3681 5399 Deinde
3725 5324 3822 5399 nis:

2276 5399 2651 5460 Sorbenicus,
2679 5398 2887 5464 corpori
2914 5398 3181 5459 induitur,
3236 5412 3329 5449 nec
3376 5409 3456 5458 ne,
3509 5395 3628 5444 satis
3668 5395 3823 5435 mani-

2272 5472 2410 5539 festa
2435 5470 2812 5539 pragdicatioue
2842 5468 3203 5539 distinguitur.
3472 5531 3484 5539 _

2342 5523 2458 5607 (58')
2503 5535 2591 5591 Vel
2618 5537 2819 5608 quales.
2864 5536 2987 5591 liatc
3006 5523 3412 5592 “desiderantur
3471 5531 3524 5587 in
3566 5523 3742 5587 editis,
3769 5523 3820 5570 οι

2274 5610 2631 5662 restituuntur
2658 5625 2723 5662 cx
2762 5624 2891 5663 mss.
3566 5669 3576 5673 λ
3701 5660 3712 5673 .
3764 5656 3793 5673 ν.

2311 5679 2458 5760 ,(59)
2488 5678 2559 5732 Ita
2594 5695 2725 5735 mss.
2779 5679 2920 5735 Editi
2953 5692 3101 5745 vero,
3155 5675 3285 5733 Hac
3320 5674 3522 5747 quidem
3561 5669 3613 5723 in
3638 5669 3817 5737 ptiust-

2267 5764 2377 5819 pio,
2409 5762 2517 5804 etc.
