3992 6312
593 354 697 408 555

1793 346 1851 402 S.
1890 341 2219 400 PAMPIllLl
2260 339 2611 396 MARTYRIS

3741 347 3832 402 556

592 487 687 532 eos
722 470 811 538 qui
851 469 1127 531 hominem
1167 467 1356 523 dicunt
1395 466 1683 521 Dominum
1731 462 1914 518 .lesum
1958 475 2161 530 praeco-
2193 461 2238 517 A
2266 458 2440 513 virum
2484 475 2607 514 cum
2654 458 2738 513 his
2765 461 3014 515 omnibus
3065 473 3202 527 quae
3250 473 3416 528 supra
3465 460 3790 528 exposuimus
3815 505 3828 528 ,

594 567 802 635 gnitum
836 573 891 617 et
919 563 1380 633 praedestinatum,
1412 559 1503 629 qui
1549 567 1674 612 ante
1717 557 2004 611 adventum
2041 569 2160 609 car-

593 654 766 709 nalem
800 652 1229 708 substantialiter
1253 658 1307 704 et
1348 649 1566 718 proprie
1597 662 1700 703 non
1729 647 2034 710 exstiterit,
2067 645 2163 699 sed

595 748 736 819 quod
767 747 927 801 homo
968 756 1124 800 natus
1163 743 1341 798 Patris
1384 742 1553 798 solam
1589 742 1643 796 in
1685 757 1743 796 se
1774 742 2020 796 habuerit
2049 737 2165 810 (72)

604 843 882 905 deitatem,
917 855 983 894 ne
1009 839 1128 894 illos
1152 839 1368 908 quidem
1399 838 1514 893 sine
1533 836 1773 907 periculo
1801 846 1883 891 est
1910 835 2164 890 Ecclesia:

595 949 826 989 numero
844 932 1042 987 sociari
1071 932 1239 986 :sicut
1261 938 1315 984 et
1338 929 1457 983 illos
1480 928 1569 998 qui
1596 927 1972 996 superstitiose
1994 926 2164 996 magis

594 1040 752 1096 quam
771 1025 1044 1095 religiose,
1060 1022 1135 1076 uti
1165 1037 1232 1076 ne
1252 1021 1538 1075 videantur
1554 1020 1689 1074 duos
1706 1019 1836 1073 deos
1861 1016 2165 1086 dicere,!ne-

593 1139 697 1196 que
724 1136 934 1177 rursum
955 1133 1158 1188 negare
1186 1115 1486 1170 Salvatoris
1513 1113 1792 1176 deitatem,
1834 1128 1994 1166 unam
2015 1126 2164 1166 eam-

593 1217 824 1285 demque
843 1213 952 1283 (75)
975 1207 1377 1266 subsistentiam
1399 1205 1576 1260 Patris
1595 1219 1656 1260 ac
1681 1204 1803 1258 Filii
1826 1210 2161 1265 asseverant,

591 1307 645 1361 id
679 1314 782 1367 est,
814 1303 918 1357 duo
941 1299 1159 1369 quidem
1196 1297 1410 1351 nomina
1455 1295 1754 1350 secundum
1791 1291 2163 1347 diversitatem

593 1409 877 1454 causarum
945 1392 1332 1462 recipientem,
1391 1403 1553 1443 unam
1615 1378 1798 1442 tamen
1869 1384 2165 1438 ὑπόστασιν

593 1489 908 1551 subsistere,
961 1485 1013 1540 id
1057 1492 1140 1538 est
1177 1497 1336 1536 unam
1372 1495 1659 1550 personam
1685 1478 1891 1534 duobus
1940 1476 2170 1532 nomini-

592 1584 696 1638 bus
724 1579 1132 1648 subjacentem,
1167 1573 1258 1642 qui
1311 1573 1499 1626 Latine
1543 1569 1931 1640 Patripassiani
1985 1565 2166 1638 appel-

594 1675 796 1736 lantur.
833 1670 944 1742 (Η)
994 1669 1099 1724 Sed
1145 1677 1200 1722 et
1239 1665 1282 1720 si
1333 1665 1424 1734 qui
1457 1672 1582 1718 sunt
1614 1662 1706 1732 qui
1741 1662 2005 1732 Spiritum
2042 1675 2166 1715 san-

595 1777 742 1821 ctum
769 1764 933 1818 alium
962 1760 1178 1830 quidem
1209 1758 1399 1814 dicunt
1425 1768 1543 1810 esse
1578 1755 1670 1824 qui
1697 1753 1799 1808 fuit
1844 1752 1897 1806 in
1929 1751 2164 1822 prophe-

599 1861 689 1925 tis,
722 1859 886 1912 alium
916 1865 1091 1909 autem
1129 1851 1218 1922 qui
1249 1849 1350 1904 fuit
1380 1847 1434 1903 in
1467 1845 1728 1918 apostolis
1751 1845 1961 1898 Domini
1992 1843 2158 1897 nostri

591 1949 721 2006 Jesu
749 1947 972 2011 Christi,
1008 1959 1172 1998 unum
1203 1950 1365 2010 atque
1397 1937 1541 1993 idem
1569 1936 1824 1992 delictum
1861 1933 2157 2004 impietatis

592 2039 907 2102 admittunt,
945 2034 1087 2104 quod
1116 2032 1215 2096 illi,
1252 2029 1370 2100 qui,
1401 2037 1662 2098 quantum
1696 2027 1748 2080 in
1780 2040 1840 2080 se
1869 2034 1974 2090 est,
2005 2033 2163 2078 natu-

594 2149 708 2188 ram
741 2130 955 2188 deitatis
986 2134 1192 2189 secant,
1216 2134 1270 2179 et
1309 2123 1420 2193 (75)
1456 2120 1714 2178 scindunt
1748 2134 1913 2173 unum
1948 2117 2086 2188 legis
2109 2123 2165 2170 et

593 2225 1006 2294 Evangeliorum
1065 2222 1250 2274 Deum.
1316 2215 1419 2270 Sed
1474 2223 1529 2269 et
1573 2213 1648 2268 illi
1698 2211 1790 2282 qui
1826 2226 1930 2264 non
1973 2222 2164 2264 omnes

592 2319 856 2376 humanas
897 2315 1108 2369 animas
1167 2309 1328 2363 unius
1377 2306 1490 2378 (76)
1545 2305 1896 2376 ejusdemque
1955 2309 2161 2355 natura“:

591 2411 776 2465 dicunt
806 2423 924 2465 esse
963 2405 1046 2460 vel
1093 2401 1449 2464 substantiae,
1495 2399 1592 2453 sed
1646 2396 1891 2450 diversas
1935 2401 2162 2447 naturas

592 2502 920 2565 animarum,
959 2499 1101 2553 inter
1132 2511 1225 2551 eas
1259 2497 1490 2549 haereses
1531 2486 1856 2544 numerandi
1885 2493 2014 2539 sunt
2043 2497 2164 2552 quae

590 2596 934 2666 iniquitatem
981 2593 1034 2646 in
1086 2588 1370 2644 Excelsum
1422 2586 1715 2653 loquuntur
1753 2579 1821 2643 ²¹,
1872 2587 2035 2644 atque
2080 2576 2166 2630 in-

588 2687 851 2760 justitiam
912 2681 1361 2751 iniquitatemque
1423 2677 1540 2745 ejus
1601 2680 1877 2728 accusant.
1942 2669 2162 2722 Necnon

594 2790 650 2835 et
707 2779 783 2834 illi
843 2777 932 2846 qui
994 2776 1148 2829 liberi
1206 2773 1413 2828 arbitrii
1460 2779 1782 2840 potestatem
1837 2782 1901 2821 ex
1955 2765 2164 2818 anima-

593 2876 693 2930 bus
759 2872 971 2926 aul'erre
1016 2869 1263 2922 nituntur
1325 2863 1464 2918 velut
1510 2860 1630 2932 ,(77)
1704 2857 2013 2928 perniciosa
2062 2856 2164 2910 do-

602 2975 802 3036 gmata,
840 2961 1110 3016 communi
1140 2960 1388 3013 humana:
1417 2955 1558 3019 vitae,
1585 2962 1637 3010 et
1667 2950 1852 3006 virtuti
1885 2950 2167 3004 continenc

593 3059 684 3113 tia:
713 3056 889 3111 labem
928 3053 1217 3123 quamdam
1257 3048 1455 3103 inferre
1489 3045 1764 3114 iudicandi
1796 3051 1942 3108 sunt,
1971 3056 2039 3095 ne
2065 3041 2167 3094 hu-

2276 552 2439 607 etiam
2481 551 2548 606 de
2582 560 2914 607 mortuorum
2952 550 3365 606 resurrectione
3414 549 3583 615 fides,
3630 552 3690 606 de
3733 570 3826 623 qua

2264 655 2500 702 sanctus
2550 645 2828 715 apostolus
2875 645 3074 701 Paulus
3124 647 3200 702 ita
3237 647 3594 717 pronuntiat,
3642 650 3753 717 quia
3787 653 3827 705 si

2264 740 2387 808 quis
2449 749 2609 808 negat
2672 739 3126 794 resurrectionem
3198 748 3546 793 mortuorum
3581 779 3594 803 ,
3651 755 3824 796 conse-

2263 845 2434 901 quens
2461 841 2543 884 est
2559 839 2616 884 ut
2640 829 2840 886 Christi
2869 832 3329 887 resurrectionem
3347 840 3507 899 neget
3525 830 3588 881 ³³.
3608 829 3712 901 (79)
3730 830 3826 886 ila-

2264 922 2456 977 beatur
2483 921 2838 978 nihilominus
2866 923 2917 975 in
2953 921 3338 976 ecclesiastico
3365 921 3555 974 ordine
3579 923 3735 976 etiam
3770 924 3828 978 de

2265 1013 2482 1068 diabolo
2514 1014 2674 1079 ratio,
2706 1023 2760 1069 et
2789 1015 2857 1069 de
2893 1013 3041 1068 omni
3073 1013 3193 1083 ejus
3238 1013 3515 1077 exercitu,
3547 1014 3681 1081 quod
3709 1030 3825 1084 ago—

2265 1122 2362 1162 nes
2389 1107 2649 1176 quosdam
2694 1116 2749 1161 et
2789 1106 3086 1161 certamina
3125 1107 3426 1161 adversum
3459 1120 3644 1161 omnes
3669 1107 3826 1161 homi-

2266 1214 2362 1255 nes
2388 1241 2403 1267 ,
2451 1199 2723 1269 praecipue
2756 1208 2935 1253 tamen
2971 1199 3236 1253 adversus
3272 1211 3372 1251 eos
3403 1197 3498 1266 qui
3528 1199 3749 1252 credunt
3776 1199 3824 1257 in

2268 1291 2555 1346 Dominum
2608 1300 2852 1346 nostrum
2884 1289 3067 1344 Jesum
3107 1288 3453 1352 Christum,
3505 1298 3713 1344 movent
3738 1307 3753 1344 :
3777 1300 3827 1346 et

2265 1385 2410 1453 quod
2448 1384 2824 1439 necessitatem
2856 1385 3072 1453 quidem
3116 1382 3410 1452 imponere
3463 1382 3710 1449 peccandi
3742 1398 3828 1452 per

2267 1491 2467 1546 agones
2489 1486 2544 1531 et
2567 1477 2866 1532 certamina
2909 1491 3017 1530 non
3046 1473 3229 1528 valent
3254 1511 3270 1539 ,
3300 1473 3629 1542 persuadere
3665 1483 3825 1530 tamen

2265 1573 2320 1619 et
2351 1563 2603 1633 decipere
2632 1564 2698 1618 ad
2733 1564 3143 1620 subversionem
3196 1571 3438 1632 possunt
3484 1577 3575 1618 eos
3603 1565 3686 1633 qui
3729 1581 3824 1618 non

2256 1654 2414 1714 omni
2445 1653 2689 1708 custodia
2739 1667 2834 1707 sua
2883 1653 3051 1708 corda
3099 1651 3497 1720 praemuniunt.
3532 1651 3824 1710 llabendum

2268 1752 2354 1800 est
2395 1754 2576 1799 autem
2608 1745 2660 1798 in
2693 1743 3081 1800 ecclesiasticis
3127 1743 3644 1811 observationibus,
3691 1749 3825 1814 quod

2270 1852 2444 1908 neque
2489 1839 2771 1893 hominum
2801 1839 2922 1908 quis
2965 1852 2994 1890 a
3035 1839 3144 1892 Deo
3194 1835 3252 1890 in
3291 1835 3644 1905 perditionem
3673 1839 3827 1893 tradi-

2267 1924 2484 1997 tus'est,
2516 1933 2611 1988 sed
2642 1933 3014 2001 unusquisque
3055 1930 3409 2001 pereuntium
3441 1944 3536 1983 sua
3567 1930 3825 2002 negligen-

2263 2024 2338 2080 tia
2373 2033 2565 2096 pereat
2589 2033 2644 2080 et
2675 2025 2836 2093 culpa
2866 2062 2880 2088 ,
2911 2024 3000 2093 qui
3030 2021 3244 2077 habens
3276 2020 3493 2076 arbitrii
3525 2021 3824 2087 libertatem,

2263 2120 2464 2190 eligere
2493 2119 2632 2188 quod
2677 2119 2876 2172 bonum
2926 2126 3010 2171 est
3059 2126 3113 2170 et
3147 2115 3336 2186 potuit
3377 2122 3433 2168 et
3464 2113 3660 2168 debuit.
3689 2113 3825 2178 Quod

2264 2213 2426 2266 etiam
2462 2210 2530 2265 de
2577 2211 2696 2279 ipso
2729 2209 2943 2263 diabolo
2975 2196 3326 2263 sentiendum
3369 2215 3475 2271 est,
3508 2205 3594 2274 qui
3626 2206 3674 2259 in
3705 2220 3823 2259 con-

2265 2315 2452 2374 spectu
2507 2301 2718 2357 Domini
2775 2300 3167 2370 omnipotentis
3223 2299 3561 2355 describitur
3613 2298 3824 2353 restitis-

2265 2410 2322 2450 se
2346 2395 2414 2462 “,
2447 2405 2501 2449 et
2529 2395 2837 2449 deseruisse
2885 2402 3088 2448 statqu
3116 2408 3279 2447 suum
3311 2392 3363 2445 in
3397 2407 3507 2460 quo
3541 2390 3711 2444 fuerat
3734 2389 3822 2442 im-

2265 2489 2567 2543 maculatus
2593 2488 2637 2521 ²⁸
2673 2509 2684 2543 :
2714 2487 2804 2556 qui
2834 2487 3018 2556 utique
3043 2486 3316 2556 potuisset
3366 2484 3422 2538 in
3461 2485 3559 2538 hoc
3595 2490 3727 2537 Statu
3771 2482 3817 2535 in

2266 2595 2374 2650 quo
2406 2579 2475 2635 ab
2525 2580 2678 2634 initio
2704 2580 2843 2646 fuit,
2894 2593 3067 2648 usque
3095 2578 3146 2631 in
3180 2576 3350 2631 finem
3387 2588 3731 2644 perseverare
3780 2575 3820 2628 si

2267 2672 2542 2727 voluisset.
2575 2673 2900 2741 Designatus
2923 2711 2936 2736 ,
2975 2679 3032 2723 ut
3063 2670 3333 2734 arbitror,
3370 2667 3524 2723 nobis
3548 2675 3651 2729 est,
3679 2675 3821 2735 prout

2265 2764 2537 2834 potuimus
2568 2801 2583 2827 ,
2627 2773 2682 2816 et
2729 2763 3032 2832 descriptus
3065 2761 3188 2831 quis
3223 2768 3282 2815 et
3325 2760 3504 2830 qualis
3555 2766 3689 2814 esset
3723 2756 3821 2827 (80)
3911 2754 3922 2766 '

2268 2856 2558 2911 haereticus
2579 2895 2594 2920 ,
2632 2866 2685 2909 et
2715 2869 2833 2923 qua:
2859 2853 2944 2908 vel
2974 2855 3026 2907 in
3079 2854 3283 2923 quibus
3311 2853 3432 2921 ejus
3460 2853 3699 2921 dogmata
3736 2850 3824 2902 fal-

2267 2963 2448 3018 saeque
2483 2947 2768 3017 opiniones
2813 2943 3137 3010 habeantur,
3165 2953 3219 3000 et
3262 2960 3393 3014 quae
3424 2944 3494 2998 sit
3523 2941 3827 2998 ecclesiasti-

2268 3055 2345 3096 cae
2380 3039 2736 3094 observantia:
2775 3038 3002 3107 paritas.
3039 3054 3057 3088 ι

594 3150 736 3205 mani
769 3146 1029 3218 propositi
1060 3159 1146 3198 res
1173 3150 1391 3211 putetur
1423 3138 1629 3193 bonum
1659 3137 1787 3206 quid
1821 3134 1904 3190 vel
1940 3132 2122 3188 facere
2147 3173 2162 3198 ,
2192 3143 2234 3202 ο
2338 3132 2666 3187 PAMPHILUS.
2700 3130 2765 3184 Et
2796 3139 2913 3198 post
2943 3143 3112 3198 pauca
3139 3128 3359 3183 addidit
3389 3129 3534 3183 haec:

592 3244 680 3298 vel
711 3243 890 3296 dicere
918 3281 931 3306 ,
973 3238 1057 3293 vcl
1085 3235 1286 3292 sentire
1315 3251 1328 3287 :
1361 3247 1426 3287 ex
1458 3245 1566 3301 quo
1597 3230 1662 3284 ad
1701 3235 2068 3296 contemptum
2099 3239 2163 3280 ac

593 3333 978 3406 negligentiam
1015 3328 1182 3384 divini
1227 3325 1411 3396 iudicii
1455 3338 1606 3377 mens
1632 3323 1868 3375 humana
1902 3318 2163 3374 formabi-

595 3438 702 3482 tur.
737 3425 820 3479 Sit
853 3435 1030 3477 autem
1061 3419 1114 3473 in
1137 3416 1504 3472 ecclesiastico
1528 3412 1719 3468 ordine
1750 3411 1912 3464 etiam
1943 3408 2008 3461 de
2039 3421 2164 3476 pec-

596 3529 839 3576 catorum
872 3513 1150 3584 suppliciis
1186 3511 1352 3572 ﬁdes,
1385 3517 1440 3562 et
1479 3507 1545 3561 de
1574 3506 1656 3560 his
1689 3503 1776 3574 qui
1811 3500 2028 3572 praemia
2063 3501 2160 3553 ho—

594 3628 676 3668 nae
723 3606 1151 3666 conversationis
1206 3611 1259 3656 et
1295 3600 1419 3654 vitae
1453 3599 1506 3652 in
1538 3611 1702 3665 regno
1754 3591 1968 3647 Domini
2017 3591 2166 3658 justo

593 3705 712 3774 ejus
747 3699 952 3773 judicio
986 3693 1255 3765 recepturi
1305 3702 1451 3746 sunt.
1506 3688 1560 3744 Si
1619 3688 1741 3758 quis
1786 3700 1916 3754 ergo
1971 3685 2162 3737 horum

595 3796 799 3867 a.iquid
828 3835 842 3860 ,
894 3808 1014 3861 quae
1063 3803 1224 3857 supra
1264 3783 1614 3855 exposuimus
1640 3825 1656 3850 ,
1690 3790 2030 3835 commutare
2078 3777 2165 3834 vel

597 3889 913 3945 subvertcrc
942 3884 1052 3952 ('78)
1071 3889 1317 3944 conatur,
1345 3877 1491 3930 velut
1519 3890 1806 3940 perversus,
1845 3883 1898 3925 et
1928 3890 1960 3925 a
1988 3880 2167 3925 semet-

595 3982 711 4048 ipso
756 3977 1060 4036 damnatus,
1096 3973 1386 4024 secundum
1437 3967 1761 4020 sententiam
1809 3965 2050 4033 ApOStoli
2094 3963 2159 4028 ",

595 4072 759 4126 etiam
798 4083 825 4120 a
873 4065 1030 4120 nobis
1063 4071 1329 4132 praecepto
1365 4058 1787 4127 obsequentibus
1817 4055 1934 4124 ejus
1962 4096 1977 4123 ,
2013 4056 2166 4110 simi-

597 4164 720 4219 liter
755 4157 1030 4214 habendus
1063 4164 1167 4208 est.
1215 4153 1465 4220 Desiguet
1515 4159 1693 4202 autem
1730 4149 2161 4204 ecclesiasticum

666 4307 709 4338 ³³
752 4303 952 4360 Psalm.
983 4315 1153 4362 Lxxu,
1195 4295 1252 4350 8.
1356 4298 1399 4328 ²²
1431 4294 1536 4348 Tit.
1565 4310 1648 4360 ιιι,
1688 4295 1774 4348 Η.

596 4377 642 4409 ’⁵
667 4377 768 4431 lsa.
797 4389 898 4430 va
923 4412 938 4439 ,
972 4372 1025 4425 5.
1123 4371 1165 4400 ²⁷
1204 4366 1344 4423 Psal.
1377 4382 1499 4431 CXL,
1523 4365 1577 4418 5.

1873 4294 1918 4325 ³³
1946 4293 1965 4346 1
1991 4293 2115 4350 Cor.
2151 4309 2241 4358 xv,
2279 4293 2363 4347 15.

2341 3224 2629 3281 Οιιιςειιες.
2694 3241 2711 3273 ι
2768 3222 3152 3291 Requisierunt
3201 3233 3345 3275 sane
3396 3219 3612 3290 quidam
3661 3226 3818 3270 utrum

2271 3319 2549 3382 haeresim,
2590 3316 2703 3386 (8i)
2745 3332 2810 3370 an
2850 3315 3085 3370 schisma
3127 3323 3389 3384 oporteat
3423 3313 3602 3366 vocari
3629 3324 3713 3363 eos
3741 3307 3817 3375 qui

2270 3409 2626 3480 Cataphrygre
2675 3407 3042 3469 nominantur,
3091 3404 3453 3459 observantes
3510 3399 3664 3454 falsos
3707 3412 3816 3467 pro-

2271 3501 2474 3568 phetas
2511 3507 2566 3552 et
2615 3496 2857 3550 dicentes
2891 3511 2904 3547 :
2937 3492 3018 3546 Ne
3049 3495 3268 3546 accedas
3325 3490 3395 3544 ad
3445 3504 3554 3552 me,
3595 3483 3816 3555 quoniam

2268 3593 2492 3649 mundus
2527 3606 2641 3644 sum
2664 3589 2708 3620 ³⁸
2739 3608 2752 3644 :
2791 3601 2896 3642 non
2928 3587 3070 3641 enim
3102 3584 3214 3654 (82)
3245 3583 3437 3653 accepi
3474 3592 3705 3640 uxorem,
3731 3587 3815 3627 nec

2269 3695 2352 3740 est
2382 3683 2682 3753 sepulcrum
2713 3689 2902 3749 patens
2927 3687 3113 3748 guttur
3149 3691 3329 3730 meum
3353 3715 3368 3740 ,
3401 3673 3496 3728 sed
3523 3685 3634 3726 sum
3662 3665 3816 3721 Naza-

2270 3793 2409 3834 raeus
2441 3776 2558 3838 Dei,
2593 3790 2700 3828 non
2729 3773 2916 3828 bibens
2941 3773 3123 3824 vinum
3154 3769 3296 3823 sicut
3331 3767 3428 3822 illi.
3467 3784 3486 3818 ι

2341 3871 2663 3926 PAMPHILUS.
2720 3865 2838 3920 Ista:
2873 3877 3032 3919 voces
3063 3869 3188 3916 sunt
3216 3861 3336 3929 ejus
3369 3857 3460 3927 qui
3489 3855 3631 3909 velut
3658 3851 3812 3906 haere-

2275 3965 2411 4020 ticus
2457 3969 2766 4022 accusatur,
2816 3967 2872 4011 et
2918 3954 3200 4023 corruptio
3232 3968 3298 4007 ac
3347 3950 3577 4022 perditio
3625 3946 3810 3998 anima-

2273 4069 2413 4116 rum,
2448 4051 2518 4104 ab
2547 4050 2632 4103 his
2657 4048 2749 4117 qui
2782 4058 3124 4114 nequaquam
3149 4043 3350 4097 ostium
3379 4041 3460 4096 ori
3489 4052 3584 4094 suo
3607 4044 3658 4091 et
3680 4032 3811 4087 clau-

2272 4156 2382 4203 stra
2435 4142 2590 4197 labiis
2615 4139 2728 4196 suis
2755 4138 3032 4206 imponere
3061 4150 3091 4188 a
3141 4133 3413 4203 Propheta
3443 4131 3728 4186 didicerunt
3749 4122 3806 4174 ³⁷.

2473 4289 2518 4321 ³⁸
2546 4285 2754 4344 Daniel.
2797 4301 2851 4349 x,
2883 4282 2978 4350 i5;
3007 4279 3229 4351 Apocal.
3260 4295 3358 4345 xu,
3388 4277 3437 4330 7.
3533 4273 3576 4305 "
3607 4267 3719 4325 Jud.
3760 4264 3805 4318 6.

599 4497 677 4552 De
717 4497 879 4551 hacce
919 4490 1112 4545 ha'resi
1147 4487 1267 4542 vide
1313 4485 1458 4554 quod
1497 4482 1731 4538 diximus
1781 4479 2153 4552 Origenianor.
2189 4485 2232 4538 D
2261 4480 2398 4532 inter
2440 4493 2528 4530 eos
2561 4473 2832 4554 haereticos
2883 4467 3192 4523 numerandi
3247 4474 3369 4519 sunt
3405 4462 3523 4535 qui,
3568 4466 3667 4513 etc.
3711 4449 3800 4506 Sed

597 4568 692 4624 lib.
725 4583 762 4629 ι,
799 4579 913 4632 cap.
938 4564 993 4626 ’5,
1021 4573 1122 4614 art.
1157 4562 1212 4613 8.

669 4621 780 4708 (72')
817 4621 1349 4708 Eilit_i,diuinilatem,
1385 4643 1445 4708 ne
1469 4628 1608 4708 ipsos
1643 4621 1849 4690 quidem
1884 4621 2159 4708 scinelperi-

597 4689 856 4764 cul‘oie'sse
891 4689 1291 4775 (Gcnebrardus
1330 4689 1532 4775 omittit
1570 4689 1716 4747 esse:
1747 4707 1849 4745 ms.
1871 4689 2160 4775 .Sorbgni-

723 4760 871 4848 posse
896 4760 999 4848 pro
1046 4770 1200 4840 esse),
1230 4769 1479 4848 Ecciesiw
1511 4779 1724 4848 numero
1774 4762 1988 4814 sociari.
2042 4760 2160 4815 Cte-

597 4851 698 4905 tcri
723 4835 856 4902 inss.
891 4835 946 4898 ut
971 4846 1021 4897 in
1054 4835 1220 4903 textu,
1255 4839 1357 4893 nisi
1385 4837 1526 4906 quod
1564 4835 1792 4888 habeant
1819 4846 1927 4885 esse
1950 4845 2048 4899 pro
2079 4841 2154 4884 est

596 4921 740 4991 quod
763 4918 1042 4991 legendum
1075 4913 1300 4991 videtur.

670 4970 936 5059 (—ﬁjhiss.
961 4981 1369 5059 subsistendum.
1405 4976 1541 5059 Ειξίιιί
1561 4970 2154 5059 ,_su.bsta_ntiam,nmale.

668 5041 782 5129 (74)
834 5041 945 5129 Ms.
969 5050 1332 5129 Corbcie‘nsis,
1369 5056 1423 5101 et
1458 5045 1671 5129 _Merliu‘i
1707 5043 1874 5129 editio
1901 5083 1915 5107 ,
1961 5041 2065 5129 Sed
2109 5051 2157 5121 et

597 5111 830 5202 qui‘sitlnt
859 5128 968 5202 qui,
1012 5119 1577 5202 etc..Genebrardus,
1623 5113 1726 5168 Sed
1774 5121 1993 5202 etus‘u‘nt
2043 5111 2154 5180 qui,

598 5181 896 5268 .1i'c'.,"quoii
921 5181 1248 5268 contrarium
1267 5200 1385 5242 erat
1416 5187 1498 5268 h_is
1527 5201 1644 5254 quae
1679 5182 1871 5268 scribit
1894 5181 2158 5248 Origenes

601 5252 789 5324 lili.'111
817 5269 890 5320 De
929 5263 1221 5331 principiis,
1271 5274 1392 5326 cap.
1437 5252 1682 5331 ’7,ῌιιιιιιι.
1724 5253 1776 5331 13
1814 5252 1953 5331 Duos
1984 5263 2156 5302 mitem

602 5322 832 5406 Spiritus
863 5322 1069 5389 sanctos
1097 5322 1366 5406 nunquam
1397 5327 1699 5406 audivimus
1719 5322 1782 5376 ab
1817 5322 2157 5406 aliquolprw-

597 5392 795 5462 dicari.
855 5408 959 5461 Sed
1009 5402 1190 5458 caeteri
1221 5392 1362 5453 'mss.
1405 5398 1570 5450 nostri
1613 5394 1701 5462 qui
1747 5403 1890 5447 recte
1931 5392 2151 5462 habent,

600 5461 704 5534 Sed
722 5489 769 5532 et
802 5479 847 5529 si
874 5477 961 5540 qui
981 5483 1101 5528 sunt
1129 5471 1237 5539 qui,
1257 5480 1387 5540 etc.,
1409 5461 1650 5535 apertam
1677 5461 2154 5540 contradictionem

601 5533 837 5604 solvunt.
866 5533 936 5600 Ibi
973 5545 1113 5598 enim
1139 5533 1244 5595 iton
1271 5533 1587 5596 aﬂirtnatur,
1617 5535 1709 5588 sed
1737 5533 2029 5604 dubitatur.

671 5598 911 5687 iisti—Sic?
927 5598 1112 5687 omnes
1141 5627 1270 5664 mss.
1299 5608 1438 5687 ζωιιὶ
1477 5619 1640 5687 vero,
1679 5602 2029 5687 et'scindun't,
2071 5598 2155 5650 di-

596 5668 781 5744 teiiies’
804 5668 974 5740 unum
993 5685 1163 5750 Legs,
1192 5691 1236 5733 et
1264 5671 1924 5750 altyumEaangeliorum
1966 5668 2150 5750 Deum.

671 5738 783 5829 iiii)
809 5738 889 5811 ita
925 5771 1024 5829 ms.
1059 5738 1276 5819 Regius.
1320 5738 1688 5829 C_a:teri__ver9;
1724 5756 1852 5829 mss.
1886 5749 1962 5829 et.
1984 5738 2154 5829 editi,

596 5807 1265 5897 risisiieniqiierdicuul73w:
1289 5815 1613 5874 substantiw.
1649 5810 1816 5868 Paulo
1847 5817 1967 5880 post
1999 5807 2154 5875 editi,

2262 4562 2450 4602 omnes
2479 4561 2612 4600 mss.
2641 4557 2699 4598 ut
2731 4545 2782 4596 in
2809 4551 2980 4594 textu.
3652 4595 3662 4602 _
3700 4601 3705 4602 ί
3769 4589 3778 4598 ,

2331 4595 2448 4687 (τῇ)
2477 4595 2959 4687 ξιξ-ἰιιξξί-ιιρεινὶ,
3011 4605 3114 4662 nisi
3153 4604 3296 4686 quod
3331 4604 3589 4687 habeant,
3618 4595 3799 4687 uirtutis

2261 4673 2615 4742 continentiae.
2667 4682 2809 4737 Editi
2866 4694 3030 4743 vero,
3094 4673 3390 4746 pernicioso
3443 4673 3797 4746 dogmata...

2260 4770 2306 4811 et
2343 4756 2519 4812 virtuti
2553 4752 2886 4809 continentiw
2906 4787 2921 4803 .
2947 4789 2962 4802 .
2980 4787 2994 4802 .
3015 4786 3032 4800 .
3052 4762 3113 4800 ne
3139 4745 3357 4798 humani
3400 4744 3639 4813 proposui
3670 4744 3799 4797 repu-

2260 4835 2599 4967 letr'iréfh‘fss.
2651 4890 3014 4967 Sorbonicus,
3053 4895 3109 4941 et
3160 4884 3354 4938 Montis
3389 4869 3791 4967 Salllicliafli‘sn.

2260 4946 2508 5030 conatur,
2527 4946 2705 5033 peccat
2733 4963 2868 5016 velut
2891 4946 3160 5033 peruersus
3179 4967 3227 5008 et
3245 4972 3287 5033 _a
3311 4946 3794 5033 semetipsoﬂdamna:

2259 5019 2371 5102 ait,
2393 5019 2439 5090 et
2463 5019 2768 5099 secundum,
2794 5019 2901 5085 etc:
2932 5029 3036 5084 Sed
3071 5026 3259 5082 caueri
3283 5041 3412 5079 mss.
3443 5031 3498 5075 et
3527 5019 3646 5072 editi
3680 5019 3726 5064 ut
3751 5023 3794 5060 ιιι

2261 5117 2429 5161 textu.

2471 5174 2548 5228 lta
2585 5187 2715 5228 mss.
2752 5169 3029 5247 plerique;
3065 5167 3186 5247 _nisi
3233 5157 3628 5247 quodquid‘aiui:

2261 5228 2676 5315 post'liabeant:
2723 5228 2772 5315 ei
2799 5242 2862 5292 de
2890 5228 3028 5315 Jmni
3047 5239 3172 5315 jure
3194 5228 3454 5315 eiercitii.
3500 5228 3788 5315 Eduini-fro,

2261 5299 2620 5370 Haeduum...
2645 5314 2873 5364 rationes
2919 5299 3064 5378 (ms:
3086 5306 3413 5362 Sorbonicus
3435 5341 3449 5367 ,
3491 5299 3786 5361 ﬂabant...

2259 5385 2419 5508 ratiog
2457 5398 2502 5439 et
2529 5385 2591 5438 de
2622 5384 2763 5435 omni
2800 5379 2912 5449 ejus
2942 5380 3197 5443 exercitu,
3229 5387 3332 5431 etc.
3775 5421 3783 5430 .

2328 5457 2382 5508 (8
2425 5455 2441 5508 l
2482 5453 2798 5508 Ha'reu'cus.
2840 5450 3118 5505 Omittitur
3164 5451 3215 5501 in
3251 5446 3514 5508 plerisque
3536 5446 3673 5508 ηιξεοτ
3705 5437 3782 5490 (Ιίη

2328 5437 2441 5526 (έό)
2464 5437 2798 5526 *Ηιιένειιειιι
2820 5437 3118 5526 Ὀιιιὶιιὶιιιι⁸
3164 5437 3215 5501 iu
3251 5446 3514 5526 plerisque
3536 5446 3673 5526 mss...l

2259 5499 2440 5594 posita;
2850 5499 3538 5594 editis-,‘eorum'dogmata.
3583 5499 3674 5556 Sed
3702 5509 3776 5545 l‘e'

2257 5591 2396 5652 clins
2438 5611 2540 5650 ms.
2579 5591 2934 5653 Sorbonicns,
2968 5591 3080 5658 ejus
3113 5593 3385 5656 dogmata.
3534 5645 3543 5658 .
3618 5652 3658 5658 __
3706 5627 3782 5658 mu.

2327 5642 2408 5738 (ξι
2424 5642 2645 5735 ﬁam;
2660 5642 2746 5714 5.;
2760 5642 3072 5715 icmiézaia.
3103 5642 3304 5713 Deinde
3335 5668 3462 5712 mss.
3501 5645 3679 5719 plures
3702 5642 3781 5702 (ιιιι

2258 5735 2642 5802 Cataphrygas,
2669 5743 2774 5787 etc.

2268 5873 2280 5882 θ
2329 5797 2441 5878 (82)
2480 5797 2636 5872 Μέδ.)
2658 5803 2852 5876 accepi.
2883 5801 3044 5870 Editi,
3078 5797 3297 5868 accipio.
