3992 6312
266 385 359 441 557

1462 385 1804 443 APOLOGIA
1846 387 1981 445 PRO
2022 388 2340 446 ORIGENE.

3404 390 3506 445 ἧδὸ

264 504 389 572 Quae
438 504 659 574 quidem
705 522 808 562 non
857 508 908 562 in
936 507 1151 579 publico
1180 509 1247 563 ab
1289 522 1355 562 eo
1405 508 1548 562 dicta
1583 518 1751 572 sunt,
1784 509 1836 563 id
1865 516 1911 574 Α
1942 511 2054 574 des,
2080 510 2433 565 ineﬂ‘abiliter
2477 516 2531 561 et
2562 507 3011 562 inaestimabiliter
3054 507 3243 563 melior
3283 516 3338 562 et
3370 524 3507 577 pra:-

266 607 349 651 est
376 598 427 652 in
457 601 733 654 communi
768 600 1017 655 Ecclesiae
1070 601 1337 656 auditorio
1363 642 1377 666 ,
1411 616 1478 655 ne
1516 600 1654 656 forte
1682 611 1834 671 pute-

268 699 354 742 tur
399 701 623 759 propter
666 691 942 745 audientes
983 690 1331 747 favorabilem
1368 701 1583 762 aptasse
1627 707 1834 747 sermo-

264 796 384 835 nem
420 798 433 835 :
467 782 561 836 sed
588 796 652 836 ex
700 783 806 837 illis
852 783 963 837 haec
998 783 1147 837 libris
1176 783 1499 851 protulimus
1525 798 1711 852 ,'quos
1768 783 1821 837 in

264 879 468 924 secreto
498 871 637 938 apud
665 871 1011 940 semetipsum
1037 870 1184 924 nullo
1215 871 1420 924 arbitro
1447 872 1825 925 intercedente

264 964 516 1018 dictabat.
538 967 593 1017 In
624 980 729 1034 quo
757 964 1017 1019 attentius
1045 980 1140 1019 vos
1173 964 1298 1018 illud
1321 965 1442 1019 volo
1470 965 1819 1020 considerare

261 1058 406 1123 quod
438 1057 587 1121 dixit,
623 1057 746 1126 quia
771 1058 816 1111 si
854 1057 977 1125 quis
1005 1058 1199 1122 horum
1231 1056 1436 1126 aliquid
1466 1065 1833 1112 commutave-

263 1147 337 1201 rit
365 1186 380 1212 ,
413 1148 690 1201 haereticus
723 1156 844 1213 est,
889 1157 942 1202 et
975 1159 1168 1218 peccat
1201 1150 1253 1201 in
1306 1148 1665 1203 subversione
1690 1150 1833 1215 posi-

261 1246 356 1291 tus
383 1275 398 1300 ,
427 1247 478 1291 et
522 1254 554 1289 a
586 1238 859 1304 semetipso
889 1238 1175 1290 damnatus
1202 1277 1217 1301 ,
1258 1238 1552 1290 secundum
1588 1238 1831 1306 Apostoli

257 1328 583 1382 sententiam
618 1328 661 1358 ’⁸
691 1346 704 1381 :
736 1328 892 1397 cujus
922 1338 977 1381 et
1023 1343 1123 1383 nos
1159 1328 1478 1383 auctoritati
1529 1328 1831 1397 obsequen-

260 1430 350 1476 tes
386 1422 567 1475 eadem
620 1420 826 1474 sentire
877 1419 1154 1473 debemus.
1192 1419 1328 1474 Cum
1365 1434 1494 1486 ergo
1529 1420 1642 1474 haec
1671 1418 1741 1472 ita
1774 1433 1833 1474 se

257 1513 518 1576 habeant,
551 1511 661 1582 (85)
693 1526 1032 1579 consequens
1066 1510 1305 1565 arbitror
1339 1510 1677 1579 interrogare
1702 1510 1833 1564 istos

256 1604 412 1671 ipsos
434 1588 774 1657 accusatores
804 1602 919 1670 ejus
942 1640 957 1664 ,
994 1602 1040 1655 si
1084 1602 1186 1670 ipsi
1213 1601 1377 1654 aliter
1406 1614 1568 1670 quam
1596 1600 1713 1669 ejus
1740 1613 1834 1653 vo-

255 1694 419 1748 cibus
441 1696 781 1763 designatum
807 1701 909 1757 est,
940 1692 1026 1746 vel
1054 1692 1119 1747 de
1158 1691 1413 1745 haeretica
1451 1690 1716 1753 sentiunt,
1748 1689 1830 1742 vel

1938 604 2171 656 stantior
2217 602 2343 656 solis
2374 609 2457 653 est
2486 600 2743 666 splendor
2772 600 2794 651 ?
2840 598 2918 652 lla
2952 615 3106 654 mens
3154 610 3338 654 nostra
3383 615 3505 655 cum

1940 694 2081 746 intra
2115 693 2297 747 carnis
2344 699 2399 745 et
2442 690 2723 760 sanguinis
2758 691 2993 744 claustra
3042 691 3410 755 concluditur,
3448 703 3507 746 et

1938 800 2033 853 pro
2066 783 2188 837 talis
2209 784 2446 839 materize
2478 783 2895 851 participatione
2934 782 3178 836 hebetior
3219 795 3379 851 atque
3401 785 3505 838 ob-

1939 874 2110 928 tusior
2142 875 2384 929 redditur
2410 916 2425 939 ,
2460 872 2575 945 (87)
2608 872 2735 925 licet
2764 871 2829 925 ad
2860 873 3319 941 comparationem
3350 886 3506 929 natu—

1936 980 2009 1018 rae
2038 980 2311 1033 corporeae
2336 965 2490 1031 longe
2522 963 2835 1032 praecellens
2865 962 3147 1027 habeatur,
3181 972 3354 1019 tamen
3382 982 3501 1019 cum

1937 1056 1999 1110 ad
2039 1056 2362 1125 incorporea
2402 1058 2613 1122 nititur,
2643 1064 2805 1123 atque
2832 1068 3016 1108 corum
3048 1055 3388 1111 intuitiouem
3428 1059 3503 1111 rio

1936 1156 2137 1212 matur,
2176 1155 2301 1201 tunc
2335 1146 2583 1202 scintilla:
2620 1145 2848 1214 alicujus
2878 1143 2989 1214 (88)
3018 1155 3111 1198 aut
3140 1144 3378 1201 lucerna:
3414 1147 3503 1200 vix

1942 1238 2155 1294 obtinet
2186 1239 2383 1293 locum.
2426 1237 2562 1304 Quid
2596 1246 2774 1291 autem
2805 1236 2857 1290 in
2889 1237 3137 1291 omnibus
3172 1238 3508 1293 intellectua-

1935 1330 2076 1387 llbus
2104 1373 2119 1396 ,
2157 1333 2207 1386 id
2251 1342 2333 1386 est
2390 1331 2722 1399 incorporeis
2747 1373 2760 1397 ,
2817 1338 2923 1382 tam
2950 1340 3210 1399 praestans
3236 1333 3506 1399 omnibus,

1944 1432 2048 1478 tam
2104 1424 2444 1478 inetiabiliter
2489 1434 2649 1491 atque
2701 1422 3149 1476 inaestimabililer
3196 1426 3508 1492 praecellens

1936 1526 2039 1580 est,
2073 1531 2234 1585 quam
2264 1515 2406 1571 Deus
2431 1517 2454 1570 ?
2479 1514 2647 1584 Cujus
2678 1515 2861 1584 utique
2895 1523 3085 1568 natura
3117 1517 3233 1570 acie
3262 1517 3509 1573 humanae

1938 1606 2137 1660 mentis
2162 1606 2362 1659 intendi
2394 1615 2555 1674 atque
2586 1606 2802 1670 intueri,
2839 1604 3095 1675 quamvis
3124 1607 3195 1660 sit
3216 1609 3507 1676 purissima

1942 1711 2095 1751 mens
2120 1712 2182 1751 ac
2210 1696 2583 1764 limpidissima
2612 1737 2625 1759 ,
2658 1712 2762 1751 non
2794 1705 2993 1764 potest.
3029 1697 3230 1751 Verum
3277 1714 3382 1753 non
3429 1701 3509 1753 vi-

254 1784 331 1838 de
358 1785 637 1838 catholico.
699 1784 891 1837 Dicant
939 1782 1041 1851 ipsi
1078 1797 1197 1851 qua:
1242 1781 1345 1835 alia
1397 1790 1521 1834 sunt
1570 1778 1832 1833 eccleSia'
1866 1778 1908 1832 Β
1941 1789 2099 1842 detur
2126 1788 2442 1851 absurdum,
2487 1788 2531 1840 si
2564 1785 2630 1841 ad
2671 1788 3057 1841 evidentiorem
3082 1790 3157 1844 rei
3190 1790 3507 1846 manifesta-

254 1877 402 1931 stica
433 1877 719 1945 dogmata,
764 1874 809 1928 si
838 1874 951 1928 haec
989 1889 1093 1927 non
1137 1884 1259 1927 sunt
1309 1888 1426 1940 qua:
1475 1872 1723 1939 superius
1757 1873 1824 1924 ab

250 1968 357 2023 illo
405 1968 609 2036 digesta
662 1976 835 2020 suntu
869 1966 933 2019 Et
984 1965 1357 2033 ham-quidem
1404 1963 1727 2034 generaliter
1773 1964 1838 2019 de

248 2061 515 2115 omnibus
578 2059 963 2115 ecclesiasticis
1018 2057 1358 2128 dogmatibus
1427 2058 1494 2111 ab
1552 2057 1643 2111 illo
1696 2058 1838 2112 dicta

246 2151 395 2203 sint.

329 2239 632 2309 Pergamus
659 2248 836 2293 autem
864 2248 917 2292 et
949 2251 1070 2307 quae
1101 2237 1415 2308 specialiter
1444 2237 1511 2292 de
1559 2237 1788 2308 singulis
1820 2279 1835 2302 ,

249 2339 325 2383 et
361 2331 592 2384 maxime
636 2330 702 2384 de
751 2328 1132 2399 principalibus
1177 2330 1379 2395 rebus,
1428 2330 1493 2383 de
1539 2340 1723 2384 sancta
1778 2344 1841 2384 ac

242 2422 423 2474 beata
452 2419 715 2475 Trinitate
736 2461 749 2487 ,
806 2420 857 2474 id
889 2426 971 2475 est
1028 2418 1094 2471 de
1123 2417 1283 2473 Patre
1310 2458 1323 2483 ,
1352 2431 1405 2473 et
1438 2418 1574 2473 Filio
1598 2460 1612 2485 ,
1639 2430 1690 2474 et
1713 2419 1837 2489 Spi-

246 2512 370 2565 ritu
392 2522 583 2565 sancto
602 2512 830 2566 senserit
856 2512 1171 2573 indicantes,
1200 2519 1255 2564 et
1280 2509 1614 2580 profcrentes
1643 2512 1695 2565 in
1723 2526 1838 2565 me-

249 2600 407 2654 dium
451 2616 512 2655 ea
547 2617 667 2670 quae
697 2602 749 2656 in
777 2602 1006 2657 diversis
1038 2602 1118 2655 sui
1149 2603 1328 2672 operis
1358 2602 1721 2658 voluminibus
1758 2604 1839 2657 in-

252 2703 406 2749 serta
450 2695 761 2762 mandavit,
807 2706 862 2750 et
892 2705 948 2749 ut
980 2696 1147 2765 ipsius
1192 2696 1460 2749 sententia
1492 2697 1558 2750 de
1589 2694 1840 2751 maximis

253 2796 314 2840 et
357 2786 554 2839 divinis
606 2788 767 2841 rebus
806 2803 923 2857 quae
970 2789 1133 2843 fuerit
1168 2788 1510 2852 omendatur,
1544 2796 1597 2841 et
1629 2787 1836 2853 duobus

257 2878 353 2932 vel
387 2878 558 2933 tribus
605 2892 793 2933 vocum
847 2894 1067 2934 suarum
1119 2880 1341 2934 testibus
1378 2878 1489 2949 (84)
1525 2887 1629 2932 stet
1678 2892 1840 2933 omne

257 2968 484 3020 verbum
513 2967 842 3022 defensionis
865 2967 982 3036 ejus
1000 2969 1065 3021 ”.
1088 2968 1298 3023 Iudicat
1327 2983 1457 3035 ergo
1484 2967 1614 3036 quid
1648 2968 1711 3023 de
1731 2967 1840 3023 Deo

256 3060 425 3114 Patre
454 3061 827 3130 omnipotente
874 3062 1107 3116 senserit
1159 3063 1209 3115 in
1242 3061 1325 3114 his
1355 3061 1482 3130 ipsis
1509 3060 1662 3114 libris
1687 3100 1703 3125 ,
1748 3061 1837 3130 qui

255 3167 424 3221 quam
453 3151 687 3208 maxime
714 3151 782 3205 ab
810 3150 1217 3206 accusatoribus
1241 3148 1354 3223 (85)
1396 3148 1759 3213 celebrantur,

256 3252 364 3310 est,
405 3242 545 3312 Περὶ
573 3242 792 3311 ἀρχῶν,
825 3243 1071 3299 scribens
1104 3241 1217 3296 hac
1260 3260 1271 3295 :

872 3334 1100 3390 CAPUT
1151 3333 1215 3388 ll.

651 3425 727 3481 De
756 3426 863 3481 Deo
900 3424 1062 3481 Patre
1089 3426 1456 3495 omnipotente.

332 3517 626 3576 ORIGENES.
668 3518 778 3591 (86)
809 3536 827 3569 ι
859 3518 1017 3573 Omni
1049 3519 1212 3588 igitur
1234 3533 1398 3573 sensu
1421 3518 1512 3587 qui
1552 3516 1833 3586 corporale

257 3611 470 3682 aliquid
504 3613 570 3666 de
596 3612 706 3665 Deo
756 3608 987 3679 intelligi
1016 3609 1294 3678 suggerit,
1343 3618 1499 3677 prout
1526 3609 1797 3677 potuimus
1821 3645 1837 3671 ,

254 3704 581 3768 confutato,
647 3703 876 3758 dicimus
927 3701 1224 3756 secundum
1280 3702 1569 3755 veritatem
1619 3700 1836 3769 quidem

255 3794 436 3849 Deum
481 3793 1087 3862 incomprehensibilem
1125 3807 1247 3847 esse
1287 3802 1451 3860 atque
1487 3791 1838 3845 inaestimabi-

257 3889 393 3944 lem.
434 3888 491 3942 Si
521 3890 649 3957 quid
675 3887 820 3941 enim
869 3886 997 3940 illud
1023 3896 1108 3940 est
1136 3886 1278 3954 quod
1325 3884 1530 3937 sentire
1558 3883 1641 3937 vel
1673 3883 1837 3936 intel-

256 3981 434 4050 ligere
456 3980 523 4034 de
558 3980 666 4033 Deo
697 3978 1029 4048 potuerimus
1055 4019 1068 4043 ,
1099 3978 1279 4031 multis
1310 3977 1467 4046 longe
1494 3976 1669 4029 modis
1713 3990 1835 4030 eum

257 4073 554 4127 meliorem
604 4085 726 4125 esse
756 4071 823 4125 ab
854 4084 920 4125 eo
965 4070 1105 4139 quod
1140 4070 1713 4135 sensimusynecesse
1755 4078 1839 4122 est

255 4167 438 4222 credi.
475 4166 625 4220 Sicut
653 4164 795 4220 enim
850 4165 892 4219 si
934 4164 1214 4218 videamus
1254 4162 1484 4231 aliquem
1536 4162 1626 4215 vix
1680 4174 1839 4230 posse

256 4258 561 4314 scintillam
598 4257 817 4311 luminis
842 4296 858 4317 ,
891 4265 983 4309 aut
1009 4254 1342 4311 brevissima:
1392 4253 1626 4306 lucerna:
1658 4252 1837 4305 lumen

255 4350 532 4420 aspicere,
571 4359 628 4403 et
649 4363 771 4403 eum
797 4348 949 4417 cujus
981 4347 1125 4401 acies
1148 4345 1432 4401 oculorum
1469 4344 1588 4413 plus
1618 4344 1837 4397 luminis

1787 3113 1908 3202 ac

1943 1880 2143 1933 tionem
2177 1879 2342 1932 etiam
2379 1878 2484 1932 alia
2516 1886 2732 1934 utamur
2763 1881 3130 1936 similitudine.
3182 1880 3295 1953 (89)
3340 1883 3507 1937 Inter-

1940 1970 2068 2024 dum
2102 1967 2243 2023 oculi
2273 1968 2444 2022 nostri
2471 1969 2638 2036 ipsam
2668 1979 2916 2024 naturam
2949 1972 3084 2027 lucis
3112 2012 3126 2037 ,
3158 1972 3209 2026 id
3239 1982 3346 2037 est,
3379 1977 3506 2031 sub-

1941 2061 2199 2116 stantiam
2248 2060 2378 2115 solis
2418 2061 2615 2113 intueri
2666 2076 2769 2115 non
2820 2073 3045 2131 possunt
3091 2081 3105 2117 :
3157 2065 3497 2134 splendorem

1942 2165 2072 2203 vero
2101 2148 2254 2216 ejus,
2290 2150 2371 2203 vel
2412 2149 2593 2203 radios
2635 2149 2896 2206 fenestris
2941 2152 3099 2217 forte,
3151 2156 3235 2208 vel
3286 2156 3510 2225 quibus-

1949 2243 2083 2297 libet
2113 2242 2372 2295 luminum
2401 2241 2652 2297 brevibus
2676 2244 3031 2313 receptaculis
3074 2244 3274 2300 infusos
3298 2248 3509 2301 intuen-

1944 2342 2044 2400 tes,
2074 2333 2420 2387 considerare
2448 2348 2734 2402 possumus
2760 2333 2932 2391 fomes
2959 2336 3071 2404 ipse
3093 2340 3174 2391 vel
3202 2337 3322 2392 fons
3344 2353 3484 2407 quan

1945 2434 2029 2479 tus
2065 2424 2135 2478 sit
2163 2424 2409 2493 corporei
2466 2424 2702 2479 luminis.
2739 2424 2817 2479 Ita
2850 2442 2979 2497 ergo
3025 2428 3179 2497 quasi
3215 2428 3350 2482 radii
3383 2428 3505 2496 qui-

1941 2520 2062 2571 dam
2090 2527 2217 2571 sunt
2250 2518 2344 2571 Dei
2375 2526 2581 2571 natura:
2626 2533 2789 2586 Opera
2820 2519 3013 2572 divinae
3043 2519 3423 2582 Providentize,
3454 2528 3512 2573 et

1942 2622 2031 2663 ars
2062 2608 2431 2661 universitatis
2458 2606 2638 2674 hujus,
2671 2609 2736 2661 ad
2786 2609 3245 2678 comparationem
3279 2607 3389 2678 (90)
3426 2609 3508 2676 ip-

1942 2698 2054 2753 sius
2085 2698 2400 2753 substantice
2433 2713 2497 2753 ac
2523 2708 2752 2753 naturae.
2787 2698 2924 2765 Quia
2969 2714 3101 2769 ergo
3129 2716 3281 2755 mens
3323 2709 3509 2755 nostra

1943 2789 2115 2858 ipsum
2151 2805 2247 2859 per
2272 2790 2507 2859 seipsam
2552 2788 2721 2844 Deum
2768 2792 2910 2845 sicut
2938 2801 3019 2845 est
3048 2806 3154 2845 non
3188 2800 3364 2861 potest
3419 2793 3507 2845 in-

1944 2881 2079 2935 tueri
2110 2922 2126 2947 ,
2159 2896 2226 2935 ex
2260 2881 2659 2957 pulchritudine
2684 2899 2907 2952 operum
2937 2923 2952 2947 ,
2986 2895 3039 2938 et
3074 2886 3264 2939 decore
3293 2895 3510 2940 creatu-

1944 2985 2150 3036 rarum,
2187 2982 2468 3041 parentem
2517 2973 2887 3029 universitatis
2915 2974 3184 3045 intelligit.
3218 2975 3329 3030 Non
3380 2992 3508 3046 ergo

1945 3077 2141 3133 corpus
2177 3064 2391 3134 aliquod
2422 3105 2437 3130 ,
2474 3075 2567 3119 aut
2603 3067 2657 3121 in
2695 3081 2924 3137 corpore
2957 3083 3080 3124 esse
3108 3071 3375 3137 putandtts
3426 3081 3511 3125 est

1942 3154 2102 3220 Deus,
2130 3156 2224 3211 sed
2261 3157 2642 3212 intellectualis
2675 3170 2864 3213 natura
2892 3202 2906 3227 ,
2937 3161 3162 3229 simplex
3190 3201 3204 3226 ,
3234 3163 3363 3216 nihil
3393 3178 3511 3216 om-

1940 3247 2071 3301 nino
2116 3248 2167 3301 in
2201 3262 2259 3302 se
2315 3248 2682 3317 adjunctionis
2730 3252 3061 3317 admittens,
3111 3252 3187 3306 uti
3219 3268 3286 3307 ne
3336 3256 3510 3321 majus

1942 3339 2143 3408 aliquid
2225 3350 2280 3395 et
2332 3342 2559 3397 inferius
2614 3345 2666 3397 in
2734 3359 2793 3398 se
2841 3345 3039 3400 habere
3090 3346 3359 3412 credatur,
3414 3349 3511 3402 sed

1942 3438 2002 3482 ut
2045 3430 2115 3483 sit
2159 3445 2225 3484 ex
2258 3434 2403 3485 onmi
2463 3443 2615 3502 parte
2673 3434 2840 3504 μονὰς
2870 3473 2887 3500 ,
2922 3447 2975 3491 et
3002 3476 3016 3501 ,
3064 3445 3122 3488 ut
3170 3437 3245 3489 ita
3292 3438 3464 3491 dicam
3494 3478 3513 3504 ,

1941 3519 2086 3587 ὲνὰς,
2116 3532 2170 3574 et
2193 3537 2345 3576 mens
2369 3564 2385 3590 ,
2426 3539 2488 3578 ac
2516 3525 2639 3579 fons
2672 3541 2734 3579 ex
2769 3542 2876 3594 quo
2909 3525 3121 3579 initium
3159 3527 3334 3580 totius
3359 3528 3515 3579 intel-

1942 3610 2188 3667 lectualis
2222 3624 2429 3667 natura:
2458 3615 2541 3667 vel
2576 3615 2775 3669 mentis
2812 3624 2916 3669 est.
2968 3614 3118 3670 Mens
3160 3631 3288 3669 vero
3318 3625 3375 3669 ut
3398 3632 3514 3670 mo-

1941 3712 2129 3757 veatur
2151 3704 2235 3758 vel
2264 3712 2537 3773 Operetur,
2576 3720 2678 3758 non
2716 3705 2918 3775 indiget
2953 3704 3072 3760 loco
3104 3719 3387 3774 corporeo,
3416 3722 3513 3761 ne-

1942 3810 2045 3865 que
2077 3796 2319 3851 sensibili
2354 3796 2754 3865 magnitudine,
2787 3796 2868 3850 vel
2896 3796 3165 3865 corporali
3200 3796 3513 3852 babituattt

1942 3888 2145 3953 colore,
2177 3903 2352 3956 neque
2385 3888 2491 3942 alio
2518 3887 2627 3941 ullo
2662 3904 2887 3958 prorsus
2939 3890 3142 3960 indiget
3176 3891 3365 3944 horum
3392 3906 3511 3961 qua:

1941 3980 2183 4048 corporis
2232 3978 2340 4049 (9i)
2394 3977 2476 4031 vel
2533 3982 2770 4034 materiae
2818 3982 3035 4051 propria
3090 3991 3234 4037 sunt.
3285 3981 3512 4052 Pr0pter

1940 4070 2081 4134 quod
2113 4079 2303 4123 natura
2332 4070 2419 4124 illa
2465 4071 2691 4141 simplex
2714 4110 2727 4134 ,
2750 4080 2806 4126 et
2852 4080 2963 4125 tota
2996 4086 3168 4136 mens,
3201 4082 3259 4126 ut
3293 4088 3511 4127 movea-

1943 4169 2028 4213 tur
2064 4160 2146 4214 vel
2194 4172 2449 4230 operetur
2475 4163 2677 4231 aliquid
2703 4204 2718 4229 ,
2755 4164 2889 4218 nihil
2922 4165 3193 4218 dilationis
3228 4174 3320 4218 aut
3375 4182 3510 4219 cun-

1941 4252 2193 4308 ctationis
2230 4255 2431 4309 habere
2477 4265 2693 4325 potest,
2730 4271 2795 4309 ne
2825 4272 2921 4324 per
2954 4258 3260 4327 hujusmodi
3311 4259 3504 4327 adjun-

1910 4345 2172 4398 ‘ctionem
2208 4347 2579 4402 circumscribi
2616 4349 2699 4400 vel
2748 4340 2980 4401 inhiberi
3028 4348 3369 4417 aliquatenus
3420 4351 3504 4402 vi—

256 4455 467 4511 capere
501 4454 663 4511 quam
703 4453 861 4508 supra
890 4439 1144 4499 diximus,
1179 4452 1283 4490 non
1318 4435 1479 4501 valet,
1528 4435 1574 4489 si
1612 4435 1836 4489 velimus
1867 4454 1911 4507 D
1941 4437 2130 4491 deatur
2181 4438 2372 4492 divinae.
2424 4450 2631 4493 natura:
2674 4440 2994 4509 simplicitas
3018 4480 3034 4502 ,
3096 4442 3172 4494 uti
3234 4456 3301 4495 ne
3363 4441 3504 4509 quod

256 4535 335 4590 de
368 4534 614 4588 claritate
636 4542 691 4588 et
721 4531 1009 4601 splendore
1041 4529 1167 4584 solis
1191 4528 1440 4590 educere,
1472 4530 1648 4580 nbnne
1670 4540 1833 4593 opor-

258 4625 409 4682 tebit
437 4639 536 4679 nos
566 4626 616 4679 ei
648 4625 850 4688 dicere,
894 4622 1018 4691 quia
1046 4620 1192 4675 omni
1221 4619 1323 4673 hoc
1352 4616 1553 4671 lumine
1581 4616 1725 4687 quod
1754 4617 1835 4670 vi-

346 4764 393 4799 ³⁶
425 4765 532 4820 Tit.
556 4764 749 4831 "1,11.
821 4764 866 4797 ¹⁹
892 4763 1080 4817 Matth.
1105 4777 1263 4826 xvm,
1291 4757 1378 4813 i6.

345 4931 457 5003 (85)
487 4931 654 5003 Editi,
686 4931 1012 4985 conveniens.
1036 4927 1186 4991 Mss,
1214 4940 1554 5003 consequens.

345 4933 435 5003 (85
487 4931 654 4997 Editi,
686 4931 1012 4985 conveniens.
1036 4931 1186 4991 Mss.,
1214 4940 1554 4995 consequens.

345 4931 457 5075 (84)
484 5002 623 5058 Editi
646 5043 662 5068 ,
697 5002 788 5071 ﬁat
840 5016 936 5071 pro
962 5008 1097 5066 stet,
1126 5000 1268 5067 quod
1322 4996 1615 5066 praeferunt
1651 5006 1839 5049 omnes

260 5090 406 5132 mss.

346 5144 458 5217 (85)
489 5144 578 5198 Sic
604 5138 1304 5217 editi,_et‘mss.plerique.
1343 5136 1440 5190 Ms.
1474 5150 1603 5190 vero
1636 5134 1838 5189 Sorbo-

262 5209 450 5277 uicus,
481 5224 535 5269 et
566 5214 704 5266 alter
744 5214 799 5266 S.
838 5210 1086 5278 Remigii,
1120 5209 1472 5278 infamantur.

344 5274 458 5357 (86)
488 5284 686 5357 E}__li_b.
713 5282 835 5357 t__De
870 5274 1122 5350 prinEip.,
1151 5295 1271 5346 cap.
1313 5277 1365 5357 ι,
1398 5291 1543 5329 num.
1566 5274 1627 5357 .5.

345 5346 684 5430 (87)__Editi_,
733 5346 995 5430 _l-i_cet;pro
1038 5346 1513 5429 comparatione...
1556 5346 1829 5430 habeatur,

262 5414 404 5483 Ms‘s.
435 5414 576 5478 ilicet
594 5414 697 5494 ‘[al.
728 5414 986 5492 ἱΙίίεοΪαά
1026 5418 1558 5494 comparationem...
1594 5414 1829 5468 habetur.

265 5499 381 5554 Sed
409 5491 688 5568 legendum
717 5491 930 5568 videtur
958 5491 1097 5568 ιιι-ἰιι
1128 5498 1297 5568 textu.

346 5555 802 5640 (88)VMss._nos_tri
831 5602 846 5623 ,
874 5570 928 5616 et
967 5560 1093 5640 editi
1123 5559 1374 5640 omittunt
1412 5567 1499 5636 aut
1539 5573 1564 5637 ε.
1593 5555 1686 5638 sed
1720 5555 1834 5608 haec

266 5628 378 5694 νοὶ
410 5628 589 5690 exstat
615 5636 669 5686 in
697 5634 817 5685 aliis
847 5646 976 5684 mss.
1014 5630 1272 5682 librorum
1302 5628 1374 5680 De
1398 5628 1688 5697 principiis.

346 5708 453 5778 (89)
476 5708 575 5759 Ms.
613 5703 965 5778 Sorbonicus,
992 5698 1267 5778 interdum
1290 5700 1426 5750 oculi
1471 5698 1514 5750 si
1567 5699 1825 5778 ipsum”...

268 5766 476 5847 infusos
506 5771 1463 5847 intuentur,_considerarepossumus
1487 5807 1501 5832 ,
1532 5776 1661 5847 etc.,
1689 5766 1829 5845 quod

271 5838 384 5906 non
416 5849 577 5905 male.
631 5843 823 5900 Caeteri
856 5856 985 5896 mss.
1022 5856 1074 5896 ct
1115 5838 1247 5895 editi
1297 5847 1354 5893 ut
1401 5838 1453 5892 in
1508 5846 1652 5893 textu
1680 5878 1694 5904 ,
1727 5838 1831 5892 nisi

1941 4540 2024 4581 est
2074 4529 2398 4598 principium
2449 4532 2689 4584 omnium
2726 4570 2741 4596 ,
2791 4531 3148 4598 compositum
3200 4531 3505 4586 inveniatur

1942 4631 1997 4673 et
2050 4621 2363 4688 diversum,
2418 4622 2552 4693 (92)
2612 4633 2667 4676 et
2726 4622 2797 4676 sit
2862 4622 3076 4687 multa,
3132 4637 3235 4676 non
3304 4639 3510 4688 unum,

1947 4922 2087 4993 quod
2113 4936 2242 4993 m_s_s.
2272 4920 2527 4993 emittant
2557 4918 2744 4993 nostri,
2772 4925 2887 4993 post
2913 4915 3070 4993 oculi.

2016 4993 2129 5062 (90)
2154 4991 2265 5045 Vox
2290 4992 2453 5058 ipsius
2488 4991 2639 5062 deest
2663 4989 2713 5039 in
2733 4989 2913 5062 editis,
2951 4998 3004 5062 et
3030 4988 3079 5062 in
3116 4999 3246 5062 mss.
3280 4984 3511 5062 nostris;

1945 5054 2035 5117 sed
2072 5054 2247 5115 eistat
2278 5054 2327 5113 in
2370 5076 2497 5114 mss.
2550 5059 2806 5112 librorum
2840 5057 2979 5124 Περὶ
3016 5054 3234 5123 ἀρχῶν,
3268 5064 3318 5107 et
3354 5056 3511 5107 resti-

1945 5134 2140 5188 tuenda
2170 5132 2403 5184 videtur.
2435 5130 2637 5183 Deinde
2667 5129 2794 5181 editi
2824 5169 2839 5188 ,
2889 5129 3058 5193 ipsum
3092 5142 3183 5191 per
3217 5141 3269 5177 se
3320 5124 3504 5178 Deum.

1945 5202 2072 5257 Mss.
2106 5202 2273 5255 nostri
2309 5241 2322 5263 ,
2353 5202 2521 5269 ipsum
2548 5216 2638 5266 per
2681 5198 2753 5251 se
2780 5201 2950 5265 ipsum
3000 5196 3202 5269 Deum;
3249 5196 3355 5269 sed_
3376 5210 3505 5247 mss.

1948 5274 2206 5327 librorum
2246 5271 2319 5322 De
2352 5263 2656 5339 principiis,
2695 5263 2866 5338 ipsum
2898 5284 2987 5336 per
3018 5282 3071 5319 se
3114 5267 3281 5335 ipsam
3314 5263 3503 5328 Deum,

1940 5344 2081 5412 quod
2110 5341 2309 5412 rectius
2340 5342 2571 5412 videtur.

2009 5413 2120 5484 (9i)
2150 5410 2309 5472 Editi,
2342 5409 2417 5484 vet
2444 5412 2665 5478 propriae
2694 5409 2932 5463 materia:
2974 5405 3186 5477 propria
3206 5414 3348 5458 sunt.
3398 5405 3505 5459 Sed

1936 5481 2127 5538 omnes
2156 5497 2285 5536 mss.
2318 5492 2373 5535 ut
2404 5481 2455 5532 in
2495 5491 2661 5535 textu.

2008 5553 2117 5626 (92)
2149 5552 2348 5626 Omnes
2380 5550 2534 5617 hujus
2554 5550 2819 5626 Apologia;
2846 5564 2978 5602 mss.
3006 5556 3055 5600 et
3087 5545 3325 5626 tsi-multa
3348 5585 3362 5609 ,
3399 5561 3503 5626 non

1938 5615 2266 5692 ununt'quitl,
2293 5615 2513 5689 Oportet,
2539 5615 2647 5676 etc.
2682 5615 2817 5673 Editi
2848 5635 2998 5692 vero,
3027 5627 3087 5692 et,
3111 5617 3226 5669 libri
3264 5615 3334 5667 De
3357 5616 3505 5680 prin-

1938 5696 2090 5762 cipiis
2121 5690 2228 5747 tam
2262 5693 2390 5746 editi
2422 5706 2582 5765 quam
2628 5706 2783 5765 mss.,
2809 5701 2853 5765 et
2884 5690 2947 5742 sit
2980 5690 3147 5741 multa
3179 5703 3281 5765 non
3316 5702 3505 5765 unum.

1936 5758 2073 5833 quod
2116 5772 2313 5830 oportet
2345 5804 2358 5830 ,
2389 5758 2493 5819 etc.
2539 5760 2791 5817 Judicent
2822 5762 3049 5817 lectores
3082 5774 3201 5830 qua:
3233 5758 3392 5812 lectio
3437 5758 3506 5813 sit

1938 5834 2289 5905 pracferenda.
