3992 6312
658 354 758 408 5‘59

1862 352 1918 408 S.
1960 351 2280 406 PAMPlllLl
2319 351 2676 406 MARTYBIS

3768 359 3862 420 560

657 479 800 547 quod
837 485 1053 545 oportet
1099 476 1262 532 totius
1304 490 1576 544 corporea:
1623 475 1969 531 admistionis
2002 477 2231 532 alienum
2264 482 2302 536 Α
2335 491 2398 529 es
2427 477 2596 531 nostri
2631 490 2825 531 sensus
2857 475 3337 544 contemplatione,
3371 476 3543 531 divina
3567 486 3756 544 natura,
3788 485 3857 536 in-

658 584 762 624 una
818 569 928 624 sola
961 608 978 635 ,
1031 577 1090 623 ut
1145 569 1217 622 ita
1269 568 1498 622 dixerim
1532 607 1548 632 ,
1603 566 1822 624 deitatis
1868 570 2052 640 specie
2100 583 2228 624 con-

657 671 736 717 sta
746 677 821 716 re.
869 681 887 714 s

726 750 1050 806 P.\IlPﬂILDS.
1084 749 1209 804 Haec
1238 749 1292 803 in
1319 751 1494 817 primo
1522 751 1658 807 libro
1693 755 1831 822 Περὶ
1853 751 2054 822 ἀρχῶν
2096 751 2230 807 scri-

656 843 734 898 bit
765 844 830 898 de
864 845 1041 898 divina
1087 851 1298 897 natura.
1333 839 1388 895 ln
1439 844 1676 898 secundo
1711 859 1842 899 vero
1866 885 1880 909 ,
1910 845 2034 915 quia
2084 845 2224 899 idem

657 938 796 992 Deus
844 937 1055 991 Veteris
1091 945 1147 990 et
1186 934 1318 990 Novi
1356 933 1688 990 Testamenti
1739 938 1850 1001 sit,
1908 943 2012 992 hoc
2067 937 2227 992 modo

655 1028 824 1084 refert
849 1046 863 1083 ι

723 1121 1014 1176 Οιιισιεηεε.
1041 1118 1153 1189 (93)
1181 1138 1200 1171 ‹
1231 1118 1325 1174 His
1344 1134 1440 1188 per
1457 1119 1725 1183 ordinem,
1750 1129 1906 1188 prout
1931 1118 2224 1189 potuimus,

652 1212 890 1269 breviter
913 1212 1156 1281 digestis,
1187 1226 1527 1280 consequens
1561 1219 1663 1277 est,
1681 1211 1977 1265 secundum
2013 1210 2062 1264 id
2080 1209 2224 1279 quod

649 1323 716 1362 ex
749 1305 902 1360 initio
935 1304 1272 1375 propositum
1325 1313 1446 1365 est,
1495 1301 1779 1356 confutare
1805 1303 1968 1355 etiam
2004 1315 2097 1356 eos
2133 1300 2220 1368 qui

649 1407 844 1467 putant
867 1396 1028 1451 alium
1059 1398 1223 1450 Deum
1255 1408 1378 1449 esse
1407 1393 1627 1448 Patrem
1660 1393 1871 1448 Domini
1903 1393 2073 1447 nostri
2095 1391 2220 1447 Jesu

649 1487 854 1545 Christi
881 1528 898 1554 ,
933 1495 1134 1556 praeter
1165 1486 1311 1540 illum
1346 1486 1434 1556 qui
1475 1485 1559 1539 vel
1598 1484 1768 1556 Moysi
1801 1499 2058 1554 responsa
2087 1484 2221 1556 legis

648 1584 832 1646 dabat,
861 1582 944 1636 vel
977 1581 1268 1649 prophetas
1293 1580 1561 1644 mittebat,
1593 1579 1680 1648 qui
1707 1589 1791 1633 est
1824 1578 1964 1632 Deus
2005 1587 2218 1646 patrum

647 1673 961 1738 Abraham,
996 1671 1146 1727 lsaac
1195 1682 1250 1726 et
1292 1669 1480 1726 Jacob.
1526 1670 1750 1740 Oportet
1780 1670 1922 1724 enim
1956 1669 2132 1738 primo
2165 1668 2216 1722 in

648 1768 752 1823 hac
784 1781 881 1820 nos
912 1765 1031 1821 fidei
1063 1765 1273 1818 ratione
1325 1762 1552 1818 ﬁrmari.
1583 1761 2046 1817 Considerandum
2087 1776 2217 1832 ergo

2335 570 2591 640 tuitisque
2619 569 2968 625 nihilominus
2987 569 3100 641 (96)
3131 569 3393 625 creaturis
3424 568 3537 640 ejus
3565 572 3856 640 visibilibus.

2334 663 2437 717 lide
2481 677 2697 733 quoque
2745 662 3108 716 iuvisihilibus
3158 661 3540 730 contemplatis
3565 703 3580 725 ,
3611 664 3722 733 quia
3763 681 3854 721 non

2330 754 2511 809 omnia
2553 754 2635 809 vel
2679 753 2850 808 oculis
2890 754 3073 808 videre
3113 762 3292 820 potest
3330 753 3556 808 humana
3587 753 3854 827 fragilitas,

2330 848 2412 901 vel
2447 845 2657 900 ratione
2682 844 2962 913 complecti
2990 885 3006 910 ,
3038 859 3104 898 eo
3141 843 3285 913 quod
3319 843 3556 896 omnium
3591 847 3854 904 rationabi-

2329 939 2456 993 Iium
2493 937 2762 992 inﬁrmius
2784 947 2838 993 et
2863 936 3112 1006 fragilius
3139 937 3342 991 animal
3371 953 3468 992 nos
3500 953 3676 995 sumus
3699 941 3855 998 homi-

2327 1044 2422 1084 nes
2453 1047 2466 1083 :
2493 1029 2866 1099 praestantiora
2912 1029 3057 1083 enim
3098 1038 3225 1084 sunt
3249 1043 3311 1081 ea
3364 1044 3483 1098 quae
3528 1030 3608 1084 vel
3637 1032 3685 1086 in
3716 1033 3850 1100 ctelo,

2324 1119 2406 1173 vel
2438 1133 2599 1188 super
2629 1119 2798 1175 cmlos
2844 1118 3109 1172 habentur
3135 1140 3149 1174 :
3177 1129 3426 1187 superest
3455 1129 3510 1174 ut
3536 1121 3712 1176 harum
3754 1139 3854 1178 om-

2325 1214 2473 1268 nium
2500 1219 2895 1277 creaturarum,
2931 1219 2985 1263 et
3017 1209 3127 1271 Dei,
3171 1211 3407 1264 medium
3431 1252 3446 1275 ,
3485 1211 3534 1264 id
3579 1223 3654 1266 est
3681 1215 3854 1270 media-

2325 1312 2495 1358 torem
2528 1316 2830 1372 quaeramus
2851 1339 2866 1365 ,
2895 1315 3054 1370 quem
3095 1300 3290 1356 Paulus
3323 1301 3588 1370 apostolus
3615 1304 3850 1376 primoge-

2323 1393 2492 1447 nitum
2525 1392 2703 1446 omnis
2753 1399 3019 1448 creatura:
3074 1393 3411 1461 pronuntiat.
3444 1391 3680 1450 Videntcs
3727 1398 3850 1454 enim

2321 1498 2386 1540 ea
2414 1500 2532 1554 quae
2565 1486 2627 1539 de
2659 1484 2775 1553 ejus
2809 1485 3097 1555 majestate
3140 1485 3191 1539 in
3227 1486 3524 1551 Scripturis
3567 1489 3752 1546 sanctis
3780 1507 3854 1546 re-

2322 1576 2573 1632 feruntur
2617 1585 2672 1631 et
2720 1577 2993 1632 intuentes
3048 1579 3192 1648 quod
3242 1579 3417 1647 imago
3455 1579 3705 1636 insisibili's
3736 1583 3850 1646 Dei,

2319 1667 2696 1736 primogenitae
2725 1668 2891 1721 omnis
2910 1680 3168 1722 creatura:
3203 1669 3435 1732 dicatur,
3464 1679 3515 1723 et
3540 1673 3669 1741 quod
3687 1673 3738 1727 in
3753 1675 3852 1739 ipso

2325 1767 2502 1812 creata
2525 1761 2627 1812 sint
2649 1761 2844 1825 omnia,
2869 1761 2972 1814 sive
3000 1777 3116 1830 quae
3145 1761 3200 1812 in
3225 1759 3389 1825 ctelis,
3421 1761 3519 1815 sire
3541 1779 3646 1832 qua:
3663 1764 3852 1819 interra

646 1866 730 1914 est
763 1857 894 1912 illud
923 1855 1065 1926 quod
1116 1855 1429 1924 frequenter
1465 1853 1517 1907 in
1553 1851 1860 1923 Evangeliis
1900 1851 2116 1915 dicitur,
2160 1860 2214 1906 et
2248 1834 2289 1889 Β
2321 1837 2464 1914 sunt,
2495 1849 2726 1905 uisibilia
2757 1861 2803 1905 et
2831 1851 3136 1912 invisibilia,
3162 1851 3274 1906 sive
3316 1850 3622 1916 throni,sioe
3645 1856 3854 1910 domina-

648 1951 702 2006 in
749 1948 973 2021 singulis
1019 1949 1322 2017 quibusque
1357 1944 1571 2000 Domini
1606 1953 1660 2000 et
1694 1943 1995 1998 Salvatoris
2041 1942 2210 1997 nostri

646 2043 810 2114 gestis
837 2041 1144 2111 adjungitur
1169 2055 1185 2093 :
1215 2038 1283 2092 Ut
1312 2039 1586 2106 impleatur
1612 2037 1752 2107 quod
1785 2037 1985 2090 dictum
2008 2046 2082 2088 est
2121 2051 2214 2105 per

645 2132 964 2202 Prophetam
998 2132 1044 2164 ³ο
1076 2132 1225 2185 illum
1263 2139 1316 2183 et
1347 2129 1494 2183 illum
1524 2149 1539 2185 :
1573 2143 1696 2183 cum
1747 2127 2093 2182 manifestum
2140 2126 2212 2180 sit

645 2224 931 2295 prophetas
959 2238 1079 2278 esse
1106 2223 1248 2277 illius
1272 2221 1362 2276 Dei
1386 2221 1479 2291 qui
1510 2221 1768 2275 mundum
1808 2218 1960 2274 fecit.
1995 2217 2073 2272 Ex
2097 2217 2209 2288 ipsa

641 2331 771 2388 ergo
812 2317 1197 2385 consequentia
1244 2313 1604 2376 concluditur,
1633 2313 1888 2382 quoniam
1942 2311 2034 2380 qui
2085 2325 2212 2380 pro-

640 2411 832 2482 phetas
860 2409 970 2481 (94)
1004 2410 1189 2475 misit,
1240 2409 1306 2462 de
1353 2406 1571 2462 Christo
1601 2420 1718 2474 quae
1770 2406 2006 2474 gerenda
2056 2411 2212 2457 erant

642 2501 755 2570 ipse
803 2499 1090 2568 pratdixit:
1125 2506 1180 2551 et
1225 2496 1445 2551 dubium
1496 2509 1600 2548 non
1642 2503 1726 2548 est
1755 2493 1896 2562 quod
1931 2493 2044 2546 haec
2101 2506 2208 2545 non

639 2592 848 2645 alienus
887 2588 1006 2657 quis
1057 2589 1125 2642 ab
1167 2603 1234 2643 eo
1262 2627 1277 2651 ,
1327 2586 1418 2640 sed
1455 2584 1616 2639 Pater
1665 2583 1835 2653 ipsius
1864 2583 2206 2653 praedicebat.

641 2680 750 2736 Sed
803 2691 860 2736 et.
909 2679 1040 2733 illttd
1093 2678 1236 2746 quod
1291 2677 1605 2745 frequenter
1651 2674 1896 2744 exempla
1929 2674 1998 2729 de
2031 2674 2207 2730 Veteri

643 2771 992 2827 Testamento
1021 2784 1050 2822 a
1088 2767 1370 2822 Salvatore
1399 2766 1767 2836 proferuntur,
1791 2766 1873 2821 vel
1897 2767 1965 2820 ab
1994 2777 2212 2836 aposto-

642 2862 708 2917 lis
735 2860 873 2930 ejus,
905 2876 1010 2915 nou
1042 2859 1187 2912 aliud
1227 2858 1450 2922 iudicat,
1483 2857 1584 2930 _nisi
1613 2857 1756 2926 quod
1784 2857 2080 2910 auctoritas
2118 2869 2209 2910 ve-

639 2927 850 3008 teribus
889 2967 918 3006 a
951 2952 1229 3005 Salvatore
1264 2958 1319 3004 et.
1349 2949 1417 3004 ab
1445 2927 1560 3016 eius
1592 2945 1867 3016 discipulis
1897 2947 2206 3002 adhibetur.

641 3047 749 3102 Sed
785 3055 840 3101 et
864 3044 991 3099 illud
1023 3041 1162 3111 quod
1195 3042 1260 3096 ad
1295 3041 1686 3110 benignitatem
1708 3052 2013 3109 provocans
2045 3038 2209 3092 disci-

641 3139 796 3210 pulos
822 3153 950 3194 suos
977 3136 1226 3191 Salvator
1251 3135 1376 3190 dicit
1414 3153 1426 3188 :
1465 3133 1642 3188 Estote
1683 3132 1942 3203 perfecti,
1978 3134 2112 3187 sicut
2158 3143 2207 3188 et

2317 1945 2504 2010 tiones,
2545 1945 2650 1998 sive
2689 1945 3038 2014 principatus,
3070 1946 3174 1999 sive
3217 1955 3502 2014 potestates
3525 1987 3540 2012 ,
3580 1949 3743 2002 omnia
3773 1967 3852 2018 per

2316 2035 2512 2103 ipsum,
2537 2045 2583 2088 et
2610 2035 2665 2090 in
2688 2036 2800 2103 ipso
2839 2046 3017 2089 creata
3045 2044 3166 2090 sunt
3197 2051 3216 2084 .'
3241 2045 3289 2089 et
3315 2038 3422 2106 ipse
3449 2048 3521 2090 est
3549 2047 3662 2093 ante
3680 2054 3848 2105 omnes,

2317 2136 2365 2180 et
2400 2128 2576 2181 omnia
2608 2128 2663 2180 in
2689 2127 2780 2181 illo
2803 2137 3039 2181 constant
3066 2129 3130 2192 θ’,
3165 2129 3261 2196 qui
3292 2141 3374 2183 est
3409 2139 3567 2199 caput
3602 2131 3812 2184 omnium
3832 2173 3844 2197 ,

2316 2219 2461 2275 solus
2493 2221 2698 2274 habens
2724 2230 2890 2288 caput
2941 2220 3102 2273 Deum
3152 2219 3373 2274 Patrem
3400 2258 3416 2286 ,
3447 2221 3580 2274 sicut
3623 2222 3845 2290 scriptum

2317 2323 2416 2375 est,
2448 2313 2616 2380 Caput
2644 2323 2815 2366 autem
2843 2311 3038 2366 Christi
3073 2311 3209 2366 Deus
3247 2313 3294 2345 ³³
3327 2331 3340 2367 :
3375 2314 3695 2382 pervidentes
3709 2315 3844 2368 etiam

2317 2405 2457 2476 quod
2501 2404 2758 2472 scriptum
2795 2413 2880 2459 est
2914 2426 2924 2457 :
2965 2405 3221 2472 quoniam
3274 2421 3423 2459 nemo
3471 2407 3602 2460 novit
3633 2385 3843 2470 Patrem,

2316 2499 2418 2554 nisi
2445 2496 2489 2550 F
2492 2498 2652 2562 ilius;
2682 2514 2843 2568 neque
2871 2495 3070 2550 Filium
3101 2500 3217 2567 quis
3269 2499 3430 2562 novit,
3465 2499 3562 2551 nisi
3591 2496 3738 2550 Pater
3763 2496 3802 2530 ’δ
3829 2512 3844 2564 ;

2316 2590 2460 2662 (quis
2487 2589 2629 2645 enim
2661 2605 2818 2644 nosse
2841 2598 3016 2658 potest
3045 2604 3168 2658 quae
3200 2590 3276 2643 sit
3302 2590 3584 2659 sapientia,
3629 2590 3721 2644 nisi
3765 2589 3841 2660 qui

2316 2684 2496 2755 genuit
2529 2698 2647 2737 eam
2676 2701 2688 2736 :
2715 2692 2806 2736 aut
2836 2684 2957 2751 quis
3009 2683 3075 2737 ad
3125 2683 3390 2754 liquidum
3436 2698 3552 2751 qua:
3587 2683 3652 2736 sit
3676 2685 3845 2739 veritas

2316 2775 2504 2842 novit,
2552 2774 2658 2830 uisi
2688 2774 2930 2828 veritatis
2959 2773 3164 2829 Pater?
3211 2775 3337 2844 quis
3385 2784 3530 2828 certe
3573 2773 3840 2828 universam

2316 2866 2478 2921 Verbi
2511 2866 2592 2920 sui
2624 2875 2895 2929 naturam,
2925 2874 3088 2935 atque
3115 2865 3286 2934 ipsius
3316 2864 3408 2918 Dei
3434 2865 3521 2934 qui
3551 2879 3614 2919 ex
3639 2863 3735 2918 Deo
3755 2873 3843 2927 est,

2317 2958 2645 3027 investigare
2679 2957 2871 3026 potuit,
2900 2956 3000 3010 nisi
3033 2957 3180 3011 solus
3207 2956 3380 3021 Deus,
3416 2956 3552 3024 apud
3583 2970 3726 3024 quem
3751 2965 3849 3007 erat

2318 3045 2548 3102 Verbum
2583 3046 2646 3113 ?)
2691 3047 2802 3118 (97)
2837 3046 2948 3101 Pro
2988 3056 3135 3102 certo
3185 3047 3400 3102 habere
3425 3047 3666 3102 debemus
3690 3085 3703 3110 ,
3728 3046 3846 3115 quod

2315 3137 2419 3192 hoc
2453 3135 2686 3193 Verbum
2712 3179 2727 3204 ,
2764 3139 2878 3194 sive
2911 3139 3047 3193 ratio
3078 3138 3317 3193 dicenda
3349 3147 3430 3194 est
3454 3179 3468 3202 ,
3497 3139 3629 3194 hanc
3657 3137 3842 3206 sapien-

641 3230 804 3285 Pster
831 3240 994 3284 uester
1030 3225 1245 3281 ctelestis
1278 3225 1536 3294 perfectus
1565 3235 1638 3279 est
1668 3264 1685 3289 ,
1720 3225 1808 3295 qui
1849 3225 2011 3278 solem
2051 3241 2206 3279 suum
2236 3197 2278 3256 ο
2315 3229 2439 3282 tiam
2465 3267 2481 3294 ,
2522 3229 2665 3285 hanc
2698 3231 2981 3284 veritatem
3028 3229 3206 3285 nullus
3237 3229 3386 3285 alius
3416 3230 3518 3284 nisi
3549 3229 3683 3284 solus
3710 3197 3844 3283 Pater

639 3324 770 3378 oriri
781 3322 930 3394 jubet
959 3335 1116 3390 super
1141 3318 1300 3372 bonos
1325 3328 1372 3372 et
1396 3317 1584 3384 malos,
1613 3329 1662 3372 et
1699 3319 1829 3386 pluit
1859 3334 2015 3388 super
2031 3319 2207 3387 justos

638 3426 687 3471 et
731 3415 951 3484 injustas
991 3412 1035 3445 ⁸¹
1079 3430 1094 3466 :
1142 3411 1315 3466 cuivis
1359 3411 1525 3465 etiam
1585 3411 1796 3482 exigua;
1844 3411 2208 3482 intelligentia:

636 3509 755 3562 viro
803 3504 1274 3560 evidentissimum
1339 3502 1580 3573 suggerit
1636 3502 2014 3570 intellectum,
2065 3503 2208 3573 quod

636 3617 742 3658 non
779 3600 941 3654 alium
993 3597 1059 3652 ad
1115 3596 1434 3651 imitandum
1480 3596 1738 3666 proponit
1767 3595 2046 3666 discipulis
2093 3597 2208 3652 suis

637 3693 828 3759 Deum,
874 3691 977 3747 nisi
1026 3689 1292 3745 factorem
1341 3687 1510 3755 solis,
1545 3698 1602 3743 et
1636 3687 1907 3742 .imhrium
1958 3687 2208 3758 praebito-

636 3801 770 3842 renn
805 3803 827 3839 1

705 3879 1032 3934 ΡΑιιιιιειιυε.
1075 3874 1204 3930 Post
1239 3874 1354 3928 hazc
1405 3871 1457 3926 in
1507 3872 1966 3943 consequentibus
2020 3871 2207 3928 multis

636 3972 967 4044 argumentis
995 3981 1158 4041 atque
1187 3967 1452 4037 exemplis
1483 3965 1885 4036 Scripturarum
1913 3965 2204 4032 aﬂirmaus,

635 4062 874 4118 ostendit
905 4061 1158 4130 quoniam
1187 4073 1324 4112 unus
1357 4065 1413 4110 et
1441 4057 1579 4109 idem
1617 4056 1758 4111 Deus
1782 4096 1797 4121 ,
1831 4055 1971 4112 Deus
2004 4065 2088 4111 est
2132 4055 2208 4110 le-

639 4155 742 4226 gis,
773 4163 827 4210 et
851 4151 1288 4221 Evangeliorum,
1321 4160 1376 4206 et
1406 4147 1815 4218 prephetarum,
1843 4157 1898 4202 et
1934 4147 2205 4217 apostolo-

637 4263 780 4311 rum,
806 4245 988 4316 justus
1013 4253 1068 4298 et
1099 4245 1291 4308 bonus,
1331 4240 1629 4296 visibilium
1665 4250 1718 4295 et
1757 4240 2102 4294 invisibilium
2143 4255 2206 4295 ac

638 4339 804 4395 totius
838 4335 1206 4392 universitatis
1237 4323 1516 4390 Dominus.
1549 4333 1828 4400 Quomodo
1855 4345 1985 4402 ergo
2018 4347 2204 4393 sense-

636 4429 710 4483 rit
740 4429 807 4482 de
846 4426 957 4481 Deo
985 4425 1144 4480 Patre
1171 4463 1186 4488 ,
1216 4440 1282 4478 ex
1332 4424 1416 4478 his
1441 4422 1558 4490 ejus
1589 4422 1808 4491 scriptis
1834 4463 1849 4486 ,
1886 4437 2006 4491 qua:
2041 4437 2204 4492 supra

637 4515 1002 4584 exposuimus,
1026 4513 1244 4568 claruit.
1279 4512 1570 4567 Videamus
1618 4525 1749 4580 ergo
1802 4527 1944 4566 nunc
1971 4512 2204 4581 qualiter

637 4616 693 4662 et
713 4608 780 4661 de
810 4606 901 4662 Dei
935 4603 1072 4660 Filio
1100 4603 1353 4658 disserat.

1241 4692 1468 4750 CAPUT
1509 4690 1594 4745 111.

1125 4789 1197 4842 De
1219 4789 1412 4842 deitate
1447 4784 1575 4838 Filii
1607 4785 1722 4837 Dei.

705 4889 994 4945 Omosnss.
1034 4883 1191 4952 (95)t
1224 4881 1324 4937 Pro
1339 4880 1549 4934 viribus
1578 4877 1738 4947 igitur
1763 4875 1966 4931 nostris
1991 4875 2202 4946 perexi-

637 4982 758 5052 guis
797 4979 1133 5034 considerata
1160 4992 1224 5029 ex
1257 4989 1478 5044 Operum
1513 4985 1731 5027 suorum
1770 5009 1786 5033 ,
1832 4970 2004 5038 magis
2036 4985 2197 5038 quam

708 5077 752 5108 ³⁰
789 5073 976 5128 Matth.
1026 5087 1141 5134 xttt,
1170 5069 1238 5124 55
1268 5085 1283 5131 ς
1321 5083 1492 5133 xxvn,
1525 5066 1614 5121 '55.

637 5163 717 5211 ιι,
744 5145 837 5203 27.
913 5143 958 5174 ³⁵
981 5141 1137 5198 Joau.
1176 5156 1288 5204 ut,
1312 5140 1404 5193 25.

711 5240 821 5309 (93)
848 5239 924 5296 Ex
950 5236 1045 5291 lih.
1081 5251 1118 5288 Il
1161 5233 1552 5309 Deprincipiis,
1597 5247 1716 5300 cap.
1755 5229 1811 5294 4,
1853 5245 1998 5309 num.
2032 5229 2083 5283 1.

717 5300 830 5380 (94⁷)
862 5311 972 5378 Sic.
995 5322 1130 5380 mss.
1166 5304 1305 5358 Etliti
1334 5300 1460 5380 vero
1481 5300 2192 5380 perperam:iiiisit,nqute'de

642 5369 850 5432 Christo
881 5373 1139 5432 credenda
1159 5383 1306 5430 erant
1329 5376 1435 5441 ipse
1476 5369 1738 5440 primum.
1769 5369 1914 5424 Libri
1944 5370 2022 5441 De
2046 5371 2193 5438 prin-

645 5451 790 5519 cipiis
817 5459 924 5502 tant
959 5447 1087 5502 editi
1123 5459 1284 5519 quam
1322 5437 1498 5519 mss_.,'_
1525 5443 1700 5505 misit,
1727 5456 1847 5510 qua:
1888 5443 1952 5494 de
1983 5437 2192 5494 Christo

643 5513 1110 5589 prazdicendarlerat
1144 5513 1254 5589 ipse
1278 5513 1542 5589 prwtliagit.

739 5589 827 5660 95)
860 5589 935 5660 ξι
970 5575 1060 5640 lib.
1091 5601 1128 5639 tt
1166 5575 1794 5660 Deprinci_piis,__cap._6,_
1819 5595 1968 5660 nttm.
2002 5580 2052 5634 l.

739 5592 827 5660 95)
860 5592 935 5642 Ex
970 5592 1060 5640 lib.
1091 5601 1128 5639 tt
1166 5592 1241 5638 De
1259 5592 1548 5653 principiis,
1579 5595 1698 5649 cap.
1724 5592 1789 5643 t5,
1819 5595 1968 5634 nttm.
2002 5592 2052 5634 ι.

712 5592 824 5733 (96)
863 5657 935 5712 l'ta
961 5667 1106 5733 rec_t_e
1131 5656 1280 5716 editi,
1308 5653 1498 5733 etlibri
1531 5653 1897 5733 De‘prittcipiis
1932 5661 2038 5704 tam
2065 5649 2191 5733 editi

635 5723 817 5799 quam'
849 5743 1006 5799 tuss._
1041 5726 1168 5780 Mss.
1210 5738 1339 5776 vero
1383 5723 1540 5799 hujus
1592 5723 1898 5799 Apologia,
1935 5723 2191 5774 creaturis

645 5790 1105 5874 Ejuspisoibilibus,
1148 5790 1550 5862 contemplantes
1591 5790 1686 5864 [ιιι.
1718 5808 2027 5861 rursumque
2065 5808 2191 5845 con-

2311 3321 2458 3375 novit
2487 3337 2502 3374 :
2530 3322 2596 3376 de
2642 3336 2783 3390 quo,
2815 3321 2954 3377 sicut
2986 3321 3248 3392 scriptum
3279 3331 3369 3378 est
3405 3341 3416 3376 :
3449 3320 3529 3376 Ne
3563 3323 3716 3390 ipsum
3747 3322 3845 3388 qui-

2308 3412 2425 3466 dem
2462 3413 2714 3466 mundum
2748 3429 2930 3480 capere
2968 3429 3118 3481 posse
3145 3415 3382 3467 arbitror
3428 3413 3582 3466 libros
3626 3413 3707 3477 qui
3730 3408 3843 3464 scri-

2309 3503 2552 3558 berentur
2575 3505 2620 3537 ⁸³
2654 3505 2720 3560 de
2752 3505 2917 3576 gloria
2962 3516 3018 3560 et
3067 3507 3134 3560 de
3168 3506 3456 3576 majestate
3483 3505 3596 3560 Filii
3627 3503 3728 3558 Dei.
3754 3502 3840 3558 lm-

2309 3595 2562 3664 possihile
2594 3609 2824 3666 namque
2856 3605 2938 3651 est
2975 3595 3170 3651 litteris
3202 3599 3542 3652 committere
3565 3610 3624 3651 ea
3648 3611 3754 3666 quae
3783 3595 3840 3649 ad

2309 3685 2608 3743 Salvatoris
2636 3687 2860 3756 gloriam
2890 3689 3181 3759 pertinent.
3217 3707 3236 3742 ι

2376 3779 2700 3836 ΡΑιίριιιιυε.
2757 3781 2930 3837 Unum
2979 3781 3118 3835 istud
3154 3782 3522 3838 testimonium
3571 3781 3633 3836 de
3667 3781 3838 3834 deitate

2306 3871 2425 3926 Filii
2455 3873 2543 3926 Dei
2574 3887 2643 3925 ex
2670 3871 2774 3926 illis
2799 3871 2950 3926 libris
2976 3870 3295 3941 protulimus
3323 3911 3340 3936 ,
3383 3874 3474 3942 qui
3520 3872 3737 3926 maxime
3779 3872 3836 3924 ab

2307 3963 2713 4017 accusatoribus
2742 3971 3062 4032 arguuntur.
3102 3961 3334 4016 Dubium
3384 3973 3560 4017 autem
3604 3977 3697 4016 non
3727 3969 3832 4022 est,

2307 4054 2447 4125 quod
2496 4054 2684 4110 eodem
2718 4069 2880 4109 sensu
2913 4053 3075 4109 etiam
3125 4055 3179 4108 in
3226 4056 3439 4110 caeteris
3490 4053 3712 4118 sentiat,
3749 4065 3834 4103 nec

2305 4146 2406 4200 sibi
2438 4146 2509 4200 sit
2540 4148 2654 4210 ipse
2685 4146 3014 4201 contrarius.
3063 4146 3140 4201 De
3181 4161 3247 4202 eo
3291 4149 3436 4218 quod
3471 4160 3571 4201 non
3607 4146 3672 4199 sit
3696 4142 3835 4197 Pater

2305 4245 2592 4304 antequam
2622 4236 2812 4297 Filius.
2838 4237 2932 4292 sed
2970 4246 3272 4292 coaeternus
3312 4238 3388 4291 sit
3415 4235 3584 4292 Filius
3611 4232 3763 4296 Patri,
3788 4232 3832 4283 in

2305 4329 2478 4397 primo
2509 4329 2646 4383 libro
2683 4329 2757 4382 De
2783 4327 2970 4384 Genesi
3002 4331 3116 4385 haec
3147 4329 3224 4382 ait
3251 4348 3264 4383 :

2348 4420 2636 4473 URIGENES.
2675 4418 2812 4489 (97‘)
2862 4436 2882 4470 ι
2935 4419 3050 4474 Νοη
3196 4419 3271 4472 Οὐ
3298 4419 3411 4491 γὰρ
3431 4417 3594 4482 ὁΘεὸς
3615 4414 3714 4486 (98)
3736 4414 3830 4468 Πα-

2304 4514 2448 4564 enim
2467 4511 2625 4577 Deus,
2642 4528 2763 4566 cum
2777 4514 2926 4584 prius
2947 4527 3052 4567 non
3125 4511 3231 4583 τὴρ
3251 4507 3394 4566 εἶναι
3422 4513 3634 4582 ἤρξατο,
3656 4504 3828 4560 κωλυό-

2308 4612 2449 4657 esset
2470 4600 2647 4670 Pater,
2671 4615 2857 4674 postea
2893 4604 3053 4660 Pater
3126 4624 3303 4678 μενος,
3322 4607 3397 4667 ὡς
3412 4609 3460 4660 oi
3475 4605 3726 4675 γινόμενοι
3740 4617 3827 4652 πα-

2307 4709 2423 4748 esse
2466 4696 2650 4762 etrapit,
2689 4696 2834 4751 velut
2882 4698 3052 4768 impe-
3124 4701 3276 4772 τέρες
3317 4701 3606 4774 ἄνθρωποι,
3639 4696 3731 4751 ὑπὸ
3751 4693 3825 4748 τοῦ

2306 4785 2449 4840 ditus
2497 4787 2765 4855 aliquibus
2804 4804 2870 4844 ex
2921 4805 3051 4845 cau-
3126 4795 3199 4868 μὴ
3224 4796 3481 4850 δύνασθαί
3509 4813 3590 4848 πω
3628 4791 3828 4860 πατέρες

2307 4879 2400 4944 sis,
2423 4879 2619 4948 quibus
2642 4880 2886 4938 homines
2909 4899 3051 4937 mor-
3121 4885 3278 4943 εἶναι.
3313 4891 3375 4943 Ei
3414 4890 3520 4960 γὰρ
3541 4887 3624 4942 ἀεὶ
3653 4883 3828 4940 τέλειος

2307 4970 2440 5023 tales
2481 4971 2724 5040 impediri
2762 4974 2958 5040 solent,
2995 4986 3052 5032 ut.
3121 4981 3149 5031 ὁ
3173 4981 3322 5048 Θεὸς,
3345 4985 3440 5038 καὶ
3474 4980 3718 5052 πάρεστιν
3746 4971 3826 5025 aii-

1721 5065 1764 5095 ³⁸
1789 5063 1983 5118 Matth.
2013 5079 2062 5127 v,
2097 5062 2188 5130 48,

2315 5101 2330 5116 .
2411 5065 2454 5096 ³¹
2485 5064 2696 5121 Coloss.
2738 5087 2776 5134 ι,
2812 5070 3003 5126 l5-l7.
3082 5075 3128 5106 ³³
3159 5074 3178 5128 1
3209 5077 3334 5133 Cor.
3364 5095 3438 5146 XI,
3468 5078 3520 5132 5.
3591 5074 3635 5107 ³⁸
3659 5070 3824 5125 Matth.

2299 5227 2630 5302 templantes]
2665 5231 2790 5302 quia
2821 5247 2925 5286 non
2959 5234 3157 5300 omnia,
3186 5245 3292 5292 etc.

2372 5300 2484 5369 (97)
2506 5300 2632 5354 Mss.
2661 5301 2819 5374 hujus
2849 5303 3120 5374 Apologia:
3145 5306 3347 5361 habent
3382 5326 3395 5362 :
3434 5304 3576 5360 Unde
3596 5315 3681 5370 pro
3699 5304 3822 5374 certo

2299 5367 2489 5492 {rastro
2513 5379 2662 5492 ,detc.
2691 5367 2798 5426 seu
2832 5375 2963 5428 editi
2987 5367 3090 5440 [ει
3133 5376 3258 5431 libri
3289 5377 3368 5434 De
3398 5367 3655 5448 principiis
3677 5367 3822 5424 Omit-

2326 5457 2355 5492 u
2457 5457 2525 5492 un
2567 5457 2615 5492 e.

2302 5451 2420 5495 tunt
2457 5451 2615 5494 unde.

2371 5511 2507 5579 (97‘)
2537 5510 2611 5563 Ex
2636 5509 2812 5567 libror
2841 5511 2896 5566 in
2928 5509 3189 5570 Genesim.

2367 5576 2604 5654 (9⁸)’ρὺ
2655 5582 2764 5651 γὰρ
2821 5586 2854 5636 ό
2892 5585 3053 5650 Θεός,
3102 5599 3205 5640 etc.
3257 5584 3407 5643 Hun-c
3439 5587 3604 5640 locum
3659 5576 3821 5654 Graece

2297 5650 2514 5706 exl'iihet
2536 5650 2800 5709 Eusebius
2843 5655 2936 5710 lib.
2987 5672 3003 5710 ι
3050 5657 3297 5710 adversus
3345 5656 3637 5712 Marcellum
3674 5650 3818 5714 Antii:

2296 5739 2503 5788 rutrum,
2533 5737 2652 5792 pag.
2678 5723 2768 5778 22.
