3992 6312
162 412 242 470 561

146 544 248 585 ‘non
292 529 469 586 statim
506 546 574 585 ex
614 546 720 602 quo
760 541 881 588 sunt

159 625 297 678 etiam
344 632 527 695 patres
576 640 697 681 esse
752 642 877 695 pos-

159 718 269 771 sint.
329 693 385 769 Si
459 715 604 770 enim
670 732 880 785 semper

157 806 411 876 perlectus
462 815 549 861 est
588 806 744 865 Deus.
780 822 877 861 nec

155 896 287 949 deest
316 894 361 947 ei
393 894 565 949 virtus
592 910 693 961 qua
722 894 877 949 Pater

150 990 225 1053 sit,
244 988 503 1043 etbonum
527 996 607 1042 est
622 1003 743 1043 esse
755 1004 875 1044 eum

148 1081 341 1135 Patrem
388 1080 514 1135 talis
542 1080 699 1145 Filii,
746 1081 876 1151 quid

145 1172 325 1239 (ἥσει-ι,
352 1174 591 1244 antquid
614 1174 716 1229 hoc
739 1175 879 1230 bono

144 1284 193 1323 se
224 1268 474 1330 fraudat,
527 1277 581 1323 et
621 1284 726 1323 non
769 1278 881 1323 sta-

143 1359 292 1422 tim,si
314 1359 391 1413 ita
411 1359 512 1413 dici
534 1358 879 1429 potest,(98‘)

141 1465 195 1503 ex
220 1463 321 1515 quo
351 1458 535 1517 potest
554 1464 677 1503 esse
698 1448 877 1514 Pater,

1323 415 1663 471 APOLOGIA
1703 416 1834 473 PRO
1870 417 2189 475 ORIGENE.

3252 414 3358 470 ἔξω

951 532 1028 605 τῷ
1067 532 1292 605 δύναμις
1338 535 1430 588 τοῦ
1483 536 1698 607 Πατέρα

1803 535 2090 598 beat,cum
2132 552 2290 590 omne
2339 535 2481 604 quod
2525 551 2839 606 corporeum
2872 544 2973 599 est,
3020 534 3100 588 vel
3140 534 3354 602 habitu,

950 625 1107 678 αὑτὸν
1157 620 1331 690 εἶναι,
1396 627 1489 680 καὶ
1534 628 1695 682 καλὸν

948 720 1107 773 αὐτὸν
1151 715 1290 773 εἶναι
1346 718 1564 792 Πατέρα
1601 721 1694 774 τοῦ

946 812 1187 865 τοιούτου
1245 813 1406 877 Υἱοῦ,
1465 816 1517 867 τί
1570 816 1697 868 ἀναα

948 904 1221 969 ϐάλλεται,
1257 908 1349 958 καὶ
1379 906 1568 959 ἑαυτὸν
1602 906 1693 959 τοῦ

949 996 1115 1050 καλοῦ
1180 997 1488 1069 στερίσκει,
1562 999 1694 1065 καὶ,

948 1088 1021 1152 ὡς
1045 1088 1192 1142 ἔστιν
1219 1092 1413 1153 εἰπεῖν,
1439 1090 1496 1157 ἐξ
1528 1086 1587 1145 οὗ
1616 1090 1700 1144 δύ-

949 1200 1105 1236 ναται
1138 1184 1325 1253 Πατὴρ
1367 1179 1500 1237 εἶναι
1530 1185 1694 1242 Υἱοῦ;

950 1277 1023 1330 Τὸ
1070 1277 1201 1330 αὐτὸ
1283 1277 1528 1348 μέντοιγε
1604 1282 1699 1334 καὶ

950 1367 1203 1440 περὶτοῦ
1248 1368 1400 1436 ἁγίου
1446 1370 1698 1440 Πνεῦμα-

950 1476 1040 1523 τος
1063 1459 1299 1513 λεκτέον.

140 1542 353 1596 edicitur
404 1540 602 1597 Pater?
648 1541 879 1611 ldipsum

144 1644 309 1689 autem
355 1636 522 1690 etiam
563 1636 629 1690 de
678 1634 878 1704 Spiritu

142 1735 317 1781 sancto
342 1727 628 1782 dicendum
655 1737 756 1784 est.
803 1748 821 1781 ›

202 1816 529 1876 ΡΑιίρηιιυε.
584 1822 739 1877 Aliud
785 1823 1157 1879 testimonium
1189 1826 1256 1881 de
1295 1824 1482 1881 eadem
1528 1840 1586 1881 re
1632 1841 1697 1882 ex

139 1908 285 1965 libris
320 1911 579 1981 Epistolas
601 1914 669 1967 ad
698 1915 966 1970 Hebraeos.

198 2002 500 2060 ORIGENES.
535 2004 645 2075 (99)
697 2023 715 2056 ι
760 2005 874 2061 Lux
935 2018 1114 2062 autem
1161 2016 1361 2063 aeterna
1389 2009 1517 2078 quid
1561 2008 1701 2063 aliud

131 2097 478 2151 sentiendum
506 2104 611 2159 est,
644 2110 806 2165 quam
860 2098 1005 2152 Deus
1040 2098 1223 2165 Pater,
1281 2100 1370 2169 qui
1429 2114 1700 2167 nunquam

129 2187 228 2242 fuit
253 2187 482 2257 quando
515 2186 603 2240 lux
635 2188 849 2256 quidem
876 2199 1044 2250 esset,
1066 2189 1323 2257 Splendor
1356 2204 1483 2245 vero
1511 2191 1559 2243 ei
1596 2206 1700 2245 non

124 2279 390 2335 adesset?
435 2276 618 2350 Neque
653 2278 794 2333 enim
832 2279 920 2332 lux
968 2280 1084 2335 sine
1123 2281 1407 2350 splendore
1454 2297 1551 2337 suo
1600 2298 1701 2335 un-

124 2384 294 2440 quam
334 2368 557 2438 intelligi
590 2376 783 2438 potest.
818 2367 967 2434 Quod
991 2370 1035 2422 si
1069 2384 1258 2422 verum
1282 2379 1388 2433 est,
1421 2385 1694 2438 nunquam

127 2468 208 2515 est
243 2458 389 2529 (99‘)
446 2459 659 2527 quando
692 2457 857 2513 Filius
886 2473 990 2513 non
1026 2456 1192 2513 Filius
1221 2458 1344 2512 fuit.
1371 2459 1697 2514 Eratautem

131 2566 260 2615 non,
298 2550 533 2606 sicut’de
554 2560 752 2604 interna
777 2550 895 2605 luce
934 2550 1190 2612 diximus,
1222 2551 1461 2617 innatus,
1490 2566 1557 2605 ne
1582 2555 1691 2607 duo

132 2642 396 2714 principia
432 2642 568 2697 lucis
603 2642 881 2697 videamus
915 2641 1189 2708 inducere,
1226 2643 1321 2696 sed
1364 2643 1501 2697 sicut
1550 2645 1701 2715 inge-

136 2738 252 2791 nitae
282 2735 421 2790 lucis
442 2734 713 2803 splendor,
741 2736 910 2803 ipsam
950 2734 1093 2788 illam
1128 2735 1299 2788 lucem
1342 2736 1552 2790 initium
1600 2736 1697 2790 ba-

138 2828 261 2881 bens
285 2841 351 2880 ac
386 2824 614 2889 fontem,
662 2834 821 2880 natus
867 2827 1085 2895 quidem
1138 2844 1203 2882 ex
1248 2828 1399 2898 ipsa;
1451 2829 1544 2881 sed
1594 2842 1699 2881 non

138 2929 244 2970 erat
285 2919 505 2985 quando
535 2934 639 2971 non
669 2928 806 2973 erat.
847 2936 865 2969 ι

198 3006 529 3063 Pupiuws.
582 3007 737 3062 Aliud
784 3008 1150 3063 testimonium
1202 3011 1269 3065 de
1312 3010 1498 3067 eadem
1544 3025 1601 3066 re
1634 3013 1701 3067 de

140 3095 280 3151 libris
314 3095 579 3166 Epistola'
605 3097 674 3150 ad
710 3096 993 3152 Romanos.

202 3188 494 3243 ORIGENES.
566 3186 644 3261 (1)
696 3209 714 3241 ι
763 3188 913 3255 Quod
955 3191 1296 3257 promiserat,
1347 3190 1548 3259 inquit,
1608 3208 1700 3262 per

138 3279 405 3347 prophetas
452 3296 575 3333 suos
614 3280 669 3333 in
692 3279 975 3348 Scripturis
1009 3282 1201 3334 sanctis
1224 3282 1287 3333 de
1313 3279 1453 3334 Filio
1479 3299 1573 3336 suo
1608 3282 1698 3351 qui

141 3373 419 3425 secundum
458 3388 665 3425 carnem
708 3372 876 3440 factus
926 3382 1021 3426 est‘
1050 3390 1114 3427 ea:
1161 3375 1354 3427 semine
1411 3374 1581 3428 David
1632 3374 1698 3428 ³⁸.

144 3462 323 3517 Factus
362 3472 455 3518 est
491 3463 632 3531 quod
691 3475 816 3519 ante
868 3481 971 3519 non
1028 3474 1163 3520 erat.
1231 3466 1573 3522 Manifestum
1621 3475 1703 3521 est

142 3554 270 3607 enim
305 3554 440 3623 quia
481 3555 776 3608 secundum
812 3571 1030 3610 carnem
1068 3574 1171 3612 non
1218 3565 1335 3613 erat
1374 3558 1521 3626 prius
1560 3574 1574 3610 :
1612 3572 1699 3611 se-

142 3646 359 3699 cundum
380 3646 636 3715 spiritum
663 3662 792 3702 vero
818 3657 934 3704 erat
956 3658 1100 3717 ante,
1132 3658 1185 3704 et
1214 3664 1318 3703 non
1350 3649 1700 3719 eratquando

141 3749 232 3789 non
258 3744 403 3791 erat.
443 3753 463 3786 ι

202 3826 532 3883 ΡΑιιιιιιιιυε.
595 3825 727 3882 Item
806 3827 859 3882 in
933 3827 1072 3883 libro
1145 3828 1322 3899 primo
1384 3828 1525 3898 Περὶ
1597 3829 1701 3899 dp-

145 3918 270 3987 χῶν.
306 3919 651 3985 Quod'extra
685 3920 851 3975 ullum
891 3920 1102 3975 initium
1141 3931 1226 3978 est
1258 3923 1533 3992 generatio
1578 3922 1701 3977 Filii

147 4011 247 4065 Dei.

205 4122 497 4179 ORIGE‘NES.
536 4122 635 4195 (l‘)
665 4141 682 4175 ι
713 4123 768 4177 Si
798 4138 926 4194 ergo
964 4123 1127 4177 semel
1154 4133 1297 4178 recte
1319 4134 1590 4194 receptum
1619 4138 1701 4179 est

143 4216 472 4287 unigenitum
522 4215 716 4270 Filium
749 4216 840 4270 Dei
879 4215 1200 4286 sapientiam
1249 4217 1363 4285 ejus
1408 4230 1531 4269 esse
1573 4215 1703 4269 sub-

146 4306 467 4359 stautialiter
494 4306 902 4371 subsistentem,
936 4308 1119 4363 nescio
1159 4307 1204 4361 si
1234 4307 1347 4376 jam
1385 4307 1525 4360 ultra
1575 4321 1703 4360 eva-

147 4398 246 4463 gari
312 4415 514 4455 sensus
549 4411 731 4455 noster
780 4403 975 4455 debeat
1022 4402 1087 4455 ad
1117 4402 1497 4467 suSpicandum
1526 4400 1599 4471 (ἓ)
1636 4416 1703 4455 ne

147 4482 270 4541 forte
296 4488 419 4557 ipsa
450 4490 799 4545 subsistentia
843 4488 959 4558 ejus
1005 4505 1323 4559 corporeum
1356 4491 1555 4558 aliquid
1606 4491 1701 4544 ha-

208 4602 250 4632 ³⁸
273 4601 437 4660 Rom.
466 4617 502 4671 l,
538 4603 593 4671 2,
632 4603 686 4658 5.
761 4603 825 4635 ³⁸·
863 4604 991 4674 Sap.
1020 4602 1229 4670 "1,25.

1800 626 1879 679 vel
1917 634 2117 688 colore,
2145 626 2226 680 vel
2254 628 2614 695 magnitudine
2642 628 2971 696 designetur.
3008 625 3071 679 Et
3099 627 3219 694 quis
3256 640 3358 679 un-

1798 734 1955 787 quam
1986 721 2098 772 sani
2136 733 2324 772 sensus
2368 718 2606 772 habitum
2643 718 3034 791 vel_colorem,
3083 727 3174 770 aut
3215 732 3358 771 meu-

1798 827 1939 866 surse
1988 812 2410 882 magnitudinem
2465 813 2517 865 in
2568 812 2846 881 Sapientia
2897 811 3208 879 requisivit,
3263 824 3358 877 per

1798 904 1938 971 quod
1979 902 2253 971 Sapientia
2292 904 2410 959 est?
2458 902 2741 967 Quomodo
2789 911 2965 955 autem
3005 910 3155 955 extra
3200 901 3356 967 lmjus

1800 992 2087 1063 Sapientia:
2110 995 2511 1064 generationem
2554 992 2716 1048 fuisse
2744 992 3032 1061 aliquando
3066 993 3230 1046 Deum
3258 993 3356 1046 l'a-

1800 1095 1955 1149 trem,
1990 1085 2072 1139 vel
2099 1088 2164 1140 ad
2188 1097 2447 1155 punctum
2482 1084 2738 1141 momenti
2774 1084 3003 1154 alicujus
3038 1095 3212 1154 potest
3239 1085 3356 1152 quis

1798 1183 1998 1237 sentire
2031 1182 2114 1237 vel
2165 1183 2409 1247 credere,
2467 1182 2559 1251 qui
2625 1190 2803 1235 tamen
2857 1182 3000 1250 pium
3055 1181 3257 1249 aliquid
3295 1181 3359 1232 de

1800 1273 1911 1327 Deo
1934 1274 2235 1343 intelligere
2266 1272 2497 1337 noverit,
2526 1271 2611 1326 vel
2652 1271 2891 1325 sentire?
2922 1272 3025 1326 Aut
3062 1271 3204 1325 enim
3255 1284 3358 1321 non

1799 1363 2038 1431 potuisse
2068 1364 2230 1417 Deum
2256 1363 2396 1416 dicet
2425 1376 2680 1431 generare
2714 1361 3044 1429 Sapientiam
3074 1370 3359 1426 antequam

1801 1465 2104 1525 generaret,
2142 1464 2198 1509 ut
2240 1470 2383 1519 eam,
2427 1471 2544 1522 qua:
2579 1470 2683 1509 non
2727 1463 2869 1519 erat,
2914 1451 3016 1527 (ε’)
3052 1460 3233 1520 postea
3280 1464 3359 1520 ge-

1803 1546 1979 1600 nuerit
2016 1556 2072 1600 ut
2099 1559 2241 1603 esset
2269 1563 2282 1601 :
2310 1558 2401 1600 aut
2428 1548 2662 1618 potuisse
2705 1549 2944 1618 quidem,
2978 1548 3069 1602 sed
3100 1546 3262 1616 (quod
3297 1558 3359 1599 ne

1806 1636 1907 1691 dici
1942 1637 2153 1707 quidem
2207 1640 2273 1694 de
2330 1641 2436 1693 Deo
2498 1639 2580 1695 fas
2632 1640 2733 1711 est)
2776 1639 3008 1694 noluisse
3056 1652 3358 1709 generare:

1801 1729 1942 1799 quod
1978 1738 2266 1797 utrumque
2305 1741 2357 1785 et
2388 1731 2676 1785 absurdum
2697 1745 2836 1793 esse,
2868 1742 2918 1785 et
2956 1730 3177 1798 impium
3195 1728 3339 1783 omni

1803 1820 1903 1873 bus
1940 1826 2105 1886 patet,
2131 1818 2207 1890 (5)
2268 1819 2319 1873 id
2346 1829 2447 1880 est,
2486 1831 2543 1872 ut
2568 1829 2655 1872 aut
2684 1835 2749 1872 ex
2778 1834 2844 1874 eo
2876 1820 3017 1888 quod
3053 1833 3157 1872 non
3191 1818 3358 1887 potuit

1733 1910 1774 1964 Β
1806 1911 1967 1973 Deus,
1994 1908 2279 1978 proﬁceret
2305 1919 2361 1961 ut
2390 1919 2616 1980 posset;
2657 1919 2744 1963 aut
2791 1924 2852 1963 ex
2890 1925 2952 1963 eo
2983 1925 3103 1964 cum
3155 1919 3358 1978 posset,

1803 2000 2166 2056 dissimularet
2193 2016 2452 2071 generare
2476 1999 2828 2068 Sapientiam.
2858 2001 3076 2069 Propier
3098 2000 3236 2069 quod
3266 2016 3359 2054 nos

1804 2106 2018 2160 semper
2056 2092 2220 2145 Deum
2266 2091 2481 2145 Patrem
2536 2090 2781 2145 novimus
2819 2091 3072 2161 unigeniti
3121 2090 3241 2146 Filii
3279 2092 3358 2144 sui

1806 2199 1870 2237 ex
1905 2184 2019 2252 ipso
2055 2183 2271 2252 quidem
2305 2184 2435 2249 nati,
2461 2190 2514 2237 et
2544 2182 2689 2252 quod
2715 2190 2800 2235 est
2832 2181 2900 2235 ab
2932 2182 3049 2249 ipso
3077 2182 3360 2244 trahentis,

1803 2279 1920 2333 sine
1957 2276 2065 2330 ullo
2118 2285 2298 2329 tamen
2333 2276 2508 2342 initio,
2547 2290 2651 2329 non
2693 2274 2866 2329 solum
2897 2288 2960 2328 eo
2986 2272 3127 2343 quod
3178 2271 3344 2340 aliqui

1803 2369 1901 2423 bus
1936 2378 2236 2436 temporum
2282 2366 2473 2434 spatiis
2512 2365 2763 2435 distingui
2795 2372 2993 2434 potest,
3036 2364 3128 2417 sed
3172 2378 3239 2416 ne
3270 2361 3360 2415 illo

1802 2456 2019 2526 quidem
2068 2456 2209 2525 quod
2257 2456 2369 2510 sola
2405 2456 2545 2525 apud
2590 2454 2938 2525 semetipsam
2980 2469 3131 2509 mens
3172 2451 3363 2507 intueri

1802 2548 1958 2613 solet,
2010 2556 2064 2603 et
2108 2547 2270 2613 nudo,
2327 2556 2385 2602 ut
2444 2549 2521 2601 ita
2561 2548 2812 2612 dixerim,
2874 2547 3152 2601 intellectu
3206 2555 3362 2615 atque

1801 2639 1983 2693 animo
2014 2639 2341 2708 conspicari.
2374 2638 2537 2693 Extra
2569 2652 2729 2692 omne
2761 2653 2894 2707 ergo
2924 2639 3066 2708 quod
3108 2638 3190 2691 Vel
3235 2638 3362 2704 dici,

1800 2731 1885 2786 vel
1922 2730 2145 2801 intelligi
2179 2740 2354 2799 potest
2379 2731 2614 2797 initium,
2651 2738 2959 2801 generatam
2986 2744 3105 2785 esse
3134 2730 3361 2784 credenv

1800 2821 1927 2875 dum
1955 2831 2039 2877 est
2062 2820 2414 2889 Sapientiam.
2465 2839 2482 2871 ι

1871 2912 2197 2967 PAMPHILUS.
2222 2912 2377 2966 Aliud
2401 2910 2766 2965 testimonium
2808 2909 2907 2980 (3‘)
2937 2908 3003 2964 de
3040 2909 3262 2963 eisdem.

1870 3001 2259 3070 0316533544)
2297 3020 2314 3051 ι
2365 3001 2462 3067 Qui
2496 3012 2674 3055 autent
2711 3000 3225 3055 initiumdatVerbo
3250 2999 3360 3065 Dei,

1803 3094 1886 3149 vel
1916 3094 2205 3164 Sapientia:
2231 3094 2347 3156 Dei,
2369 3093 2464 3164 (Γ)
2488 3093 2699 3147 intuere
2728 3109 2793 3147 ne
2824 3093 3061 3163 magisin
3089 3094 3259 3163 ipsum
3283 3092 3361 3147 in-

1802 3189 2037 3258 genitum
2071 3186 2282 3241 Patrem
2314 3186 2644 3255 impietatem
2686 3201 2835 3239 suam
2864 3185 3051 3253 jactet,
3081 3202 3201 3240 cum
3239 3201 3360 3241 eum

1806 3290 1963 3349 neget
1994 3294 2204 3348 semper
2226 3278 2437 3333 Patrem
2462 3276 2716 3342 fuisse,et
2742 3279 2995 3347 genuisse
3025 3278 3277 3343 Verbum,
3308 3287 3361 3333 et

1805 3371 2056 3426 habuisse
2077 3371 2404 3440 Sapientiam
2432 3371 2788 3426 anteriuribus
2810 3371 2888 3425 vel
2913 3372 3263 3440 temporibus,
3284 3372 3362 3427 vel

1803 3463 2030 3527 smenlis,
2066 3462 2145 3517 vel
2165 3463 2207 3516 si
2229 3463 2355 3531 quid
2384 3463 2509 3516 illud
2534 3464 2773 3532 estquod
2804 3463 3064 3516 nominati
3098 3471 3293 3532 potest.
3342 3483 3362 3515 ι

1875 3555 2195 3609 ΡΑιιριιιιυε.
2274 3553 2403 3610 ltem
2466 3553 2611 3609 aliud
2681 3553 3047 3608 testimonium
3117 3555 3183 3609 de
3256 3555 3363 3609 eis-

1802 3645 1943 3701 dem.

1872 3758 2164 3815 ORIGENES.
2219 3758 2299 3830 (5)
2350 3777 2368 3810 ι
2407 3756 2644 3812 ElIicitur
2693 3770 2822 3829 ergo
2871 3756 3041 3810 virtus
3084 3755 3254 3810 altera
3310 3756 3365 3811 in

1803 3863 1896 3905 sua
1919 3850 2249 3920 proprietate
2289 3851 2617 3915 subsistens,
2650 3850 2801 3904 utait
2839 3863 3017 3903 scrmo
3049 3848 3359 3916 Scriptum,

1802 3956 1965 4010 vapor
1986 3940 2203 4011 quidam
2228 3942 2410 4012 primae
2431 3952 2484 3997 et
2514 3942 2759 4011 ingenita:
2786 3941 2998 3995 virtutis
3017 3939 3109 3993 Dei
3133 3940 3222 4005 ’6',
3254 3941 3361 3994 hoc

1802 4038 2016 4107 quidem
2056 4039 2196 4107 quod
2245 4050 2349 4105 εει,
2396 4039 2522 4094 inde
2562 4039 2783 4094 trahens
2839 4057 2851 4092 ε
2905 4052 3009 4092 ηοη
3054 4049 3137 4091 est
3184 4046 3362 4092 autem

1801 4130 2017 4199 quando
2076 4145 2179 4184 non
2229 4130 2410 4185 fuerit.
2474 4130 2531 4184 Si
2575 4130 2717 4184 enim
2760 4128 2882 4198 quis
2921 4127 3152 4182 voluerit
3184 4129 3364 4183 dicere

1801 4221 1953 4289 quasi
1991 4222 2139 4289 prius
2167 4237 2269 4275 non
2301 4221 2586 4285 exstiterit,
2641 4221 2735 4276 sed
2762 4230 2950 4291 postea
3006 4221 3073 4274 ad
3104 4218 3202 4291 (5⁸)
3232 4221 3363 4274 sub-

1802 4310 2104 4364 sistentiam
2164 4313 2392 4376 venerit,
2443 4313 2585 4367 dicat
2632 4328 2851 4368 causam
2897 4326 3066 4381 quare
3108 4311 3197 4378 qui
3244 4326 3359 4363 eam

1803 4399 2077 4455 substituit
2110 4400 2289 4466 Pater,
2327 4414 2453 4458 ante
2487 4406 2589 4458 hoc
2630 4419 2732 4458 non
2764 4404 2973 4459 fecerit.
3009 4404 3158 4470 Quod
3192 4406 3234 4457 si
3264 4406 3358 4456 ali-

1802 4496 1942 4561 quod
1977 4507 2160 4547 semen
2186 4493 2399 4548 initium
2431 4494 2641 4548 dederit
2668 4509 2773 4563 quo
2803 4508 2969 4562 vapor
3020 4495 3119 4548 iste
3156 4507 3221 4547 ex
3271 4492 3363 4547 Dei

210 4719 338 4792 (93')
357 4719 464 4794 βία
493 4719 661 4794 canui;-
686 4734 821 4794 mss:
838 4735 984 4794 νει-ρ,
1006 4737 1059 4774 δε
1084 4718 1243 4775 Pam
1272 4722 1421 4794 coicit
1471 4713 1685 4770 Patrem
1726 4726 1772 4781 D
1802 4718 2211 4794 amittentes“,
2230 4719 2458 4794 Asic_ut__et
2493 4717 2771 4794 Merlinus.
2807 4716 3185 4772 Genebrardus
3212 4734 3359 4794 vero,

148 4789 230 4860 (al.
263 4789 328 4843 se'
345 4790 753 4861 Pauca/ﬁcitur
783 4789 981 4861 Pater].

210 4861 317 4931 (799)
376 4860 453 4931 Ex
476 4860 693 4931 librisin
715 4860 884 4926 Epist.
907 4860 973 4913 ad
1001 4860 1269 4916 Hebrwos.

211 4930 341 5006 (99')
372 4930 447 4983 lta
464 4930 928 5006 ms_._Sorbonicus.
945 4931 1132 5006 ψειετί
1160 4946 1286 4987 vero
1309 4948 1464 5006 mss.,,
1488 4938 1697 5006 quando

153 4996 438 5072 Filius'nou
462 4998 635 5053 Filius
660 5000 903 5067 nonfuit.
942 5001 1109 5064 Editi,
1152 5007 1361 5072 quando
1400 4996 1572 5061 Filius
1596 5024 1698 5061 non

150 5069 239 5134 fuit
274 5089 287 5124 :
318 5081 377 5124 et
400 5080 579 5137 postea
614 5073 869 5124 omittunt
901 5073 1131 5124 innatus.

241 5142 285 5193 lt
315 5142 394 5194 Ex
422 5142 514 5195 lib.
540 5155 554 5193 ι
586 5140 841 5211 irtiEpist.
870 5143 936 5193 ad
965 5139 1138 5207 Rom.,
1166 5158 1313 5196 num.
1336 5143 1371 5197 4
1398 5155 1449 5198 ει
1471 5145 1522 5199 5.

239 5212 306 5280 Γ)
342 5211 421 5265 Ex
446 5211 539 5265 lib.
577 5226 593 5264 ι
632 5210 1030 5279 οερνὶηείρὶἱε,
1060 5228 1180 5281 cap.
1207 5214 1265 5277 ‘2,
1286 5230 1434 5267 num.
1456 5216 1513 5270 2.

215 5281 291 5351 (2)
362 5282 434 5352 lta
481 5296 612 5335 mss.
661 5280 922 5349 plerique.
984 5280 1141 5335 Mss.’
1173 5298 1301 5338 vero
1346 5287 1587 5352 quidam,
1633 5295 1687 5341 et

154 5351 295 5420 editi,
320 5369 383 5405 ne
408 5351 543 5420 forte
580 5353 689 5419 ipsa
712 5352 1000 5404 substantia
1033 5352 1167 5419 ejus,
1220 5362 1326 5408 etc.
1365 5351 1509 5409 Libri
1562 5356 1690 5410 editi

158 5418 225 5495 ρε
244 5418 513 5489 principiis
536 5460 552 5485 ,
577 5418 638 5473 ne
670 5420 801 5495 forte
825 5422 936 5495 ipsa
966 5418 1095 5474 idea:
1118 5426 1406 5495 substantia
1424 5426 1558 5495 ejus,
1584 5436 1688 5479 etc.

158 5483 275 5561 Mss.
318 5483 446 5545 vero
491 5483 801 5561 earumdem
844 5483 1155 5552 'Iibrorum.
1206 5509 1268 5546 ne
1314 5483 1464 5561 [οι-ιε’
1502 5483 1693 5548 ιΠιΥΑ

157 5559 461 5629 ρπύπασις,
509 5560 561 5611 id
597 5569 672 5613 est
711 5561 998 5613 substantia
1054 5561 1186 5629 ejus,
1226 5559 1355 5628 etc},
1383 5566 1470 5619 ubi
1512 5581 1693 5619 vocwt

159 5628 611 5704 llIlTAgomnibus
638 5631 964 5704 incognitam
986 5630 1281 5704 nillilaliud
1314 5648 1430 5686 esse
1455 5637 1696 5704 suspicor

158 5702 450 5821 (Illal'lldipsa
482 5715 502 5753 :
527 5716 689 5769 quam
718 5715 900 5755 vocem
945 5700 1178 5771 imperiti
1227 5702 1428 5758 librarii
1456 5700 1693 5761 Graacam

158 5781 291 5821 creti
332 5782 507 5821 erunt.

158 5781 507 5823 crediderunt.

222 5837 319 5909 (2‘)
350 5839 474 5895 Mss.
526 5839 791 5910 plerique,
830 5848 1004 5908 postea
1033 5844 1264 5911 genuerit
1305 5860 1431 5899 esse.
1473 5845 1698 5911 Quidam

1800 4797 1856 4842 et
1878 4788 2002 4842 libri
2043 4790 2119 4843 De
2156 4789 2430 4859 principiis
2479 4796 2586 4841 tam
2634 4788 2762 4841 editi
2816 4804 2975 4857 quam
3033 4804 3162 4843 mss.
3213 4800 3269 4842 ut
3308 4790 3361 4842 in

1804 4870 1967 4912 ιεχιυ.

1868 4929 1945 4997 (5)
1995 4927 2088 4984 Sic
2124 4944 2255 4983 mss.
2296 4928 2437 4982 Editi
2481 4944 2627 4992 vero,
2658 4928 2715 4981 id
2747 4937 2845 4991 est,
2896 4944 2999 4982 non
3040 4945 3102 4981 ex
3129 4946 3188 4982 eo
3220 4930 3357 4998 quod

1800 5014 1902 5051 non
1919 5000 2089 5065 potuit
2135 5000 2272 5053 Deus
2305 4998 2548 5067 perﬁcere
2597 5009 2652 5053 ut
2697 5009 2884 5065 posset,
2927 5008 2975 5053 et
3013 5016 3077 5052 ea:
3136 5017 3195 5053 eo
3242 5016 3358 5051 cum

1836 5077 1990 5131 osset,
2028 5080 2134 5123 etc.

1798 5084 1990 5137 posset,
2028 5084 2134 5123 etc.

1869 5137 1966 5207 (5')
2029 5140 2227 5195 Omnes
2259 5154 2409 5203 mss.,
2435 5140 2497 5193 de
2528 5141 2741 5194 eisdem.
2771 5138 2933 5205 Editi,
2967 5138 3217 5208 ejusdem.

1866 5208 1942 5278 (4)
1972 5211 2044 5264 Ex
2068 5210 2158 5264 lib.
2192 5226 2207 5263 ι
2235 5209 2309 5262 De
2327 5210 2622 5278 principiis,
2656 5225 2774 5279 cap.
2796 5211 2852 5267 2.
2878 5226 3025 5264 num.
3060 5211 3113 5263 5.

1867 5279 2118 5360 (4")lilss.
2175 5281 2397 5360 aliquot,
2457 5282 2742 5333 intueatur.
2801 5279 3003 5360 Deinde
3037 5279 3361 5360 ejliti,velsi

1796 5350 1922 5427 quid
1949 5352 2098 5427 aliud
2123 5361 2216 5403 est.
2242 5352 2348 5404 Sed
2392 5366 2580 5405 omnes
2616 5366 2745 5405 mss.
2793 5360 2847 5403 et
2885 5350 3006 5404 libri
3048 5350 3124 5403 De
3164 5351 3359 5419 princi-

1798 5422 1896 5486 piis
1931 5431 1987 5474 ut
2015 5422 2064 5473 in
2096 5430 2263 5475 textu.

1868 5490 1945 5561 (5)
1973 5490 2047 5561 Er
2074 5490 2167 5543 lib.
2192 5506 2206 5544 ι
2242 5490 2312 5543 De
2335 5490 2605 5560 principiis
2632 5506 2748 5560 cap.
2768 5490 2825 5557 2,
2855 5504 3001 5545 num.
3029 5490 3082 5545 9.

1871 5562 1972 5629 (δ’)
2013 5560 2174 5626 Editi,
2227 5562 2613 5626 substantiam;
2654 5571 2708 5615 et
2760 5562 2918 5628 paulo
2949 5573 3086 5629 post,
3130 5561 3268 5630 quod
3319 5561 3363 5614 si

1802 5632 2218 5701 aliquodisemel,
2257 5642 2362 5684 etc.
2400 5634 2504 5683 Sed
2552 5647 2681 5686 mss.
2709 5632 2948 5701 plerique
2996 5632 3145 5701 utin
3190 5639 3358 5685 textu.

1803 5700 2084 5826 1λίιέτῆ
2128 5702 2395 5771 principiis
2456 5702 2656 5757 habent
2710 5700 2992 5757 subsistere
3053 5700 3199 5770 fecit,
3264 5716 3363 5771 pro

1807 5790 1865 5826 su
1906 5788 1929 5826 s
1956 5788 1969 5825 t
1998 5788 2050 5826 ut
2080 5810 2093 5824 .

1807 5781 2093 5829 substituit.
