3992 6312
241 331 350 387 565

1445 341 1783 398 APOLOCIA
1822 343 1956 399 PRO
1995 344 2315 400 ORICE‘NE.

3389 345 3492 400 566

225 452 513 536 ‘Joaunem
570 453 904 509 Paracletum
978 456 1272 512 nominavit
1325 459 1390 512 δ’.
1451 459 1602 514 Sicut
1667 463 1810 515 enim

1917 464 2086 516 lucem
2151 473 2353 516 certum
2429 471 2510 517 est
2578 463 2718 531 quod
2779 462 3010 518 tenebrae
3075 477 3177 517 non
3247 478 3482 534 compre-

241 541 391 595 ἱιιεηι
443 544 557 611 ipse
609 544 779 608 Deus,
832 555 992 615 atque
1051 548 1187 601 idem
1237 549 1350 617 ipse
1410 549 1692 614 Christus,
1751 554 1823 606 ita

240 633 389 687 idem
424 636 561 704 'ipse
589 646 644 690 et
700 636 932 707 Spiritus
971 649 1190 694 sanctus
1244 649 1358 704 est,
1415 643 1502 711 qui
1552 644 1714 696 etiam
1765 643 1817 697 in

237 726 530 792 prophetis
591 736 645 780 et
691 727 740 780 in
779 728 1035 796 apostolis
1081 727 1204 792 fuit,
1236 729 1286 781 id
1323 739 1426 791 est,
1467 731 1580 784 sive
1629 732 1680 784 in
1721 731 1825 787 illis

236 817 330 884 qui
358 827 492 872 ante
518 819 805 873 adventum
853 818 1057 874 Christi
1092 819 1202 874 Deo
1231 820 1600 884 crediderunt,
1631 820 1744 876 sive
1771 823 1821 875 in

237 908 327 963 his
371 911 468 980 qui
499 925 598 979 per
646 911 923 964 Christum
977 911 1340 982 confugerunt
1393 913 1458 966 ad
1514 912 1701 967 Deum.
1759 915 1824 968 Et

236 1002 381 1056 duos
406 1005 623 1073 quidem
659 1004 798 1060 Deos
827 1005 1140 1059 audivimus
1180 1021 1343 1061 ausos
1388 1021 1508 1061 esse
1539 1009 1822 1064 haereticos

235 1092 463 1163 dicere,
505 1107 559 1150 et
602 1097 735 1151 duos
761 1096 1041 1152 Christos:
1071 1097 1180 1170 (l7)
1211 1098 1346 1151 duos
1374 1109 1551 1153 autem
1591 1101 1824 1170 Spiritus

235 1198 467 1242 sanctos
497 1203 767 1256 nunquam
809 1189 1110 1244 audivimus
1138 1191 1205 1244 ab
1238 1191 1416 1259 aliquo
1465 1193 1763 1260 prmdicari.
1796 1213 1816 1246 ι

310 1279 646 1335 Ρλδιιιηιιυε,
724 1282 879 1348 Quod
945 1283 1134 1336 eadem
1212 1284 1282 1336 sit
1342 1284 1823 1340 inconvertibilitas

237 1368 484 1438 Spiritus
508 1373 678 1427 sancti
711 1389 832 1442 quae
873 1372 1047 1428 Patris
1074 1383 1128 1428 et.
1164 1373 1307 1429 Filii.
1347 1375 1421 1430 De
1465 1376 1599 1429 libro
1643 1377 1822 1444 ιΠερὶ

233 1464 472 1533 ἀρχῶν.

309 1555 615 1614 Οιιιθεμεε.
648 1560 759 1632 (l8)
786 1579 804 1612 t
837 1558 989 1614 Nulla
1020 1576 1150 1632 ergo
1177 1571 1367 1616 natura
1391 1573 1492 1628 est,
1532 1573 1821 1622 secundum

237 1652 395 1718 quod
438 1667 536 1706 nos
562 1653 847 1717 sentimus,
879 1668 1000 1722 qua:
1055 1669 1158 1707 non
1207 1655 1376 1722 possit
1429 1657 1668 1725 recipere
1711 1675 1823 1711 ma-

235 1741 355 1796 lum
400 1763 414 1798 :
459 1745 572 1815 (l9)
607 1747 700 1802 sed
737 1762 841 1800 non
881 1747 1163 1812 continuo,
1208 1749 1333 1817 quia
1364 1749 1595 1803 dicimus
1623 1750 1818 1806 nullam

1931 553 2193 608 hendaut.
2220 551 2481 607 Similiter
2508 561 2688 606 autem
2719 563 2773 606 et
2802 561 2994 606 natura
3027 552 3261 619 Spiritus
3291 554 3485 619 sancti,

1927 662 2047 715 quae
2099 654 2284 700 sancta
2341 654 2445 709 est,
2485 659 2590 697 non
2631 643 2822 712 recipit
2852 643 3222 712 pollutionem.
3251 642 3482 698 Natura-

1927 739 2050 792 liter
2071 740 2242 805 enim,
2275 738 2355 792 vel
2381 737 2812 792 substantialitet'
2839 745 3025 792 sancta
3055 749 3157 792 esu.
3182 737 3237 792 Si
3263 751 3364 806 qua
3388 751 3482 790 au-

1927 843 2033 887 tem
2073 832 2177 885 alia
2225 839 2413 883 natura
2462 840 2648 884 sancta
2702 835 2805 892 est,
2852 844 2915 881 ex
2968 829 3334 897 assumptione
3361 828 3480 888 hoc,

1927 923 2006 978 vel
2040 921 2397 991 inspiratione
2432 920 2669 988 Spiritus
2695 920 2868 974 sancti
2901 919 3062 974 habet
3092 930 3150 972 ut
3177 919 3480 973 sanctilice-

1927 1027 2032 1078 tur,
2071 1031 2173 1068 non
2217 1029 2279 1068 ex
2331 1029 2427 1067 sua
2482 1022 2674 1067 natura
2709 1013 2810 1067 hoc
2857 1012 3164 1083 possidens,
3205 1012 3295 1065 sed
3341 1013 3480 1066 acci-

1925 1111 2055 1164 dens
2079 1127 2092 1173 ;
2125 1117 2346 1177 propter
2369 1107 2509 1176 quod
2538 1115 2592 1161 et
2615 1105 2863 1160 decidere
2888 1115 3066 1174 potest
3096 1105 3237 1174 quod
3264 1105 3478 1159 accidit.

1925 1201 2000 1255 lla
2036 1211 2088 1254 et
2113 1200 2378 1267 justitiam
2409 1200 2745 1254 accidentem
2779 1199 2900 1268 quis
2934 1199 3132 1253 habere
3161 1205 3359 1266 potest,
3385 1212 3482 1248 uu-

1926 1291 1990 1344 de
2019 1300 2072 1345 et
2101 1291 2350 1346 decidere
2377 1306 2495 1344 eam
2530 1289 2788 1359 possibile
2812 1299 2912 1344 est.
2941 1289 3048 1342 Sed
3079 1299 3132 1342 et
3163 1287 3480 1357 sapientiam

1925 1381 2045 1450 quis
2089 1382 2441 1435 accidentem'
2479 1377 2833 1432 nihilominus
2884 1376 3071 1438 habet,
3128 1374 3378 1444 quamvis
3430 1373 3481 1425 in

1926 1481 2111 1527 nostra
2151 1475 2224 1526 sit
2265 1471 2496 1540 positum
2539 1477 2805 1539 potestate
2852 1469 3030 1522 studio
3061 1477 3245 1520 nostro
3276 1475 3329 1520 et
3362 1465 3482 1518 vitae

1926 1563 2139 1626 merito,
2173 1561 2216 1615 si
2245 1561 2524 1629 sapientia:
2557 1573 2776 1628 operam
2800 1559 3010 1620 demus,
3029 1555 3162 1610 είΗοί
3188 1556 3482 1624 sapientes;

1925 1665 1978 1710 et
2001 1656 2043 1709 si
2078 1668 2290 1722 semper
2321 1653 2372 1706 id
2403 1652 2563 1706 studii
2592 1665 2862 1720 geramus,
2897 1647 3009 1719 (‘23)
3034 1661 3250 1717 semper
3278 1646 3480 1715 sapien-

1930 1749 2015 1802 tiae
2061 1747 2479 1815 participemus;
2533 1754 2588 1797 et
2632 1745 2682 1796 id
2731 1743 2885 1796 nobis
2920 1741 3002 1795 vel
3042 1740 3160 1810 plus
3193 1740 3277 1792 vel
3307 1740 3482 1792 minus

233 1849 370 1890 esse
397 1849 644 1894 naturam
683 1855 800 1908 quae
838 1856 941 1894 non
986 1843 1152 1910 possit
1184 1843 1424 1911 recipere
1472 1844 1693 1907 malum,
1731 1845 1814 1899 id-
1855 1814 1895 1867 Β
1925 1840 2133 1895 accidat
2178 1840 2259 1893 vel
2290 1853 2384 1904 pro
2424 1836 2547 1890 vitae
2591 1835 2802 1898 merito,
2837 1833 2917 1888 vel
2949 1849 3045 1902 pro
3078 1831 3238 1887 studii
3270 1831 3481 1900 quanti-

231 1928 400 1983 eirco
430 1931 815 1986 conﬁrmamus
847 1947 1060 1986 omnem
1107 1944 1356 1987 naturam
1402 1937 1669 2004 recepisse
1706 1953 1816 1992 ma-

229 2019 385 2085 lum,
424 2023 474 2075 id
498 2031 602 2087 est,
639 2024 830 2076 malam
859 2022 1104 2078 eﬂ'eetam
1141 2043 1153 2078 :
1186 2025 1278 2078 sed
1325 2024 1469 2079 sicut
1496 2039 1578 2080 est
1616 2027 1814 2094 dicere,

226 2111 375 2179 quia
409 2115 586 2169 omnis
621 2117 850 2170 hominis
887 2127 1075 2171 natura
1119 2117 1309 2186 recipit
1357 2128 1414 2172 ut
1465 2124 1635 2188 possit
1669 2125 1817 2176 navi-

226 2218 402 2270 gare,
441 2221 544 2260 nOn
579 2217 751 2261 tamen
795 2225 857 2262 ex
886 2222 949 2262 eo
989 2209 1149 2262 etiam
1191 2209 1365 2262 omnis
1411 2213 1573 2266 homo
1604 2215 1818 2284 naviga—

230 2295 359 2362 bit;
395 2307 448 2350 et
471 2299 660 2352 iterum
682 2302 824 2352 omni
857 2301 1059 2354 homini
1089 2304 1346 2369 possibile
1375 2313 1456 2356 cst
1491 2306 1698 2360 discere
1725 2322 1816 2360 ar-

231 2398 354 2440 tem
386 2391 812 2458 grammaticam,
853 2392 935 2447 vel
983 2394 1324 2460 medicinam,
1365 2412 1470 2448 uon
1523 2406 1695 2451 tamen
1737 2398 1815 2451 id-

229 2479 395 2532 circo
437 2481 736 2535 OStenditur
763 2483 936 2536 omnis
976 2485 1136 2538 homo
1179 2486 1257 2538 vel
1302 2487 1538 2540 medicus
1583 2504 1699 2542 esse
1733 2491 1814 2542 Vel

235 2572 676 2637 grammaticus:
709 2574 781 2625 ita
827 2574 871 2627 si
903 2574 1130 2630 dicimus
1177 2578 1373 2630 nullam
1415 2593 1533 2632 esse
1572 2591 1811 2634 naturam

235 2673 366 2728 quae
391 2674 495 2712 non
524 2663 691 2728 possit
724 2664 961 2732 recipere
993 2667 1216 2730 malum,
1270 2682 1374 2720 non
1427 2679 1602 2722 tamen
1637 2671 1812 2723 conti-

236 2767 351 2804 nuo
388 2753 550 2805 etiam
603 2756 870 2822 recepisse
922 2757 1121 2810 malum
1172 2758 1502 2826 designatur.
1555 2781 1572 2811 ι
1603 2761 1714 2832 (26)
1750 2761 1815 2816 Ει

237 2856 461 2895 rursum
497 2861 511 2898 :
548 2863 566 2894 ι
594 2844 744 2898 Nulla
782 2857 970 2900 natura
1011 2858 1096 2903 est
1141 2865 1262 2918 quae
1304 2867 1407 2906 non
1458 2853 1679 2920 recipiat
1722 2855 1816 2908 b0-

233 2946 372 2984 num
417 2952 429 2986 :
464 2951 561 2989 nec
593 2944 771 2989 tamen
799 2937 1001 2993 idcirco
1045 2939 1219 2994 omnis
1267 2952 1457 2996 natura
1500 2943 1814 3012 probabitur

233 3023 518 3090 recepisse
544 3027 682 3092 quod
723 3028 920 3080 bomun
951 3037 1051 3083 est.
1092 3049 1110 3082 ι

298 3111 645 3169 Ρλυρηιιυε.
682 3116 746 3170 Et
776 3128 891 3184 post
924 3134 1091 3188 pauca
1118 3119 1354 3174 addidit:

300 3205 345 3258 Ο
365 3219 607 3260 BIGENES.
644 3225 661 3256 ι
690 3207 846 3262 Nulla
875 3225 1004 3278 ergo
1037 3221 1231 3263 natura
1264 3219 1346 3266 est
1383 3227 1501 3280 quae
1532 3228 1635 3268 non
1667 3214 1808 3268 reci-

233 3295 346 3363 piat
382 3298 608 3365 malum,
642 3309 864 3369 excepta
894 3301 984 3354 Dei
1022 3311 1237 3368 natura,
1267 3304 1381 3373 (21)
1411 3320 1528 3372 quae
1564 3305 1682 3360 fons
1711 3305 1808 3359 bo-

239 3403 439 3441 norum
469 3390 708 3443 omnium
745 3402 849 3457 est,
877 3401 927 3445 et
964 3393 1188 3449 Christi.
1224 3392 1501 3463 Sapientia
1533 3397 1674 3450 enim
1704 3409 1808 3461 est,

237 3488 291 3532 et
323 3480 595 3548 sapientia
625 3483 806 3550 utique
829 3485 1110 3537 stultitiam
1142 3487 1378 3551 recipere
1403 3504 1504 3540 non
1527 3497 1720 3556 potest.
1745 3490 1813 3543 Et

235 3564 449 3634 jnstitia
474 3576 552 3620 est
578 3585 593 3633 ;
617 3569 828 3638 justitia
849 3581 1024 3624 autem
1045 3587 1315 3641 nunquam
1341 3575 1579 3642 profecto
1597 3578 1812 3644 injusti-

239 3657 367 3710 tiam
426 3660 619 3725 capiet.
657 3661 723 3714 Et
755 3660 983 3716 Verbum
1021 3673 1123 3730 est,
1151 3665 1230 3718 vel
1282 3665 1440 3732 ratio,
1469 3682 1585 3735 qum
1631 3668 1812 3735 utique

240 3749 628 3806 irrationabilis
655 3751 787 3807 efﬁci
821 3769 922 3809 non
953 3765 1146 3824 potest.
1174 3756 1284 3827 (‘22)
1305 3759 1406 3811 Sed
1426 3768 1480 3812 et
1513 3759 1601 3811 lux
1630 3769 1732 3820 est,
1759 3769 1812 3814 et

309 3869 352 3900 “
383 3867 542 3924 Joan.
576 3884 686 3933 xw,
718 3869 808 3924 26.
882 3862 953 3902 ’⁸³
978 3871 1116 3926 Psal.
1151 3889 1202 3935 L,
1235 3873 1322 3930 13.

239 3937 282 3969 ⁸⁸
310 3939 435 3990 Act.
466 3953 582 4000 vm,
610 3939 694 3993 i8.

307 4033 423 4102 (l7)
452 4031 594 4086 Duos
624 4045 794 4086 autem
830 4033 1057 4101 Spiritus
1084 4049 1311 4100 sanctos,
1340 4047 1441 4092 etc.
1490 4039 1543 4092 lu
1582 4040 1716 4093 libro
1762 4057 1803 4094 ll

247 4100 324 4155 De.
359 4105 634 4168 principiis
691 4100 878 4156 locum
926 4106 1067 4159 hunc
1125 4109 1452 4160 contrarium
1483 4111 1712 4163 diximus
1758 4111 1806 4164 ci

243 4187 400 4245 quem
431 4175 830 4245 supra,cap;l,
861 4175 1023 4245 refert
1053 4176 1364 4245 Pamphilus
1389 4193 1454 4231 cx
1479 4178 1805 4231 Commenta-

245 4242 679 4316 rio_0rig_e_nis_in
720 4241 884 4316 Epist.
921 4244 988 4296 ad
1021 4245 1125 4316 Tit.
1161 4241 1239 4310 Iit,
1279 4249 1364 4311 10,
1405 4249 1491 4300 ubi
1531 4249 1683 4316 juxra
1707 4249 1811 4303 Ge-

247 4311 568 4384 uebrarduiu
610 4314 678 4364 ita
720 4313 1033 4380 legebatur:
1061 4315 1161 4368 Sed
1197 4330 1241 4369 et
1285 4327 1404 4370 sunt
1429 4311 1809 4384 quiWSpii-itum

245 4393 481 4456 sanctum
509 4381 670 4456 tilium
701 4384 908 4450 quidem
943 4387 1118 4456 dicunt
1155 4404 1267 4440 esse
1309 4391 1397 4456 qui
1435 4381 1535 4456 fuit
1579 4381 1633 4442 in
1677 4407 1805 4453 pro-

1422 3872 1467 3905 “
1496 3874 1627 3931 Dan.
1667 3890 1740 3940 Iv,
1765 3873 1818 3928 6.

1923 1942 2048 1986 tate.
2082 1951 2099 1983 ι

1993 2023 2315 2076 Psurmws.
2363 2019 2516 2085 Quod
2579 2019 2802 2086 aequalis
2864 2016 2964 2070 sibi
3015 2017 3083 2071 sit
3135 2015 3394 2079 Trinitas,
3430 2025 3482 2070 et

1921 2117 2060 2184 quod
2106 2115 2340 2184 Spiritus
2383 2123 2602 2167 sanctus
2652 2127 2758 2166 non
2807 2111 2876 2165 sit
2913 2119 3180 2164 creatura.
3229 2110 3301 2165 De
3344 2111 3482 2165 libro

1922 2208 2092 2277 primo
2127 2204 2264 2273 Περὶ
2300 2202 2516 2272 ἀρχῶν.
3087 2242 3090 2250 ,

1991 2296 2280 2351 ORIGENES.
2317 2296 2430 2365 (24)
2477 2313 2495 2346 t
2530 2293 2602 2347 De
2649 2292 2849 2359 Spiritu
2900 2307 3031 2345 vero
3089 2301 3307 2354 sancto,
3355 2291 3480 2358 quia

1918 2401 2020 2454 est,
2071 2390 2252 2443 multa:
2299 2405 2397 2443 nos
2441 2386 2741 2454 Scripturae
2786 2387 3096 2446 docuerunt,
3145 2386 3285 2438 sicut
3320 2384 3481 2437 David

1919 2484 1969 2535 in
2006 2480 2449 2550 quinquagesimo
2477 2479 2685 2547 psalmo
2736 2479 2902 2531 dicit:
2951 2477 3014 2530 Et
3052 2477 3312 2546 Spiritum
3358 2492 3483 2528 san-

1917 2583 2054 2625 ctum
2109 2581 2255 2623 tuum
2304 2587 2366 2623 ne
2413 2570 2625 2638 auferas
2657 2587 2688 2622 a
2727 2568 2884 2622 me“.
2912 2567 2976 2620 Et
3009 2569 3059 2620 in
3097 2567 3315 2621 Dauiele
3352 2566 3482 2620 dici-

1917 2671 2042 2715 tur:
2077 2660 2303 2729 Spiritus
2340 2668 2553 2714 sanctus
2591 2659 2681 2728 qui
2710 2659 2764 2711 in
2804 2666 2852 2710 te
2891 2667 2966 2711 est
2991 2657 3054 2709 ⁸⁸⁵.
3086 2657 3141 2710 lu
3176 2656 3324 2711 Novo
3354 2670 3479 2710 vero

1916 2753 2265 2807 Testamento
2325 2751 2724 2806 abundantibus
2790 2750 3117 2806 testimoniis
3163 2749 3476 2813 edocemur,

1915 2863 2034 2900 cum
2077 2845 2312 2914 Spiritus
2367 2854 2588 2899 sanctus
2623 2859 2786 2912 super
2815 2843 3092 2898 Christum
3130 2841 3479 2895 descendisse

1916 2937 2292 3005 perscribitur,
2325 2948 2379 2990 et
2427 2950 2547 2989 cum
2605 2936 2718 3026 ipse
2777 2935 3034 2988 Dominus
3084 2931 3373 2988 insnﬂlavit
3423 2931 3478 2984 in

1916 3031 2185 3098 apostolos
2236 3037 2355 3098 post
2411 3022 2894 3092 resurrectimiem,
2963 3026 3149 3079 dicens
3193 3042 3205 3078 :
3248 3022 3479 3088 Accipite

1917 3119 2180 3187 Spiritum
2227 3117 2542 3173 sanctum“.
2586 3117 2648 3170 Et
2674 3119 2740 3169 ad
2785 3115 3008 3169 Mariam
3040 3115 3239 3169 dicitur
3271 3116 3338 3167 ab
3373 3129 3473 3165 au-

1917 3210 2073 3278 gelo:
2106 3210 2336 3278 Spiritus
2379 3219 2592 3262 sanctus
2627 3207 2740 3277 (‘25)
2777 3210 2941 3260 veniet
2983 3223 3140 3274 super
3173 3217 3219 3258 te
3235 3205 3299 3258 ⁵⁸.
3331 3205 3472 3258 Pau-

1918 3301 2002 3354 lus
2035 3315 2160 3354 vero
2196 3301 2370 3364 docet,
2421 3299 2546 3367 quia
2590 3313 2735 3350 nemo
2775 3306 2939 3365 potest
2988 3298 3160 3349 dicere
3191 3296 3473 3350 Dominum

1916 3392 2118 3455 Iesum,
2156 3394 2257 3445 nisi
2288 3392 2342 3444 in
2390 3389 2590 3458 Spiritu
2617 3400 2794 3441 sancto
2814 3389 2880 3440 "7.
2909 3387 2976 3440 Et
3011 3387 3064 3439 in
3100 3387 3320 3440 Actibus
3347 3400 3478 3454 apo-

1918 3485 2175 3538 stolorum
2206 3498 2299 3550 per
2327 3483 2726 3550 impositionem
2769 3493 3020 3532 manuum
3058 3477 3472 3545 apostolicarnm

1916 3576 2150 3644 Spiritus
2176 3586 2398 3627 sanctus
2438 3574 2672 3626 dabatur
2702 3573 2752 3624 in
2787 3571 3052 3639 baptismo
3074 3568 3138 3620 ⁸⁸.
3175 3568 3250 3620 Ex
3282 3567 3477 3635 quibus

1913 3669 2161 3723 omnilms
2214 3667 2501 3720 didicimus
2555 3673 2716 3716 tantm
2771 3670 2997 3716 esse'et
3050 3657 3393 3714 auctoritatis
3421 3671 3477 3711 et

1915 3760 2192 3830 dignitatis
2224 3758 2578 3812 substantiam
2623 3755 2796 3808 sancti
2838 3753 3092 3822 Spiritus,
3130 3761 3190 3805 ut
3238 3750 3475 3804 salutare

1924 3874 1968 3906 ’⁵⁸
1997 3874 2151 3929 Joan.
2191 3890 2281 3940 xx,
2338 3873 2428 3926 22.
2505 3872 2549 3903 ‘°
2583 3871 2712 3926 Luc.
2764 3887 2802 3935 I,
2843 3870 2930 3924 55.
3007 3868 3050 3900 ⁸⁷
3079 3868 3096 3922 ι
3128 3866 3253 3922 Cor.
3296 3883 3393 3934 xu,
3421 3867 3474 3922 5.

1905 4043 2045 4094 bit-ur
2079 4039 2325 4106 recepisse
2361 4037 2496 4106 quod
2535 4039 2720 4091 bonum
2750 4047 2845 4090 est.
2874 4035 2996 4090 Haec
3031 4051 3132 4088 non
3163 4043 3474 4106 comparent

1907 4111 2098 4164 inloco
2124 4105 2288 4162 citato
2325 4105 2441 4161 libri
2481 4109 2634 4176 primi
2683 4107 2753 4159 De
2787 4107 3078 4173 principiis,
3106 4106 3194 4157 ubi
3237 4120 3338 4176 pro
3371 4105 3476 4157 illis

1907 4180 2085 4234 verbis
2119 4178 2353 4246 legitur:
2390 4175 2691 4231 Secundum
2738 4193 2830 4229 nos
2871 4192 3090 4244 namque
3132 4191 3193 4227 ne
3226 4175 3470 4246 diabolus

1907 4252 2112 4318 quidem
2149 4244 2262 4314 ipse
2303 4250 2528 4316 inceptis:
2559 4248 2654 4313 fuit
2706 4248 2827 4299 boni
2856 4263 2873 4300 :
2900 4263 3002 4298 non
3048 4255 3224 4318 tamen
3259 4244 3472 4318 idcirco

1909 4314 2032 4387 quia
2068 4321 2238 4386 potuit
2271 4314 2493 4379 recipere
2527 4320 2740 4378 bonum,
2772 4319 2929 4368 etiam
2976 4315 3159 4387 voluit,
3189 4316 3265 4368 vel
3291 4314 3470 4387 virtuti

1912 4383 2121 4455 operam
2149 4390 2312 4440 dedit.
2347 4387 2516 4440 Aliter
2545 4388 2769 4439 fortasse
2797 4388 3000 4454 legerat
3033 4389 3084 4438 iu
3121 4384 3311 4455 Graeco
3343 4383 3471 4436 Ilie-

245 4449 432 4540 pactis,
459 4450 662 4540 'aliuin'
710 4449 889 4540 ante";
929 4458 1018 4540 qui
1066 4455 1166 4522 fuit
1211 4462 1264 4538 in
1295 4449 1570 4540 'a'posiolis‘
1598 4449 1809 4540 Domini
1844 4481 1883 4534 ι)
1913 4449 2190 4528 ronymus,
2225 4459 2312 4539 qui
2351 4457 2672 4540 innepis‘tola
2715 4458 2781 4510 ad
2825 4449 3040 4535 {\vvitum
3089 4455 3251 4509 refert
3279 4452 3472 4532 orige—

249 4523 409 4594 nostri
443 4519 574 4573 Jesu
601 4522 818 4574 Christi.
859 4519 962 4577 Sed
996 4519 1124 4578 mss.
1169 4528 1257 4594 qui
1293 4519 1491 4591 ferunt,
1533 4529 1637 4581 Sed
1673 4539 1718 4580 et
1763 4531 1806 4581 si

247 4592 329 4710 viri
360 4594 631 4660 sunt,qui,
659 4602 789 4651 etc..
812 4604 1052 4659 apertam
1083 4592 1564 4653 contradictionem
1594 4598 1802 4652 tollunt.

271 4665 317 4710 bl
351 4664 496 4710 enim
545 4679 648 4710 non
695 4663 1010 4710 allirmatur-
1059 4667 1150 4710 sed
1187 4669 1480 4710 tllzliitulnr-
1538 4667 1802 4710 Cento-rum

271 4660 317 4712 hi
351 4664 496 4713 enim
545 4679 648 4714 non
695 4663 1011 4728 allirmatur,
1059 4667 1150 4718 sed
1187 4669 1480 4720 dubitatur.
1538 4667 1804 4721 Cteterum

248 4731 550 4808 cuninli-bris
589 4731 956 4808 ἀρχῶν
995 4736 1260 4808 posterior
1291 4739 1361 4790 sit
1393 4739 1804 4790 Commentarius

250 4799 516 4876 Ill-Epist.
560 4804 627 4876 ad
684 4799 878 4876 Titum,
909 4799 1121 4858 iulcrim
1175 4805 1352 4860 forsan
1401 4808 1586 4861 audire
1635 4809 1806 4876 potuit

251 4867 506 4946 Origenes
535 4872 711 4946 plures
726 4874 972 4946 Spiritus
1024 4885 1242 4930 sanctos
1278 4893 1306 4929 a
1341 4867 1656 4946 quibusdam
1693 4879 1804 4931 lucu

253 4941 432 5016 reticis
456 4943 758 5016 prietticari.
814 4943 878 5016 Et
904 4953 1052 4997 certe
1096 4941 1659 5016 canones'apostolici
1713 4949 1801 5016 qui

255 5009 404 5088 tertio
432 5011 651 5064 circiter
690 5014 907 5088 sagculo,
930 5029 1016 5088 ac
1043 5015 1266 5082 proinde
1295 5009 1434 5069 circa
1472 5018 1583 5084 ipsa
1616 5009 1798 5088 Orige-

251 5083 328 5130 nis
365 5091 602 5152 tempora
633 5083 862 5136 c0nfecti
895 5084 1164 5146 videntur,
1192 5088 1445 5139 damnant
1477 5083 1685 5140 eauone
1709 5087 1799 5152 41,

251 5152 486 5225 emuqui
541 5151 894 5218 baptizaverit
932 5153 985 5207 iu
1034 5166 1141 5208 tres
1188 5155 1374 5222 Filios,
1439 5166 1528 5209 aut
1584 5157 1635 5209 in
1694 5151 1802 5212 tres

252 5220 475 5285 Spiritus"
499 5232 732 5275 sanctos.

314 5290 424 5364 μδ)
458 5289 530 5364 Ex
548 5291 649 5364 lib.
686 5308 699 5344 l
737 5291 810 5344 De
843 5293 1089 5361 princip,
1125 5310 1241 5364 cap.
1268 5295 1320 5358 8,
1348 5312 1494 5350 num.
1528 5297 1580 5350 ’5.

313 5360 423 5430 (l9)
453 5360 556 5414 Sed
593 5379 695 5414 non
719 5360 990 5425 continuo,
1014 5360 1153 5432 ’quia
1191 5360 1414 5419 dicimus
1458 5367 1654 5418 nullam
1691 5383 1800 5421 esse

250 5437 487 5501 naturam
510 5447 624 5499 qua:
652 5448 750 5484 non
786 5433 945 5498 possit
989 5437 1213 5501 recipere
1250 5437 1465 5489 malum.
1502 5434 1625 5490 Haec
1661 5437 1799 5490 desi-

249 5497 497 5575 derantur
520 5497 572 5575 in
601 5501 750 5575 libris
785 5513 890 5555 tam
919 5497 1276 5572 editis-quam
1307 5522 1438 5559 mss.
1482 5507 1637 5575 hujus
1667 5507 1799 5574 Apo-

248 5565 426 5632 logite;
475 5571 566 5623 sed
616 5573 969 5625 restituuntur
1000 5588 1064 5625 ex
1110 5565 1359 5629 omnibus
1407 5565 1684 5630 codicibus
1712 5565 1794 5629 Ἰἰ-

249 5633 458 5690 brorum
502 5639 573 5693 De
595 5643 888 5708 principiis,
911 5652 965 5694 et
998 5645 1324 5698 restituenda
1357 5647 1628 5700 videntur.

312 5709 421 5785 (QD)
460 5709 522 5761 Et
554 5727 793 5764 rursum:
828 5710 1016 5785 Nulla
1044 5724 1230 5785 natura
1265 5725 1338 5767 est
1383 5734 1498 5785 qua:
1527 5733 1626 5767 non
1663 5718 1790 5770 rcci-

248 5778 350 5840 piat
375 5780 565 5834 bonum
593 5798 610 5836 :
637 5797 725 5834 nec
756 5790 927 5836 tamen
963 5783 1159 5835 idcirco
1191 5787 1358 5838 omnis
1384 5778 1575 5840 natura
1606 5789 1791 5856 proba-

1915 4524 2034 4582 neni
2071 4529 2366 4581 asseruisse
2397 4528 2662 4578 diabolum
2690 4544 2793 4579 non
2834 4528 3131 4591 incapacem
3175 4541 3284 4577 esse
3306 4524 3471 4577 virtu-

1914 4599 1998 4659 tis,
2025 4608 2070 4651 et
2107 4609 2278 4648 tamen
2315 4604 2533 4649 necdum
2566 4597 2690 4648 velle
2713 4611 2892 4660 capere
2923 4596 3179 4658 virtutem,
3211 4598 3361 4661 quasi
3387 4595 3471 4648 hic

1915 4670 2164 4721 iunueret
2203 4668 2560 4719 Adamantius
2611 4667 2722 4717 l‘ore
2762 4675 2821 4717 ut
2863 4666 3152 4732 aliquando
3192 4665 3320 4718 velit
3359 4664 3472 4716 dia-

1913 4738 2066 4791 bolus
2116 4752 2310 4803 capere
2365 4736 2638 4788 virtutem.
2700 4735 2829 4788 Vide
2881 4736 3188 4804 Urigenian.
3249 4734 3342 4787 lib.
3395 4749 3466 4798 n,

1912 4819 2105 4875 qumst.
2135 4806 2188 4866 5,
2218 4822 2364 4863 num.
2394 4807 2480 4871 Η,
2518 4809 2602 4865 1‘2,
2626 4806 2712 4866 15,
2743 4806 2830 4860 14.

1984 4877 2096 4949 (⁸2.1)
2133 4877 2278 4928 Libri
2313 4877 2471 4941 hujus
2514 4878 2782 4949 Apologiat
2814 4877 3079 4949 tamediti
3109 4890 3269 4949 quam
3311 4889 3468 4949 Iussu

1909 4942 2024 5016 quia
2053 4948 2169 5015 fons
2198 4949 2424 4998 omnium
2446 4958 2545 5018 est,
2583 4959 2626 4998 et
2656 4946 2850 5000 Christi
2875 4947 2966 5018 [aL
3016 4957 3062 4998 et
3088 4942 3473 5018 rCltris‘tusjisaT

1908 5015 2103 5082 pientia
2130 5025 2301 5073 est,-et
2339 5017 2596 5083 sapientia
2632 5022 2826 5086 utique,
2855 5015 2958 5070 εἰς.
2994 5017 3101 5070 Sed
3125 5015 3322 5068 rectius
3347 5016 3468 5068 libri

1909 5087 1986 5140 De
2009 5088 2304 5154 principiis,
2337 5097 2392 5138 ut
2428 5089 2476 5138 in
2520 5097 2703 5139 nostro
2729 5101 2897 5140 textu.

1981 5157 2089 5237 (2'3)
2129 5156 2310 5237 Plures
2344 5174 2472 5237 mss.
2523 5159 3076 5237 haheutdumen‘pro
3122 5157 3308 5208 lucem.
3367 5155 3464 5208 Ms.

1907 5226 2141 5296 Regius:
2178 5226 2283 5279 Sed
2317 5239 2361 5278 et
2407 5227 2500 5279 lux
2536 5237 2607 5280 est
2640 5241 2685 5280 et
2726 5229 2918 5282 lumen.
2945 5226 3156 5280 Certum
3187 5235 3261 5279 est
3295 5237 3467 5279 autem

1904 5302 2042 5368 quod
2066 5298 2478 5368 tenebrtelumen
2518 5316 2619 5351 non
2657 5297 3112 5367 comprehendunt.

1977 5367 2087 5439 (‘25)
2123 5367 2245 5439 Mss.
2272 5369 2470 5433 plures,
2501 5371 2546 5421 si
2575 5385 2774 5438 semper
2795 5369 3086 5435 sapientiae.
3119 5367 3318 5439 Deinde
3349 5383 3463 5419 om-

1904 5454 2022 5501 nes,
2053 5437 2447 5504 participamus,
2478 5449 2522 5491 et
2556 5439 2610 5490 id
2637 5437 2780 5492 nabis
2803 5439 2878 5491 uel
2909 5439 3028 5506 plus
3059 5438 3132 5489 vel
3169 5437 3338 5488 minus
3374 5454 3464 5488 ac-
3519 5461 3522 5468 ν

1904 5511 2074 5571 redut,
2109 5517 2212 5560 etc.
2251 5506 2356 5559 Sed
2391 5510 2541 5576 editi,
2579 5519 2633 5561 et
2666 5509 2784 5564 libri
2821 5509 2896 5562 De
2937 5509 3212 5577 principiis
3264 5506 3464 5561 rectius

1902 5589 1960 5633 ut
1986 5581 2036 5631 in
2075 5588 2257 5630 nostro
2286 5587 2456 5634 textu.

1972 5649 2083 5715 (24)
2113 5648 2194 5699 Ex
2223 5647 2312 5700 lib.
2345 5667 2357 5703 ι
2388 5649 2463 5702 De
2493 5651 2740 5717 princip.,
2772 5665 2890 5717 cap.
2926 5649 2979 5716 5,
3009 5665 3156 5704 num.
3183 5649 3239 5702 2.

1971 5719 2083 5789 (25)
2111 5720 2201 5791 Sic
2247 5734 2376 5776 mss.
2412 5720 2675 5791 pleri-que.
2705 5720 2895 5776 Cameri
2929 5735 3075 5789 vero,
3105 5730 3160 5777 ct
3195 5720 3347 5786 editi,
3373 5735 3465 5772 su-

1900 5791 2155 5860 perveniet
2185 5789 2236 5841 in
2267 5798 2335 5847 te.
