3992 6312
513 345 615 400 5ϋῖ

1726 338 1781 394 S.
1825 336 2149 393 PAMPHILI
2192 334 2546 390 MARTYBIS

3641 327 3735 384 568

514 462 777 532 baptisma
813 476 918 518 non
971 462 1124 518 aliter
1162 461 1265 519 nisi
1321 459 1791 522 excellentissima:
1839 460 2079 515 omnium
2112 465 2156 522 Α
2187 457 2266 511 vel
2300 457 2442 522 Filii,
2471 455 2667 512 salvari
2700 453 2817 510 sine
2845 451 3045 524 Spiritu
3075 459 3293 508 sancto.
3319 449 3394 504 De
3425 449 3609 520 quibus
3630 453 3732 506 dis-

515 545 803 611 Trinitatis
828 555 1167 622 auctoritate,
1218 554 1270 608 id
1301 562 1384 608 est
1415 552 1612 620 Patris,
1642 562 1696 607 et
1723 551 1867 617 Filii,
1889 561 1943 607 et
1967 553 2088 621 Spia

517 649 656 702 rit'Us
695 648 868 702 sancti
917 643 1390 716 cognominatione
1427 643 1789 713 compleatur,
1819 654 1872 698 et
1900 643 2085 697 innato

519 728 629 792 Deo
666 728 836 803 Patri,
868 747 923 792 et
953 737 1234 808 unigenito
1274 735 1391 806 ejus
1434 731 1595 801 Filio,
1628 751 1822 791 nomen
1867 745 2086 805 quoque

519 827 757 894 Spiritus
783 829 955 885 sancti
998 830 1299 899 capuletur.
1340 829 1472 896 Quis
1509 841 1640 900 ergo
1689 838 1790 885 non
1820 832 2081 901 obstupe-

517 931 633 975 scat
662 930 864 991 quanta
911 919 1162 988 maiestas
1194 921 1265 976 sit
1300 919 1535 991 Spiritus
1573 923 1769 989 sanati,
1809 936 1930 976 cum
1961 936 2084 976 eum

517 1013 608 1082 qui
639 1014 836 1069 dixerit
867 1012 1088 1066 verbum
1141 1014 1192 1066 in
1258 1012 1452 1068 Filium
1490 1014 1722 1069 hominis
1751 1015 1934 1068 audiat
1965 1028 2086 1082 spe-

517 1121 641 1160 rare
673 1106 887 1159 veniam
915 1120 1071 1176 posse
1101 1121 1116 1172 ;
1142 1121 1261 1160 eum
1287 1121 1415 1162 vero
1442 1107 1534 1176 qui
1570 1107 1622 1161 in
1656 1105 1917 1176 Spiritum
1951 1118 2082 1159 san-

514 1202 660 1253 ctum
717 1195 1196 1266 blasphemaverit,
1232 1198 1445 1252 veniam
1500 1213 1606 1253 non
1659 1198 1859 1254 habere
1911 1212 2084 1269 neque

515 1289 567 1343 in
609 1289 861 1360 prmsenti
895 1289 1116 1353 sa'culo,
1147 1304 1322 1360 neque
1352 1291 1402 1344 iu
1435 1289 1617 1344 futuro
1633 1291 1677 1322 ιθ
1700 1290 1761 1344 2»

581 1379 912 1436 Ριιιριιιιιιε.
945 1381 1009 1435 Et
1044 1391 1163 1450 post
1201 1393 1370 1452 pauca
1401 1381 1598 1452 adjecit
1641 1399 1656 1436 :

582 1473 869 1528 ORIGENES.
909 1489 927 1522 ι
956 1471 1335 1527 Verumtamen
1373 1487 1544 1542 usque
1577 1474 1643 1526 ad
1682 1485 1920 1542 prarsens
1964 1470 2084 1525 nul-

513 1565 622 1618 lum
651 1579 960 1621 sermonem
993 1565 1044 1618 in
1080 1565 1376 1636 Scripturis
1399 1566 1602 1622 sanctis
1631 1565 1872 1620 invenire
1905 1563 2083 1634 potui-

514 1672 657 1726 mus,
697 1675 792 1731 per
825 1675 984 1730 quem
1021 1657 1255 1726 Spiritus
1310 1665 1529 1712 sanctus
1568 1654 1781 1712 iactura
1835 1669 1955 1710 esse
1999 1655 2083 1710 vel

512 1765 762 1809 creatura
795 1755 1085 1808 diceretur.
1113 1773 1130 1805 ι

580 1843 908 1902 ΡΑιιΡιιιιιιε.
961 1845 1023 1900 Ει
1055 1845 1274 1900 insertis
1327 1843 1700 1914 compluribus
1750 1842 2080 1901 testimoniis

513 1936 580 1992 de
603 1937 806 1991 virtute
833 1936 1068 2007 Spiritus
1095 1937 1293 2002 sancti,
1322 1945 1441 2005 post
1461 1935 1738 2006 aliquanta
1767 1936 1934 1991 etiam
1966 1935 2080 1990 haec

513 2028 708 2098 adjecit
735 2037 747 2084 ἑ

583 2121 872 2178 Οιιιιςειιιιε.
908 2135 926 2175 t
955 2122 1010 2180 Si
1043 2123 1319 2179 rerelaute
1355 2123 1494 2178 Filio
1537 2123 1815 2192 cognoscit
1862 2123 2079 2180 Patrem

512 2208 748 2286 Spiritus
794 2224 1032 2276 sanctus,
1062 2230 1192 2285 ergo
1229 2229 1296 2268 ex
1333 2214 1635 2283 ignorantia
1689 2214 1757 2268 ad
1786 2214 2072 2268 scientiam

512 2307 661 2362 venit
694 2325 708 2362 :
736 2309 877 2377 quod
911 2307 1094 2376 utique
1143 2315 1198 2362 et
1229 2306 1450 2374 impium
1506 2305 1712 2374 pariter
1745 2313 1799 2360 et
1847 2307 2071 2360 stultum

507 2409 611 2464 est,
646 2399 907 2469 Spiritum
955 2409 1203 2453 sanctum
1235 2396 1500 2463 conﬁteri,
1530 2405 1584 2451 et
1618 2396 1977 2466 ignorantiam
2024 2399 2071 2453 ei

506 2491 800 2548 ascribere.
838 2490 953 2544 Non
1009 2489 1153 2543 enim
1189 2503 1311 2544 cum
1361 2488 1504 2541 aliud
1554 2487 1760 2556 aliquid
1790 2498 1937 2543 esset
1975 2504 2077 2543 an-

509 2593 595 2637 tea
622 2596 782 2651 quam
825 2579 1060 2648 Spiritus
1097 2588 1339 2640 sanctus,
1375 2594 1471 2647 per
1512 2576 1812 2646 profectum
1843 2579 1986 2632 venit
2017 2579 2071 2632 in

511 2674 614 2727 hoc
642 2683 700 2725 ut
731 2680 877 2726 esset
906 2669 1142 2740 Spiritus
1168 2679 1387 2726 sanctus
1414 2685 1425 2721 ι
1461 2679 1516 2722 ιιι
1545 2670 1668 2738 quis
1701 2669 1896 2723 audeat
1927 2670 2077 2724 dice-

511 2774 590 2829 re,
619 2765 746 2834 quia
799 2775 926 2818 tunc
959 2761 1177 2832 quidem
1225 2777 1348 2815 cum
1401 2763 1637 2816 nondum
1667 2771 1812 2816 esset
1842 2762 2080 2832 Spiritus

510 2868 758 2921 sanctus,
785 2855 1065 2926 ignorabat
1111 2855 1330 2910 Patrem
1363 2871 1377 2906 :
1407 2864 1591 2923 postea
1625 2867 1753 2910 vero
1784 2870 1945 2924 quam
1993 2870 2078 2910 re-

511 2951 650 3019 cepit
683 2949 991 3011 scientiam,
1017 2947 1180 3002 etiam
1211 2946 1451 3015 Spiritus
1482 2958 1703 3002 sanctus
1725 2944 1947 3002 eil'ectus
1971 2959 2076 3003 est.

511 3040 663 3108 Quod
681 3041 726 3094 si
756 3051 918 3107 esset,
952 3054 1219 3109 imnquam
1249 3037 1435 3107 utique
1459 3038 1510 3092 in
1543 3038 1745 3094 unitate
1771 3038 2072 3107 Trinitatis,

2189 551 2478 612 cutieutes,
2515 549 2632 602 sine
2679 545 2838 601 dubio
2897 543 3266 599 necessarium
3304 540 3408 596 erit
3457 551 3511 594 ut
3554 555 3731 609 opera-

2190 641 2389 695 tionem
2418 636 2704 706 specialem
2744 631 2978 702 Spiritus
3005 630 3200 694 sancti,
3240 626 3529 695 specialem
3552 626 3739 692 Patris,

2187 732 2270 787 vel
2299 729 2446 794 Filii,
2479 726 2872 782 describamus.
2904 721 3154 778 Arbitror
3189 719 3363 791 igitur
3394 717 3741 788 operationem

2259 883 2369 956 (9.7)
2404 884 2526 937 Ὅτι
2578 881 2606 934 ὁ
2655 879 2753 951 μὲν
2807 876 2935 940 Θεὸς

2187 981 2280 1034 καὶ
2337 979 2524 1048 Πατὴρ
2573 975 2810 1046 συνέχων
2867 972 2935 1025 τὰ

2187 1072 2364 1126 πάντα
2424 1069 2613 1140 φθάνει
2666 1069 2747 1131 εἰς
2815 1065 2937 1119 ἕκα-

2189 1179 2311 1217 στον
2350 1161 2458 1214 τῶν
2510 1159 2678 1213 ὄντων
2732 1156 2939 1229 μεταδι-

2183 1257 2306 1320 δοὺς
2333 1255 2544 1325 ἑκάστῳ
2561 1249 2666 1306 ἀπὸ
2688 1250 2781 1305 τοῦ
2809 1251 2937 1304 ἰδίου

2183 1350 2244 1403 τὸ
2279 1345 2446 1402 εἶναι·
2491 1345 2566 1399 ὢν
2615 1345 2722 1416 γάρ
2755 1345 2930 1397 ἐστιν·

2184 1443 2420 1498 ἐλάττων
2447 1443 2504 1496 δὲ
2535 1441 2670 1512 πρὸς
2704 1429 2793 1492 τδν
2824 1439 2935 1491 Πα-

2183 1539 2315 1610 τέρα
2357 1539 2385 1590 ὁ
2420 1535 2547 1599 Υἱὸς
2581 1534 2796 1604 φθάνων
2845 1531 2937 1584 ἐπὶ

2187 1625 2324 1704 μόνα
2352 1634 2422 1686 τὰ
2447 1631 2665 1698 λογικά’
2691 1627 2937 1698 δεύτερος

2183 1729 2292 1797 γάρ
2323 1727 2437 1778 ἐστι
2458 1723 2551 1778 τοῦ
2588 1721 2799 1792 Πατρός
2819 1735 2832 1748 ⁸
2853 1719 2936 1772 ἔτι

2115 1803 2156 1862 Β
2184 1819 2240 1872 δὲ
2295 1814 2455 1890 ἦττον
2497 1817 2556 1870 τὸ
2618 1814 2842 1884 Πνεῦμα
2875 1812 2936 1865 τὸ

2182 1911 2334 1980 ἅγιον
2388 1907 2481 1961 ἐπὶ
2563 1906 2756 1978 μόνους
2810 1903 2936 1966 τοὺς

2179 2006 2368 2076 ἁγίους
2391 2003 2590 2058 διικνού
2600 2019 2776 2074 μενον’
2795 1999 2935 2055 ὥστε

2181 2097 2321 2152 κατὰ
2345 2097 2503 2152 τοῦτο
2561 2096 2758 2169 μείζων
2786 2097 2818 2166 ἡ
2847 2093 2936 2146 δύ-

2180 2209 2343 2264 ναμις
2386 2190 2478 2245 τοῦ
2540 2189 2753 2263 Πατρδς
2787 2187 2938 2260 παρὰ

2181 2282 2271 2335 τον
2324 2281 2451 2334 Υἱδν
2481 2279 2575 2334 καὶ
2615 2278 2674 2331 τὸ
2712 2276 2936 2348 Πνεῦμα

2184 2374 2245 2426 τὸ
2276 2375 2430 2442 ἅγιον
2449 2390 2462 2403 ·
2499 2371 2695 2424 πλείων
2711 2368 2766 2422 δὲ
2787 2371 2818 2439 ἠ
2837 2366 2932 2420 τοῦ

2183 2467 2316 2520 Υἱοῦ
2381 2464 2532 2537 παρὰ
2581 2464 2640 2516 τὸ
2706 2462 2930 2531 Πνεῦμα

2181 2557 2242 2611 τὸ
2275 2557 2428 2626 ἅγιον
2448 2573 2462 2586 ο
2486 2555 2579 2609 καὶ
2624 2551 2784 2607 πάλιν
2817 2551 2933 2604 δια.-

2184 2649 2422 2720 φέρουσα
2456 2644 2651 2717 μᾶλλον
2665 2641 2758 2696 τοῦ
2777 2641 2933 2710 ἁγίου

2182 2742 2323 2796 Πνεύ
2333 2757 2500 2813 ματος
2525 2739 2800 2811 ἡδύναμις
2830 2752 2935 2788 πα·-

2185 2835 2252 2908 ρὰ
2280 2835 2348 2888 τὰ
2376 2833 2507 2889 ἄλλα
2535 2833 2684 2900 ἅγιαι

3008 876 3231 945 quidem
3288 888 3409 928 esse
3457 872 3646 940 Patris,
3694 885 3746 930 et

3008 969 3164 1034 Filii,
3233 977 3344 1021 tam
3431 965 3484 1020 in
3555 965 3745 1022 sanctis

3006 1076 3168 1130 quam
3231 1061 3286 1114 in
3343 1059 3743 1129 peccatoribus,

3009 1153 3061 1208 in
3121 1149 3536 1208 rationabilibus
3582 1150 3748 1204 homi-

3013 1247 3175 1300 nibus
3215 1252 3272 1298 et
3296 1244 3350 1297 in
3375 1243 3536 1297 mutis
3553 1242 3747 1297 animai

3008 1341 3181 1406 libus;
3206 1339 3305 1395 sed
3336 1348 3391 1394 et
3433 1337 3484 1392 in
3528 1337 3608 1394 his
3634 1352 3744 1408 qua:

3006 1433 3261 1489 exanima
3312 1441 3458 1497 sunt,
3494 1431 3612 1485 etin
3636 1444 3744 1486 om-

3009 1529 3172 1583 nibus
3200 1524 3429 1580 omnino
3455 1540 3567 1595 qua:
3589 1535 3740 1580 sunt:

3011 1619 3400 1690 operationem
3431 1631 3553 1670 vero
3580 1617 3745 1685 Spiri-

3010 1722 3096 1768 tus
3166 1710 3345 1766 sancti
3399 1722 3743 1778 .nequaquam

3007 1820 3239 1876 prorsus
3291 1802 3529 1858 incidere
3579 1801 3658 1856 vel
3696 1801 3745 1855 in

3006 1915 3068 1956 ea
3121 1914 3247 1970 quae
3300 1897 3548 1953 exanima
3607 1905 3744 1962 sunt,

3007 1997 3088 2053 vel
3120 1997 3170 2049 in
3203 2010 3267 2050 ea
3303 2008 3425 2064 qua:
3471 1992 3745 2046 animantia

3007 2089 3253 2158 quidem,
3282 2087 3378 2141 sed
3414 2093 3558 2138 muta
3586 2093 3700 2138 sunt
3727 2097 3744 2136 :

3007 2183 3100 2237 sed
3155 2195 3229 2236 ne
3282 2179 3338 2234 in
3396 2177 3504 2232 illis
3548 2177 3744 2246 quidem

3007 2271 3242 2328 inveniri
3275 2271 3371 2341 qui
3416 2267 3747 2324 rationabiles

3004 2366 3222 2436 quidem
3252 2373 3402 2423 sunt.
3433 2363 3528 2416 sed
3557 2361 3606 2415 in
3641 2377 3744 2414 ma-

3004 2455 3116 2509 litia
3173 2455 3364 2525 positi,
3400 2469 3498 2509 nec
3543 2452 3746 2512 omnino

3005 2549 3070 2603 ad
3107 2548 3342 2603 meliora
3398 2545 3662 2602 conversi.
3695 2543 3746 2598 ln

3006 2641 3112 2696 illis
3141 2650 3328 2695 autem
3361 2638 3492 2693 solis
3527 2637 3748 2692 arbitror

3007 2747 3124 2787 esse
3167 2745 3306 2802 opus
3345 2730 3577 2800 Spiritus
3628 2743 3744 2782 san-

3006 2827 3100 2891 cti,
3132 2825 3222 2895 qui
3257 2823 3370 2893 jam
3421 2838 3481 2879 se
3517 2823 3598 2878 -ad
3645 2837 3746 2877 tne-

2183 2952 2316 3006 liora
2345 2957 2692 3014 convertunt,
2733 2955 2787 3000 et
2810 2959 2904 3015 per
2936 2943 3050 2998 vias
3078 2943 3288 2998 Christi
3322 2941 3453 2996 .lesu
3490 2939 3750 3004 incedunt,

2182 3046 2234 3099 id
2264 3056 2368 3110 est,
2402 3042 2514 3114 (9.8)
2546 3041 2632 3110 qui
2669 3047 2796 3094 sunt
2829 3038 2882 3091 in
2932 3036 3084 3091 novis
3144 3035 3375 3090 actibus
3435 3033 3748 3097 incedentes,

511 3131 566 3186 id
625 3141 729 3198 est,
784 3131 879 3184 Dei
932 3130 1108 3185 Patris
1158 3128 1608 3193 inconvertibilis,
1645 3138 1698 3184 et
1753 3122 1876 3183 Filii
1935 3128 2074 3198 ejus,
2107 3161 2155 3225 ο
2186 3147 2240 3191 et
2271 3137 2323 3190 in
2369 3136 2476 3189 Deo
2512 3141 2912 3200 permanentes.
2963 3128 3232 3196 Quoniam
3295 3136 3481 3180 autem
3525 3122 3749 3195 operatio

509 3225 673 3278 ctiam
711 3225 825 3293 ipse
854 3223 1090 3294 Spiritus
1135 3233 1357 3278 sanctus
1394 3222 1709 3288 haberetur,
1735 3222 1838 3277 nisi
1869 3223 1996 3292 quia
2028 3232 2083 3278 et

510 3305 624 3385 ipse
650 3329 863 3380 semper
889 3323 1007 3368 erat
1035 3312 1270 3382 Spiritus
1303 3321 1546 3366 sanctus.
1583 3329 1602 3361 ι

585 3409 913 3462 ΡΑιιιιιιιιιτδ.
942 3406 1006 3459 Ει
1036 3416 1155 3476 post
1188 3420 1356 3474 pauca
1382 3404 1578 3472 adjecit
1610 3422 1623 3456 :

579 3497 865 3555 Omcsnss.
901 3518 919 3550 ι
953 3499 1173 3552 Rectum
1211 3508 1388 3551 tamen
1421 3498 1634 3550 videtur
1659 3495 1930 3566 inquirere
1953 3495 2080 3564 quid

514 3598 693 3650 Causa:
719 3595 792 3648 'sit
821 3593 961 3662 quod
991 3591 1081 3661 qui
1117 3599 1462 3661 regeneratur
1495 3603 1592 3656 per
1627 3589 1794 3642 Deum
1837 3589 1890 3644 in
1938 3589 2084 3643 salu-

511 3695 642 3750 tem,
676 3700 810 3753 opus
842 3684 1006 3738 habet
1033 3693 1086 3736 et
1116 3674 1298 3745 Patre,
1334 3692 1387 3735 et
1421 3679 1576 3745 Filio,
1613 3689 1666 3736 et
1711 3679 1917 3749 Spiritu
1949 3695 2079 3734 san-

514 3786 623 3844 eto,
666 3793 768 3832 nou
807 3787 1157 3846 percepturus
1192 3774 1442 3836 salutem,
1480 3772 1579 3826 uisi
1614 3773 1684 3825 sit
1716 3771 1925 3841 integra
1957 3770 2080 3824 Tri-

515 3871 698 3925 nitas:
732 3868 843 3939 (‘26)
873 3883 970 3920 nec
1013 3867 1269 3934 possibile
1310 3867 1378 3920 sit
1422 3864 1736 3933 participem
1771 3863 1855 3917 vel
1882 3861 2078 3928 Patris,

583 3957 627 3999 ⁸⁸
664 3964 856 4018 Matth.
879 3980 977 4027 sn,
1008 3962 1108 4028 39.;
1137 3961 1265 4015 Luc.
1292 3977 1397 4026 xu,
1431 3961 1517 4014 10.
1595 3959 1640 3992 ⁵ο
1671 3957 1841 4013 Exod.
1877 3974 1958 4024 ιιι,
1992 3960 2080 4014 Η.

582 4049 695 4130 (ili)
723 4059 881 4130 Enjizi,
923 4075 1014 4110 nec
1059 4057 1304 4130 possibile
1343 4065 1414 4108 est
1457 4053 1935 4130 partiqipemﬁeri
1969 4052 2079 4107 Pa-

513 4124 608 4188 tris
648 4124 696 4184 et
743 4127 892 4192 Filii,
933 4130 1042 4180 sine
1081 4127 1284 4193 Spiritu
1331 4136 1530 4179 sancto.
1583 4124 1711 4178 Mss.
1749 4124 1948 4191 plures,
1989 4142 2078 4177 nec

513 4201 756 4274 possibile
789 4200 852 4252 sit
879 4215 990 4274 esse
1019 4197 1322 4274 participem
1361 4193 1476 4274 (alii
1503 4194 1744 4274 quidam,
1771 4195 1972 4274 ειη-ἱβριῐί
2002 4195 2078 4274 ρο

532 4273 733 4337 irlncip.
765 4260 1070 4337 participem
1120 4267 1258 4337 ﬁeri)
1306 4260 1384 4317 vel
1432 4261 1630 4337 Putris,
1662 4263 1737 4315 rel
1791 4260 1941 4337 Ij‘ilii,
1969 4265 2081 4316 sine

532 4295 733 4337 πυιεψ.
765 4295 1070 4337 parumper"
1120 4295 1205 4333 μω
1220 4295 1258 4326 ι]
1309 4295 1384 4317 vos
1432 4295 1452 4313 ι
1481 4295 1630 4325 usuro,
1664 4295 1734 4315 ιω
1791 4295 1807 4312 ι
1841 4295 1941 4325 ειη,
1969 4295 2080 4316 uno

513 4295 720 4406 Spiritu
748 4349 952 4395 sancto.
983 4337 1088 4391 Sed
1117 4336 1310 4389 rectius
1343 4349 1444 4387 ms.
1475 4333 1672 4401 liegius
1704 4345 1761 4384 ut
1809 4332 1861 4384 iu
1895 4346 2081 4388 nostro

516 4411 688 4470 textu.

586 4482 697 4554 (27)
730 4468 915 4554 “oue
947 4477 1064 4554 μὲν
1096 4477 1396 4554 Gsdq,_etc.
1450 4471 1650 4554 Grarca.
1692 4473 1808 4554 haec
1859 4470 2076 4554 eshibet
2110 4489 2153 4547 ι)

515 4541 1177 4621 imperator.iusiiumnus
1207 4547 1270 4598 ad
1297 4545 1528 4621 calcent
1549 4543 1832 4621 epistolae
1855 4543 1922 4595 ad
1968 4541 2079 4621 ille-

515 4611 640 4678 nam
667 4637 682 4687 ;
713 4629 766 4673 et
817 4619 1193 4687 Hieronymus,
1227 4615 1451 4683 epistola
1501 4613 1588 4687 94Δ
1616 4613 1681 4687 ad
1736 4615 1986 4687 Avitum,
2025 4611 2078 4664 id

516 4681 679 4747 etiam
723 4689 936 4743 crimini
971 4681 1129 4742 vertit
1175 4681 1392 4754 Uri—geni
1448 4683 1592 4753 quod
1625 4685 1822 4740 dixerit
1875 4681 2080 4754 Filium

516 4761 1008 4836 linoquentinorem
1050 4752 1307 4836 I’atre,_eo
1330 4752 1750 4836 quodiiecundus
1787 4755 1849 4806 ab
1873 4752 1964 4833 illo
1986 4754 2079 4832 sit,

516 4821 565 4888 ἐι
597 4821 852 4902 Spiritum
887 4839 1127 4902 sanctum
1151 4821 1453 4902 inferiorem
1470 4821 1628 4902 filio
1655 4825 1709 4902 in
1741 4825 1941 4902 sanctis
1963 4823 2082 4902 qui-

515 4891 716 4971 busque
767 4900 962 4954 versari
987 4916 1004 4952 :
1032 4907 1185 4968 atque
1210 4891 1566 4971 'Itg‘ehortline
1600 4894 1852 4971 majorem
1901 4891 2078 4971 Patris

516 4962 882 5043 fortitudinem
931 4962 1226 5043 essemg'uam
1261 4962 1489 5043 Filiinet
1527 4962 1761 5032 Spiritus
1805 4963 1998 5043 sancti,
2030 4973 2076 5043 et

517 5031 726 5096 rursum
748 5041 998 5107 majorem
1031 5031 1159 5090 Filii
1190 5034 1551 5107 fortitudinem
1570 5031 1686 5087 esse
1717 5048 1885 5107 quant
1906 5031 2078 5107 Spiri-

521 5124 605 5166 tus
663 5101 880 5166 suum":
910 5121 957 5162 et
997 5115 1372 5174 consequenter
1420 5105 1581 5168 ipsius
1631 5106 1800 5156 sancti
1849 5101 2080 5165 Spiritus

517 5183 767 5250 Maiorem
794 5197 905 5234 esse
943 5181 1182 5231 virtutem
1213 5174 1412 5250 ueteris
1433 5191 1549 5239 qua:
1586 5184 1768 5250 sancta
1799 5174 2075 5250 _rlicun'_nr.

524 5243 650 5306 Huic
679 5251 904 5304 liuiinus
929 5250 1256 5318 quibusdam
1278 5245 1552 5318 detractis,
1582 5245 1900 5318 quibusdam
1930 5243 2082 5293 addi-

523 5322 594 5374 tis
641 5312 1027 5383 entoliivitfac
1071 5317 1210 5370 forte
1245 5315 1368 5365 inde
1398 5322 1480 5367 est
1532 5315 1676 5382 quod
1727 5312 2082 5383 Hieronymus

519 5389 612 5443 lib.
640 5395 677 5442 tt
706 5400 758 5442 ct
787 5405 844 5442 ιιι
887 5380 1135 5442 adversus
1183 5383 1434 5452 [inﬂuunt
1490 5380 1828 5437 contenderit
1875 5380 1960 5434 vel
1994 5380 2083 5433 Di-

523 5463 765 5528 tlyuium,
792 5460 872 5511 vcl
932 5462 1220 5525 ipsummct
1273 5454 1550 5528 liminum,
1582 5453 1663 5528 vel
1696 5453 1862 5504 alium
1897 5453 2080 5504 nescio

520 5524 683 5596 quem
721 5536 828 5580 tam
859 5524 1045 5582 Glauce
1093 5543 1254 5596 quam
1291 5525 1483 5578 Latine
1527 5525 1578 5576 in
1641 5524 1832 5596 bonum
1871 5532 2079 5596 partem

522 5591 806 5668 plerasque
851 5599 915 5651 de
970 5591 1124 5652 Filio'
1146 5611 1208 5668 _et
1232 5595 1438 5668 Spiritu
1491 5601 1680 5668 sancto
1721 5591 2081 5668 blasphemias

519 5662 888 5722 commutasse
911 5683 1030 5736 quae
1053 5669 1106 5720 in
1131 5662 1316 5721 Graeco
1347 5664 1502 5733 hujus
1528 5662 1799 5736 Apologia:
1817 5670 2077 5736 contextu

525 5731 944 5804 cernuat-ebanti
999 5739 1141 5804 quod
1196 5739 1250 5790 iu
1278 5773 1280 5776 μ
1309 5731 1790 5804 interpretatione
1817 5731 2078 5804 librorum

525 5802 664 5871 Περὶ
699 5804 920 5877 ἀρχῶν,
955 5801 1094 5862 unde
1129 5807 1274 5860 locus
1302 5807 1390 5860 hic
1417 5801 1651 5870 eruitur,
1691 5801 1885 5856 iecisse
1933 5801 2081 5854 ltuti-

2185 3225 2363 3281 Patris
2399 3233 2454 3279 et
2485 3222 2607 3278 Filii
2644 3231 2728 3277 est
2753 3230 2806 3274 et
2839 3221 2891 3274 iu
2923 3217 3150 3284 sanctis,
3185 3228 3241 3271 et
3270 3216 3334 3270 in
3365 3213 3746 3285 peccatoribus,

2186 3317 2571 3373 manifestatur
2603 3327 2664 3368 ex
2699 3327 2762 3368 eo
2793 3311 2934 3380 quod
2967 3309 3080 3382 (29)
3113 3324 3314 3364 ontnes
3349 3307 3441 3378 qui
3471 3304 3747 3361 rationabi-

2182 3408 2258 3464 les
2287 3417 2434 3473 sunt,
2469 3404 2632 3461 Verbi
2665 3403 2779 3468 Dei,
2810 3401 2861 3456 id
2891 3410 2995 3467 est,
3025 3399 3252 3455 rationis
3282 3398 3581 3469 participes
3607 3403 3740 3460 sunt,

2183 3509 2238 3556 et
2269 3517 2362 3570 per
2399 3501 2500 3554 hoc
2534 3497 2680 3550 velut
2706 3495 2914 3550 semina
2949 3491 3196 3560 quaedam
3227 3491 3396 3545 insita
3423 3489 3530 3542 sibi
3563 3494 3744 3557 gerunt

2184 3591 2464 3662 sapientiae
2497 3598 2550 3642 et
2599 3584 2861 3652 scientiae,
2885 3582 3026 3654 quod
3065 3590 3148 3636 est
3203 3578 3482 3635 Christus.
3515 3579 3620 3650 (50)
3649 3575 3746 3632 Sed

2185 3693 2241 3737 et
2272 3681 2374 3735 hoc
2405 3679 2578 3748 ipsum
2600 3675 2742 3744 quod
2769 3683 2853 3728 cst
2873 3681 2929 3726 et
2961 3678 3247 3740 permanet
3270 3669 3456 3724 omnis
3489 3675 3744 3730 creatura,

2185 3769 2429 3840 operatio
2467 3778 2551 3822 est
2603 3766 2693 3820 Dei
2747 3764 2922 3817 Patris
2971 3762 3062 3830 qui
3118 3761 3302 3814 dixit:
3351 3759 3465 3830 Ego
3498 3775 3610 3814 sum
3661 3755 3744 3827 qui

2187 3879 2301 3918 sum
2328 3861 2373 3892 ⁵ο
2403 3880 2414 3914 ;
2444 3874 2562 3929 qua:
2597 3855 2842 3928 pervenit
2893 3868 3056 3922 super
3100 3864 3313 3916 omnes.
3347 3850 3467 3922 Ipse
3497 3859 3578 3906 est
3613 3849 3742 3902 enim

2189 4067 2290 4107 nus
2314 4052 2427 4122 ipse
2459 4047 2748 4122 evincitur.
2769 4043 2911 4122 _Vide
2939 4041 3324 4122 Origett-iaitorc
3348 4041 3443 4096 lib.
3479 4055 3544 4122 ιι,
3562 4044 3738 4122 quaest.

2187 4124 2242 4186 2,
2276 4110 2423 4175 num.
2453 4119 2521 4173 97
2553 4131 2608 4172 et
2638 4119 2730 4172 ‘28.
2761 4110 3201 4186 Caeterunr’editi
3239 4110 3740 4186 halicnt-rfirbitror

2189 4179 2431 4262 ergo”...
2485 4204 2640 4262 quam
2686 4190 2741 4262 in
2783 4181 3138 4254 peccatoribus
3179 4181 3627 4262 irrationabilibus
3657 4179 3743 4258 lto-

2188 4249 2436 4322 minibns,
2468 4249 2576 4312 e'tc.
2609 4257 2713 4312 Sed
2746 4249 2936 4308 omnes
2967 4267 3098 4306 mss.
3156 4262 3261 4304 tam
3291 4252 3453 4319 hujus
3488 4249 3741 4316 Apologia:

2190 4347 2350 4401 quam
2385 4331 2646 4384 librorum
2677 4325 2749 4401 De
2781 4322 3074 4401 principiis,
3109 4333 3166 4401 ut
3200 4323 3251 4374 in
3285 4331 3476 4401 nostro
3513 4327 3673 4372 textu.

2262 4399 2376 4470 (28)
2404 4401 2496 4470 Sic
2526 4414 2656 4470 ιιιιι.⁸
2683 4391 2901 4470 Regius.
2956 4394 3028 4470 ita
3074 4392 3236 4470 etiam
3286 4391 3469 4445 caeteri
3522 4403 3661 4470 iussn
3692 4394 3742 4439 et

2183 4459 2473 4535 cdi‘ti,'nisi
2516 4467 2658 4535 quod
2717 4459 2969 4518 omittam
2991 4461 3324 4535 -incedentes,
3362 4470 3437 4535 _et
3477 4459 3602 4535 editi
3636 4459 3738 4535 _ha_-

2183 4527 2346 4596 beant
2380 4540 2431 4592 iu
2465 4527 2590 4600 ﬁne,
2635 4529 3139 4604 permanent._Libri
3178 4545 3310 4604 vero
3353 4529 3433 4604 De
3485 4527 3738 4604 principiis

2183 4622 2290 4664 tam
2324 4609 2451 4663 editi
2493 4598 2653 4676 quam
2701 4620 2856 4669 mss.,
2892 4601 2981 4671 qui
3013 4611 3132 4655 sunt
3171 4602 3226 4653 in
3262 4599 3414 4653 bonis
3449 4598 3667 4662 actibus,
3696 4603 3739 4648 et

2180 4683 2232 4735 in
2259 4680 2363 4733 Deo
2391 4686 2715 4746 permanent.

2253 4751 2367 4818 (εει)
2391 4734 2564 4807 cum,
2604 4760 2779 4818 omnes
2807 4739 3168 4818 rationabiles,
3203 4737 3359 4793 Verbi
3397 4734 3738 4818 Dei._Deinde

2183 4809 2527 4880 iidem'editi,
2553 4825 2608 4870 et
2640 4815 2759 4867 libri
2797 4812 2870 4865 De
2923 4811 3196 4877 principiis
3244 4819 3352 4863 tam
3408 4809 3536 4880 editi
3579 4819 3734 4880 quam

2182 4907 2338 4954 mss.,
2373 4875 2643 4951 sapientia:
2673 4896 2718 4937 et
2745 4875 2974 4950 justiti-a3
2999 4882 3126 4934 :sed
3151 4895 3341 4935 omnes
3370 4879 3527 4949 hujus
3555 4875 3736 4944 Apolo-

2180 4963 2278 5031 gia:
2319 4975 2445 5031 mss.
2481 4967 2538 5031 ut
2565 4957 2819 5031 iu_tex_tu.
3061 5021 3071 5031 _
3698 5012 3709 5024 ι

2253 5030 2366 5094 (50)
2400 5026 2502 5082 Sed
2535 5035 2582 5078 et
2617 5027 2712 5078 hoc
2735 5024 2905 5094 ipsum
2931 5021 3071 5094 quod
3094 5028 3168 5094 est
3206 5029 3257 5094 et
3281 5027 3545 5094 permanet
3577 5021 3732 5068 omnis

2180 5087 2444 5163 creatura,
2475 5097 2708 5164 Operatio
2743 5087 2814 5145 est
2851 5090 2943 5164 Dei
2960 5089 3138 5144 Patris
3168 5091 3257 5159 qui
3283 5089 3418 5164 discit
3446 5103 3464 5140 :
3494 5087 3599 5153 Ego
3621 5098 3730 5161 sunt

2181 5168 2272 5240 qui
2306 5155 2464 5225 sunt':
2488 5155 2604 5235 quin
2659 5163 2884 5240 pervenit
2907 5176 3072 5240 super
3105 5155 3311 5240 θυι-νεεδ..
3341 5159 3459 5226 Ipse
3499 5167 3570 5236 est
3598 5155 3729 5240 rerum

2181 5221 2272 5309 iiut
2300 5221 2460 5292 solem
2500 5221 2805 5309 suum'oriri
2831 5221 3010 5309 jubet'_
3032 5231 3153 5301 (ms.
3189 5221 3402 5309 Regius,
3432 5221 3728 5309 oririfactt)

2181 5295 2335 5376 s'uper
2359 5309 2517 5362 bonos
2540 5315 2587 5358 et
2617 5304 2807 5376 malos,
2829 5295 2883 5376 et
2902 5295 3219 5376 pluiLsnper
3234 5295 3409 5376 jits_tos
3429 5307 3473 5350 et
3499 5295 3726 5376 injustas.

2184 5362 2307 5433 Han:
2337 5378 2716 5436 desiderantur
2747 5362 2803 5424 in
2833 5362 2984 5423 libris
3013 5362 3149 5437 Περὶ
3188 5362 3388 5436 ἀρχῶν
3440 5362 3557 5419 tam
3581 5362 3728 5437 editis

2181 5429 2531 5519 {j—tniitiviiissg,
2562 5433 2650 5497 ubi
2679 5455 2777 5510 pro
2810 5442 2912 5494 illis
2936 5429 3111 5519 verbis
3140 5429 3331 5519 legitur
3358 5439 3448 5519 lib.
3477 5429 3723 5519 Il,.c':lp.§3

2185 5505 2334 5573 ιῖιιιιι.
2371 5518 2444 5570 6:
2481 5505 2563 5568 Ea:
2588 5530 2647 5566 eo
2681 5505 2867 5564 autem
2906 5511 2996 5579 qui
3035 5526 3148 5563 vere
3194 5505 3295 5570 cst,
3326 5509 3418 5578 qui
3469 5505 3591 5557 dixit
3642 5512 3727 5579 rer

2183 5589 2443 5657 Moysen:
2480 5587 2588 5654 Ego
2616 5599 2733 5638 sunt
2763 5583 2864 5657 qui
2883 5575 3030 5657 sum,
3061 5575 3576 5657 omniumquiccunque
3615 5575 3724 5657 sunt

2179 5640 2492 5725 paiiicipant
2520 5640 2552 5708 ἶ
2572 5669 2688 5724 qua:
2731 5640 3062 5720 participatio
3097 5649 3186 5700 Dei
3225 5640 3399 5700 Patris
3432 5640 3724 5725 pervenitqin

2182 5707 2381 5783 butnes'
2409 5739 2513 5778 tam
2548 5707 2740 5794 jitstos'
2776 5707 2932 5794 quani
2977 5731 3272 5794 peccatores
3307 5727 3354 5794 et
3407 5707 3728 5794 rationabiles

2182 5782 2334 5866 atque
2364 5782 2860 5859 irrtttioitubiles,'et
2900 5792 2953 5844 in
2977 5782 3154 5844 omnia
3195 5789 3404 5842 omnino
3434 5797 3556 5842 autc
3598 5782 3727 5830 δωιί·
