3992 6312
167 391 260 449 569

169 509 250 580 qui
282 505 449 561 solem
477 520 631 560 suum
665 501 793 558 oriri
831 499 982 571 jubet
1014 512 1168 564 super
1199 495 1365 550 bonos
1393 501 1442 547 et
1475 490 1664 556 malos,

168 597 292 672 pluit
317 595 675 668 superjustos
703 610 754 648 et
788 593 1015 662 injustas
1043 589 1116 641 ⁵¹.
1144 605 1163 638 ι

721 719 971 762 INTERPR.
1006 718 1165 757 NOVA.

229 826 477 882 Arbitror
507 823 672 879 Deum
695 824 903 892 quidem
933 830 979 875 et
1006 819 1373 892 Patrem,cnr_n
1405 815 1578 870 omnia
1606 828 1729 892 ron-

168 900 347 960 tineat,
379 898 449 949 ad
485 883 887 963 unumquodque
914 893 1114 963 entiam
1141 889 1427 963 pervenire,
1465 902 1575 939 esse
1596 883 1729 963 uni-

166 957 344 1034 cuique
398 957 774 1034 impertientem
799 957 884 1016 'de
931 977 1027 1034 suo
1060 960 1206 1034 :_ipse
1240 961 1375 1034 enim
1406 967 1491 1034 _e_s_t_
1517 957 1607 1024 qui
1635 963 1730 1008 est.

166 1021 341 1094 Minor
369 1021 504 1091 vero
521 1035 678 1090 Patre
710 1032 887 1087 Filius
913 1032 980 1083 ad
1019 1021 1130 1084 sola
1183 1021 1730 1091 rationabilia’perve-

166 1111 270 1170 nit;
297 1119 374 1161 est
409 1107 545 1161 enim
597 1104 856 1158 secundus
881 1121 911 1155 a
940 1099 1121 1152 Patre.
1154 1098 1343 1151 Adhuc
1371 1098 1528 1170 etiam
1561 1096 1735 1170 minor

165 1164 398 1246 Spiritus
441 1185 656 1229 sanctus
697 1176 766 1226 ad
817 1173 958 1246 solos
987 1179 1199 1246 sanctos
1247 1165 1535 1246 pertingit."
1555 1164 1644 1246 Ita.
1670 1179 1734 1216 ea:

165 1234 256 1302 hoc
297 1246 477 1316 major
493 1256 568 1316 est
591 1254 823 1311 potestas
850 1241 1049 1302 Patris,
1079 1234 1393 1316 q‘uapiFilii
1423 1234 1470 1288 et
1497 1234 1734 1316 Spiritus

164 1301 627 1384 sanctifamplidr
656 1317 780 1368 item
823 1301 1050 1384 potestas
1091 1301 1251 1371 'Filii,
1298 1322 1457 1384 quam
1500 1304 1733 1384 Spiritus

162 1373 362 1451 sancti}
399 1404 459 1440 ac
490 1373 712 1437 'rursum
765 1373 1104 1450 pr'a'stantiar
1162 1389 1233 1432 est
1285 1373 1457 1430 sancti
1507 1373 1734 1444 Spiritus

162 1458 347 1522 virtus,
379 1473 534 1526 quant
559 1455 788 1508 aliorum
818 1459 1124 1506 sanctorum
1155 1451 1380 1502 entium.

227 1566 564 1622 Passennus.
598 1565 663 1618 Et
689 1572 813 1632 post
848 1560 1072 1617 multam
1105 1559 1171 1615 de
1200 1557 1360 1613 Patre
1389 1567 1443 1612 et
1473 1555 1611 1612 Filio
1640 1568 1735 1624 per
1760 1569 1764 1573 ·

165 1661 577 1730 Scripturarum
604 1657 847 1724 exempla
884 1653 1266 1720 assertionem,
1301 1651 1510 1706 addidit
1539 1651 1691 1704 hare:

229 1753 529 1808 OanENES.
565 1769 584 1802 ι
613 1749 850 1820 Spiritus
891 1763 1021 1802 vero
1049 1744 1222 1801 sancti
1259 1742 1733 1814 participationem

1343 362 1687 427 aromata
1721 360 1858 420 ι)ηο
1894 337 2230 415 omnem;

1688 498 1734 543 et
1768 490 1812 548 Α
1844 483 2028 538 limam
2059 473 2426 545 cognitionem
2478 465 2783 536 pra‘valens
2820 461 3128 538 pervenire,
3154 457 3410 528 despera-

3305 337 3409 392 570

1843 573 1992 626 tione
2026 569 2103 623 rei
2141 575 2196 621 et
2225 575 2446 633 stupore
2495 559 2794 630 proclamat
2828 566 2880 610 et
2909 555 3062 619 dicit;
3111 551 3156 605 Ο
3179 549 3410 604 altitudo

1839 663 2146 718 divitiarum
2181 654 2451 724 sapientia:
2479 662 2524 707 et
2558 650 2788 704 scientia:
2820 646 2914 701 Dei
2930 647 3008 699 "l
3039 645 3150 714 (55)
3181 643 3244 696 Ει
3265 641 3408 711 quod

1839 747 2222 820 desperatione
2262 741 2520 815 perfecta:
2551 734 3048 807 comprehensionis
3088 734 3199 787 hinc
3228 730 3408 786 excla—
3490 725 3502 734 ’

1841 841 2095 900 tnaverit,
2124 837 2246 890 audi
2277 835 2452 901 ipsum
2479 831 2785 886 dicentem:
2817 827 2985 892 Quam
3014 823 3409 877 inscrustabilia

1839 943 1961 989 sunt
1987 932 2196 1003 judicia
2238 927 2356 990 Dei,
2396 935 2441 979 et
2471 939 2629 992 quam
2664 917 3044 990 investigabiles
3070 918 3166 971 vim
3189 917 3300 983 eius
3322 914 3403 966 "l
3432 979 3435 994 Ι

1841 1026 1954 1082 Non
1985 1028 2132 1080 cnim
2183 1021 2318 1076 dixit
2349 1016 2561 1072 dillicile
2596 1028 2753 1084 posse
2782 1011 3038 1071 scrutari,
3065 1009 3156 1063 sed
3186 999 3433 1061 omnino.

1841 1135 1947 1174 non
1989 1131 2171 1187 posse,
2204 1112 2409 1180 judicia
2454 1109 2589 1163 Dei:
2621 1121 2719 1160 nec
2770 1104 2906 1156 dixit
2933 1100 3151 1155 difficile
3186 1097 3408 1151 investi-

1841 1211 1954 1282 gari
2000 1223 2159 1276 posse
2204 1206 2322 1260 vias
2377 1203 2518 1272 ejus,
2571 1198 2665 1253 sed
2721 1211 2825 1250 non
2871 1208 3026 1263 posse
3073 1188 3410 1259 investigari.

1842 1302 2323 1369 Quantumcunque
2370 1294 2513 1348 enim
2563 1292 2684 1360 qu's
2733 1284 3022 1343 scrutando
3065 1288 3413 1351 promoveat.
3458 1356 3460 1358 ν

1841 1405 1894 1448 et
1926 1393 2104 1448 studio
2139 1389 2250 1460 (56)
2307 1386 2596 1442 intentiore
2645 1381 2916 1453 proﬁciat,
2977 1376 3150 1447 gratia
3199 1383 3412 1442 quoque

1844 1485 1937 1541 Dei
1993 1483 2230 1553 adjutus,
2289 1471 2556 1548 sensuque
2607 1475 2958 1534 illuminatus,
2999 1469 3064 1523 ad
3115 1467 3411 1536 perlectum

1845 1577 2003 1632 ﬁnem
2039 1590 2224 1630 eorum
2261 1588 2378 1643 quae
2418 1571 2788 1639 requiruntur,
2825 1563 3109 1639 pervenire
3138 1576 3240 1614 non
3265 1565 3416 1626 pote-

1845 1670 1949 1736 rit;
1983 1682 2084 1722 nec
2109 1665 2284 1720 omnis
2311 1676 2466 1716 ruens
2489 1676 2608 1730 quae
2637 1665 2816 1714 creata
2847 1664 2954 1721 est,
2975 1651 3228 1723 possibile
3253 1649 3416 1703 habet

1844 1760 1953 1815 ullo
2011 1773 2209 1829 genere
2264 1753 2766 1824 comprehendere:
2813 1748 2906 1804 sed
2967 1761 3088 1802 cum
3154 1739 3418 1796 invenerit

166 1857 194 1897 ³
228 1844 446 1898 ⁸³¹¹⁰¹Ῐ⁸
482 1840 853 1896 “mummium
903 1838 1090 1894 haberi
1135 1837 1458 1892 illvellimus~
1511 1835 1739 1903 Propter
1771 1859 1814 1914 Β
1843 1848 2238 1921 aliquantulum
2282 1860 2347 1899 ex
2386 1845 2468 1898 his
2499 1858 2618 1912 qua:
2657 1847 2996 1910 quaeruntur,
3041 1835 3238 1889 iterum
3270 1831 3418 1885 videt

161 1933 307 2002 quod
339 1933 542 1988 dicitur
567 1949 580 1984 :
608 1928 776 1984 Nemo
799 1939 963 1997 potest
991 1928 1164 1980 dicere
1190 1921 1302 1998 (51)
1334 1925 1613 1980 Dominum
1643 1924 1738 1980 Je-

159 2043 306 2088 sum,
337 2025 440 2078 nisi
463 2024 514 2077 in
553 2022 758 2091 Spiritu
792 2032 974 2075 sancto
998 2020 1064 2074 ⁸³.
1097 2020 1164 2074 Ει
1192 2021 1280 2073 vix
1323 2017 1612 2086 aliquando
1641 2017 1742 2086 ipsi

161 2115 406 2186 apostoli
448 2113 590 2184 digni
628 2113 892 2166 habentur
931 2110 1118 2164 audire
1143 2127 1156 2163 :
1180 2108 1458 2176 Accipietis
1500 2109 1742 2162 virtutem

156 2205 580 2277 supervenientis
610 2203 842 2272 Spiritus
863 2201 1036 2255 sancti
1065 2202 1120 2278 in
1137 2217 1227 2254 vos
1245 2199 1311 2254 ³³.
1345 2199 1576 2266 Propter
1599 2199 1742 2267 quod

157 2309 220 2355 et
249 2311 595 2367 consequens
634 2303 788 2364 puto,
820 2295 943 2362 quia
988 2291 1077 2359 qui
1111 2290 1420 2360 peccaverit
1463 2289 1515 2342 in
1548 2287 1742 2342 Filium

163 2391 436 2455 hominis,
489 2387 646 2441 venia
693 2386 884 2456 dignus
935 2377 1098 2447 est“,
1133 2396 1232 2451 pro
1282 2394 1347 2436 eo
1403 2378 1625 2449 Quadis
1653 2376 1744 2447 qui

165 2480 342 2537 Verbi
376 2480 457 2534 vel
488 2478 714 2534 rationis
739 2486 819 2531 est
854 2475 1144 2544 particeps,
1175 2473 1218 2528 si
1260 2471 1471 2526 desinat
1505 2469 1746 2523 rationao

166 2575 361 2631 biliter
390 2575 592 2636 vivere,
640 2570 855 2624 videtur
906 2569 958 2622 in
1025 2566 1410 2637 ignorantiam,
1445 2562 1530 2617 vel
1565 2560 1746 2617 stulti-

169 2667 303 2720 tiam
338 2664 626 2726 decidisse,
657 2669 712 2715 et
751 2669 970 2730 propter
999 2659 1100 2712 hoc
1133 2656 1342 2711 veniam
1389 2652 1691 2724 promereri
1729 2671 1744 2706 :

169 2758 261 2829 qui
292 2766 474 2810 autem
516 2753 627 2822 jam
661 2753 856 2823 dignus
883 2760 968 2806 est
1018 2749 1235 2804 habitus
1285 2749 1459 2802 sancti
1510 2745 1747 2817 Spiritus

169 2847 613 2921 participatione,
664 2854 718 2898 et
752 2855 899 2899 retro
947 2843 1111 2897 fuerit
1156 2854 1474 2906 conversus,
1527 2839 1616 2894 hic
1665 2855 1750 2893 re-

175 2943 291 3012 ipsa
352 2950 409 2995 et
458 2952 622 3009 opere
679 2938 1083 3008 hlaSphemasse
1127 2933 1329 2988 dicitur
1384 2932 1438 2986 in
1482 2929 1746 3000 Spiritum

173 3043 450 3089 sanctum.
486 3050 506 3083 ι
1247 3073 1257 3096 κ.

241 3123 582 3178 PAMPHILUS.
617 3121 732 3192 (59.)
779 3120 932 3186 Quod
983 3121 1128 3175 sicut
1177 3117 1340 3173 Pater
1398 3116 1547 3172 novit
1598 3113 1753 3168 initia

1845 1942 1947 1998 alia
1984 1956 2104 2012 qua:
2135 1936 2424 2008 quazrenda
2451 1946 2593 1990 sunt.
2634 1931 2787 1999 Quod
2817 1931 2858 1986 si
2884 1939 2939 1985 et
2973 1929 3039 1983 ad
3077 1929 3188 1996 ipsa
3221 1936 3413 1994 perve-

1845 2033 2008 2098 nerit,
2060 2031 2228 2086 multo
2277 2031 2471 2084 iterum
2517 2028 2668 2097 plura
2713 2040 2776 2079 ex
2815 2024 2924 2076 illis
2965 2035 3082 2091 quae
3125 2017 3291 2088 quaari
3325 2015 3421 2070 de-

1845 2125 2031 2190 beant,
2063 2119 2389 2190 pervidebit.
2419 2117 2648 2184 Propter
2692 2114 2836 2184 quod
2878 2123 2932 2165 et
2988 2106 3420 2178 sapientissimus

1847 2213 2106 2269 Salomon
2155 2217 2400 2265 naturam
2442 2221 2620 2260 rerum
2653 2219 2750 2275 per
2771 2201 3087 2270 sapientiam
3117 2205 3413 2258 contuens,

1846 2306 1920 2360 ait
1953 2323 1967 2358 :
1999 2302 2146 2366 Dixi,
2177 2302 2387 2370 sapiens
2412 2299 2626 2368 efﬁciar,
2651 2305 2696 2350 et
2735 2295 2847 2363 ipsa
2885 2289 3144 2360 sapientia
3170 2288 3318 2356 longe
3341 2285 3427 2354 [a-

1845 2405 1929 2449 cta
1958 2405 2034 2448 est
2073 2410 2106 2448 a
2148 2409 2250 2456 me,
2283 2391 2432 2459 longe
2463 2394 2580 2459 plus
2626 2403 2784 2456 quant
2833 2393 3052 2438 erat:et
3095 2379 3424 2434 altitudinem

1854 2483 2176 2556 profundam
2200 2481 2316 2552 quis
2348 2480 2572 2533 inveniet
2593 2477 2635 2508 "
2657 2477 2680 2529 ?
2701 2475 2808 2530 Sed
2839 2483 2893 2528 et
2923 2471 3091 2526 Isaias
3134 2471 3312 2524 sciens
3344 2480 3428 2520 re-

1848 2592 1970 2632 rum
2021 2575 2173 2629 initia
2208 2588 2238 2626 a
2277 2580 2470 2625 natura
2523 2567 2735 2623 mortali
2787 2563 3018 2618 inveniri
3067 2577 3172 2615 non
3243 2573 3424 2628 pos-se,

1850 2668 1944 2724 sed
1979 2681 2046 2721 ne
2075 2666 2143 2718 ab
2169 2665 2254 2719 his
2281 2663 2498 2732 quidem
2527 2659 2734 2712 naturis
2765 2672 2882 2726 qua:
2923 2653 3168 2723 quamvis
3197 2651 3428 2704 divinio-

1851 2773 1940 2812 res
1969 2757 2076 2809 sint
2103 2755 2216 2826 (57)
2248 2768 2410 2822 quam
2441 2751 2671 2805 humana
2705 2754 2810 2808 est.
2841 2746 2995 2799 factm
3021 2755 3197 2797 tamen
3225 2750 3278 2793 et
3301 2743 3428 2808 ipsa:

1852 2855 1976 2902 sunt
2009 2845 2089 2900 vel
2125 2853 2323 2898 creata:
2352 2857 2365 2893 :
2397 2840 2575 2904 sciens
2615 2853 2744 2907 ergo
2782 2837 2924 2905 quod
2958 2851 2987 2888 a
3041 2834 3186 2888 nulla
3237 2833 3426 2886 harum

1856 2955 2032 3008 neque
2083 2937 2320 2999 initium,
2373 2949 2547 3003 neque
2602 2933 2725 2986 linis
2775 2928 3002 2984 inveniri
3059 2934 3256 2996 potest,
3307 2925 3424 2978 ait:

1856 3029 2048 3085 Priora
2079 3045 2197 3099 qua:
2243 3027 2437 3098 fuerint
2469 3026 2647 3088 dicite,
2677 3033 2722 3077 et
2751 3023 2972 3075 sciemus
3013 3021 3134 3090 quia
3168 3018 3242 3070 dii
3266 3015 3429 3068 estis:

1859 3122 1934 3177 vel
1966 3122 2242 3175 novissima
2270 3134 2386 3188 qua:
2412 3118 2540 3178 sint,
2560 3116 2891 3177 annuntiate,
2919 3122 2967 3164 et
3001 3123 3120 3162 tunc
3148 3107 3428 3162 videbimus

177 3216 426 3271 omnium
458 3229 579 3284 qua:
607 3223 752 3276 sunt,
779 3221 833 3266 et
864 3211 1016 3278 lines,
1045 3211 1122 3266 sic
1139 3218 1190 3265 et
1223 3209 1413 3275 Filius,
1443 3210 1524 3264 sic
1555 3219 1608 3262 et
1632 3208 1754 3277 Spi-
1781 3217 1822 3275 c
1854 3211 1992 3280 quod
2032 3211 2104 3261 dii
2142 3210 2266 3262 estis
2285 3207 2356 3260 ⁵⁸.
2394 3205 2504 3276 (58)
2540 3204 2672 3258 Nam
2731 3215 2786 3258 et
2840 3201 3098 3256 [lubricus
3133 3198 3324 3251 doctor
3356 3195 3429 3249 ita

180 3309 310 3363 ritus
351 3315 577 3363 sanctus
608 3306 766 3369 sciat,
812 3304 920 3373 (55)
955 3319 1020 3357 eo
1063 3303 1207 3372 quod
1243 3302 1352 3356 Deo
1387 3301 1643 3372 possibile
1671 3308 1755 3356 est

177 3415 399 3453 omnem
454 3405 758 3451 creaturam
812 3409 1163 3463 cognoscere.
1233 3392 1307 3446 De
1357 3399 1558 3462 quarto
1612 3391 1753 3446 libro

180 3490 319 3560 Περὶ
362 3487 585 3559 ἀρχῶν.

244 3583 547 3639 Omcsses.
575 3579 691 3652 (54)
727 3598 745 3632 ι
793 3578 990 3633 Paulus
1039 3575 1317 3650 apostolus
1362 3588 1460 3643 per
1494 3572 1757 3643 Spiritum

181 3684 436 3729 sanctum
476 3675 567 3742 qui
595 3680 967 3742 perscrutatur
992 3668 1155 3724 etiam
1187 3665 1455 3735 profunda
1485 3664 1609 3726 Dei,
1639 3663 1761 3716 alti-

187 3769 432 3822 tudinem
469 3767 778 3820 divitiarum
805 3763 1087 3832 sapientiae
1114 3775 1178 3814 ac
1200 3757 1441 3815 scicntia:
1469 3755 1568 3811 Dei
1601 3771 1758 3810 scru-

185 3867 332 3922 tans,
363 3874 464 3912 nec
489 3867 667 3911 tamen
700 3857 765 3910 ad
797 3855 982 3918 linem,
1010 3863 1085 3921 et,
1116 3862 1173 3906 ut
1200 3850 1271 3905 ita
1294 3851 1548 3916 dixerim,
1580 3849 1644 3903 ad
1678 3851 1759 3903 in-

251 3952 294 3986 ³¹
332 3951 522 4006 Matth.
560 3966 612 4014 ν,
644 3949 736 4005 45.
833 3949 880 3982 ⁵³
909 3947 925 4000 l
958 3947 1086 4001 Cor.
1117 3961 1211 4005 xu,
1248 3945 1302 3998 5.
1405 3943 1452 3976 ⁵³
1478 3945 1605 3998 Act.
1640 3959 1678 4005 t,
1704 3943 1758 3998 8.

186 4021 229 4056 "
256 4022 396 4079 ibid.
475 4021 519 4052 "
549 4020 730 4076 Eccle.
755 4034 854 4083 vn,
887 4017 978 4083 24,
1016 4016 1108 4072 25.
1184 4016 1230 4047 ⁵⁸
1256 4016 1358 4070 lsa.
1388 4029 1500 4080 XLI,
1527 4015 1620 4080 ‘22,
1648 4014 1736 4070 25.

257 4138 379 4220 (51)
416 4136 580 4220 Editi,
615 4135 1070 4220 Dominuslesus.
1101 4135 1302 4220 Deinde
1344 4148 1474 4220 mss.
1506 4133 1752 4220 pleriqpe

191 4205 474 4268 omittunt.
509 4208 932 4274 supervenientis.
989 4207 1115 4260 Mss.
1153 4207 1331 4274 plures
1363 4207 1626 4260 librorum
1675 4205 1752 4259 De

195 4279 469 4346 principiis
503 4278 722 4340 habent,
744 4278 1202 4343 supervenientem.

263 4344 382 4420 (52)
419 4348 582 4412 Editi,
615 4348 768 4420 Quod
814 4348 858 4420 si
911 4347 1072 4420 Pater
1122 4347 1261 4420 novit
1313 4344 1468 4420 initia
1508 4347 1750 4420 omnium

197 4415 313 4491 quae
341 4415 570 4491 s'unt,_e_t
613 4417 765 4491 ﬁnes,
797 4419 870 4469 sic
892 4416 1160 4491 et__lf'_ilius,
1183 4415 1254 4469 sic
1284 4427 1339 4491 et,
1373 4415 1607 4478 Spiritus
1636 4433 1754 4469 san-

198 4488 310 4544 ctus
336 4488 544 4579 sciat
571 4489 708 4579 quod
738 4488 1051 4556 impossibile
1078 4499 1150 4566 est
1200 4489 1340 4539 omni
1378 4494 1632 4538 creatura:
1669 4502 1756 4566 c_o-.
1791 4525 1833 4579 Β

201 4575 465 4630 gnoscere.
499 4556 828 4630 sediomnes
864 4573 994 4611 mss.
1023 4567 1084 4630 ut
1114 4557 1165 4630 in
1203 4566 1430 4630 _nostro__
1451 4565 1620 4619 textu,
1656 4556 1758 4609 nisi

202 4624 343 4752 quod
378 4629 514 4683 alius
546 4629 740 4683 habeat
766 4627 954 4692 Deum,
986 4626 1078 4680 alii
1122 4626 1250 4690 Dei;
1279 4635 1334 4679 et
1364 4624 1503 4679 alius
1533 4627 1630 4678 scit
1681 4639 1778 4695 pro

206 4718 312 4752 sem
346 4741 360 4752 .

206 4718 392 4839 milia)
423 4767 500 4823 Eo
525 4769 666 4838 quod
711 4767 821 4839 Deo
860 4767 1103 4836 possibile
1147 4773 1264 4839 est._
1294 4764 1616 4839 Itaquidem
1641 4779 1775 4839 mss.

209 4833 319 4895 fere
348 4833 518 4894 nostri
537 4833 754 4894 clunes.
780 4833 876 4893 Ms.
907 4853 1033 4890 vero
1058 4839 1116 4892 ὃ.
1149 4835 1424 4890 Michaelis
1450 4836 1501 4888 in
1531 4833 1781 4889 Periculo

213 4911 396 4972 maris,
424 4927 485 4964 eo
516 4912 655 4978 quod
706 4907 1025 4976 impossibile
1075 4917 1174 4970 est,
1200 4916 1305 4978 etc.
1337 4905 1448 4978 Sed,
1473 4905 1680 4978 rectius
1711 4905 1784 4958 le-

211 4975 952 5052 gendumcumanteactlitis,
978 4978 1034 5052 id
1057 4978 1194 5048 quod
1213 4975 1533 5052 impossibile
1555 4985 1650 5040 est,
1669 4984 1778 5029 etc.

282 5050 396 5122 (5i)
429 5050 502 5122 Ex
539 5049 630 5102 lib.
667 5065 717 5101 Iv
747 5047 821 5122 De
848 5046 1094 5122 princip,
1121 5063 1272 5122 nunt.

1865 3303 2133 3367 tradebat,
2169 3315 2268 3370 pro
2293 3314 2358 3353 eo
2391 3297 2533 3366 quod
2586 3296 2740 3349 initia
2774 3293 3014 3349 omnium
3050 3290 3130 3345 vel
3177 3289 3295 3343 linis
3327 3302 3429 3340 non

1862 3403 2047 3466 posset
2071 3393 2140 3447 ab
2164 3392 2271 3446 ullo
2299 3389 2708 3460 comprehendi,
2741 3387 2842 3440 nisi
2872 3384 3243 3439 tantummodo
3264 3396 3291 3432 a
3329 3379 3436 3432 Do-

1865 3491 2012 3544 mino
2043 3487 2169 3542 Jesu
2210 3486 2428 3540 Christo
2482 3490 2536 3536 et
2595 3481 2663 3533 ab
2719 3478 2923 3546 Spiritu
2967 3484 3175 3538 sancto,
3231 3471 3437 3525 idcirco

1867 3581 2046 3635 aiebat
2096 3593 2193 3647 per
2230 3577 2458 3645 ﬁgurant
2515 3571 2741 3625 visionis
2798 3565 2990 3620 Isaiam
3045 3564 3246 3617 dixisse
3304 3561 3437 3612 duos

1865 3669 2142 3739 seraphim
2191 3667 2336 3721 solos
2373 3678 2492 3719 esse
2525 3661 2614 3731 qui
2647 3661 2861 3715 duabus
2894 3657 3106 3727 quidem
3156 3655 3257 3707 alis
3303 3665 3436 3720 Ope--

1869 3759 2018 3813 riunt
2074 3758 2264 3811 faciem
2319 3755 2436 3819 Dei,
2473 3753 2684 3807 duabus
2717 3766 2846 3804 vero
2898 3748 3082 3819 pedes,
3126 3754 3180 3800 et
3226 3742 3437 3798 duabus

1869 3850 2057 3906 volare
2085 3863 2200 3913 eos,
2229 3858 2282 3902 et
2313 3846 2427 3917 (59)
2467 3845 2703 3899 clamare
2736 3842 2801 3895 ad
2853 3839 3084 3893 invicem
3117 3835 3219 3891 sibi
3254 3833 3438 3888 dicen-

1855 3943 1902 3976 “
1933 3941 2123 3997 Matth.
2174 3957 2270 4008 xu,
2305 3941 2406 4006 5'2;
2466 3937 2597 3992 Luc.
2644 3952 2742 4001 xu,
2785 3933 2874 3990 10.
2979 3930 3024 3962 ⁵⁵
3057 3929 3212 3984 lloui.
3247 3943 3321 3992 XI,
3347 3926 3437 3982 55.

1862 4151 1992 4207 pov_,_
2014 4133 2107 4207 ita).
2140 4131 2394 4207 λξῖοντα·
2423 4129 2636 4207 ῘΑΪιος,
2683 4126 2854 4207 ἆςίιρς,
2873 4122 3060 4207 εᾶγιρς
3081 4120 3290 4207 βέριῖς
3333 4118 3439 4207 Σαῖ

1859 4187 2028 4269 liuidae,
2059 4204 2149 4255 τὸν
2179 4187 2458 4271 Μονογενῆ
2479 4187 2900 4271 εἷναῖτᾳῦ-Θεοῇ
2930 4187 3107 4271 ἢαᾳὶ-τῆ
3125 4187 3357 4271 ΔΠνξῦμοξ
3379 4190 3441 4242 τὸ

1858 4260 2038 4353 binm"
2061 4275 2231 4353 ,ἡμεῖς
2254 4260 2475 4353 οἱὸῥεθὰ
2502 4267 2722 4353 annuat)
2749 4268 2805 4320 ὲν
2834 4267 2914 4353 ’.τῇι
2938 4263 3048 4353 ςξδῇ
3095 4260 3438 4353 Ἀἐαὸορὶοἰζω

1864 4329 1882 4396 t
1908 4329 1995 4398 Ἕν
2011 4329 2158 4415 (tt-Ecin
2177 4329 2268 4395 δῦο
2280 4329 2433 4415 ζώων
2448 4339 2752 4410 γνωσθήσῃ,
2767 4356 2784 4387 ι
2795 4329 2922 4415 πε
2939 4329 3169 4415 gift-£6105
3183 4331 3271 4384 καὶ
3283 4329 3442 4415 divino

1861 4402 2199 4485 Hveupatog.
2265 4402 2798 4485 Dicebalquleirfet
2857 4402 3438 4485 llebra’us'magister,

1862 4471 2136 4557 quod.duo
2160 4471 2283 4557 iilla
2331 4483 2601 4557 semp/rint
2624 4494 2756 4557 «μίας.
2783 4479 2835 4529 in
2866 4475 3185 4557 Isaiansenis.
3211 4471 3438 4557 alisnde-

1877 4542 2180 4610 scribuntur
2209 4542 2491 4606 clamantia
2535 4551 2601 4602 ad
2636 4542 2866 4600 'invicem
2904 4553 2952 4597 et
2995 4543 3219 4596 dicentia
3243 4555 3263 4593 .°
3298 4542 3440 4595 San-

1879 4638 2019 4691 ctus,
2059 4635 2296 4684 sanctus,
2331 4631 2553 4674 sanctus
2585 4618 2844 4691 Dominus
2878 4615 3018 4686 Deus
3070 4613 3331 4691 Sabaoth,
3362 4611 3442 4691 nde

1879 4681 2318 4764 unigenitodFilio
2351 4691 2466 4753 Dei,
2499 4699 2545 4742 et
2584 4688 2790 4764 Spiritu
2816 4681 3209 4764 sanctoessent
3245 4681 3446 4762 intelli-

1880 4753 2069 4834 genda.
2132 4762 2245 4816 Nos
2281 4777 2399 4834 vero
2444 4753 2696 4834 putamus
2720 4753 3045 4834 etiam_illud
3072 4755 3209 4834 quod
3244 4753 3298 4834 in
3321 4767 3444 4834 can-

1883 4822 1985 4888 iico
2022 4833 2274 4886 Habacuc
2305 4830 2407 4901 (Ill,
2437 4822 2493 4901 Ξ)
2527 4829 2723 4901 dictum
2751 4837 2848 4901 est,
2892 4825 2943 4878 in
2967 4826 3143 4878 medio
3202 4826 3278 4874 vel
3312 4822 3441 4901 duo-

1883 4920 2001 4960 rum
2050 4889 2490 4964 aniinalittin,'vel
2520 4900 2746 4953 duarum
2798 4896 3026 4948 vitarum
3077 4889 3441 4964 cognosceris,

1882 4976 1946 5029 de
1993 4973 2199 5027 Christo
2243 4981 2288 5024 et
2319 4960 2384 5023 de
2414 4967 2614 5038 Spiritu
2649 4978 2828 5021 sancto
2867 4965 3047 5038 sentiri
3075 4964 3281 5014 debere.
3320 4960 3446 5015 Hinc

1885 5057 2063 5100 autem
2090 5042 2343 5110 Origenis
2372 5034 2749 5110 interpretatio
2783 5039 2855 5090 ita
2894 5034 3222 5110 l-lieronymo
3247 5039 3448 5084 stoma-

1885 5117 2045 5169 chum
2080 5102 2268 5172 Inovit,
2300 5120 2358 5162 ut
2389 5102 2608 5178 impiam
2661 5109 2805 5161 illam
2840 5113 2900 5178 et
2945 5102 3323 5178 detestandam
3359 5115 3449 5178 ap:

1885 5185 2045 5255 pellet
2082 5184 2194 5255 lih._
2235 5169 2294 5235 Ill
2359 5182 2414 5233 in
2449 5169 2666 5255 :lsaiam
2710 5186 2765 5231 et
2791 5176 2995 5255 κερ-εει..
3023 5173 3093 5255 ⁵41
3129 5171 3198 5224 al.
3257 5170 3326 5224 65
3379 5169 3444 5255 ad

1886 5244 2291 5310 l’animachinm
2345 5261 2399 5303 et
2439 5250 2731 5304 Oceanum.
2791 5246 2898 5300 Sed
2949 5244 3068 5298 vide
3124 5257 3231 5310 quo
3289 5252 3447 5310 pacto

1885 5334 2174 5379 excusetur
2205 5319 2572 5390 Origenianor.
2608 5319 2718 5390 lib.
2741 5333 2800 5381 ll,
2830 5325 3020 5386 qltzest.
3044 5313 3103 5390 ¹ἓξ
3139 5327 3286 5390 num.
3319 5313 3410 5390 ili.

1961 5395 2072 5466 (59)
2104 5394 2203 5446 Ms.
2232 5383 2956 5466 Sorbotiicus,_et_claniantes
2985 5383 3304 5464 adninvicem
3324 5383 3445 5466 sibi,

1889 5475 1937 5520 et
1958 5452 2201 5518 dicentes.
2233 5461 2307 5514 lta
2334 5461 2494 5515 etiam
2551 5459 2672 5512 libri
2726 5458 2801 5511 De
2845 5454 3116 5522 principiis
3153 5463 3259 5506 tam
3319 5452 3448 5505 editi

1890 5552 2050 5606 quam
2086 5549 2238 5606 mss.,
2275 5530 2546 5606 nisiquod
2582 5529 2728 5606 prius
2756 5527 3004 5606 habeant,
3037 5534 3087 5606 et
3127 5524 3330 5576 duabus
3355 5538 3451 5606 v.0]:

1889 5591 2021 5660 lant.
2053 5605 2188 5659 Editi
2223 5591 2348 5656 vero
2387 5591 2544 5668 hujus
2580 5591 2848 5666 Apologia:
2873 5634 2888 5658 ,
2933 5605 3002 5668 et__
3033 5596 3318 5668 clamantes
3346 5591 3450 5668 sibi

1888 5678 2104 5730 invicem
2125 5675 2321 5727 dicere.
2353 5662 2472 5724 Ms:
2491 5670 2550 5724 S.
2585 5662 2856 5721 Michaelis
2893 5667 2945 5720 in
2974 5663 3214 5720 I’erieulo
3244 5662 3408 5718 maris
3433 5703 3449 5726 ,

1889 5759 1936 5802 et
1967 5748 2249 5800 clamantes
2273 5744 2341 5797 ad
2373 5741 2590 5796 invicem
2617 5739 2809 5794 dicere.
2847 5737 2952 5793 Sed
2987 5735 3168 5794 caeteri
3219 5748 3352 5791 mss.
3393 5742 3453 5789 ut

1891 5821 1944 5874 in
1975 5826 2139 5874 textu.

220 5189 233 5202 .
285 5113 581 5202 (ῥώμη-δε,
600 5130 644 5171 et
673 5120 795 5198 quia
813 5135 830 5176 :
848 5113 926 5172 al.
949 5128 995 5170 et
1012 5113 1284 5202 quoniam.
1310 5117 1408 5202 Ms.
1427 5114 1486 5168 S.
1507 5113 1784 5195 Michaelis

220 5189 271 5244 in
294 5187 540 5244 Periculo
568 5187 734 5242 maris
761 5204 1041 5254 perperam
1065 5227 1079 5251 ,
1109 5199 1156 5241 et
1173 5203 1330 5256 quam
1348 5187 1777 5254 desperationem.

289 5261 401 5331 (56)
442 5260 608 5322 Editi,
650 5259 916 5331 interiori,
951 5259 1107 5310 male.
1147 5258 1314 5311 l’aulo
1342 5266 1638 5331 post__tr_)ss.
1667 5256 1786 5317 plu-

220 5325 328 5395 res,
355 5325 648 5399 sensimque
688 5329 1062 5391 illuniiuatus;
1091 5338 1145 5383 et
1183 5325 1372 5396 postea
1426 5325 1578 5392 editi,
1609 5327 1785 5392 requi—

222 5415 420 5456 rentur.

290 5471 400 5541 (57)
434 5470 602 5533 Alias,
630 5484 790 5540 quam
811 5468 1076 5533 humanae,
1116 5466 1270 5541 factm
1298 5477 1492 5541 tamen,
1535 5474 1642 5541 etc.

294 5535 405 5614 (58)
443 5535 1156 5614 Eadeind‘erereperiuntur
1200 5539 1296 5594 lib.
1332 5554 1349 5591 ι
1385 5536 1462 5589 De
1487 5535 1782 5614 principiis,

228 5603 345 5680 cap.
371 5603 427 5676 5,
460 5627 610 5665 num.
637 5610 695 5670 4,
725 5611 813 5662 ubi
845 5603 1030 5663 Grieca
1061 5610 1551 5680 haec‘apponuntnr
1571 5621 1635 5658 ex
1661 5603 1787 5680 Epi-

229 5677 361 5735 stula
380 5680 671 5736 Justiniani
699 5680 1044 5747 imperatoris
1083 5678 1150 5731 ad
1183 5677 1387 5730 Menam
1416 5678 1784 5747 patriarcham

231 5745 871 5818 Constantinopolitanqu
906 5765 920 5801 :
960 5748 1153 5815 Ἔλεγε
1185 5746 1242 5799 δὲ
1273 5748 1302 5798 ὁ
1338 5745 1586 5818 Ἑϐραῖος
1617 5745 1693 5818 ιιτᾲΔ
1729 5746 1787 5797 ὲν

233 5820 308 5893 τῷ
349 5821 542 5893 Ἡσαζᾳ
576 5815 674 5876 δύο
703 5820 942 5892 σεραφὶμ
961 5818 1304 5890 ἑξαπτέρυγα
1335 5815 1641 5888 κεκραγότα
1672 5815 1788 5869 ἓτε-
