4020 6306
569 382 667 438 571

1771 371 1828 427 s.
1871 369 2191 425 PAMPIIILI
2230 368 2597 440 MARTYRIS]

3685 367 3778 421 572

573 512 657 559 tes
690 517 704 553 :
736 501 986 564 Sanctus,
1034 506 1280 559 sanctus,
1330 502 1542 547 sanctus
1580 490 1836 546 Dominus
1872 490 2011 546 Deus
2055 490 2149 545 Sa-
2176 497 2220 553 Α
2251 492 2378 546 illud
2406 501 2489 545 cst
2510 491 2656 560 quod
2692 487 2963 542 revelante
2987 483 3130 541 Filio
3163 483 3256 539 Dei
3282 498 3345 538 ac
3370 483 3567 553 Spiritu
3608 499 3778 541 sancto

574 597 758 659 baoth,
801 596 956 664 plena
998 603 1073 649 est
1119 594 1365 646 universa
1407 598 1547 670 terra
1588 588 1757 658 gloria
1787 597 1879 642 tua
1896 589 1963 643 δ’.
1991 587 2144 655 Quod

502 676 506 683 ’
574 702 705 757 ergo
749 687 861 742 sola
903 685 1176 754 seraphim
1222 693 1480 752 utrasque
1530 681 1644 735 alas
1693 696 1819 735 suas
1852 680 2143 734 habenrin

578 778 717 832 facie
744 777 833 831 Dei
851 787 905 831 et
937 778 987 829 in
1021 775 1248 844 pedibus
1276 773 1413 842 ejus,
1455 770 1568 841 (40)
1592 771 1881 825 videndum
1905 779 1988 824 est
2017 785 2146 839 pro-

577 872 852 935 nuntiare,
881 869 1023 938 quod
1063 880 1235 936 neque
1256 864 1528 919 exercitus
1558 873 1873 918 sanctorum
1922 861 2143 932 angelo-

580 979 721 1027 rum,
746 977 916 1028 neque
952 971 1155 1014 sanctae
1186 958 1362 1020 sedes,
1387 970 1563 1025 neque
1589 954 2005 1015 dominationes,
2043 968 2139 1007 ne-

575 1068 685 1123 que
735 1050 1091 1120 principatus,
1154 1061 1331 1113 neque
1377 1054 1674 1116 potestates
1727 1043 1869 1098 scire
1926 1052 2153 1113 possunt

576 1146 786 1214 integre
837 1142 1050 1195 initium
1114 1140 1380 1200 omnium,
1430 1145 1481 1192 et
1537 1136 1699 1190 ﬁnem
1759 1135 2127 1190 universitatis

578 1234 684 1291 Sed
719 1233 1121 1301 intelligendum
1151 1237 1234 1283 est
1264 1236 1483 1283 sanctos
1510 1226 1661 1291 istos,
1691 1240 1828 1293 quos
1858 1240 2115 1279 emnnera

575 1330 771 1391 vimus,
816 1326 1042 1394 spiritus
1089 1334 1143 1377 et
1196 1322 1422 1375 virtutes
1461 1318 1740 1387 proximas
1784 1317 2000 1387 quidem
2029 1331 2151 1371 csse

578 1416 709 1485 ipsis
740 1414 930 1480 initiis,
966 1422 1020 1466 et
1045 1415 1321 1478 attingere
1346 1416 1555 1462 tantum
1589 1416 1851 1476 quantum
1889 1406 2146 1474 consequi

577 1520 684 1560 non
732 1504 907 1558 valent
969 1503 1184 1573 reliqui.
1220 1499 1605 1556 Verumtamen
1665 1507 2142 1569 quantumcunque

2251 583 2538 639 didicerint
2564 582 2685 637 ista;
2712 580 2964 643 virtutes,
2993 574 3394 646 quamplurima
3421 575 3626 644 quidem
3652 593 3783 633 asse-

2253 675 2344 744 qui
2377 680 2651 743 poterunt,
2683 679 2738 725 et
2784 668 2952 724 multo
3002 667 3158 735 plura
3204 666 3415 735 priores
3450 662 3780 731 inferioribus,

2251 765 2431 820 omnia
2475 774 2656 818 tamen
2706 758 3168 829 comprehendere
3202 753 3533 824 impossibile
3570 755 3643 809 eis
3691 769 3781 820 est,

2247 858 2372 927 quia
2412 857 2669 926 scriptum
2708 860 2794 908 est
2826 868 2840 904 :
2880 846 3289 918 Quamplurima
3344 860 3408 899 ea:
3439 845 3664 912 operibus
3703 847 3783 900 Dei

2246 952 2301 1005 in
2331 951 2539 1005 secretis
2570 947 2774 1003 sunt“.
2810 942 2962 999 Unde
2998 950 3051 997 et
3065 938 3306 1011 optabile
3328 947 3413 993 est
3426 948 3482 992 ut
3499 953 3589 1008 pro
3607 940 3785 995 viribus

2247 1058 2307 1098 se
2341 1040 2717 1110 unusquisque
2748 1049 2964 1105 semper
2991 1032 3251 1089 extendat
3282 1031 3350 1083 ad
3403 1047 3462 1084 ea
3486 1048 3598 1100 quia
3626 1034 3785 1099 priora

2245 1144 2389 1200 sunt,
2429 1151 2490 1187 ea
2512 1148 2628 1203 qua:
2655 1130 2767 1196 (41)
2799 1137 3086 1183 retrorsum
3114 1134 3238 1179 sunt
3271 1122 3569 1179 obliviscens
3593 1124 3654 1193 “,
3690 1135 3788 1181 tam

2248 1222 2314 1275 ad
2352 1234 2517 1288 opera
2568 1217 2810 1279 meliora,
2843 1230 3006 1284 quam
3054 1215 3218 1268 etiam
3275 1211 3343 1266 ad
3391 1226 3600 1266 sensum
3655 1213 3791 1269 intel-

2244 1311 2548 1380 lectumque
2609 1309 2917 1379 puriorem,
2972 1320 3069 1374 per
3121 1304 3309 1360 Jesum
3366 1302 3626 1359 Christum
3683 1307 3789 1361 Sal-

2246 1413 2491 1458 vatorem
2528 1411 2796 1467 nostrum,
2832 1398 2918 1453 cui
2970 1405 3053 1453 est
3079 1398 3249 1469 gloria
3298 1398 3351 1452 in
3384 1397 3573 1453 saecula
3598 1398 3790 1454 saculo-

2249 1507 2389 1546 rum.
2425 1509 2443 1542 ι

2033 1605 2262 1663 CAPUT
2305 1603 2367 1659 V.

1804 1706 1881 1760 De
1909 1702 2275 1758 incarnatione
2312 1698 2465 1753 Verbi
2494 1698 2609 1752 Dei.

649 1805 937 1861 ORIGENES.
970 1800 1081 1874 (42)
1126 1820 1144 1852 ι
1181 1799 1238 1854 In
1264 1800 1411 1855 omni
1438 1798 1569 1854 orbe
1595 1807 1890 1862 terrarum,
1916 1778 1966 1850 in
1996 1795 2141 1851 omni

2317 1794 2472 1846 Πᾶσα
2505 1793 2560 1845 δὲ
2603 1792 2809 1857 Ἑλλάς.
2855 1792 2949 1846 καὶ
2995 1792 3271 1865 βάρϐαρος
3300 1793 3335 1864 ἡ
3366 1793 3608 1865 κατὰτὴν
3636 1794 3795 1846 οἰκου-

578 1898 785 1955 Graecia
814 1906 976 1965 atque
1023 1895 1222 1950 exteris
1257 1893 1563 1948 nationibus
1615 1892 1881 1946 innumeri
1932 1898 2058 1944 sunt
2091 1898 2147 1943 et

580 1990 851 2055 immensi,
883 1990 971 2059 qui
1006 1988 1210 2042 relictis
1262 1987 1453 2055 patriis
1488 1985 1719 2055 legibus,
1768 1994 1824 2038 et
1876 1982 1962 2037 his
2008 1997 2147 2051 quos

580 2082 842 2153 putabant
867 2081 1019 2145 deos,
1057 2080 1139 2135 vel
1172 2080 1516 2135 observantia
1567 2078 1734 2150 Moysi
1794 2076 1949 2147 legis,
1980 2078 2033 2131 in
2061 2074 2145 2129 di-

580 2174 899 2243 scipulatum
946 2188 1003 2227 se
1035 2171 1234 2225 Christi
1289 2170 1601 2238 cultumque
1648 2167 2033 2233 tradiderunt;
2089 2176 2145 2219 ct

581 2266 684 2320 hoc
716 2282 821 2319 non
863 2265 981 2319 sine
1011 2262 1212 2333 ingenti
1246 2261 1369 2315 odio
1395 2275 1583 2316 eorum
1620 2259 1712 2329 qui
1741 2259 2029 2313 simulacra
2058 2272 2151 2312 ve-

581 2364 881 2421 nerantur;
920 2356 990 2408 ita
1025 2365 1081 2408 ut
1109 2355 1175 2409 ab
1213 2352 1297 2408 his
1355 2351 1668 2421 frequenter
1719 2360 1773 2405 et
1817 2350 2150 2406 cruciatibus

580 2441 907 2516 afﬂigantur,
941 2460 1327 2513 nonnunquam
1359 2444 1518 2511 etiam
1550 2454 1784 2510 agantur
1810 2442 1862 2494 in
1897 2451 2147 2495 mortem.

579 2535 993 2604 Ampleetuntur
1051 2542 1249 2597 tamen,
1296 2543 1351 2586 et
1382 2547 1505 2588 cum
1535 2531 1681 2585 omni
1719 2528 1913 2585 aﬂectu
1964 2539 2149 2585 cnsta-

580 2623 734 2679 diunt
755 2625 1015 2677 doctrinae
1042 2622 1241 2676 Christi
1261 2635 1584 2677 sermonem.
1615 2620 1680 2674 Et
1705 2629 1791 2674 cst
1811 2621 1994 2676 videre
2016 2635 2152 2690 quo-

581 2714 744 2768 modo
773 2713 922 2767 brevi
947 2722 1189 2778 tempore
1213 2713 1324 2780 ipsa
1347 2710 1535 2781 religio
1554 2711 1811 2775 creverit,
1839 2713 2015 2780 poenis
2036 2712 2147 2783 (45)

576 2804 846 2859 cultorum
874 2805 1247 2872 mortibusque
1300 2804 1612 2872 proﬁciens,
1663 2804 1757 2858 sed
1793 2812 1847 2859 et
1882 2805 2149 2858 honorum

577 2895 991 2965 direptionibus,
1016 2905 1177 2964 atque
1206 2897 1350 2951 omni
1380 2898 1445 2951 ab
1465 2896 1551 2952 his
1575 2895 1923 2953 aﬂlictionum
1956 2912 2154 2966 genere

583 2988 830 3043 tolerato.
864 2988 928 3043 Et
956 3004 1020 3042 eo
1047 2990 1281 3043 maxime
1317 2990 1513 3043 mirum
1564 2998 1668 3053 est,
1700 2990 1842 3059 quod
1877 3005 1943 3043 ne
1968 2990 2155 3045 docto-

583 3094 674 3137 res
704 3080 919 3149 quidem
951 3080 1048 3150 ipsi
1089 3080 1172 3133 vel
1209 3081 1341 3134 satis
1377 3081 1552 3135 idonei
1585 3090 1731 3144 sunt,
1760 3080 1843 3135 vel
1875 3081 2008 3135 satis
2035 3082 2150 3149 plu-

2251 1886 2415 1958 μένην
2435 1884 2611 1956 ἡμῶν,
2636 1883 2878 1955 ζηλωτὰς
2894 1883 3006 1955 ἔχει
3028 1885 3280 1955 μυρίους,
3300 1884 3669 1946 καταλιπόντας
3682 1884 3795 1948 τοὺς

2249 1977 2528 2050 πατρῴους
2560 1976 2755 2047 νόμους
2789 1976 2881 2029 καὶ
2907 1975 3295 2046 νομιζομένους
3330 1975 3503 2038 θεοὺς,
3531 1975 3625 2045 τῆς
3642 1975 3794 2045 τηρή-

2251 2088 2388 2133 σεως
2433 2068 2540 2122 τῶν
2582 2067 2823 2130 Μωσέως
2857 2067 3057 2138 νόμων,
3101 2067 3197 2120 καὶ
3245 2066 3345 2138 τῆς
3376 2066 3661 2137 μαθητείας
3701 2065 3794 2120 τῶν

2261 2160 2432 2231 Ἰησοῦ
2454 2156 2688 2231 Χριστοῦ
2717 2158 2889 2228 λόγων
2908 2174 2922 2187 ⁶
2952 2158 3196 2227 καίτοιγε
3236 2159 3570 2229 μισουμένων
3601 2158 3689 2229 μὲν
3707 2158 3797 2211 ὑπὸ

2248 2253 2356 2305 τῶν
2382 2251 2449 2305 τὰ
2490 2251 2783 2323 ἀγάλματα
2816 2245 3289 2323 πρόσκυνούντων,
3327 2249 3433 2305 τῶν
3467 2250 3541 2323 τῷ
3584 2251 3796 2314 Μωσέως

2248 2345 2396 2416 νόμῳ
2424 2344 2862 2417 προστιθεμένων
2880 2363 2891 2374 ·
2911 2346 3004 2398 καὶ
3033 2344 3129 2415 τὴν
3149 2346 3246 2398 ἐπὶ
3271 2345 3481 2414 θανάτῳ
3507 2343 3562 2396 δὲ
3590 2343 3712 2413 πρὸς
3732 2343 3798 2414 τῷ

2254 2438 2550 2509 μισεῖσθαι,
2588 2438 3002 2493 κινδυνευόντων
3027 2437 3134 2490 τῶν
3157 2438 3250 2490 τὸν
3274 2438 3367 2491 τοῦ
3398 2436 3565 2508 Ἰησοῦ
3589 2433 3797 2506 Χριστοῦ

2250 2530 2406 2597 λόγον
2447 2529 2924 2602 παραδεξαμένων·
2958 2530 3053 2582 καὶ
3088 2528 3186 2582 ἐὰν
3219 2529 3593 2599 ὲπιστήσωμεν
3617 2525 3724 2589 πῶς
3752 2527 3802 2578 ὲν

2253 2622 2461 2693 σφόδρα
2484 2622 2684 2691 ὀλίγοις
2713 2621 2878 2684 ἔτεσι,
2911 2620 3018 2675 τῶν
3049 2618 3460 2691 ὁμολογούντων
3475 2617 3562 2670 τὸν
3578 2618 3803 2688 Χριστια-

2252 2714 2441 2783 νισμὸν
2474 2714 2993 2783 ἐπιϐουλευομένων,
3046 2713 3139 2766 καί
3181 2731 3353 2767 τινων
3386 2711 3471 2765 διὰ
3494 2710 3644 2765 τοῦτο
3676 2709 3802 2762 ἀναι-

2255 2806 2552 2877 ρουμένων,
2589 2807 2791 2877 ἐτέρων
2818 2805 2874 2857 δὲ
2904 2803 3257 2859 ἀπολλύντων
3281 2803 3381 2867 τὰς
3411 2804 3640 2873 κτήσεις,
3669 2798 3799 2853 δεδύ-

2252 2918 2408 2970 νηται
2446 2900 2474 2950 ὁ
2507 2899 2683 2966 λόγος,
2726 2897 2966 2964 καίτοιγε
3013 2896 3133 2949 οὐδὲ
3159 2894 3273 2948 τῶν
3315 2892 3636 2948 διδασκάλων
3666 2891 3801 2944 πλεο-

2253 2992 2522 3056 ναζόντων
2548 3030 2563 3053 ,
2608 2989 2913 3059 πανταχόσε
2969 2987 3320 3060 κηρυχθῆναι
3361 2987 3458 3057 τῆς
3483 2982 3797 3053 οἰκουμένης,

2255 3084 2393 3138 ὥστε
2418 3083 2681 3153 Ἕλληνας
2703 3084 2797 3136 καὶ
2821 3081 3147 3154 βαρϐάρους,
3172 3080 3373 3151 σοφούς
3386 3097 3447 3133 τε
3468 3079 3557 3132 καὶ
3570 3077 3801 3146 ἀνοήτους

583 3187 692 3226 res.
735 3170 1068 3226 Praedicator
1090 3181 1267 3226 tamen
1296 3187 1475 3226 sermo
1502 3173 1604 3227 iste
1646 3173 1867 3228 inomni
1898 3173 2027 3227 orbe
2050 3183 2150 3228 ter-

2259 3146 2589 3249 προσθέσθαι
2616 3178 2682 3247 τῇ
2714 3146 3016 3245 διά-Ἰησοῗι
3062 3146 3368 3245 θεοσεϐείᾳ,
3403 3170 3579 3243 μεῖζον
3618 3169 3648 3239 ἢ
3681 3167 3802 3220 κατὰ

585 3277 793 3328 rarum,
826 3264 898 3316 ita
940 3274 998 3316 ut
1024 3263 1200 3318 Graeci
1233 3280 1296 3317 ac
1324 3264 1578 3330 barbari,
1613 3265 1886 3335 sapientes
1916 3276 1972 3318 et
2019 3265 2154 3319 insi-

580 3352 795 3423 pientes
825 3353 937 3425 (M)
976 3354 1287 3425 religionem
1321 3355 1646 3411 Christiana:
1694 3356 1961 3410 doctrinae
1987 3355 2157 3409 susci-

583 3445 760 3515 piant.
793 3444 870 3498 Ex
904 3461 1011 3515 quo
1042 3447 1262 3502 dubium
1316 3463 1423 3501 non
1467 3457 1553 3499 est
1584 3462 1688 3502 non
1740 3447 1855 3500 lucc
1904 3446 2155 3501 humanis

581 3538 794 3592 viribus
827 3527 919 3590 aut
945 3540 1139 3607 opibus
1168 3539 1274 3609 agi,
1333 3551 1391 3591 ut
1426 3555 1546 3593 cum
1586 3540 1732 3593 omni
1785 3548 2053 3608 potestate
2100 3546 2156 3593 et

583 3630 937 3699 persuasione
971 3645 1150 3685 sermo
1178 3630 1305 3685 Jesu
1334 3633 1536 3685 Christi
1567 3632 1706 3699 apud
1731 3631 1971 3685 omnium
2002 3643 2154 3683 men-

584 3730 664 3774 tes
686 3730 850 3790 atque
878 3722 1087 3776 animos
1114 3724 1477 3778 convalescat.
1506 3722 1638 3777 Nam
1665 3732 1721 3776 et
1745 3724 2002 3792 pradicta
2033 3738 2154 3778 esse

584 3808 655 3864 ab
686 3826 750 3865 eo
778 3811 895 3864 haec
930 3811 1068 3879 ipsa,
1101 3821 1153 3865 et
1179 3813 1375 3866 divinis
1403 3813 1471 3867 ab
1504 3827 1570 3867 eo
1622 3814 1897 3881 responsis
1951 3813 2153 3867 contir-

587 3907 754 3962 mata,
789 3899 1133 3953 manifestum
1167 3910 1250 3954 est
1275 3917 1398 3955 cum
1431 3903 1583 3967 dicit,
1638 3904 1763 3972 quia
1795 3904 1935 3971 apud
1966 3905 2153 3973 ρητεὶ-

584 3989 676 4043 des
712 4000 759 4043 et
779 3991 989 4058 judices
1024 3993 1360 4046 adducemiui
1394 3994 1507 4066 (45)
1537 4007 1746 4065 propter
1795 4013 1896 4061 me,
1936 4000 1989 4048 in
2018 3997 2157 4050 testi-

2257 3268 2539 3337 ἄνθρωπον
2582 3266 2643 3319 τὸ
2699 3267 2928 3336 πρᾶγμα
2989 3261 3129 3320 εἶναι
3157 3264 3343 3333 λέγειν
3373 3263 3433 3316 οὐ
3471 3259 3797 3329 διστάζομεν

2260 3359 2400 3431 μετὰ
2434 3360 2613 3428 πάσης
2642 3356 2888 3422 ἐξουσίας
2915 3357 3008 3411 καὶ
3042 3356 3266 3421 πειθοῦς
3297 3356 3396 3427 τῆς
3423 3349 3657 3425 περὶτοῦ
3686 3366 3803 3420 κρα-

2254 3451 2611 3523 τυνθήσεσθαι
2639 3450 2730 3504 τὸν
2769 3450 2926 3518 λόγον
2967 3449 3062 3502 τοῦ
3117 3449 3294 3519 Ἰησοῦ
3329 3445 3649 3512 διδάξαντος·
3679 3441 3801 3494 ὥστε

2256 3544 2490 3613 εὐλόγως
2514 3544 2795 3615 χρησμοὺς
2819 3542 2884 3596 ἂν
2913 3542 3133 3612 νομίσαι
3157 3541 3256 3605 τὰς
3273 3540 3459 3610 φωνὰς
3484 3535 3656 3598 αὑτοῦ,
3688 3527 3799 3591 οἷον.

2251 3636 2335 3688 ὅτι
2363 3635 2461 3688 ἐπὶ
2484 3633 2793 3700 ,Βασιλέων
2815 3633 2911 3690 καὶ
2938 3634 3245 3702 ἡγεμόνων
3271 3630 3605 3702 ἀχθήσεσθε
3623 3625 3804 3679 ἕνεκεν

2252 3726 2421 3795 ἐμοῦ,
2447 3728 2535 3791 εἰς
2556 3726 2881 3795 μαρτύριον
2918 3724 3141 3788 αὐτοῖς,
3177 3724 3276 3777 καὶ
3303 3722 3426 3789 τοῖς
3453 3724 3661 3778 ἔθνεσι.
3689 3716 3801 3777 Καὶ,

2254 3818 2479 3872 Πολλοὶ
2499 3817 2708 3886 ἐροῦσι
2722 3834 2825 3885 μοι
2845 3816 2914 3870 ἐν
2938 3817 3137 3883 ἐκείνῃ
3167 3814 3240 3883 τῇ
3264 3815 3471 3885 ήμέρᾳε
3508 3813 3686 3880 Κύριε,
3709 3807 3805 3861 Κύ-

2250 3924 2363 3974 ριε,
2395 3908 2466 3960 οὐ
2486 3881 2564 3970 et?)
2584 3881 2831 3974 ὀνόματί
2857 3920 2973 3959 σου
3004 3881 3323 3974 ἐφάγομεν,
3363 3881 3460 3958 καὶ
3491 3899 3568 3965 τῷ
3591 3893 3807 3965 ὀνόματί
3839 3881 3852 3900 ⁸

2257 4012 2374 4052 σου
2405 3998 2672 4066 ἐπίομεν,
2706 3997 2804 4050 καὶ
2853 3995 2935 4063 τῷ
2978 3998 3224 4067 ὀνόματι
3274 4014 3397 4053 σου
3437 3993 3692 4064 δαιμόνια
3724 3985 3805 4051 ἐξ-

1811 4092 2017 4146 INTER
2027 4091 2372 4149 PRETATIO
2416 4092 2626 4149 NOVA.

655 4182 725 4237 At
749 4184 996 4238 universa
1031 4192 1142 4236 tum
1166 4182 1395 4248 Graecia,
1430 4193 1541 4238 tum
1573 4201 1693 4253 quae
1719 4202 1816 4254 per
1839 4189 2153 4243 universum
2190 4199 2437 4244 nostrum
2470 4199 2741 4241 terrarum
2783 4186 2971 4241 orbem
3004 4196 3153 4255 patet
3176 4187 3467 4247 Barbaria,
3510 4183 3797 4255 innumeros

586 4253 751 4325 habet
782 4256 873 4323 qui
900 4255 1175 4309 derelictis
1201 4257 1391 4322 patriis
1425 4249 1633 4325 legibus
1656 4249 1843 4310 et'diis
1876 4261 2132 4325 receptis,
2158 4274 2373 4313 summo
2397 4260 2579 4313 studio
2612 4258 2878 4312 Mosaicas
2912 4249 3057 4325 leges
3083 4266 3139 4310 et
3170 4259 3513 4324 disciplinam
3546 4249 3802 4303 verborum

584 4321 710 4380 Jesu
734 4321 939 4396 Christi
963 4321 1296 4387 custodiunt,
1332 4321 1580 4393 quamvis
1607 4321 2022 4396 simulacrorum
2059 4321 2359 4383 cultoribus
2401 4330 2525 4382 odio
2565 4330 2677 4382 sint
2706 4330 2796 4395 qui
2834 4321 3084 4380 Mosaicae
3112 4327 3215 4396 legi
3253 4321 3572 4384 adhaerent;
3603 4326 3652 4372 el
3679 4327 3797 4392 ρης·

588 4403 671 4447 ter
695 4395 901 4460 odium,
931 4395 981 4447 in
1019 4396 1142 4448 vita:
1172 4396 1412 4462 periculo
1442 4405 1729 4450 versentur
1764 4399 1852 4465 qui
1883 4395 2011 4451 Jesn
2033 4398 2235 4452 Christi
2269 4400 2576 4452 doctrinam
2603 4405 2985 4465 susceperunt.
3030 4395 3182 4462 Quod
3218 4399 3261 4450 si
3292 4399 3361 4450 ad
3388 4398 3437 4450 id
3466 4403 3668 4461 quoque
3690 4397 3797 4435 am-

493 4506 497 4511 .
587 4480 733 4535 mum
768 4465 1157 4518 attenderimns
1192 4480 1297 4532 quo
1318 4475 1473 4532 pacto
1500 4468 1655 4520 annis
1687 4479 1791 4520 tam
1822 4469 2032 4535 paucis,
2071 4478 2153 4522 tot
2201 4470 2411 4523 insidiis
2440 4470 2667 4523 structis
2703 4470 2965 4521 adversus
3009 4466 3383 4535 Christianos,
3415 4474 3635 4533 quorum
3684 4467 3800 4533 "flll'

586 4534 724 4606 nulli
751 4537 947 4597 necati,
994 4535 1082 4587 alii
1124 4523 1280 4589 bonis
1306 4523 1519 4590 multati
1543 4545 1686 4600 sunt,
1725 4523 1960 4605 potuerit
1984 4523 2098 4593 haec
2131 4539 2400 4605 doctrina,
2431 4539 2556 4593 licet
2590 4537 2794 4606 alioqui
2826 4554 2932 4592 non
2976 4553 3171 4606 magna
3198 4528 3270 4590 sit
3293 4523 3574 4606 doctorum
3624 4523 3798 4606 copia”

588 4604 788 4677 ubique
822 4595 1083 4677 terrarum
1122 4606 1401 4673 praedicari
1427 4647 1442 4671 ,
1471 4608 1540 4659 ita
1574 4616 1630 4659 ut
1651 4595 1824 4661 Graeci
1865 4618 1919 4662 et
1947 4609 2188 4672 barbari,
2227 4595 2500 4677 sapientes
2534 4617 2590 4662 et
2624 4595 2949 4676 insipientes
2977 4608 3044 4661 ad
3071 4595 3264 4660 iterum
3301 4622 3399 4675 per
3427 4604 3607 4659 Jesum
3658 4595 3796 4677 Cllfij

587 4685 727 4728 stum
759 4675 848 4729 Dei
872 4675 1070 4729 cultum
1092 4690 1214 4730 sese
1235 4676 1605 4744 adjunxerint,
1626 4692 1739 4731 rem
1779 4678 2033 4733 humanis
2061 4680 2268 4735 viribus
2293 4673 2565 4748 'tnajorem
2590 4673 2776 4734 dicere
2803 4694 2907 4732 non
2941 4673 3334 4742 dubitabimus,
3362 4690 3483 4731 cum
3520 4673 3790 4741 prtesemm

655 4789 703 4821 ⁸³
734 4787 835 4845 lsa.
871 4804 946 4855 γι,
976 4790 1034 4843 5.
1098 4789 1141 4821 ⁶⁰
1173 4791 1340 4845 Eeeli.
1372 4808 1484 4856 χιιι,
1513 4793 1604 4846 22.
1683 4793 1724 4823 ⁶¹
1753 4792 1950 4863 Philip.
1997 4810 2080 4860 ιιι,
2118 4795 2203 4850 l5.

657 4885 768 4957 (40)
799 4885 873 4938 lta
891 4899 1085 4957 omnes
1105 4901 1236 4941 mss.
1271 4889 1461 4942 nostri.
1493 4889 1630 4943 Editi
1663 4905 1813 4951 vero,
1844 4902 1897 4944 et
1922 4891 2043 4945 libri
2080 4890 2154 4944 De
2188 4896 2233 4953 ι)
2261 4900 2319 4944 ιιι
2346 4891 2398 4945 in
2430 4900 2617 4945 nostro
2650 4899 2819 4945 textu.
2848 4889 2995 4944 Libri
3029 4904 3160 4943 vero
3197 4888 3271 4942 De
3305 4887 3528 4957 princip.
3557 4868 3796 4957 _l{m?difi

584 4944 855 5038 principiis
889 4966 998 5008 tam
1027 4956 1155 5010 editi
1209 4973 1371 5027 quant
1406 4974 1561 5022 mss.,
1597 4944 1898 5014 audendum
1936 4944 2011 5014 est
2041 4978 2159 5029 pro-
2188 4944 2225 4953 '
2266 4944 2429 5038 quam
2461 4944 2594 5038 mss.
2627 4944 2849 5025 habent,
2883 4962 2952 5013 ad
2982 4944 3365 5038 observantiam
3402 4944 3797 5038 nigritng

587 5016 879 5100 'ﬂuﬂlidl‘e-,_
1227 5016 1245 5027 ’
1548 5016 1558 5022 ’
2041 5016 2053 5029 ’
2265 5016 2663 5098 ιὶὶεεὶριιιαιιιηι,
2695 5043 2803 5085 etc.
2822 5016 2848 5098 ,’
2883 5041 2937 5085 et
2988 5033 3062 5084 ita
3099 5029 3387 5100 legendum
3420 5016 3623 5080 videtur
3660 5016 3795 5080 illi“

659 5097 977 5167 (ll),A|ias.
1014 5114 1132 5161 qua:
1153 5106 1293 5152 retro
1331 5107 1477 5159 sunt,
1504 5108 1608 5153 etc.
1637 5100 1838 5155 Deinde
1865 5101 1997 5155 editi
2024 5141 2040 5166 ,
2068 5101 2155 5154 cui
2262 5097 2468 5156 Graeca.

589 5177 659 5219 est
699 5169 885 5230 honor,
910 5179 958 5221 et
986 5171 1155 5239 gloria
1177 5171 1229 5221 in
1247 5169 1438 5223 uacula
1467 5172 1801 5225 swculorum.
1835 5174 2016 5225 Amen.
2050 5170 2155 5226 Sed

589 5251 777 5312 omnes
833 5254 962 5312 tuss.
998 5250 1056 5293 ut
1108 5242 1160 5293 in
1197 5250 1388 5294 nostro
1417 5250 1565 5293 textu
1588 5279 1603 5305 ,
1640 5243 1744 5296 nisi
1778 5243 1923 5311 quod
1955 5242 2158 5312 Regius

591 5305 776 5366 addat,
813 5308 996 5364 Amen.

662 5374 771 5444 (42)
799 5377 873 5429 Ex
906 5379 996 5431 lib.
1036 5394 1086 5432 tv
1128 5377 1204 5431 De
1249 5379 1498 5446 princip.,
1531 5395 1681 5432 nmn.
1727 5381 1842 5437 1-5.
1868 5413 1937 5422 --
1966 5381 2158 5436 Graeca

588 5455 853 5521 eruuntur
874 5463 939 5500 ex
955 5450 1132 5516 capite
1161 5451 1335 5521 primo
1360 5447 1691 5521 All/tilocaliw.
1714 5453 1810 5505 bis.
1830 5451 2054 5521 Regius,
2089 5451 2157 5505 In

590 5517 820 5592 omnis.
849 5528 999 5592 atque
1027 5522 1078 5592 in
1105 5520 1317 5592 exteris.
1487 5518 1822 5574 Surhonicus
1840 5562 1855 5584 ,
1882 5517 2037 5592 atque
2066 5538 2158 5576 ea:-

591 5586 891 5658 t_er_ioribus.
917 5586 1061 5640 Libri
1101 5588 1176 5641 De
1197 5591 1621 5658 princip.,atque
1655 5592 1913 5644 universis
1937 5586 2153 5646 exteris.

594 5654 795 5725 Deinde
826 5671 956 5710 mss.
997 5672 1217 5720 omnes,
1249 5671 1296 5711 et
1339 5654 1417 5712 Itis
1463 5654 1594 5723 quos
1628 5670 1816 5725 putant
1850 5663 1995 5716 deos.
2027 5662 2156 5717 Mss.

594 5724 928 5797 Sprbonicus
978 5736 1035 5782 et
1072 5728 1440 5797 S.A_Michaelis
1482 5734 1534 5783 in
1575 5729 1824 5785 [’erieulo
1859 5733 2053 5797 maris,
2078 5731 2155 5785 vel

595 5792 657 5851 ιι
687 5797 1083 5868 repugnantiam
1112 5795 1285 5868 Moysi
1320 5800 1467 5869 legis.
1511 5800 1705 5856 Cameri
1753 5817 1884 5857 mss.
1939 5812 1992 5858 et
2029 5792 2164 5858 editi

2336 5145 2573 5239 abi-Sic
2596 5186 2786 5226 omnes
2814 5185 2945 5224 mss.
2974 5169 3114 5239 Editi
3152 5183 3300 5233 vero,
3333 5145 3792 5239 multorrtutnmﬂf-

2486 5225 2650 5302 Editi,
2677 5242 2979 5311 religionem
3009 5238 3229 5301 Christi,
3259 5225 3364 5294 sive
3399 5230 3589 5291 Christi

2336 5259 2448 5311 (44)
2486 5259 2650 5302 ILdItI,
2677 5259 2770 5294 rett
2812 5259 2979 5294 tonent
3009 5259 3229 5301 utrtsu,
3259 5259 3364 5294 sive
3399 5259 3589 5291 unum
3620 5259 3790 5297 ιιν·

2267 5329 2388 5366 nam
2422 5315 2735 5381 suscipiant.
2775 5259 2870 5365 gis.
2900 5309 3268 5383 Sorbouicns,
3298 5311 3588 5383 religionerl

2266 5399 2410 5436 same
2432 5365 2691 5436 ᾱόέιὲιηιε
2724 5381 3033 5448 suscipiant.
3069 5365 3266 5433 Caneri
3316 5365 3444 5433 mss.
3481 5371 3608 5452 utin

2338 5453 2450 5523 (45)
2483 5452 2643 5516 Editi,
2672 5437 2886 5523 promer
2926 5465 3112 5523 nomen
3159 5466 3350 5523 nteant,
3380 5452 3432 5523 in
3470 5437 3788 5523 “summit-mg

2262 5495 3116 5590 antiit."3.5m};intum}
3158 5495 3233 5571 ii;
3245 5495 3483 5590 ἷὲξὶιέἐρζ
3497 5495 3506 5497 ⁷
3531 5521 3630 5590 tant
3658 5495 3787 5590 fili}

2264 5563 2424 5659 ξίὶἱεῖἶη
2445 5563 2890 5647 ’ὡεέῗὶὶξιίᾙὶιιῖ
2902 5563 2985 5643 θέε
3013 5563 3223 5642 rursum
3248 5563 3790 5659 Ριωᾶἰσαῡίειιζξξξ

2268 5644 2612 5732 Evangelia—nt
2643 5644 2968 5716 inomnibus
2991 5660 3250 5732 gentibus.
3276 5658 3383 5713 Sed
3417 5660 3528 5732 ιιφο
3549 5644 3788 5732 Mirer:

2268 5706 2967 5801 ita:Ht::'..;;;.}i.;n1&'
2978 5706 3043 5783 ιῗῖ
3053 5706 3105 5784 ’ὃ
3114 5706 3508 5797 ὶᾶὀξιῖἑεᾜι
3542 5706 3662 5775 ἕως.
3706 5706 3789 5758 hu-

2264 5803 2352 5874 jus
2381 5802 2672 5873 Apologiw,
2699 5816 2798 5859 uec
2827 5803 2879 5856 in
2901 5801 3079 5857 editis.
