4020 6306
333 305 452 366 573

1535 313 1879 373 APOLOGIA
1917 316 2056 375 PRO
2092 316 2411 374 ORIGENE.

3475 314 3580 370 574

329 421 679 493 ed’dloyer;
716 427 814 482 καὶ
844 426 954 499 ἐρῶ
975 428 1191 497 αὐτοῖς·
1212 431 1592 502 Ἀποχαφεῒτε
1620 433 1718 488 ἀπ’
1750 435 1895 504 ἐμοῦ

2020 437 2250 490 monium
2281 436 2430 506 ipsis,
2457 444 2503 487 et
2531 434 2766 503 gentibus
2789 435 2875 488 ⁶¹⁶.
2904 434 2972 489 Ει
2991 433 3186 489 iterum
3222 450 3235 486 :
3273 430 3425 486 Mulli
3452 422 3579 483 mihi

330 517 392 566 oi
428 515 804 586 ἐργαζόμενοι
838 520 951 588 τὴν
976 522 1244 592 ἀνομίαν,
1298 524 1584 578 οὐδέποτε
1632 526 1822 595 ἔγνων
1852 529 1917 581 ὺ-

320 604 478 673 μᾶς.
509 608 805 679 Εἰρηκέναι
843 613 939 683 μὲν
976 613 1083 685 γὰρ
1114 615 1282 668 ταῦτα
1304 615 1779 687 άποφθεγγόμενον
1809 619 1915 689 μά-

323 708 460 764 την,
490 694 632 749 ὥστε
672 699 811 751 αὐτὰ
839 700 912 771 μὴ
959 702 1131 773 ἀληθῆ
1162 704 1431 772 γενέσθαι,
1470 706 1609 776 τάχα
1634 706 1779 769 εἰκὸς
1810 704 1877 779 ἦν
1896 725 1909 738 ·

322 783 424 836 ὅτε
448 786 505 839 δὲ
550 788 817 860 ἐκϐέϐηκε
842 791 910 845 τὰ
954 795 1091 863 μετὰ
1122 797 1384 866 τοσαύτης
1412 798 1657 862 ἐξουσίας
1686 802 1912 871 εἰρημέ-

321 891 421 940 να,
478 878 727 947 ἐμφαίνει
776 882 907 937 Θεὸν
947 884 1158 956 ἀληθῶς
1203 888 1690 961 ἐνανθρωπήσαντα
1738 893 1911 961 σωτή-

326 983 429 1036 ρια
457 968 699 1039 δόγματα
720 975 832 1037 τοῖς
857 974 1162 1046 ἀνθρώποις
1185 979 1644 1049 παραδεδωκέναι.
1668 982 1732 1033 Τί
1756 983 1812 1034 δὲ
1832 982 1911 1034 δεῖ

318 1057 514 1127 λέγειν
560 1063 650 1115 καὶ
675 1064 753 1117 ὅτι
805 1068 1180 1139 προεφητεύθη
1230 1071 1258 1122 ὁ
1291 1072 1541 1142 Χριστὸς,
1583 1072 1702 1125 τότε
1738 1074 1909 1127 ἐκλεί-

316 1151 453 1220 ψειν
477 1154 603 1217 τοὺς
628 1155 686 1221 ἐξ
733 1156 901 1209 Ἰούδα
933 1157 1194 1228 ἄρχοντας
1222 1161 1313 1214 καὶ
1349 1164 1680 1233 ἡγουμένους
1714 1167 1776 1217 ἐκ
1800 1165 1907 1217 τῶν

320 1246 526 1316 μηρῶν
547 1246 734 1308 αὑτοῦ,
764 1248 891 1301 ὅταν
923 1249 1049 1320 ἔλθῃ
1083 1244 1126 1317 ᾦ
1153 1252 1458 1317 ἀπόκειται,
1482 1254 1718 1325 δηλονότι
1743 1258 1775 1326 ἡ
1812 1256 1907 1326 βα-

316 1336 528 1398 σιλεία,
567 1337 660 1388 καὶ
692 1336 1001 1410 ὲπιδημήσῃ
1044 1341 1210 1411 ήτῶν
1243 1343 1409 1396 ἐθνῶν
1446 1345 1767 1415 προσδοκία;
1809 1364 1904 1399 σα-

314 1424 445 1491 φῶς
475 1424 583 1497 γὰρ
621 1428 685 1479 ἐκ
712 1427 811 1496 τῆς
839 1430 1075 1501 ἱστορίας
1102 1432 1276 1503 δῆλον,
1308 1437 1401 1488 καὶ
1429 1437 1492 1489 ἐκ
1522 1438 1628 1489 τῶν
1670 1440 1904 1509 σήμερον

310 1516 642 1586 ὁρωμένων,
680 1520 761 1573 ὅτι
791 1522 898 1574 ἀπὸ
940 1524 1047 1576 τῶν
1082 1527 1286 1595 χρόνων
1330 1528 1526 1599 Ἰησοῦ,
1581 1531 1760 1583 οὐκέτι
1810 1531 1905 1600 βα-

294 1607 496 1672 σιλεῖς
544 1611 809 1665 Ἰουδαίων
851 1613 1223 1685 ἐχρημάτισαν
1246 1635 1259 1647 ο
1296 1619 1512 1672 πάντων
1554 1620 1660 1673 τῶν
1692 1622 1903 1675 Ἰουδαῖ-

309 1698 441 1752 κῶν
474 1703 814 1772 πραγμάτων
856 1706 913 1757 ἐν
940 1699 1020 1769 οἷς
1061 1709 1434 1777 ἐσεμνύνοντο,
1471 1710 1610 1777 λέγω
1631 1712 1687 1764 δὲ
1712 1712 1818 1767 τῶν
1842 1731 1902 1765 τε

2018 528 2187 580 dicent
2213 528 2268 579 in
2308 526 2401 578 illa
2434 526 2516 579 die
2549 542 2567 578 :
2602 524 2846 588 Domine,
2899 525 3139 591 Domine,
3173 540 3341 578 nonne
3378 525 3432 575 in
3482 539 3576 574 no-

2018 620 2157 673 mine
2183 628 2274 672 tuo
2300 617 2732 670 manducavimus
2761 628 2805 669 et
2832 618 3073 683 bibimus,
3106 627 3151 669 et
3176 617 3230 670 in
3258 616 3462 668 nomine
3483 625 3576 665 tuo

2014 709 2278 762 dazntonia
2302 707 2588 775 ejecimus?
2618 704 2688 758 Et
2726 707 2899 758 dicam
2935 706 3041 759 illis
3066 719 3083 757 :
3115 705 3376 758 Discedite
3406 722 3438 757 a
3468 720 3571 767 me,

2014 803 2240 870 operarii
2294 800 2609 868 iniquitatis,
2648 814 2912 867 nunquam
2960 813 3046 850 vos
3101 798 3308 865 cognovi
3345 795 3412 849 ⁸³.
3442 795 3573 861 Quae

2011 894 2053 948 si
2081 894 2151 946 ita
2181 892 2395 960 quidem
2428 890 2567 943 dicta
2600 887 2669 941 ab
2692 903 2755 941 eo
2790 889 3038 947 fuissent,
3072 903 3169 941 nec
3194 888 3256 940 ad
3284 887 3440 940 linem
3483 895 3568 939 ta—

2010 998 2133 1036 men
2165 996 2227 1036 ea
2257 996 2377 1049 quae
2399 979 2653 1050 praedicta
2684 987 2830 1047 sunt,
2857 967 3230 1047 pervenissent
3256 1018 3270 1040 ,
3316 975 3569 1030 fortassis

2007 1075 2185 1128 minus
2236 1088 2359 1127 esse
2396 1086 2519 1125 vera
2570 1071 2901 1133 viderentur,
2954 1086 3053 1123 nec
3115 1068 3315 1122 habere
3370 1067 3569 1135 aliquid

2007 1165 2345 1219 auctoritatis
2375 1184 2389 1217 :
2420 1179 2563 1217 nunc
2599 1178 2727 1216 vero
2759 1177 2880 1215 cum
2910 1161 2962 1214 in
3008 1158 3257 1214 effectum
3288 1174 3394 1223 res,
3450 1174 3570 1226 qua:

2006 1259 2216 1312 fuerant
2248 1257 2312 1310 ab
2338 1270 2402 1310 eo
2424 1256 2696 1325 praatlieta:
2732 1253 3077 1322 perveniant,
3110 1266 3230 1304 cum
3264 1258 3409 1303 tanta
3469 1264 3568 1302 au-

2006 1355 2109 1400 tem
2138 1353 2401 1413 potestate
2429 1354 2591 1410 atque
2640 1344 2966 1397 auctoritate
2992 1341 3247 1411 prtedicta
3290 1341 3420 1406 sint,
3455 1355 3571 1393 ma-

2004 1436 2356 1492 nifestissime
2396 1437 2702 1491 declaratur
2736 1437 2902 1489 Deum
2944 1450 3068 1489 vere
3102 1449 3244 1497 esse,
3286 1434 3373 1503 qui
3406 1434 3569 1487 homo

2004 1527 2176 1580 factus
2200 1526 2457 1581 salutaria
2492 1534 2758 1594 praecepta
2818 1526 2932 1595 (46)
2980 1524 3288 1578 hominibus
3323 1523 3565 1577 tradidit.

2002 1617 2138 1685 Quid
2167 1632 2296 1671 vero
2345 1618 2469 1671 inde
2525 1618 2808 1670 dicendum
2861 1624 2945 1668 est
2998 1616 3140 1683 quod
3191 1615 3464 1683 propheta:
3499 1616 3569 1669 de

2005 1709 2119 1777 ipso
2154 1718 2277 1763 ante
2308 1708 2661 1776 przedixerint
2711 1722 2816 1761 non
2853 1716 3169 1761 cessaturos
3197 1707 3467 1777 principes
3495 1721 3561 1760 ex

310 1790 469 1843 κατὰ
501 1792 590 1845 τὸν
623 1794 768 1858 ναὸν,
801 1796 894 1847 καὶ
923 1797 983 1849 τὸ
1035 1798 1432 1872 θυσιαστήριον,
1483 1804 1575 1856 καὶ
1600 1804 1698 1875 τὴν
1733 1807 1897 1859 ἐπιτε-

2003 1799 2159 1861 inda,
2188 1813 2358 1865 neque
2377 1799 2540 1851 duces
2566 1812 2632 1850 ex
2667 1795 2959 1851 femoribus
2985 1796 3119 1864 ejus,
3156 1811 3434 1866 usquequo
3465 1810 3563 1849 ve-

308 1878 594 1955 λουμὲνην
621 1885 895 1957 λατρείαν,
924 1889 1016 1941 καὶ
1044 1890 1109 1943 τὰ
1153 1892 1423 1963 ἐνδύματα
1461 1894 1551 1946 τοῦ
1605 1896 1899 1968 ἀρχιερέως

308 1973 796 2044 καταλελυμένων.
850 1978 1168 2049 Ἐπληρώθη
1196 1982 1304 2053 γὰρ
1348 1982 1639 2054 ἡλέγουσα
1689 2002 1899 2058 προφη-

309 2063 473 2116 τεία·
524 2065 770 2134 Ἡμέρας
794 2071 1026 2135 πολλὰς
1048 2072 1392 2127 καθίσονται
1417 2078 1469 2127 οἱ
1489 2075 1603 2129 υἱοὶ
1642 2077 1895 2145 Ἰσραὴλ,

312 2158 438 2210 οὐκ
477 2157 650 2225 ὄντος
686 2161 1006 2227 βασιλέως,
1054 2164 1195 2217 οὐδὲ
1226 2166 1398 2231 ὄντος
1428 2168 1736 2235 ἄρχοντος,
1788 2172 1897 2223 οὐκ

314 2245 523 2313 οὔσης
558 2249 793 2315 θυσίας,
848 2252 989 2305 οὐδὲ
1036 2252 1210 2318 ὄντος
1253 2259 1703 2325 θυσιαστηρίου,
1757 2259 1897 2313 οὐδὲ

312 2339 630 2405 ἱερατείας,
656 2341 797 2395 οὐδὲ
815 2342 1035 2411 δήλων.
1057 2347 1166 2398 Καὶ
1184 2345 1391 2411 τούτοις
1407 2347 1662 2419 χρώμεθα
1681 2353 1790 2414 τοῖς
1807 2355 1897 2423 ρη-

311 2431 454 2493 τοῖς,
476 2429 611 2500 πρὸς
632 2432 755 2495 τοὺς
779 2434 835 2486 ἐν
849 2433 925 2504 τῷ
946 2434 1217 2490 θλίϐεσθαι
1244 2439 1349 2491 ἀπὸ
1375 2438 1481 2494 τῶν
1501 2443 1558 2493 ἐν
1579 2444 1643 2512 τῇ
1680 2443 1893 2497 Γενέσει

310 2517 425 2570 ὑπὸ
460 2519 553 2572 τοῦ
572 2520 761 2573 Ἰακὼϐ
790 2524 924 2595 πρὸς
959 2525 1047 2579 τὸν
1085 2527 1280 2581 Ἰούδαν
1311 2530 1633 2601 εἰρημένων,
1669 2534 1895 2602 φάσκον-

320 2628 414 2674 τας
455 2611 546 2664 τὸν
579 2612 844 2685 ἐθνάρχην
869 2616 976 2669 ἀπὸ
1002 2617 1095 2670 τοῦ
1142 2619 1307 2672 Ἰούδα
1350 2621 1537 2689 γένους
1562 2624 1893 2694 τυγχάνοντα

314 2702 504 2773 Ξρχειν
518 2703 611 2757 τοῦ
633 2705 783 2770 λαοῦ,
802 2709 901 2760 οὐκ
920 2708 1275 2779 ὲκλειψόντων
1291 2711 1397 2764 τῶν
1420 2714 1525 2766 ἀπὸ
1539 2714 1629 2767 τοῦ
1652 2716 1891 2787 σπέρμα-

317 2810 408 2857 τος
433 2796 618 2859 αὐτοῦ,
653 2796 756 2862 ἕως
779 2794 846 2871 ἦς
863 2800 1216 2869 φαντάζονται
1232 2805 1466 2875 Χριστοῦ
1496 2807 1803 2878 ἐπιδημίας.
1827 2810 1890 2862 Εἰ

318 2887 423 2959 γὰρ
440 2888 663 2958 ἡμέρας
679 2893 914 2958 πολλὰς
929 2896 1275 2950 καθίσονται
1291 2902 1343 2952 οὶ
1363 2898 1478 2952 υἱοὶ
1501 2900 1757 2967 Ἰσραὴλ,
1780 2903 1889 2956 οὐκ

312 2979 494 3045 ὄντος
513 2982 836 3050 βασιλέως,
856 2986 1014 3054 μηδὲ
1038 2988 1210 3053 ὄντος
1229 2989 1536 3059 ἄρχοντος,
1569 2994 1677 3046 οὐκ
1700 2994 1890 3061 οὔσης

311 3074 552 3136 θυσίας,
598 3074 740 3128 οὐδὲ
778 3080 1231 3147 θυσιαστηρίου,
1282 3081 1751 3151 οὐδὲίερατείας,
1786 3086 1887 3137 οὺ-

2001 1891 2112 1943 niat
2133 1888 2217 1941 ille
2239 1888 2322 1941 cui
2347 1887 2638 1956 repositum
2660 1894 2765 1947 est,
2789 1900 3011 1953 regnum
3034 1887 3262 1954 scilicet,
3288 1897 3342 1941 et
3360 1901 3562 1954 usque-

1998 1997 2105 2051 quo
2138 1982 2317 2035 veniat
2362 1978 2692 2048 exspectatio
2735 1978 2971 2045 gentium
3003 1978 3090 2028 εει
3119 1979 3559 2033 Manilestissiute

1996 2072 2139 2125 enim
2173 2085 2235 2124 ex
2272 2072 2382 2138 ipsa
2412 2069 2637 2123 historia
2666 2079 2905 2138 apparet,
2942 2078 2994 2122 et
3022 2083 3087 2123 ex
3127 2069 3209 2123 his
3239 2084 3359 2138 quae
3397 2070 3562 2124 hodie

1996 2162 2364 2231 pervidentur,
2404 2162 2532 2230 quia
2566 2174 2633 2213 ex
2671 2160 3004 2228 temporibus
3043 2162 3242 2216 Christi
3280 2163 3419 2215 ultra
3473 2176 3561 2216 re-

1995 2267 2088 2320 ges
2114 2250 2225 2321 (47)
2257 2252 2395 2319 apud
2422 2249 2640 2303 Judaeos
2670 2265 2774 2301 non
2797 2250 3139 2305 exstiterunt.
3166 2252 3271 2306 Sed
3294 2262 3345 2305 et
3363 2268 3555 2306 omnes

1994 2343 2097 2397 illae
2130 2343 2451 2397 ambitiones
2482 2342 2726 2397 Iudaica:
2762 2342 2812 2395 in
2844 2342 3038 2409 quibus
3060 2342 3334 2412 jactantim
3364 2358 3554 2411 quam-

1992 2432 2281 2501 plurimum
2317 2434 2596 2500 gerebant,
2622 2445 2676 2489 et
2710 2437 2761 2489 in
2798 2435 2994 2504 quibus
3044 2433 3442 2503 gloriabantur,
3494 2432 3557 2487 id

1994 2532 2094 2584 est,
2126 2522 2209 2577 vel
2238 2522 2304 2575 de
2333 2522 2511 2590 templi
2545 2524 2764 2587 decore,
2804 2524 2889 2577 vel
2914 2525 2979 2578 de
3005 2524 3195 2578 altaris
3233 2523 3557 2592 insignibus,

1994 2625 2154 2681 atque
2185 2613 2434 2668 omnibus
2464 2614 2568 2670 illis
2590 2617 3016 2670 sacerdotalibus
3044 2615 3249 2677 infulis,
3274 2617 3561 2669 indumen-

1994 2705 2167 2773 tisque
2199 2704 2535 2771 pontiﬁcum,
2584 2705 2745 2760 simul
2799 2706 3050 2759 universa
3082 2706 3357 2759 destructa
3408 2714 3554 2759 sunt.

1989 2794 2265 2864 Completa
2310 2804 2394 2848 est
2447 2794 2591 2849 enim
2642 2797 2928 2865 prophetia
2980 2811 3099 2865 quae
3136 2797 3392 2850 dixerat:
3452 2793 3560 2850 Per

1989 2886 2100 2938 dies
2130 2884 2320 2939 multos
2348 2887 2599 2939 sedebant
2628 2887 2731 2954 ﬁlii
2755 2885 2928 2940 Israel
2958 2888 3070 2940 sine
3093 2904 3229 2957 rege,
3261 2890 3374 2941 sine
3405 2889 3556 2956 prin-

1989 2979 2128 3046 cipe:
2153 2978 2262 3047 (48)
2284 2992 2384 3030 nan
2408 2979 2505 3029 erit
2531 2978 2723 3043 hostia,
2753 2994 2844 3030 nec
2863 2978 3160 3043 altare,nec
3177 2981 3552 3046 sacerdotium,

1988 3087 2081 3124 nec
2098 3087 2342 3138 responsa
2362 3072 2427 3103 ⁸³*
2449 3071 2563 3125 .His
2582 3086 2710 3141 ergo
2733 3074 3056 3128 testimoniis
3074 3075 3273 3128 utimur
3290 3076 3552 3131 adversus

311 3162 383 3215 δὲ
403 3163 633 3230 δήλωνο
657 3168 715 3232 ἐξ
735 3161 795 3221 οὗ
819 3169 875 3223 δὲ
907 3172 1221 3243 κατεσκάφη
1251 3174 1279 3226 ὁ
1320 3174 1462 3238 ναὸς,
1498 3177 1679 3228 οὐκέτι
1704 3175 1882 3244 θυσία,

1997 3180 2082 3220 eos
2112 3165 2205 3235 qui
2231 3166 2478 3219 videntur
2512 3180 2757 3219 asserere
2798 3166 2863 3217 de
2894 3165 2978 3219 itis
3010 3182 3129 3234 quae
3170 3167 3220 3219 in
3251 3168 3448 3221 Genesi
3485 3169 3555 3221 ab

311 3254 435 3306 ,ιύδὲ
467 3255 867 3330 θυσιαστήριον,
902 3262 1023 3314 οὐδὲ
1059 3264 1317 3334 ἱερατεία,
1352 3265 1508 3334 δῆλον
1535 3267 1615 3320 ὅτι
1644 3266 1884 3330 ἐξέλιπεν

307 3344 500 3415 ἄρχων
526 3347 585 3410 ἐξ
628 3349 814 3412 Ἰούδα,
856 3352 949 3403 καὶ
984 3352 1280 3423 ἡγούμενος
1319 3356 1511 3408 ἐκτῶν
1556 3357 1743 3427 μηρῶν
1792 3357 1889 3409 αύ-

308 3433 427 3487 τοῦ.
471 3436 622 3491 Ἐπεὶ
656 3438 764 3510 δὲή
797 3444 1098 3511 προφητεία
1127 3444 1308 3513 φησὶν,
1358 3447 1477 3498 Οὐκ
1499 3444 1762 3514 ἐκλείψει
1794 3446 1892 3515 ἆρ-

1990 3256 2156 3311 Jacob
2183 3257 2321 3310 dicta
2342 3264 2465 3309 sunt
2481 3256 2547 3311 de
2569 3256 2724 3324 Juda,
2744 3270 2797 3311 et
2814 3259 2998 3313 dicunt
3021 3273 3338 3326 permanere
3366 3261 3544 3314 adhuc

1994 3350 2289 3420 principem
2338 3365 2404 3403 ex
2463 3363 2660 3417 genere
2703 3349 2875 3415 Judae,
2934 3351 3093 3403 istum
3146 3350 3394 3405 videlicet
3445 3353 3540 3419 qui

1996 3451 2077 3496 est
2106 3442 2281 3510 gentis
2328 3441 2566 3509 ipsorum
2609 3442 2882 3511 princeps,
2910 3456 3068 3509 quem
3100 3442 3384 3495 nominaut
3430 3440 3548 3511 (49)

1536 3556 1602 3610 1N
1610 3555 1880 3610 TERPRE
1890 3553 2092 3609 TATIO
2130 3552 2338 3609 NOVA.

309 3660 529 3719 summa
559 3662 681 3719 cum
712 3658 981 3716 potestate
1007 3658 1058 3703 et
1089 3649 1284 3705 ﬁducia
1311 3651 1555 3706 docuerit
1590 3652 1839 3705 Christus
1867 3665 2141 3719 nunquam
2173 3663 2327 3703 suam
2362 3648 2564 3701 victum
2608 3648 2669 3700 iri
2709 3649 3029 3701 doctrinam.
3073 3647 3259 3716 Itaque
3303 3648 3422 3716 jure
3452 3666 3551 3717 pro

306 3707 553 3790 oraculis
584 3707 842 3771 habenda:
868 3730 996 3772 sunt
1026 3720 1352 3790 ejusvoces,
1380 3721 1565 3789 quales
1597 3724 1677 3775 ha:
1704 3731 1832 3775 sunt
1867 3740 1878 3773 :
1915 3707 2162 3790 Ad-reges
2189 3729 2237 3771 et
2268 3720 2519 3790 pra'sides
2561 3719 2829 3772 ducentini
2848 3729 3056 3783 propter
3100 3707 3197 3780 me,
3227 3720 3281 3771 in
3303 3707 3547 3773 'testit'no-

308 3788 456 3839 nium
477 3787 602 3850 illis,
642 3797 691 3841 et
714 3790 969 3858 gentibus.
1017 3787 1117 3844 Et:
1146 3789 1304 3843 Multi
1331 3787 1501 3844 dicent
1556 3792 1683 3843 mihi
1733 3792 1785 3842 in
1807 3791 1901 3843 illa
1928 3791 2052 3842 die:
2085 3789 2323 3850 Domine,
2365 3788 2603 3858 Domine,
2635 3804 2806 3840 nonne
2834 3790 3224 3858 innomt'netno
3253 3791 3540 3842 manduca-

309 3858 503 3920 vimus,
528 3866 576 3910 et
600 3858 653 3910 in
688 3855 892 3911 nomine
919 3872 1007 3912 tuo
1044 3862 1287 3923 bibimus,
1326 3871 1373 3914 et
1408 3862 1460 3913 in
1486 3864 1692 3913 nomine
1717 3871 1805 3912 tuo
1837 3862 2098 3913 daamonia
2130 3859 2421 3927 ejecimus?
2450 3855 2517 3909 Et
2547 3859 2717 3910 dicam
2742 3858 2846 3910 eis:
2876 3857 3138 3911 Discedite
3167 3876 3196 3911 ιι
3218 3874 3296 3911 me
3324 3859 3411 3926 qui
3437 3876 3551 3926 ope-

308 3928 507 3998 ramini
558 3929 911 3995 iniquitatem.
972 3928 1257 3998 Nunquam
1307 3932 1421 3984 novi
1450 3948 1559 3984 vos.
1613 3930 1735 3985 Haec
1781 3934 1924 3983 enim
1971 3940 2173 3984 temere
2208 3928 2439 3995 prolata,
2491 3944 2589 3981 nec
2631 3928 2856 3994 proinde
2914 3943 3035 3981 vera
3067 3944 3209 3990 esse,
3243 3930 3383 3981 forte
3417 3929 3545 3983 olim

309 3996 609 4052 verisimile
630 4011 746 4052 erat
773 4016 786 4068 ς
820 4009 875 4052 at
901 4014 1020 4053 cum
1052 3996 1245 4054 deinde
1274 4002 1554 4055 evenerint
1580 4017 1701 4068 qua:
1735 4009 1878 4053 tanta
1904 4015 2027 4053 cum
2054 4001 2385 4051 auctoritate
2422 4000 2563 4050 dicta
2601 3998 2841 4059 fuerant,
2881 3998 3223 4066 perspicuum
3254 4008 3336 4051 est
3366 3998 3533 4053 Deum

309 4081 442 4119 vere
471 4068 739 4121 hominem
767 4066 964 4122 factum
991 4072 1285 4123 salutarem
1317 4066 1627 4124 hominibus
1655 4071 1956 4125 doctrinam
1990 4069 2296 4122 tradidisse.
2335 4068 2470 4132 Quid
2506 4082 2634 4121 vero
2684 4068 2879 4120 attinet
2909 4069 3088 4121 dicere
3112 4070 3534 4134 praenuntiatum

312 4135 483 4209 fuisse
515 4136 789 4191 Christum
821 4149 946 4192 tunc
979 4154 1171 4207 nempe
1206 4140 1484 4194 defuturos
1517 4142 1789 4209 principes
1826 4155 1890 4192 ex
1924 4138 2063 4193 Juda
2088 4149 2139 4191 et
2165 4143 2331 4191 duces
2361 4140 2425 4192 de
2450 4136 2655 4209 femore
2686 4137 2825 4209 ejus,
2862 4140 3246 4209 cumyenisset
3268 4140 3353 4191 cui
3383 4155 3538 4207 repo-

310 4206 475 4259 situm
507 4216 610 4272 est,
644 4224 860 4279 regnum
895 4206 1159 4273 videlicet,
1189 4220 1241 4263 et
1268 4206 1557 4278 prodiisset
1607 4206 1939 4279 exspectatio
1965 4210 2244 4279 gentium?
2309 4210 2382 4261 Ex
2439 4208 2659 4260 historia
2696 4208 2838 4279 enim
2871 4218 2924 4260 et
2976 4208 3041 4279 iis
3072 4223 3194 4275 quae
3226 4209 3388 4279 hodie
3420 4206 3541 4261 eer-

311 4287 536 4339 nuntur,
570 4278 911 4331 manifestum
939 4289 1020 4331 est
1052 4296 1079 4332 a
1112 4277 1311 4334 Christi
1342 4281 1669 4345 temporibus
1705 4277 1878 4334 nullos
1902 4277 2094 4333 deinde
2126 4277 2434 4332 Judatorum
2475 4292 2627 4345 reges
2657 4277 2959 4341 exstitisse,
3005 4278 3190 4330 fractis
3224 4287 3277 4330 et
3310 4278 3542 4344 dissipa-

312 4346 379 4398 tis
415 4351 577 4419 rebus
601 4348 849 4419 ornuibus
867 4347 1105 4419 ludaicis
1144 4352 1338 4417 quibus
1371 4350 1777 4419 gloriabantur;
1819 4350 2017 4416 templo
2051 4364 2260 4419 nempe,
2305 4348 2481 4419 altari,
2504 4347 2590 4419 Arei
2623 4347 2814 4399 divinae
2841 4359 3101 4419 consueto
3128 4348 3256 4419 ritu,
3289 4356 3342 4419 et
3374 4348 3533 4400 indu-

313 4417 845 4498 mentispontiliciis.
872 4416 1092 4499 ltnpleta
1117 4416 1200 4499 est
1228 4416 1427 4499 quippe
1457 4421 1740 4499 prophetia
1772 4436 1890 4489 qua:
1916 4421 2049 4499 dicit
2074 4437 2086 4470 :
2126 4416 2232 4498 ρετ
2258 4418 2370 4471 dies
2406 4417 2598 4499 multos
2641 4419 2891 4499 sedebunt

2935 4418 3035 4484 ﬁlii
3062 4416 3233 4469 Israel
3260 4418 3373 4470 sine
3399 4434 3539 4486 rege,

312 4485 421 4538 sine
459 4488 713 4554 principe,
756 4488 868 4539 sine
908 4489 1189 4556 sacriﬁcio,
1224 4485 1336 4542 sine
1356 4485 1693 4553 numnunc
1743 4485 2054 4548 sacerdotio,
2092 4489 2201 4539 sine
2232 4488 2511 4555 responsis.
2557 4485 2761 4549 Quibus
2794 4488 2971 4540 verbis
3025 4487 3227 4539 utimur
3281 4485 3541 4541 adversus

310 4570 407 4627 eos
433 4558 550 4627 qui,
574 4558 699 4609 dum
731 4569 989 4626 urgentur
1014 4561 1079 4612 iis
1108 4576 1228 4626 quas
1263 4562 1314 4611 in
1338 4559 1533 4613 Genesi
1558 4560 1625 4611 ab
1655 4558 1824 4614 Jacob
1857 4562 1920 4612 ad
1946 4558 2137 4627 .ludaut
2185 4558 2327 4610 dieta
2375 4564 2523 4627 sunt,
2565 4570 2885 4627 permanere
2916 4557 3213 4627 etiamnum
3245 4572 3309 4610 ex
3345 4571 3543 4625 genere

310 4622 461 4698 indui
494 4622 744 4698 asserunt
769 4622 1065 4695 principem
1096 4622 1184 4698 qui
1212 4630 1405 4697 popqu
1438 4630 1769 4692 dominetur,
1797 4644 1973 4695 neque
2006 4626 2287 4698 defuturos
2307 4641 2373 4698 ex
2394 4622 2600 4698 semine
2626 4624 2742 4698 ejus
2767 4626 2929 4698 duces
2955 4641 3121 4693 usque
3144 4626 3208 4698 ad
3233 4622 3541 4698 euntquan

309 4695 407 4748 sibi
440 4698 632 4767 animo
656 4696 861 4767 lingunt.
888 4694 1086 4751 Christi
1114 4694 1425 4751 advettttun.
1460 4700 1514 4753 Si
1542 4702 1684 4753 enim
1712 4717 1804 4762 per
1829 4694 1937 4751 dies
1967 4698 2154 4749 multos
2196 4696 2445 4748 sedebant
2478 4694 2579 4760 ﬁlii
2616 4694 2783 4747 Israel
2814 4695 2927 4747 sine
2967 4711 3101 4761 rege,
3127 4696 3237 4767 sine
3271 4696 3530 4762 principe,

311 4767 420 4818 sine
455 4765 748 4833 sacriﬁcio,
774 4770 884 4820 sine
918 4769 1097 4829 altari,
1144 4769 1256 4821 sine
1288 4770 1598 4834 sacerdotio,
1628 4770 1740 4823 sine
1789 4768 2091 4836 responsis;
2133 4782 2195 4818 cx
2257 4781 2363 4834 quo
2392 4775 2569 4836 autem
2605 4778 2852 4836 eversum
2889 4774 2970 4836 est
3002 4765 3277 4836 templum,
3316 4779 3420 4836 non
3460 4776 3544 4836 est

312 4832 799 4908 sacrific_ium,inon
834 4839 1029 4901 altare,
1055 4854 1160 4891 non
1188 4832 1590 4901 sacerdotium,
1611 4832 2071 4908 perspicuitatest
2096 4832 2358 4889 defecisse
2397 4833 2694 4908 principem
2719 4849 2782 4908 ex
2816 4832 3002 4908 Juda,_
3025 4844 3078 4888 et
3114 4832 3314 4908 ducem
3369 4834 3434 4908 de
3466 4832 3544 4886 fe-

312 4920 458 4959 more
491 4906 626 4971 ejus.
656 4907 917 4972 Quoniam
949 4908 1109 4976 igitur
1138 4908 1416 4977 prephetia
1450 4910 1582 4961 dicit
1611 4902 1625 4962 Ξ
1663 4902 1783 4962 Non
1822 4907 2024 4974 deﬁciet
2050 4909 2287 4972 princeps
2327 4921 2390 4957 ea:
2424 4902 2593 4977 Judn,
2623 4918 2712 4977 nec
2743 4906 2852 4955 dua;
2884 4904 3174 4977 defemore
3204 4902 3340 4970 ejus,
3377 4904 3541 4977 donec

310 4977 515 5047 ueniant
540 4980 763 5041 reposita
787 4979 835 5030 ei
862 5017 877 5040 ,
932 4972 1076 5030 venit
1128 4972 1273 5031 certe
1305 4978 1391 5032 cui
1418 4980 1644 5047 reposita
1678 4988 1827 5040 sunt,
1854 4972 2185 5047 cnspecttttio
2218 4972 2661 5047 gettttum.Quod
2711 4984 2766 5026 et
2803 4974 3146 5047 manifestum
3178 4984 3265 5047 est
3302 4987 3365 5024 ex
3400 4974 3536 5023 ntul-

314 5046 541 5100 titudine
564 5047 801 5114 gentium
830 5063 946 5117 qua:
973 5064 1068 5116 per
1097 5047 1372 5102 Christum
1401 5050 1452 5101 in
1477 5042 1656 5102 ‘Deum
1689 5042 2055 5102 crediderunt.
2081 5046 2135 5099 ltt
2169 5042 2569 5100 Deuteronomii
2600 5058 2812 5111 quoque
2835 5045 3057 5097 cantico
3085 5042 3373 5096 stultarum
3408 5055 3537 5108 gen-

380 5161 447 5195 ⁸¹⁵
486 5160 676 5215 Matth.
708 5178 761 5226 Χ,
796 5162 879 5217 18.
954 5164 998 5194 ⁶²
1027 5162 1217 5217 Matth.
1244 5180 1339 5227 vn,
1388 5164 1478 5227 22,
1502 5164 1593 5217 25.
1670 5164 1714 5195 ⁸³
1748 5163 1893 5219 Geue

1997 5179 2131 5227 tm,
2161 5160 2247 5214 10.

2337 5160 2404 5191 ‘5'
2433 5158 2560 5214 Ose.
2606 5174 2689 5225 ιιι,
2713 5159 2769 5211 4.

383 5254 494 5324 (46)
527 5255 667 5309 Editi
698 5272 979 5325 perperam
1005 5299 1019 5321 ,
1070 5259 1353 5313 humilibus
1401 5260 1641 5313 tradidit.
1680 5259 1873 5314 Paulo-
1906 5267 1952 5324 ι)
1979 5276 2042 5313 ex
2061 5275 2161 5325 quo
2190 5257 2366 5324 utique
2393 5257 2703 5309 subversum
2742 5264 2818 5308 est
2872 5253 3138 5322 templum,
3166 5253 3541 5308 desiderantur

312 5338 429 5390 post
454 5327 616 5398 iidem
646 5342 659 5376 :
693 5331 1287 5398 anteprwdixerunt....
1317 5346 1478 5398 neque
1506 5329 1664 5383 duces
1694 5331 1757 5381 de
1791 5331 1874 5398 fe-

312 5398 545 5449 moribus
567 5397 772 5464 ejus....
795 5396 1287 5462 Manifestissimum
1316 5396 1451 5452 enim
1474 5414 1539 5452 es:
1565 5401 1675 5466 ipsa
1708 5396 1877 5453 histoo

312 5467 416 5527 ria,
440 5477 485 5519 et
516 5482 579 5519 ea:
614 5467 714 5532 his,
748 5469 1094 5533 etc.,omisso
1117 5480 1350 5537 apparet.
1384 5470 1488 5523 Sed
1524 5484 1713 5523 omnes
1740 5486 1871 5524 mss.

313 5544 371 5587 ut
404 5537 454 5588 in
494 5546 662 5593 textu.

383 5606 494 5677 (l7)
521 5606 888 5677 Msﬂegius,
922 5606 1061 5674 apud
1085 5605 1351 5663 Judaeum.
1383 5608 1577 5663 Crateri
1635 5624 1764 5663 mss.
1819 5618 1873 5663 et

317 5674 641 5744 cditi,vapud
676 5676 912 5730 Jul/(vos.

389 5745 500 5816 (-l8)
534 5744 655 5803 Non
682 5749 780 5801 erit
812 5749 1005 5813 hostia,
1025 5757 1155 5815 etc.,
1184 5763 1355 5819 usque
1385 5749 1449 5804 ad
1486 5750 1585 5803 ista
1616 5750 1801 5814 verba,
1825 5760 1869 5804 et

1979 5330 2033 5382 in
2068 5330 2249 5390 editis,
2283 5336 2336 5380 et
2364 5329 2718 5380 restituuntur
2740 5340 2802 5377 ex
2840 5326 3090 5379 omnibus
3123 5339 3249 5377 mss.

2050 5400 2163 5468 (49)
2189 5398 2322 5451 Istos
2351 5398 2513 5468 hodie
2550 5397 2745 5468 (inquit
2774 5392 3536 5468 genebrardusiguilteimap-

1983 5461 2179 5538 pellant
2210 5470 2262 5519 in
2301 5468 2415 5538 suis
2455 5461 2725 5520 Cltronicis
2783 5461 3486 5538 liQSHjZdlACGALUTI-l
3516 5506 3532 5530 ,

1976 5532 2233 5607 principes
2265 5537 2527 5607 exsulum,
2559 5544 2614 5588 et
2642 5550 2825 5607 eorum
2864 5536 2916 5587 in
2954 5532 3297 5607 Babyloniam
3326 5548 3536 5607 succesf

1975 5603 2182 5662 sionem
2211 5609 2277 5661 ab
2304 5608 2417 5675 ipso
2468 5604 2798 5658 Zorobabele
2840 5605 3001 5658 anxie
3033 5603 3332 5675 memorant
3361 5642 3403 5675 ,_
3438 5603 3529 5656 sed

1975 5679 2131 5746 paulo
2160 5671 2471 5730 fabulosius.
2518 5675 2783 5746 Caeterum
2813 5676 2930 5746 vide
2974 5689 3091 5743 qua:
3123 5671 3529 5746 observavimus

1970 5741 2028 5804 in
2056 5750 2197 5803 hunc
2228 5748 2403 5803 locum
2435 5745 2527 5800 lib.
2566 5760 2615 5797 tv
2644 5743 2715 5798 De
2762 5741 3013 5815 princip.,
3054 5760 3200 5799 num.
3234 5742 3285 5809 5,
3315 5756 3369 5811 p.
3402 5741 3507 5796 159
3534 5808 3547 5819 Δ
