4020 6306
533 373 637 431 575

1743 379 1803 439 ε.
1848 380 2174 438 PAMPHILI
2208 341 2561 435 munitus

3657 388 3747 444 576

530 491 948 561 patriarcbam:
996 510 1096 552 nec
1129 495 1361 553 deiicere
1392 512 1549 568 posse
1594 498 1662 555 de
1708 501 1917 555 semine
1970 498 2077 567 ejus

2179 553 2180 557 η
2208 513 2331 567 χων
2353 496 2422 562 ἐξ
2455 494 2661 562 Ἰούδα,
2698 494 2798 548 καὶ
2834 492 3165 564 ἡγούμενος
3195 492 3266 548 ἐκ
3295 493 3414 549 τῶν
3433 495 3627 564 μηρῶν
3656 504 3751 556 αὑ.

528 584 621 653 qui
679 595 996 655 permaneat
1052 603 1221 658 usque
1270 588 1336 644 ad
1383 589 1672 645 adventum
1725 591 1841 663 ejus
1901 591 2101 646 Christi

528 689 694 745 quem
762 679 864 734 sibi
938 678 1037 748 ipsi
1104 680 1436 738 describunt.
1499 682 1607 739 Sed
1667 683 1713 738 si
1778 699 1964 739 verum
2021 692 2103 738 est
2154 686 2157 693 '

527 764 675 835 quod
743 768 819 823 ait
878 768 1184 839 propheta,
1258 772 1384 841 quia
1448 773 1558 828 dies
1604 773 1793 828 multos
1854 774 2101 828 sedebant

526 854 627 924 ﬁlii
673 854 845 913 Israel
893 860 1007 913 sine
1053 876 1201 929 rege,
1234 863 1346 916 sine
1394 864 1651 933 principe,
1682 880 1774 918 nec
1816 875 1892 919 est
1921 865 2119 918 sacri-

526 946 737 1016 (icium,
786 966 947 1020 neque
1007 950 1218 1021 altare,
1280 969 1441 1021 neque
1506 954 1877 1021 sacerdotium,
1921 963 1977 1009 et
2032 967 2100 1008 ex

524 1054 632 1111 quo
671 1044 856 1111 utique
902 1045 1225 1101 subversum
1286 1055 1369 1102 est
1422 1048 1707 1116 templum,
1768 1061 1867 1103 nec
1910 1047 2099 1103 hostiae

523 1134 840 1202 offeruntur,
901 1152 1003 1192 nec
1055 1138 1223 1193 altare
1270 1138 1560 1208 invenitur,
1602 1153 1702 1195 nec
1734 1139 2096 1194 sacerdotium

521 1236 770 1295 constat,
816 1231 1184 1286 certissimum
1236 1241 1321 1288 est
1368 1232 1632 1289 defecisse
1678 1234 1974 1304 principem
2028 1249 2096 1289 ex

519 1316 679 1385 Juda,
737 1320 879 1377 sicut
929 1323 1190 1390 scriptum
1250 1333 1355 1388 est.
1396 1333 1452 1379 et
1487 1325 1675 1379 ducem
1709 1339 1773 1380 ex
1802 1323 2096 1383 femoribus

519 1407 658 1476 ejus,
692 1424 976 1481 usquequo
1032 1413 1213 1468 veniat
1278 1413 1367 1469 ille
1415 1412 1501 1469 cui
1545 1414 1932 1482 repromissum
1987 1423 2091 1470 est.

517 1497 742 1555 Constat
777 1516 911 1570 ergo
942 1504 1067 1575 quia
1107 1502 1254 1561 venit
1284 1504 1373 1560 ille
1409 1506 1494 1560 cui
1526 1507 1817 1578 repositum
1850 1516 1952 1573 est,
1980 1507 2093 1580 (50)

517 1589 573 1643 in
633 1604 742 1659 quo
811 1594 1146 1663 exspectatio
1208 1595 1448 1665 gentium
1521 1606 1627 1650 est.
1703 1595 1855 1663 Quod
1915 1598 2093 1652 mani-

515 1678 655 1736 feste
682 1681 896 1738 videtur
941 1684 1219 1755 impletum
1267 1688 1333 1742 de
1379 1686 1723 1743 multitudine
1753 1703 1942 1744 eorum
1999 1689 2089 1760 qui

516 1785 616 1840 per
673 1770 949 1829 Christum
1016 1776 1127 1832 Deo
1193 1791 1258 1832 ex
1329 1777 1560 1833 diversis
1613 1778 1862 1848 gentibus
1914 1780 2090 1835 credi-

2203 590 2328 654 τοῦ,
2367 589 2479 656 ἕως
2512 587 2590 643 ἂν
2615 588 2762 655 ἔλθῃ
2789 585 2862 640 τὰ
2887 583 3461 660 ἀποπιμεναοαύτῷ,
3505 586 3651 659 δῆλον
3676 591 3752 647 ὅτι

2203 679 2459 753 ἐλήλυθεν
2498 672 2543 748 ᾧ
2566 679 2636 732 τὰ
2660 675 3014 748 ἀποκείμενα,
3049 679 3082 749 ή
3122 675 3423 749 προσδοκία
3449 676 3555 730 τῶν
3578 678 3747 736 ἐθνῶν.

2200 769 2312 824 Kal
2341 769 2499 823 τοῦτο
2529 768 2697 838 σαφὲς
2725 768 2789 820 ὲκ
2810 765 2904 819 τοῦ
2937 765 3175 838 πλήθους
3206 765 3317 820 τῶν
3349 766 3513 821 ἐθνῶν
3547 767 3649 823 τῶν
3676 770 3755 826 διὰ

2200 858 2438 931 Χριστοῦ
2471 856 2912 911 πεπιστευκότων
2947 858 3026 920 είς
3049 856 3138 910 τὸν
3168 856 3325 911 Θεόν.
3370 857 3479 912 Καὶ
3505 858 3560 911 ὲν
3586 862 3647 935 τῇ
3668 860 3753 914 τοῦ

2199 950 2615 1022 Δευτερονομίου
2645 948 2702 1002 δὲ
2730 947 2851 1019 ,ᾠδῇ
2884 946 3237 1020 προφητικῶς
3259 946 3510 1020 δηλοῦται
3537 950 3670 1021 ήδιὰ
3693 952 3756 1006 τὰ

2200 1042 2570 1114 ἁμαρτήματα
2597 1036 2691 1091 τοῦ
2726 1037 2990 1110 προτέρου
3029 1035 3158 1090 λαοῦ
3185 1036 3422 1109 ἐσομένη
3446 1037 3551 1091 τῶν
3574 1041 3753 1095 ἀσυνέ-

2198 1152 2305 1189 των
2336 1133 2504 1188 ἐθνῶν
2547 1131 2764 1203 ἐκλογὴ,
2812 1131 2873 1184 οὐ
2903 1131 2969 1185 δι’
3005 1130 3167 1184 ἄλλου
3212 1130 3358 1194 τινὸς
3386 1131 3420 1203 ἢ
3473 1131 3561 1185 τοῦ
3595 1133 3754 1205 Ἰησοῦ

2195 1226 2557 1298 γεγενημένη.
2582 1223 2759 1281 Αὐτοὶ
2788 1223 2917 1297 γὰρ,
2944 1223 3098 1295 φησὶ,
3124 1221 3553 1293 παρεζήλωσὰν
3574 1244 3646 1295 με
3668 1228 3779 1282 ἐπ’·

2195 1323 2267 1375 οὐ
2299 1317 2439 1385 Θεῷ,
2474 1316 2854 1387 παρώργισάν
2888 1333 2966 1386 με
3010 1315 3080 1370 ἐν
3108 1315 3236 1383 τοῖς
3260 1314 3525 1384 εἰδώλοις
3552 1320 3750 1389 αὐτῶν,

2193 1412 2355 1482 κάγὼ
2377 1409 2774 1480 παραζηλώσω
2814 1407 3036 1475 αὐτοὺς
3064 1408 3157 1461 ἐπ’
3197 1410 3313 1463 οὐκ
3344 1407 3519 1471 έθνει,
3546 1412 3633 1465 καὶ
3658 1413 3748 1468 ἐπὶ

2192 1503 2352 1558 ἔθνει
2383 1499 2657 1565 ἀσυνέτῳ
2691 1497 2983 1570 παροργιῶ
3013 1498 3258 1564 αὐτούς.
3298 1498 3409 1552 Kal
3441 1498 3545 1553 ἔστι
3566 1502 3746 1574 σφόδρα

2191 1592 2403 1666 τρανῶς
2443 1590 2769 1645 καταλαϐεῖν
2796 1589 3039 1655 δυνατὸν,
3075 1588 3200 1643 τίνα
3228 1588 3433 1661 τρόπον
3473 1593 3516 1644 ol
3542 1592 3745 1665 λεγόμε-

2191 1699 2271 1737 νοι
2295 1679 2738 1754 παρεζηλωκέναι
2770 1677 2861 1731 τὸν
2882 1675 3016 1730 Θεὸν
3057 1675 3304 1747 Ἑϐραῖοι
3336 1676 3431 1729 ἐπὶ
3448 1675 3521 1748 τῷ
3541 1678 3594 1729 οὐ
3618 1678 3744 1750 Θεῷ,

2191 1774 2285 1829 καὶ
2312 1771 2716 1844 παρωργικέναι
2750 1768 2910 1824 αὑτὸν
2944 1770 3000 1822 ὲν
3023 1771 3136 1834 τοῖς
3159 1766 3403 1831 εἰδώλοις
3419 1769 3606 1834 αὐτῶν,
3624 1789 3743 1843 παρ-

516 1862 733 1916 derunt.
764 1864 871 1918 Sed
903 1876 957 1920 et
1010 1866 1062 1921 in
1108 1867 1507 1923 Deuteronomii
1551 1869 1766 1925 cantico
1813 1885 1908 1940 per
1958 1886 2077 1942 pro-

2189 1864 2502 1936 ωξύνθησαν
2525 1864 2605 1926 εἰς
2625 1861 2952 1933 ζηλοτυπίαν
2973 1862 3067 1916 ἐπὶ
3096 1861 3176 1931 τῷ
3197 1862 3300 1915 οὐκ
3324 1861 3467 1915 ἔθνει
3494 1862 3568 1933 τῷ
3597 1863 3746 1916 ἀσυν-

513 1955 757 2026 pbetiam
788 1956 1105 2030 designatur
1135 1974 1231 2030 pro
1261 1960 1501 2029 peccatis
1528 1960 1732 2029 prioris
1764 1961 1942 2032 populi
1975 1960 2086 2035 (51)

510 2043 693 2115 latura
724 2060 844 2103 esse
896 2049 1186 2105 insensata:
1224 2050 1402 2120 gentis
1428 2049 1631 2106 electio
1664 2068 1677 2105 :
1712 2067 1820 2105 non
1852 2051 1955 2105 alia
1982 2052 2083 2106 uti-

508 2153 617 2208 que
642 2154 804 2210 quam
839 2140 955 2197 hare
1003 2157 1122 2213 qua:
1175 2159 1274 2213 per
1315 2145 1594 2200 Christum
1646 2144 1790 2200 facta
1838 2155 1941 2202 est.
1997 2145 2088 2202 Sic

509 2229 655 2285 enim
688 2231 765 2287 ait
793 2250 806 2287 :
848 2232 1310 2290 Exacerbaverunt
1344 2252 1424 2290 me
1458 2238 1513 2291 in
1546 2236 1848 2291 simulacris
1875 2238 2007 2306 suis,
2035 2248 2086 2292 et

509 2324 695 2393 ega'in
720 2324 831 2381 zelo
862 2328 1132 2383 concitabo
1150 2344 1258 2396 eos,
1282 2328 1394 2400 (52)
1413 2330 1468 2383 in
1494 2340 1645 2401 gente
1665 2333 1939 2402 insipiente
1959 2332 2085 2385 irri-

510 2415 631 2469 tabo
692 2418 810 2473 illos
868 2419 934 2474 “.
979 2420 1074 2474 Est
1128 2436 1259 2491 ergo
1310 2423 1446 2477 satis
1474 2423 1756 2477 evidenter
1785 2438 2083 2494 agnoscere

505 2510 955 2576 quemadmodum
996 2512 1230 2579 Hebraei,
1257 2517 1346 2583 qui
1390 2515 1556 2570 Deum
1597 2517 1962 2573 exacerbasse
2000 2518 2081 2574 di-

505 2611 705 2657 cuntur
739 2604 790 2657 in
824 2605 910 2660 his
931 2607 1021 2675 qui
1053 2622 1158 2659 non
1193 2616 1322 2660 sunt
1353 2607 1451 2673 dii,
1475 2615 1531 2662 et
1578 2607 1829 2663 irritasse
1860 2624 1985 2663 eum
2023 2610 2075 2664 in

505 2693 814 2749 simulacris
844 2697 976 2760 suis,
1012 2697 1209 2751 irritati
1254 2709 1381 2753 sunt
1428 2707 1484 2753 et
1525 2698 1627 2768 ipsi
1667 2700 1720 2754 in
1756 2699 2076 2772 zelotypiam

505 2798 602 2853 per
644 2795 864 2849 gentem
921 2787 1264 2855 insipientem
1294 2831 1311 2855 ,
1361 2805 1524 2858 quam
1573 2791 1717 2844 Deus
1770 2790 1937 2861 elegit
1981 2806 2078 2860 per

504 2876 796 2929 adventum
860 2876 1061 2932 Christi
1116 2875 1277 2943 Jesu,
1338 2887 1395 2933 et
1448 2878 1742 2949 discipulos
1794 2881 1934 2949 ejus.
1988 2878 2079 2935 Sic

501 2965 648 3022 enim
673 2967 806 3022 dicit
833 2968 1126 3038 Apostolus
1159 2987 1171 3023 :
1203 2968 1397 3040 Videte
1442 2971 1581 3025 enim
1619 2972 1940 3026 vocationem
1995 2988 2079 3026 ve-

499 3069 685 3122 stram,
744 3057 960 3127 fratres,
1016 3063 1263 3129 quoniam
1316 3076 1418 3115 non
1465 3062 1615 3115 multi
1655 3064 1912 3130 sapientes
1964 3061 2076 3135 (53)

499 3149 640 3203 inter
667 3166 754 3205 vos
780 3155 1065 3205 secundum
1091 3170 1323 3218 carnem,
1368 3170 1472 3208 non
1510 3155 1663 3208 multi
1700 3164 1954 3225 potentes,
1973 3171 2076 3208 non

495 3240 652 3294 multi
702 3243 898 3297 stabiles
928 3257 947 3296 :
999 3249 1090 3299 sed
1137 3262 1256 3316 qua:
1302 3246 1461 3301 stulta
1508 3258 1628 3302 sunt
1682 3248 1863 3302 mundi
1917 3250 2070 3319 elegit

501 3331 662 3400 Deus,
690 3344 738 3387 et
761 3351 824 3389 ea
856 3352 974 3406 quia
1012 3353 1115 3391 non
1143 3348 1287 3404 sunt,
1333 3348 1390 3392 ut
1433 3355 1494 3391 ea
1536 3356 1654 3411 qua:
1704 3348 1856 3394 erant
1899 3341 2072 3408 prius,

503 3423 792 3481 destrueret
825 3427 920 3487 “i.
956 3428 1072 3483 Non
1112 3446 1240 3500 ergo
1271 3431 1529 3497 glorietur
1561 3431 1674 3504 (54)
1712 3431 1947 3487 carnalis
1995 3432 2073 3488 ls-

504 3514 654 3579 rael;
695 3517 768 3570 ita
804 3519 949 3573 enim
978 3518 1045 3573 ab
1067 3520 1329 3590 Apostolo
1357 3532 1619 3589 vocatur;
1658 3538 1784 3587 non,
1826 3521 2068 3591 inquam,

497 3604 750 3671 glorietur
800 3622 923 3662 caro
947 3609 1001 3662 in
1043 3621 1319 3680 conspectu
1363 3611 1459 3666 Dei
1505 3614 1585 3667 “.
1628 3613 1733 3668 Sed
1782 3623 1838 3669 et
1884 3614 1952 3670 de
1986 3614 2071 3671 his

492 3709 615 3764 quae
675 3696 727 3751 in
780 3697 1010 3755 Psalmis
1070 3704 1470 3774 prophetantur
1509 3704 1577 3758 de
1614 3705 1879 3772 Christo,
1939 3705 2069 3775 quid

497 3785 788 3844 dicendum
839 3803 944 3857 est,
998 3794 1050 3846 in
1101 3808 1168 3851 eo
1211 3797 1446 3851 maxime
1489 3797 1581 3867 qui
1620 3798 2068 3869 superscribitur,

494 3877 771 3934 Canticum
792 3900 886 3950 pro
914 3885 1126 3950 dilecto,
1158 3888 1247 3942 ubi
1292 3888 1547 3952 refertur.
1577 3892 1702 3958 quia
1730 3892 1913 3961 lingua
1951 3889 2068 3957 ejus

492 3968 729 4024 calamus
762 3973 945 4026 scriba:
983 3976 1229 4029 velociter
1273 3978 1550 4033 scribentis
1580 3994 1600 4034 :
1627 3980 1848 4034 decorus
1893 3982 2061 4049 specie

2199 1957 2335 2026 έτῳο
2371 1956 2508 2026 ὅπερ
2536 1955 2565 2007 ὁ
2595 1953 2726 2018 Θεὸς
2765 1953 3039 2021 ἐξελέξατο
3076 1953 3166 2007 διὰ
3191 1953 3294 2024 τῆς
3318 1953 3603 2025 ἐπιδημίας
3630 1956 3669 2008 Χ
3679 1971 3749 2025 μ-

2192 2048 2320 2102 στοῠ
2359 2046 2556 2120 Ἰησοῦ,
2609 2050 2703 2101 καὶ
2751 2046 2860 2100 τῶν
2914 2045 3171 2118 μαθητῶν
3225 2045 3414 2099 αὑτοῦ.
3464 2046 3751 2115 Βλέπομεν

2188 2136 2337 2209 γοῦν
2360 2137 2477 2205 τὴν
2505 2136 2733 2206 κλῆσιν
2770 2135 2957 2205 ἡμῶν,
2988 2135 3078 2189 ὅτι
3100 2135 3174 2190 οὐ
3210 2134 3428 2189 πολλοὶ
3459 2136 3631 2205 σοφοὶ
3657 2152 3752 2190 κα-

2186 2231 2259 2285 τὰ
2293 2229 2512 2298 σάρκα,
2555 2231 2627 2284 οὐ
2675 2227 2894 2283 πολλοὶ
2928 2225 3200 2291 δυνατοὶ,
3241 2229 3316 2280 οὐ
3355 2227 3569 2281 πολλοὶ
3601 2229 3752 2298 εὐγε-

2183 2318 2329 2385 νεῖς,
2360 2317 2521 2373 ἀλλὰ
2540 2317 2611 2371 τὰ
2632 2315 2798 2387 μωρὰ
2817 2315 2923 2370 τοῦ
2944 2317 3177 2384 κόσμου
3202 2314 3524 2381 ἐξελέξατο
3548 2318 3580 2369 ό
3604 2316 3754 2382 Θεὸς,

2182 2410 2284 2464 ἵνα
2304 2409 2678 2477 καταισχύνῃ
2710 2408 2851 2476 τοὺς
2897 2409 3130 2478 σοφούς
3150 2424 3163 2437 ο
3202 2406 3306 2461 καὶ
3336 2405 3411 2461 τὰ
3441 2405 3619 2476 ἀγενῆ
3663 2407 3753 2461 καὶ

2178 2504 2621 2574 ἐξουθενημένα
2654 2503 2973 2569 ἐξελέξατο
3004 2507 3037 2557 ό
3064 2503 3231 2568 Θεὸς,
3269 2503 3370 2557 καὶ
3401 2503 3473 2557 τὰ
3491 2501 3575 2571 μὴ
3602 2502 3751 2566 ὄντα,

2179 2600 2281 2654 ἵνα
2303 2597 2504 2652 ἐκεῖνα
2540 2597 2612 2652 τὰ
2648 2599 2938 2667 πρότερον
2964 2595 3109 2651 ὄντα
3136 2595 3492 2665 καταργήσῃ
3511 2611 3524 2625 ·
3558 2595 3646 2649 καὶ
3684 2594 3751 2667 μὴ

2179 2690 2523 2760 καυχήσηται
2554 2690 2582 2742 ὁ
2616 2689 2750 2760 μετὰ
2792 2688 2969 2759 σάρκα
3014 2686 3253 2759 Ἰσραὴλ,
3302 2686 3627 2758 καλούμενος
3657 2686 3751 2739 ὑπὸ

2178 2782 2272 2835 τοῦ
2315 2780 2638 2834 Ἀποστόλου
2673 2780 2849 2850 σὰρξ,
2902 2779 3131 2834 ἐνώπιον
3162 2779 3327 2833 θεοῦ.
3380 2779 3446 2832 Τί
3474 2779 3530 2833 δὲ
3567 2779 3644 2833 δεῖ
3666 2779 3748 2832 λέ-

2178 2890 2298 2942 γειν
2326 2875 2452 2943 περὶ
2482 2873 2590 2928 τῶν
2623 2875 2681 2928 ὲν
2699 2874 2949 2944 Ψαλμοῖς
2979 2871 3328 2944 προφητειῶν
3348 2872 3475 2944 περὶ
3505 2870 3743 2942 Χριστοῦ,

2179 2965 2340 3036 ᾠδῆς
2368 2983 2511 3030 τινος
2562 2965 3049 3037 ἐπιγεγραμμένης
3087 2965 3242 3035 ὑπὲρ
3283 2965 3393 3022 τοῦ
3432 2964 3741 3036 ἀγαπητοῦ,

2178 3053 2241 3113 οὗ
2293 3060 2326 3129 ἡ
2373 3057 2591 3126 γλῶσσα
2632 3057 2847 3128 λέγεται
2886 3054 3027 3112 εἶναι
3067 3056 3342 3129 κάλαμος
3389 3059 3747 3129 γραμματέως

2182 3147 2553 3219 ὀξυ-γράφου·
2588 3149 2798 3219 ὡραῖος
2831 3151 3043 3205 κάλλει
3066 3150 3224 3219 παρὰ
3272 3150 3416 3216 τοὺς
3448 3149 3612 3216 υἱοὺς
3631 3147 3741 3202 τῶν

2176 3241 2527 3311 ἀνθρώπων,
2567 3241 2693 3294 ἐπεὶ
2737 3240 2994 3310 ἐξεχύθη
3022 3240 3195 3311 χάρις
3240 3242 3316 3294 ἐν
3351 3242 3617 3309 χείλεσιν
3653 3241 3743 3292 αὑ-

2174 3332 2289 3388 τοῦ.
2330 3334 2637 3405 Τεκμήριον
2672 3333 2780 3405 γὰρ
2807 3333 2906 3404 τῆς
2945 3332 3272 3404 ἐκχυθείσης
3313 3335 3534 3405 χάριτος
3565 3335 3621 3386 ὲν
3642 3332 3745 3402 χεί-

2173 3424 2319 3478 λεσιν
2349 3424 2533 3490 αὐτοῦ,
2566 3425 2645 3490 τὸ,
2684 3425 2865 3493 ὀλίγου
2912 3424 3381 3497 διαγεγενημένου
3424 3425 3609 3497 χρόνου
3658 3423 3749 3494 τῆς

2171 3516 2517 3580 διδασκαλίας
2545 3517 2731 3583 αὑτοῦ,
2768 3517 3011 3572 ἐνιαυτὸν
3039 3518 3146 3590 γάρ
3180 3533 3284 3571 που
3319 3518 3416 3571 καὶ
3448 3518 3617 3588 μῆνας
3647 3515 3744 3569 ὀλί-

2171 3624 2303 3678 γους
2333 3608 2590 3677 ὲδίδαξεν,
2623 3607 3018 3682 πεπληρῶσθαι
3049 3609 3148 3680 τὴν
3184 3609 3515 3681 οἰκουμένην
3553 3608 3646 3679 τῆς
3669 3607 3741 3659 δι-

2169 3699 2463 3765 δασκαλίας
2504 3700 2669 3754 αὑτοῦ
2702 3701 2798 3754 καὶ
2824 3701 2921 3773 τῆς
2944 3700 3010 3754 δι’
3039 3700 3202 3754 αὐτοῦ
3233 3698 3565 3764 θεοσεϐείας.
3600 3700 3741 3751 Ἀνα-

2168 3793 2392 3848 τέταλκε
2433 3794 2542 3867 γὰρ
2587 3795 2657 3850 έν
2696 3794 2824 3862 ταῖς
2862 3793 3110 3864 ἡμέραις
3145 3793 3338 3849 αὑτοῦ
3377 3794 3737 3859 δικαιοσύνη,

2168 3886 2269 3940 καὶ
2312 3886 2545 3956 πλῆθος
2583 3886 2827 3957 εἰρήνης
2858 3886 3174 3957 παραμένον
3210 3887 3318 3950 ἕως
3370 3886 3681 3948 συντελείας,
3712 3882 3737 3934 ὃ

2167 3979 2545 4051 ἀνταναίρεσις
2576 3979 2887 4049 ὠνόμασται
2917 3979 3166 4051 σελήνης,
3189 3978 3284 4033 καὶ
3302 3979 3475 4049 μένει
3502 3994 3739 4031 κατακυ-

491 4075 651 4127 super
680 4062 823 4129 ﬁlios
858 4065 1151 4130 hominum,
1185 4070 1439 4136 quoniam
1480 4071 1649 4139 e/fusa
1687 4083 1761 4125 es!
1797 4073 1970 4142 gratia
2006 4072 2060 4126 in

2179 4071 2366 4125 ῡιεῦον
2390 4070 2510 4126 ἀπὸ
2537 4070 2855 4138 θαλάσσης
2880 4070 2991 4136 ἕως
3018 4069 3360 4138 θαλάσσης,
3391 4070 3488 4125 καὶ
3509 4069 3618 4124 ἀπὸ
3642 4082 3737 4120 πο-

494 4149 650 4205 labiis
696 4153 814 4224 ejus
860 4154 952 4211 ⁸⁸⁸.
1003 4156 1400 4227 (55)ludicium
1439 4169 1617 4216 autem
1651 4162 1835 4218 ellusze
1871 4164 2060 4232 gratiae

2165 4161 2365 4232 ταμῶν
2396 4162 2506 4229 ἕως
2541 4161 2810 4233 περάτων
2834 4162 2946 4232 τῆς
2977 4163 3355 4233 οἰκουμένης.
3398 4164 3506 4217 Kal
3538 4161 3730 4216 δέδοται

1728 4255 2289 4312 INTERPRETATIO
2328 4256 2536 4312 NOVA.

460 4360 463 4361 ν
492 4337 622 4421 tium
656 4345 877 4421 propter
906 4342 1308 4421 prio_ris_populi
1345 4357 1566 4421 peccata
1604 4348 1781 4403 futura
1827 4351 2020 4405 electio
2048 4351 2362 4420 prophetica
2415 4352 2752 4411 declaratur.
2793 4367 2914 4419 quin
2942 4366 3046 4405 non
3101 4367 3198 4419 per
3227 4350 3394 4405 alium
3429 4366 3586 4421 quam
3639 4364 3727 4416 per

490 4407 671 4464 τιθευηὶ
703 4410 843 4465 facta
866 4407 971 4501 est.
1005 4407 1144 4496 Ipsi'
1168 4407 1570 4500 eitum-inquit,
1601 4437 1682 4472 me
1709 4407 2115 4501 provocaeertt'nt
2142 4407 2194 4474 in
2222 4421 2523 4501 coqui-non
2553 4435 2663 4501 erat
2687 4407 2853 4501 pini,
2878 4432 2927 4501 et
2953 4407 3291 4474 irrita'aerunt
3315 4425 3371 4475 in
3395 4407 3552 4501 ill-olis
3580 4407 3720 4501 suis:

490 4488 540 4531 et
562 4485 965 4561 egoprovocubo
988 4501 1074 4538 eos
1096 4487 1231 4561 ineo
1251 4489 1340 4561 qui
1367 4485 1467 4561 non
1490 4500 1566 4561 est
1586 4485 1829 4558 populus,
1860 4503 1905 4544 et
1932 4493 1985 4544 ir.
2013 4503 2162 4561 gente
2190 4485 2353 4545 stulta
2405 4493 2628 4544 irritabo
2680 4492 2821 4546 illos.
2873 4496 3049 4560 Atque
3072 4502 3260 4561 aperte
3283 4493 3506 4547 omnino
3530 4490 3722 4561 perspi-

491 4562 616 4631 cere
643 4549 906 4637 licetquo
935 4564 1103 4640 pacto.
1124 4549 1331 4640 liebr-lei
1365 4559 1460 4639 qui
1493 4549 1664 4640 Deum
1684 4549 1943 4640 dicuntur
1983 4549 2049 4640 iuvi
2077 4577 2142 4640 eo
2177 4563 2264 4631 qui
2294 4578 2399 4640 non
2443 4572 2565 4614 erat
2595 4564 2732 4616 Deus
2778 4563 2844 4615 ad
2875 4549 3287 4640 milittlationenr
3313 4549 3722 4640 provocasseiet

492 4618 668 4708 ipsum
697 4618 947 4708 irritasse
968 4628 1020 4678 iu
1052 4627 1210 4708 idolis
1236 4618 1619 4708 suisfincitati
1646 4631 1763 4708 sint
1795 4634 1860 4708 ad
1893 4618 2295 4708 mntulation'em
2343 4633 2393 4684 in
2423 4647 2531 4708 non
2586 4642 2852 4708 gente,_et
2899 4633 2950 4684 in
2983 4642 3143 4701 gente
3183 4618 3348 4685 stult'a
3369 4648 3544 4708 ‘quam
3577 4618 3727 4708 elegit

494 4689 638 4747 Deus
662 4705 760 4761 per
794 4696 1085 4749 adventum
1116 4695 1243 4752 Jcsu
1277 4689 1504 4765 Christi,
1535 4709 1592 4767 et
1625 4701 1921 4769 discipulos
1954 4703 2091 4769 ejus.
2126 4700 2384 4757 Videmus
2423 4689 2939 4772 igiturvvocalionem
2980 4689 3248 4770 nostram,
3291 4689 3420 4772 quid
3457 4719 3556 4757 non
3586 4689 3726 4754 multi

558 4822 606 4864 ⁸⁸
633 4824 851 4881 Denter.
899 4840 1068 4890 χχιιι,
1111 4827 1202 4881 21.
1281 4826 1403 4882 “'1
1447 4829 1574 4886 Cor.
1623 4847 1667 4899 ι,
1705 4830 1891 4888 26-28.
1968 4834 2012 4867 ⁸⁸
2044 4837 2077 4890 ιι

2220 4836 2312 4894 29.
2392 4838 2459 4870 ⁶⁸⁴
2499 4836 2642 4893 Psal.
2674 4854 2832 4906 XLIV,
2874 4839 2985 4894 1-5.

700 4957 767 5047 in
794 4976 900 5047 quo
917 4964 1503 5047 exspectatiolgentium
1547 4978 1645 5024 est.
1683 4968 1818 5047 [late
1839 4973 2048 5047 deside-
2080 4979 2125 5033 D
2154 4992 2457 5047 agnoscere.

486 5022 678 5109 rantur
705 5031 758 5084 in
782 5022 1033 5109 ornantibus
1060 5042 1169 5109 tam
1202 5022 1359 5109 editis
1384 5053 1544 5104 quam
1574 5022 2048 5109 mss.huju—s‘dpo-

485 5096 673 5180 legite;
701 5101 794 5182 sed
825 5109 1040 5182 esstant
1098 5101 1153 5157 in
1194 5096 1448 5160 omnibus
1485 5110 1763 5166 codicibus
1794 5096 1872 5166 De
1898 5096 2049 5182 prin-

485 5169 657 5236 cipiis,
686 5179 741 5223 et
762 5171 814 5224 in
844 5171 1055 5228 Grieco.

557 5236 671 5308 (51)
709 5238 835 5294 Mss.
868 5242 1200 5297 Sorbonicus
1247 5252 1302 5298 et
1327 5244 1387 5298 S.
1414 5244 1694 5303 Michaelis
1723 5248 1775 5302 in
1800 5249 2047 5308 Pericula

484 5308 689 5395 maris,
721 5310 957 5395 futuram
984 5327 1093 5395 esse
1124 5314 1407 5395 insensata:
1425 5318 1593 5395 gentis
1622 5319 1923 5395 electionem
1948 5321 2044 5395 [aL

482 5376 842 5453 delationem]
879 5396 980 5434 non
1009 5382 1171 5453 aliam
1200 5387 1397 5453 utique,
1422 5376 1526 5440 élc.
1558 5386 1662 5443 Sed
1697 5393 1877 5445 caueri
1911 5376 2043 5450 uiss.

479 5458 536 5501 et
582 5446 733 5514 editi,
764 5446 972 5504 ne‘cuon
1020 5452 1143 5507 libri
1185 5446 1605 5526 De'principiis,
1651 5468 1708 5514 ut
1758 5461 1809 5514 in
1862 5446 2046 5518 nostru

484 5527 654 5570 ιθκιιι.
1340 5530 1350 5546 ’

554 5585 669 5656 (ΒΞ)
701 5583 773 5667 In
792 5592 1260 5667 gent_e_insipiente
1299 5596 1522 5649 irritabo
1555 5597 1696 5652 illos.
1729 5598 1854 5655 Haec
1904 5603 2043 5658 desi-

480 5654 741 5730 derantur
762 5654 815 5711 in
840 5660 1003 5715 editis
1032 5654 1098 5716 ιη’
1113 5680 1243 5720 mss.
1278 5668 1518 5730 nostris;
1562 5670 1655 5722 sed
1684 5654 2043 5727 restituuntur

481 5740 548 5810 ex
574 5726 823 5810 omnibus
855 5732 1134 5810 codicibus
1180 5733 1441 5810 librorum
1470 5726 1609 5810 Περὶ
1641 5739 1865 5810 ἀρχῶν,
1893 5752 1949 5797 et
1974 5726 2038 5799 ex

480 5795 687 5855 Graeco.
723 5798 922 5856 Deinde
938 5801 1067 5857 editi
1092 5818 1375 5872 perperam
1400 5795 1597 5863 habent
1628 5795 1917 5868 thé'ndere'
1937 5795 2039 5884 pro

2225 5048 2339 5120 (55)
2412 5048 2563 5103 Inter
2620 5064 2731 5104 vos.
2799 5050 2915 5103 Duo
2994 5049 3109 5105 haec
3175 5053 3340 5107 verba
3415 5054 3605 5109 desunt
3667 5049 3715 5104 in

2152 5119 2340 5172 editis.

2218 5186 2611 5264 (δωρον-ποιῶ
2639 5187 2853 5254 Israel;
2879 5189 3135 5264 itaienim
3186 5190 3282 5264 [aL
3329 5194 3403 5249 sic
3446 5189 3710 5264 enim]gab

2149 5257 2401 5334 dpostolo
2446 5271 2666 5334 vocatur
2695 5273 2714 5311 :
2765 5276 2913 5324 non,
2960 5257 3208 5334 inquam;
3264 5264 3533 5334 glorietur.
3584 5257 3704 5316 llmc

2149 5329 2346 5382 desunt
2390 5331 2442 5382 in
2489 5329 2643 5383 libris
2689 5339 2850 5383 antea
2906 5329 3105 5400 editis,
3154 5344 3209 5387 et
3253 5329 3603 5390 restituuntur
3643 5344 3703 5385 ex

2149 5413 2278 5454 IIISS.

2223 5468 2335 5537 (55)
2356 5467 2623 5522 Indicium
2651 5476 2823 5542 autem
2857 5470 3041 5540 e/I‘usw
3068 5473 3252 5540 gratia:
3292 5474 3347 5528 in
3377 5473 3527 5528 labiis
3575 5472 3697 5542 ejus.

2152 5536 2275 5591 lla'c
2319 5536 2646 5593 emittuntur
2692 5539 2746 5593 iu
2787 5536 2947 5594 editis
2990 5549 3045 5595 et
3068 5536 3137 5594 'in
3183 5559 3314 5598 mss.
3348 5536 3700 5608 nostris;'sed

2150 5609 2516 5678 restituuntur
2548 5624 2615 5662 ex
2642 5610 2894 5665 omnibus
2945 5612 3224 5666 codicibus
3267 5613 3526 5668 librorum
3562 5606 3701 5678 Περὶ

2147 5676 2367 5747 ἀρχῶν,
2390 5690 2442 5733 et
2469 5695 2533 5733 ex
2563 5678 2773 5744 Graeco,
2808 5696 2872 5735 ac
2901 5684 3228 5736 restituenda
3261 5683 3534 5738 videntur.
3560 5676 3705 5734 Dein-

2147 5752 2226 5823 de,
2244 5750 2372 5802 editi
2419 5764 2722 5823 perperam.
2758 5751 2998 5823 doctrina
3027 5768 3140 5821 ejus
3170 5751 3373 5823 di/Tusa
3414 5760 3491 5809 est
3525 5764 3541 5804 ε
3572 5760 3701 5802 anno

2146 5820 2305 5883 erunt,
2337 5831 2439 5875 etc.
2476 5817 2606 5875 Mss.
2630 5835 2759 5877 vero
2793 5833 2849 5876 ut
2888 5822 2940 5876 in
2974 5817 3145 5876 testu.
