4020 6306
388 377 492 435 579

1603 375 1661 432 S.
1701 375 2027 432 PAMPHILI
2071 374 2420 430 MARTYRIS

3533 377 3640 435 580

388 501 498 555 lum
565 498 974 554 Samosatenum
1005 540 1019 565 ,
1085 497 1274 567 purum
1347 491 1628 553 hominem
1659 541 1673 563 ,
1729 498 1783 552 id
1833 509 1917 554 est
1942 541 1957 566 ,
1990 507 2034 560 Α
2065 498 2130 552 ad
2160 497 2325 551 Deum
2357 495 2572 549 Patrem
2600 494 2788 548 retulit
2819 494 2960 551 hanc
2999 510 3206 561 vocem,
3242 495 3466 554 dicens:
3497 500 3642 564 Quia
3692 565 3705 578 .

387 593 680 647 nonetiam
714 592 877 645 Deum
916 591 1096 644 dicere
1134 585 1415 642 Christum
1462 589 1660 643 Filium
1695 589 1811 644 Dei.

457 688 513 741 4.
549 685 656 754 (65)
687 683 834 746 Post,
866 685 966 736 ista
1025 691 1132 745 est,
1164 698 1282 750 quae
1327 682 1446 736 istis
1491 682 1743 736 omnibus
1775 682 1958 736 adver-

392 787 552 829 satur
581 775 742 845 (carca
785 772 925 826 enim
962 779 1043 824 est
1069 770 1314 843 malitia),
1343 772 1486 840 quod
1509 772 1695 826 dicunt
1726 788 1848 826 eum
1879 773 1959 826 di-

389 865 769 935 cere,60xﬁcn,
797 862 846 915 id
874 870 977 923 est,
1003 862 1244 928 putative
1285 872 1512 924 tantum,
1540 871 1594 916 et
1627 877 1722 930 per
1758 862 1959 931 allego-

391 956 548 1018 riam,
577 970 680 1008 non
711 955 874 1009 etiam
902 953 1203 1006 secundum
1247 969 1308 1007 ea
1360 969 1482 1022 quae
1531 969 1626 1022 per
1673 954 1956 1007 historiam

389 1047 718 1113 referuntur,
751 1058 900 1118 gesta
934 1063 1054 1102 esse
1083 1046 1263 1100 omnia
1295 1060 1416 1114 qua:
1440 1063 1468 1100 a
1495 1045 1776 1100 Salvatore
1807 1056 1958 1115 gesta

385 1149 532 1194 sunt.

456 1232 510 1286 5.
543 1231 654 1302 (δι)
689 1232 804 1285 Alia
841 1244 1057 1300 quoque
1099 1229 1409 1284 criminatio
1430 1239 1535 1294 est,
1571 1244 1673 1299 qua
1707 1237 1960 1282 asserunt

386 1338 512 1376 eum
547 1324 679 1376 duos
705 1323 952 1376 Christos
983 1323 1300 1390 praedicare.

468 1416 520 1467 6.
559 1414 777 1467 Addunt
824 1413 953 1466 illud
994 1427 1230 1482 quoque,
1280 1411 1420 1481 quod
1471 1411 1727 1465 historias
1770 1424 1960 1478 corpo-

394 1507 557 1569 rales,
583 1521 703 1572 qua:
731 1519 828 1573 per
858 1519 1071 1557 onmem
1126 1515 1372 1559 sanctam
1422 1505 1762 1572 Scripturatn
1817 1504 1960 1557 refe-

387 1613 583 1658 runtur
618 1605 681 1658 de
709 1605 878 1673 gestis
899 1614 1236 1666 sanctorum,
1272 1604 1490 1671 penitus
1534 1603 1782 1670 deneget.

457 1696 509 1749 7.
552 1695 655 1749 Sed
698 1706 751 1749 et
803 1696 867 1749 de
909 1695 1304 1748 resurrectione
1353 1702 1725 1755 mortuorum,
1790 1701 1843 1745 et
1897 1691 1963 1746 de

386 1787 674 1856 impiorum
711 1788 887 1854 pmnis
933 1797 1038 1837 non
1089 1783 1191 1838 levi
1243 1783 1558 1852 impugnant
1596 1795 1718 1834 eum
1755 1780 1957 1833 calum-

2060 588 2198 642 Deus
2231 590 2461 641 Charitas
2492 595 2565 639 est
2591 587 2679 640 "°‘.
2732 586 2834 642 Sed
2877 603 3091 642 rursum
3119 604 3184 644 es
3226 590 3337 658 ipsa
3373 590 3489 658 ejus
3520 592 3646 660 Epi-

2059 679 2198 734 stola
2236 678 2572 747 proferemus
2598 688 2653 733 et
2683 680 2810 733 illud
2850 683 2992 751 quod
3024 681 3143 734 ait:
3178 681 3520 748 Charissimi,
3559 685 3648 736 di-

2057 773 2282 840 ligamus
2334 771 2586 835 invicem,
2637 771 2881 840 quoniam
2918 772 3152 825 charitas
3187 789 3251 826 ea;
3302 772 3409 826 Deo
3435 782 3511 826 est
3562 774 3641 825 7‘.

2060 861 2170 930 (69)
2211 861 2309 927 Qui
2359 863 2699 936 ergogdixit:
2739 860 2876 926 Quia
2935 861 3075 916 Deus
3120 863 3350 916 charitas
3391 874 3491 927 est,
3527 863 3646 933 ipse

2060 950 2254 1004 iterum
2284 951 2602 1006 charitatem
2633 955 2790 1004 docet
2817 967 2935 1006 esse
2959 966 3024 1006 ex
3070 952 3178 1006 Deo
3205 967 3220 1005 :
3255 968 3420 1022 quam
3459 955 3644 1008 chari-

2063 1052 2224 1097 tatem
2262 1045 2424 1097 credo
2465 1060 2569 1097 non
2619 1059 2743 1098 esse
2777 1043 2961 1109 alium,
3013 1045 3116 1098 nisi
3166 1045 3503 1114 unigenitum
3556 1047 3646 1099 Fi-

2061 1133 2187 1188 lium
2225 1137 2362 1204 ejus,
2400 1136 2539 1190 sicut
2575 1136 2742 1190 Deum
2775 1151 2842 1190 ex
2888 1138 3028 1201 Deo,
3077 1137 3150 1190 ita
3196 1139 3515 1192 charitatem
3567 1152 3640 1193 ex

2061 1230 2330 1284 charitate
2362 1231 2726 1301 progenitum.
2758 1247 2777 1280 ι

2133 1323 2455 1378 Paurmws.
2495 1327 2566 1379 De
2599 1326 2802 1380 eisdem
2848 1323 2901 1378 in
2948 1324 3139 1394 quinto
3175 1323 3313 1378 libro
3355 1324 3420 1378 de
3466 1323 3647 1378 Evan-

2062 1416 2209 1486 gelio
2237 1418 2532 1469 secundum
2564 1415 2852 1470 Joannem.

2133 1509 2423 1562 ORIGENES.
2467 1507 2577 1577 (70)
2610 1525 2628 1559 ‹
2664 1507 2983 1576 Unigenitus
3033 1506 3201 1560 Filius
3247 1504 3493 1560 Salvator
3537 1519 3632 1558 no-

2064 1611 2197 1664 Slet',
2229 1602 2314 1668 qui
2349 1599 2495 1653 solus
2529 1614 2592 1652 ex
2631 1599 2792 1654 Patre
2827 1609 2986 1653 natus
3017 1608 3119 1665 est,
3164 1597 3314 1654 solus
3349 1607 3537 1651 natura
3580 1605 3642 1651 et

2063 1708 2169 1747 non
2190 1693 2494 1760 adoptione
2525 1691 2689 1746 Filius
2714 1701 2813 1745 est.
2843 1710 2862 1743 ι

2135 1783 2245 1854 (71)
2279 1783 2606 1838 PAMPHILUS.
2644 1783 2772 1837 Item
2805 1783 2857 1836 in
2892 1783 3010 1850 ipso
3042 1781 3199 1836 libro.

388 1880 508 1944 nia,
553 1877 699 1931 velut
750 1882 1032 1944 negantem
1081 1873 1461 1944 peccatoribus
1502 1870 1783 1926 inferenda
1837 1885 1959 1925 esse
1993 1863 2034 1921 Β
2133 1873 2419 1928 ORIGENES.
2461 1892 2480 1924 ‹
2511 1873 2660 1927 Unus
2707 1888 2836 1940 ergo
2866 1881 2950 1926 est
2985 1888 3144 1926 verus
3185 1871 3324 1926 Deus
3365 1873 3454 1941 qui
3493 1871 3640 1927 solus

387 1968 671 2038 supplicia.
1608 2025 1610 2028 ,

456 2062 509 2116 8.
553 2060 778 2126 Quidam
815 2071 946 2112 vero
997 2055 1388 2124 disputationes
1436 2053 1574 2123 ejus,
1621 2053 1706 2107 vel
1740 2052 1956 2122 Opinio-

388 2168 507 2217 nes,
547 2166 682 2220 quas
720 2153 785 2204 de
823 2149 1016 2203 animae
1053 2158 1197 2203 statu
1242 2147 1325 2202 vel
1356 2146 1757 2217 dispensatione
1790 2145 1960 2200 disse-

389 2245 514 2307 ruit,
545 2242 782 2311 culpant.

457 2333 513 2388 9.
555 2334 666 2402 (65)
709 2332 903 2388 Ultima
945 2345 1074 2386 vero
1104 2329 1342 2384 omnium
1378 2338 1458 2383 est
1493 2329 1808 2382 criminatio
1846 2327 1957 2392 illa,

385 2439 506 2494 qua:
547 2439 668 2478 cum
700 2423 847 2476 omni
910 2420 1256 2474 infamatione
1296 2418 1644 2487 dispergitur,
1689 2434 1960 2485 μετενσω-

387 2513 702 2586 ματώσεως.
738 2514 789 2568 id
833 2520 934 2577 est,
976 2511 1116 2580 quod
1163 2511 1425 2564 lutmanas
1464 2508 1675 2563 animas
1723 2510 1774 2562 in
1813 2515 1959 2562 muta

385 2606 661 2670 animalia,
702 2605 785 2658 vel
815 2611 1114 2672 serpentes,
1147 2601 1227 2653 vel
1264 2601 1498 2669 pecudes
1538 2610 1750 2654 asserat
1786 2610 1961 2653 trans-

387 2696 582 2750 mutari
613 2705 729 2763 post
762 2701 1090 2753 mortem,'et
1123 2691 1262 2758 quod
1305 2691 1466 2744 etiam
1512 2690 1641 2760 ipsa:
1689 2699 1958 2745 mutorum

384 2786 697 2841 animalium
749 2784 942 2838 anima:
992 2781 1341 2836 rationabiles
1381 2782 1507 2835 sint.
1556 2781 1726 2848 Quam
1772 2781 1960 2836 crimi-

386 2879 655 2934 nationem
708 2877 910 2929 idcirco
942 2873 1291 2927 novissimam
1345 2874 1648 2941 posuimus,
1695 2883 1754 2926 ut
1807 2873 1957 2942 plura

386 2971 454 3026 de
484 2971 632 3025 libris
659 2969 776 3037 ejus
800 2975 1187 3022 coacervantes
1215 2963 1485 3032 exempla,
1515 2963 1819 3018 evidentius
1843 2963 1959 3031 ejus

386 3061 596 3116 falsitas
629 3069 972 3114 nosceretur.

457 3149 516 3206 Si
560 3165 690 3221 ergo
719 3153 874 3205 .bene
913 3149 1254 3204 meminimus
1289 3143 1401 3218 (66)
1453 3144 1661 3198 ordinis
1698 3144 1958 3199 crimina-

386 3243 593 3296 tionum
635 3257 791 3310 quem
838 3256 997 3309 supra
1051 3236 1511 3308 conscripsimus,
1560 3235 1881 3304 incipiamus
1927 3252 1959 3291 a

385 3335 584 3405 prima.

527 3425 640 3498 (67)
681 3439 963 3479 nesrousm
1012 3440 1078 3478 AD
1120 3435 1322 3476 ριιηωι
1369 3431 1815 3474 οιιηιιηλτιοαειι.

387 3539 543 3606 Quod
575 3556 638 3594 ea:
681 3537 790 3592 Deo
842 3535 1002 3591 Patre
1046 3548 1196 3590 natus
1247 3544 1322 3590 est
1371 3532 1567 3596 Filius,
1608 3541 1655 3584 et
1692 3533 1849 3606 unius
1879 3537 1956 3606 est

456 3626 572 3664 cum
619 3609 773 3662 Patre
810 3609 1152 3672 substantiae;
1194 3607 1396 3660 alienus
1430 3620 1544 3658 vero
1575 3620 1606 3656 a
1640 3603 1952 3656 substantiis

454 3691 841 3735 creaturarum.

563 3794 663 3864 (Ex
703 3793 875 3861 primo
909 3791 1045 3846 libro
1079 3789 1331 3860 Epistola:
1363 3789 1429 3842 ad
1459 3787 1780 3857 Romanos.)

457 3884 567 3955 (68)
595 3885 885 3938 ORIGENES.
924 3902 941 3933 ‹
965 3883 1182 3948 Quaerat
1214 3881 1460 3936 fortassis
1490 3881 1683 3949 aliquis
1713 3881 1756 3934 si
1791 3879 1960 3936 Filius

386 3975 624 4029 Charitas
663 3983 770 4038 est,
811 3973 1082 4042 prazcipue
1119 3980 1338 4040 propter
1391 3973 1491 4026 hoc
1535 3971 1674 4040 quod
1723 3970 1959 4025 Joannes

457 4087 527 4118 το*
570 4085 588 4139 l
636 4085 890 4148 δοίημεν,
923 4087 977 4149 8,
1012 4084 1097 4138 l6.
1171 4066 1390 4138 "nam.
1422 4083 1472 4134 7.
1544 4085 1610 4114 τι·
1651 4079 2046 4147 lTim.v1,l6-

387 4173 570 4220 um,
602 4160 656 4213 6.
732 4157 797 4186 ⁷³’
837 4157 968 4210 ibid.

463 4247 572 4320 (65)
613 4247 775 4320 Editi,
823 4257 1008 4320 quarta
1031 4247 1302 4320 post‘istas
1334 4241 1545 4320 sst._Et
1589 4241 1749 4311 paulo
1778 4250 1900 4312 post
1932 4260 1948 4297 :

386 4312 505 4389 qua:
547 4312 704 4389 juxta
757 4312 1028 4370 historiam
1083 4315 1403 4384 referuntur.
1441 4312 1546 4367 Sed
1578 4328 1764 4367 attines
1798 4328 1950 4366 «uss.

389 4401 448 4444 ut
474 4390 525 4442 in
555 4398 738 4443 nostro
766 4398 936 4442 textu.

462 4459 574 4529 (64)
629 4460 793 4529 Editi,
839 4457 1024 4529 quinta
1063 4454 1170 4529 illa
1203 4468 1448 4529 quoque;
1491 4461 1545 4507 et
1585 4451 1844 4529 deinceps
1893 4451 1949 4506 in

388 4525 861 4597 subsequentibus
885 4526 1126 4579 articulis
1160 4525 1380 4589 habent,
1409 4535 1626 4597 sexta...
1655 4525 1946 4597 septima...

2060 1958 2210 2012 habet
2273 1960 2746 2024 immortalitatem,
2805 1963 2970 2013 lucem
3032 1961 3232 2014 habitat
3302 1961 3641 2015 inaccessibi-

2060 2049 2160 2105 lem
2183 2049 2274 2102 ⁷¹“.
2308 2050 2458 2105 Unus
2498 2060 2553 2105 et
2587 2067 2745 2106 verus
2781 2050 2942 2117 Deus,
2971 2067 3038 2105 ne
3079 2052 3283 2106 scilicet
3305 2052 3486 2106 multis
3516 2054 3632 2107 veri

2063 2141 2156 2194 Dei
2201 2157 2394 2195 nomen
2429 2143 2720 2196 convenire
2752 2143 3057 2198 credamus.
3102 2143 3176 2196 Ita
3210 2160 3339 2215 ergo
3370 2155 3423 2199 et
3455 2145 3508 2198 hi
3545 2146 3639 2213 qui

2061 2234 2329 2302 accipiunt
2358 2233 2601 2301 spiritum
2634 2234 2927 2292 adoptionis
2979 2234 3238 2302 ﬁliorum,
3282 2236 3337 2288 in
3382 2253 3486 2304 quo
3523 2235 3640 2306 (7i)

2060 2325 2367 2389 clamamus,
2396 2325 2562 2389 Abba,
2613 2325 2774 2378 Pater
2805 2327 2871 2390 ⁷⁸,
2923 2325 3016 2380 filii
3065 2327 3280 2396 quidem
3333 2327 3423 2382 Dei
3473 2337 3638 2393 sunt,

2063 2419 2156 2472 sed
2209 2432 2316 2472 non
2367 2419 2505 2472 sicut
2557 2418 2862 2484 unigenitus
2911 2419 3097 2474 Filius.
3136 2417 3456 2489 Unigenitus
3495 2421 3642 2474 enim

2073 2519 2267 2563 natura
2306 2509 2496 2574 Filius,
2525 2518 2578 2563 et
2627 2524 2860 2578 semper,
2893 2518 2946 2564 et
2991 2511 3430 2580 inseparabiliter
3467 2512 3643 2566 Filius

2063 2607 2197 2654 est:
2259 2601 2439 2654 caueri
2501 2615 2630 2655 vero
2696 2616 2792 2670 pro
2850 2617 2915 2655 eo
2977 2604 3118 2670 quod
3172 2612 3523 2672 susceperunt
3585 2605 3642 2656 in

2061 2710 2120 2748 se
2150 2693 2343 2746 Filium
2382 2693 2506 2757 Dei,
2534 2703 2839 2759 potestatem
2874 2695 2985 2764 (75)
3023 2707 3347 2763 acceperunt
3377 2692 3506 2747 Filii
3539 2694 3641 2747 Dei

2060 2785 2195 2852 ﬁeri.
2229 2783 2332 2850 Qui
2367 2784 2486 2838 licet
2522 2802 2624 2838 non
2664 2801 2727 2838 ea:
2766 2787 3042 2854 sanguine,
3077 2803 3238 2856 neque
3277 2802 3341 2840 ea:
3372 2804 3416 2840 vt
3440 2787 3642 2842 Zantale

2061 2874 2262 2937 carnis,
2312 2890 2478 2942 neque
2527 2889 2594 2927 ea:
2641 2874 2907 2928 voluntate
2947 2877 3082 2941 viri,
3126 2878 3215 2930 sed
3258 2894 3322 2931 ea:
3371 2877 3474 2931 Deo
3527 2880 3641 2932 nati

2061 2969 2163 3020 sint
2194 2967 2287 3030 τυ,
2335 2982 2440 3019 non
2476 2977 2653 3019 tamen
2709 2981 2769 3020 ea
2823 2969 3112 3023 nativitate
3165 2980 3292 3023 sunt
3341 2971 3488 3033 nati,
3529 2987 3640 3040 qua

2063 3065 2220 3110 natus
2250 3065 2332 3110 est
2367 3057 2675 3126 unigenitus
2710 3057 2896 3113 Filius.
2933 3059 3153 3129 Propter
3198 3061 3338 3130 quod
3382 3073 3642 3132 quantam

2062 3148 2421 3202 differentiam
2480 3164 2637 3204 verus
2682 3151 2818 3205 Deus
2849 3152 3009 3206 habet
3046 3153 3111 3206 ad
3139 3168 3231 3208 eos
3273 3154 3466 3223 quibus
3505 3154 3644 3209 dici-

2071 3251 2196 3294 tur:
2257 3239 2368 3309 Ego
2421 3241 2537 3294 dixi
2572 3257 2591 3293 :
2637 3241 2726 3294 Dii
2767 3247 2889 3298 estis
2915 3245 2982 3310 ⁷³,
3026 3256 3228 3300 tantam
3283 3246 3642 3302 differentiam

2067 3332 2228 3384 habet
2256 3347 2414 3386 verus
2443 3331 2609 3386 Filius
2634 3335 2701 3387 ad
2729 3348 2822 3389 eos
2841 3335 2929 3402 qui
2959 3337 3182 3391 audiunt
3213 3353 3227 3391 :
3260 3335 3390 3391 Filii
3423 3337 3640 3392 Επειεὶ

2065 3437 2242 3475 omnes
2266 3422 2356 3475 7".
2387 3441 2405 3473 ι

2133 3511 2456 3567 PAMPHILUS.
2502 3513 2573 3567 De
2614 3513 2766 3569 libris
2811 3514 3059 3585 Epistolas
3087 3517 3151 3571 ad
3200 3516 3472 3583 Hebrzeos,
3505 3535 3644 3590 quo-

2065 3606 2221 3658 niodo
2249 3605 2357 3675 (74)
2407 3605 2688 3674 ὁμοούσιος
2728 3616 2810 3661 est
2841 3625 2961 3661 cum
3015 3609 3173 3662 Patre
3207 3608 3394 3675 Filius,
3433 3613 3484 3666 id
3517 3623 3641 3677 est,

2066 3697 2224 3750 unius
2258 3713 2378 3750 cmn
2424 3697 2580 3752 Patre
2613 3699 2944 3764 substantiae,
2977 3700 3184 3756 alienus
3215 3712 3394 3756 autem
3436 3719 3465 3757 a
3508 3706 3643 3758 sub-

2065 3790 2279 3844 stantiis
2310 3801 2598 3846 creaturae.

2137 3879 2424 3936 ORIGENES.
2474 3884 2584 3952 (75)
2635 3901 2654 3935 ‹
2699 3882 3103 3953 InterrOgumus
3155 3885 3317 3956 igitur
3358 3900 3452 3940 eos
3502 3901 3642 3953 quos

2065 3970 2210 4040 piget
2257 3972 2502 4025 confiteri
2559 3972 2725 4026 Deum
2776 3988 2898 4027 esse
2947 3973 3142 4027 Filium
3185 3975 3315 4040 Dei,
3368 3980 3642 4045 quomodo

2153 4082 2199 4111 τ’
2240 4082 2394 4136 Rom.
2425 4097 2544 4148 vm,
2575 4083 2660 4142 l5.
2755 4085 2819 4116 ⁷⁸⁵
2859 4084 3014 4139 Joan.
3044 4101 3082 4151 ι,
3121 4086 3212 4153 12,
3243 4087 3328 4140 l3.
3405 4087 3452 4116 ⁷³
3488 4085 3638 4146 Psal.

2132 4242 2242 4312 (69)
2287 4243 2447 4318 Editi,
2482 4243 2646 4310 Quia,
2679 4254 2733 4299 et
2765 4246 2815 4299 in
2854 4245 2977 4312 ﬁne,
3006 4263 3071 4301 ea:
3100 4247 3355 4302 charitate
3392 4253 3642 4318 progeni-

2058 4323 2190 4375 tum,
2218 4314 2374 4368 male.

2129 4384 2238 4455 (70)
2279 4383 2354 4455 Ex
2385 4383 2478 4438 lib.
2506 4399 2536 4435 v
2563 4385 2616 4436 in
2645 4382 2848 4455 Evang.
2873 4385 3040 4442 Joan.

2153 4455 2249 4526 71)
2279 4454 2579 4526 lta_ont_ne_s
2611 4470 2739 4508 mss.
2775 4454 2966 4511 nostri.
3015 4457 3152 4510 Editi
3181 4473 3309 4511 vero
3339 4460 3634 4526 omittunt,

2059 4521 2511 4596 PAMPHILUS.
2545 4523 2676 4577 Item
2707 4527 2758 4578 in
2783 4529 2893 4596 ipso
2923 4527 3090 4591 libro,
3121 4526 3524 4584 ORIGENES.
3570 4521 3639 4584 Εἰ

388 4573 640 4654 actuari]...
693 4615 852 4652 nona.
908 4597 1014 4650 Sed
1074 4597 1187 4650 haec
1244 4573 1385 4666 mss:
1437 4594 1602 4666 nostri
1658 4573 1946 4666 omittunt;
1983 4573 2250 4666 Ddeinde
2307 4595 2543 4666 habent,
2599 4611 2734 4649 unus
2783 4573 2904 4666 errgo
2944 4573 3638 4666 'veEJs'De'uTs'bEI'IJI

388 4685 621 4738 quorum
657 4669 762 4721 duo
810 4678 1040 4738 tantum,
1079 4665 1424 4738 Corbeiensis
1473 4663 1677 4738 scilicet
1722 4672 1778 4716 et
1823 4664 1953 4716 Sor-

389 4735 635 4803 bouicus,
667 4738 866 4792 habent
907 4736 1242 4790 solummodo
1285 4735 1336 4788 in
1389 4736 1652 4804 margine,
1690 4748 1759 4795 tv,
1795 4747 1846 4794 v,
1877 4747 1951 4794 vt,

390 4825 491 4872 vn,
517 4824 636 4874 vm,
666 4825 742 4871 ιχ,
775 4807 914 4875 quod
946 4822 1042 4861 nos
1075 4809 1128 4860 in
1165 4814 1309 4859 textu
1338 4806 1582 4860 numeris
1610 4804 1857 4857 Arabicis
1880 4818 1959 4856 re-

393 4881 674 4934 ferendum
699 4878 1081 4946 indicavimus.

460 4949 570 5021 (65)
611 4941 740 5002 Mss.
768 4945 1119 5021 duo,_U_l_t_ima
1149 4943 1624 5021 veroninitiumnest
1656 4941 1955 5021 criminatio

391 5011 488 5091 [all
516 5011 936 5091 criminationis)
961 5018 1085 5091 illa,
1115 5026 1245 5091 etc.
1279 5014 1418 5067 Editi
1439 5055 1452 5074 ,
1473 5011 1649 5091 "Iliona
1691 5024 1734 5064 et
1770 5012 1958 5090 ultima

390 5082 506 5142 imo
530 5092 583 5142 in
609 5107 725 5142 eum
758 5099 832 5142 est
862 5082 1158 5140 criminatio
1187 5085 1302 5146 illa,
1333 5095 1438 5138 etc.
1471 5082 1577 5136 Sed
1609 5084 1791 5136 caeteri
1824 5096 1954 5134 mss.

392 5167 449 5212 ut
481 5160 532 5212 in
566 5169 733 5212 textu.

462 5229 571 5298 (66)
613 5229 740 5283 Mss.
771 5228 962 5290 nostri,
990 5226 1102 5288 alii,
1133 5222 1797 5298 ordinescriminationum
1826 5237 1956 5298 quos

390 5291 576 5362 supra,
606 5309 747 5363 etc.;
790 5299 878 5351 alii
913 5308 970 5350 ut
997 5298 1049 5350 in
1083 5291 1251 5349 textu.
1281 5293 1445 5357 Editi,
1471 5295 1677 5345 ordines
1702 5295 1956 5345 crimina-

391 5369 592 5420 tionum
626 5383 757 5436 quas
783 5384 964 5435 supra,
987 5377 1094 5420 etc.

463 5435 572 5506 (67)
617 5430 737 5490 llaec
779 5430 962 5500 verba,
1005 5433 1292 5503 Responsio
1343 5431 1410 5483 ad
1442 5433 1664 5506 primam
1706 5430 1960 5506 crimina-

392 5501 608 5572 tionem,
654 5523 856 5560 necnon
899 5510 966 5558 att
999 5501 1302 5568 secundum,
1337 5503 1567 5564 tertium,
1598 5511 1652 5555 et
1681 5502 1759 5554 sic
1801 5501 1951 5552 dein-

393 5593 520 5644 ceps
561 5591 730 5645 usque
766 5579 828 5628 ad
861 5592 1078 5639 nonam,
1113 5591 1217 5628 non
1244 5583 1569 5645 comparent
1591 5573 1834 5645 innisa,
1864 5572 1958 5645 sed

392 5663 424 5701 e
459 5640 660 5701 nostra
712 5646 1014 5700 addidimus
1063 5647 1132 5698 ad
1189 5645 1470 5698 clariorem
1521 5642 1684 5696 libelli
1733 5640 1956 5693 divisio-

394 5730 538 5772 nem.

464 5788 576 5857 (68)
620 5783 751 5838 Vide
780 5792 934 5841 notas
972 5783 1066 5840 lib.
1112 5799 1130 5838 ι
1167 5784 1224 5838 in
1267 5780 1439 5855 Epist.
1467 5785 1535 5837 ad
1580 5780 1756 5852 80133.,
1802 5799 1952 5839 num.

395 5857 448 5911 5.
481 5875 598 5911 nan.
623 5858 746 5911 466.

433 5899 448 5925 ,
481 5875 598 5930 pag.
623 5875 746 5911 4ου.

2058 4665 2170 4726 bet,
2198 4674 2302 4717 etc.
2335 4665 2504 4718 Paulo
2543 4677 2664 4733 post
2695 4682 2823 4719 mss.
2842 4661 2980 4733 'alii,
3021 4661 3166 4721 Unus
3196 4680 3241 4720 et
3278 4686 3426 4722 verus
3459 4669 3636 4733 Deus;

2057 4735 2170 4804 alii,
2204 4733 2383 4799 Unus,
2425 4736 2533 4800 ait,
2578 4752 2728 4790 verus
2762 4737 2937 4803 Deus;
2982 4739 3143 4804 alius,
3184 4736 3333 4792 Unus
3378 4750 3432 4791 ut
3483 4757 3637 4794 verus

2057 4803 2220 4856 Deus.
2515 4868 2517 4870 η

2126 4873 2249 4995 (I73)
2302 4873 2501 4931 Omnes
2553 4891 2718 4943 mss.,
2765 4875 3079 4930 clamamus.
3144 4877 3321 4944 Editi,
3372 4877 3632 4944 clamant,

2057 4959 2218 4997 ηὶῖΙΙιξ.
2939 4985 2961 5006 ο
3633 4987 3640 4991 ’

2129 5015 2240 5084 (75)
2281 5014 2442 5088 Editi,
2471 5016 2680 5069 habent.
2721 5014 2828 5070 Sed
2871 5030 3060 5070 omnes
3109 5033 3264 5082 mss.,
3297 5029 3632 5088 acceperunt.

2062 5083 2258 5156 Deinde
2279 5085 2425 5156 _editi
2455 5096 2530 5146 ,et
2562 5101 2659 5140 ms.
2692 5101 2848 5147 unus,
2876 5088 2962 5154 qui
3005 5088 3124 5140 licet
3166 5107 3266 5142 non
3308 5106 3373 5142 ea:
3410 5083 3630 5156 sanguis

2059 5155 2226 5224 nibus.
2278 5153 2444 5208 Paulo
2491 5167 2612 5224 post
2658 5171 2786 5210 mss.
2837 5156 3109 5224 plerique,
3148 5170 3203 5213 et
3239 5160 3400 5224 editi,
3445 5153 3536 5211 sed
3570 5177 3638 5214 ex

2057 5223 2167 5275 Deo
2203 5226 2313 5277 nati
2341 5223 2507 5277 sunt.’
2613 5268 2624 5277 .

2128 5293 2239 5364 (7t)
2283 5297 2355 5347 Ita
2394 5295 2543 5356 editi,
2572 5303 2626 5349 et
2671 5295 2749 5349 sic
2779 5295 3063 5365 legendum
3114 5298 3342 5352 videtur.
3386 5297 3517 5352 Mss.
3552 5311 3634 5351 ta—

2060 5377 2180 5436 men
2214 5365 2431 5428 habent,
2462 5367 2628 5430 usius,
2653 5365 2705 5416 id
2731 5375 2834 5430 est,
2869 5367 3067 5428 obs‘toc.
3093 5366 3191 5421 Ms.
3221 5367 3444 5436 RegiUs,
3473 5386 3627 5422 unus.

2063 5433 2416 5504 Deiudcgditi
2446 5439 2699 5487 omittunt
2729 5449 2899 5488 autem
2937 5447 3054 5504 post
3083 5438 3307 5490 alienus.

2130 5503 2238 5572 (75)
2269 5502 2344 5555 Ex
2368 5503 2656 5557 Comment.
2680 5506 2736 5559 in
2764 5502 3023 5574 Epistfad
3053 5505 3320 5560 llebrwos.
3348 5507 3445 5563 Ms.
3467 5525 3624 5569 unus.

2060 5570 2444 5644 Interfogemus
2496 5576 2673 5641 igitur,
2718 5570 2822 5628 etc.
2863 5577 3026 5630 Paulo
3072 5588 3191 5644 post
3231 5578 3366 5631 alter
3418 5595 3542 5639 ms.,
3575 5582 3633 5632 in

2059 5643 2413 5713 bwreditatent
2459 5659 2642 5711 capere
2664 5661 2865 5698 omnem
2899 5643 3269 5713 principatum,
3300 5660 3407 5701 etc.
3442 5648 3631 5703 Cnch

2060 5711 2282 5788 Regius,
2328 5713 2684 5766 htcretlitatem
2735 5711 2914 5788 capere
2941 5711 3173 5768 omnium
3206 5717 3628 5788 principatuum,

2057 5792 2104 5834 et
2132 5784 2367 5836 omnium
2396 5793 2726 5848 ootestatum,
2755 5795 2802 5837 et
2831 5786 3101 5842 virtutum.
3125 5787 3233 5844 Sed
3275 5784 3456 5844 caeteri
3490 5804 3626 5843 mss.

2060 5864 2113 5906 et
2146 5851 2272 5906 editi
2306 5863 2362 5906 ut
2391 5854 2440 5907 iu
2481 5867 2663 5909 nostro
2707 5867 2872 5908 textu.
