4020 6306
240 351 333 406 581

1404 348 1746 405 APOLOGIA
1811 348 1947 401 PRO
2000 348 2321 405 ORIGENE.

3372 354 3475 408 58ξῖ⁴

236 475 447 537 poterat
504 467 619 522 sola
669 469 902 523 humana
966 477 1159 522 natura
1214 467 1347 522 nihil
1398 468 1449 521 in
1495 484 1556 522 se
1596 469 1801 522 habens
1833 473 1876 529 Α
1975 466 2237 536 Superest
2284 478 2341 522 ut
2382 476 2436 523 et
2467 470 2717 523 secundae
2750 468 3120 524 criminationi
3173 468 3331 522 illatae
3370 471 3472 524 sibi

232 561 515 626 eximium,
567 577 738 631 neque
786 562 984 631 aliquid
1021 563 1213 617 divina:
1246 561 1586 624 substantiae,
1636 562 1805 615 luere-

233 650 455 704 ditatem
494 664 689 719 capere
713 666 925 705 omnem
966 651 1348 719 principatum,
1379 660 1433 705 et
1461 665 1676 704 omnem
1711 664 1804 717 po-

233 747 510 804 testatem,
540 748 593 792 et
634 739 907 805 virtutem,
953 749 1008 793 et
1050 740 1133 793 Itis
1162 740 1411 793 omnibus
1454 738 1699 807 praeferri
1740 753 1803 792 ac

231 830 477 898 praeponi
524 843 553 882 a
588 828 767 883 Patre.
799 827 949 883 Unde
985 839 1189 882 rectum
1225 829 1437 882 videtur
1486 828 1625 896 quod
1669 842 1803 893 pra:-

230 922 470 976 stantior
515 935 635 974 esse
672 922 862 973 debeat
897 921 940 975 is
988 921 1082 990 qui
1133 919 1503 973 litereditatem
1553 919 1713 987 capit,
1750 927 1800 972 et

230 1027 433 1083 genere
479 1012 682 1081 utique,
712 1014 781 1066 'et
832 1012 1031 1081 specie,
1077 1020 1129 1065 et
1164 1010 1488 1071 substantia,
1533 1017 1588 1064 et
1627 1009 1803 1063 subsi-

230 1107 435 1159 stentia
466 1106 551 1160 vel
584 1116 796 1170 natura,
829 1116 990 1173 atque
1020 1105 1269 1158 omnibus
1299 1101 1599 1171 quibusque
1628 1102 1799 1156 modis

227 1196 393 1251 debet
422 1212 541 1251 esse
572 1198 927 1266 praestantior.
956 1215 975 1248 ι

302 1290 633 1345 Paurmws.
672 1290 735 1343 Et
765 1298 885 1357 post
920 1304 1089 1357 pauca
1125 1289 1177 1343 in
1208 1292 1395 1342 eodem
1428 1287 1565 1343 libro
1608 1305 1621 1342 :

298 1382 593 1437 OBIGENES.
631 1399 648 1430 α
680 1382 810 1434 Cum
852 1390 1033 1435 autem
1068 1381 1357 1434 discutitur
1396 1379 1499 1432 hoc
1528 1378 1670 1446 quod
1717 1377 1793 1431 di-

226 1482 374 1526 ctum
418 1483 501 1527 est
529 1473 595 1526 de
635 1471 769 1525 Filio
807 1471 919 1535 Dei,
950 1474 1091 1539 quod
1122 1472 1192 1524 sit
1230 1470 1473 1536 splendor
1514 1471 1695 1539 gloria:
1724 1470 1794 1535 ⁷³⁸,

228 1567 542 1619 necessario
569 1564 777 1617 videtur
826 1563 984 1617 simul
1015 1563 1384 1617 disserendum
1415 1570 1467 1615 et
1498 1562 1623 1614 illud
1655 1563 1795 1631 quod

227 1656 437 1710 dictum
492 1663 605 1719 est,
654 1670 758 1707 non
814 1653 985 1707 solum
1042 1652 1167 1720 quia
1234 1652 1479 1717 splendor
1532 1660 1609 1704 est
1660 1652 1795 1706 lucis

227 1755 447 1801 a'ternte
473 1748 564 1809 η’,
594 1747 685 1799 sed
712 1753 766 1799 et
797 1745 937 1813 quod
970 1745 1093 1797 huic
1123 1741 1299 1797 simile
1324 1742 1375 1795 itt
1401 1741 1674 1811 Sapientia
1706 1742 1797 1797 Sa-

1912 560 1979 612 ab
2014 560 2439 623 accusatoribus,
2480 574 2573 627 per
2604 574 2701 613 nos
2735 560 2953 628 quidem
2985 560 3207 629 prolatis
3239 562 3331 614 sed
3362 564 3477 617 Suis

1910 651 2088 705 verbis
2121 652 2231 717 ipse
2265 652 2600 718 respondeat,
2646 651 2852 705 duobus
2892 650 2976 704 vel
3026 652 3197 705 tribus
3234 652 3477 705 testimo-

1913 743 2018 795 niis
2061 741 2341 805 adhibitis,
2373 743 2567 810 quibus
2610 756 2817 809 trquum
2851 750 2933 795 est
2965 743 3259 795 secundum
3300 743 3472 813 legem

1910 842 2147 887 nostram
2180 847 2342 886 omne
2380 834 2600 887 verbum
2629 842 2775 887 stare
2803 831 2891 887 π’.

2100 939 2381 978 RESPONSIO
2419 941 2484 978 AD
2526 940 2796 979 SECUNDAM
2831 940 3277 981 CRIMINATIONEM.

1908 1034 2059 1101 Quod
2090 1052 2191 1089 non
2225 1053 2315 1102 per
2354 1037 2700 1104 prolationem
2736 1048 2917 1089 natum
2952 1039 3091 1090 dicat
3120 1056 3229 1092 esse
3273 1038 3471 1093 Filium

2148 1106 2239 1157 Dei
2277 1109 2556 1159 secundum
2600 1106 2857 1160 Valentini
2895 1108 3235 1175 impietatem.

1973 1194 2259 1252 OBIGENES.
2297 1197 2409 1269 (78)
2460 1216 2477 1248 ι
2513 1198 2623 1267 Ego
2659 1198 2895 1252 arbitror
2924 1200 3067 1268 quod
3108 1198 3351 1255 sullicere
3381 1202 3474 1255 dc-

1905 1289 2027 1340 beat
2075 1288 2321 1343 voluntas
2372 1290 2545 1343 Patris
2595 1291 2658 1342 ad
2711 1290 3113 1344 subsistendum
3182 1291 3283 1344 ltoc
3330 1294 3473 1360 quod

1905 1377 2016 1429 vult
2072 1377 2250 1432 Pater.
2301 1380 2499 1433 Volens
2554 1381 2698 1432 enim
2772 1396 2875 1433 non
2938 1380 3042 1433 alia
3100 1382 3182 1433 via
3264 1384 3472 1446 tttitur,

1905 1468 2014 1539 (79)
2069 1470 2171 1523 nisi
2225 1485 2343 1539 qua:
2397 1472 2627 1525 consilio
2684 1471 2979 1525 voluntatis
3042 1472 3338 1540 profertur.
3394 1473 3474 1527 Ita

1902 1574 2031 1627 ergo
2076 1570 2130 1615 et
2187 1563 2255 1615 ab
2285 1578 2349 1616 co
2386 1562 2505 1616 Filii
2562 1564 2907 1617 subsistentia
2959 1575 3285 1632 generatur:
3330 1566 3473 1633 quod

1902 1666 2126 1706 necesse
2156 1663 2237 1707 est
2280 1654 2331 1707 in
2379 1654 2567 1721 primis
2615 1654 2813 1723 suscipi
2854 1656 2921 1708 ab
2955 1655 3037 1708 bis
3081 1656 3170 1724 qui
3220 1657 3354 1709 nihil
3389 1659 3473 1710 in-

1909 1743 2179 1809 genitum,
2232 1744 2283 1798 id
2349 1753 2431 1799 est
2498 1746 2772 1811 innatum,
2831 1756 3027 1815 praeter
3078 1747 3251 1801 solum
3307 1749 3470 1803 Deum

224 1832 466 1889 lomonis
516 1836 771 1899 refertur,
824 1835 877 1888 in
923 1848 1028 1902 qua
1084 1834 1313 1901 seipsam
1375 1833 1653 1901 Sapientia
1702 1834 1794 1888 de-
1835 1829 1875 1884 B
1912 1830 2125 1885 Patrem
2157 1834 2412 1891 fatentur.
2448 1834 2852 1890 Observandum
2887 1852 3115 1906 namque
3144 1847 3223 1892 est
3254 1854 3320 1892 ne
3356 1840 3474 1907 quis

224 1930 429 1983 scribit
482 1928 718 1982 dicens:
779 1924 949 1993 Vapor
1000 1933 1074 1977 est
1127 1927 1263 1978 enim
1317 1921 1521 1977 ivirtutis
1576 1924 1700 1991 Dei,
1750 1933 1801 1979 et

221 2022 507 2089 aporrltaza
535 2018 713 2087 gloria:
742 2016 1123 2084 Omnipotentis
1155 2015 1440 2082 purissima
1465 2016 1534 2071 ⁷⁵.
1565 2032 1583 2065 ι

306 2112 633 2166 Psnrnttus.
666 2109 732 2161 Et
766 2116 883 2177 post
922 2107 1196 2175 aliquanta
1224 2124 1238 2161 :

306 2203 598 2258 ORIGENES.
641 2220 658 2252 ‹
690 2200 911 2269 Oportet
959 2209 1134 2252 autent
1185 2201 1327 2255 scire
1384 2215 1483 2254 nos
1533 2200 1656 2269 quia
1708 2216 1805 2269 per

228 2294 529 2349 ineffabilia
582 2294 822 2361 quatdam
872 2302 926 2345 et
975 2303 1181 2346 secreta
1238 2307 1302 2345 ac
1354 2292 1631 2346 recondita
1684 2290 1800 2363 (76)

226 2388 524 2454 quemdam
586 2386 799 2438 modum
851 2385 952 2438 sibi
1015 2382 1218 2437 faciens
1282 2383 1560 2451 Scriptura
1613 2394 1799 2438 sancta

225 2488 464 2532 conatur
502 2477 806 2530 hominibus
845 2475 1083 2529 indicare
1115 2484 1168 2529 et
1217 2474 1547 2529 intellectura
1602 2490 1801 2546 sugge-

226 2583 354 2623 rere
398 2568 673 2624 subtilem.
708 2569 928 2637 Vaporis
958 2568 1099 2620 enim
1135 2581 1329 2620 nomen
1364 2567 1646 2631 inducens,
1694 2568 1799 2622 hoc

227 2661 355 2716 ideo
398 2662 464 2713 de
510 2661 667 2714 rebus
715 2659 1084 2727 corporalibus
1123 2659 1443 2727 assumpsit,
1495 2669 1553 2712 ut
1600 2659 1683 2714 vel
1732 2674 1799 2713 ex

226 2760 386 2821 parte
434 2751 612 2819 aliqua
666 2750 965 2819 intelligere
1019 2751 1288 2818 possimus
1334 2750 1603 2818 quomodo
1644 2750 1800 2805 Chri-

224 2853 365 2908 stus,
391 2844 481 2912 qui
512 2852 593 2899 est
624 2842 916 2911 Sapientia,
949 2843 1238 2896 secundum
1268 2842 1668 2897 similitudinem
1687 2842 1800 2910 ejus

226 2933 452 3003 vaporis
488 2932 576 3002 qui
627 2933 691 2987 de
752 2932 1048 2986 substantia
1087 2931 1263 2999 aliqua
1306 2948 1563 3001 corporea
1615 2948 1797 3002 prooe-

226 3028 337 3091 dit,
406 3028 484 3081 sic
538 3027 696 3080 etiam
758 3024 869 3092 ipse
935 3033 992 3077 ut
1028 3024 1243 3093 quidam
1312 3039 1478 3092 vapor
1539 3024 1652 3094 (77)
1705 3040 1799 3079 ex-

224 3119 405 3171 oritur
433 3118 497 3171 de
528 3116 721 3169 virtute
752 3115 918 3182 ipsius
970 3114 1061 3168 Dei
1092 3132 1104 3167 :
1141 3116 1218 3168 sic
1245 3124 1298 3168 et
1331 3114 1606 3183 Sapientia
1638 3130 1703 3169 ex
1734 3131 1798 3169 eo

1914 1922 2156 1978 incurrat
2192 1927 2242 1977 itt
2285 1925 2402 1977 illas
2451 1919 2712 1980 absurdas
2749 1926 2955 1981 fabulas
2988 1943 3172 1982 eorum
3205 1930 3295 1997 qui
3347 1945 3473 1999 pro-

1904 2015 2143 2069 lationes
2171 2016 2431 2085 quasdant
2481 2016 2581 2070 sibi
2608 2019 2735 2085 ipsis
2784 2019 3096 2088 depingunt,
3144 2028 3201 2073 ut
3235 2021 3472 2076 divinam

1905 2117 2153 2161 naturam
2196 2108 2245 2159 in
2281 2118 2459 2175 partes
2496 2117 2706 2171 vocent,
2740 2118 2791 2163 et
2819 2109 2982 2162 Deum
3018 2109 3252 2176 Patrem,
3301 2128 3474 2181 quatt-

1903 2208 2013 2252 tum
2056 2200 2107 2253 in
2156 2214 2213 2253 se
2261 2208 2374 2262 est,
2424 2200 2701 2264 dividant,
2745 2215 2866 2254 cum
2905 2200 3006 2254 hoc
3037 2201 3104 2253 de
3153 2202 3474 2273 incnrporea

1902 2301 2089 2345 natura
2143 2291 2223 2344 vel
2275 2291 2465 2346 leviter
2520 2292 2782 2359 suspicari
2832 2309 2936 2346 non
2997 2292 3169 2345 solum
3220 2306 3475 2350 extremte

1901 2382 2192 2450 impietatis
2224 2383 2314 2444 sit,
2350 2398 2533 2435 verum
2568 2384 2729 2436 etiam
2767 2383 2968 2436 ultima:
3000 2383 3341 2453 insipientiat,
3374 2402 3474 2441 nec

1899 2474 2118 2527 omnino
2160 2472 2241 2526 vel
2292 2473 2357 2526 ad
2402 2472 2811 2539 intelligentiam
2858 2488 3234 2543 consequens,
3282 2485 3339 2530 ut
3387 2478 3475 2531 in»

1901 2577 2176 2632 corporea:
2234 2573 2442 2617 natura:
2492 2563 2865 2617 substantialis
2915 2564 3107 2619 divisio
3169 2568 3340 2634 possit
3389 2569 3473 2622 in-

1904 2655 2093 2724 telligi.
2125 2654 2294 2722 Magis
2326 2669 2454 2725 ergo
2480 2657 2619 2710 sicut
2657 2654 2903 2707 voluntas
2945 2656 3187 2723 procedit
3212 2672 3241 2710 e
3274 2666 3472 2724 mente,

1899 2757 1954 2801 et
1984 2761 2157 2813 neque
2205 2758 2414 2816 partem
2462 2746 2696 2814 aliquam
2745 2746 2945 2800 mentis
2989 2757 3161 2813 secat,
3202 2763 3375 2818 neque
3407 2750 3475 2804 ab

1898 2854 1961 2893 ea
1991 2848 2280 2905 separatur
2308 2847 2402 2891 aut
2433 2837 2713 2900 dividitur,
2749 2835 2837 2888 tali
2885 2838 3117 2905 quadam
3150 2839 3330 2907 specie
3381 2856 3473 2909 pu-

1903 2929 2092 2984 tandus
2137 2941 2220 2983 est
2265 2928 2425 2983 Pater
2475 2925 2673 2981 Filium
2725 2931 3006 2997 genuisse,
3054 2929 3337 2999 imaginem
3371 2933 3472 2985 sci-

1901 3021 2027 3076 licet
2068 3036 2219 3075 suam
2252 3039 2263 3074 :
2300 3030 2357 3072 ut
2393 3022 2535 3074 sicut
2572 3020 2683 3088 ipse
2727 3028 2809 3072 est
2854 3020 3139 3075 invisibilis
3169 3037 3263 3090 per
3310 3033 3467 3076 natu-

1902 3127 2037 3176 ram,
2083 3113 2157 3166 ita
2215 3112 2504 3182 imaginem
2557 3126 2769 3179 quoque
2822 3110 3143 3166 invisibilem
3198 3116 3465 3182 genuerit.

224 3207 547 3276 procedens,
594 3219 658 3257 ex
712 3204 827 3273 ipsa
875 3201 1172 3257 substantia
1217 3203 1307 3257 Dei
1361 3212 1688 3272 generatur:
1724 3204 1799 3259 sic
1827 3210 1868 3266 (ι
1904 3203 2138 3258 Verbum
2186 3205 2329 3259 enim
2361 3214 2443 3259 est
2472 3203 2662 3267 Filius,
2697 3212 2750 3254 et
2796 3203 2913 3255 ideo
2946 3202 3075 3256 nihil
3115 3204 3167 3257 in
3201 3220 3265 3258 eo
3293 3209 3469 3260 sensi-

225 3297 579 3352 nihilontinus
608 3305 661 3351 et
704 3296 998 3351 secundum
1046 3296 1446 3350 similitudinem
1501 3297 1795 3365 corporalis

224 3392 566 3458 aporrltmze,
611 3405 729 3444 esse
768 3389 965 3443 dicitur
1014 3389 1300 3456 aporrhoea
1356 3388 1541 3456 gloria:
1610 3387 1795 3440 Omni-

223 3484 463 3551 potentis
511 3498 640 3552 pura
696 3481 937 3549 quaedam
990 3489 1044 3534 et
1090 3480 1323 3534 sincera.
1376 3478 1503 3544 Quae
1554 3486 1795 3547 utraeque

224 3573 612 3627 similitudines
660 3571 1094 3625 manifestissime
1123 3572 1417 3623 ostendunt
1456 3571 1791 3625 communio-

224 3681 350 3720 nem
386 3666 698 3719 substantia:
737 3678 856 3718 esse
901 3663 1038 3717 Filio
1087 3677 1209 3717 cum
1266 3660 1445 3715 Patre.
1496 3661 1792 3730 Aporrhuea

222 3760 368 3813 enim
417 3756 696 3827 ὁμοούσιος
729 3758 961 3822 videtur,
1014 3755 1065 3808 id
1114 3764 1214 3818 est,
1275 3755 1435 3807 unius
1482 3756 1793 3808 substantiae

224 3865 350 3903 cum
407 3850 496 3903 illo
546 3862 770 3917 corpore
817 3863 881 3902 ex
927 3861 1033 3917 quo
1083 3854 1166 3925 est
1215 3844 1298 3899 vel
1348 3845 1657 3913 aporrhoea,
1707 3846 1791 3901 vel

222 3955 414 4010 vapor.

290 4032 622 4088 PAMPHILUS.
660 4030 801 4084 Satis
852 4028 1152 4093 manifeste,
1202 4034 1261 4080 ut
1298 4027 1508 4095 opinor,
1540 4036 1594 4079 et
1637 4028 1791 4083 valde

223 4126 500 4181 evidenter
540 4132 810 4177 ostensum
850 4134 959 4184 est,
1010 4120 1150 4188 quod
1194 4118 1386 4172 Filium
1434 4117 1525 4170 Dei
1575 4118 1639 4171 de
1676 4120 1788 4187 ipsa

228 4217 321 4271 Dei
372 4213 674 4270 substantia
729 4221 913 4265 natum
965 4210 1197 4273 dixerit,
1250 4209 1439 4271 idest,
1480 4209 1783 4279 ὁμοούσιον,

225 4308 367 4375 quod
411 4316 516 4368 est,
550 4304 788 4373 ejusdem
818 4318 938 4356 cum
975 4302 1135 4355 Patre
1180 4303 1529 4367 substantiae;
1581 4314 1635 4355 et
1682 4319 1784 4355 non

226 4414 347 4453 esse
385 4408 711 4462 creaturam,
744 4410 915 4462 neque
956 4409 1051 4463 per
1077 4394 1442 4461 adoptionem,
1473 4395 1566 4448 sed
1597 4403 1785 4449 natura

226 4491 416 4546 Filium
452 4506 656 4553 verunt,
681 4504 746 4544 ex
774 4489 888 4558 ipso
921 4486 1078 4540 Patre
1109 4496 1446 4557 generatum.

296 4629 337 4663 ἐ
378 4629 540 4684 llebr.
567 4644 604 4696 ι,
636 4628 689 4681 5.
762 4626 830 4659 ’δ’
871 4627 995 4696 Sap.
1022 4623 1239 4690 v1t,~26.
1315 4625 1359 4655 ⁷⁵
1400 4624 1529 4679 ibid.
1559 4624 1648 4678 25.

296 4747 406 4817 (76)
447 4747 620 4806 Editi,
655 4745 1035 4817 quodammodo
1073 4744 1173 4798 vim
1210 4743 1319 4817 (sibi
1377 4743 1609 4817 faciens.
1632 4782 1647 4797 .
1672 4781 1687 4795 .

230 4814 539 4872 intellectum
570 4814 744 4885 gerere
773 4816 1011 4868 subtilem
1042 4814 1247 4881 vaporis
1281 4829 1462 4866 nomen
1506 4815 1775 4885 inducens.

233 4889 373 4952 Quod
420 4888 538 4940 ideo
588 4888 650 4939 de
702 4888 849 4937 rebus
900 4884 1254 4951 corporalibus
1306 4884 1617 4948 assumpsit,
1670 4894 1777 4939 etc.

230 4961 420 5013 Omnes
454 4971 580 5010 mss.
612 4957 801 5016 nostri,
830 4957 1101 5022 quemdam
1140 4960 1350 5022 modum
1380 4954 1476 5004 sibi
1508 4953 1774 5019 faciens...

230 5041 271 5081 et
306 5028 619 5080 intellectum
649 5041 823 5093 gerere
842 5020 1112 5093 subtilem.
1159 5020 1376 5090 Vaporis
1407 5022 1545 5093 enim
1595 5038 1780 5075 nomen

230 5100 470 5151 inducens
514 5095 604 5166 (al.
652 5092 866 5165 ducens]
920 5093 1057 5163 quod
1106 5094 1221 5166 ideo
1268 5093 1331 5145 de
1380 5092 1531 5166 rebus
1577 5108 1780 5166 assum-

230 5170 345 5234 psit,
374 5178 480 5219 etc.
517 5163 631 5220 Sed
669 5166 806 5233 quod
844 5163 1050 5217 videtur
1080 5163 1306 5232 positum
1344 5177 1453 5234 pro
1485 5163 1682 5234 ltoc,_et
1712 5163 1781 5215 ita

232 5230 363 5290 hunc
406 5236 581 5289 locum
616 5230 1006 5289 reatituendum
1055 5230 1363 5286 censuimus
1391 5232 1456 5284 ad
1489 5230 1781 5298 plauioretn

232 5306 644 5369 intelligentiam.

294 5375 403 5444 (77)
445 5374 517 5427 Ita
550 5386 694 5429 recte
728 5372 879 5444 editi.
914 5370 1039 5444 Ms_s.
1068 5387 1192 5425 vero
1228 5370 1417 5435 nostri,
1449 5369 1784 5444 alii,_ea;scri—

234 5440 392 5507 tam;
436 5444 560 5511 alii,
604 5443 936 5513 exprimitur.
983 5441 1143 5495 Paulo
1183 5452 1305 5509 post
1353 5456 1478 5494 mss.
1521 5440 1780 5513 plerique,

236 5519 505 5569 secundum
557 5511 953 5568 similitudinem
1008 5513 1291 5577 corporalis
1352 5511 1623 5577 apart-litua
1676 5525 1785 5561 esse

237 5587 412 5641 dicitur
439 5585 731 5650 apart-lutea,
759 5594 864 5638 etc.
895 5581 1000 5636 Sed
1027 5581 1222 5635 rectius
1252 5596 1354 5634 ius.
1407 5595 1549 5633 unus
1575 5590 1629 5633 et
1656 5578 1784 5634 editi

239 5668 283 5708 at
313 5659 362 5710 in
399 5664 570 5708 textu.

296 5727 404 5797 (78)
454 5727 527 5797 Ex
562 5725 684 5797 libr.
712 5739 728 5776 ι
761 5721 833 5775 De
862 5721 1109 5797 princip,
1139 5736 1257 5790 cap.
1273 5720 1343 5797 ξ.
1379 5735 1526 5773 num.
1554 5718 1606 5797 6ἐ

299 5786 404 5868 (79)
444 5795 536 5850 Sic
564 5796 714 5859 editi,
742 5803 793 5847 et
826 5786 952 5847 mss.
980 5786 1240 5862 plerique.
1269 5792 1391 5845 Mss.
1427 5804 1552 5845 vero
1586 5786 1779 5858 Regius

1725 4626 1792 4656 ""‘
1832 4625 1875 4679 ll
1908 4625 2035 4682 Cor.
2057 4642 2176 4689 xm,
2206 4626 2259 4679 l.

1730 4755 1775 4797 et
1811 4749 1853 4803 D
1884 4755 1936 4799 et
1967 4744 2306 4799 Corbeiensis
2327 4787 2343 4813 ,
2386 4744 2491 4797 nisi
2524 4742 2649 4813 quia
2683 4742 2774 4814 [al.
2805 4743 2932 4814 qua]
2969 4745 3184 4799 consilio
3218 4743 3460 4798 voluntas

1898 3296 2006 3351 bile
2058 3296 2461 3365 intelligendum
2504 3304 2604 3350 est.
2659 3293 2937 3361 Sapientia
2983 3302 3100 3357 est,
3155 3304 3209 3347 et
3260 3294 3312 3348 in
3365 3296 3471 3348 Sa-

1896 3387 2101 3456 pientia
2148 3387 2278 3441 nihil
2322 3400 2640 3454 corporeum
2687 3383 3072 3451 suspicandum
3120 3391 3225 3437 est.
3269 3382 3469 3437 Lumen

1894 3488 1979 3534 est
2023 3496 2196 3533 verum
2236 3478 2373 3544 quod
2407 3477 2669 3529 illuminat
2707 3490 2913 3527 ontnem
2951 3474 3210 3527 hominem
3253 3476 3467 3527 venien-

1894 3580 1994 3623 tem
2033 3571 2088 3623 in
2127 3573 2264 3623 hunc
2305 3570 2558 3621 mundum
2584 3565 2650 3630 ⁷⁸,
2684 3563 2776 3619 sed
2809 3563 2941 3617 nihil
2977 3564 3138 3617 habet
3179 3579 3468 3619 commune

1895 3662 1958 3715 ad
1994 3662 2123 3715 solis
2169 3661 2327 3728 hujus
2354 3661 2553 3713 lumen.
2592 3676 2611 3709 ι

1959 3752 2285 3808 ΡΑιιριιιιυε.
2334 3752 2409 3805 De
2456 3750 2540 3804 his
2604 3746 2733 3817 ipsis
2779 3760 2845 3800 ex
2888 3755 3082 3815 quarto
3128 3744 3268 3800 libro
3326 3746 3467 3815 Περὶ

1891 3842 2112 3912 ἀρχῶν.

1960 3932 2115 3988 Ome.
2174 3950 2193 3983 ι
2238 3932 2470 4002 Tempus
2524 3940 2608 3986 est
2784 3926 2917 3997 (80)
2981 3927 3120 3997 Ὥρα
3194 3929 3467 3983 ἐπαναλα-

1890 4025 2132 4080 decursis
2164 4024 2248 4078 llis
2290 4040 2409 4093 quae
2440 4023 2506 4078 de
2537 4023 2640 4076 Pa«
2703 4021 2870 4097 ⁸δόντα
2913 4024 3038 4093 περὶ
3078 4024 3325 4095 Πατρὸς,
3373 4026 3467 4077 καὶ

1888 4127 1971 4174 tre
2016 4129 2071 4174 et
2130 4118 2269 4173 Filio
2316 4130 2370 4173 et
2433 4117 2642 4186 Spiritu
2714 4117 2873 4182 Υἱοῦ,
2930 4118 3024 4170 καὶ
3084 4118 3239 4186 ἁγίου
3299 4120 3466 4172 Ilvati—

1888 4220 2076 4263 sancto
2139 4210 2523 4272 disseruimus,
2571 4210 2645 4263 de
2712 4229 2907 4276 ματος,
2962 4212 3111 4281 ὀλίγα
3178 4213 3282 4267 τῶν
3344 4214 3464 4268 τότε

1889 4305 1991 4359 illis
2020 4321 2230 4375 quoque
2264 4320 2382 4374 quae
2411 4320 2439 4357 a
2481 4306 2636 4359 nobis
2712 4305 3223 4376 παραλελειμμένων
3262 4305 3463 4370 διεξελ-

1888 4398 2071 4451 relicta
2156 4399 2402 4459 fuerant.
2466 4413 2635 4467 pauca
2709 4400 2819 4451 Θεῖν
2886 4402 3013 4470 περὶ
3094 4401 3305 4469 Πατρὸς
3387 4400 3464 4466 ὡς

1887 4502 2149 4558 repetere.
2172 4492 2309 4545 Deus
2333 4489 2491 4543 Pater
2515 4505 2635 4543 cum
2708 4490 3009 4561 ἀδιαίρετος
3049 4490 3124 4545 ὢν
3188 4492 3282 4546 καὶ
3338 4491 3465 4560 ἁμέ-

2333 4625 2379 4655 ¹¹⁶
2416 4623 2571 4681 Joan.
2604 4641 2644 4691 ι,
2676 4626 2727 4680 9.

1884 4819 2173 4883 profertur.

1958 4882 2066 4950 (80)
2110 4884 2188 4937 Ex
2224 4882 2317 4937 lib.
2343 4899 2395 4937 tv
2424 4882 2500 4936 De
2539 4884 2786 4951 princip.,
2812 4899 2956 4937 num.
2988 4883 3300 4949 28.—"Dpa
3315 4882 3459 4935 ἐπα-

1884 4954 2244 5022 ναλαγόντα,
2272 4964 2378 5010 etc.
2405 4953 2587 5006 Graeca
2640 4954 2752 5007 Ita-.c
2787 4955 3067 5022 desumpta
3102 4963 3224 5005 sunt
3264 4968 3293 5005 e
3323 4951 3461 5007 libro

1886 5027 2060 5091 primo
2113 5023 2326 5077 Eusebii
2383 5035 2565 5077 contra
2614 5022 2918 5076 Marcellum
2968 5027 3305 5090 Ancyranum
3341 5060 3357 5087 ,
3404 5031 3460 5076 et

1890 5093 2130 5162 quietiam
2177 5096 2241 5145 de
2274 5109 2370 5147 suo
2420 5093 2690 5146 addidisse
2720 5095 2931 5162 videtur
2964 5094 3013 5144 in
3050 5106 3143 5144 sua
3194 5092 3459 5162 interpre-

1892 5161 2096 5216 tatione
2128 5162 2353 5217 Rufinus
2393 5172 2576 5215 contra
2610 5164 2858 5215 Arianos.
2893 5161 3023 5216 Vide
3050 5161 3455 5214 observationes

1891 5243 2106 5287 nostras
2156 5234 2207 5285 in
2246 5235 2386 5287 hunc
2435 5232 2609 5285 locum
2646 5232 2782 5285 libro
2828 5247 2877 5285 tv
2908 5232 2984 5284 De
3022 5231 3268 5297 princip.
3303 5245 3449 5285 nunt.

1887 5302 1983 5366 27,
2008 5315 2063 5356 et
2091 5301 2459 5371 Origenianor.
2509 5302 2599 5355 lib.
2632 5318 2689 5362 ιι,
2720 5312 2908 5367 quiest.
2934 5302 2986 5362 2,
3020 5316 3164 5353 ιιυιιι.
3191 5300 3281 5353 25.
3309 5300 3453 5353 Libri

1891 5372 1966 5425 De
2014 5370 2281 5439 principiis
2317 5372 2516 5426 habent
2559 5390 2573 5426 :
2612 5370 2829 5438 Tempus
2875 5380 3050 5423 autem
3095 5382 3167 5421 est
3205 5372 3319 5437 jam
3365 5372 3454 5423 de-

1889 5443 2055 5494 cursis
2090 5442 2188 5505 Itis,
2229 5452 2382 5510 prout
2429 5443 2725 5510 potuimus,
2761 5457 2875 5506 qua:
2907 5456 3065 5505 supra
3110 5441 3248 5491 dicta
3294 5448 3450 5510 sunt,

1889 5528 2025 5565 nunc
2065 5509 2478 5564 contntottitionis
2512 5512 2682 5579 gratia
2717 5526 2894 5562 eorunt
2943 5525 3061 5579 qua:
3100 5510 3323 5577 sparsim
3369 5509 3453 5559 di-

1885 5584 2080 5643 ximus,
2135 5582 2478 5647 recapitulare
2523 5579 2761 5648 singula,
2808 5590 2853 5632 et
2899 5582 3065 5647 primo
3114 5579 3454 5648 omnium_tle

1886 5649 2072 5715 Patre,
2099 5661 2146 5703 et
2182 5645 2323 5702 Filio
2350 5659 2399 5703 et
2452 5645 2650 5717 Spiritu
2680 5660 2860 5703 sancto
2898 5645 3139 5719 repetere.
3171 5645 3451 5703 Deus-Pa-

1885 5732 1982 5788 ter,
2009 5733 2138 5785 etc.,
2169 5730 2224 5773 ut
2262 5720 2314 5774 in
2348 5731 2514 5774 textu.
