4020 6306
591 361 693 417 58⁸5

588 491 637 537 et
670 478 953 534 invisibilis
989 478 1084 544 sit,
1112 487 1168 533 et
1197 477 1342 532 iuse-

587 572 847 642 parahilis
869 588 896 624 a
923 571 1081 635 Filio,
1112 584 1216 624 non
1248 583 1344 638 per

588 666 947 736 prolationem
1012 666 1079 719 ab
1131 678 1233 726 eo,
1289 670 1345 714 ut

588 761 805 829 quidam
829 768 1039 828 putant,
1058 764 1347 827 generatus

587 859 673 905 est
702 851 813 919 (81)
865 849 1050 902 Filius.
1100 847 1157 902 Si
1200 847 1344 900 enim

590 942 818 1011 prolatio
843 951 926 996 est
949 939 1120 994 Filius
1149 939 1347 1002 Patris,

591 1036 820 1106 prolatio
845 1051 972 1088 vero
1001 1034 1201 1089 dicitur
1227 1049 1348 1104 qua:
1420 1033 1572 1097 ζώων
1603 1035 1937 1105 γεννήματα,
1965 1033 2175 1105 ἀνάγκη

592 1128 752 1182 talem
799 1127 1068 1195 significat
1116 1141 1347 1194 genera-
1419 1126 1576 1196 σῶμα
1625 1123 1763 1179 εἶναι
1803 1126 1893 1178 τὸν
1936 1125 2174 1196 προϐάλ-

591 1219 811 1282 tionem,
831 1218 1006 1287 qualis
1028 1218 1343 1270 animalium
1417 1219 1595 1283 λοντα,
1624 1219 1716 1273 καὶ
1749 1219 1840 1272 τὸν
1874 1219 2177 1292 προϐεϐλη-

1829 357 1888 414 S.
1925 357 2251 413 PAMPHILI
2294 356 2476 412 MART
2490 357 2653 412 YRIS
3709 368 3803 426 534P

1417 493 1597 547 ριστος
1627 475 1758 529 Υἱοῦ
1808 476 2016 545 γίνεται
2060 479 2166 530 Πα-

2277 478 2460 548 gnovit
2505 479 2606 534 nisi
2658 478 2770 549 ipse
2805 477 3041 546 solus",
3081 478 3168 534 his
3215 492 3351 549 quos
3395 480 3461 534 ad
3507 494 3620 537 eum
3658 483 3804 544 Pater

1414 564 1539 636 τὴρ,
1569 565 1629 616 οὐ
1665 563 1954 635 προϐαλὼν
1995 566 2178 629 αὐτὸν,
2283 569 2521 626 cmlestis
2547 571 2919 625 attraxerit”.
2947 588 2967 623 ι

1416 661 1490 725 ὡς
1515 661 1716 715 οἴονταί
1765 679 1925 727 τινες.
1963 664 2026 715 Et
2071 662 2166 736 γὰρ

2356 661 2678 720 ΡΑιιιιιιιιυε.
2741 662 2983 717 Sulliciat
3036 678 3130 732 per
3191 663 3307 717 hare
3367 664 3691 732 respondisse
3735 683 3798 724 sc-

1419 753 1654 825 προϐολή
1685 756 1831 806 ἐστιν
1859 756 1887 807 ὁ
1920 753 2048 817 Υἱὸς
2083 755 2166 807 eoi

2281 755 2468 808 cunilae
2515 755 2902 809 criminationi.
2941 753 3088 809 Nunc
3128 763 3520 821 consequenter
3549 763 3809 827 responde-

1418 846 1671 918 Πατρὸς,
1717 846 1812 899 καὶ
1868 847 2033 917 γεννᾷ
2082 846 2166 917 μὲι

2281 845 2458 902 biuios
2501 848 2660 901 etiam
2702 847 2785 901 his
2814 847 2904 916 qui
2942 862 3131 915 purum
3183 847 3473 913 hominem,
3502 847 3552 904 id
3586 859 3679 916 est,
3709 853 3809 909 sine

1421 939 1480 1004 ἐξ
1533 939 1697 993 αὐτοῦ
1749 941 1908 993 ὁποῖα
1955 939 2024 992 τὰ
2069 939 2166 992 τῶι

2282 937 2410 1005 Deo,
2439 942 2505 994 ab
2541 955 2605 994 eo
2640 940 2746 994 dici
2778 947 3031 994 asserunt
3056 938 3354 993 Christum.

2489 1066 2774 1105 RESPONSIO
2803 1066 2871 1104 AD
2905 1066 3145 1105 TERTIA“
3185 1065 3618 1108 CRIIIINATIONEI.

2280 1161 2432 1230 Quod
2452 1179 2552 1215 non
2574 1179 2734 1226 purus
2752 1163 2928 1223 homo,
2951 1165 3040 1216 sed
3068 1163 3260 1216 divina,
3278 1174 3475 1217 natura:
3494 1167 3556 1218 sit
3572 1165 3804 1225 Christus.

2419 1231 2531 1304 (86)
2556 1232 2654 1305 [De
2673 1234 2847 1302 primo
2888 1233 3025 1287 libro
3055 1233 3312 1302 Epistolis:
3342 1238 3406 1288 ad
3432 1235 3682 1310 Galatas]
3749 1249 3754 1251 ·

589 1311 672 1366 vel
723 1311 998 1366 hominmn
1047 1312 1182 1366 solet
1227 1328 1348 1366 esse
1424 1312 1602 1382 μένον.

589 1403 894 1473 progenies,
934 1404 1246 1457 necessario
1277 1419 1472 1472 corpus
1511 1411 1596 1457 est
1623 1412 1676 1456 et
1720 1402 1767 1458 is
1806 1405 1896 1472 qui
1928 1403 2168 1473 protulit,

586 1504 644 1552 et
683 1496 730 1551 is
765 1496 856 1565 qui
890 1495 1134 1566 prolatus
1165 1505 1268 1549 est.
1305 1513 1323 1547 ι

1160 1622 1410 1662 INTERPB.
1442 1621 1604 1660 NOVA.

661 1720 883 1788 Tempus
925 1729 998 1774 est
1037 1729 1092 1771 ut
1129 1716 1382 1771 nonnulla
1415 1722 1478 1770 de
1517 1716 1678 1770 Patre
1711 1724 1761 1770 et
1796 1715 1935 1769 Filio
1967 1726 2015 1770 et
2050 1718 2168 1782 Spi-

587 1793 692 1844 ritu
739 1801 938 1851 εαηειο.
976 1799 1290 1854 repetamus,
1329 1797 1376 1840 et
1411 1804 1580 1850 pauca
1623 1804 1741 1852 qua:
1781 1797 1904 1838 tunc
1943 1799 2164 1854 prmter-

587 1863 847 1922 misimus,
887 1847 1254 1925 persequamur
1277 1847 1348 1909 'de
1390 1847 1565 1920 Patre,
1598 1847 1689 1924 qui
1737 1873 1854 1910 cum
1896 1847 1953 1910 in
1991 1860 2164 1912 nullas
2197 1847 2237 1900 Β

585 1941 758 1997 partes
785 1930 951 1982 dividi
989 1937 1164 1997 queat,
1194 1925 1322 1979 Filii
1355 1938 1528 1979 tamen
1561 1927 1636 1997 ﬁt
1662 1927 1841 1991 Pater,
1862 1943 1976 1997 non
2012 1931 2164 1981 emit-

586 1995 699 2054 teus
739 1999 927 2060 illum,
965 1995 1021 2051 ut
1067 1999 1280 2061 quidam
1326 2007 1531 2065 putant.
1585 1995 1723 2049 Nam
1760 1997 1806 2048 si
1855 1995 2030 2048 Filius
2084 2008 2160 2051 est

583 2071 807 2136 prolatio
855 2068 1030 2122 Patris
1071 2069 1158 2138 qui
1204 2067 1356 2120 illum
1383 2071 1446 2138 de
1479 2069 1645 2138 seipso
1692 2077 1894 2134 generet
1935 2068 2003 2120 ad
2045 2084 2163 2121 eum

586 2141 798 2192 modum
853 2155 953 2207 quo
1015 2136 1090 2190 tle
1134 2154 1187 2190 se
1247 2137 1501 2188 animalia
1568 2136 1820 2205 gignunt,
1875 2139 2163 2191 necessario

583 2225 769 2278 corpus
799 2221 871 2262 est
905 2219 1012 2261 tum
1036 2210 1124 2278 qui
1165 2209 1378 2267 emittit,
1411 2217 1520 2258 tum
1549 2209 1638 2276 qui
1668 2207 1950 2261 emittitur.

651 2343 980 2398 PAMPHILUS.
1021 2341 1158 2395 Tum
1209 2341 1407 2394 deinde
1458 2339 1511 2393 in
1565 2338 2026 2407 consequentibus
2074 2353 2166 2393 ve-

581 2434 886 2491 hementius
935 2436 1218 2489 adversum
1263 2432 1540 2488 Valentini
1595 2419 1842 2485 ha’iresim
1903 2431 2026 2484 talia
2070 2431 2166 2484 de-

583 2526 907 2581 scribentem
958 2526 1225 2588 iuvectus,
1281 2524 1437 2593 longe
1491 2523 1575 2578 his
1624 2521 1954 2576 contrariam
2010 2537 2162 2576 suam

583 2619 910 2672 sententiam
953 2617 1245 2670 secundum
1281 2614 1563 2669 catholica:
1605 2613 1726 2668 lidei
1767 2613 1987 2682 protulit
2022 2612 2165 2666 veri-

583 2718 768 2765 tatem.
796 2708 904 2779 (82)
935 2708 1012 2761 Ex
1043 2708 1278 2763 secundo
1309 2707 1446 2762 libro
1474 2707 1759 2761 secundum
1786 2704 2048 2759 Joannem
2097 2704 2164 2758 de

583 2800 668 2856 his
700 2801 850 2867 ipsis.

651 2911 936 2968 (inmanes.
979 2912 1087 2984 (83)
1130 2911 1495 2983 iUnigenitus
1541 2925 1670 2980 ergo
1720 2908 1858 2963 Deus
1906 2907 2161 2962 Salvator

572 3013 766 3060 noster
814 3006 960 3059 solus
1008 3020 1038 3059 a
1092 3005 1249 3059 Patre
1314 3012 1636 3074 generatus,
1689 3013 1878 3056 natura
1935 3011 1989 3055 et
2051 3015 2156 3054 non

577 3097 866 3168 adoptione
900 3096 1066 3151 Filius
1092 3105 1194 3151 est.
1241 3095 1355 3166 (84)
1390 3095 1556 3149 Natus
1598 3102 1682 3148 est
1713 3103 1892 3147 autem
1938 3109 2004 3148 ex
2043 3094 2156 3162 ipsa

2347 1343 2635 1401 ORIGENES.
2668 1347 2780 1417 (87)
2841 1365 2861 1399 ι
2893 1348 2970 1402 Ex
3032 1362 3094 1402 eo
3146 1348 3289 1418 quod
3338 1349 3470 1404 dixit
3511 1352 3802 1420 Apostolus:

2280 1436 2483 1492 Paulus
2527 1439 2641 1509 (88)
2673 1442 2943 1506 apostolus
2977 1456 3079 1493 non
3110 1441 3174 1492 ob
3209 1442 3520 1506 hominibus,
3549 1460 3690 1513 neque
3723 1464 3808 1514 per

2272 1527 2555 1592 hominem,
2593 1531 2683 1582 sed
2715 1547 2808 1598 per
2837 1530 3017 1584 .lesum
3053 1531 3322 1585 Christum
3349 1532 3415 1595 ⁷⁸,
3449 1534 3703 1590 manifeste
3731 1537 3807 1591 iu-

2274 1619 2438 1688 telligi
2482 1621 2672 1684 datur,
2725 1622 2852 1692 quia
2901 1637 3006 1676 non
3051 1632 3172 1676 erat
3207 1623 3368 1676 homo
3393 1622 3804 1695 JesusChristm,

2271 1713 2362 1766 sed
2405 1723 2523 1766 erat
2567 1713 2746 1768 divina
2787 1724 3002 1768 natura.
3046 1712 3164 1768 Non
3198 1715 3363 1776 enim,
3389 1714 3432 1770 si
3476 1716 3616 1772 homo
3651 1731 3806 1779 esset.

2269 1804 2494 1859 dixisset
2519 1804 2716 1859 Paulus
2741 1805 2842 1859 hoc
2865 1805 3010 1874 quod
3051 1806 3126 1859 ait
3167 1823 3180 1859 :
3222 1803 3420 1859 Paulus
3448 1809 3688 1871 apostolus
3713 1827 3805 1866 non

2268 1896 2332 1947 ab
2369 1897 2703 1959 hominibus,
2748 1912 2909 1964 neque
2945 1914 3036 1964 per
3074 1898 3358 1952 hominem.
3409 1898 3466 1954 Si
3502 1902 3630 1956 enim
3663 1905 3808 1958 homo

2269 1986 2566 2053 fuitJesus,
2603 1998 2659 2042 et
2697 2004 2792 2058 per
2825 1989 2998 2056 ipsum
3034 2001 3352 2061 assuruptus
3377 2002 3457 2047 est
3493 1993 3541 2046 in
3568 1997 3807 2065 apostola-

2269 2089 2380 2135 tum
2442 2081 2663 2145 Paulus,
2703 2083 2887 2152 utique
2933 2099 3028 2150 per
3075 2084 3352 2140 hominem
3411 2098 3522 2140 erat
3564 2091 3804 2156 apostolus

2271 2171 2466 2228 factus.
2505 2172 2560 2226 Si
2590 2183 2768 2227 autem
2802 2189 2896 2242 per
2925 2175 3199 2230 hominem
3235 2188 3352 2231 erat
3389 2187 3664 2247 apostolus,
3688 2198 3806 2236 nun-

2265 2280 2426 2332 quam
2465 2264 2709 2331 dixisset,
2747 2266 2872 2333 quia
2900 2283 3062 2335 neque
3086 2284 3180 2334 per
3206 2267 3469 2322 hominem
3497 2287 3514 2325 :
3547 2272 3633 2326 sed
3659 2274 3806 2326 mani-

2267 2355 2401 2410 feste
2432 2365 2646 2423 separat
2673 2357 2738 2408 ab
2773 2356 3002 2410 humana
3055 2366 3258 2410 natura
3299 2358 3477 2412 .lesum
3515 2359 3695 2415 Paulus
3728 2377 3805 2430 per

2267 2447 2380 2503 hac
2405 2447 2584 2501 verba.
2627 2447 2742 2502 Non
2786 2450 2928 2503 enim
2957 2450 3153 2504 sullicit
3181 2453 3237 2506 ei
3269 2451 3464 2506 dixisse
3492 2471 3504 2506 :
3547 2451 3708 2522 Neque
3731 2473 3806 2518 per

2264 2537 2560 2600 hominem;
2594 2540 2687 2593 sed
2721 2540 2920 2609 adjecit
2950 2541 3135 2595 dicens
3169 2560 3182 2595 :
3226 2542 3334 2597 Sed
3373 2561 3461 2613 per
3481 2545 3648 2599 .lesum
3675 2545 3805 2601 Chri-

2263 2638 2422 2682 stum.
2470 2629 2638 2696 Quem
2674 2634 2860 2703 ulique
2889 2634 3012 2702 quia
3047 2635 3264 2689 sciebat
3290 2637 3673 2694 excellentioris
3701 2655 3804 2696 esse

2264 2732 2490 2785 naturre,
2519 2734 2797 2793 propterea
2827 2721 2960 2780 dixit
2986 2741 3045 2781 se
3084 2741 3188 2781 non
3231 2739 3559 2800 assumptum
3587 2747 3697 2788 esse
3722 2748 3804 2803 per

2265 2813 2558 2868 hominem.
2585 2833 2603 2866 ι

2333 2903 2656 2963 Panormus.
2685 2906 2809 2964 Haec
2837 2909 2892 2964 in
2933 2909 3085 2965 initio
3109 2911 3370 2980 Epistula:
3395 2913 3592 2978 dicens,
3631 2913 3729 2986 (89)
3756 2915 3798 2970 in

2263 2999 2616 3066 sequentibus
2661 2999 2787 3054 libri
2842 3001 3011 3070 ipsius
3067 3003 3272 3058 similia
3304 3004 3515 3073 adjecit,
3559 3020 3800 3074 exponens

2263 3089 2392 3144 illud
2419 3090 2712 3159 capitulum
2743 3093 2795 3146 in
2827 3108 2935 3162 quo
2967 3095 3226 3162 scriptum
3255 3106 3336 3151 est
3367 3115 3380 3151 :
3422 3095 3608 3151 Notum
3645 3109 3795 3152 autem

578 3188 753 3244 Patris
785 3197 985 3254 incute,
1029 3193 1169 3244 sicut
1199 3189 1447 3242 voluntas
1489 3203 1556 3242 ex
1608 3195 1804 3240 mente.
1853 3184 1968 3240 Non
2011 3187 2152 3240 enim
2183 3189 2225 3246 C
2257 3183 2402 3235 vobis
2459 3183 2621 3251 facio,
2681 3184 2916 3252 fratres,
2978 3185 3326 3256 Evangelium
3379 3190 3512 3259 quod
3551 3191 3799 3258 pradicant

576 3281 860 3336 divisibilis
895 3291 977 3335 est
1008 3282 1186 3335 divina
1223 3292 1434 3343 natura,
1473 3280 1524 3334 id
1559 3291 1668 3342 est,
1699 3277 1922 3347 ingeniti
1955 3278 2153 3344 Patris,

576 3380 636 3425 ut
691 3381 936 3441 putemus
989 3372 1068 3425 vel
1124 3373 1390 3426 divisione
1444 3371 1526 3426 vel
1581 3371 1956 3424 imminutione
2021 3372 2151 3425 sub-

575 3467 789 3520 stantia:
825 3465 942 3534 ejus
976 3463 1169 3518 Filium
1209 3480 1329 3519 esse
1360 3463 1721 3534 pmgenitum.
1756 3462 1867 3531 (85)
1903 3461 2009 3515 Sed
2040 3462 2154 3516 sive

575 3571 746 3620 meus,
793 3557 905 3612 sive
941 3572 1056 3620 cor,
1101 3566 1192 3610 aut
1238 3572 1428 3611 sensus
1471 3556 1538 3610 de
1590 3555 1698 3609 Deo
1749 3554 2005 3608 dicendus
2037 3564 2150 3619 est,

567 3650 904 3704 tndiscussus
956 3662 1309 3717 permanens,
1363 3661 1586 3716 germen
1635 3644 1916 3713 proferens
1962 3646 2150 3700 volun-

575 3742 720 3806 tatis,
754 3741 923 3795 factus
952 3750 1032 3794 est
1063 3739 1222 3794 Verbi
1258 3739 1454 3805 Pater;
1487 3738 1630 3808 quod
1673 3737 1904 3792 Verbum
1939 3738 1992 3792 iu
2026 3738 2145 3791 sinu

573 3832 748 3888 Patris
794 3833 1168 3901 requiescens,
1211 3831 1495 3884 annuntiat
1545 3830 1710 3883 Deum
1774 3826 1937 3898 quem
1998 3844 2147 3881 nemo

572 3925 700 3979 vidit
727 3926 960 3992 *imquam
987 3924 1076 3988 η’,
1108 3931 1162 3977 et
1195 3925 1397 3978 revelat
1430 3923 1641 3978 Patrem
1676 3938 1834 3992 quem
1867 3935 2025 3974 nemo
2055 3934 2149 3974 c0!-

645 4080 711 4114 ⁷⁸⁴
747 4079 902 4134 Joau.
939 4095 978 4145 t,
1026 4081 1110 4135 l8.
1186 4081 1230 4112 '”
1272 4081 1462 4135 Matth.
1519 4098 1594 4148 xi,
1627 4081 1716 4136 27.

641 4235 750 4306 (81)
792 4233 964 4289 Filius
983 4237 1248 4290 omittitur
1274 4237 1324 4290 in
1359 4238 1516 4290 editis
1544 4248 1597 4291 et
1629 4237 1678 4290 in
1705 4238 1956 4292 omnibus
1987 4251 2137 4298 mss.,

569 4311 664 4430 siit:
693 4309 992 4361 restituitur
1016 4322 1082 4361 ex
1112 4308 1258 4361 libris
1276 4308 1352 4361 De
1375 4309 1669 4377 principiis,
1695 4319 1749 4362 et
1775 4309 2138 4362 restituendus

569 4393 643 4430 vu
663 4388 800 4430 etur.

569 4393 866 4518 Ἦίξξὲῗὶια
898 4463 1085 4502 omnes
1134 4463 1260 4518 mss.
1308 4456 1361 4501 et
1404 4448 1552 4502 editi.
1604 4448 1852 4502 Attamen
1905 4463 2137 4517 sequens

1793 4082 1861 4113 77‘
1899 4079 2056 4136 Joan.
2093 4093 2167 4144 v1,
2197 4076 2282 4132 Η.

2259 3275 2434 3334 vobis,
2462 3276 2711 3343 quoniam
2743 3292 2845 3330 non
2880 3287 2952 3330 est
3000 3280 3297 3332 secundum
3335 3280 3626 3334 hominem:
3660 3297 3800 3351 neque

2257 3369 2392 3420 enim
2427 3383 2520 3436 ego
2555 3369 2619 3419 ab
2653 3367 2862 3424 homine
2897 3371 3073 3439 accepi
3113 3371 3269 3438 illud,
3317 3375 3406 3428 sed
3447 3391 3536 3444 per
3563 3374 3802 3429 revelatio-

2258 3474 2371 3511 uem
2404 3458 2532 3512 .lesu
2569 3459 2764 3514 Christi
2794 3459 2882 3514 ⁷⁸⁸.

2332 3549 2626 3605 Οιιιαειιεε.
2663 3569 2681 3602 t
2709 3552 2944 3606 Adverte
2973 3567 3104 3624 ergo
3131 3555 3259 3624 quid
3281 3556 3508 3622 scribit,
3537 3557 3652 3628 quia
3685 3573 3798 3612 con-

2255 3641 2536 3696 venienter
2579 3642 2699 3709 quis
2732 3652 2790 3696 et
2829 3643 2943 3698 haec
2977 3647 3276 3718 adjungens
3315 3650 3598 3719 priamus,
3631 3650 3796 3704 intelli-

2255 3745 2384 3798 gere
2419 3732 2616 3801 poterit
2661 3743 2716 3786 et
2754 3733 3041 3790 ostendere
3085 3737 3169 3792 his
3212 3739 3309 3808 qui
3350 3750 3542 3810 negant
3566 3741 3790 3794 deitatem

2253 3821 2380 3877 .lesu
2407 3824 2629 3888 Christi,
2665 3825 2760 3881 sed
2789 3826 3064 3882 hominem
3090 3843 3212 3883 eum
3251 3832 3431 3886 solum
3456 3832 3791 3902 pronuntiant,

2256 3915 2397 3984 quod
2424 3931 2528 3970 nou
2556 3924 2638 3969 est
2662 3918 2844 3983 homo,
2870 3918 2965 3972 sed
2993 3917 3154 3985 Deus,
3183 3919 3274 3976 Dei
3299 3921 3469 3977 Filius
3489 3920 3637 3977 Iesus
3654 3919 3791 3976 Chri-

2361 4078 2406 4110 ⁷⁸
2432 4077 2608 4134 Galat.
2637 4093 2675 4144 ι,
2709 4079 2759 4134 1.
2841 4079 2907 4111 ’δ’
2935 4079 3066 4136 ibid.
3109 4081 3194 4146 11,
3233 4081 3316 4137 l2.

2248 4249 2307 4306 re
2336 4235 2531 4306 agitur,
2559 4235 2623 4289 ad
2655 4234 2812 4289 linem
2841 4249 3010 4304 usque
3041 4237 3377 4292 transcribit.
3412 4236 3532 4292 "me
3564 4251 3654 4306 per
3678 4250 3787 4290 eon-

2239 4304 2506 4371 jecturam
2543 4307 2686 4359 dicta
2724 4308 2831 4358 sint
2872 4324 2885 4359 :
2925 4321 3045 4359 nam
3101 4307 3243 4360 nulla
3288 4304 3601 4374 auctoritas,
3648 4307 3786 4360 nulla-

2245 4375 2518 4429 variantes
2546 4375 2801 4430 lectiones
2833 4375 2913 4429 Vel
2948 4377 3135 4430 leviter
3167 4381 3402 4432 innuunt
3427 4379 3610 4431 librum
3640 4392 3672 4430 ιι
3701 4393 3784 4444 pro

2247 4445 2383 4498 libro
2411 4462 2438 4498 ι’
2470 4445 2702 4513 positum
2746 4460 2886 4500 esse.
2931 4447 3035 4500 Sed
3063 4446 3290 4501 Rutilius
3328 4449 3443 4513 ipse
3483 4448 3631 4514 hujus
3668 4450 3784 4513 Apo-

570 4515 819 4586 Origenis
846 4528 1128 4571 contextus
1154 4517 1334 4571 nullibi
1369 4519 1420 4571 in
1453 4521 1688 4572 secundo
1722 4531 1868 4571 Ionio
1896 4520 1949 4571 in
1979 4515 2140 4571 Jonn-
2171 4515 2215 4569 D
2244 4515 2394 4586 logia:
2424 4516 2685 4581 interpres
2719 4516 2873 4570 facile
2909 4517 3080 4585 potuit
3106 4519 3302 4583 decipi.
3339 4519 3415 4573 Ex
3466 4519 3634 4572 littera
3659 4519 3782 4570 enim

570 4604 686 4641 nem
733 4591 1014 4656 reperitur,
1059 4590 1305 4657 quamvis
1351 4588 1536 4642 Grzece
1595 4591 1890 4642 etianmum
1941 4599 2134 4643 exstet.

571 4658 676 4712 Sed
732 4670 970 4711 extrema
1025 4663 1103 4712 Sui
1164 4669 1317 4727 parte
1376 4661 1725 4713 detruncatus
1788 4660 2000 4712 videtur
2054 4660 2138 4711 hic

571 4738 766 4781 tomus.
787 4728 1030 4781 Forsitan
1049 4729 1211 4782 etiam
1235 4729 1593 4798 fragmentum
1618 4731 1715 4782 hoc
1741 4745 1772 4784 e
1787 4739 1931 4782 tomo
1954 4729 2138 4798 quinto

567 4799 624 4855 in
670 4799 928 4852 Joannem
982 4799 1094 4850 erui
1149 4801 1348 4866 possit,
1402 4801 1854 4867 quemadmodum
1903 4810 1955 4852 et
2008 4799 2134 4852 illud

567 4870 710 4936 quod
740 4883 806 4921 ex
835 4870 1022 4921 eodem
1066 4876 1207 4922 tomo
1239 4883 1398 4935 supra
1431 4868 1612 4922 attulit
1644 4869 1974 4936 Pamphilus.
2011 4869 2136 4923 Pro-

567 4941 708 4993 fecto
751 4938 888 4990 idem
939 4939 1050 4990 tere
1093 4949 1171 4992 est
1213 4941 1493 5007 utriusque
1553 4941 1839 5006 tragmenti
1893 4939 2128 5000 initimn,

562 5009 749 5062 eadem
783 5023 916 5076 pene
948 5009 1147 5062 verba:
1186 5008 1279 5062 sed
1323 5023 1442 5060 cum
1491 5009 1641 5078 prius
1689 5008 1969 5074 Pamphilo
2011 5025 2134 5076 pro-

566 5079 796 5148 bandum
831 5078 1162 5130 incumberet
1192 5095 1256 5132 ex
1293 5078 1399 5131 Deo
1433 5078 1590 5132 Patre
1623 5078 1787 5148 (juxta
1824 5078 2129 5147 Origenem)

566 5147 758 5200 Filium
789 5163 909 5201 esse
951 5158 1165 5208 natum,
1209 5160 1262 5202 et
1303 5149 1460 5201 IttlltlS
1503 5147 1637 5203 esse
1663 5164 1784 5202 cum
1819 5149 1974 5202 Patre
2003 5153 2132 5203 sub-

563 5219 794 5279 stantiae,
839 5218 1070 5271 alienum
1105 5233 1233 5272 vero
1277 5233 1307 5270 a
1355 5219 1670 5272 substantiis
1717 5229 2128 5284 creaturarum,

560 5296 843 5358 postquam
883 5289 1050 5358 dixit,
1083 5285 1397 5356 Unigenitus
1438 5286 1612 5341 Filius
1646 5289 1891 5343 Salvator
1929 5302 2127 5357 noster,

559 5356 648 5424 qui
686 5356 828 5408 solus
879 5373 942 5409 ea:
991 5356 1153 5410 Patre
1185 5368 1338 5410 natus
1373 5368 1481 5422 est,
1514 5359 1656 5411 solus
1697 5370 1886 5412 natura
1929 5368 1979 5411 et
2025 5375 2127 5412 non

559 5427 839 5498 adoptione
882 5425 1057 5498 Filius
1097 5439 1192 5491 est,
1240 5432 1518 5496 sequentia
1556 5429 1843 5498 reliquisse
1889 5430 2124 5491 videtur,

505 5525 514 5540 ι
561 5506 618 5548 ιιι
647 5496 714 5547 ad
748 5497 1070 5567 posteriora,
1115 5512 1232 5565 quae
1261 5500 1326 5551 ad
1358 5512 1468 5550 rem
1504 5496 1804 5566 pertinent,
1844 5501 2127 5567 progrede-

559 5575 709 5618 retur
749 5565 833 5618 his
879 5567 1093 5635 verbis:
1128 5567 1262 5620 Item
1301 5571 1356 5620 in
1391 5565 1568 5621 eodem
1614 5569 1768 5622 libro.
1807 5565 1963 5622 Unus
2003 5585 2123 5635 ergo

558 5645 655 5698 est,
683 5643 804 5707 etc._
826 5634 921 5707 llic
948 5651 1072 5690 vero
1105 5646 1162 5690 ut
1196 5637 1384 5706 probet
1422 5652 1484 5691 ex
1520 5639 1757 5707 Origene
1788 5637 1980 5694 Filium
2026 5634 2120 5693 Dei

561 5720 657 5770 per
689 5703 1042 5772 prolationem
1076 5697 1259 5761 natu-ui
1292 5723 1395 5761 non
1432 5723 1575 5770 esse,
1618 5697 1759 5762 idem
1807 5712 1975 5764 hocce
2021 5697 2134 5762 ini-i

561 5778 692 5833 tium
721 5787 997 5832 resumere
1028 5777 1262 5843 videtur,
1311 5777 1466 5848 cujus
1497 5781 1797 5845 sequentia.
1829 5781 1921 5836 ubi
1949 5793 2012 5834 ea
2054 5781 2133 5836 dea

2242 4585 2310 4650 Il,
2336 4586 2477 4638 unde
2507 4587 2724 4653 quintus
2756 4602 3011 4646 munerus
3044 4590 3181 4654 apud
3213 4587 3432 4642 Crit-cos
3465 4588 3782 4655 exprimitur,

2243 4655 2399 4709 facile
2438 4656 2496 4708 tit
2537 4671 2794 4727 numerus
2839 4655 2900 4719 ll,
2945 4658 2987 4709 si
3031 4656 3166 4709 linea
3205 4661 3456 4727 superius
3505 4667 3781 4711 transversa

2240 4735 2333 4778 aut
2363 4741 2467 4778 non
2499 4725 2827 4787 advertatur,
2860 4737 2954 4779 aut
2983 4727 3249 4781 deleatur.

2309 4795 2418 4864 (85)
2461 4795 2534 4848 Ex
2571 4795 2662 4848 lib.
2693 4812 2728 4848 ιι
2756 4801 2808 4848 in
2837 4795 3039 4863 Evang.
3065 4796 3226 4852 Joan.

2308 4867 2419 4933 (84)
2462 4867 2553 4920 Sic
2598 4881 2700 4919 ms.
2750 4866 3098 4921 Sorbouicus.
3148 4868 3341 4923 Cameri
3389 4882 3516 4923 vero
3567 4881 3689 4920 mss.
3731 4873 3778 4917 et

2238 4936 2370 4990 editi
2405 4938 2665 4989 omittunt
2690 4946 2785 4989 est.

2306 5006 2415 5074 (85)
2457 5007 2529 5060 Ita
2578 5022 2678 5060 ms.
2709 5022 2869 5060 unus.
2901 5005 3092 5061 Caeteri
3135 5023 3260 5062 vero
3295 5023 3450 5070 mss.,
3495 5005 3598 5060 Sed
3629 5021 3773 5058 mens.

2238 5076 2436 5130 Deinde
2495 5077 2825 5130 Sorbonicus
2897 5079 3056 5132 habet
3121 5080 3188 5131 att
3275 5095 3456 5133 sensus
3531 5091 3626 5146 pro
3695 5082 3775 5126 aut

2230 5162 2433 5200 sensus.

2303 5217 2415 5286 (86)
2444 5215 3058 5288 Ita-omnesunslediti
3082 5232 3210 5272 vero
3237 5233 3538 5288 perperam,
3567 5215 3636 5269 De
3657 5214 3772 5288 libra

2229 5283 2398 5354 primo
2427 5287 2568 5354 Περὶ
2605 5283 2825 5356 ἀρχῶν.
2865 5287 3061 5340 Nullibi
3089 5283 3308 5343 enim-in
3336 5283 3403 5343 eo
3432 5288 3563 5342 libro
3585 5283 3769 5354 reperi-

2233 5367 2318 5411 tur
2344 5372 2579 5426 sequeus
2608 5357 2856 5426 Origeuis
2891 5356 3273 5426 fragmentum.

2299 5428 2409 5496 (87)
2446 5429 2522 5480 Ex
2551 5426 2689 5479 libro
2721 5443 2738 5480 ι
2766 5428 2819 5480 in
2850 5427 3019 5495 Epist.
3053 5431 3121 5480 ad
3148 5428 3389 5484 Galatas.

2298 5491 2410 5567 (88)
2445 5497 2582 5549 Editi
2631 5505 2686 5550 et
2722 5513 2826 5549 ms.
2885 5491 3087 5567 Regius
3121 5501 3377 5553 omittunt
3405 5493 3627 5567 secundo
3659 5491 3765 5544 loco

2224 5562 2767 5638 Apostolus._l)eiude
2809 5562 2995 5638 alias;
3017 5570 3108 5621 sed
3147 5585 3239 5638 per
3274 5572 3537 5625 Christum
3562 5562 3764 5624 Iesum;

2224 5636 2280 5693 et
2304 5639 2442 5692 alias
2474 5636 2636 5702 infra,
2665 5637 2902 5691 Christus
2928 5637 3104 5692 .lesus.

2294 5709 2405 5779 (89)
2441 5707 2580 5779 Editi
2605 5697 2632 5771 ,’
2650 5708 2713 5779 in
2733 5707 3064 5776 sequentibus
3093 5708 3241 5762 libris
3271 5709 3459 5762 similia
3486 5745 3500 5759 .
3523 5739 3540 5757 .
3557 5742 3574 5757 .
3593 5739 3608 5756 .
3635 5697 3760 5774 quod

2220 5775 2451 5850 praedico
2479 5778 2618 5832 vobis
2674 5775 2874 5834 Verum
2901 5793 3088 5836 omnes
3125 5795 3256 5835 mss.
3284 5789 3342 5834 ut
3371 5783 3421 5836 in
3455 5785 3614 5832 textu.
