4020 6306
293 303 411 359 585

1508 310 1850 367 APOLOGIA
1888 310 2023 369 PRO
2061 312 2380 370 ORIGENE.

3436 327 3540 384 536

289 432 437 479 stus.
494 422 587 479 Sic
631 426 773 479 enim
821 424 949 480 dicit
986 424 1273 495 Apostolus
1296 467 1309 493 ,
1357 428 1481 497 quia
1530 428 1871 501 Evangelium
1903 442 1949 499 Α
1978 434 2291 503 fatigatione
2318 475 2334 500 ,
2371 443 2425 489 et
2460 434 2588 490 solis
2620 438 2809 493 ardore
2841 438 3008 495 nimio
3054 438 3377 498 elementum
3410 461 3538 501 cor-

285 518 436 585 quod
462 519 814 586 evangelisavi
845 520 1010 583 vobis,
1049 537 1151 573 non
1181 529 1257 574 est
1281 523 1565 576 secundum
1588 525 1869 593 hominem,

285 609 388 661 sed
416 612 712 662 secundum
728 608 1872 687 JesumChristum.Evidenter(90—9l)ergo

282 697 534 750 ostendit
571 697 697 765 quia
727 697 974 753 Christus
1008 698 1164 753 Jesus
1201 717 1305 755 non
1336 712 1419 757 est
1460 704 1659 761 homo:
1692 708 1737 762 si
1774 723 1871 763 au-

282 797 402 842 tem
437 806 544 843 non
577 799 659 845 est
699 791 860 845 homo
883 834 897 857 ,
934 793 1049 845 sine
1086 794 1250 849 dubio
1290 795 1433 851 Deus
1471 809 1588 865 est;
1627 802 1733 855 imo
1763 817 1868 857 non

279 879 440 934 aliud
478 882 603 946 erit,
639 883 740 937 nisi
775 882 915 937 Deus
944 894 998 938 et
1039 886 1222 941 homo.
1264 888 1329 942 Et
1365 889 1556 945 iterum
1604 894 1649 947 si
1681 910 1867 949 verum

276 982 370 1027 est
407 975 554 1043 quod
586 976 714 1031 dicit
749 977 951 1032 Paulus
979 1020 993 1045 ,
1031 980 1155 1048 quia
1192 996 1294 1034 non
1330 983 1392 1034 ab
1423 983 1628 1041 homine
1660 990 1866 1058 accepit

276 1066 670 1137 Evangelium,
706 1071 794 1123 sed
824 1087 915 1137 per
948 1071 1314 1126 reuelationem
1342 1073 1473 1127 Jesu
1499 1075 1717 1142 Christi,
1751 1096 1866 1135 cer-

276 1166 404 1212 tum
442 1169 520 1213 est
550 1160 674 1229 quia
698 1158 854 1215 Jesus
885 1161 1135 1217 Christus
1169 1164 1260 1231 qui
1291 1166 1567 1231 revelavit,
1605 1169 1713 1240 (92)
1747 1171 1865 1239 plus

273 1263 454 1317 quam
478 1251 641 1305 homo
674 1260 774 1307 est.
801 1252 1050 1305 Alienum
1088 1254 1231 1308 enim
1260 1266 1340 1309 est
1367 1258 1435 1309 ab
1470 1260 1686 1314 homine
1715 1278 1866 1317 reve-

274 1342 404 1396 lare
445 1357 564 1411 qure
614 1342 665 1396 in
714 1344 929 1397 occulto
973 1354 1119 1409 sunt,
1162 1356 1216 1399 et
1260 1347 1438 1401 velata
1498 1361 1669 1405 sunt:
1720 1354 1862 1422 quod

271 1438 449 1491 etiam
492 1437 537 1492 si
581 1438 880 1506 aliquando
905 1454 1000 1508 per
1042 1440 1311 1495 hominem
1357 1440 1487 1509 liat,
1530 1460 1634 1499 non
1683 1455 1861 1501 tamen

270 1530 346 1583 ab
386 1530 603 1584 homine
639 1529 722 1596 lit,
770 1530 865 1584 sed
913 1532 980 1586 ab
1011 1545 1076 1585 eo
1109 1532 1198 1601 qui
1253 1531 1307 1587 in
1357 1532 1575 1589 homine
1622 1528 1862 1606 loquitur

268 1619 554 1675 Christus.
583 1642 602 1673 ι

348 1716 681 1771 ΡΑιιρΗιιυε.
725 1716 961 1786 Tempus
995 1728 1077 1773 est
1125 1720 1212 1775 bis
1259 1720 1332 1775 ita
1369 1722 1646 1777 evidenter
1678 1732 1857 1778 osten-

1975 528 2126 595 porei
2175 526 2414 581 humoris
2457 527 2847 596 absumptum?
2897 530 3046 598 Quod
3080 548 3211 590 vero
3257 535 3311 589 in
3353 539 3541 593 melio-

1974 618 2125 673 ribus
2154 630 2467 689 occupatus,
2503 620 2603 675 hoc
2641 624 2780 690 quod
2819 624 3002 679 bibere
3037 626 3279 681 voluerat
3302 627 3537 695 distulit,

1973 722 2072 763 nec
2107 710 2257 777 bibit,
2292 727 2395 765 non
2428 721 2722 781 propterea
2764 714 3053 769 dicendum
3089 727 3170 771 est
3205 719 3330 787 quia
3365 735 3539 790 neque

1971 813 2161 868 passus
2192 810 2274 856 est
2308 803 2480 856 sitim.
2530 803 2635 857 Sed
2670 814 2725 858 et
2760 805 2888 858 illud
2918 808 3060 876 quod
3098 807 3410 877 frequenter
3440 826 3538 880 per

1969 907 2157 947 cmnas
2191 906 2435 962 vocatur,
2465 904 2521 949 et
2550 896 2602 949 in
2640 909 2931 967 conspectu
2960 900 3197 954 omnium
3225 904 3543 969 manducat,‘

1968 992 2021 1039 et
2051 985 2205 1050 bibit,
2239 1002 2341 1041 non
2372 989 2648 1058 decipiens
2669 988 2781 1059 (97)
2816 990 2896 1043 vel
2919 990 3110 1048 fallens
3130 994 3313 1049 oculos
3339 996 3532 1051 viden-

1969 1075 2099 1130 tium
2126 1077 2277 1144 faeit,
2318 1095 2491 1149 neque
2528 1082 2790 1149 putative,
2829 1092 2888 1135 ut
2917 1084 3134 1152 quidam
3176 1086 3532 1154 arbitrantur,

1968 1166 2081 1222 haec
2110 1168 2268 1237 gerit,
2301 1172 2533 1224 maxime
2574 1185 2696 1225 cum
2728 1172 2799 1225 ita
2844 1184 3085 1227 sumeret
3120 1175 3297 1229 cibum
3338 1191 3400 1231 ac
3433 1192 3532 1246 po-

1966 1268 2101 1321 tum,
2162 1268 2221 1312 ut
2267 1274 2296 1311 a
2350 1260 2667 1328 quibusdam
2710 1262 2874 1315 etiam
2923 1264 3079 1331 quasi
3130 1280 3227 1334 pro
3275 1282 3532 1336 praesum-

1965 1350 2146 1418 ptione
2194 1351 2357 1405 nimia
2404 1352 2753 1423 culparetur,
2804 1355 2952 1409 velut
3002 1356 3180 1410 cibum
3236 1373 3299 1413 ac
3344 1369 3528 1428 potum

1964 1445 2282 1511 propensius
2310 1456 2591 1514 appetens.
2636 1447 2693 1501 Si
2725 1457 2902 1501 autem
2934 1450 3058 1518 quis
3088 1450 3373 1507 violentius
3403 1453 3530 1509 velit

1964 1549 2206 1590 asserere
2242 1537 2363 1591 ideo
2404 1538 2519 1593 haec
2553 1539 2697 1593 dicta
2728 1554 2867 1605 esse,
2901 1542 3026 1610 quia
3060 1556 3155 1611 per
3186 1543 3527 1612 phantasiam

1963 1628 2345 1692 manducabat,
2396 1638 2450 1683 et
2504 1630 2578 1684 illi
2627 1632 2895 1700 quomodo
2930 1632 3044 1686 hare
3081 1634 3272 1688 ﬁerent
3320 1636 3530 1691 nescie-

1962 1717 2111 1782 bant,
2152 1721 2584 1787 respondendum
2633 1731 2718 1776 est
2759 1723 2825 1778 ad
2877 1738 2940 1777 ea
2995 1740 3061 1779 ex
3115 1727 3198 1780 his
3243 1742 3364 1796 qua:
3414 1729 3527 1798 ipse

269 1808 382 1872 sis,
416 1825 513 1863 nos
541 1809 703 1864 etiam
734 1809 800 1863 ad
836 1810 1173 1879 insequentis
1203 1813 1609 1869 criminationis
1639 1816 1855 1870 tendere
1889 1784 1930 1841 Β
1962 1809 2222 1863 Dominus
2254 1811 2391 1864 dixit
2424 1829 2435 1864 :
2480 1810 2631 1866 Venit
2657 1811 2890 1868 Joannes
2920 1814 3157 1885 Baptista
3184 1835 3346 1886 neque
3376 1784 3524 1875 man-

268 1898 678 1964 defensionem,
731 1900 1017 1957 brevitatis
1059 1903 1235 1956 studio
1268 1919 1564 1972 paucorum
1612 1906 1857 1962 testimo-

266 1994 499 2049 niorum
546 1993 866 2062 probatione
897 1992 1007 2064 (93)
1048 2004 1357 2051 contentos.

498 2142 781 2181 BESPONSIO
816 2144 883 2181 AD
916 2143 1167 2190 QUARTAM
1198 2145 1640 2186 CHIMINATIONEII.

269 2219 573 2273 Adversum
619 2236 704 2273 eos
756 2223 847 2287 qui
888 2223 1066 2291 dicunt
1118 2238 1234 2275 eum
1285 2239 1379 2287 per
1416 2224 1697 2291 allegorias
1722 2226 1857 2289 fudi-

355 2306 491 2410 prere
507 2291 693 2417 [ontnia
732 2306 847 2357 qut?
875 2308 905 2343 a
929 2290 1198 2345 Salvatore
1240 2295 1435 2361 scripta
1463 2290 1582 2347 sunt
1608 2311 1853 2364 corpora-

376 2369 475 2411 tlel’
529 2374 663 2412 acta.

376 2375 475 2411 "ef
507 2375 663 2412 10010.

349 2449 639 2505 ORIGENES.
690 2449 800 2522 (94)
856 2450 1313 2522 «Adjungendum
1362 2463 1445 2509 est
1505 2456 1666 2509 etiam
1722 2456 1850 2512 illud

263 2539 361 2595 bis
406 2555 524 2610 quae
571 2557 735 2610 supra
787 2543 1043 2607 diximus,
1093 2547 1350 2613 quoniam
1406 2560 1599 2615 corpus
1649 2547 1847 2603 Christi

266 2647 381 2685 non
425 2644 544 2687 erat
588 2633 823 2687 alienum
871 2649 900 2686 a
953 2644 1166 2688 terrena
1206 2637 1507 2691 substantia
1549 2640 1845 2693 secundum

264 2725 378 2779 hoc
420 2725 562 2793 quod
602 2725 743 2779 titius
779 2733 862 2780 est
896 2725 1090 2793 David,
1128 2735 1182 2782 et
1214 2727 1355 2783 tilius
1379 2730 1675 2794 Abraham,
1707 2732 1847 2786 sicut

264 2817 464 2870 scribit
505 2816 788 2871 Matthzeus
825 2834 839 2871 :
880 2816 1035 2870 Liber
1072 2820 1426 2887 generationis
1467 2820 1597 2875 Jesu
1626 2820 1842 2891 Christi,

260 2906 372 2975 ﬁlii
401 2907 571 2961 David
594 2948 607 2974 ,
646 2908 1046 2979 ﬁliiﬁlii-aliam
1069 2910 1114 2941 ⁷³
1147 2929 1158 2964 :
1193 2920 1249 2965 et
1278 2911 1418 2964 sicut
1449 2911 1649 2969 Paulus
1691 2914 1840 2980 dicit,

261 3000 543 3054 Christum
573 3016 692 3055 esse
726 3017 791 3056 ex
833 3002 1039 3057 semine
1080 3003 1309 3057 Abrahae
1347 3004 1430 3077 η’,
1461 3013 1516 3058 et
1541 3020 1607 3059 ex
1640 3007 1843 3061 semine

260 3091 439 3147 David
462 3093 506 3125 ⁸ο
537 3095 828 3147 secundum
861 3110 1100 3149 carnem.
1139 3094 1291 3161 Quod
1335 3110 1464 3165 ergo
1505 3098 1704 3151 dictum
1736 3107 1840 3163 est,

260 3185 422 3253 quia,
460 3184 571 3255 (95)
607 3186 979 3241 consummatis
1024 3188 1379 3256 quadraginta
1407 3189 1587 3242 diebus
1623 3189 1839 3258 jejunii,

259 3285 307 3329 et
338 3276 696 3346 quadraginta
731 3277 996 3342 noctibus,
1038 3285 1220 3345 postea
1261 3276 1439 3329 esuriit
1464 3276 1554 3343 ⁸⁰”,
1593 3277 1709 3331 sine
1738 3276 1839 3329 du-

258 3367 357 3422 bio
388 3367 488 3423 hoc
518 3369 755 3433 indicat,
804 3369 946 3437 quod
1003 3368 1256 3422 evacuari
1300 3377 1355 3421 et
1397 3367 1629 3437 repleri,
1688 3367 1839 3423 simi-

258 3454 395 3510 liter
427 3464 483 3511 ut
513 3467 695 3511 nostra
726 3472 955 3526 corpora
998 3458 1191 3521 solent,
1226 3457 1388 3511 etiam
1432 3456 1578 3511 illius
1627 3465 1837 3526 poterat

260 3563 488 3617 corpus.
524 3548 580 3602 Si
616 3563 743 3603 vero
782 3550 901 3617 quis
944 3548 1161 3618 objiciat
1200 3548 1356 3603 nobis
1388 3547 1548 3617 hujus
1591 3546 1835 3602 miraculi

259 3642 529 3695 rationem
555 3640 619 3694 de
638 3640 993 3710 quadraginta
1021 3641 1231 3694 dierum
1255 3638 1488 3707 jejunio;
1522 3639 1677 3695 facile
1700 3639 1833 3695 solvi

258 3744 461 3804 potest,
507 3749 627 3788 cum
676 3734 959 3787 adhibetur
1007 3733 1169 3787 etiam
1225 3732 1355 3786 illud
1399 3733 1705 3801 exemplum
1767 3734 1835 3788 de

258 3825 445 3897 Moyse
474 3826 541 3887 ει,
578 3837 630 3880 et
663 3827 771 3880 Elia
804 3826 895 3891 εν,
923 3826 1011 3894 qui
1059 3824 1312 3879 similiter
1362 3823 1653 3891 pertulisse
1693 3823 1834 3893 jeju-

259 3937 409 3975 nium
438 3918 765 3974 referuntur.
799 3920 904 3973 Sed
938 3929 990 3973 et
1030 3917 1180 3980 illud,
1220 3915 1332 3985 (96)
1366 3918 1507 3985 quod
1539 3916 1751 3970 itineris
1779 3924 1834 3970 et

257 4024 423 4067 trstus
460 4012 649 4066 labore
684 4011 937 4081 fatigatus
967 4010 1158 4063 sedens
1202 4023 1365 4077 super
1396 4016 1611 4076 puteum
1649 4006 1831 4075 requi-

258 4106 414 4168 escit,
450 4115 504 4159 et
537 4104 739 4168 sitit“,
780 4103 907 4170 quid
942 4103 1085 4155 aliud
1124 4102 1348 4163 indicat,
1392 4099 1495 4151 nisi
1534 4113 1825 4151 nervorum

337 4201 380 4231 ⁷³
414 4200 601 4253 Matlb.
634 4214 672 4260 1,
705 4201 753 4252 1.
795 4198 864 4229 ⁷⁹⁹
895 4197 1069 4251 Galat.
1104 4212 1184 4261 lll,
1223 4195 1307 4249 16.
1380 4194 1425 4225 ⁸ο
1459 4195 1614 4249 Ιὶυιιι.
1650 4210 1689 4261 ι,
1725 4195 1776 4248 5.
1819 4193 1839 4224 ⁸

1945 4193 2104 4249 latth.
2132 4210 2204 4259 ιν,
2224 4194 2275 4249 2.

257 4270 305 4301 ⁸³
334 4270 492 4325 Joan.
521 4285 594 4333 tv,
625 4272 679 4333 b‘,
711 4268 762 4325 7.
839 4265 908 4299 ⁸⁸·
946 4268 1134 4323 Matth.
1161 4283 1238 4330 χι,
1273 4266 1360 4329 18,
1398 4265 1479 4319 19.

1957 1904 2180 1966 ducaris,
2214 1919 2375 1972 neque
2418 1904 2614 1967 bibens,
2644 1913 2690 1956 et
2733 1900 2912 1960 dicunt
2945 1922 2963 1959 :
2993 1907 3319 1962 Dwmonium
3347 1910 3520 1965 habet.

1965 1991 2117 2047 Venit
2148 1992 2323 2047 Filius
2368 1996 2591 2049 hominis
2635 1998 2959 2052 manducans
2990 2008 3039 2052 et
3082 2002 3290 2066 bibens,
3345 2015 3394 2057 et
3441 2005 3523 2057 di-

1956 2096 2076 2139 cunt
2102 2102 2119 2154 ;
2150 2085 2287 2140 Ecce
2306 2088 2459 2140 homo
2493 2091 2773 2141 devorator
2797 2099 2841 2141 et
2867 2091 3038 2143 vinum
3070 2092 3243 2146 bibens
3272 2094 3367 2148 ⁸³⁸.
3402 2094 3521 2163 Ipso

1953 2176 2095 2232 enim
2148 2176 2430 2231 Salvatore
2484 2178 2691 2232 dicente
2740 2179 2867 2248 quia
2915 2182 3047 2234 venit
3087 2180 3259 2238 Filius
3297 2184 3519 2241 hominis

1952 2264 2280 2320 manducans
2328 2277 2376 2319 et
2426 2267 2623 2333 bibens,
2678 2269 2950 2337 quomodo
2995 2285 3160 2325 ausus
3202 2285 3284 2327 est
3324 2274 3521 2345 aliquis

1953 2359 2157 2421 dicere,
2220 2373 2395 2427 neque
2447 2362 2801 2415 manducasse
2853 2377 2999 2427 eum,
3057 2380 3233 2434 neque
3278 2367 3520 2423 bibisse?

1951 2450 2081 2516 Quae
2134 2450 2321 2518 utique
2375 2451 2660 2506 manifesta
2714 2454 3068 2510 incredulitas
3123 2467 3207 2511 est
3258 2458 3523 2516 doctrinae

1950 2541 2086 2608 ejus.
2124 2540 2181 2595 Si
2203 2550 2385 2596 autem
2416 2544 2794 2607 manducabat,
2831 2554 2885 2599 et
2915 2546 3153 2612 bibebat,
3187 2558 3239 2602 et
3263 2557 3519 2605 substan-

1951 2633 2023 2685 tia
2058 2632 2167 2685 vini
2200 2641 2361 2701 atque
2400 2649 2539 2688 esca:
2584 2633 2695 2705 (98)
2733 2636 2785 2688 in
2833 2650 3051 2690 carnem
3099 2638 3216 2706 ejus
3255 2641 3522 2697 eﬂiciebap

1951 2728 2059 2787 tur,
2103 2723 2219 2777 sine
2265 2724 2427 2778 dubio
2468 2739 2563 2793 per
2590 2740 2781 2781 omnes
2809 2728 3053 2795 corporis
3085 2728 3199 2796 ejus
3227 2746 3519 2804 compages

1948 2826 2012 2865 ac
2054 2812 2418 2867 membrorum
2469 2816 2844 2883 perplexiones
2876 2818 3297 2876 diffundebatur.
3341 2823 3516 2893 Spiri-

1949 2902 2108 2956 talem
2142 2903 2285 2956 enim
2329 2914 2574 2958 naturam
2613 2906 2775 2977 (sicut
2805 2909 3022 2977 quidam
3051 2912 3116 2965 de
3141 2912 3258 2979 ejus
3282 2929 3513 2984 corpore

1947 2994 2205 3060 sentiunt,
2246 2996 2388 3062 quod
2438 2997 2687 3064 imperite
2737 3000 2867 3052 satis
2915 3008 2968 3053 et
3012 3001 3243 3056 absurde
3290 3003 3512 3076 faciunt)

1949 3085 2279 3155 impossibile
2326 3094 2408 3141 est
2451 3088 2558 3140 vini
2596 3099 2759 3157 atque
2797 3104 2934 3145 esca:
2975 3094 3216 3162 recipere
3261 3096 3516 3151 substan~

1952 3177 2099 3230 tiam.
2144 3176 2257 3248 (99)
2296 3176 2351 3231 Si
2397 3193 2524 3231 vero
2567 3180 2688 3247 quis
2747 3182 2996 3251 indignas
3037 3185 3409 3254 obscenasque
3445 3187 3513 3241 ad

1950 3269 2063 3323 haec
2100 3268 2340 3338 proferat
2391 3269 2791 3338 inquisitiones,
2816 3273 3096 3341 requirens
3143 3275 3188 3328 si
3234 3276 3396 3329 etiam
3434 3277 3516 3332 di-

1946 3361 2224 3432 gestiones
2258 3362 2310 3414 in
2335 3376 2565 3431 corpore
2596 3361 2817 3429 ﬁebant,
2842 3362 3283 3418 nihilabsurdum
3304 3366 3514 3421 videtur

1945 3452 2102 3507 lateri
2144 3456 2439 3509 secundum
2472 3455 2918 3523 consequentiam
2951 3465 3157 3510 naturae
3208 3473 3507 3527 corporete.

1944 3544 2000 3601 Si
2044 3560 2172 3601 vero
2205 3548 2367 3601 etiam
2398 3547 2660 3615 exemplis
2689 3562 2719 3601 a
2758 3548 2913 3601 nobis
2952 3548 3062 3601 haec
3090 3550 3309 3619 exigant
3368 3551 3509 3606 atﬁr-

1942 3638 2102 3701 mari,
2137 3637 2529 3691 ostendendum
2572 3646 2655 3691 est
2685 3637 2803 3691 illos
2861 3637 2995 3692 satis
3040 3641 3154 3693 haec
3196 3639 3509 3708 insipienter

1942 3727 2234 3795 inquirere.
2281 3726 2384 3781 Ubi
2427 3726 2570 3781 enim
2606 3727 2708 3781 ista
2752 3728 2838 3781 vel
2880 3727 2945 3781 de
2987 3728 3263 3798 apostolis,
3310 3730 3392 3783 vel
3438 3731 3506 3785 de

1939 3822 2151 3876 caeteris
2190 3821 2393 3875 sanctis
2425 3819 2565 3875 facta
2594 3835 2713 3875 esse
2747 3819 3077 3886 referuntur,
3110 3821 3192 3875 vel
3231 3822 3394 3875 etiam
3438 3824 3505 3877 de

1938 3913 2116 3982 impiis
2144 3922 2197 3967 et
2231 3912 2630 3983 peccatoribus,
2665 3928 2729 3967 ex
2752 3913 3047 3967 abundanti
3081 3914 3146 3967 de
3183 3929 3246 3968 eo
3277 3916 3507 3983 requiri-

1940 4015 2046 4057 tur.
2094 4005 2197 4058 Sed
2227 4014 2280 4058 et
2310 4006 2744 4059 circumcisiouis
2783 4006 2898 4075 ejus
2935 4008 3071 4060 ratio
3106 4008 3258 4061 nobis
3287 4010 3502 4076 quidem

1937 4097 2013 4165 (l)
2055 4112 2159 4150 non
2206 4098 2485 4166 generabit
2513 4098 2839 4165 angustiam.
2876 4098 3188 4152 dicentibus
3216 4112 3335 4153 eum
3373 4116 3503 4155 con-

2354 4194 2398 4225 "
2418 4194 2585 4248 Exod.
2606 4211 2790 4260 xxxrv,
2822 4194 2910 4249 28.
2978 4194 3045 4226 ⁸⁸·
3062 4194 3127 4249 lll
3150 4196 3283 4264 lteg.
3309 4211 3425 4263 ιιι,
3445 4197 3498 4253 3.

328 4363 538 4431 (90—9l)
569 4361 730 4433 Ergo.
786 4365 945 4416 Deest
974 4363 1025 4414 in
1062 4377 1190 4415 mss.
1238 4361 1333 4433 (sed
1362 4369 1536 4433 exstat
1563 4359 1614 4413 in
1647 4360 1828 4433 editis.
1865 4366 1908 4420 Ι)
1934 4360 2037 4414 lius
2062 4360 2211 4428 editi,
2245 4361 2300 4414 in
2335 4377 2541 4433 carnem
2576 4361 2708 4429 ejus.
2752 4359 2871 4433 Mox
2919 4361 3068 4422 editi,
3114 4370 3167 4414 et
3211 4376 3338 4433 mss.
3368 4362 3497 4431 j'plu-

256 4429 460 4487 Deinde
490 4429 663 4500 editi;
681 4436 833 4485 homo
862 4446 908 4485 et
944 4433 1099 4486 Deus.
1140 4432 1203 4484 Et
1234 4429 1403 4492 infra,
1440 4431 1566 4494 quia
1616 4447 1717 4483 non
1760 4431 1823 4481 ab

256 4506 461 4558 homine
510 4504 681 4572 accepi
726 4504 858 4555 illud
893 4502 1272 4572 Evangelium;
1328 4502 1421 4555 sed
1463 4514 1650 4554 omnes
1694 4516 1823 4555 mss.

257 4584 315 4626 ut
344 4576 396 4626 in
432 4585 616 4626 nostro
651 4583 822 4626 textu.

328 4644 440 4712 (99.)
477 4644 551 4695 Ita
595 4658 695 4696 ms.
735 4639 953 4709 Regius.
998 4641 1134 4695 Editi
1167 4654 1330 4712 vero,
1379 4655 1479 4691 non
1524 4648 1599 4712 est
1648 4638 1820 4692 homo.

259 4709 495 4766 Alienum
529 4723 601 4766 est
635 4754 648 4767 .
668 4750 681 4765 .
701 4753 747 4767 ..
778 4729 893 4782 qua:
930 4714 975 4765 ei
1029 4710 1227 4764 occulta
1276 4718 1394 4761 sunt
1427 4719 1477 4782 et
1508 4709 1672 4782 uelata
1703 4721 1823 4762 sunt

261 4783 556 4853 (Merlinus,
598 4793 645 4835 et
686 4780 907 4836 revelata
943 4782 1125 4852 sunt):
1167 4782 1305 4849 quod
1343 4789 1391 4831 et
1433 4780 1479 4829 si
1511 4780 1818 4853 aliquando,

257 4850 359 4906 etc.
414 4854 605 4907 Czeteri
662 4869 787 4906 rnss.
840 4850 1117 4915 omittunt,
1162 4853 1278 4918 plus
1327 4865 1482 4917 quam
1520 4850 1673 4901 homo
1719 4858 1816 4910 est,

256 4924 365 4987 vel,
402 4940 505 4977 non
547 4932 617 4975 est
657 4924 843 4987 homo,
875 4932 930 4975 et
959 4938 1143 4975 vocem
1174 4921 1345 4985 enim,
1389 4927 1510 4988 post
1554 4920 1817 4972 alienum:

256 4994 457 5060 reliqua
493 5009 621 5045 vero
662 4998 861 5046 habent
904 5004 959 5045 ut
995 4995 1046 5045 iu
1082 5001 1255 5047 textu.

324 5065 435 5133 (95)
473 5065 638 5128 Alias,
669 5074 954 5133 contentus.

344 5128 431 5202 94)
468 5134 544 5186 Ex
578 5133 669 5186 lib.
712 5150 725 5185 ι
764 5134 818 5185 in
848 5132 1017 5201 Epist.
1044 5132 1111 5186 ad
1146 5128 1386 5185 Galatas.

343 5206 430 5273 95)
465 5204 635 5265 Alias,
670 5205 1010 5267 consumptis.

320 5269 429 5345 (96)
458 5275 621 5345 Alias,
650 5273 787 5343 quod
816 5274 1016 5345 itineris
1054 5272 1243 5345 labore
1280 5280 1489 5345 etgtestu
1515 5269 1806 5345 Iatigatus.

321 5339 430 5415 (97)
466 5344 595 5396 Mss.
631 5339 809 5411 plures
853 5344 1132 5415 omittunt,
1169 5342 1243 5415 uel
1266 5342 1480 5410 fallens.
1647 5356 1804 5415 unus,

252 5409 350 5466 non
374 5409 584 5482 fallens.
619 5409 823 5466 Deinde
853 5412 1005 5474 editi,
1039 5413 1188 5481 quasi
1214 5409 1307 5479 pro
1334 5412 1627 5477 sumptione
1648 5409 1807 5463 nimia

256 5520 299 5535 ..
321 5524 365 5537 ..
398 5486 529 5537 velut
570 5485 739 5537 cibum
768 5500 829 5535 ac
856 5493 1031 5545 potum
1056 5484 1258 5535 avidius
1289 5498 1349 5534 ac
1378 5482 1679 5549 propensius
1710 5497 1806 5546 ap-

252 5566 417 5619 petens
460 5594 471 5606 .
502 5594 514 5606 .
543 5595 555 5607 .
583 5591 598 5606 .
636 5554 753 5605 velit
779 5551 1036 5621 afﬁrmare
1082 5552 1193 5604 ideo
1218 5552 1325 5604 haec
1352 5552 1426 5603 ita
1457 5567 1566 5603 esse
1600 5588 1615 5603 .
1638 5587 1651 5602 .
1674 5588 1688 5603 .
1712 5587 1725 5601 .
1754 5559 1805 5621 et

254 5624 324 5676 illi
362 5627 620 5693 quomodo
649 5624 701 5674 id
734 5620 903 5689 fieret,
953 5632 1060 5675 etc.
1108 5623 1213 5677 Sed
1252 5636 1439 5676 omnes
1474 5636 1605 5675 mss.
1655 5628 1711 5672 ut
1751 5620 1802 5671 iu

252 5706 426 5747 UCSll‘O
457 5707 624 5748 textu.
1370 5704 1375 5711 ’

313 5766 420 5835 (98)
453 5767 651 5819 Omnes
684 5778 812 5817 mss.
848 5762 1041 5829 nostri,
1074 5764 1126 5816 in
1169 5777 1325 5818 carne
1366 5762 1515 5831 ejus;
1554 5761 1646 5817 sed
1686 5774 1801 5815 me-

511 5860 783 5921 PATROL.
808 5857 923 5919 Gn.
958 5857 1156 5921 XVII.

1936 4447 2043 4491 res,
2088 4446 2359 4501 compages
2390 4432 2735 4501 menibrorum
2765 4432 3179 4501 dilfitndebatnr.
3214 4432 3339 4485 Mss.
3369 4448 3498 4488 vero

1934 4502 2267 4553 Sorbenieus
2337 4513 2387 4555 et
2434 4500 2630 4553 Montis
2682 4501 2739 4553 ὃ.
2794 4500 3075 4556 Michaelis
3141 4502 3193 4555 itt
3246 4502 3496 4559 Periculo

1929 4571 2094 4623 maris
2143 4582 2202 4623 ut
2234 4572 2285 4623 iu
2320 4581 2491 4623 textu.

1998 4640 2113 4711 (99)
2144 4640 2323 4703 Editi,
2363 4638 2419 4694 Si
2468 4656 2585 4692 vero
2633 4641 2749 4709 quis
2787 4640 3067 4709 indignans
3125 4641 3371 4695 obscenas
3420 4644 3491 4697 ad

1924 4711 2053 4763 hwc.
2094 4710 2197 4763 Sed
2230 4725 2419 4763 omnes
2451 4723 2579 4761 mss.
2612 4722 2666 4761 nt
2693 4712 2744 4761 in
2776 4721 2944 4763 textu.
2978 4712 3176 4764 Deinde
3208 4729 3339 4766 mss.
3372 4729 3493 4780 qut-

1922 4783 2068 4844 datn,
2095 4783 2411 4847 digestiones
2443 4795 2713 4849 corporea:
2747 4779 2958 4846 ﬁebant.
3006 4781 3168 4833 Paulo
3192 4794 3309 4849 post
3332 4779 3487 4846 editi,

1922 4868 1954 4902 α
1997 4852 2142 4903 nobis
2184 4850 2279 4902 hoc
2314 4851 2521 4917 exigant
2553 4888 2596 4901 ..
2622 4888 2635 4901 .
2656 4887 2669 4903 .
2698 4848 2795 4901 Ubi
2819 4854 2955 4902 enim
2988 4852 3087 4904 ista
3118 4848 3484 4917 de’apOstoi‘is,

1920 4920 1997 4971 vel
2025 4923 2221 4975 caeteris
2254 4923 2469 4972 sanctis.
2511 4918 2634 4973 Mox
2671 4935 2799 4972 tnss.
2830 4920 3156 4974 Sorbonicus
3201 4933 3254 4972 ct
3294 4924 3350 4975 ὃ.
3381 4920 3483 4976 Μι-

1918 4991 2123 5043 chaelis
2165 4991 2215 5042 iu
2260 4989 2509 5043 Periculo
2560 4992 2743 5053 utaris,
2788 4993 2864 5043 vel
2914 4993 3071 5043 etiam
3112 4993 3174 5043 tle
3217 4992 3388 5055 impiis
3433 5002 3484 5046 ct

1915 5062 2307 5129 peccatoribus,
2335 5075 2398 5111 ea:
2429 5061 2717 5111 abundanti
2768 5063 2830 5113 de
2867 5076 2925 5111 co
2956 5060 3241 5129 requiritur
3268 5058 3360 5126 lal.
3395 5078 3480 5113 re-

1912 5128 2235 5200 quiruntur].
2285 5128 2388 5183 Sed
2420 5142 2465 5180 et
2497 5130 2933 5191 circumcisionis,
2979 5128 3085 5183 etc.
3136 5128 3331 5183 Verum
3366 5131 3480 5184 lucc

1912 5200 2098 5263 verba,
2155 5216 2221 5253 ea:
2264 5200 2552 5251 abundanti
2601 5201 2663 5252 de
2713 5218 2770 5253 eo
2820 5201 3122 5269 requiritur,
3178 5202 3259 5252 vel
3308 5203 3480 5268 requi-

1913 5281 2122 5334 runtur,
2163 5286 2261 5325 nec
2298 5271 2349 5323 in
2381 5271 2590 5324 caeteris
2637 5285 2766 5325 mss.
2812 5288 2912 5324 nec
2966 5272 3018 5322 iu
3068 5269 3227 5324 editis
3259 5286 3478 5339 cotnpa-

1911 5349 2071 5406 rent;
2108 5356 2229 5409 quae
2280 5350 2457 5394 tamen
2510 5340 2843 5394 restituenda
2886 5342 3154 5394 videntur.
3206 5340 3475 5403 Caetermn

1909 5425 2016 5464 non
2052 5412 2328 5477 reperitur
2356 5411 2440 5464 ubi
2474 5411 2539 5464 de
2579 5410 2661 5463 his
2687 5411 2945 5479 Origenes
2982 5412 3311 5464 tractaverit.

2086 5480 2246 5543 Editi,
2278 5496 2379 5533 non
2418 5482 2685 5550 generabit
2719 5489 2973 5550 majorem
3005 5483 3324 5550 angustiam.
3372 5480 3477 5534 Sed

1907 5550 2158 5617 majorem
2198 5552 2463 5603 omittitur
2510 5552 2562 5603 in
2593 5552 2842 5605 omnibus
2876 5568 3000 5605 mss.
3044 5553 3267 5605 nostris.
3311 5551 3476 5612 Infra.

1904 5636 2093 5675 omnes
2125 5636 2254 5674 mss.
2297 5622 2532 5674 habent:
2578 5622 2631 5674 in
2663 5622 2769 5674 alia
2800 5622 3156 5690 disputatione
3190 5623 3481 5690 rcquirers~

1906 5700 2025 5756 tur;
2055 5692 2255 5746 rectius
2290 5707 2416 5747 vero
2446 5690 2598 5756 editi,
2629 5694 2936 5760 requiretur.

3088 5855 3162 5915 19
