4020 6306
565 307 673 362 587

1773 306 1827 360 8.
1869 305 2193 361 PAMPHlLl
2232 310 2586 365 MARTYRIS

3654 332 3744 388 5'88

565 428 855 488 sequenter
886 419 1118 472 humano
1143 425 1447 486 corporeet
1476 417 1848 471 circumcisum
1893 433 2034 482 esse,
2068 430 2120 475 et
2147 429 2197 483 Α
2225 422 2484 477 inclinare
2516 438 2699 476 auram
2744 423 2826 477 his
2857 425 2948 493 qui
2975 427 3157 481 dicunt
3198 444 3294 498 per
3322 431 3551 501 Mariam,
3578 451 3624 494 et
3651 462 3742 502 non

567 512 886 580 przeputium
935 511 1050 578 ejus
1085 519 1240 564 terra:
1286 509 1618 573 mandatum,
1660 509 1904 565 fortassis
1956 527 2126 581 usque

571 603 635 656 ad
676 611 882 670 tempus
919 615 934 654 :
969 611 1061 654 aut
1107 601 1152 654 si
1198 601 1356 654 aliter
1390 611 1507 664 est,
1541 602 1593 655 in
1625 601 1727 654 alia
1767 603 2124 672 disputatione

571 696 890 762 requiretur.
921 693 1044 748 Haec
1069 703 1248 748 tamen
1273 694 1387 762 ejus
1422 695 1762 750 circumcisio
1797 698 1927 751 satis
1958 713 2122 751 coan-

564 785 801 854 gustabit
843 801 934 839 eos
985 785 1075 854 qui
1120 800 1186 840 ex
1237 785 1446 840 diverso
1484 795 1628 840 sunt.
1683 785 1937 856 Spiritale
1980 790 2120 841 enim

568 893 762 946 corpus
791 878 1055 947 quomodo
1085 885 1294 946 poterat
1329 879 1640 933 circumcidi
1688 878 1831 934 ferro
1866 881 2123 935 terreno?

566 967 790 1037 Propter
823 968 960 1037 quod
1001 983 1105 1021 non
1139 969 1473 1023 erubuerunt
1517 970 1732 1045 quidam
1776 986 1840 1025 ex
1880 971 2010 1040 ipsis
2057 972 2124 1026 de

565 1057 822 1126 praeputio
879 1057 1308 1113 circumcisionis
1351 1058 1466 1126 ejus
1515 1060 1676 1113 etiam
1723 1060 1887 1116 libros
1938 1063 2118 1128 edere,

564 1150 758 1219 quibus
789 1150 1073 1204 ostendere
1101 1161 1430 1205 conarentur
1477 1153 1616 1220 quod
1663 1154 1715 1206 in
1766 1153 2118 1208 substantiam

563 1240 781 1294 cesserit
806 1239 1121 1308 spiritalem.
1162 1239 1278 1295 Non
1313 1241 1488 1296 minus
1530 1253 1708 1298 autem
1756 1248 2120 1314 angustabun-

561 1343 648 1387 tur
673 1333 834 1388 etiam
866 1332 936 1386 illi
959 1333 1046 1402 qui
1080 1332 1309 1387 animale
1335 1347 1528 1401 corpus
1570 1335 1758 1389 dicunt
1788 1351 1905 1391 esse
1927 1351 2120 1406 corpus

557 1424 780 1479 Christi.
814 1424 920 1477 Sed
953 1433 1006 1476 et
1035 1424 1098 1477 de
1136 1423 1396 1492 sanguine
1435 1424 1550 1493 ejus
1592 1434 1644 1478 et
1681 1440 1817 1494 aqua
1846 1441 1965 1494 qua)
1995 1442 2119 1495 pro-

559 1517 720 1571 cessit
750 1515 816 1569 de
860 1515 1028 1569 latere
1073 1513 1186 1581 ejus
1226 1516 1380 1568 hasta
1419 1526 1738 1584 eompuncto
1779 1532 1809 1571 a
1853 1517 2021 1572 milite
2049 1519 2116 1584 ⁸³,

558 1610 742 1662 eadem
772 1606 1046 1660 sentienda
1093 1614 1237 1660 sunt.
1280 1605 1386 1660 Sed
1427 1606 1512 1661 bis
1540 1609 1629 1676 qui
1665 1608 1842 1661 sciunt
1865 1610 1991 1678 quid
2025 1625 2119 1665 au-

557 1700 710 1753 diant
753 1711 848 1765 per
885 1697 987 1750 hoc
1024 1697 1164 1765 quod
1195 1697 1409 1760 dicitur,
1447 1696 1522 1767 (2)
1551 1699 1676 1768 quia
1713 1698 1896 1754 ﬁxura:
1934 1700 2111 1756 clavo-

557 1805 676 1843 rum
713 1797 867 1844 erant
898 1789 948 1842 in
991 1787 1113 1857 ejus
1139 1803 1362 1858 corpore
1381 1790 1447 1856 ⁸⁸,
1490 1790 1780 1846 manifeste
1812 1792 2112 1848 declaratur
2142 1781 2184 1835 Β

556 1884 682 1952 quia
735 1896 864 1936 caro
901 1890 1017 1935 erat
1064 1885 1300 1946 terrena,
1349 1882 1403 1935 id
1454 1891 1535 1937 est
1587 1883 1831 1937 humana:
1865 1894 2110 1941 natura}:

551 1990 676 2043 quae
713 1975 893 2043 utique
939 1988 1044 2028 non
1087 1982 1206 2028 erat
1255 1974 1396 2040 talis,
1438 1983 1497 2028 ut
1530 1975 1954 2043 recipiendorum
1991 1977 2112 2031 vul-

555 2082 744 2122 nerum
820 2067 1215 2134 subterfugeret
1270 2066 1605 2136 qualitatem.
1673 2067 1823 2134 Quod
1894 2070 1938 2123 si
2005 2085 2110 2124 non

555 2154 716 2209 etiam
768 2154 936 2207 multa
989 2154 1236 2208 humanae
1280 2155 1609 2211 inﬁrmitatis
1666 2157 1719 2210 in
1776 2157 1888 2226 ipsa
1939 2169 2111 2214 morte

553 2246 829 2306 sensisset,
881 2260 978 2300 cur
1021 2246 1200 2300 anima
1239 2246 1406 2314 ipsius
1435 2248 1781 2316 perturbatur
1809 2248 1876 2315 ⁸⁸,
1915 2258 1969 2304 et
2010 2249 2108 2304 tri-

553 2337 652 2391 stis
693 2346 775 2392 est
821 2352 920 2406 pro
967 2352 1027 2392 ea
1073 2351 1242 2406 usque
1291 2337 1358 2391 ad
1398 2349 1626 2393 mortem
1657 2339 1746 2394 ⁸⁵⁸2
1775 2338 1903 2405 Qua:
1931 2342 2107 2396 omnia

553 2432 831 2488 evidenter
880 2431 1167 2485 ostendunt
1225 2430 1365 2498 quod
1423 2445 1527 2485 non
1587 2430 1741 2498 falso,
1807 2433 1899 2487 sed
1956 2435 2107 2502 quasi

553 2524 714 2578 homo
744 2522 985 2576 dixerit:
1020 2521 1247 2590 Spiritus
1285 2523 1498 2591 quidem
1538 2533 1803 2590 promptus
1843 2535 1940 2588 est,
1985 2541 2106 2580 caro

552 2626 723 2670 autem
750 2615 959 2683 inﬁrma
983 2613 1051 2668 ⁸⁷.
1082 2612 1281 2668 Eadem
1305 2614 1650 2669 nihilominus
1681 2614 1912 2669 ostendit
1945 2617 2106 2668 etiam

554 2707 727 2763 somni
766 2707 924 2769 ratio,
962 2720 1082 2760 cum
1116 2705 1345 2768 dicitur,
1375 2706 1503 2774 quia
1537 2716 1647 2758 erat
1682 2707 1733 2758 in
1768 2707 1922 2774 puppi
1955 2723 2108 2774 super

549 2799 770 2853 cervical
798 2798 1055 2851 dormiens
1080 2838 1096 2864 ,
1141 2797 1279 2851 sicut
1317 2796 1524 2852 Marcus
1558 2797 1806 2866 refert”,
1835 2807 1890 2853 et
1921 2799 1987 2852 ab
2015 2801 2108 2854 ho—

553 2890 700 2942 mine
716 2887 1011 2942 suscitatur
1054 2900 1085 2941 e
1125 2899 1339 2941 somno.
1389 2887 1514 2942 Haec
1539 2888 1680 2942 enim
1709 2887 1834 2944 licet
1871 2892 2107 2947 habeant

556 2977 854 3046 spiritalem
896 2977 1246 3041 intellectum,
1283 2986 1460 3031 tamen
1490 2988 1741 3034 manente
1769 2982 1914 3049 prius
1947 2983 2107 3037 histo-

553 3069 648 3124 riae
691 3069 945 3135 veritate,
987 3067 1147 3122 etiam
1181 3067 1440 3137 spiritalis
1484 3070 1821 3138 recipiendus
1863 3081 1946 3127 est
1983 3088 2107 3128 sen-

2226 529 2292 569 ex
2340 515 2507 569 Maria
2559 516 2634 587 (5)
2676 530 2798 570 eum
2849 533 2969 572 esse
3020 530 3247 575 natum:
3304 525 3442 590 quod
3489 529 3747 596 Apostolus

2226 608 2512 676 prazsciens
2558 609 2628 662 ita
2670 612 2953 678 praedixit:
2991 611 3118 665 Cum
3146 625 3319 667 autem
3353 620 3484 670 venit
3511 623 3748 686 plenitudo

2225 709 2543 766 temporum,
2612 703 2748 755 misit
2801 702 2940 756 Deus
2989 702 3192 758 Filium
3249 724 3399 759 suum
3454 710 3634 777 factum
3695 736 3751 774 ea:

2224 789 2460 852 muliere,
2499 791 2696 856 factum
2736 793 2828 844 sub
2856 791 2984 860 lege,
3027 804 3079 846 ut
3121 812 3209 847 eos
3235 799 3323 864 qui
3357 799 3448 850 sub
3491 801 3593 870 lege
3621 821 3752 862 erant

2225 881 2494 935 redimeret
2519 882 2582 934 ³⁸.
2623 881 2780 938 Vides
2806 886 2929 952 quia
2981 902 3083 939 non
3118 889 3277 955 dixit,
3309 891 3502 946 factum
3532 910 3622 964 per
3653 916 3754 955 mu-

2226 972 2430 1036 lierem,
2458 973 2570 1037 sed,
2599 975 2801 1042 factum
2836 994 2899 1031 ea:
2932 980 3164 1034 muliere.
3194 1001 3212 1032 ι

2292 1065 2616 1121 PAMPHILUS.
2682 1068 2820 1134 Quid
2897 1079 3003 1124 tam
3061 1073 3336 1128 evidenter
3397 1087 3484 1131 aut
3547 1080 3750 1152 integre,

2221 1173 2380 1227 quam
2411 1173 2474 1213 ex
2504 1161 2584 1213 his
2611 1163 2857 1216 omnibus
2882 1178 3001 1232 quae
3024 1166 3260 1234 scripsit,
3286 1165 3362 1236 (6)
3395 1170 3753 1229 conﬁrmatur?

2221 1247 2579 1302 Conﬁrmatur
2607 1253 2673 1305 ab
2707 1266 2771 1305 eo
2809 1263 2863 1306 et
2904 1253 3304 1309 Dominicornm
3341 1267 3600 1326 gestorum
3627 1249 3750 1318 veri;

2221 1351 2322 1405 tas,
2357 1352 2410 1396 et
2449 1341 2687 1396 historiae
2723 1343 3123 1412 Seripturarum
3157 1346 3311 1401 lides.
3345 1347 3447 1402 Sed
3485 1365 3751 1422 persequa—

2219 1448 2339 1486 mur
2367 1432 2441 1504 (7)
2479 1444 2879 1503 consequenter
2919 1437 3082 1490 etiam
3125 1437 3256 1501 alia,
3302 1439 3354 1490 in
3397 1440 3580 1505 quibus
3614 1457 3751 1498 accu-

2219 1535 2368 1579 satur
2426 1527 2583 1595 quasi
2645 1528 2779 1581 duos
2834 1527 3077 1583 Christos
3132 1529 3348 1595 dicens,
3405 1547 3558 1586 unum
3602 1534 3748 1590 Deum

2219 1617 2471 1682 Verbum,
2519 1627 2574 1673 et
2619 1619 2780 1673 alium
2824 1618 3005 1675 lesum
3046 1621 3326 1677 Christum
3370 1624 3459 1692 qui
3500 1640 3559 1679 ex
3599 1626 3748 1683 Maria

2217 1717 2378 1765 natus
2409 1717 2510 1764 est.

2438 1864 2718 1906 RESPONSIO
2746 1866 2814 1905 AD
2847 1867 3087 1914 ρυιΝτΑιί
3119 1868 3560 1909 CRIMINATIONEI.

2381 1984 2457 2056 (8)
2499 1984 2649 2050 Quod
2689 2002 2822 2039 unus
2868 1995 2942 2039 est
2995 1985 3243 2041 Ghristus
3287 1985 3456 2041 Filius
3499 1987 3607 2043 Dei.

2607 2097 2706 2169 (Ex
2733 2098 2908 2167 primo
2931 2098 3072 2153 libro
3101 2100 3167 2152 de
3200 2098 3400 2169 Isaia.)

2285 2232 2572 2286 ORIGENES.
2610 2229 2688 2302 (9)
2720 2250 2739 2282 r
2777 2230 2928 2285 Sicut
2971 2231 3101 2286 dicit
3134 2231 3466 2300 Apostolus,
3518 2232 3753 2298 Quoniam

2215 2320 2542 2374 mmulatores
2579 2324 2702 2374 estis
2733 2321 3016 2390 spirituum
3046 2322 3112 2375 ⁸⁵.
3143 2322 3304 2376 Sicut
3334 2325 3472 2378 enim
3494 2338 3608 2377 cum
3635 2341 3753 2380 unus

2213 2414 2284 2466 sit
2330 2412 2563 2482 Spiritus
2619 2424 2860 2480 sanctus,
2909 2414 3042 2467 tanti
3098 2429 3194 2482 per
3243 2415 3480 2484 singulos
3526 2416 3754 2471 dicuntur

2211 2505 2434 2574 Spiritus
2485 2507 2695 2570 sancti,
2744 2507 2929 2575 quanti
2985 2514 3110 2560 sunt
3153 2506 3206 2558 hi
3258 2507 3348 2572 qui
3389 2506 3583 2562 habent
3613 2507 3660 2561 in
3703 2523 3755 2562 se

2213 2598 2471 2666 Spiritum
2521 2609 2765 2652 sanctum
2818 2615 2832 2652 :
2887 2598 2961 2652 ita
3007 2609 3059 2653 et
3107 2599 3174 2653 de
3213 2599 3435 2654 Christo
3488 2601 3752 2656 dicendum

2211 2698 2312 2744 est.
2353 2689 2434 2743 Ab
2470 2705 2576 2744 uno
2620 2690 2760 2744 enim
2804 2687 3023 2744 Christo
3068 2691 3220 2744 multi
3274 2693 3403 2745 ﬁunt
3440 2691 3640 2753 ehristi,
3697 2692 3754 2745 de

2211 2781 2403 2850 quibus
2447 2782 2734 2850 Scriptura
2785 2782 2974 2835 dicit:
3037 2781 3219 2837 Nolite
3281 2793 3488 2852 tangere
3557 2785 3752 2836 christos

2208 2888 2347 2926 meos
2373 2913 2386 2936 ,
2425 2883 2470 2926 et
2508 2875 2561 2926 in
2590 2874 2848 2941 prophetis
2899 2875 3024 2927 meis
3060 2875 3218 2927 nolite
3261 2875 3621 2944 malignari".
3673 2875 3753 2929 Sic

2209 2973 2262 3018 et
2293 2964 2359 3017 ab
2397 2980 2501 3018 uno
2542 2963 2652 3019 Deo
2693 2965 2764 3019 dii
2811 2965 2964 3019 multi
3013 2966 3289 3032 dicuntur,
3343 2982 3525 3022 omnes
3569 2967 3754 3021 scilicet

2210 3057 2264 3110 hi
2293 3057 2344 3110 in
2377 3057 2571 3125 quibus
2609 3056 2816 3109 habitat
2844 3057 2986 3111 Deus
3017 3077 3030 3112 :
3069 3059 3160 3110 sed
3193 3060 3345 3111 nobis
3376 3075 3509 3111 unus
3534 3069 3603 3111 est
3632 3057 3751 3110 Deus

550 3176 660 3216 sus.
684 3147 782 3231 ’(5)
830 3160 980 3215 Licet
1018 3160 1158 3215 enim
1190 3174 1361 3216 caecos
1390 3174 1600 3229 semper
1633 3171 1783 3218 curet
1812 3165 2102 3218 secundum
2131 3138 2172 3196 C
2207 3146 2388 3211 Pater,
2419 3163 2482 3200 ea:
2515 3163 2615 3216 quo
2653 3149 2827 3200 omnia
2867 3149 2937 3202 9”.
2971 3148 3119 3204 Unus
3148 3165 3280 3219 ergo
3311 3159 3392 3204 est
3420 3165 3569 3204 verus
3607 3149 3750 3210 Deus,

551 3252 850 3323 spiritalem
891 3252 1323 3323 intelligentiam,
1363 3268 1482 3308 eum
1532 3253 1835 3323 ignorantia
1869 3269 2105 3310 excaeca-

551 3355 636 3400 tas
682 3345 945 3398 illuminat
991 3353 1220 3408 mentes,
1274 3354 1453 3400 tamen
1494 3353 1547 3400 et
1581 3345 1931 3414 corporaliter
1981 3355 2105 3402 tunc

547 3450 747 3490 caecum
773 3434 984 3489 sanavit
1009 3433 1076 3485 '9.
1106 3433 1171 3487 Et
1200 3443 1438 3490 mortuos
1467 3449 1678 3504 semper
1694 3435 1950 3502 suscitat;
1979 3435 2104 3490 fecit

547 3531 726 3578 tamen
781 3532 838 3577 et
895 3532 1020 3576 tunc
1075 3521 1444 3590 hujuscemodi
1499 3524 1808 3588 mirabilia,
1863 3525 1999 3578 sicut
2052 3533 2106 3579 et

548 3613 714 3668 ﬁliam
751 3613 1008 3683 principis
1041 3612 1340 3682 Synagogte
1362 3613 1430 3676 9°,
1468 3622 1522 3668 et
1563 3613 1727 3668 ﬁlium
1760 3616 1929 3670 vidua:
1953 3616 2022 3682 9‘,
2052 3622 2106 3670 et

545 3703 806 3758 Lazarum
827 3704 873 3737 "
906 3702 983 3774 (4)
1021 3703 1350 3759 suscitando.
1383 3704 1449 3758 Et
1467 3705 1714 3773 quamvis
1748 3719 1958 3772 semper
1983 3719 2104 3760 cum

547 3795 822 3849 excitatur
854 3809 881 3847 a
915 3793 1190 3861 discipulis
1223 3805 1530 3864 compescat
1558 3795 1810 3851 Ecclesia:
1841 3796 2100 3862 turbines,

547 3884 632 3937 vel
661 3885 926 3952 procellas
944 3884 1010 3948 ⁸³³,
1047 3895 1222 3937 tamen
1250 3893 1454 3940 certum
1484 3895 1567 3940 est
1591 3886 1755 3940 etiam
1792 3894 1916 3939 tunc
1956 3894 2104 3954 gesta

549 3989 668 4029 esse
700 3989 817 4042 quae
862 3989 960 4044 per
1005 3975 1285 4030 historiam
1329 3975 1652 4030 referuntur.
1707 3975 1800 4030 Sic
1839 3989 1967 4044 ergo
2018 3988 2102 4028 sa-

550 4079 678 4118 num
721 4073 803 4119 est
849 4079 1061 4120 sensum
1091 4065 1381 4134 Scriptura:
1427 4067 1710 4136 recipere;
1754 4080 1853 4120 nec
1890 4072 2102 4135 oportet

1235 4262 1280 4292 ⁸⁵
1305 4259 1458 4315 Joan.
1527 4279 1618 4323 xx,
1649 4262 1718 4315 25
1735 4270 1787 4314 et
1818 4276 1930 4330 seq.

1271 4331 1382 4386 25:
1451 4348 1504 4386 x.
1564 4332 1650 4386 52.
1748 4331 1791 4361 ⁹⁰
1825 4331 1930 4386 λιιι(

652 4263 698 4295 ⁸³
723 4264 876 4318 Joan.
920 4279 1030 4324 xrx,
1067 4261 1158 4316 54.

550 4352 624 4397 tv,
659 4335 748 4388 58.
822 4334 865 4366 ⁸ο
895 4333 1055 4386 Marc.
1088 4348 1207 4397 Vill,
1271 4331 1340 4386 25
1369 4349 1382 4397 ;
1451 4348 1504 4392 x,

621 4588 698 4658 (2)
727 4588 852 4644 Mss.
899 4589 1088 4651 nostri,
1135 4589 1258 4658 quia

548 4657 748 4713 reetius
786 4660 986 4713 habere
1019 4657 1266 4713 videntur
1294 4657 1442 4721 editi,
1469 4657 1679 4724 ﬁxura.
1709 4659 1905 4712 Deinde
1945 4661 2095 4722 editi,

545 4731 693 4798 quasi
723 4745 826 4781 non
863 4730 1017 4781 etiam
1059 4729 1222 4782 multa
1262 4728 1505 4798 humanae
1539 4728 1862 4794 infirmitatis
1890 4730 1942 4782 in
1979 4730 2094 4796 ipsa

544 4797 710 4852 morte
749 4800 1006 4859 sensisset,
1045 4801 1221 4851 anima
1252 4797 1615 4864 perturbatur,
1664 4807 1766 4852 etc.
1807 4799 1932 4852 Mss.
1975 4799 2095 4866 plu-

545 4884 654 4933 res,
689 4868 850 4933 Quid,
889 4869 932 4920 si
967 4884 1067 4919 non
1105 4869 1260 4920 etiam
1295 4866 1461 4919 multa
1500 4867 1743 4919 humanm
1770 4868 2093 4934 inﬁrmitatis

542 4939 600 4992 in
656 4940 770 5006 ipsa
821 4946 984 4990 morte
1029 4938 1288 4998 sensisset,
1336 4938 1508 5006 anima
1571 4937 1924 5002 perturbatur,
1985 4947 2088 4991 etc.

545 5004 686 5076 quod
732 5022 835 5062 non
885 5008 1064 5060 male:
1101 5008 1192 5061 sed
1255 5021 1384 5059 mss.
1433 5004 1759 5059 Sorbonicus
1805 5015 1858 5059 et
1902 5006 2096 5061 Montis

544 5081 602 5131 ὃ.
632 5078 926 5142 Michaelis,
965 5087 1020 5130 ut
1048 5078 1098 5128 in
1135 5085 1302 5130 textu.

613 5149 688 5217 (5)
726 5147 850 5201 Mss.
895 5147 1136 5215 plerique
1165 5159 1447 5215 perperam
1496 5145 1717 5210 habent,
1764 5145 1914 5201 Sicut
1953 5149 2091 5202 enim

541 5233 704 5269 ca’cos
736 5233 931 5284 semper
959 5224 1130 5277 curat,
1157 5226 1260 5268 etc.

476 5273 494 5296 “
612 5286 688 5354 (4)
738 5273 1050 5338 Suscitando
1105 5273 1317 5338 additur
1366 5283 1419 5336 in
1461 5285 1694 5340 editione
1736 5285 2090 5351 Genebrardi,

541 5357 634 5408 sed
662 5355 928 5409 omittitur
962 5355 1013 5407 in
1038 5355 1288 5408 omnibus
1309 5368 1439 5408 mss.
1473 5356 1669 5409 nostris
1701 5365 1755 5410 et
1785 5358 1836 5410 in
1862 5358 2093 5412 editione

542 5425 770 5477 Merlini.

613 5494 686 5562 (5)
737 5492 902 5566 Alias,
941 5509 1057 5566 eum
1082 5505 1280 5561 natum,
1329 5494 1528 5549 omisso
1562 5510 1672 5548 esse
1701 5511 1718 5548 :
1755 5497 1913 5564 paulo
1944 5505 2087 5566 post,

534 5564 804 5630 plenitudo
840 5565 1102 5630 temporis.

611 5633 684 5701 (6)
721 5632 850 5687 Mss.
887 5642 940 5684 et
967 5635 1096 5686 editi
1128 5633 1294 5688 semel
1320 5635 1688 5688 tantummodo
1723 5635 1925 5691 habent
1965 5651 2087 5692 ver-

539 5702 663 5757 bum
691 5705 1033 5772 con/irmatur
1063 5717 1082 5756 :
1112 5704 1205 5758 sed
1240 5704 1585 5772 repetendum
1612 5707 1843 5761 videtur.

1825 4331 1964 4399 ,Luc.
2014 4347 2128 4396 vut,
2180 4331 2267 4384 55.

547 4405 635 4460 '59.
710 4406 756 4436 ⁸³
807 4403 980 4457 Galat.
1015 4419 1085 4468 tv,
1117 4403 1172 4467 4,
1230 4402 1282 4456 5.
1354 4402 1398 4432 ⁸⁵
1425 4401 1587 4456 lCor.
1616 4417 1727 4469 xlv,
1757 4401 1845 4454 12.
1915 4402 1960 4432 ³⁸
1985 4401 2107 4456 Psal

2212 4417 2264 4465 ν,
2308 4401 2395 4456 15.

1301 4588 1483 4656 figura:
1526 4587 1809 4651 clavorum,
1839 4598 1966 4655 etc.,
2003 4590 2096 4645 sed
2129 4575 2172 4627 Ῑ)

2206 3239 2317 3306 qui,
2349 3247 2408 3291 ut
2438 3239 2509 3291 ita
2539 3238 2785 3303 dixerint,
2819 3248 3106 3307 praestator
3135 3251 3216 3294 est
3265 3243 3505 3306 deitatis,
3549 3251 3598 3295 et
3632 3256 3754 3293 unus

2205 3330 2448 3385 Christus
2492 3329 2601 3401 (10)
2654 3331 2826 3385 factor
2869 3332 3192 3386 christorum
3221 3373 3235 3397 ,
3305 3344 3360 3388 et
3417 3349 3554 3387 unus
3604 3332 3758 3402 Spiri-

2207 3430 2291 3475 tus
2340 3432 2559 3475 sanctus
2612 3422 2705 3490 qui
2756 3437 2852 3490 per
2901 3423 3141 3488 singulas
3193 3426 3419 3478 ani-nas
3473 3435 3755 3479 sanctorum

2206 3512 2336 3566 facit
2376 3511 2634 3581 Spiritum
2692 3523 2951 3568 sanctum.
3009 3513 3261 3569 Christus
3313 3531 3441 3570 vero
3492 3516 3624 3570 sicut
3672 3529 3756 3582 per

2209 3605 2310 3659 hoc
2359 3601 2787 3673 qued'Christus
2829 3614 2911 3658 est
2969 3605 3201 3663 christos
3250 3607 3408 3669 facit,
3457 3608 3524 3661 ita
3580 3616 3631 3660 et
3673 3619 3754 3674 per

2209 3696 2310 3749 hoc
2341 3697 2482 3764 quod
2509 3695 2678 3750 Filius
2707 3696 2803 3750 Dei
2849 3707 2948 3761 est,
2988 3707 3044 3751 et
3073 3698 3240 3753 Filius
3271 3701 3531 3768 proprius
3559 3710 3609 3752 et
3642 3700 3752 3752 uni-

2210 3787 2440 3857 genitus,
2481 3801 2669 3840 omnes
2713 3801 2807 3842 eos
2845 3788 2934 3855 qui
2978 3789 3280 3858 percipiunt
3330 3791 3400 3845 ab
3430 3805 3494 3844 eo
3524 3790 3750 3859 spiritum

2209 3879 2531 3948 adoptionis,
2563 3875 2702 3930 ﬁlios
2734 3877 2827 3930 Dei
2863 3876 3013 3930 facit.
3045 3897 3063 3927 ι
3121 3921 3125 3923 .

2274 3969 2594 4023 PAMPHILUS.
2649 3967 2826 4022 Unum
2893 3969 2994 4023 hoc
3048 3970 3416 4024 testimonium
3479 3981 3559 4025 est
3620 3971 3748 4038 quod

2207 4061 2451 4116 Christus
2480 4076 2639 4115 verus
2681 4076 2814 4114 unus
2846 4062 2934 4126 sit,
2962 4061 3050 4129 qni
3084 4062 3494 4130 participatione
3521 4065 3598 4117 sui
3625 4058 3750 4114 titul-

2003 4261 2046 4293 ⁸⁵
2077 4259 2230 4315 Joan.
2259 4277 2354 4324 xu,
2382 4262 2470 4314 27.
2545 4262 2592 4293 ⁸⁸
2620 4262 2784 4318 Marc.
2813 4279 2921 4325 xrv,
2958 4264 3044 4321 54.
3119 4264 3163 4299 ⁸⁷
3198 4264 3326 4317 ibid.
3371 4265 3458 4318 58.
3523 4265 3566 4295 ⁸⁸
3596 4264 3743 4318 Marc.

2363 4332 2406 4362 ⁹¹
2438 4331 2570 4385 Luc.
2615 4349 2710 4394 vn,
2757 4334 2842 4386 15.
2910 4336 2953 4366 θ’
2977 4334 3132 4389 .Ioan.
3159 4335 3342 4398 1:1,“.

2471 4402 2512 4432 ’7
2544 4403 2556 4453 Ι
2584 4403 2708 4456 Cor.
2744 4419 2855 4468 riu,
2887 4406 2937 4458 6.

3420 4335 3464 4367 9’
3489 4335 3646 4389 Marc.
3680 4351 3745 4402 Iv,

2269 4592 2344 4660 ('7)
2383 4592 2547 4655 Editi,
2584 4603 2952 4662 consequenter
2990 4594 3148 4646 etiam
3201 4594 3425 4661 reliqua,
3471 4593 3523 4646 in
3569 4593 3742 4662 quibus

2197 4674 2474 4714 accusatur
2521 4665 2672 4728 quasi
2715 4661 2846 4715 duos
2893 4663 3122 4716 Christos
3185 4664 3411 4728 dixerit,
3458 4678 3612 4714 unum
3657 4661 3743 4713 Dei

2212 4729 2466 4793 Verbum,
2524 4744 2630 4787 etc.
2684 4732 2816 4786 Mss.
2879 4733 3207 4786 Sorbonicus
3259 4744 3308 4785 et
3354 4735 3411 4786 S.
3457 4732 3738 4788 Michaelis.

2197 4811 2564 4871 consequenter
2614 4803 2774 4854 etiam
2833 4804 3055 4871 aliqua.
3121 4803 3176 4855 in
3229 4805 3419 4870 quibus
3475 4812 3736 4871 accusatur

2197 4870 2453 4940 afﬁrmare
2497 4874 2648 4940 quasi
2689 4873 2816 4924 duos
2855 4870 3092 4924 Christos
3136 4873 3313 4926 dicens
3345 4887 3362 4923 .'
3397 4888 3554 4924 unum
3590 4870 3741 4921 Deum

2206 4938 2450 5005 Verbum,
2484 4938 2589 4995 etc.
2617 4942 2812 4995 Cmteri
2842 4957 2967 4995 vero
2999 4957 3126 4996 mss.
3165 4952 3222 4994 ut
3255 4944 3303 4994 in
3345 4952 3512 4995 textu.

2266 5009 2339 5080 (8)
2370 5009 2461 5064 Sic
2508 5025 2695 5080 omnes
2744 5027 2871 5066 mss.
2926 5013 3064 5066 Editi
3102 5026 3262 5072 vero,
3317 5013 3466 5075 Quod
3511 5025 3638 5061 unus
3681 5006 3742 5058 sit

2196 5077 2459 5154 Christus.
2616 5081 3138 5154 libroqprintosuper
3160 5080 3382 5132 Isaiam.
3727 5145 3737 5154 .

2265 5150 2341 5220 (9)
2406 5150 2482 5202 Ex
2534 5152 2625 5220 lib.
2679 5166 2693 5204 ι
2750 5151 2804 5202 in
2852 5149 3075 5203 Isaiam.
3107 5182 3172 5190 —
3209 5154 3404 5204 Omnes
3428 5166 3554 5202 mss.
3586 5149 3740 5199 nostri

2199 5219 2491 5294 omittunt,
2526 5219 2692 5294 ,δίου-ι
2718 5220 2863 5294 Δ(ιὶιτίι
2907 5221 3213 5294 Apostolus,
3275 5219 3532 5294 Quoniam
3589 5231 3739 5294 temu-

2200 5290 2393 5343 latores
2438 5292 2561 5344 estis
2600 5291 2877 5356 spirituum
2913 5308 2930 5344 :
2966 5293 3058 5345 sed
3098 5293 3213 5345 haec
3240 5300 3453 5344 exstant
3488 5291 3536 5340 in
3571 5289 3734 5343 editis,

2199 5361 2291 5429 qui
2340 5375 2461 5413 mox
2509 5361 2765 5413 omittunt
2812 5360 2997 5430 enim,
3047 5362 3188 5428 quod
3242 5364 3525 5430 restituunt
3567 5367 3736 5430 omnes

2201 5426 2330 5482 mss.
2383 5430 2540 5484 Solus
2586 5431 2752 5483 codex
2804 5426 3132 5485 Sorbonicus
3186 5433 3370 5494 habet,
3409 5428 3554 5482 Sicut
3587 5426 3730 5483 enim,

2199 5499 2314 5551 licet
2348 5515 2481 5552 unus
2524 5501 2591 5552 sit
2633 5497 2863 5567 Spiritus
2901 5510 3135 5568 sanctus,
3165 5503 3295 5553 tanti
3325 5511 3494 5552 tamen
3522 5511 3608 5564 per
3633 5494 3732 5545 siu-

2199 5569 2366 5637 gulos,
2403 5580 2506 5623 etc.
3559 5632 3587 5638 __
3718 5626 3728 5638 .

2269 5641 2378 5709 (l0)
2415 5641 2511 5693 Ms.
2560 5639 2792 5711 Regius,
2851 5642 3022 5710 factor
3063 5642 3496 5699 Christianorum.
3551 5632 3732 5688 Crateri

2199 5724 2327 5763 mss.
2359 5719 2411 5764 et
2443 5712 2571 5766 editi
2603 5722 2659 5766 ut
2696 5713 2746 5766 in
2779 5721 2946 5767 textu.
