4020 6306
242 385 340 444 ξω
1441 395 1783 454 ΑΡΟΕΟΟΙᾹ

1894 403 1957 458 l0
2000 402 2318 466 ORIGENE.
3381 425 3484 482 590

240 516 317 561 tos
347 505 463 603 (ll)
494 506 628 603 facit
657 508 907 603 christos.
952 511 1314 567 Adhibeamus
1356 521 1533 569 tamen
1580 525 1634 570 et
1664 517 1805 572 aliud
1838 527 1882 582 Α
1913 522 1965 576 in
1992 523 2097 579 [ine
2118 527 2332 594 quidem
2352 532 2847 589 sreculorumhomo
2863 533 3128 594 factusest
3150 537 3304 598 Jesus
3320 543 3484 603 Chri-

237 613 297 693 ex
322 598 500 693 primo
541 598 790 693 libro-de
826 602 1111 674 Evangelio
1145 606 1441 661 secundum
1472 606 1803 673 Matthacum,
1912 623 2028 669 stus
2054 633 2067 668 :
2097 617 2187 669 sed
2214 628 2342 674 ante
2373 621 2515 676 hunc
2538 624 2881 679 manifestum
2910 627 2961 681 in
2992 643 3157 685 carne
3191 598 3479 693 adventum
3502 674 3529 693 ,.

236 692 284 745 in
309 705 423 788 quo
457 691 561 745 hoc
593 691 751 788 modo
785 693 953 788 dicit:
1911 705 2178 761 mediator
2226 711 2441 779 quidem
2479 723 2596 767 erat
2629 714 2739 788 (15)
2777 717 3086 787 hominum,
3118 726 3211 779 sed
3244 691 3523 786 ιιοιιιίιιιιιἒξ

298 783 590 839 Οιιιοειεεε.
621 784 729 854 (12)
773 804 791 837 ι
829 786 884 841 Si
918 787 1165 845 Christus
1186 788 1362 856 Jesus,
1394 809 1512 847 cum
1545 799 1599 847 in
1636 797 1807 865 forma
1910 804 2029 849 erat
2053 796 2233 852 homo.
2264 799 2392 855 Erat
2422 810 2601 857 tamen
2643 815 2697 858 et
2720 783 2850 862 tunc
2892 783 3148 867 mediator
3170 817 3265 872 Dei
3299 832 3345 874 et
3380 783 3505 875 ne?

229 886 355 931 esset
392 877 510 941 Dei,
548 893 649 931 non
682 882 925 946 rapinam
964 882 1253 936 arbitratus
1291 893 1368 936 est
1412 902 1521 939 esse
1553 904 1607 939 se
1633 904 1805 955 arqua-

226 969 324 1023 lem
362 968 505 1031 Deo,
552 969 643 1022 sed
686 970 1019 1038 semetipsum
1063 974 1355 1028 exinanivit
1401 976 1627 1045 formam
1672 981 1803 1035 servi

226 1059 506 1128 accipiens,
548 1068 597 1112 et
631 1058 686 1111 in
725 1061 1130 1117 similitudinem
1160 1064 1431 1119 hominum
1465 1068 1636 1136 factus
1658 1111 1671 1133 ,
1708 1073 1802 1125 ha-

225 1146 335 1200 bitu
372 1156 604 1215 repertus
639 1158 695 1201 ut
722 1150 874 1203 homo
907 1162 1003 1214 est,
1041 1152 1325 1209 humilians
1354 1159 1598 1226 seipsum,
1630 1163 1803 1229 factus

224 1240 467 1292 obediens
494 1256 656 1307 usque
683 1243 751 1293 ad
786 1251 1023 1307 mortem,
1067 1255 1286 1299 mortem
1328 1260 1500 1303 autem
1542 1254 1709 1306 crucis
1732 1254 1799 1319 ⁸⁸,

223 1327 443 1382 dubium
481 1344 586 1383 non
627 1337 710 1383 est
746 1330 890 1399 quod
934 1334 1192 1390 nativitas
1237 1336 1352 1405 ejus
1390 1355 1496 1394 non
1539 1352 1623 1396 est
1656 1344 1797 1408 talis,

221 1430 280 1474 ut
321 1420 480 1489 quasi
522 1421 613 1490 qui
653 1430 779 1477 ante
824 1438 927 1477 non
966 1423 1151 1492 fuerit,
1201 1442 1321 1482 esse
1363 1435 1612 1500 cmperit,
1659 1436 1802 1488 sicut

219 1511 285 1566 de
340 1513 630 1567 nativitate
694 1514 973 1570 hominum
1030 1526 1251 1586 putatur
1301 1538 1313 1573 ε
1363 1524 1455 1576 sed
1507 1525 1597 1592 qui
1651 1526 1801 1592 prius

217 1611 361 1665 erat,
388 1611 441 1656 et
471 1612 589 1656 erat
620 1603 672 1655 in
703 1602 877 1657 forma
915 1606 1026 1669 Dei,
1060 1605 1171 1677 (15)
1204 1606 1351 1660 venit
1376 1609 1539 1662 etiam
1572 1610 1798 1665 formam

216 1693 361 1747 servi
396 1696 690 1762 suscipere.
745 1696 987 1765 Denique
1018 1698 1157 1765 quod
1198 1708 1378 1752 natum
1416 1712 1492 1754 est
1522 1718 1586 1755 ea:
1622 1718 1798 1767 carne,

214 1800 341 1837 caro
372 1788 537 1850 est”,
585 1787 778 1856 inquit.
829 1788 984 1853 Quod
1024 1799 1204 1844 natum
1238 1802 1335 1857 est,
1375 1793 1425 1846 id
1473 1803 1591 1857 est,
1634 1810 1701 1850 ex
1734 1810 1796 1850 ea

1907 889 2149 943 minam:
2187 892 2326 946 unde
2355 902 2409 947 et
2451 897 2575 949 data
2619 898 2702 952 lex
2748 916 2845 969 per
2891 906 3132 976 angelos,
3164 909 3280 966 Sine
3313 914 3482 981 ipsius

1908 982 2224 1037 mediatoris
2258 986 2503 1041 manibus
2532 990 2656 1043 data
2687 1006 2807 1048 esse
2855 1011 2958 1050 non
2987 999 3203 1063 dicitur,
3246 1012 3306 1057 ut
3336 1013 3482 1061 esset

1906 1068 1989 1123 lea:
2036 1083 2241 1139 sancta,
2301 1087 2348 1128 et
2398 1080 2707 1134 mandatum
2756 1095 3018 1152 sanctum,
3050 1099 3099 1142 et
3142 1092 3371 1161 justum,
3428 1103 3480 1149 et

1906 1163 2095 1217 bonum
2128 1165 2185 1229 ⁸,
2233 1175 2288 1220 et
2337 1170 2517 1222 omnia
2562 1172 2673 1226 hrec
2717 1176 3193 1234 sanctiﬁcarentur
3236 1198 3265 1235 a
3322 1185 3480 1239 Chri-

1904 1261 2007 1306 sto.
2048 1274 2068 1306 ι

1976 1346 2303 1406 PAMPHILUS.
2348 1352 2604 1410 Suliicere
2650 1358 2847 1426 opinor
2898 1362 3061 1416 etiam
3096 1364 3209 1433 (l6)
3260 1367 3327 1422 de
3374 1369 3477 1423 hoc

1904 1436 2074 1493 tribus
2110 1443 2434 1500 testimoniis
2478 1448 2811 1504 confutatam
2852 1467 2973 1507 esse
3009 1457 3362 1516 calumniam.
3418 1462 3479 1516 Si

1902 1530 2024 1597 quis
2057 1546 2187 1585 sane
2233 1533 2520 1592 oﬂ‘enditur
2551 1543 2692 1609 quod
2737 1543 2875 1597 dixit
2922 1547 3259 1604 Salvatorem
3311 1554 3475 1607 etiam

1903 1625 2135 1680 animam
2170 1632 2510 1700 suscepisse:
2547 1636 2677 1690 nihil
2722 1638 2787 1693 de
2833 1640 2933 1696 hoc
2978 1643 3206 1712 amplius
3250 1662 3478 1716 respon-

1902 1716 2131 1772 dendum
2162 1731 2309 1790 puto,
2340 1724 2438 1778 nisi
2468 1730 2607 1795 quod
2638 1730 2792 1800 hujus
2826 1735 3107 1789 sententia:
3158 1751 3261 1790 non
3292 1738 3474 1810 Orige-

1902 1824 1998 1863 nes
2033 1821 2228 1865 auctor
2256 1826 2357 1879 est,
2391 1819 2482 1870 sed
2529 1818 2642 1888 ipsa
2680 1834 2867 1877 sancta
2899 1825 3175 1893 Scriptura
3218 1838 3470 1894 testatur,

213 1891 338 1946 qua
375 1877 515 1931 dixit
546 1898 559 1933 :
601 1878 734 1933 Ecce
770 1881 968 1933 ancilla
1005 1880 1253 1950 Domini,
1306 1886 1402 1951 fiat
1438 1886 1569 1939 mihi
1609 1903 1792 1941 secun-

1902 1898 2017 1967 ipso
2047 1900 2273 1957 Domino
2303 1913 2357 1958 et
2387 1905 2669 1964 Salvatore
2692 1911 2905 1967 dicente
2933 1934 2945 1967 :
2982 1877 3150 1970 Nremo
3184 1918 3326 1972 tollet
3357 1877 3474 1973 ani:

210 1967 343 2021 dum
382 1969 584 2023 verbum
631 1978 781 2023 tuum
808 1971 824 2000 ¹
866 1987 883 2025 :
929 1971 1045 2027 haec
1086 1980 1172 2027 est
1222 1974 1399 2029 forma
1450 1977 1620 2043 servi,
1673 1993 1793 2047 qua:

211 2060 409 2129 utique
444 2076 577 2116 caro
607 2070 708 2116 est.
737 2080 755 2113 ι

287 2149 613 2206 ΡΑιιριιιιυε.
649 2152 716 2206 Et
747 2153 800 2207 in
836 2154 995 2209 tertio
1024 2154 1160 2211 libro
1204 2155 1458 2226 Epistola:
1494 2161 1563 2216 ad
1612 2161 1796 2218 Colos-

208 2259 408 2302 senses
436 2246 502 2301 de
526 2246 730 2301 eisdem
762 2247 836 2301 ita
874 2248 1084 2304 scribit.

291 2337 579 2395 ORIGENBS.
615 2339 724 2409 (14)
753 2358 772 2391 ‹
795 2339 928 2394 Data
942 2350 1017 2396 est
1038 2350 1218 2397 autem
1233 2342 1315 2397 lex
1334 2344 1503 2415 Moysi
1522 2361 1617 2416 per
1629 2365 1796 2420 angeo

204 2430 297 2486 los
324 2432 377 2485 in
407 2447 564 2486 manu
598 2443 652 2488 et
683 2432 883 2489 virtute
909 2433 1215 2491 Mediatoris
1243 2438 1444 2493 Christi
1470 2442 1511 2503 ',
1543 2442 1633 2510 qui
1667 2456 1793 2495 cum

204 2535 357 2579 esset
385 2525 437 2578 in
473 2526 739 2595 principio
768 2528 1002 2583 Verbum
1032 2529 1146 2595 Dei,
1172 2539 1227 2585 et
1250 2531 1389 2601 apud
1428 2532 1594 2587 Deum
1624 2544 1791 2599 esset,

201 2628 261 2672 et
293 2618 435 2673 Deus
462 2628 607 2674 esset
644 2619 878 2675 Verbum
931 2620 1077 2676 Patri
1114 2623 1166 2676 in
1217 2624 1471 2679 omnibus
1517 2627 1791 2682 ministra-

202 2708 303 2762 vit.
357 2707 550 2762 Omnia
606 2711 750 2765 enim
808 2728 900 2779 per
941 2712 1112 2780 ipsum
1169 2714 1313 2782 facta
1346 2725 1468 2769 sunt
1520 2716 1564 2778 ³,
1622 2717 1676 2770 id
1705 2726 1790 2771 est

203 2815 314 2854 non
362 2802 535 2856 solum
582 2812 865 2870 creaturae,
915 2806 1010 2859 sed
1062 2813 1118 2860 et
1162 2806 1250 2861 lex
1294 2818 1349 2862 et
1394 2809 1790 2879 prophetze:et

203 2890 320 2960 ipse
354 2902 436 2947 est
462 2893 722 2948 mediator
755 2894 849 2949 Dei
882 2904 929 2949 et
973 2896 1242 2952 hominum
1281 2901 1323 2955 ‘.
1359 2901 1512 2967 Quod
1547 2903 1783 2960 Verbum

1900 2007 2041 2045 mam
2088 2010 2255 2048 meam
2285 2013 2316 2049 a
2341 2014 2420 2051 me
2452 2000 2505 2064 ⁶;
2546 2010 2636 2054 et:
2671 2002 2856 2057 Tristis
2893 2015 2969 2059 est
3010 2009 3186 2061 anima
3228 2026 3339 2064 mea
3383 2028 3475 2065 us-

1898 2098 1997 2150 que
2054 2086 2121 2135 ad
2161 2088 2419 2138 manem"
2457 2105 2472 2151 ;
2521 2098 2611 2143 et:
2671 2090 2827 2147 Nunc
2873 2097 3052 2150 anima
3099 2114 3212 2150 mea
3262 2101 3474 2157 turbata

1900 2183 1973 2227 est
2007 2173 2058 2230 ⁸..
2086 2174 2151 2227 Et
2208 2177 2376 2231 multa
2433 2180 2518 2234 his
2579 2182 2773 2237 similia
2817 2187 2873 2239 in
2926 2192 3129 2246 sanctis
3171 2193 3474 2262 Scripturis

1902 2280 2164 2321 invenies.

1968 2356 2226 2427 Superest
2258 2366 2589 2433 respondere
2623 2368 2689 2423 ad
2732 2369 2877 2424 illam
2920 2376 3320 2431 accusationem
3350 2392 3472 2447 quae

1903 2451 2268 2507 calumniatur
2295 2472 2417 2509 eum
2449 2473 2664 2513 omnem
2697 2460 3037 2533 Scripturam
3079 2468 3131 2521 in
3159 2470 3469 2540 allegoriam

1902 2552 2131 2597 vertere.
2174 2544 2251 2597 Ex
2297 2547 2426 2614 ipsis
2476 2550 2629 2606 libris
2682 2568 2819 2621 quos
2870 2557 2953 2610 vel
3008 2559 3245 2615 maxime
3282 2564 3469 2617 obtre-

1896 2641 2132 2688 ctatores
2171 2634 2289 2705 ejus
2331 2639 2595 2706 incusant,
2639 2642 2692 2697 id
2732 2655 2815 2699 est
2877 2647 2943 2700 de
2983 2661 3175 2717 quarto
3203 2652 3342 2720 Περὶ
3364 2653 3467 2721 ἀρα

1894 2723 2018 2792 χῶν
2067 2725 2204 2782 libro
2265 2729 2604 2797 proferemus
2656 2735 2781 2804 quia
2839 2752 2946 2793 non
3012 2751 3172 2809 negat
3221 2758 3285 2796 ea
3348 2758 3468 2812 quae

1893 2817 1947 2870 in
1981 2816 2277 2888 Scripturis
2311 2822 2648 2893 referuntur,
2684 2830 2844 2885 etiam
2887 2839 3185 2889 secundum
3227 2837 3462 2892 litteram

1652 3050 1883 3107 CAPUT
1916 3053 2005 3113 VI.

1293 3160 1574 3200 RESPONSIO
1609 3162 1675 3201 AD
1710 3164 1919 3205 SEXTAM
1947 3169 2394 3212 CRIMINATIONEM.

629 3237 742 3309 (17)
779 3238 932 3304 Quod
965 3256 1024 3295 ea
1063 3257 1180 3312 quae
1202 3241 1258 3296 in
1295 3240 1583 3311 Scripturis
1620 3245 1940 3313 referuntur,
1972 3252 2131 3305 etiam
2158 3253 2692 3308 secundumJitteram
2718 3264 2857 3325 gesta
2883 3258 3011 3311 sint.

262 3403 408 3477 (17‘)
424 3406 712 3462 Oatcssss.
732 3405 846 3474 (l8)
877 3423 896 3456 ι
918 3404 996 3460 Ne
1029 3405 1149 3474 quis
1173 3417 1349 3460 autem
1372 3407 1674 3476 suspicetur
1695 3423 1792 3463 nos

1968 3408 2081 3460 Ἵνα
2126 3409 2181 3461 δὲ
2212 3411 2285 3479 μὴ
2317 3408 2561 3482 ὑπολάϐῃ
2596 3426 2679 3471 τις
2724 3411 2870 3480 ἡμᾶς
2910 3410 3002 3463 ἐπὶ
3050 3388 3264 3465 eam»;
3309 3409 3466 3465 τοῦτο

198 3494 302 3551 hoc
332 3498 535 3564 dicere,
560 3500 685 3569 quia
714 3498 913 3552 nullam
945 3497 1227 3552 historiam
1254 3498 1547 3569 Scripturaa
1578 3498 1778 3554 iactam

1894 3499 2057 3567 λέγειν
2076 3540 2090 3563 ,
2124 3502 2203 3553 ὅτι
2232 3500 2455 3571 οὐδεμία
2484 3501 2695 3572 ἱστορία
2727 3501 2972 3568 γέγονεν,
3018 3502 3139 3553 ἐπεί
3168 3519 3250 3563 τις
3287 3502 3347 3554 οὐ
3373 3504 3465 3569 γέ-

197 3603 323 3643 esse
372 3590 706 3657 sentiamus,
739 3590 993 3657 quoniam
1046 3588 1225 3659 aliqua
1267 3604 1334 3643 ex
1388 3590 1472 3644 his
1521 3604 1628 3644 non
1663 3603 1783 3645 esse

1894 3609 2001 3660 Γονε
2025 3610 2037 3621 ·
2069 3593 2163 3645 καὶ
2194 3592 2417 3662 οὐδεμία
2446 3592 2736 3661 νομοθεσία
2772 3592 2913 3645 κατὰ
2951 3592 3009 3644 τὸ
3035 3593 3197 3662 ῥητὸν
3222 3596 3465 3663 τηρητέα

196 3679 344 3736 facta
378 3682 758 3751 suspicamur:
794 3681 877 3736 vel
926 3681 1067 3735 nulla
1120 3690 1393 3751 przecepta
1425 3681 1562 3752 legis
1594 3696 1784 3737 secun-

1894 3681 2065 3746 ἐστὶν,
2110 3681 2230 3735 ἐπεί
2265 3700 2349 3744 τις
2392 3681 2535 3735 κατὰ
2576 3680 2673 3749 τὴν
2704 3680 2847 3745 λέξιν
2878 3680 3068 3748 ἄλογος
3105 3681 3389 3749 τυγχάνει,
3427 3681 3462 3753 ἢ

198 3774 328 3828 dum
351 3774 587 3829 litteram
606 3775 838 3830 dicimus
864 3772 1145 3827 observari
1169 3788 1274 3827 non
1301 3786 1481 3842 posse,
1508 3772 1561 3825 in
1584 3772 1781 3840 quibus

1894 3774 2234 3845 ὶδύνατοςοῆ
2276 3777 2354 3828 ὅτι
2396 3773 2463 3827 τὰ
2506 3774 2633 3845 περὶ
2668 3774 2759 3826 τοῦ
2806 3774 3055 3845 Σωτῆρος
3105 3775 3464 3846 γεγραμμένα

196 3865 279 3920 vel
334 3866 513 3928 ratio,
565 3865 650 3920 vel
697 3866 773 3919 rei
820 3864 1154 3935 possibilitas
1205 3880 1311 3919 non
1366 3864 1645 3919 admittit:
1694 3864 1780 3918 vel

1894 3864 2021 3916 (ατὰ
2061 3865 2119 3916 τὸ
2167 3863 2421 3934 αἰσῦητὸν
2464 3866 2562 3918 οὐκ
2604 3864 2960 3935 ἀληθεύεταιο
3000 3866 3031 3935 ἢ
3074 3867 3154 3919 ὃτι
3195 3868 3461 3938 μηδεμίαν

200 3970 257 4011 ea
293 3956 410 4027 (19)
439 3973 556 4027 ψιελδ
587 3960 654 4014 de
692 3957 978 4013 Salvatore
1007 3957 1208 4028 scripta
1238 3966 1394 4025 sunt,
1438 3972 1543 4012 non
1574 3957 1781 4028 (putare

1894 3955 2206 4026 νομοθεσίαν
2246 3956 2409 4009 αὑτοῦ
2454 3958 2546 4010 καὶ
2598 3958 2813 4027 ἐντολὴν
2856 3956 3153 4025 φυλακτέον
3178 3972 3195 3989 ⁸
3241 3958 3460 4012 λεκτέον

1438 4097 1995 4156 INTERPRETATIO
2030 4098 2238 4155 NOVA.

266 4194 352 4250 Ne
380 4195 503 4265 quis
532 4211 659 4251 vero
689 4211 785 4251 nos
808 4196 1111 4267 suspicetur
1136 4198 1190 4251 in
1221 4199 1472 4254 omnibus
1510 4198 1562 4251 id
1593 4197 2025 4259 dicere,‘nullam
2055 4196 2340 4250 historiam
2369 4198 2679 4267 contigisse,
2705 4199 2956 4267 quoniam
2985 4197 3161 4266 aliqua
3189 4214 3295 4252 non
3327 4214 3457 4253 con-

202 4268 356 4337 tigit;
390 4276 444 4318 et
476 4267 674 4320 nullam
710 4268 883 4337 legem
906 4266 989 4320 ad
1036 4268 1272 4323 litteram
1307 4284 1424 4323 esse
1470 4268 1811 4331 servandam,
1849 4268 2105 4336 quoniam
2151 4266 2326 4334 aliqua
2359 4266 2655 4321 secundum
2687 4266 2919 4322 litteram
2948 4279 3041 4323 aut.
3076 4270 3331 4331 absurda,
3364 4280 3459 4323 aut

201 4337 558 4402 impossibilia
589 4340 863 4405 praecipit;
898 4337 980 4391 vel
1016 4354 1135 4408 qua:
1168 4341 1233 4393 de
1266 4339 1545 4393 Salvatore
1578 4339 1775 4404 scripta
1809 4346 1956 4397 sunt.
1992 4337 2611 4408 secundumlitteralcm
2642 4354 2855 4391 sensum
2888 4354 2989 4391 non
3020 4354 3137 4391 esse
3168 4354 3291 4391 vera
3319 4356 3332 4399 ;
3364 4350 3459 4391 aut

201 4408 406 4462 nullam
449 4408 617 4474 ipsius
648 4408 816 4475 legem
849 4418 904 4461 et
948 4407 1275 4477 praeceptum
1309 4409 1514 4462 servari
1558 4418 1827 4477 Oportere,
1859 4409 2093 4460 dicimus
2124 4407 2413 4461 manifeste
2448 4409 2500 4462 in
2535 4409 2859 4476 quibusdam
2904 4410 3141 4461 historiae
3174 4411 3454 4462 veritatem

200 4478 359 4548 nobis
388 4492 670 4545 apparere,
706 4478 852 4533 verbi
887 4480 1094 4548 gratia,
1127 4478 1398 4533 Abraham
1425 4521 1438 4539 .
1470 4480 1618 4533 Isaac
1648 4488 1702 4533 et
1734 4476 1901 4531 Jacoh
1935 4492 2054 4531 cum
2091 4493 2193 4529 una
2222 4493 2316 4531 sua
2353 4494 2792 4548 unumquemque
2823 4493 2990 4531 uxore
3022 4480 3072 4530 in
3101 4478 3297 4547 duplici
3330 4494 3453 4546 spc-

201 4546 359 4603 lunca
392 4549 633 4618 sepultos
673 4564 792 4603 esse
838 4546 910 4602 in'
941 4548 1156 4604 Hebron
1194 4568 1208 4618 ;
1264 4550 1478 4604 Sicticm
1514 4548 1750 4618 Joseplio
1782 4548 1834 4600 in
1879 4548 2180 4616 portionem
2213 4562 2333 4602 esse
2375 4549 2691 4601 attributam
2721 4565 2735 4613 ;
2770 4546 3071 4601 Jerusalem
3109 4546 3451 4618 metropolim

252 4686 303 4718 ⁸⁸
326 4683 524 4756 Philip.
560 4702 621 4751 ιι,
658 4686 780 4742 6-8.
856 4689 900 4721 ⁸³
931 4688 1086 4744 Joan.
1118 4690 1267 4750 lll,6.
1346 4690 1362 4719 ¹
1396 4688 1525 4742 Luc.
1557 4706 1593 4752 ι,
1626 4686 1715 4741 '58.

202 4770 299 4823 vn,
333 4756 422 4813 12.
498 4758 518 4788 ⁸
541 4757 695 4813 Joan.
733 4775 763 4812 x
788 4800 802 4825 ,
852 4758 939 4813 18.
1016 4761 1035 4790 ⁷
1066 4759 1254 4814 Matth.
1287 4776 1433 4823 xxvi,
1463 4760 1550 4812 58.

273 4896 384 4965 (ll)
422 4895 512 4950 Sic
542 4911 674 4951 mss.
709 4896 848 4950 Editi
883 4913 1031 4962 vero,

272 4967 384 5035 (12)
422 4966 494 5018 Ex
522 4966 616 5019 lib.
652 4982 666 5019 ι
694 4968 747 5018 in
779 4967 1111 5021 Matt/tarum.

270 5037 383 5108 (l5)
420 5038 566 5090 Alias
615 5038 748 5090 venit
798 5040 953 5090 etiam
1006 5050 1062 5091 ut
1100 5039 1325 5107 formam
1370 5038 1500 5090 servi
1543 5039 1773 5105 suscipe-

207 5116 279 5162 ret
286 5146 300 5159 .

264 5177 392 5247 'fH)
425 5178 497 5229 Ex
536 5177 630 5232 lib.
660 5195 720 5231 ιιι
752 5178 807 5231 in
841 5175 1008 5244 Epist.
1042 5179 1110 5231 ad
1140 5177 1493 5231 Colossenses.

276 5250 388 5319 (15)
419 5248 544 5301 Mss.
578 5250 783 5319 nostri,
814 5251 1042 5301 omnium
1062 5265 1079 5301 .'
1115 5251 1206 5302 sed
1243 5248 1541 5319 legendum
1562 5246 1775 5299 videtur

207 5332 322 5371 cum
354 5317 535 5382 editis,
566 5318 855 5371 hominum.
887 5319 1088 5373 Deinde
1118 5320 1243 5373 editi
1280 5329 1334 5371 et
1378 5333 1477 5371 ms.
1512 5317 1775 5370 Sorlioni-

207 5403 317 5457 cus,
359 5391 413 5440 in
448 5390 611 5457 ipsius
642 5390 942 5442 mediatoris
971 5388 1210 5443 manibus
1239 5391 1370 5442 data
1408 5404 1517 5441 esse
1556 5388 1769 5440 dicitur.

206 5456 393 5511 Cmteri
422 5475 552 5511 vero
583 5474 713 5511 mss.
740 5468 797 5511 ut
828 5458 878 5510 in
918 5468 1085 5511 textu.

276 5530 386 5599 (l6)
419 5529 558 5583 Editi
582 5570 596 5592 ,
626 5530 689 5582 de
719 5530 799 5581 his
829 5530 1024 5594 rebus;
1070 5530 1162 5584 sed
1190 5543 1378 5585 omnes
1410 5542 1561 5592 mss.,
1594 5527 1657 5579 de
1679 5527 1774 5578 hoc

207 5602 384 5652 tribus.

273 5671 381 5740 (17)
416 5670 570 5734 Quod
600 5687 660 5723 ea
691 5686 808 5739 qua:
844 5670 898 5723 in
934 5669 1221 5737 Scripturis
1252 5670 1572 5739 referuntur.
1615 5668 1774 5720 etiam

207 5746 483 5793 secundum
505 5741 738 5792 litteram
767 5752 913 5807 gesta
936 5743 1060 5794 sint.
1090 5740 1189 5795 Hic
1226 5742 1409 5795 titulus
1438 5754 1535 5794 nec
1560 5741 1610 5791 in
1641 5753 1769 5791 mss.

211 5822 303 5861 nec
332 5812 383 5863 in
414 5812 578 5864 editis
612 5814 900 5879 reperitur,
930 5814 1025 5868 sed
1072 5812 1375 5868 addidimus
1424 5826 1454 5867 e
1494 5820 1680 5865 nostro
1706 5808 1772 5863 ad

211 5880 481 5936 meliorem
512 5880 764 5935 formam.

1072 4898 1262 4967 faciat.

1792 4688 1813 4717 ²
1843 4686 2015 4743 Galat.
2052 4705 2133 4753 ιιι,
2170 4688 2255 4742 19.
2332 4688 2351 4717 ³
2375 4686 2528 4741 Joan.
2562 4703 2602 4750 ι.
2633 4687 2686 4742 5.

1628 4758 1649 4789 ⁸
1673 4757 1828 4813 Joan.
1863 4774 1963 4823 xu,
1990 4760 2082 4814 27.

2765 4686 2786 4718 ’⁵
2811 4688 2830 4740 l
2854 4687 2993 4740 Tim.
3032 4704 3065 4740 ιι
3084 4730 3097 4754 ,
3125 4688 3180 4741 5.
3250 4689 3270 4719 ⁵
3296 4687 3452 4741 Rom.

1956 4896 2094 4967 (17')
2118 4896 2315 4967 Buiini
2362 4896 2755 4966 interpretatio.

1955 4964 2181 5037 ('18)’Ne
2224 4969 2337 5036 quis
2384 4964 2556 5019 autem
2599 4968 2891 5034 suspicetur
2944 4982 3072 5037 nos,
3122 4974 3224 5037 etc.
3264 4964 3454 5037 Graeca

1881 5036 2168 5107 hujus'loci
2211 5041 2373 5091 verba
2401 5041 2676 5107 desumpta
2705 5044 2828 5090 sunt
2856 5050 2885 5087 e
2908 5036 3084 5107 capite
3110 5036 3283 5107 primo
3317 5036 3453 5088 Phi-

1884 5105 2105 5161 localiw.
2138 5106 2270 5161 Vide
2303 5106 2677 5161 Prmfationem
2706 5116 2901 5159 nostrae
2937 5105 3188 5158 editionis
3228 5116 3371 5159 tomo
3405 5107 3452 5158 Il

1884 5178 2178 5247 pragﬁxam.
2210 5177 2435 5247 articulo
2458 5179 2511 5241 4,
2533 5190 2663 5232 sect.
2702 5177 2754 5242 7,
2779 5186 2833 5229 et
2860 5174 3230 5244 Origenianor.
3266 5176 3358 5230 lib.
3384 5192 3449 5238 ll,

1885 5246 2075 5317 quaeSt.
2111 5249 2199 5311 15,
2230 5264 2377 5301 num.
2409 5246 2464 5300 4.

1954 5317 2063 5389 (19)
2093 5319 2292 5374 Omnes
2340 5333 2469 5371 mss.
2500 5316 2715 5389 nostri,
2748 5333 2924 5389 queen
2954 5316 3231 5389 Saluatore
3254 5318 3450 5389 scripta

1881 5400 2021 5443 sunt.
2048 5387 2242 5445 Plures
2264 5390 2477 5444 codices
2513 5387 2685 5443 Graeci
2735 5388 2984 5440 similiter
3024 5387 3220 5458 habent
3257 5388 3446 5458 παρά*

1883 5460 1973 5513 sed
2010 5461 2209 5513 rectius
2239 5475 2396 5521 unus,
2429 5459 2577 5529 περί,
2606 5469 2657 5511 et
2699 5458 2829 5511 editi
2878 5473 2941 5512 ac
2974 5458 3100 5529 libri
3146 5457 3221 5509 De
3254 5457 3452 5523 princi-

1882 5530 2007 5597 piis,
2038 5531 2100 5582 de
2128 5529 2417 5583 Saluatore.
2443 5527 2606 5582 Paulo
2636 5537 2753 5597 post
2791 5543 2921 5582 mss.
2950 5527 3194 5595 plerique
3218 5538 3270 5579 et
3292 5529 3447 5595 editi,

1883 5600 2316 5666 Respondendum
2346 5610 2417 5653 est
2445 5616 2585 5666 ergo,
2608 5610 2711 5653 etc.
2746 5598 2850 5651 Sed
2876 5614 2974 5650 vox
3000 5614 3119 5665 ergo
3147 5600 3451 5651 redundare

1882 5671 2113 5734 videtur,
2148 5682 2202 5724 et
2247 5680 2391 5725 recte
2417 5672 2687 5725 omittitur
2718 5669 2769 5721 in
2805 5684 2906 5721 ms.
2939 5669 3124 5737 Regio.
3159 5668 3276 5721 Mox
3326 5668 3449 5721 libri

1882 5739 1957 5793 De
1983 5741 2256 5809 principiis
2281 5781 2295 5801 .
2328 5741 2523 5794 servari
2550 5750 2597 5793 et
2638 5755 2786 5807 posse
2809 5750 2857 5791 et
2892 5750 3125 5806 oportere
3152 5755 3170 5801 ;
3207 5738 3299 5792 sed
3331 5753 3447 5789 οιιι-

1882 5824 1979 5863 nes
2037 5811 2193 5883 hujus
2241 5812 2509 5882 Apologia:
2578 5824 2706 5866 mss.
2754 5819 2807 5864 et
2874 5810 3003 5865 editi
3052 5817 3110 5863 ut
3154 5810 3210 5863 in
3257 5818 3449 5863 nostro

1883 5888 2051 5935 textu.
