4020 6306
514 391 626 450 ’591
1731 380 1787 435 S.
1824 377 2107 434 PAMPHII

2210 375 2552 434 ﬂAR'l‘YRlS
3672 385 3767 442 592

530 511 692 568 etiam
719 502 1049 563 sensibiliter
1082 504 1324 574 impleta,
1352 502 1438 558 vel
1477 510 1744 572 praecepta
1772 501 1890 569 ejus
1922 516 2107 579 secun-

2215 499 2296 552 ὅτι
2325 497 2511 568 σαφῶς
2545 499 2676 568 ἡμῖν
2710 497 3063 570 παρίσταται,
3102 497 3228 571 περί
3257 513 3414 550 τινων
3442 497 3501 550 τὸ
3524 497 3616 568 τῆς
3639 501 3764 556 ἱστο-

530 602 658 663 (Ιειιη
694 599 926 653 litteram
958 612 1060 652 non
1085 597 1282 651 debere
1300 594 1530 650 servari:
1564 593 1998 658 respondendum
2025 600 2107 647 est

2214 593 2334 661 ρίας
2361 587 2499 644 εἶναι
2527 590 2742 661 ἀληθὲς,
2775 591 2851 654 ὡς
2879 591 2962 644 ὃτι
2999 588 3257 662 Ἀϐραὰμ
3284 591 3340 642 ὲν
3363 587 3439 660 τῷ
3460 589 3620 660 διπλῷ
3648 608 3766 662 σπη.

449 679 451 681 ’
530 690 786 762 quoniam
813 704 844 743 a
877 687 1031 744 nobis
1067 687 1349 742 evidenter
1379 685 1694 740 decernitur
1726 685 1776 739 in
1819 684 2108 754 quamplu-

531 783 686 836 rimis
735 779 938 836 servari
989 786 1241 848 oportere
1307 776 1553 832 historia:
1601 775 1908 831 veritatem.
1976 775 2108 843 Quis

532 873 676 929 enim
710 885 909 942 negare
949 870 1123 940 possit
1165 869 1309 936 quod
1345 869 1617 925 Abraham
1667 868 1720 921 in
1753 867 1954 936 duplici
1983 879 2110 937 spe-

532 963 694 1018 lunca
723 960 964 1031 sepultus
992 969 1075 1015 est
1108 961 1160 1015 in
1189 961 1390 1025 Ebrou,
1422 960 1516 1015 sed
1545 969 1599 1015 et
1627 958 1797 1024 Isaac,
1832 968 1886 1012 et
1918 957 2107 1022 Jacob,
2151 963 2154 966 ’

532 1062 589 1110 et
637 1053 861 1124 singulae
915 1067 1102 1107 eorum
1137 1053 1378 1107 uxores?
1413 1051 1508 1106 Vel
1543 1053 1666 1120 quis
1713 1051 1920 1105 dubitet
1965 1050 2108 1119 quod

533 1146 770 1202 Sichima
817 1145 870 1200 iu
919 1147 1218 1215 portionem
1256 1145 1380 1199 data
1426 1154 1508 1200 est
1553 1143 1925 1213 Joseph?Vcl
1965 1143 2108 1212 quod

531 1238 829 1296 Jerusalem
867 1241 1180 1308 metropolis
1221 1248 1304 1295 est
1339 1239 1566 1302 ludam,
1615 1237 1727 1310 (20)
1768 1238 1820 1291 in
1849 1251 1954 1307 qua
1983 1252 2110 1291 con-

531 1339 796 1385 structum
840 1339 926 1384 est
978 1329 1234 1398 templum
1293 1331 1382 1385 Dei
1432 1345 1461 1384 a
1512 1329 1849 1384 Salomone?
1891 1338 1945 1384 et
1999 1329 2106 1382 alia

531 1423 969 1480 innumerabilia.
995 1423 1163 1479 Multo
1187 1423 1329 1479 enim
1353 1423 1502 1501 plura
1527 1431 1653 1479 sunt
1675 1437 1794 1492 quin
1812 1421 2106 1476 secundum

531 1516 818 1574 historiam
849 1532 980 1572 vera
1013 1524 1176 1584 sunt,
1208 1531 1370 1586 quam
1399 1532 1461 1571 ea
1497 1531 1615 1585 quae
1657 1516 1858 1570 nudum
1887 1529 2104 1569 sensum

533 1612 814 1665 continent
861 1609 1184 1679 spiritalem.
1233 1607 1346 1681 (21)
1405 1606 1542 1662 Tum
1588 1608 1782 1661 deinde
1827 1606 1952 1676 quis
2001 1623 2106 1663 non

533 1701 762 1758 aﬂirmet
792 1703 1101 1759 mandatum
1129 1701 1234 1757 hoc
1259 1714 1366 1771 quo
1396 1700 1736 1770 prmcipitur:
1768 1700 1988 1754 lIonora
2013 1718 2108 1768 pa-

533 1804 666 1850 trem
698 1807 845 1850 tuum
889 1806 935 1850 et
981 1807 1198 1850 matrem
1241 1804 1406 1858 tuam,
1449 1803 1506 1848 ut
1535 1793 1658 1848 bene
1702 1794 1770 1847 sit
1805 1794 1900 1846 tibi
1921 1795 1961 1856 θ,
1987 1793 2106 1847 sine

2211 682 2346 754 λαίῳ
2372 683 2543 754 ἐτάφη
2574 684 2631 736 ἐν
2659 682 2918 754 Χεϐρὼμ,
2955 682 3050 736 καὶ
3088 682 3295 745 Ἰσαὰκ,
3327 681 3421 734 καὶ
3454 681 3652 746 Ἰακὼϐ,
3683 685 3768 738 καὶ

2213 776 2443 831 ἑκάστου
2475 774 2678 829 τούτων
2707 775 2804 847 μία
2833 775 2970 846 γυνή
2997 792 3009 806 ’
3043 777 3138 830 καὶ
3168 776 3252 829 ὅτι
3286 775 3499 846 Σίκημα
3528 775 3676 846 μερὶς
3695 776 3770 831 δέ.

2211 868 2458 939 δοταιτῷ
2505 837 2738 938 Ἰωσὴφν,
2781 837 2876 921 καὶ
2919 837 3273 938 Ἰερουσαλὴμ
3323 837 3639 938 μητνρότέολίς
3661 837 3780 920 ἔστι.⁸

2211 961 2310 1030 τῆς
2357 959 2634 1022 Ἰουδαίας,
2667 959 2724 1011 ἐν
2820 957 3132 1029 ᾠκοδόμητο
3163 957 3270 1009 ὑπὸ
3307 955 3637 1026 Σολομῶντος
3658 954 3773 1021 ναὸς

2212 1050 2347 1104 Θεοῦ
2373 1068 2385 1081 ·
2417 1051 2510 1104 καὶ
2557 1049 2694 1105 ἄλλα
2735 1049 2925 1121 μυρία.
2964 1048 3150 1119 Πολλῷ
3185 1048 3296 1120 γὰρ
3333 1047 3546 1101 πλείονά
3573 1049 3680 1100 ἐστι
3711 1048 3776 1103 τὰ.

2211 1142 2352 1199 κατὰ
2381 1143 2477 1214 τὴν
2509 1142 2751 1214 ἱστορίαν
2779 1141 3154 1214 ἁληθευόμενα
3180 1139 3293 1194 τῶν
3312 1138 3774 1212 προσυφανθέντων

2211 1235 2433 1307 γυμνῶν
2468 1235 2876 1306 πνευματικῶν.
2912 1235 3081 1288 Πάλιν
3113 1252 3173 1288 τε
3209 1229 3278 1288 αὖ
3321 1233 3405 1295 τίς
3429 1233 3526 1286 οὒκ
3557 1233 3618 1286 ἂν
3646 1233 3774 1284 sinat

2211 1326 2307 1398 τὴν
2336 1327 2605 1395 λέγουσαν
2656 1327 2895 1397 ἐντολὴν,
2936 1327 3079 1395 Τίμα
3118 1324 3227 1378 τὸν
3269 1322 3511 1391 πατέρα,
3544 1321 3634 1375 καὶ
3669 1321 3770 1391 τὴν

2205 1419 2451 1490 μητέρα,
2471 1421 2572 1475 ἵνα
2589 1415 2660 1476 εὖ
2683 1436 2781 1475 σοι
2811 1419 3076 1490 γένηται,
3101 1421 3273 1490 χωρὶς
3304 1418 3482 1487 πάσης
3505 1414 3771 1484 ἀναγωγῆς

2211 1517 2488 1589 χρησίμην
2516 1518 2801 1588 τυγχάνειν
2833 1515 2925 1568 καὶ
2969 1515 3247 1587 τηρητέαν
3286 1530 3372 1583 γε,
3416 1512 3509 1566 καὶ
3537 1511 3624 1566 τοῦ
3651 1513 3774 1565 ἁπο-

2213 1611 2398 1664 στόλου
2426 1610 2638 1664 Παύλου
2661 1611 3005 1683 χρησαμένου
3030 1608 3206 1683 ταύτῃ
3229 1607 3531 1672 αὐτολεξεί;
3553 1608 3611 1660 Τί
3635 1607 3687 1661 δὲ
3703 1606 3778 1660 bal

2211 1702 2391 1771 λέγειν
2427 1703 2696 1776 περὶτοῦ,
2729 1705 2810 1757 Οὐ
2851 1704 3218 1773 μοιχεύσεις,
3251 1703 3322 1755 οὐ
3357 1701 3674 1770 φονεύσεις,
3705 1699 3774 1754 οὐ

2213 1794 2480 1865 κλέψεις,
2515 1799 2586 1851 οὺ
2614 1795 3246 1866 ψευδομαρτυρήσεις
3275 1793 3386 1848 Καὶ
3428 1791 3577 1846 πάλιν
3616 1793 3667 1845 ὲν
3703 1791 3775 1864 τῷ

534 1887 641 1943 ulla
690 1887 918 1957 Spiritali
972 1886 1419 1956 interpretatione
1451 1884 1696 1940 sullicere
1725 1926 1741 1950 ,
1773 1894 1827 1939 et
1857 1898 1978 1940 esse
2010 1885 2107 1939 ob-

2210 1888 2526 1959 Εὐαγγελίῳ
2554 1888 2763 1942 ὲντολαί
2798 1890 2903 1942 εἰσι
2925 1888 3336 1959 γεγραμμέναι,
3361 1886 3422 1938 οὐ
3455 1882 3773 1955 ξητούμεναι,

533 1980 876 2035 servantibus
907 1979 1268 2033 necessarium
1292 1977 1315 2030 ?
1342 1976 1576 2031 maxime
1629 1991 1751 2032 cum
1799 1985 1854 2031 et
1902 1975 2104 2031 Paulus

2211 1981 2438 2051 πότερον
2471 1978 2642 2043 αὐτὰς
2681 1978 2823 2033 κατὰ
2862 1979 2960 2050 τὴν
2989 1979 3132 2044 λέξιν
3165 1977 3433 2049 τηρητέον
3460 1977 3491 2046 ἢ
3533 1975 3590 2028 οὗ
3609 1993 3621 2006 ·
3651 1976 3718 2040 ὡς
3745 1976 3776 2046 ἡ

533 2069 738 2126 eisdem
770 2072 949 2126 verbis
981 2082 1229 2140 repetens
1255 2070 1298 2100 ¹⁰
1324 2069 1726 2125 continuaverit
1747 2069 1920 2140 ipsum
1950 2084 2106 2124 man-

2212 2071 2515 2142 φάσκουσα,
2561 2071 2700 2142 Ἐγὼ
2717 2070 2784 2124 δὲ
2799 2070 2953 2142 λέγω
2987 2071 3148 2140 ὑμῖν
3187 2072 3288 2136 Ὃς
3311 2068 3420 2123 ἐὰν
3446 2065 3680 2138 ὀργισθῇ
3708 2065 3778 2134 τῷ

533 2161 740 2218 datum.
771 2163 908 2229 Quid
932 2178 1062 2218 vero
1092 2170 1304 2232 oportet
1330 2160 1512 2216 dicere
1542 2161 1608 2216 de
1637 2175 1702 2214 eo
1729 2162 1871 2230 quod
1900 2161 2106 2236 dictum

2212 2162 2454 2232 ἀδελφῷ
2485 2163 2692 2228 αὑτοῦ,
2741 2163 2836 2217 καὶ
2877 2161 2946 2216 τὰ
3000 2161 3160 2232 ὲξῆςο
3202 2163 3320 2226 καὶ,
3366 2159 3505 2231 Ἐγὼ
3545 2160 3610 2214 δὲ
3639 2159 3776 2230 λέγω

535 2262 650 2310 est:
682 2253 802 2308 Non
831 2254 1172 2318 adulterabis,
1193 2269 1295 2306 non
1319 2251 1541 2312 occides,
1565 2269 1666 2306 non
1694 2251 1897 2320 furtum
1923 2251 2107 2320 facies,

2213 2255 2354 2326 ὑμῖν
2377 2254 2464 2325 μὴ
2493 2257 2707 2326 ὀμόσαι
2742 2257 2916 2323 ὅλως.
2948 2255 3056 2309 Καὶ
3092 2255 3251 2327 παρὰ
3283 2254 3362 2326 τῷ
3403 2251 3694 2323 Ἀποστόλῳ
3723 2249 3777 2305 τὸ

535 2362 639 2401 non
669 2345 864 2414 falsum
916 2347 1266 2400 testimonium
1307 2346 1447 2400 dices
1473 2345 1514 2376 “
1539 2384 1556 2411 ,
1587 2354 1644 2400 et
1681 2354 1874 2398 caetera
1922 2343 2107 2414 hujus-

2216 2351 2378 2422 ῥητὸν
2405 2349 2669 2422 τηρητέον
2685 2367 2697 2380 ·
2731 2348 3076 2404 Νουθετεῖτε
3102 2347 3252 2416 τοὺς
3277 2347 3590 2412 ἀτάκτους,
3618 2360 3776 2413 παρα-

533 2438 720 2493 modi?
749 2437 869 2492 Jam
899 2453 1026 2493 vero
1055 2438 1121 2493 de
1153 2438 1238 2493 his
1265 2452 1385 2508 quae
1429 2438 1482 2492 in
1519 2436 1806 2508 Evangelio
1851 2437 2105 2491 mandata

2210 2442 2492 2510 μυθεῖσθε
2556 2442 2698 2509 τοὺς
2767 2443 3176 2512 ὀλιγοψύχους
3203 2483 3218 2506 ,
3293 2441 3613 2509 ἀντέχεσθε
3673 2437 3778 2492 τῶν

533 2539 689 2594 sunt,
720 2547 787 2584 ne
813 2530 1047 2584 dubitari
1089 2530 1300 2600 quidem
1331 2539 1506 2600 potest
1535 2529 1664 2600 quin
1693 2529 1992 2585 secundum
2020 2528 2107 2584 lit-

2212 2533 2649 2600 ἀσθενούντων,
2673 2533 3104 2604 μακροθυμεῖτε
3132 2533 3290 2604 πρὸς
3316 2532 3563 2598 πάντας.

533 2627 704 2674 teram
731 2621 1108 2684 observentur,
1140 2621 1279 2675 sicut
1303 2635 1426 2675 cum
1452 2621 1617 2676 dicit:
1651 2619 1766 2690 Ego
1824 2628 2000 2673 autem
2056 2621 2174 2676 dico
2213 2624 2353 2678 vobis
2386 2639 2490 2678 non
2518 2624 2708 2692 jurare
2733 2626 2946 2680 omnino
2986 2626 3069 2690 ης
3107 2632 3162 2679 et
3195 2638 3327 2678 cum
3361 2623 3471 2678 ait:
3501 2622 3601 2688 Qui
3627 2629 3781 2674 autem

535 2713 822 2780 inspexerit
870 2712 1142 2766 mulierem
1185 2712 1254 2766 ad
1306 2713 1780 2783 concupiscendum
1812 2729 1961 2778 eam,
1992 2715 2108 2782 jam
2149 2717 2434 2769 masc/tatus
2465 2725 2542 2769 est
2612 2729 2727 2768 eam
2766 2717 2818 2768 in
2895 2715 3052 2769 corde
3080 2730 3174 2769 suo
3202 2713 3301 2778 ‘3;
3332 2721 3385 2767 et
3411 2712 3546 2782 apud
3579 2707 3779 2763 Paulum

533 2804 839 2873 apostolum
911 2818 1032 2873 quae
1083 2804 1470 2874 praecipiuntur
1531 2822 1545 2859 :
1585 2803 1920 2859 Commonetc
1986 2803 2099 2874 (22)
2138 2805 2438 2874 inquietos,
2500 2805 2846 2860 consolamini
2906 2803 3324 2875 pusillanimes,
3367 2806 3607 2860 sustinete
3648 2799 3782 2870 inﬁr-

531 2914 668 2967 mos,
693 2898 948 2968 patientes
989 2907 1150 2952 estote
1182 2901 1249 2953 ad
1275 2915 1449 2953 omnes
1483 2898 1524 2930 ¹¹⁵
1553 2916 1567 2965 ;
1597 2909 1653 2954 et
1685 2899 1788 2954 alia
1819 2899 2235 2969 quamplurima.
2274 2919 2294 2953 ι

1767 3035 2325 3092 ῘΝΤΕΙΚΡΒΕΤΑΤΙΟ
2362 3036 2572 3094 NOVA.

535 3169 656 3210 esse
682 3153 900 3218 Iudaeae,
935 3156 987 3208 iu
1023 3171 1127 3223 qua
1167 3172 1196 3209 a
1225 3155 1511 3211 Salomone
1544 3156 1867 3210 aediﬁcatum
1898 3155 1994 3210 fuit
2029 3155 2287 3225 templum
2318 3156 2451 3222 Dei,
2485 3166 2540 3212 et
2569 3157 2674 3212 alia
2707 3165 2988 3211 sexcenta.
3019 3153 3182 3209 Multo
3206 3155 3360 3209 enim
3388 3153 3536 3224 plura
3571 3159 3686 3206 sunt
3707 3165 3779 3225 se-

534 3226 773 3297 cundum
804 3225 1086 3297 historiam
1116 3241 1237 3278 vera
1258 3265 1273 3289 ,
1303 3242 1464 3295 quant
1493 3243 1614 3297 qua:
1646 3243 1794 3282 mere
1822 3227 2119 3295 Spiritualia
2147 3224 2259 3282 illis
2288 3237 2491 3282 attesta
2527 3238 2672 3281 sunt.
2707 3227 2944 3297 Rursum
2993 3226 3116 3294 quis
3165 3227 3385 3297 inliciat;
3427 3224 3780 3297 ieritmanda-

541 3304 654 3348 tum
689 3296 789 3349 hoc
815 3316 828 3348 ;
854 3294 1084 3369 Honora
1119 3294 1580 3369 patrem’tuum'et
1609 3309 1825 3369 matrem
1845 3294 2269 3369 juannrutbene
2299 3299 2364 3352 sit
2402 3299 2516 3363 tibi,
2549 3296 3075 3369 etiamsinealtiore
3103 3294 3622 3369 intell_igentia_utile
3649 3306 3777 3369 esse,

532 3379 599 3418 ac
634 3367 958 3419 servandum
983 3406 998 3432 ,
1035 3367 1268 3420 maxime
1301 3380 1421 3420 cmn
1456 3365 1653 3423 Paulus
1683 3362 1872 3422 iisdem
1899 3368 2084 3422 verbis
2119 3367 2246 3420 illud
2295 3362 2727 3422 commendarit?
2771 3367 2911 3431 Quid
2963 3365 3160 3420 attinet
3214 3362 3407 3421 dicere
3458 3365 3524 3418 de
3567 3362 3776 3426 caeteris,

537 3433 1046 3508 Non‘mtcchaberis,
1091 3452 1195 3489 non
1254 3437 1477 3504 occides,
1533 3453 1636 3492 non
1676 3437 1877 3508 furtum
1923 3437 2116 3508 facies,
2157 3453 2258 3491 non
2295 3439 2434 3493 dices
2477 3439 2670 3508 falsum
2704 3436 3102 3508 testimonium?
3163 3434 3384 3490 Rursus
3421 3437 3471 3488 in
3499 3432 3780 3508 ⁸ΕγιιιιεεΙὶρ

533 3506 785 3577 mandata
811 3507 1052 3577 qu_:edam
1079 3507 1274 3576 scripta
1303 3502 1470 3572 sunt;
1488 3508 1554 3561 de
1584 3502 1781 3576 quibus
1817 3502 1932 3562 non
1954 3507 2213 3577 quaeritur
2252 3508 2360 3561 sint
2401 3502 2568 3563 ne'ad
2603 3508 2841 3563 litteram
2872 3507 3209 3561 observanda
3247 3520 3444 3577 necma.
3487 3502 3776 3577 cuiusmodi

534 3574 666 3629 illud
684 3584 776 3648 est
801 3571 961 3646 {Ego
991 3585 1166 3648 autem
1185 3571 1312 3648 ilico
1335 3571 1477 3631 nobis
1499 3618 1514 3641 ,
1541 3571 1833 3648 quicunque
1853 3571 2018 3631 iratus
2040 3576 2197 3646 fuerit
2223 3577 2381 3647 fratri
2404 3595 2501 3648 suo
2525 3580 2590 3642 ¹⁸,
2619 3587 2674 3633 et
2699 3593 2823 3648 quae
2865 3585 3132 3646 sequuntu
3145 3577 3290 3648 r.Et
3310 3595 3331 3648 ι
3365 3575 3478 3648 Ego
3503 3571 3614 3648 dico
3651 3571 3776 3648 nobis

533 3660 638 3700 non
663 3645 850 3719 jurare
880 3644 1143 3719 ςοηιηίηο.
1181 3646 1242 3719 Et
1295 3644 1706 3703 custodiendum
1747 3644 1833 3703 est
1871 3648 2004 3704 illud
2041 3644 2285 3718 Apostbli
2330 3665 2344 3703 :
2376 3647 2637 3719 Corripite
2679 3644 2976 3718 inquietos,
3029 3647 3382 3702 consolamini
3415 3644 3782 3717 pusillanimes,

533 3717 782 3784 suscipite
803 3717 1057 3784 inﬁrmos,
1089 3717 1342 3783 patientes
1372 3727 1535 3773 estote
1562 3722 1630 3773 ad
1661 3735 1857 3774 omnes.

606 3918 718 3989 (25)
737 3917 1062 3974 Paurntws.
1092 3917 1168 3972 De
1199 3919 1431 3990 Epistola
1458 3921 1614 3978 Pauli
1637 3924 1702 3978 ad
1721 3924 2107 3983 Philemonem.

2216 3927 2388 3984 credit
2419 3934 2476 3982 et
2514 3927 2619 3982 hoc
2644 3966 2659 3992 ,
2710 3925 2853 3996 quod
2893 3925 3065 3979 Adam
3113 3923 3338 3994 quidem
3383 3922 3588 3994 primus
3637 3920 3780 3974 homo

605 4010 892 4065 ORIGENES.
935 4010 1047 4082 (24)
1089 4030 1109 4063 ι
1151 4013 1258 4066 Sed
1309 4023 1365 4069 et
1408 4015 1475 4070 de
1524 4015 1750 4086 singulis
1793 4029 2108 4077 sanctorum

536 4107 631 4178 qui
680 4104 734 4159 in
775 4104 1057 4175 Scriptura
1098 4114 1282 4159 sancta
1326 4106 1616 4177 conscripti
1661 4120 1827 4178 sunt,
1863 4127 2108 4183 quosque

531 4197 726 4268 iustos,
756 4203 811 4251 et
834 4195 1039 4250 electos
1067 4194 1159 4249 Dei
1193 4209 1315 4251 esse
1348 4196 1628 4268 Scriptura
1662 4209 1915 4271 testatur,
1949 4206 2106 4262 debet

534 4304 658 4346 esse
708 4287 842 4344 fides
891 4285 960 4342 ab
1011 4287 1096 4343 his
1144 4289 1233 4358 qui
1275 4288 1476 4345 salvari
1517 4293 1762 4361 cupiunt.
1811 4294 1926 4352 Non
1960 4298 2103 4354 enim

532 4391 712 4452 potest
739 4394 856 4436 esse
889 4377 1126 4450 perlecta
1156 4379 1209 4434 in
1237 4379 1404 4436 Deum
1434 4381 1591 4450 ﬁdes,
1616 4384 1719 4439 nisi
1753 4388 1874 4456 quis
1909 4389 2105 4445 habeat

533 4481 589 4528 ct
623 4475 763 4528 hanc
816 4471 974 4526 tidem
1000 4512 1015 4537 ,
1062 4486 1168 4541 qua
1221 4472 1288 4528 de
1323 4475 1528 4531 sanctis
1569 4477 1712 4546 quod
1751 4480 1928 4534 sancti
1979 4490 2106 4536 sunt

532 4563 796 4620 creditur.
826 4563 978 4631 Quod
1014 4575 1193 4620 autem
1243 4565 1472 4622 dicimus
1502 4568 1608 4623 tale
1642 4579 1744 4625 est.
1793 4571 1894 4637 Qui
1929 4574 2106 4628 credi-

532 4646 676 4712 derit
699 4656 754 4712 in
786 4657 976 4721 Deum,
994 4661 1048 4712 et
1068 4655 1317 4727 dogmata
1340 4659 1457 4730 ejus
1483 4675 1608 4715 vera
1634 4677 1756 4717 esse
1782 4666 2104 4734 susceperit,

589 4842 613 4875 ’
641 4840 810 4898 Exod.
839 4855 933 4913 3},
967 4840 1052 4913 12.
1127 4841 1169 4913 Ψ
1191 4841 1400 4913 iEphes.
1434 4859 1511 4907 vr,
1536 4843 1592 4898 2.
1673 4845 1711 4875 ¹¹
1743 4843 1912 4901 Exod.
1944 4863 2035 4910 xx,
2072 4845 2136 4899 15
2160 4853 2214 4900 ct
2243 4859 2358 4913 seq.

527 4930 583 4982 ν,
615 4913 700 4970 14.
771 4913 813 4944 ⁸⁸
846 4910 1032 4966 Matth.
1065 4926 1118 4978 ν,
1145 4910 1264 4966 22(
1304 4912 1559 4970 “Gentes.
1598 4930 1656 4982 ιι,
1689 4915 1740 4968 7.

601 5072 714 5142 (20)
745 5070 1020 5139 Merlinus,
1040 5071 1091 5124 in
1115 5088 1220 5142 qua
1259 5079 1596 5128 constitutum
1622 5085 1694 5129 est
1724 5074 1970 5140 templum
1996 5073 2102 5129 Do-

530 5141 812 5214 mini,etc.
841 5141 1100 5214 SCdtIISS.
1125 5141 1185 5196 ut
1205 5142 1262 5214 fin
1298 5155 1441 5198 textu
1467 5164 1481 5210 ;
1511 5147 1611 5199 nisi
1641 5145 1780 5214 quod
1822 5161 1918 5200 ms.
1946 5144 2099 5199 Mon-

2216 4020 2479 4075 l'ormatus
2517 4026 2599 4073 est
2628 4017 2712 4084 “;
2743 4015 2917 4072 credit
2967 4023 3023 4070 et
3066 4013 3134 4068 de
3180 4013 3288 4069 Eva
3313 4054 3336 4078 ,
3389 4014 3531 4084 quod
3564 4025 3709 4066 unam
3749 4022 3778 4061 e

2215 4111 2377 4167 costis
2406 4111 2576 4164 Adam
2611 4123 2831 4165 sumens
2858 4107 3021 4170 Deus,
3050 4095 3408 4161 aediﬁcaverit
3429 4119 3546 4160 eam
3568 4111 3622 4157 ut
3647 4109 3780 4156 esset

2213 4203 2328 4275 ejus
2360 4201 2633 4268 mulier";
2667 4199 2837 4256 credit
2860 4193 2972 4271 (25)
2997 4207 3051 4254 et
3077 4199 3217 4269 quod
3241 4197 3394 4254 Enos
3422 4194 3778 4264 veresperat'it

2214 4298 2453 4351 invocare
2481 4310 2665 4350 nomen
2687 4292 2900 4348 Domini
2929 4291 3025 4346 Dei
3046 4291 3090 4323 ¹⁸
3118 4309 3130 4358 ;
3168 4301 3223 4347 et
3252 4292 3403 4362 quod
3431 4289 3630 4354 Enocb,
3664 4286 3777 4358 quia

2189 4381 2268 4446 ‘in
2336 4390 2494 4445 annis
2566 4387 2815 4443 ducentis
2880 4385 3148 4457 placuerit
3219 4385 3379 4451 Deo,
3445 4393 3775 4454 posteaquam

2213 4478 2571 4534 Mathusalem
2602 4477 2789 4548 genuit
2813 4475 3108 4530 translatus
3128 4482 3212 4530 est
3234 4473 3312 4538 ¹⁹;
3342 4483 3398 4530 et
3423 4474 3492 4529 de
3519 4471 3644 4534 Noe,
3664 4467 3776 4540 quia

2214 4587 2470 4640 responsa
2519 4570 2732 4640 accepit
2785 4577 2846 4624 ut
2905 4567 3264 4624 fabricaretur
3327 4581 3477 4633 arca,
3539 4574 3591 4620 et
3645 4561 3777 4617 solus

2211 4663 2452 4718 salvatus
2509 4670 2594 4718 est
2655 4676 2726 4716 ex
2791 4660 3032 4728 diluvio,
3097 4673 3220 4714 cum
3287 4657 3374 4713 his
3428 4652 3775 4712 tantummodo

2441 4845 2484 4875 ¹¹
2503 4843 2691 4897 Matth.
2726 4859 2796 4904 ν,
2859 4839 2951 4896 28.
3051 4842 3095 4872 ¹³
3123 4842 3250 4897 ibi-l.
3305 4844 3398 4898 28.
3479 4844 3522 4875 ¹¹⁵
3552 4840 3770 4897 lThess.

1831 4917 1872 4947 ⁸⁷
1902 4917 2029 4971 ibid.
2067 4916 2250 4972 ‘22-‘24.
2323 4910 2372 4946 ’¹¹
2399 4913 2595 4969 Genes.
2630 4929 2703 4980 IV,
2727 4912 2819 4967 26.
2895 4912 2940 4942 ¹⁹
2971 4910 3171 4970 Genes.
3195 4931 3248 4981 ν,
3279 4914 3344 4970 21
3378 4926 3434 4972 et
3465 4929 3576 4984 seq.

2209 5075 2590 5130 Philemonem.
2648 5075 2774 5133 Hac
2825 5079 2876 5133 in
2933 5076 3088 5132 libris
3145 5086 3301 5134 antea
3347 5080 3508 5136 editis
3563 5074 3771 5137 omissa.

2209 5148 2367 5224 quasi
2395 5148 2610 5224 reliqua
2647 5148 2829 5204 forent
2857 5149 3021 5204 etiam
3047 5163 3086 5224 e_
3124 5148 3262 5204 libro
3292 5161 3487 5224 quarto
3524 5142 3775 5224 Περὶ

533 5209 694 5298 ιὶελὸτ
744 5211 1020 5298 Michaelis
1055 5213 1305 5267 similiter
1336 5209 1498 5274 habet
1543 5209 1756 5269 Domini
1781 5255 1798 5280 ,
1823 5225 1878 5272 et
1919 5214 2102 5271 Gene-
2139 5243 2180 5298 υ
2359 5255 2374 5280 ,
2409 5209 2766 5298 restituuntur
2787 5235 2872 5298 ex
2923 5209 3354 5298 omnibus_tnss.
3393 5209 3770 5298 Deittde'edili,

529 5282 777 5355 brat-dus
793 5283 922 5337 Deo.

569 5421 580 5433 ν
605 5351 718 5420 (21)
745 5351 942 5407 Omnes
968 5368 1110 5433 mss.
1134 5355 1350 5433 nostri,
1378 5353 1531 5433 Tunc_
1556 5356 1740 5410 deinde
1756 5372 1781 5433 _:
1829 5371 1952 5433 mox
1968 5356 2104 5433 _pl_e-

535 5424 734 5508 rique,
753 5438 863 5508 quo
898 5425 1131 5508 prae-cipit
1171 5439 1191 5478 :
1212 5424 1531 5508 editinquod
1546 5426 1788 5508 prwcepit
1807 5441 1827 5482 .'
1858 5424 2005 5507 libri'
2025 5426 2101 5481 De

530 5493 836 5572 principiis,
878 5496 1015 5573 quod
1061 5495 1320 5575 prteeipit.
1359 5493 1464 5577 Sed
1498 5493 1628 5550 mss.
1668 5493 2019 5562 SOrbonicus,
2048 5508 2105 5577 et

535 5562 734 5643 blontts
773 5560 831 5616 S.
863 5560 1146 5619 Michaelis
1182 5580 1234 5618 tu
1264 5565 1513 5622 Pertculo
1551 5567 1752 5635 maris,
1781 5583 1883 5637 quo
1916 5583 2108 5637 prwct-

533 5642 866 5785 ῗηεξξὲχδίο
919 5715 1066 5785 recte
1109 5703 1228 5785 libri
1274 5705 1352 5785 De
1379 5707 1686 5785 principiis.
1731 5706 1934 5785 ()mnes
1979 5722 2108 5764 vero

534 5771 987 5898 ltujus'AEologite
1015 5790 1142 5831 mss.
1175 5784 1230 5830 et
1263 5771 1401 5832 editi
1427 5771 1709 5848 perperam
1730 5817 1748 5845 ,
1776 5779 1966 5847 inquit,
1995 5795 2104 5834 eos.

603 5844 714 5898 (25)
806 5857 1126 5898 MIPHILUS.
1157 5845 1232 5898 De
1272 5845 1508 5898 Epistula
1555 5845 1719 5898 Pauli
1769 5849 1998 5898 apostoli
2035 5849 2104 5898 ad

603 5844 714 5915 (25)
763 5844 1126 5901 Ριιιιιριιιιυε.
1156 5845 1232 5904 De
1272 5844 1739 5918 Epistola'Pauli'
1769 5844 1998 5917 apostoli
2035 5849 2104 5905 ad

2207 5288 2354 5342 debet
2377 5303 2487 5342 esse
2505 5290 2747 5357 quaedam
2769 5289 2924 5359 ﬁdes,
2953 5298 3086 5356 ctc.,
3115 5291 3209 5346 sed
3241 5305 3428 5348 Omnes
3457 5304 3584 5346 mss.
3615 5287 3771 5340 nostri

2207 5359 2465 5428 omittunt
2494 5359 2756 5428 quwdam.

2278 5426 2390 5499 (24)
2424 5426 2514 5500 E11—
2531 5429 2835 5500 Cuntmeﬁnt.
2872 5429 2923 5484 in
2958 5431 3130 5500 Epist.
3171 5433 3239 5485 ad
3265 5428 3643 5486 Philemonem.

2285 5497 2398 5570 (25)
2429 5497 2500 5570 Et
2537 5499 2676 5570 quod
2718 5498 2863 5555 Enos
2911 5497 3027 5556 uere
3069 5504 3291 5568 speravit
3333 5504 3574 5558 invocare
3599 5515 3770 5554 nomen

2207 5567 2424 5623 Domini
2469 5567 2586 5623 Dei.
2618 5567 2745 5624 Haec
2773 5567 3136 5640 prmtermissa
3169 5582 3293 5627 sunt
3324 5574 3376 5627 in
3403 5571 3580 5637 editis,
3610 5582 3661 5624 et
3691 5584 3768 5623 τεο

2207 5643 2507 5712 stituuntur
2537 5654 2605 5712 ex
2649 5657 2783 5696 mss.
2840 5643 2929 5712 qui
2975 5659 3164 5698 omnes
3212 5645 3412 5700 habent
3457 5640 3632 5696 Enoclt
3681 5653 3772 5710 pro

2206 5708 2373 5764 Enos.
2410 5710 2619 5782 Deinde
2667 5713 2796 5766 editi
2845 5708 3046 5769 habent
3091 5716 3369 5782 trecentis;
3420 5727 3606 5782 omnes
3647 5708 3767 5764 mss.

2206 5781 2466 5853 ducentis.
2502 5781 2670 5837 Paulo
2701 5791 2820 5853 post
2850 5784 3012 5839 iidem
3047 5785 3174 5839 editi
3226 5794 3281 5839 et
3333 5779 3433 5842 ius.
3475 5779 3686 5851 Regius,
3717 5787 3770 5834 ut

2206 5851 2492 5920 fabricaret
2525 5851 2750 5910 arcam:
2783 5855 2878 5912 sed
2909 5856 3097 5911 caeteri
3131 5870 3262 5915 mss.
3295 5865 3353 5913 ut
3386 5857 3438 5913 in
3469 5861 3633 5909 textu.
