4020 6306
288 348 389 409 595

1475 332 1845 425 {spumata
1881 347 2017 407 eno
2054 348 2374 408 ORIGENE.

3437 360 3541 418 ὅθι

285 468 396 543 (26)
424 470 520 540 qui
553 485 737 528 secum
758 468 952 527 arcam'
973 469 1188 526 fuerant
1226 468 1454 540 ingressi
1487 476 1559 525 δ’.
1604 465 1868 523 Similiter
1893 468 1945 528 Α
1972 466 2039 522 de
2068 464 2465 521 resurrectione
2498 452 2753 535 scripsit,
2786 479 2946 537 quam
2978 482 3046 524 ex
3075 469 3286 526 caeteris
3312 472 3428 542 ejus
3460 475 3543 529 die

282 570 335 616 ct
368 562 436 615 de
479 561 792 627 Abraham,
819 559 960 631 quod
984 560 1241 618 meruerit
1262 560 1636 617 testimonium
1658 559 1782 624 Dei,
1812 567 1867 613 et

283 658 425 725 quod
460 659 763 726 susceperit
785 655 1042 728 hospitio,
1077 672 1201 713 cum
1226 667 1370 714 esset
1399 657 1499 713 sub
1527 657 1649 712 ilice
1676 656 1864 710 Mam-

281 751 411 815 bre,
469 758 582 806 tres
611 750 756 806 viros
780 790 795 816 ,
829 763 895 805 ex
939 750 1136 820 quibus
1166 765 1306 806 unus
1354 751 1615 807 Dominus
1650 758 1771 805 erat
1793 750 1859 803 ²¹.
1902 759 1911 768 ’

282 841 472 897 Credit
512 851 567 896 et
597 843 663 897 de
691 842 845 897 Isaac
881 842 966 897 vel
994 842 1265 913 quomodo
1293 852 1454 898 natus
1476 852 1582 909 est,
1620 842 1704 899 vel
1731 856 1863 913 quo-

278 935 441 988 modo
476 934 689 990 oblatus
720 941 804 990 est
848 949 878 989 a
922 944 1112 1005 patre,
1166 936 1253 991 vel
1284 936 1554 1005 quomodo
1602 949 1862 1004 responsa

278 1024 377 1079 Dei
421 1025 610 1080 audire
637 1026 1001 1081 meruerit”:
1030 1025 1125 1082 sed
1154 1034 1210 1081 et
1240 1026 1307 1081 de
1338 1025 1527 1093 Jacob,
1553 1025 1696 1098 quod
1736 1041 1859 1081 mu-

276 1127 397 1172 tato
426 1118 643 1173 nomine
677 1116 848 1173 Israel
890 1132 921 1173 a
954 1117 1064 1173 Deo
1102 1117 1518 1188 cognominatus
1566 1125 1652 1173 est
1686 1117 1771 1172 '3:
1808 1125 1863 1173 et

274 1212 347 1266 de
373 1209 578 1281 Moyse,
612 1210 752 1279 quod
785 1225 881 1279 per
925 1211 1079 1281 signa
1119 1217 1173 1264 et
1200 1210 1433 1264 virtutes
1475 1209 1863 1265 ministraverit

272 1304 390 1358 Deo
423 1302 489 1355 ".
516 1302 700 1357 Credit
722 1312 777 1356 et
817 1304 959 1372 quod
990 1302 1146 1358 Jesus
1180 1300 1327 1358 Nave
1358 1302 1647 1357 exauditus
1676 1317 1706 1356 a
1750 1303 1861 1357 Deo

272 1402 427 1449 stare
463 1392 654 1448 fecerit
686 1392 858 1447 solem
891 1407 1056 1462 super
1094 1390 1352 1459 Gabaon,
1381 1400 1437 1447 et
1470 1391 1652 1448 lunam
1698 1406 1860 1462 super

271 1486 470 1540 vallem
512 1484 683 1541 llelon
710 1487 775 1537 ’⁵.
808 1485 945 1553 Quid
984 1493 1164 1540 autem
1198 1485 1488 1541 dicendum
1512 1493 1597 1540 est
1628 1485 1698 1540 de
1729 1484 1861 1540 iide-

274 1578 421 1633 libus
446 1577 816 1647 jndicibus,et
841 1578 907 1632 de
931 1577 1016 1631 bis
1042 1592 1162 1647 quae
1188 1592 1285 1645 per
1314 1592 1408 1632 eos
1432 1584 1582 1647 gesta
1614 1576 1859 1631 referun-

273 1679 404 1726 tur:
438 1671 520 1724 vel
554 1671 606 1724 in
639 1668 947 1739 Regnorum
972 1669 1130 1725 libris
1152 1670 1219 1724 de
1243 1669 1519 1737 Samuele,
1553 1669 1695 1740 quod
1723 1684 1859 1725 mes-

269 1764 414 1819 sium
453 1772 696 1833 tempore
741 1764 949 1832 pluvias
981 1778 1011 1818 a
1057 1762 1167 1818 Deo
1194 1764 1529 1834 poposcerit,
1556 1771 1610 1818 et
1640 1778 1859 1833 accepe-

268 1856 346 1911 rit
368 1857 416 1890 ’⁸
436 1856 462 1910 τ
485 1865 539 1911 et
566 1857 634 1911 de
663 1856 830 1911 David
856 1870 1017 1923 quem
1041 1855 1339 1923 assumpsit
1367 1854 1628 1910 Dominus
1652 1854 1763 1926 (27)
1795 1855 1862 1910 ab

270 1950 468 2003 ovibus
491 1950 558 2013 ’⁷,
586 1959 647 2004 ιιι
698 1958 917 2019 regeret
950 1946 1118 2002 Jacob
1148 1961 1375 2017 puerum
1407 1962 1585 2012 suum,
1615 1956 1671 2002 et
1700 1946 1862 2001 lsrael

269 2039 648 2095 haereditatem
674 2054 826 2095 suam
849 2040 943 2093 "‘?
979 2048 1034 2095 et
1060 2039 1126 2093 de
1160 2039 1371 2093 Nathan
1398 2040 1540 2107 quod
1572 2039 1861 2108 propheta-

268 2133 415 2187 verit
454 2133 537 2187 '3:
581 2146 786 2187 necnon
829 2141 884 2188 et
931 2131 1047 2188 Gad
1078 2134 1162 2188 "z
1205 2129 1300 2187 sed
1341 2139 1396 2186 et
1441 2131 1508 2186 de
1551 2130 1858 2200 Salomone,

269 2224 418 2292 quod
450 2224 759 2294 apparuerit
784 2225 831 2280 ei
875 2225 927 2279 iu
965 2225 1084 2280 visu
1130 2224 1390 2280 Dominus
1428 2223 1472 2256 ”
1518 2242 1531 2279 :
1563 2231 1615 2279 et
1638 2224 1703 2279 de
1722 2224 1856 2289 Elia,

270 2314 415 2382 quod
457 2326 771 2386 assumptus?
794 2324 877 2372 est
918 2332 1015 2387 per
1041 2319 1412 2373 ascensionem
1463 2318 1515 2372 in
1551 2316 1746 2371 caelum
1787 2316 1857 2382 ²²,

266 2402 482 2459 eﬂ‘ectis
525 2406 630 2460 illis
662 2407 943 2473 omnibus,
982 2422 1103 2477 quae
1144 2414 1345 2478 scripta
1378 2416 1543 2475 sunt,
1586 2407 1756 2477 signis
1803 2415 1859 2461 et

262 2494 571 2566 prodigiis:
607 2500 699 2553 sed
732 2509 785 2555 et
814 2500 881 2555 de
924 2500 1120 2555 Elisaeo
1145 2542 1160 2567 ,
1217 2500 1475 2572 quoniam
1529 2516 1635 2555 non
1680 2500 1854 2556 solum

263 2590 613 2644 resuscitavit
641 2591 811 2646 ﬁlium
836 2593 1156 2659 Sunamitis,
1190 2594 1282 2649 sed
1306 2603 1359 2649 et
1393 2601 1663 2649 mortuum
1695 2607 1856 2664 super

262 2693 385 2733 ossa
416 2695 513 2735 sua
549 2685 851 2752 projectum
886 2684 951 2738 ⁸³.
983 2684 1211 2755 Oportet
1238 2700 1369 2753 ergo
1408 2700 1853 2757 unumquemque

264 2772 503 2827 ﬁdelium
540 2776 763 2831 credere
811 2786 865 2833 et
908 2779 1160 2833 omnibus
1207 2794 1327 2849 quae
1372 2780 1575 2850 scripta
1615 2787 1744 2836 sunt
1788 2781 1854 2837 de

262 2862 518 2928 Ezecliia,
545 2871 685 2932 quod
715 2869 767 2925 in
802 2869 990 2925 diebus
1016 2871 1132 2939 ejus
1158 2880 1465 2926 retrorsum
1512 2873 1852 2944 repedaverit

260 2956 455 3012 umbra
489 2959 623 3015 solis
650 2960 714 3014 ³⁸.
744 2961 838 3017 Est
867 2977 997 3035 ergo
1029 2964 1161 3019 ﬁdes
1198 2971 1381 3018 nostra
1421 2965 1599 3035 primo
1632 2965 1850 3035 quidem

257 3049 505 3104 omnium
565 3052 617 3106 in
665 3054 952 3110 Dominum
1013 3065 1260 3111 nostrum
1309 3054 1491 3110 Iesum
1545 3056 1846 3121 Christum,

1968 560 2141 615 versis
2180 558 2578 625 voluminibus,
2629 560 3046 629 approbabimus
3106 565 3270 619 etiam
3331 567 3383 620 in
3431 553 3534 624 hac

1966 662 2123 723 parte
2152 665 2313 721 quam
2351 649 2623 706 catholice
2650 652 2899 707 senserit.

2059 760 2221 800 PRIIA
2260 758 2545 800 BESPONSlO
2584 760 2651 798 AD
2690 758 2962 800 SEPTIIAK
2998 762 3440 807 CRIMINATlONEI.

2560 838 2786 894 CAPUT
2821 839 2930 895 VII.

2202 928 2475 997 Quomodo
2501 930 2758 988 sentiebat
2796 932 2859 987 de
2892 937 3289 991 resurrectione.

2034 1021 2327 1080 Omcsxss.
2400 1023 2531 1095 (29)
2590 1024 2917 1092 «Quomodo
2964 1028 3107 1081 enim
3158 1043 3264 1083 non
3320 1029 3532 1084 videtur

1965 1115 2278 1180 absurdum,
2315 1126 2375 1171 ut
2398 1118 2501 1171 hoc
2528 1131 2747 1185 corpus,
2770 1119 2912 1186 quod
2946 1133 3043 1189 pro
3066 1120 3282 1175 Christo
3314 1123 3532 1190 pertulit

1962 1196 2268 1273 cicatrices,
2319 1218 2375 1264 et
2425 1210 2630 1279 pariter
2676 1225 2799 1265 cum
2834 1211 3016 1265 anima
3056 1211 3168 1281 (50)
3201 1214 3530 1282 persecutio-

1961 1316 2091 1355 num
2122 1299 2374 1356 toleravit
2407 1315 2544 1356 saeva
2579 1311 2867 1366 tormenta,
2912 1317 3192 1358 carcerum
3230 1320 3443 1374 quoque
3469 1320 3533 1361 ac

1960 1393 2302 1449 vinculorum
2356 1403 2412 1450 et
2463 1395 2749 1449 verberum
2810 1395 3075 1465 supplicia
3132 1396 3375 1465 pertulit,
3410 1398 3533 1466 igne

1961 1484 2123 1539 etiam
2161 1484 2481 1549 cruciatum,
2521 1485 2667 1540 ferro
2716 1500 2910 1540 caasum
2951 1495 3057 1552 est,
3099 1488 3319 1557 insuper
3359 1498 3412 1543 et
3440 1490 3535 1545 be-

1962 1577 2189 1632 stiarum
2236 1586 2489 1633 cruentos
2539 1592 2787 1645 morsus,
2843 1579 3020 1634 crucis
3062 1580 3323 1649 patibula,
3365 1595 3427 1637 ac
3454 1581 3534 1637 di-

1960 1682 2116 1724 versa
2170 1684 2454 1738 ptenarum
2502 1684 2701 1740 genera
2755 1685 3069 1740 perpessum
3098 1680 3201 1736 est,
3260 1680 3531 1729 tantorum

1964 1762 2326 1817 certaminum
2372 1764 2612 1831 praemiis
2663 1762 3050 1818 defraudetur?
3102 1764 3311 1835 Quippe
3339 1766 3383 1821 si
3418 1766 3532 1821 sola

1965 1852 2170 1919 anima,
2201 1868 2321 1923 qua:
2347 1868 2452 1908 non
2492 1853 2604 1908 sola
2639 1854 2750 1924 (3i)
2783 1856 3110 1921 certaverit,
3143 1866 3454 1923 coronetur,
3480 1866 3535 1914 et

1965 1945 2207 2015 corporis
2252 1944 2333 1999 sui
2369 1944 2645 2000 vasculum
2675 1946 2815 2016 quod
2848 1948 2896 2001 ei
2927 1962 3047 2003 cum
3097 1963 3292 2020 magno
3343 1950 3529 2005 labore

1964 2036 2208 2101 servivit,
2235 2036 2378 2091 nulla
2409 2036 2597 2104 agouis
2628 2052 2693 2092 ac
2717 2037 2957 2093 victoriae
2983 2040 3201 2109 praemia
3229 2055 3528 2111 consequa-

1964 2136 2071 2193 tur,
2104 2128 2374 2198 quomodo
2405 2143 2512 2183 non
2540 2138 2726 2183 contra
2760 2144 2973 2184 omnem
3014 2132 3273 2187 rationem
3316 2133 3529 2188 videtur

1963 2228 2022 2274 ut
2053 2220 2389 2276 naturalibus
2416 2223 2565 2276 vitiis
2598 2230 2760 2292 atque
2786 2223 3041 2294 ingenitae
3071 2224 3277 2280 libidini
3308 2236 3532 2297 propter

1961 2311 2233 2367 Christum
2280 2328 2409 2367 caro
2446 2318 2725 2381 resistens,
2759 2325 2817 2371 et
2860 2317 3221 2387 virginitatem
3274 2320 3530 2374 obtinens

1958 2420 2081 2461 cum
2124 2405 2328 2477 ingenti
2366 2407 2572 2475 labore,
2622 2407 2716 2477 qui
2766 2407 3113 2465 continentiae
3150 2408 3306 2465 labor
3343 2411 3533 2481 utique

1958 2507 2051 2553 aut
2078 2497 2251 2568 major
2278 2501 2524 2567 corporis
2571 2500 2683 2571 (52)
2709 2515 2873 2571 quam
2913 2501 3106 2556 animae
3134 2510 3236 2569 est,
3265 2512 3357 2558 aut
3385 2511 3532 2559 certe

1957 2590 2239 2659 utriusque
2285 2591 2508 2661 aequalis
2537 2601 2640 2658 est,
2691 2591 3037 2662 praemiorum
3091 2601 3333 2664 tempore
3363 2595 3534 2650 altera

1953 2683 2100 2738 velut
2132 2684 2352 2754 indigna
2390 2683 2688 2753 rejiciatur,
2721 2686 2889 2739 altera
2931 2686 3109 2741 veniat
3137 2687 3205 2742 ad
3235 2688 3531 2743 coronam?

1954 2777 2083 2845 Quae
2115 2793 2203 2834 res
2247 2777 2364 2833 sine
2408 2777 2572 2833 dubio
2621 2788 2709 2832 aut
2754 2778 3028 2847 iniustitiae
3077 2778 3305 2850 alicujus
3335 2780 3529 2851 Deum,

1953 2880 2045 2923 aut
2076 2868 2522 2937 impossibilitatis
2554 2879 2796 2923 accusat.
2832 2889 2852 2921 ι

2021 2961 2345 3016 Passennus.
2381 2959 2476 3016 His
2508 2961 2901 3017 assertionibus
2931 2963 3195 3033 incipiens
3243 2964 3319 3019 uti
3351 2965 3417 3021 de
3444 2978 3535 3021 re-

1952 3056 2290 3111 surrectione
2329 3064 2687 3121 mortuorum,
2747 3070 2845 3125 per
2900 3065 3067 3111 totam
3107 3057 3400 3114 voluminis
3440 3060 3529 3114 sui

257 3152 665 3212 consequenter
693 3162 824 3203 vero
849 3149 1013 3202 etiam
1054 3148 1105 3202 in
1142 3164 1333 3203 omnes
1362 3158 1580 3204 sanctos
1612 3151 1847 3220 patriar-
1872 3171 1914 3230 ρ
1950 3148 2149 3203 seriem
2194 3145 2616 3202 evidentissimis
2645 3147 3127 3217 approbationibus
3156 3164 3287 3205 usus
3318 3158 3421 3205 est.
3457 3153 3521 3205 In

255 3233 414 3299 cbas,
443 3235 524 3289 vel
558 3238 872 3308 prophetas,
900 3239 983 3295 vel
1013 3240 1287 3311 apostolos
1316 3238 1542 3308 Christi,
1568 3256 1636 3299 eo
1660 3242 1848 3300 ordine

257 3335 375 3393 quo
401 3328 656 3394 superius
691 3328 948 3386 diximus.

325 3415 660 3475 PAMPHILUS.
692 3420 1036 3479 Sullicienter
1092 3424 1195 3480 ista
1240 3425 1305 3481 ad
1354 3425 1725 3496 probationem
1758 3441 1848 3482 ca-

256 3508 483 3564 tholicae
512 3509 629 3580 ejus
661 3511 802 3575 ﬁdei,
831 3523 885 3568 et
907 3516 1144 3585 qualiter
1167 3518 1330 3572 etiam
1365 3518 1432 3574 de
1467 3520 1580 3589 ipsa
1603 3517 1848 3592 Scriptu-

250 3615 445 3655 rarum
477 3602 703 3658 historia
736 3607 992 3672 senserit,
1028 3607 1169 3662 dicta
1202 3609 1332 3663 sint.

332 3691 397 3745 Et
424 3693 685 3762 quoniam
715 3695 859 3752 inter
890 3706 1120 3753 caeteras
1143 3699 1554 3755 criminationes
1576 3699 1689 3773 (28)
1713 3715 1849 3772 quas

251 3784 299 3837 ei
357 3784 632 3853 inferunt,
670 3788 835 3843 etiam
870 3805 1033 3860 quam
1093 3792 1386 3848 maximam
1419 3802 1664 3863 ponunt,
1700 3794 1844 3865 quod

255 3877 718 3934 resurrectionem
754 3880 993 3935 futuram
1029 3882 1259 3953 deneget
1288 3896 1626 3942 mortuorum
1650 3928 1664 3953 ,
1701 3887 1845 3957 quod

256 3970 443 4039 utique
478 3971 719 4027 futurum
768 3975 1057 4032 manifeste
1100 3978 1151 4032 in
1180 3979 1440 4035 Ecclesiis
1490 3981 1837 4051 praedicatur,

257 4073 599 4132 consequens
648 4074 734 4119 est
781 4067 942 4120 etiam
971 4068 1037 4123 de
1078 4069 1179 4124 hoc
1210 4071 1377 4140 ipsius
1413 4086 1511 4125 nos
1534 4073 1713 4127 verbis
1747 4086 1841 4126 ca-

256 4152 556 4210 lumniosos
572 4157 877 4222 ostendere,
902 4168 956 4213 et
991 4161 1279 4216 mendaces
1311 4163 1590 4217 evidenter
1613 4178 1842 4234 arguere

256 4256 350 4297 eos
384 4245 475 4314 qui
526 4247 689 4301 etiam
724 4247 927 4316 scripta
974 4249 1039 4303 de
1088 4250 1193 4305 hoc
1221 4250 1382 4307 edere
1423 4253 1683 4308 adversus
1713 4268 1834 4307 eum

258 4348 364 4389 non
414 4348 794 4406 pepercerunt.
850 4339 981 4395 Tant
1019 4358 1087 4397 ex
1133 4343 1265 4413 ipsis
1301 4344 1467 4413 igitur
1501 4328 1654 4400 libris
1699 4360 1836 4415 quos

324 4479 374 4510 ’θ
408 4478 606 4561 Cenes.
648 4498 904 4561 νι-νιιιεᾼ
938 4487 1221 4561 “__Gene_s.
1258 4505 1410 4561 svm,
1447 4489 1503 4555 2,
1534 4506 1648 4561 seq.

258 4562 453 4631 ing.“
493 4553 539 4583 ³⁵
563 4551 726 4608 Josue
764 4555 933 4631 ιιι-ιζ)ῗῖ
968 4558 1056 4631 i5.
1131 4559 1177 4590 ³⁸
1207 4560 1224 4613 l
1257 4551 1527 4631 Regfxni,
1555 4551 1640 4626 47',
1678 4562 1765 4617 i8.

257 4619 298 4651 ²⁹
328 4617 374 4672 ll
415 4621 547 4692 Reg.
574 4640 720 4678 xxiv.
812 4617 936 4681 "lll
964 4627 1094 4698 Reg.
1147 4645 1248 4697 ιιι,
1281 4631 1336 4685 5.

1731 4476 1785 4523 ³³
1812 4490 2005 4547 Cenes.
2040 4503 2154 4552 XXI,
2186 4502 2299 4542 xx"
2328 4496 2382 4540 et
2417 4501 2564 4539 XXVI.

1862 4562 1905 4593 ³⁷
1949 4561 1966 4614 l
2010 4560 2140 4628 Reg.
2183 4574 2296 4615 xw,
2350 4558 2435 4610 Η.
2501 4555 3035 4628 "'Psalauxxttﬂ.

1414 4632 1456 4663 ³¹
1480 4634 1546 4688 lV
1581 4632 1714 4705 Reg.
1764 4649 1823 4701 ιι,
1854 4631 1986 4703 Reg.
2018 4626 2203 4695 ινξὸιί
2230 4670 2243 4694 ,
2273 4628 2381 4693 55;
2415 4642 2552 4691 xm,
2579 4626 2668 4680 2|.

1950 3239 2187 3299 secundo
2223 3253 2351 3293 vero
2390 3238 2529 3293 libro
2572 3238 2817 3309 ejusdem
2876 3240 3139 3305 materiae,
3173 3254 3293 3294 cum
3328 3242 3530 3309 praedi-

1946 3334 2115 3391 xisset
2141 3332 2254 3405 (55)
2289 3332 2415 3403 quia
2449 3331 2603 3399 quasi
2632 3332 2697 3384 ad
2721 3330 2951 3400 gentiles
2973 3330 3305 3400 loqueretur,
3341 3331 3531 3403 hujus-

1946 3426 2154 3483 cemodi
2184 3439 2338 3482 suam
2377 3423 2706 3479 sententiam
2748 3422 3066 3477 declaravit.

2018 3519 2308 3576 Omceuus.
2365 3516 2503 3590 (54)
2560 3534 2578 3567 ι
2618 3514 2726 3570 Nos
2784 3530 2912 3570 vero
2955 3524 3077 3583 post
3120 3514 3521 3584 corruptionem

1950 3614 2139 3669 mundi
2169 3612 2385 3667 eosdem
2430 3610 2573 3679 ipsos
2604 3606 2816 3663 futuros
2842 3622 2964 3662 esse
2990 3608 3238 3661 homines
3268 3606 3525 3674 dicimus,

1947 3705 2077 3760 licet
2109 3717 2213 3756 non
2261 3701 2313 3753 in
2346 3698 2536 3754 eodem
2589 3707 2753 3761 statu,
2802 3711 2977 3766 neque
3003 3696 3055 3750 in
3094 3695 3283 3750 iisdem
3315 3696 3525 3764 passio-

1947 3795 2128 3850 nibus.
2154 3793 2267 3848 Non
2300 3792 2442 3847 enim
2476 3790 2675 3844 iterum
2705 3804 2769 3844 ex
2795 3788 3155 3844 conventione
3182 3788 3282 3843 viri
3315 3796 3369 3842 et
3400 3802 3523 3842 mu-

1944 3888 2094 3943 lieris
2122 3895 2304 3951 erunt,
2349 3885 2466 3949 sed,
2498 3882 2646 3938 verbi
2678 3882 2876 3952 gratia,
2909 3896 2971 3936 ea
3017 3881 3158 3937 ratio
3191 3896 3312 3951 qum
3342 3880 3523 3936 conti-

1946 3988 2041 4033 net
2066 3976 2216 4031 Pauli
2250 3974 2611 4030 substantiam
2640 3973 2817 4042 (Pauli
2847 3983 3026 4027 autem
3080 3987 3221 4027 nunc
3249 3972 3369 4028 dico
3398 3986 3523 4027 cor-

1947 4066 2169 4139 poralis)
2207 4067 2354 4123 salva
2404 4077 2704 4137 permanet,
2735 4077 2941 4120 etcum
2986 4064 3218 4121 voluerit
3260 4066 3401 4120 Deus
3434 4078 3527 4121 se-

1950 4161 2184 4216 cundum
2215 4173 2277 4214 ea
2311 4173 2431 4228 quae
2462 4158 2604 4212 dicta
2654 4168 2803 4224 sunt,
2849 4172 2947 4228 per
2994 4168 3389 4213 sacramentum
3430 4165 3520 4212 tu-

1946 4256 2134 4309 barum
2184 4252 2237 4306 in
2274 4250 2568 4306 novissima
2603 4251 2732 4305 tuba
2787 4251 2967 4305 facere
2997 4259 3054 4305 ut
3105 4250 3301 4305 mortui
3334 4264 3518 4304 resur-

1946 4355 2095 4418 gant,
2130 4359 2225 4416 per
2261 4344 2404 4399 illam
2452 4344 2618 4413 ipsam
2650 4343 2762 4416 (35)
2794 4344 3221 4413 substantialem_
3249 4343 3516 4399 rationem

2641 4486 2687 4517 ⁸³
2722 4486 2857 4539 Cen.
2889 4501 3060 4551 xxx",
3094 4485 3184 4539 28.
3257 4484 3303 4516 “
3345 4484 3513 4541 Exod.

2641 4556 2713 4587 uol
2770 4572 2891 4587 ιννι
2949 4556 3004 4587 ’³11
3113 4556 3158 4587 28
3189 4555 3227 4587 Il
3254 4556 3367 4587 ῐὶηη
3414 4570 3489 4587 vn

2770 4572 2914 4618 Lxxi,
2949 4556 3035 4609 71.
3113 4556 3158 4587 ²⁸
3189 4555 3227 4609 ll
3254 4556 3387 4626 Reg.
3414 4570 3513 4609 xu.

2748 4627 2791 4657 ³²
2819 4626 2883 4681 IV
2922 4625 3053 4695 Reg.
3089 4641 3178 4691 xx,
3216 4627 3369 4681 9-11.

329 4754 440 4837 (26)
479 4755 571 4812 Sic
600 4772 789 4837 omnes
822 4776 969 4837 mss.‘
990 4761 1132 4837 Editi
1175 4779 1321 4832 vero,
1353 4770 1442 4837 qui
1467 4785 1584 4823 cum
1615 4785 1674 4822 eo
1708 4773 1823 4834 fue-
1852 4769 1896 4826 D
1927 4776 1945 4819 t
2027 4764 2138 4837 (51)
2170 4763 2335 4827 Editi,
2374 4772 2663 4837 certaverat
2688 4779 2704 4816 :
2729 4763 2918 4837 deinde
2944 4763 3353 4830 Genebrardus,
3397 4782 3516 4820 con-

259 4835 375 4879 raut
404 4843 584 4881 arcam
623 4830 885 4899 ingressi:
926 4834 1173 4890 similiter
1207 4844 1256 4890 et
1298 4830 1583 4893 Abraham.
1620 4830 1825 4896 Deinde

260 4911 384 4976 mss.
432 4900 606 4976 nostri
634 4903 948 4976 _ornittunt,
993 4905 1073 4959 uel
1117 4909 1376 4976 quomodo
1430 4909 1634 4963 oblatus
1670 4918 1746 4963 est
1795 4930 1827 4964 a

260 4963 417 5037 Patre
439 4970 583 5035 :setl
632 4969 747 5025 haec
776 4963 993 5027 exstant
1048 4976 1099 5029 in
1128 4963 1315 5033 'editis.
1365 4977 1465 5033 Ms.
1500 4963 1829 5037 Surbouicus

257 5034 415 5090 habet
438 5034 665 5093 deuotus
690 5052 764 5095 est
795 5057 890 5113 pro
915 5056 1071 5100 natus
1102 5060 1197 5102 est.
1620 5034 1641 5067 ί·

322 5125 433 5198 (27)
469 5126 593 5203 Mss.
628 5132 821 5203 nostri,
848 5133 939 5188 alii
987 5137 1051 5189 ab
1082 5139 1341 5203 omnibus,
1374 5140 1463 5194 alii
1508 5140 1572 5194 ab
1604 5143 1827 5196 homini-

259 5193 346 5250 bus
368 5214 386 5250 :
415 5193 517 5252 sed
552 5202 751 5257 rectius
777 5193 977 5261 habere
1001 5208 1250 5263 videntur
1280 5193 1432 5274 editi,
1462 5193 1758 5268 atrocibus.

322 5288 537 5373 (28).lt.a
559 5308 761 5374 omnes
800 5310 931 5350 mss.
952 5300 1153 5374 _nostri.
1183 5300 1325 5355 Editi
1358 5317 1487 5357 vero
1518 5318 1823 5374 perperam,

254 5371 387 5439 quas.
411 5363 460 5415 ei
491 5363 748 5439 inierunt,
776 5375 851 5419 est
891 5367 1072 5439 etiam,
1102 5386 1259 5437 quam
1290 5363 1576 5427 maximam
1604 5363 1825 5439 ponunt,

254 5431 387 5514 quod
411 5431 1411 5514 resurrectionem_s_cilicet_mortuorum
1442 5431 1686 5513 deneget:
1710 5431 1826 5514 quae

256 5502 427 5569 utique
479 5503 662 5582 futura
715 5506 995 5582 manifeste
1056 5509 1110 5564 in
1171 5510 1421 5567 Ecclesiis
1478 5502 1823 5582 pridicatur,

257 5582 565 5648 consequens
591 5576 750 5629 etiam
779 5586 857 5630 est
883 5577 978 5631 has
1006 5593 1071 5633 ex
1111 5581 1274 5645 ipsius
1304 5600 1394 5638 nos
1423 5576 1589 5641 verbis
1626 5576 1826 5640 calum;

257 5650 365 5695 mas
392 5648 679 5712 ostendere,
713 5654 821 5701 etc.

322 5733 435 5806 (29)
462 5735 537 5790 Ex
567 5739 740 5806 primo
764 5739 903 5795 libro
934 5741 1007 5797 De
1037 5748 1427 5804 resurrectione.

321 5803 432 5877 (50)
469 5803 629 5879 Editi,
660 5811 1091 5882 persecutionem,
1118 5816 1273 5873 male.

1947 4852 2006 4890 ra
2032 4835 2233 4889 amnem
2286 4836 2543 4886 rationem
2574 4849 2684 4887 esse
2732 4835 3017 4891 videatur:
3071 4840 3165 4891 sed
3218 4852 3347 4891 mss.
3371 4845 3431 4890 ut
3457 4838 3513 4891 in

1938 4915 2104 4961 textu.

2009 4975 2120 5043 (ὖῖ)
2167 4973 2295 5029 Mss.
2336 4975 2502 5030 nostri
2550 4973 2830 5040 omittunt,

1938 5047 2230 5100 restituunt
2263 5045 2413 5099 editi.
2456 5044 2630 5116 Paulo
2673 5054 2793 5114 post
2819 5044 2947 5099 editi
2976 5047 3251 5116 omittunt,
3280 5063 3398 5116 quw
3428 5062 3507 5103 res

1936 5118 2049 5170 sine
2086 5116 2242 5169 dubio
2267 5126 2356 5168 aut
2384 5115 2661 5185 injustitite
2682 5116 2934 5185 alicujus
2961 5115 3152 5180 Deum,
3187 5115 3508 5187 autimpos-

1933 5188 2202 5241 sibilitatis
2234 5199 2468 5248 accusat,
2498 5187 2640 5255 quod
2671 5188 2962 5240 restituunt
2982 5201 3172 5240 omnes
3200 5203 3332 5242 mss.

2005 5256 2116 5327 (55)
2154 5256 2317 5322 Quia,
2364 5257 2707 5311 desideratur
2754 5257 2806 5310 in
2868 5258 3048 5319 editis,
3101 5266 3155 5310 et
3202 5258 3505 5315 restituitur

1932 5344 1995 5383 ex
2033 5344 2161 5381 "ISS.

2002 5397 2115 5469 (34)
2145 5397 2387 5469 lixfliliro
2422 5414 2457 5452 ιι
2495 5397 2568 5451 οε
2596 5400 2995 5454 resurrectione.

2004 5468 2117 5539 (55)
2148 5468 2307 5541 Editi.
2337 5469 2652 5541 substantia:
2684 5472 2941 5522 rationem
2972 5487 3088 5541 qua?
3117 5471 3262 5524 salva
3290 5488 3503 5539 perma-

1937 5549 2041 5601 net,
2070 5548 2127 5591 ut
2152 5539 2213 5591 de
2257 5549 2410 5592 terra:
2461 5540 2672 5607 pulvere
2699 5539 3079 5594 resusciten‘tur
3123 5558 3154 5595 a
3193 5544 3415 5598 mortuis
3442 5559 3507 5598 ex

1935 5611 2175 5687 omnibus
2222 5609 2347 5687 locis
2383 5609 2440 5662 in
2492 5610 2707 5687 (μάρπτιςἶ
2752 5609 2955 5687 Deinde
3008 5611 3409 5687 Genelu'a_rdus,
3456 5621 3507 5687 μέ

1935 5680 2551 5747 iterum‘resuscitantur.
2577 5679 2660 5732 Ea:
2688 5679 2783 5733 hoc
2811 5682 3059 5742 arbitror,
3101 5692 3206 5736 etc.
3234 5681 3340 5737 Sed
3372 5679 3503 5739 ιιιεεῖ

1936 5752 2091 5873 uti"
2130 5760 2326 5824 ιιιιίιυ,⁸
2357 5750 2460 5806 nisi
2499 5751 2642 5822 quod
2687 5752 2931 5823 plerique
2978 5752 3229 5809 omittunt
3274 5753 3334 5819 ii,
3378 5763 3513 5809 ante

1936 5836 2018 5873 aut
2058 5836 2135 5873 us.

1929 5836 2135 5889 quiens.

2878 4992 3031 5056 quam
3068 4977 3298 5056 animae,
3363 4976 3511 5044 quod
