4020 6306
421 324 528 384 595

1617 318 1679 375 S.
1718 317 2042 375 PAMPHILI
2078 316 2436 374 MARTYRIS

3560 309 3673 366 596

425 458 545 515 quae
573 443 722 500 salva
751 452 1052 514 permanet,
1102 441 1168 496 de
1219 447 1378 494 terrae
1407 440 1632 510 pulvere
1667 441 2000 497 suscitantur
2022 444 2076 506 Α
2101 442 2186 497 dis
2226 440 2332 496 hoc
2377 436 2693 494 ostendunt.
2724 433 2833 492 Sed
2865 442 2920 489 et
2965 434 3068 491 hoc
3108 432 3224 502 ipsa
3255 429 3468 488 Domini
3495 431 3672 486 nostri

421 552 454 592 a
491 536 720 592 mortuis
770 550 836 590 ex
883 534 1133 590 omnibus
1194 532 1329 586 locis
1373 532 1408 586 ii
1455 532 1653 600 quibus
1711 533 1851 587 ratio
1902 532 1991 586 illa

412 623 741 679 substantiae
763 621 1061 693 corporalis
1109 621 1163 675 in
1199 621 1333 689 ipsis
1360 621 1682 691 corporibus
1709 636 1992 692 permane-

422 716 539 783 bat,
569 730 689 784 quae
715 715 768 770 in
800 724 1000 771 terram
1049 714 1300 783 prolapsa
1342 714 1435 771 Dei
1485 715 1764 771 voluntate
1796 717 1989 770 iterum

422 808 782 864 suscitantur.
842 806 908 861 Et
957 806 1063 862 hoc
1113 807 1356 863 arbitror
1417 822 1665 862 asserere
1720 806 1990 863 volentem

421 899 737 970 Apostolum
802 897 1007 955 dixisse
1058 898 1111 953 in
1160 899 1339 968 prima
1396 898 1643 961 Epistula
1687 900 1754 955 ad
1801 900 1993 955 Corin-

424 991 588 1055 thios,
632 988 743 1061 (56)
796 1000 922 1061 post
967 991 1327 1047 assertionem
1374 991 1791 1048 resurrectionis
1845 1007 1992 1047 mor-

422 1092 657 1138 tuorum.
687 1079 823 1136 Nam
848 1097 970 1137 cum
1004 1083 1378 1153 proposuisset
1407 1084 1508 1139 sibi
1538 1098 1602 1140 ea
1628 1099 1748 1155 quae
1773 1093 1993 1154 possent

424 1175 495 1229 ab
547 1174 667 1227 aliis
718 1174 882 1242 objici
929 1176 998 1231 de
1050 1176 1453 1231 resurrectione
1497 1187 1859 1238 mortuorum,
1914 1176 1993 1230 sic

421 1266 498 1320 ait
530 1284 543 1319 :
577 1262 681 1319 Sed
708 1266 840 1318 dicit
865 1264 1056 1334 aliquis
1086 1281 1106 1320 :
1139 1266 1416 1332 Quomodo
1449 1278 1724 1338 resurgunt
1756 1270 1994 1324 mortui?

421 1356 539 1424 Quo
566 1367 741 1411 autem
773 1374 986 1427 corpore
1013 1360 1263 1414 veniunt?
1293 1357 1486 1422 Stulte,
1519 1369 1571 1412 tu
1602 1360 1742 1430 quod
1765 1362 1991 1417 seminas

420 1463 530 1503 non
564 1450 875 1516 uioiﬁcatur,
922 1448 1023 1502 nisi
1050 1449 1196 1516 prius
1235 1451 1495 1503 moriatur
1525 1465 1545 1503 :
1574 1462 1622 1504 et
1674 1454 1813 1522 quod
1834 1453 1991 1508 semi-

420 1556 539 1607 nus,
574 1556 676 1593 non
708 1556 894 1608 corpus
918 1540 1057 1610 quod
1093 1541 1336 1610 futurum
1376 1552 1451 1596 est
1480 1543 1732 1611 seminus,
1756 1546 1845 1599 sed
1892 1562 1987 1599 nu-

421 1632 549 1686 dum
592 1648 850 1701 granum,
890 1642 1111 1702 utputa,
1152 1635 1347 1699 tritici,
1378 1647 1467 1688 aut
1509 1635 1737 1706 alicujus
1781 1648 1994 1692 stetera-

420 1740 559 1778 rum.
592 1723 733 1779 Deus
761 1733 933 1778 autem
967 1726 1058 1778 dat
1089 1725 1173 1779 illi
1200 1743 1389 1794 corpus
1419 1726 1466 1758 ”
1485 1739 1639 1797 prout
1661 1728 1825 1783 uoluit
1855 1730 1991 1799 ('57).

2097 536 2224 590 Jesu
2246 532 2449 589 Christi
2479 529 2807 587 resurrectio
2858 526 3122 595 declarat,
3163 526 3258 597 qui
3291 524 3676 596 primogenitae

2097 646 2161 685 ex
2184 628 2405 683 mortuis
2438 627 2482 658 ³⁸
2517 626 2735 681 dicitur.
2773 642 2793 675 ι

2168 720 2495 776 Ριιιριιιιοε.
2526 716 2653 773 Post
2677 716 2812 781 haec,
2848 710 3170 785 quibusdam
3197 725 3295 783 per
3319 710 3557 768 medium
3585 708 3676 765 la-

2098 814 2205 869 tius
2229 809 2540 881 disputatis,
2571 807 2771 877 adjecit
2793 807 2956 862 etiam
2986 806 3109 862 ista.

2166 903 2454 959 ORIGENES.
2495 919 2514 952 ι
2561 898 2717 956 Sicut
2752 896 2901 952 enim
2938 896 3057 966 plus
3106 894 3272 951 habet
3295 894 3470 950 omnis
3504 892 3681 951 ratio-

2098 993 2296 1049 nabilis
2324 992 2506 1048 anima
2535 990 2623 1046 bis
2647 1005 2769 1060 quae
2798 987 2885 1044 vel
2912 986 3219 1052 crescendi,
3268 985 3351 1042 vel
3374 984 3675 1050 nutriendi,

2098 1086 2182 1141 vel
2208 1096 2385 1141 motus
2410 1084 2577 1140 solius
2601 1081 2836 1139 cilicium
2866 1080 3127 1137 exhibere
3156 1079 3413 1135 dicuntur
3440 1097 3457 1133 :
3491 1078 3572 1134 sic
3604 1091 3678 1133 ea

2099 1178 2240 1233 ratio
2270 1192 2394 1248 quae
2428 1176 2481 1231 in
2532 1176 2774 1232 humano
2817 1186 3046 1241 corpore
3089 1179 3195 1238 est,
3237 1169 3407 1225 multo
3437 1168 3715 1240 amplius-

2100 1266 2281 1331 habet,
2315 1279 2477 1335 quam
2521 1279 2644 1335 quae
2671 1266 2725 1317 in
2757 1261 2985 1332 reliquis
3019 1271 3104 1317 est
3129 1262 3483 1331 corporibus,
3506 1276 3573 1316 ex
3603 1276 3678 1318 eo

2099 1360 2240 1430 quod
2270 1357 2381 1430 (41)
2408 1357 2571 1413 etiam
2605 1372 2729 1412 cum
2773 1363 3092 1425 corruptum
3138 1353 3301 1409 fuerit
3344 1368 3543 1424 corpus
3568 1354 3681 1412 hu-

2100 1466 2342 1516 manum,
2390 1449 2686 1505 subsistere
2732 1463 2950 1503 rursum
2987 1456 3168 1517 potest
3196 1446 3291 1501 Dei
3325 1447 3527 1502 virtute
3552 1461 3680 1503 ser-

2099 1551 2282 1598 vatum
2313 1551 2371 1597 et
2413 1539 2747 1595 custoditum
2796 1553 2967 1608 usque
3007 1541 3077 1593 ad
3118 1536 3538 1593 resurrectionis
3559 1550 3682 1592 sua

2101 1643 2331 1703 tempus.
2360 1631 2513 1699 Quod
2543 1640 2726 1686 autem
2769 1630 3084 1700 ubicunque
3132 1628 3297 1684 fuerit
3325 1628 3677 1695 restituatur,

2103 1727 2155 1780 id
2201 1735 2286 1781 est
2319 1724 2432 1797 (42)
2483 1725 2552 1781 ab
2584 1724 2734 1780 omni
2786 1727 2840 1779 in
2874 1738 2981 1794 quo
3018 1722 3255 1792 jacuerit
3301 1722 3442 1787 loco,
3491 1722 3561 1777 ita
3586 1722 3681 1776 ait

422 1815 557 1870 Cum
598 1816 743 1871 enim
791 1814 1080 1871 manifeste
1110 1818 1440 1872 ostendisset
1491 1820 1615 1889 quia
1660 1821 1857 1884 mortui
1910 1836 1996 1876 re-
2027 1813 2069 1867 Β
2098 1815 2336 1873 Joannes
2359 1817 2411 1870 in
2436 1814 2791 1871 Revelatione
2813 1829 2910 1870 sua
2946 1811 3056 1869 :Et
3092 1813 3322 1869 reddidit
3351 1828 3498 1866 mare
3536 1828 3684 1867 mor-

424 1916 678 1979 surgunt,
711 1919 765 1965 et
798 1918 1006 1963 certum
1039 1918 1185 1964 esset
1209 1911 1351 1980 quod
1384 1909 1634 1966 Salvator
1660 1923 1844 1969 noster
1875 1930 1995 1969 cum

421 1999 544 2069 ipso
575 2015 804 2071 corpore
840 2002 1138 2056 resurrexit
1172 2002 1316 2071 quod
1352 2013 1667 2074 susceperat
1697 2020 1767 2061 ex
1805 2004 1993 2067 Maria,

420 2107 530 2148 non
564 2104 742 2149 autem
775 2093 911 2150 satis
939 2093 1143 2149 clarum
1178 2102 1324 2149 esset
1352 2096 1625 2164 quomodo
1658 2108 1997 2153 resurrectu-

420 2182 466 2236 ri
491 2193 673 2238 essent
694 2184 897 2249 caateri,
922 2182 1006 2238 vel
1035 2182 1195 2254 quale
1224 2199 1424 2254 corpus
1453 2186 1688 2242 habituri
1723 2204 1736 2241 :
1772 2202 1994 2258 compa-

421 2284 512 2330 rat
559 2277 1014 2332 resurrectionem
1051 2275 1354 2333 seminibus
1405 2293 1524 2347 quae
1561 2279 1901 2335 seminantur
1942 2281 1997 2335 in

422 2376 649 2433 terram,
680 2378 894 2439 utputa,
928 2384 1098 2438 grano
1134 2368 1420 2434 frumenti,
1465 2372 1608 2440 quod
1635 2387 1754 2426 cum
1784 2373 1996 2428 cecide-

419 2457 495 2512 rit
524 2456 579 2512 in
608 2467 828 2524 terram,
870 2460 1237 2529 corrumpitur
1269 2477 1284 2514 :
1317 2461 1412 2516 sed
1465 2460 1690 2515 rationis
1716 2460 1861 2516 illius
1887 2463 1998 2517 vir-

421 2556 509 2601 tus
533 2545 644 2617 (58)
669 2562 788 2616 quae
817 2556 901 2602 est
938 2547 1103 2603 insita
1148 2549 1204 2603 in
1237 2548 1584 2605 interioribus
1632 2548 1751 2621 ejus
1786 2551 1994 2606 medul-

420 2636 510 2703 lis,
564 2637 681 2707 ipsa
710 2637 939 2694 rationis
964 2639 1139 2695 virtus
1173 2648 1451 2711 assumpta
1501 2640 1839 2711 adjacentem
1890 2641 1995 2698 sibi

419 2737 647 2795 terram,
681 2728 766 2784 vel
815 2744 968 2799 aquae
998 2731 1303 2798 humorem,
1356 2733 1451 2788 sed
1484 2741 1540 2788 et
1572 2732 1716 2787 aeris
1755 2733 1995 2788 circum-

422 2829 657 2876 stantem
715 2822 1067 2891 temperiem,
1128 2822 1325 2879 caloris
1380 2838 1596 2895 quoque
1639 2825 1993 2882 sullicienten

421 2915 693 2982 recipiens
740 2915 1006 2981 fomitem,
1036 2914 1146 2987 (59)
1178 2929 1274 2984 per
1301 2915 1537 2972 divinam
1587 2920 1885 2986 potentiam
1939 2922 1993 2976 in

424 3020 621 3075 corpus
647 3007 810 3062 culmi
841 3008 925 3062 vel
960 3009 1121 3078 spicae
1147 3010 1466 3080 consurgit;
1515 3021 1571 3065 et
1603 3012 1706 3067 hoc
1731 3021 1817 3068 est
1850 3016 1994 3079 quod

424 3094 555 3149 dicit
584 3113 598 3148 :
632 3093 710 3150 Tu
743 3098 884 3168 quod
914 3099 1139 3153 seminas
1185 3113 1289 3152 non
1338 3099 1653 3169 uiviﬁcatur,
1708 3103 1809 3156 nisi
1845 3104 1994 3172 prius

2100 1920 2215 1964 tuos
2246 1925 2374 1980 quos
2401 1908 2617 1963 habebat
2648 1908 2706 1962 in
2749 1923 2828 1972 se,
2871 1917 2923 1962 et
2965 1922 3106 1961 mors
3132 1916 3181 1961 et
3206 1905 3411 1975 inferas
3433 1903 3684 1960 reddideo

2102 2012 2222 2056 runt
2251 2012 2486 2056 mortuos
2510 2016 2630 2054 suos
2653 2000 2744 2071 qui
2772 2007 2923 2054 erant
2955 1998 3012 2054 in
3036 1998 3111 2053 eis
3144 1997 3213 2055 ³⁸.
3237 1997 3401 2054 Forte
3425 1996 3592 2065 enim,
3614 2004 3684 2052 ut

2096 2106 2196 2164 ego
2236 2101 2386 2162 puto,
2436 2106 2587 2146 mare
2625 2089 2716 2146 hic
2758 2104 2856 2161 pro
2887 2089 3111 2146 humido
3162 2091 3310 2145 omni
3339 2089 3683 2161 appellatum

2097 2194 2183 2241 est
2204 2183 2498 2249 elemento;
2553 2182 2663 2253 (45)
2713 2180 2872 2237 inferi
2921 2192 3106 2237 autem
3153 2196 3252 2251 pro
3294 2195 3458 2248 aere;
3523 2194 3683 2236 mors

2097 2289 2228 2330 vero
2254 2289 2351 2343 pro
2379 2282 2547 2329 terra.
2584 2272 2750 2340 Quasi
2789 2271 3082 2342 quamdam
3118 2285 3356 2342 namque
3396 2272 3685 2340 cognatio-

2099 2381 2220 2422 nem
2252 2367 2337 2422 bis
2390 2365 2529 2421 inter
2559 2378 2618 2420 se
2659 2364 2894 2420 invicem
2941 2363 3289 2431 habentibus,
3336 2379 3534 2432 corpus
3580 2379 3685 2420 no-

2096 2469 2266 2514 strum
2320 2459 2585 2529 pulverem
2628 2459 2811 2513 mortis
2838 2457 2881 2490 ³⁷
2915 2467 3073 2514 vocat
3116 2457 3418 2528 Scriptura,
3457 2458 3540 2511 vel
3567 2467 3681 2512 ter-

2099 2568 2213 2607 ram
2253 2552 2321 2618 ³⁸,
2377 2551 2461 2607 vel
2511 2568 2699 2621 corpus
2748 2552 2937 2606 mortis
2966 2550 3032 2607 δ’.
3087 2549 3230 2606 Sane
3286 2549 3463 2619 qualis
3509 2548 3685 2605 fuerit

2098 2645 2520 2716 uniuscujusque
2550 2644 2889 2715 praeparatio'
2917 2644 2971 2698 in
3010 2644 3114 2700 hac
3151 2644 3282 2712 vita,
3325 2642 3449 2698 talis
3489 2641 3596 2697 erit
3619 2650 3686 2698 et

2099 2736 2430 2792 resurrectio
2477 2735 2613 2807 ejus.
2649 2734 2753 2803 Qui
2779 2734 2891 2806 (44)
2922 2735 3136 2791 beatius
3184 2734 3275 2789 hic
3301 2732 3517 2798 vixerit,
3553 2746 3683 2789 cor-

2097 2845 2199 2900 pus
2223 2829 2341 2900 ejus
2390 2831 2445 2884 in
2497 2829 2901 2886 resurrectione
2933 2827 3202 2885 diviniore
3250 2824 3538 2896 splendore
3569 2822 3682 2880 fu!-

2097 2924 2263 2993 gebit,
2298 2933 2353 2978 et
2386 2932 2511 2994 apta
2548 2922 2598 2978 ei
2631 2923 2842 2978 mansio
2887 2922 3174 2977 beatorum
3227 2920 3496 2974 tribuetur
3526 2917 3683 2972 loco-

2100 3030 2241 3071 rum.
2280 3012 2414 3068 Huic
2447 3028 2573 3069 vero
2612 3014 2705 3083 qui
2741 3014 2796 3067 in
2838 3011 3045 3067 malitia
3094 3009 3436 3079 consumpsit
3467 3016 3681 3077 tempus

2098 3107 2199 3163 sibi
2232 3107 2356 3161 vitae
2402 3105 2688 3176 praesentis
2739 3104 3029 3169 indultum,
3073 3101 3180 3157 tale
3228 3100 3445 3155 dabitur
3479 3112 3682 3166 corpus

423 3188 686 3242 moriatur
712 3206 732 3244 :
758 3167 807 3244 et
835 3191 974 3261 quod
1016 3192 1265 3258 seminus,
1295 3206 1400 3245 non
1426 3167 1626 3269 corpus
1674 3197 1813 3264 quod
1845 3167 1995 3265 tutu-
2021 3167 2065 3224 θ
2101 3201 2242 3270 quod
2268 3167 2516 3254 subicere
2548 3207 2605 3252 et
2627 3197 2926 3266 perdurare
2954 3167 3067 3267 (45)
3105 3191 3478 3249 tantummodo
3505 3189 3682 3263 possit

422 3296 544 3335 rum
580 3293 653 3335 est
681 3283 929 3337 seminas.
980 3283 1123 3354 Ergo
1174 3284 1275 3338 boc
1305 3266 1429 3354 (40)
1454 3285 1597 3354 quod
1640 3287 1787 3341 cadit
1827 3296 1886 3342 ut
1910 3303 1996 3344 se-

424 3389 549 3428 men
589 3372 644 3428 in
679 3384 880 3430 terram
930 3390 1128 3445 corpus
1180 3384 1453 3441 nostrum,
1501 3389 1872 3448 comparatum
1911 3390 1994 3437 est

422 3481 592 3537 grano
617 3465 893 3522 frumenti.
932 3485 952 3518 ι

494 3558 820 3615 Purmws.
852 3561 920 3614 Et
950 3550 1173 3617 assertis
1203 3560 1288 3617 his
1320 3575 1416 3630 per
1460 3561 1829 3632 hujuscemodi
1863 3580 1994 3621 con-

423 3652 783 3719 sequentiam,
813 3662 934 3723 post
963 3668 1134 3722 pauca
1169 3654 1321 3709 addit
1350 3655 1513 3709 etiam
1544 3655 1681 3710 haec.

493 3742 784 3801 ORIGENES.
820 3764 839 3796 ι
876 3744 1028 3812 Quod
1074 3755 1254 3803 autem
1300 3748 1477 3802 omnis
1506 3748 1597 3803 illa
1651 3753 1996 3819 repromissio

420 3837 842 3892 resurrectionis
872 3848 1208 3894 mortuorum
1252 3838 1321 3894 de
1360 3839 1465 3894 hoc
1497 3854 1725 3910 corpore
1754 3843 1827 3896 sit
1852 3844 1994 3912 quod

422 3933 694 3981 mortuum
723 3926 1067 3998 relinquitur,
1096 3938 1299 3985 sanctas
1334 3928 1630 4000 Scriptura:
1661 3933 1843 3988 multis
1878 3950 1995 3989 mo-

496 4038 597 4116 “_!
623 4040 748 4116 Cor.
771 4057 874 4116 ἓν,
903 4041 1107 4116 55-58η
1133 4112 1145 4116 _
1164 4044 1209 4075 ³⁸
1231 4042 1437 4116 Coloss.
1470 4062 1506 4107 ι,
1539 4044 1642 4111 18;
1670 4046 1895 4115 Apocal.
1933 4065 1973 4116 ι,
2003 4050 2058 4106 5.

423 4123 506 4176 ιιι,
536 4109 623 4165 19.
700 4112 744 4144 '9
769 4111 928 4168 Rom.
962 4128 1054 4180 vu,
1081 4112 1174 4170 24.
1250 4112 1294 4145 ’⁵ο
1323 4115 1343 4168 ι
1373 4114 1498 4169 Cor.
1534 4109 1635 4182 xv,
1655 4109 1746 4172 59'.

499 4224 610 4296 (56)
656 4227 819 4295 Editi,
862 4227 993 4282 Post
1025 4232 1361 4284 assertionem
1404 4232 1540 4285 enim
1599 4232 1995 4285 resurrectionis

423 4306 772 4368 mortuorum,
812 4316 932 4353 cum
955 4302 1330 4368 praposuisset,
1358 4313 1462 4356 etc.
1503 4300 1705 4357 Omnes
1739 4317 1869 4355 mss.
1897 4317 1994 4355 no-

424 4366 812 4440 striomittunt
835 4366 996 4435 enim,
1027 4366 1150 4440 post
1187 4366 1529 4426 assertionem
1554 4385 1575 4425 :
1614 4374 1707 4426 sed
1732 4387 1855 4425 mox
1889 4386 1990 4425 ms.
2048 4418 2085 4439 ,ς

2075 4445 2142 4513 _si
2175 4439 2481 4513 corruptum
2516 4439 2673 4508 fuerit
2711 4455 2873 4509 genus
2900 4439 3189 4493 humanum
3306 4450 3680 4495 conservatum

427 4436 761 4509 _S_or_bonicus
799 4439 982 4509 habet,
1027 4436 1185 4494 'Nam
1228 4458 1344 4496 cum
1391 4443 1763 4509 proposuisset.
1810 4442 1992 4497 Codex

2100 3292 2155 3347 in
2184 3290 2376 3362 poenis.
2427 3289 2497 3346 Et
2538 3284 2776 3345 arbitror
2825 3289 2968 3358 quod
3003 3288 3147 3343 hanc
3184 3284 3541 3341 differentiam
3581 3298 3683 3338 vo-

2099 3385 2216 3439 lens
2261 3384 2551 3440 ostendere
2599 3381 2796 3437 Paulus
2834 3379 3148 3451 apostolus,
3191 3378 3365 3433 dicit:
3396 3376 3519 3430 Alia
3550 3391 3681 3430 caro

2101 3475 2433 3538 animalium,
2468 3474 2574 3528 alia
2603 3472 2895 3537 uolucrum,
2926 3471 3036 3526 alia
3055 3470 3276 3540 piscium
3299 3466 3369 3533 ‘°,
3395 3474 3450 3522 et
3477 3474 3682 3521 Caetera

2096 3583 2216 3638 quae
2244 3565 2582 3623 enumeravit
2624 3563 2938 3634 Apostolus.
2990 3562 3098 3619 Sed
3141 3561 3283 3617 sicut
3312 3573 3420 3614 non
3460 3564 3545 3613 est
3577 3572 3682 3627 pu-

2096 3660 2320 3715 tandum
2353 3658 2495 3728 quod
2522 3656 2838 3712 animalium
2869 3670 3068 3726 corpus
3099 3662 3421 3723 accepturus
3449 3650 3521 3707 sit
3549 3662 3682 3720 pec-

2097 3762 2270 3815 cator,
2300 3748 2416 3820 (46)
2451 3757 2548 3804 aut
2592 3748 2852 3813 volucris,
2904 3757 3000 3802 aut
3047 3745 3312 3817 piscium;
3367 3743 3449 3798 sic
3500 3754 3682 3811 neque

2099 3843 2253 3907 solis,
2284 3852 2376 3898 aut
2407 3843 2570 3907 lunai,
2613 3851 2706 3896 aut
2733 3839 3016 3896 stellarum
3066 3837 3394 3909 sperandum
3423 3846 3506 3892 est
3532 3834 3679 3890 acci-

2097 3950 2230 4004 pere
2259 3949 2352 3991 eos
2394 3934 2486 4005 qui
2531 3941 2824 4000 resurgunt
2872 3934 2926 3987 in
2979 3932 3248 3999 gloriam:
3306 3929 3401 3983 sed
3438 3925 3679 3996 exempli

2151 4051 2197 4084 ³⁸
2227 4048 2443 4120 Apucal.
2473 4064 2566 4114 xx,
2627 4048 2715 4102 15.
2828 4046 2872 4080 ³⁷
2920 4045 3064 4102 Psal.
3123 4061 3240 4111 ut,
3287 4042 3374 4098 i6.
3470 4038 3678 4096 "Gen.

2104 4246 2194 4299 per
2257 4229 2560 4299 hujnsmodi
2604 4237 3061 4299 consequentiam,
3086 4236 3200 4295 post
3254 4242 3425 4295 pauca
3464 4223 3682 4283 addidi‘

2096 4297 2251 4355 etiam
2280 4297 2410 4352 lucc.
2442 4299 2548 4353 Sed
2581 4297 2777 4353 omnes
2796 4313 2931 4352 mss.
2968 4307 3022 4349 ut
3049 4297 3102 4350 in
3131 4307 3304 4351 textu.

2168 4368 2281 4440 (41)
2316 4371 2389 4423 Ita
2422 4384 2551 4440 mss.
2586 4369 2781 4422 nostri.
2810 4368 2951 4440 Editi
2985 4383 3113 4423 vero
3145 4383 3450 4438 perperam,
3490 4369 3682 4422 etiam-

416 4504 797 4581 Vallis—Clarge
820 4549 835 4573 ,
869 4508 985 4581 Qui
1031 4527 1151 4581 cum
1198 4504 1551 4581 praposuisset
1575 4527 1592 4564 .'
1626 4512 1806 4567 caeteri
1857 4526 1986 4565 mss.
2025 4508 2141 4581 σοι
2171 4504 2525 4581 custoditum,
2552 4523 2659 4564 etc.

424 4577 680 4647 omittunt
712 4577 877 4647 Nam,
908 4580 990 4634 vel
1021 4580 1146 4647 Qui.
1177 4577 1376 4636 Deinde
1402 4598 1531 4637 mss.
1564 4582 1895 4637 Sorbonicus
1938 4590 1992 4635 et

422 4646 705 4723 Mont_i_s_S.
736 4646 1034 4723 Michaelis,
1081 4650 1183 4706 Sed
1208 4654 1345 4707 dicet
1376 4653 1587 4723 aliquis.
1618 4653 1809 4708 (ἐπιθτὶ
1839 4666 1988 4718 vero,

423 4728 478 4773 et
508 4718 638 4772 editi
667 4727 725 4772 ut
749 4719 801 4772 in
832 4729 1001 4773 textu.

496 4786 726 4864 (57)_lta
771 4805 902 4864 ms‘s.
937 4790 1180 4864 plerique
1210 4812 1222 4845 :
1251 4802 1305 4848 et
1351 4794 1424 4847 ita
1467 4793 1752 4864 legendum
1778 4792 1994 4848 videtur

419 4859 573 4935 juxta
597 4858 815 4935 Graecos
838 4858 1131 4935 Scriptura:
1156 4878 1325 4935 sacra:
1351 4858 1587 4928 codicés,
1614 4878 1844 4935 quorum
1877 4864 1990 4932 ple-

422 4932 581 5003 rique
610 4929 809 5003 liab_ent
838 4929 1336 5003 ἠθέλησε.η(3εειειυί
1363 4950 1494 4989 mss.
1538 4944 1593 4987 et
1619 4929 1746 4987 editi
1774 4951 1789 4998 ;
1837 4929 1993 5001 prout

423 5000 555 5070 uult,
587 4999 655 5054 al.
688 4997 875 5056 Graece
902 4997 1064 5056 θέλὲι.
1098 5001 1221 5057 Mox
1267 5005 1431 5070 editi,
1466 5003 1599 5058 Cum
1637 4997 1781 5057 enim
1819 4997 1992 5057 mani-

424 5067 771 5144 festissinte...
799 5083 844 5125 et
871 5081 1070 5144 certum
1091 5082 1223 5127 esset
1253 5067 1447 5144 quia...
1478 5091 1595 5128 cum
1641 5075 1754 5140 ipso
1779 5090 1994 5143 corpore

424 5143 813 5206 resurrexisset,
843 5153 949 5197 etc.
981 5142 1086 5197 Sed
1114 5142 1305 5199 omnes
1335 5161 1465 5200 mss.
1493 5155 1551 5200 ut
1578 5143 1632 5197 in
1668 5153 1841 5197 textu.

494 5208 608 5289 (δῇ)
646 5211 797 5279 Quae,
838 5213 1108 5268 omittitur
1157 5216 1210 5267 in
1260 5216 1441 5282 editis,
1488 5227 1543 5271 et
1593 5215 1895 5271 restituitur
1927 5228 1993 5270 ex

421 5284 674 5334 Omnibus
705 5299 834 5338 mss.

493 5347 609 5470 (39)
650 5352 812 5417 Editi,
867 5369 960 5421 per
1010 5353 1240 5408 diuinam
1289 5356 1577 5470 potentiam
1632 5367 1996 5423 cooperantem

514 5420 687 5470 nttvel
718 5424 873 5470 spica:
901 5434 1242 5470 consumunt-
1317 5425 1386 5470 Is-
1431 5424 1663 5470 Regius-
1721 5440 1814 5470 ner
1863 5427 1996 5470 dini-

422 5419 584 5472 culmi
610 5420 687 5472 uel
718 5419 875 5499 δρὶεαέ
901 5434 1242 5499 consurgant.
1288 5419 1387 5479 Ms.
1430 5424 1664 5499 Regius,
1721 5419 1814 5499 per
1863 5427 1998 5499 divi-

423 5505 549 5569 nam
572 5496 855 5557 potentiam
885 5496 1251 5569 corpusculum
1280 5500 1359 5550 vel
1383 5497 1538 5562 spica:
1565 5496 1852 5564 consurgit.
1883 5496 1997 5551 Ca:-

425 5565 525 5611 teri
555 5574 688 5612 mss.
719 5572 866 5616 recte
893 5573 951 5616 ut
986 5565 1038 5617 in
1077 5576 1264 5619 nostro
1297 5576 1467 5621 textu.

428 5696 443 5707 ,
495 5627 610 5697 (40)
644 5629 735 5683 Sic
768 5647 869 5685 ms.
918 5649 1074 5688 unus.
1112 5634 1306 5690 Caneri
1344 5650 1474 5690 vero
1503 5652 1657 5701 mss.,
1686 5636 1826 5705 quod
1852 5637 1997 5690 cadit

425 5712 484 5751 tn
509 5713 684 5753 semen
710 5715 896 5769 corpus
928 5716 1185 5759 nostrum.
1218 5707 1386 5774 Editi,
1420 5708 1561 5775 quod
1610 5709 1749 5773 cadit
1779 5709 1834 5760 in
1892 5719 1996 5760 ter-

426 5785 537 5824 ram
563 5785 749 5841 corpus
803 5782 1061 5829 nostrum.
1115 5776 1312 5833 Deinde
1367 5779 1517 5843 editi,
1576 5775 1644 5833 Et
1676 5778 1888 5832 assertis
1915 5778 1994 5833 his

2167 4580 2277 4655 (42)
2327 4581 2467 4655 Editi
2499 4620 2514 4643 ,
2570 4583 2634 4634 ab
2684 4582 2824 4637 omni
2872 4580 2987 4635 loco
3034 4581 3088 4635 in
3136 4596 3444 4651 quocunque
3491 4578 3677 4649 fuerit.

2096 4650 2224 4707 Mss.
2260 4650 2316 4705 iit
2344 4653 2396 4704 in
2425 4660 2593 4708 textu.

2169 4722 2281 4795 (45)
2323 4724 2614 4790 Perperam
2660 4721 2814 4787 editi,
2866 4723 3103 4791 infernus
3156 4731 3330 4795 autem
3372 4736 3468 4790 pro
3505 4736 3679 4795 aere;

2094 4791 2235 4847 mors
2262 4791 2381 4847 uero
2428 4808 2521 4862 pro
2566 4801 2707 4862 terra
2734 4810 2752 4846 :
2785 4794 2939 4862 quasi
2985 4794 3270 4861 quamdam
3309 4791 3678 4862 cognationem

2096 4862 2191 4989 gul.
2226 4860 2617 4935 cogitationem]
2664 4863 2747 4916 Itis
2792 4860 2930 4915 inter
2965 4860 3020 4917 se
3074 4863 3295 4916 inuicem
3343 4860 3675 4916 habentibus.

2127 4935 2298 4989 'oruus
2320 4934 2456 4988 enim
2487 4935 2749 4989 puluerem
2794 4933 3005 4989 mortis.
3053 4942 3161 4989 etc.
3192 4931 3299 4988 Sed
3325 4945 3513 4989 omnes
3540 4946 3675 4989 mss.

2127 4931 2305 5000 .‘orpus'
2320 4934 2456 4988 enim
2487 4931 2749 5000 puluerem
2794 4933 3005 5001 mortis,
3053 4942 3161 4989 etc.
3192 4931 3299 4988 Sed
3325 4945 3513 4989 omnes
3540 4946 3676 4989 mss.

2096 5006 2267 5059 nostri
2286 5014 2363 5058 -ιιι
2395 5004 2449 5057 in
2479 5012 2648 5057 textu.

2097 5145 2125 5198 ὸ
2167 5076 2281 5157 (4.4)
2318 5074 2483 5141 Editi,
2535 5074 2742 5129 beatus.
2791 5072 2982 5130 Melius
3032 5089 3161 5130 mss.
3224 5075 3398 5130 nostri
3460 5089 3678 5141 omnes,

2130 5156 2316 5198 cattus.

2130 5147 2316 5200 eatius.

2169 5216 2280 5287 (45)
2308 5214 2694 5269 Tantummodo
2731 5215 3003 5272 omittitur
3035 5219 3088 5273 in
3137 5216 3315 5283 editis,
3347 5226 3400 5272 et
3431 5214 3679 5272 restitui-

2100 5299 2187 5341 llll'
2206 5302 2272 5339 ex
2299 5302 2427 5341 IIISS.

2168 5356 2281 5426 (46)
2319 5357 2482 5419 Editi,
2508 5365 2600 5408 aut
2639 5360 2931 5425 volucrum,
2974 5370 3063 5412 aut
3102 5359 3321 5427 piscium
3346 5375 3367 5411 :
3389 5357 3466 5411 sic
3513 5370 3680 5428 neque

2099 5429 2246 5493 solis,
2283 5438 2372 5480 aut
2415 5428 2575 5490 lunae,
2609 5438 2701 5481 aut
2744 5429 3020 5484 stellarum
3070 5428 3297 5496 formam
3351 5430 3677 5496 sperandum

2098 5510 2171 5571 est
2199 5498 2430 5565 accipere
2448 5515 2544 5571 eos
2574 5498 2664 5565 qui
2711 5512 2978 5571 resurgent
3014 5501 3068 5552 in
3104 5499 3273 5567 gloria
3305 5516 3324 5553 :
3348 5501 3447 5571 sed
3505 5512 3680 5551 exem—

2099 5568 2171 5637 pli
2217 5584 2377 5621 causa
2421 5570 2561 5621 dicta
2590 5573 2701 5622 lues
2756 5570 2820 5621 ab
2862 5567 3137 5638 'Apostolo,
3172 5578 3280 5624 etc.
3341 5567 3446 5621 Sed
3483 5582 3679 5621 omnes

2101 5652 2232 5709 mss.
2266 5649 2324 5692 ut
2364 5638 2416 5692 in
2442 5648 2626 5709 nostro
2654 5649 2827 5705 textu,
2874 5642 2973 5695 nisi
3007 5642 3150 5708 quod
3206 5656 3310 5696 ms.
3349 5638 3546 5709 Regius
3572 5639 3675 5709 ha:

2101 5708 2262 5773 beat,
2299 5718 2390 5762 aut
2439 5708 2710 5781 stellarum
2734 5707 3052 5778 sperandum
3084 5721 3160 5766 est
3202 5707 3550 5781 accipere‘eos
3580 5707 3676 5779 qui

2103 5780 2496 5836 resurrectionis
2521 5779 2743 5852 gloriam
2777 5782 3066 5841 attendunt.
