4020 6306
262 358 363 415 597

1445 366 1786 424 APOLOGIA
1824 367 1960 423 PRO
1998 366 2315 423 ORIGENE.

3405 368 3506 425 598

260 481 433 547 gratia
466 480 614 535 dicta
652 497 767 538 esse
793 484 907 538 haec
948 482 1017 538 ab
1042 483 1301 552 Apostolo
1336 486 1678 540 sentiendum
1731 495 1833 548 est,
1865 492 1911 547 Α
1941 485 2255 540 adversario
2294 490 2512 553 possent
2553 482 2837 537 adversum
2869 484 3165 540 contrarias
3210 493 3373 555 atque
3400 488 3503 539 ini-

258 582 317 627 nt
349 573 670 643 designetur
698 592 793 645 per
841 580 954 632 base
1012 578 1153 646 quod
1181 578 1272 632 alii
1333 593 1430 647 pro
1481 580 1691 633 meritis
1722 583 1835 635 suis

258 663 699 721 honorabiliores
746 678 800 722 et
847 669 1110 725 clariores
1140 680 1321 735 erunt,
1355 670 1596 724 beatiora
1623 686 1835 740 quoque

257 757 574 813 habitacula
606 763 846 816 sorliluri
882 779 896 815 :
929 763 1157 817 aliorum
1186 780 1315 818 vero
1346 765 1754 834 indignissimus
1781 774 1834 820 et

253 849 663 915 abiectissimus
690 868 789 922 pro
825 866 1100 921 gestorum
1128 856 1334 910 scelere
1380 856 1485 910 erit
1512 867 1701 920 status,
1740 856 1831 926 qui

254 941 421 996 etiam
454 945 621 999 mutis
655 945 977 1003 animalibus
1014 949 1209 1018 dignus
1237 949 1305 1003 sit
1330 951 1653 1017 comparari.
1700 969 1719 1002 ι

321 1031 656 1091 Passennus.
686 1035 866 1093 Pauca
908 1040 1022 1094 haec
1052 1043 1117 1094 ad
1164 1040 1528 1094 testimonium
1562 1044 1828 1099 traximus

248 1128 314 1180 e'x
354 1128 547 1181 multis
577 1136 630 1183 et
675 1128 972 1185 innumeris
997 1145 1117 1199 qua:
1163 1146 1258 1200 per
1288 1130 1652 1199 hujuscemodi
1699 1149 1826 1189 sen-

245 1233 366 1272 sum
428 1220 483 1272 in
513 1221 641 1289 ipsis
690 1220 841 1275 libris
902 1238 1039 1290 quos
1090 1222 1162 1277 De
1214 1225 1589 1279 resurrectione
1617 1226 1824 1292 scribit,

240 1314 521 1381 exposuit.
549 1311 663 1368 Non
698 1324 877 1369 autem
904 1316 1117 1370 videtur
1143 1315 1434 1370 absurdum
1473 1318 1537 1371 ad
1570 1319 1826 1388 majorem

243 1402 683 1457 satisfactionem
708 1404 871 1458 etiam
906 1405 971 1460 de
992 1405 1217 1475 reliquis
1247 1405 1361 1474 ejus
1384 1407 1535 1461 libris
1559 1422 1825 1461 consonas

245 1495 335 1548 his
370 1495 463 1549 vel
510 1508 714 1564 paucas
768 1496 1025 1556 adhibere
1079 1498 1397 1552 sententias.
1445 1496 1500 1551 in
1566 1500 1823 1555 vicesimo

244 1587 423 1656 igitur
476 1597 530 1642 et
575 1599 767 1645 octavo
814 1588 955 1644 libro
1003 1591 1068 1644 de
1123 1592 1255 1644 Isaia
1301 1594 1558 1659 propheta
1587 1635 1600 1657 ,
1635 1594 1699 1645 de
1735 1593 1823 1647 illo

240 1678 492 1747 capitulo
518 1680 784 1745 scribens,
827 1681 881 1734 in
934 1696 1044 1750 quo
1073 1683 1270 1735 dicitur
1306 1697 1318 1732 :
1356 1680 1821 1737 Resuscitabuntur

237 1771 468 1838 mortui,
511 1781 558 1825 et
600 1784 872 1839 resurgent
900 1774 1069 1844 Ιιὶᾳαὶ
1098 1775 1151 1828 in
1195 1777 1445 1843 sepulcris
1483 1787 1600 1830 sunt
1626 1777 1701 1843 “;
1745 1778 1815 1831 ita

237 1860 342 1916 ait.

310 1976 605 2034 ORIGENES.
670 1978 783 2049 (4⁸7)
832 1976 1061 2035 «Melius
1121 1991 1203 2035 est
1257 1995 1385 2052 ergo
1438 1983 1620 2038 dicere
1673 1984 1813 2054 quod

233 2080 435 2122 omnes
479 2067 694 2138 quidem
732 2085 1075 2140 resurgemus
1106 2070 1174 2139 δ’,
1213 2081 1270 2125 ut
1309 2084 1364 2127 et
1410 2074 1558 2145 impii
1599 2077 1814 2129 veniant

236 2157 297 2209 in
347 2159 495 2213 illum
537 2160 709 2214 locum
747 2162 833 2215 tibi
858 2161 1012 2217 fletus
1041 2173 1126 2219 est
1157 2173 1209 2218 et
1240 2165 1441 2220 stridor
1469 2167 1707 2222 dentium
1744 2168 1808 2233 ”,

235 2248 364 2318 (48)
393 2259 445 2304 et
475 2251 560 2305 ubi
602 2252 732 2321 justi
768 2254 1025 2321 recipient
1070 2257 1442 2325 unusquisque
1490 2258 1541 2310 in
1586 2274 1684 2313 suo
1716 2274 1809 2313 or-

232 2340 373 2394 dine
401 2343 691 2397 secundum
745 2345 995 2399 meritum
1044 2345 1307 2400 bonorum
1356 2359 1629 2417 gestorum
1686 2366 1810 2406 suo-

232 2446 381 2497 rum,
429 2449 550 2487 cnm
604 2436 1083 2492 transformabitnr
1130 2455 1324 2506 corpus
1371 2442 1691 2496 humilitatis
1713 2457 1807 2498 eo-

231 2538 383 2588 rum,
418 2535 477 2578 nt
523 2525 596 2580 sit
627 2527 905 2584 conforme
964 2531 1209 2599 corporis
1258 2532 1440 2602 gloria
1483 2533 1684 2587 Christi
1717 2534 1798 2586 “:

232 2612 350 2685 (49)
384 2617 525 2685 quod
570 2619 896 2675 seminatum
949 2624 1166 2692 quidem
1208 2634 1293 2679 est
1339 2625 1390 2677 in
1436 2626 1804 2696 corruptione,

230 2718 415 2775 surget
444 2724 570 2763 vero
608 2710 659 2764 in
693 2712 1099 2782 incorruptione
1129 2733 1142 2768 :
1170 2716 1312 2785 quod
1356 2719 1679 2773 seminatum
1724 2729 1807 2775 est

230 2798 283 2851 in
326 2799 646 2867 ignominia,
693 2814 879 2873 surget
924 2806 976 2858 in
1016 2806 1231 2876 gloria:
1283 2811 1425 2877 quod
1479 2814 1801 2868 seminatum

226 2901 307 2945 est
336 2892 396 2944 in
426 2892 762 2959 infirmitate,
793 2908 978 2966 surget
1010 2900 1063 2951 in
1097 2899 1301 2956 virtute
1330 2902 1397 2970 ‘5,
1445 2908 1800 2960 resurrectio-

224 2986 302 3039 nis
360 2986 570 3042 scilicet
612 2996 850 3058 tempore
878 3007 893 3044 :
924 3001 977 3044 et
1020 2994 1159 3061 quod
1200 2995 1523 3050 seminatum
1557 3007 1640 3052 est
1682 3013 1803 3052 cor-

220 3090 318 3145 pus
382 3078 640 3144 animale,
683 3092 867 3151 surget
896 3092 1074 3137 autem
1106 3100 1301 3154 corpus
1332 3088 1613 3156 ‘spiritale.
1651 3089 1799 3144 Licet

220 3183 360 3237 ergo
405 3185 592 3226 omnes
628 3185 931 3244 resurgant,
983 3185 1037 3230 et
1077 3180 1436 3249 unusquisque
1478 3181 1532 3234 in
1574 3198 1667 3235 suo
1708 3199 1797 3236 or-

1943 576 2110 629 micas
2137 576 2372 629 humano
2416 576 2600 645 generi
2649 583 2959 644 potestates.
3006 576 3267 646 Sepulcra
3319 588 3500 633 autem

1941 677 2275 722 mortuorum
2300 668 2351 720 in
2380 668 2484 722 hoc
2513 666 2654 732 loco,
2686 666 2797 737 (50)
2823 667 2961 722 sicut
2982 678 3037 722 et
3061 670 3113 722 in
3141 670 3322 725 multis
3354 670 3497 735 aliis,

1937 762 2230 817 secundum
2270 760 2557 814 certiorem
2611 760 2903 829 Scriptura
2941 776 3156 816 sensum
3191 763 3498 832 accipienda

1936 862 2082 920 sunt,
2109 868 2216 909 non
2248 867 2309 907 ea
2337 853 2507 906 solum
2534 867 2655 921 quae
2699 852 2765 906 ad
2814 851 3204 919 depositionem
3245 856 3499 909 humano-

1932 961 2051 999 rum
2074 960 2362 1014 corporum
2388 944 2638 997 videntur
2663 958 2787 997 esse
2806 953 3139 1007 constructa,
3167 944 3249 998 vel
3273 946 3324 998 in
3350 948 3495 1003 saxis

1931 1039 2137 1103 excisa,
2183 1046 2277 1090 aut
2309 1037 2361 1089 in
2398 1045 2595 1089 terram
2626 1034 2860 1100 defossa,
2906 1036 3002 1089 sed
3036 1036 3210 1090 omnis
3266 1036 3413 1091 locus
3439 1038 3494 1092 in

1932 1142 2253 1198 quocunque
2290 1127 2375 1181 vel
2404 1128 2676 1194 integrum
2708 1126 3001 1179 humanum
3036 1141 3252 1195 corpus,
3300 1127 3385 1181 vel
3425 1141 3495 1181 ex

1928 1231 2079 1293 parte
2109 1222 2288 1290 aliqua
2334 1220 2510 1290 jacet;
2563 1218 2773 1272 etiamsi
2838 1219 3055 1272 accidat
3090 1227 3147 1271 ut
3176 1234 3343 1271 unum
3369 1234 3493 1273 cor—

1927 1330 2027 1384 pus
2057 1329 2151 1384 per
2196 1314 2315 1367 loca
2366 1312 2532 1367 multa
2565 1312 2869 1380 dispersum
2917 1311 3009 1375 sit,
3054 1312 3343 1365 absurdum
3384 1327 3495 1365 non

1926 1406 2027 1460 erit
2054 1406 2234 1460 omnia
2292 1419 2351 1458 ea
2399 1404 2516 1460 loca
2549 1404 2605 1457 in
2656 1403 2851 1472 quibus
2878 1418 3005 1472 pars
3038 1403 3214 1472 aliqua
3246 1406 3493 1471 corporis

1917 1498 2082 1565 jacet,
2110 1497 2355 1566 sepulcra
2390 1497 2635 1565 corporis
2663 1497 2779 1565 ejus
2836 1496 2963 1549 dici.
3001 1494 3058 1549 Si
3086 1496 3229 1548 enim
3270 1511 3374 1549 non
3414 1497 3487 1549 ita

1925 1590 2249 1659 accipiamus
2285 1604 2567 1659 resurgere
2596 1590 2662 1643 de
2685 1588 2948 1658 sepulcris
2998 1588 3112 1643 suis
3158 1596 3371 1642 mortuo
3408 1588 3487 1641 di-

1923 1684 2051 1736 vina
2079 1682 2295 1748 virtute,
2328 1682 2417 1750 qui
2463 1695 2802 1750 nequaquam
2846 1691 2972 1735 sunt
3000 1680 3290 1749 sepulturae
3330 1694 3483 1732 man-

1925 1774 2054 1839 dati,
2087 1773 2197 1845 (51)
2231 1788 2406 1842 neque
2437 1774 2489 1827 in
2516 1773 2779 1843 sepulcris
2814 1773 3063 1841 depositi,
3094 1773 3186 1827 sed
3215 1768 3327 1828 sive
3353 1788 3485 1826 nau-

1846 1846 1889 1899 Β
1918 1866 2126 1937 fragiis,
2157 1866 2272 1921 sive
2298 1866 2351 1920 in
2375 1867 2606 1921 desertis
2631 1865 2899 1933 aliquibus
2951 1865 3187 1920 defuncti
3219 1873 3343 1919 sunt
3400 1865 3481 1919 lo-

1917 1960 2016 2025 cis,
2070 1959 2142 2013 ita
2170 1968 2229 2013 ut
2257 1959 2550 2029 sepulturae
2604 1958 2848 2011 mandari
2884 1972 2989 2011 non
3040 1958 3333 2027 pomerint,
3372 1972 3481 2011 non

1914 2052 2238 2107 videbuntur
2272 2052 2617 2105 annumerari
2664 2051 2801 2103 inter
2840 2064 2931 2103 eos
2953 2051 3043 2117 qui
3093 2050 3159 2107 de
3216 2048 3481 2119 sepulcris

1913 2144 2267 2200 resnscitandi
2301 2143 2574 2198 dicuntur.
2610 2140 2764 2208 Quod
2794 2142 2980 2210 utique
3015 2141 3163 2196 valde
3186 2140 3477 2195 absurdum

1912 2246 2011 2293 est.
2047 2255 2067 2288 ι

1980 2330 2302 2384 Passennus.
2351 2327 2708 2383 Nihilominus
2758 2328 2811 2380 in
2858 2341 2923 2381 eo
2970 2327 3086 2395 ipso
3124 2325 3282 2392 libro,
3315 2325 3479 2380 inter-

1903 2422 2064 2492 jectis
2092 2422 2438 2491 quibusdam,
2468 2420 2599 2474 dicit
2632 2434 2647 2473 :

1978 2514 2268 2570 ORIGENES.
2301 2532 2319 2563 ‹
2360 2512 2493 2566 Cum
2520 2527 2651 2582 ergo
2681 2511 2880 2566 Paulus
2916 2511 3129 2577 scribit,
3165 2510 3308 2580 quod
3342 2511 3473 2563 sicut

1904 2608 2056 2663 stella
2097 2612 2159 2661 ab
2186 2606 2337 2660 stella
2370 2605 2549 2671 diﬁ'ert
2578 2605 2633 2656 in
2657 2604 2847 2672 gloria,
2870 2604 2942 2657 ita
2968 2604 3065 2656 erit
3098 2612 3146 2655 et
3167 2604 3475 2656 resurrectio

1904 2709 2231 2754 mortuorum
2258 2698 2301 2728 ‘5
2332 2713 2345 2748 :
2375 2706 2429 2751 et
2470 2695 2609 2766 quod
2662 2695 2792 2749 dicit
2820 2711 2831 2746 :
2864 2693 3171 2749 Seminatur
3206 2696 3262 2747 in
3294 2710 3475 2747 corru-

1901 2794 2101 2861 ptione,
2147 2792 2312 2861 surgit
2356 2791 2411 2843 in
2446 2788 2841 2857 incorruptione
2874 2787 2940 2852 "9,
2967 2797 3019 2842 et
3062 2797 3263 2842 catera
3298 2784 3475 2854 hujus-

1903 2887 2042 2939 modi
2077 2902 2091 2939 :
2126 2882 2411 2938 manifeste
2453 2883 2565 2935 haec
2590 2881 2656 2935 de
2706 2880 2822 2936 solo
2849 2894 3075 2950 corpore
3110 2880 3322 2935 scribit.
3356 2875 3472 2931 Non

1901 2979 2041 3032 enim
2071 2978 2249 3030 anima
2278 2974 2542 3029 seminata
2576 2981 2658 3026 est
2693 2971 2746 3024 in
2781 2972 3151 3042 corruptione,
3180 2983 3274 3026 aut
3320 2972 3372 3025 in
3399 2973 3482 3023 in—

1902 3070 2174 3134 firmitate,
2217 3079 2309 3122 aut
2345 3067 2398 3120 in
2428 3064 2738 3137 ignominia.
2790 3062 3033 3135 Denique
3062 3064 3344 3120 evidenter
3372 3066 3466 3117 ad-

1898 3164 2075 3233 juagit
2107 3162 2191 3215 his
2218 3159 2490 3223 omnibus,
2522 3168 2576 3212 et
2608 3157 2737 3212 dicit
2762 3173 2775 3209 :
2805 3154 3108 3210 Sentinatur
3133 3172 3321 3224 corpus
3349 3157 3467 3209 ani-

279 3226 307 3237 ..
784 3226 812 3244 υ
990 3226 1037 3230 _-
1080 3226 1433 3249 mm-,m-,_-
1574 3226 1663 3235 -.η
1709 3226 1754 3236 ν.

218 3262 355 3318 dine
388 3264 434 3294 ‘°
459 3277 725 3335 resurgat,
763 3269 1216 3326 considerandum
1245 3282 1327 3328 est
1356 3284 1534 3329 tamen
1578 3285 1800 3345 pr0pter

1912 3257 2041 3309 male
2068 3256 2148 3321 ⁸⁰;
2188 3265 2244 3308 ιιι
2291 3270 2357 3309 ne
2399 3254 2519 3322 quis
2568 3260 2783 3320 putaret
2816 3252 3049 3305 animum
3082 3265 3205 3304 esse
3238 3264 3356 3319 qum
3382 3264 3469 3302 se-

217 3351 379 3408 illuln
409 3371 712 3412 sermonem
744 3357 969 3415 Joannis
991 3401 1006 3427 ,
1040 3377 1197 3431 quem
1233 3365 1285 3418 in
1320 3365 1672 3424 Revelatione
1702 3386 1798 3425 sua

217 3446 360 3500 dicit
392 3463 405 3498 :
446 3446 640 3504 Beatus
662 3451 749 3519 qui
781 3452 933 3505 habet
968 3466 1169 3521 partem
1196 3457 1251 3511 in
1292 3460 1667 3514 resurrectione
1691 3464 1799 3529 pri-

216 3554 336 3605 ma,
372 3540 428 3592 in
466 3539 564 3593 hoc
594 3544 831 3595 secunda
864 3560 1005 3598 mors
1046 3562 1147 3599 non
1174 3548 1326 3601 habet
1366 3560 1672 3617 potestatem
1702 3554 1745 3583 ⁸⁵⁷
1780 3570 1793 3604 :

218 3647 281 3686 ne
320 3632 463 3687 forte
497 3634 659 3687 dividi
693 3636 863 3704 possit
889 3639 1066 3692 omnis
1115 3641 1535 3696 resurrectionis
1566 3644 1703 3698 ratio
1742 3644 1797 3698 in

218 3722 362 3777 duas
391 3734 572 3791 partes
600 3744 611 3778 :
642 3725 693 3779 id
722 3736 807 3781 est
858 3728 909 3780 in
942 3743 1035 3782 eos
1058 3730 1149 3798 qui
1173 3731 1417 3786 salvandi
1446 3747 1574 3789 sunt
1598 3736 1793 3804 jnstos,

220 3824 268 3867 et
296 3816 477 3868 etiam
510 3817 560 3869 in
590 3832 683 3872 eos
714 3819 804 3886 qui
843 3822 1119 3875 cruciandi
1176 3834 1302 3878 sunt
1342 3836 1655 3894 peccatores
1692 3847 1706 3883 :
1739 3842 1795 3883 ut

219 3907 283 3961 sit
328 3923 430 3961 una
485 3909 699 3977 quidem
737 3911 1025 3977 bonorum,
1064 3929 1182 3983 qua:
1214 3916 1416 3971 dicitur
1455 3921 1665 3988 prima;
1703 3923 1792 3976 illa

220 4012 352 4053 vero
383 4014 503 4067 qua:
532 4008 618 4053 est
649 4000 991 4068 miserorum,
1023 4007 1257 4060 secunda
1284 4009 1495 4063 dicatur
1521 4028 1533 4063 :
1568 4023 1618 4066 et
1646 4012 1791 4069 illam

224 4093 441 4160 quidem
495 4093 549 4147 in
597 4096 850 4150 omnibus
892 4112 1013 4151 esse
1063 4112 1275 4167 puram,
1326 4101 1574 4168 hilarem,
1630 4106 1793 4163 totius

224 4185 439 4253 plenam
475 4185 707 4252 laetitiae;
740 4187 884 4240 illam
920 4204 1051 4242 vero
1093 4188 1315 4244 alteram
1349 4200 1514 4247 totam
1557 4198 1787 4264 tristem,

224 4286 391 4331 totam
434 4281 688 4334 maeroris
717 4280 949 4349 plenam,
998 4290 1052 4335 et
1092 4283 1301 4337 actibus
1354 4300 1418 4339 ac
1452 4287 1570 4341 vitae
1602 4303 1788 4344 eorum

224 4370 439 4440 dignam
475 4371 565 4440 qui
600 4370 651 4425 in
702 4372 949 4441 praesenti
984 4374 1090 4427 vita
1143 4373 1235 4429 Dei
1272 4379 1520 4432 mandata
1548 4389 1789 4435 contem-

224 4463 451 4529 pserint,
481 4469 535 4517 et
556 4461 746 4529 judicii
775 4461 890 4531 ejus
922 4464 1115 4519 timore
1147 4466 1416 4536 neglecto,
1462 4474 1786 4543 semetipsos

226 4553 547 4607 tradiderint
577 4554 633 4608 in
687 4555 1054 4623 operationem
1110 4558 1275 4614 totius
1335 4561 1691 4620 immunditiae
1726 4577 1780 4621 et
1812 4571 1860 4630 Ι)
1886 4566 2354 4638 estliancspeciem
2370 4582 2640 4635 quzenunc

225 4646 482 4709 avaritiae,
511 4661 610 4701 nec
634 4662 692 4702 se
726 4662 1029 4716 praeparare
1061 4653 1237 4705 conati
1272 4653 1398 4720 sint,
1437 4666 1493 4709 ut
1530 4657 1782 4714 resistere

287 4832 332 4867 “
361 4835 463 4888 lsa.
485 4848 632 4897 xxvr,
656 4834 737 4889 l9.
815 4835 858 4865 "
886 4835 901 4888 1
927 4834 1052 4889 Cor.
1076 4851 1162 4891 xv.
1187 4833 1272 4887 51.
1353 4833 1396 4865 ⁸³
1427 4832 1555 4889 Luc.
1590 4852 1701 4899 xm,
1730 4837 1819 4894 28.

225 4900 264 4933 δ’
292 4905 462 4974 Apoc.
489 4922 581 4971 xx,
616 4905 668 4959 6.
741 4906 786 4937 δ⁸
817 4906 835 4960 ι
867 4906 994 4963 Cor.
1023 4922 1112 4973 xv,
1138 4906 1230 4961 41.
1303 4903 1350 4934 ⁸⁸
1382 4905 1512 4959 ibid.
1540 4906 1611 4958 4‘2
1648 4923 1760 4977 seq.

289 5048 404 5118 (47)
442 5050 519 5103 Ex
548 5050 644 5105 lib.
676 5066 847 5105 xxvm
881 5053 935 5104 in
963 5050 1186 5105 Isaiam.

311 5120 398 5191 48)
424 5120 590 5191 Editi,
619 5129 665 5174 et
680 5121 810 5191 justi
840 5124 925 5175 ubi
950 5123 1219 5189 recipiant,
1247 5128 1350 5176 etc.

314 5190 405 5257 49)
430 5189 502 5242 lta
529 5189 768 5245 editiQAt
806 5209 935 5246 mss.
970 5194 1174 5258 nostri,
1198 5192 1336 5259 quod
1366 5191 1651 5245 seminatur
1669 5191 1784 5259 qui-

225 5261 333 5315 dem
380 5261 436 5313 in
472 5265 829 5329 corruptione,
878 5264 1043 5332 surgit
1095 5264 1148 5315 in
1203 5263 1677 5332 incorruptione
1737 5270 1784 5314 et

227 5333 353 5400 quod
385 5332 697 5402 seminatum
727 5344 804 5385 est
831 5329 1083 5399 animale,
1110 5340 1287 5400 surget
1317 5343 1491 5386 autem
1521 5329 1615 5402 [al.
1638 5332 1788 5385 deest

214 5396 415 5471 iautem]
441 5417 626 5469 corpus
650 5402 907 5469 spiritale.

293 5470 405 5541 (50)
439 5471 604 5536 Editi,
636 5475 879 5526 similiter
924 5480 971 5525 et
1022 5473 1077 5525 in
1104 5472 1303 5526 multis.
1344 5472 1450 5527 Sed
1477 5486 1604 5525 mss.
1641 5481 1697 5525 ut
1732 5472 1783 5525 in

227 5549 389 5597 textu.
457 5542 788 5598 Sorbonicus
844 5553 1021 5596 tamen
1081 5545 1279 5597 omittit
1336 5554 1390 5598 et
1433 5542 1699 5607 similiter,
1734 5551 1787 5596 et

225 5613 370 5668 sicut.
1036 5644 1037 5647 η

290 5684 404 5756 (51)
456 5682 554 5756 Ms.
603 5683 941 5756 Sgorbonicus'
968 5682 1188 5756 omittit,
1220 5700 1390 5756 neque
1432 5685 1484 5737 in
1531 5682 1782 5756 sepulcris

231 5752 462 5822 depositi.
496 5754 593 5811 Ms.
617 5754 984 5818 Corbeiensis,
1028 5753 1187 5808 hodie
1215 5753 1271 5809 S.
1316 5753 1566 5807 Germani
1600 5770 1627 5807 a
1658 5752 1784 5808 Pra-

232 5822 294 5879 tis
318 5826 518 5894 habet,
571 5828 659 5897 qui
690 5841 1012 5897 nequaquam
1045 5832 1162 5881 sunt
1212 5824 1491 5893 sepultura:
1524 5825 1775 5894 mandati,

1902 3350 2139 3403 minatur
2177 3348 2229 3402 in
2276 3345 2643 3415 corruptione,
2690 3344 2773 3399 vel
2823 3346 2878 3398 in
2920 3343 3239 3413 ignominia,
3280 3342 3364 3395 vel
3411 3341 3469 3396 in

1900 3437 2230 3492 inﬁrmitate.
2277 3455 2297 3487 ›
3472 3502 3477 3511 Α

1969 3529 2295 3583 Psnpniws.
2344 3527 2470 3581 llam
2502 3525 2716 3594 quidem
2767 3538 2834 3577 ex
2880 3523 2963 3576 his
3013 3520 3167 3574 libris
3193 3518 3302 3589 (5‘2)
3330 3532 3467 3587 quos

1898 3622 1952 3676 in
1982 3621 2195 3675 Esaiam
2224 3620 2462 3689 scripsit.
2509 3616 2626 3670 Non
2666 3614 3067 3685 praeteribimus
3114 3627 3244 3665 vero
3293 3610 3467 3678 neque.

1898 3714 2046 3768 illum
2073 3714 2247 3767 locum
2271 3727 2427 3781 quem
2454 3712 2518 3765 de
2544 3711 2718 3779 primo
2748 3707 2951 3777 psalmo
2986 3705 3259 3768 disseruit,
3290 3706 3340 3757 in
3362 3716 3480 3773 quo-

1897 3809 2057 3861 etiam
2087 3807 2151 3860 de
2178 3803 2577 3860 resurrectione
2607 3803 2677 3855 ita
2707 3796 2922 3868 scripsit
2950 3815 2963 3851 :

1965 3920 2190 3976 ORIGEN.
2246 3940 2264 3972 ι
2305 3920 2456 3975 Sicut
2496 3919 2637 3973 enim

1894 4020 2081 4072 eadem
2134 4016 2188 4069 in
2228 4014 2383 4070 nobis
2430 4015 2639 4082 species

1892 4121 2176 4181 permanet
2205 4111 2272 4165 ab
2300 4109 2523 4164 infantia
2549 4124 2638 4163 us-

1892 4217 1995 4272 que
2026 4204 2093 4257 ad
2130 4212 2482 4266 seneCtutem,
2512 4200 2635 4253 licet

1890 4292 2230 4349 characteres
2283 4293 2501 4347 multam
2556 4292 2636 4345 vi-

1890 4390 2077 4441 deatur
2104 4388 2529 4442 immutationem
2555 4401 2637 4441 re-

1890 4480 2088 4545 cipere,
2125 4480 2194 4532 ita
2233 4478 2638 4547 intelligendum

1888 4670 1969 4714 est
2006 4665 2057 4714 in
2104 4660 2275 4724 nobis,
2305 4661 2474 4728 ipsam
2508 4675 2630 4727 per-

2785 3914 2897 3986 (55)
2925 3915 3132 3984 Ὥσπερ
3164 3913 3219 3965 δὲ
3247 3913 3308 3965 τὸ
3331 3910 3467 3975 εἶδός

2712 4014 2825 4065 ἐστι
2881 4012 3039 4082 μέχρι
3072 4010 3164 4062 τοῦ
3212 4009 3465 4081 πέρατος,

2710 4104 2813 4159 κᾶν
2837 4106 2885 4156 οἱ
2908 4105 3250 4176 χαρακτῆρες
3270 4105 3466 4158 δοκῶσι

2706 4196 2902 4267 πολλὴν
2933 4197 3073 4267 ἔχειν
3093 4195 3461 4269 παραλλαγήν·

2707 4291 2877 4354 οὕτως
2903 4291 3118 4362 νοητέον
3135 4292 3227 4343 καὶ
3258 4290 3349 4343 ἐπὶ
3370 4289 3463 4344 τοῦ

2709 4385 2975 4454 παρόντος
3005 4423 3018 4447 ,
3083 4380 3222 4447 εἶδος
3266 4384 3465 4437 ταυτὸν

2711 4476 2845 4532 εἶναι
2890 4478 2966 4549 τῷ
3013 4479 3278 4550 μέλλοντι,
3310 4478 3462 4531 πλείὲ

2717 4589 2846 4643 στης
2886 4574 3016 4641 ὅσης
3064 4573 3325 4643 ἐσομένης
3364 4574 3461 4642 τῆς

2710 4658 2800 4710 ἐπὶ
2857 4658 3073 4714 κάλλιον
3135 4660 3458 4730 μεταϐολῆς.

1915 4837 2202 4917 ξξᾘιίζίρρ.
2231 4840 2415 4905 ιιι,Ξ’.1.
2492 4839 2573 4892 ⁸⁸1
2597 4838 2720 4900 Cor.
2753 4862 2840 4913 xv,
2864 4846 2933 4901 42
2972 4863 3085 4917 seq.
3149 4848 3195 4878 “
3221 4846 3346 4903 ibid.
3369 4846 3458 4900 25.

1839 4909 1884 4939 ⁵ο
1912 4909 2041 4963 ibid.
2071 4909 2159 4962 44.

1889 5070 1981 5107 nec
2028 5057 2083 5107 in
2114 5055 2669 5131 sepulcrisgmandati.
2724 5059 2824 5115 Ms.
2878 5060 3097 5131 Regius,
3134 5061 3220 5129 qui
3271 5076 3461 5129 nequa-

1887 5141 2043 5199 quam
2078 5136 2198 5179 sunt
2249 5128 2532 5199 sepultura":
2562 5146 2651 5183 nec
2681 5131 2734 5183 in
2780 5128 3029 5199 sepulcris
3061 5128 3321 5185 mandati.
3346 5128 3459 5185 Sed

1890 5195 2016 5248 editi
2048 5207 2102 5248 et
2132 5211 2259 5250 mss.
2289 5198 2494 5265 aliquot
2522 5201 2721 5255 rectius
2752 5211 2806 5255 ut
2834 5195 2891 5255 in
2919 5212 3088 5257 textu.
3313 5218 3317 5222 ’

1951 5265 2074 5343 lii?)
2108 5267 2268 5343 Editi,
2297 5285 2465 5343 _q_u0s_
2485 5270 2539 5343 in
2588 5269 2793 5325 Isaiam
2833 5273 3083 5325 scribit...
3117 5272 3179 5323 de
3223 5286 3459 5343 resurre-

1889 5340 2064 5410 ctione
2104 5340 2177 5410 ita
2201 5340 2403 5410 scribit.
2436 5340 2539 5394 Sed
2569 5357 2700 5396 mss.
2729 5344 3035 5410 utrobique,
3065 5342 3291 5407 scripsit.

1963 5408 2074 5477 (55)
2103 5408 2180 5461 Ex
2200 5408 2486 5481 Comment.
2504 5411 2557 5462 in
2570 5412 2755 5479 psalm.
2780 5408 3111 5481 1,5."00'xsp
3126 5411 3191 5464 δὲ
3216 5410 3282 5479 τὸ
3300 5413 3462 5479 εἶδός

1892 5476 2063 5555 ﬁeri,
2106 5490 2212 5555 etc.
2255 5478 2442 5555 Graeca
2485 5476 2643 5555 hujus
2697 5482 2798 5536 loci
2854 5486 3019 5555 verba
3062 5476 3275 5537 ἐκδιαιιί
3318 5476 3458 5555 apud

1892 5548 2271 5621 Epiphanium,
2321 5550 2511 5605 haeres.
2542 5552 2628 5616 64,
2651 5567 2769 5620 cap.
2804 5554 2889 5608 l4.
2932 5554 3059 5608 Vide
3101 5555 3153 5606 in
3192 5548 3460 5621 psalnium

1889 5619 2142 5741 plrimum,
2170 5629 2367 5675 nostra;
2404 5622 2561 5691 hujus
2585 5619 2833 5679 editibnis
2856 5635 2982 5679 tom.
3014 5623 3147 5685 Xlll,
3187 5619 3306 5693 pag.
3331 5625 3458 5681 500.

1940 5690 2023 5741 ide
2048 5691 2207 5741 etiam
2249 5690 2614 5741 Oriaenianor.
2653 5694 2743 5741 lih-
2800 5710 2859 5741 ιι-
2908 5705 3096 5741 animat.
3126 5696 3177 5741 Ω-
3220 5710 3368 5741 litim-
3401 5694 3457 5741 ’1Δ

1940 5690 2023 5766 ide
2048 5691 2218 5766 etiam
2249 5690 2614 5766 Origenianor.
2652 5694 2744 5750 lib.
2800 5710 2861 5763 ιι,
2908 5705 3097 5766 (ιιιᾶξει.
3126 5690 3369 5761 9ίιιῖιω.
3401 5694 3468 5766 ’1,Δ

1892 5760 1977 5815 ubi
2007 5761 2313 5833 haecfatiam
2341 5760 2664 5820 referuntur.
