4020 6306
554 374 662 455 ξρθ

557 505 867 550 mansuram
915 492 1078 551 etiam
1125 492 1178 547 in
1221 491 1307 547 l'u-

558 595 704 654 turo,
733 586 964 656 plurima
1000 596 1174 642 tamen
1210 586 1310 639 im-

557 681 858 737 mutatione
914 678 968 733 iu
1007 676 1201 733 melius
1253 686 1308 732 et

558 771 845 842 gloriosius
872 770 1029 825 facta.
1073 768 1308 825 Necesse

555 876 640 923 est
666 867 807 921 enim
833 866 1138 921 animamin
1170 865 1305 922 locis

556 963 836 1032 corporeis
859 962 1193 1017 habitantem
1226 962 1302 1016 uti

527 1057 541 1073 ‘
556 1054 877 1124 corporibus
939 1052 1134 1109 talibus
1185 1068 1305 1122 quze

554 1158 679 1220 apta
689 1150 795 1204 sint
808 1150 892 1205 his
903 1149 1033 1205 locis
1047 1151 1097 1204 in
1112 1150 1305 1219 quibus

553 1242 722 1313 degit.
742 1243 808 1297 Et
836 1241 992 1305 sicut,
1009 1243 1158 1297 verbi
1184 1257 1306 1296 cau-

552 1349 636 1399 sa,
670 1335 714 1390 si
747 1334 800 1389 in
828 1336 985 1405 aquis
1015 1336 1179 1390 maris
1209 1350 1307 1390 nos

551 1428 820 1494 habitare,
854 1427 939 1483 vel
974 1430 1170 1497 degere
1205 1443 1302 1497 po-

551 1531 767 1587 sceret,
818 1519 938 1575 sine
992 1520 1153 1576 dubio
1206 1535 1307 1592 pro

553 1613 845 1668 habitaculi
898 1614 1157 1682 qualitate
1211 1629 1308 1670 ne-

552 1706 853 1761 cessarium
905 1708 1176 1762 videretur
1202 1707 1302 1760 ha-

554 1803 686 1855 bere
731 1799 892 1856 talem
924 1802 1168 1869 corporis
1199 1811 1304 1856 sta-

552 1901 688 1959 tum,
721 1901 777 1947 et
822 1880 1263 1963 compositionem
1281 1933 1299 1958 ,

552 1986 765 2055 qualem
821 1985 1021 2041 habent
1054 1985 1141 2041 illa
1186 1987 1300 2040 ani-

551 2077 713 2131 malia
762 2091 883 2146 qua:
929 2077 981 2131 in
1031 2078 1186 2147 aquis
1217 2079 1300 2131 vi-

549 2181 721 2227 vunt:
757 2174 827 2228 ita
858 2189 998 2229 nunc
1034 2173 1156 2229 cum
1190 2188 1299 2228 cte-

549 2265 723 2322 lorum
764 2265 1129 2324 habitaculum
1177 2282 1304 2337 pro-

550 2366 816 2435 mittatur,
835 2370 1132 2424 secundum
1154 2368 1300 2425 loco-

1747 380 1806 440 S.
1847 378 2171 439 ΡΑΜΡιῐιιι
2212 377 2570 435 MARTYRIS

3659 398 3751 454 600

1394 493 1712 564 Ἀναγκαῖον
1724 495 1833 568 γὰρ
1847 494 1942 567 τὴν
1958 493 2117 566 ψυχὴη

2307 492 2597 550 Οιιιςεκεε.
2619 492 2733 566 (55)
2773 510 2793 545 ι
2817 492 3266 551 DominusJesus
3283 496 3518 560 Christus
3554 506 3654 565 haec
3679 513 3753 569 di.

1379 590 1437 643 ὲν
1463 589 1648 656 τόποις
1676 594 2004 663 σωματικοῖς
2026 593 2130 644 ὑπ-

1379 682 1653 755 άρχουσαν
1679 724 1694 750 ,
1831 684 2131 756 κεχρῆσθαι

1382 775 1594 847 σώμασι
1628 778 1981 850 καταλλήλοις
2021 782 2131 844 τοίς

1373 873 1572 937 τόποις.
1605 875 1715 928 Καὶ
1744 874 1928 948 ὥσπερ
1958 877 2015 929 ἐν
2038 875 2133 931 θα-

1373 967 1544 1041 λάσσῃ
1579 967 1677 1042 ζῇν
1707 972 1853 1041 ἡμᾶς
1878 970 2131 1042 ἐνύδρους

1373 1061 1698 1132 γενομένους
1720 1064 1768 1116 εἰ
1783 1062 1972 1134 ἐχρῆν,
1999 1063 2132 1117 πάν-

1372 1167 1481 1215 τως
1512 1150 1579 1207 ἂν
1611 1151 1717 1206 ἔδει
1745 1152 2131 1224 παραπλησίαν

1374 1245 1519 1317 ἔχειν
1531 1247 1625 1299 καὶ
1637 1246 1737 1317 τὴν
1750 1245 1914 1316 ἄλλην
1935 1244 2131 1317 ἰχθύων

1376 1342 1740 1397 κατάστασινο
1786 1341 1959 1406 οὕτως
2001 1340 2129 1413 μέλ-

1376 1434 1566 1498 λοντας
1595 1435 1950 1507 κληρονομεῖν
1979 1433 2132 1505 βασι-

1376 1529 1524 1584 λείαν
1553 1528 1817 1600 οὐρανῶν,
1837 1529 1931 1582 καὶ
1958 1529 2016 1581 ἐν
2044 1528 2132 1581 τό-

1376 1641 1499 1687 ποις
1521 1622 1866 1694 διαφέρουσιν
1891 1620 2129 1687 ἔσεσθαι,

1373 1717 1668 1785 ἀναγκαῖον
1693 1713 1924 1786 χρῆσθαι
1947 1713 2133 1785 σώμαρ-

1376 1827 1427 1862 σι
1459 1810 1868 1879 πνευματικοῖς,
1894 1806 2014 1877 οὐχί
2036 1808 2129 1860 τοῦ

1372 1901 1546 1965 εἴδους
1570 1898 1662 1954 τοῦ
1697 1897 1962 1971 προτέρου
1984 1899 2127 1968 ἀφα-

1374 1994 1673 2067 νιζομένου,
1707 1993 1813 2047 κᾶν
1839 1994 1930 2046 ὲπὶ
1961 1992 2022 2046 τὸ
2041 1994 2129 2047 ὲν-

1371 2089 1548 2155 δοξότε
1557 2104 1646 2160 ρον
1665 2086 1888 2157 γένηται
1914 2085 2124 2158 αὐτοῦὴ

1371 2175 1859 2255 τροπή.⁹Ὠσπερῆν
1874 2181 1936 2234 τὸ
1951 2179 2022 2252 ’1η
2030 2178 2126 2234 σοῦ

1374 2273 1514 2341 εἶδος
1533 2316 1548 2341 ,
1585 2275 1680 2330 καὶ
1718 2272 1998 2336 Μωῢσὲως
2032 2273 2127 2327 καὶ

1385 2369 1586 2433 Ἠλίου,
1615 2370 1712 2439 οὐχ
1743 2366 1929 2439 ’ἕτερον
1960 2367 2019 2419 ἐν
2056 2368 2122 2438 τῇ

546 2477 668 2517 rum
698 2462 922 2533 gloriam
964 2478 1301 2532 consequens
1376 2459 1817 2535 μεταμορφώσει,
1840 2458 2007 2530 παρ’ὂ
2034 2452 2121 2529 ἦν.

545 2564 632 2611 est
671 2557 934 2626 aptandas
975 2571 1098 2611 esse
1144 2557 1306 2610 etiam
1336 2570 1619 2624 corporum
1652 2554 1966 2623 qualitates.
2013 2550 2124 2606 Nec

548 2647 671 2703 ideo
713 2656 891 2703 tamen
923 2650 1078 2718 prior
1111 2646 1227 2703 haec
1261 2647 1470 2716 species
1501 2645 1976 2710 exterminabitur,
2001 2644 2125 2700 licet

548 2736 839 2808 gloriosior
869 2735 987 2804 eius
1020 2736 1211 2792 eli‘ecta
1258 2738 1330 2793 sit
1381 2735 1732 2807 permutatio.
1776 2735 1931 2790 Sicut
1977 2733 2121 2788 enim

548 2830 719 2900 ipsius
746 2830 956 2885 Domini
988 2828 1144 2894 Jesu,
1172 2830 1255 2885 vel
1284 2830 1476 2902 Moysi,
1501 2829 1587 2886 vel
1609 2829 1738 2884 Elite
1771 2828 1980 2899 species
2007 2825 2121 2901 (54)

549 2937 655 2976 non
683 2930 799 2976 erat
821 2922 925 2976 alia
951 2923 1004 2977 in
1046 2923 1544 2989 transformatione,
1587 2937 1747 2994 quam
1784 2921 1963 2976 fuerat
1995 2931 2124 2976 ante

551 3014 1112 3079 trausl'ormationem,
1143 3016 1216 3070 ita
1248 3031 1354 3071 non
1379 3016 1484 3071 erit
1520 3015 1627 3071 alia
1661 3024 1972 3071 sanctorum
2001 3027 2122 3083 spe-

548 3107 678 3174 cies,
710 3107 924 3163 etiamsi
977 3108 1149 3165 multo
1187 3109 1476 3182 gloriosior
1507 3109 1622 3164 ﬂat.
1656 3127 1678 3162 ι

1108 3267 1162 3307 IN
1169 3267 1363 3310 TERPB.
1395 3267 1556 3309 NOVA.

621 3363 696 3436 Ac
718 3362 1160 3436 quemadmodum
1205 3366 1402 3432 species
1426 3366 1542 3435 ipsa
1577 3364 1646 3436 ad
1676 3363 1921 3419 ultimum
1959 3381 2120 3436 usque

549 3434 731 3484 eadem
768 3440 868 3504 est,
892 3434 992 3504 etsi
1020 3435 1201 3504 ingens
1238 3433 1575 3504 propriarum
1606 3433 1919 3503 formarum,
1968 3433 2120 3488 nota-

550 3518 771 3575 runique
816 3503 1056 3575 uideatur
1077 3503 1187 3560 esse
1211 3503 1490 3560 diversitas
1523 3522 1542 3559 .'
1565 3507 1638 3558 ita
1668 3514 1718 3560 et
1750 3506 1805 3558 in
1828 3522 1888 3559 eo
1914 3506 1977 3559 de
2017 3523 2119 3575 quo

549 3572 777 3645 agimus,
813 3572 1209 3645 intelligendum
1261 3585 1338 3629 est
1375 3586 1685 3645 praesentem
1717 3577 1952 3643 corporis
2002 3572 2120 3645 spe-

546 3644 676 3695 ciem
716 3646 956 3697 eamdem
987 3644 1096 3700 esse
1150 3661 1269 3700 cum
1318 3644 1503 3713 futura
1530 3664 1545 3700 :
1576 3663 1695 3700 cum
1725 3662 1785 3700 eo
1817 3657 2013 3708 tamen,
2062 3657 2119 3699 ut

545 3713 869 3786 incredibilis
894 3714 949 3768 in
967 3716 1155 3770 melius
1179 3718 1247 3771 sit
1274 3716 1461 3786 futura
1488 3718 1732 3771 mutatio.
1769 3715 1997 3772 Necesse
2043 3727 2117 3771 est

545 3783 685 3836 enim
716 3786 953 3837 anintam
976 3789 1240 3853 corporeis
1272 3783 1333 3840 in
1354 3788 1484 3841 locis
1513 3786 1793 3841 hwreutem
1835 3798 2115 3841 consenta-

547 3855 656 3905 neis
696 3853 794 3907 sibi
840 3855 919 3906 uti
971 3858 1304 3926 corporibus.
1336 3857 1505 3923 Atque
1534 3867 1591 3911 ut
1631 3858 1675 3911 si
1718 3859 1773 3911 in
1805 3858 2117 3926 aquatilium

546 3934 793 3977 naturam
822 3940 1097 3997 conuersos
1123 3929 1284 3981 vitam
1318 3928 1373 3980 in
1404 3929 1540 3982 mari
1570 3943 1662 3982 nos
1691 3929 1877 3997 degere
1907 3936 2115 3996 Oporte-

546 4000 647 4056 ret,
670 3995 1023 4064 necessarium
1049 3997 1187 4064 [oret
1215 4013 1310 4051 nos
1334 3997 1444 4049 alia
1476 3995 2116 4064 corporum—constitutio-

546 4076 630 4123 ne,
649 4062 974 4136 pisciumque
1005 4062 1169 4119 simili
1192 4082 1302 4119 esse
1324 4062 1574 4133 prazditos
1600 4082 1618 4131 ;
1660 4069 1733 4120 ita
1760 4070 1850 4136 qui
1870 4068 2116 4121 caelorum

545 4132 695 4202 regni
733 4132 1092 4187 [nereditatem
1119 4132 1486 4202 aditurisunt,
1512 4155 1574 4191 ac
1597 4132 1812 4190 diuersis
1829 4138 1884 4191 in
1905 4138 2116 4192 sedibus

544 4201 865 4268 habitaturi,
896 4204 1161 4276 spiritalia
1186 4223 1389 4275 quoque
1418 4224 1637 4276 corpora
1661 4209 1883 4261 habeant
1912 4224 2116 4262 necesse

543 4281 621 4347 ζει
646 4291 666 4331 :
692 4289 794 4347 non
822 4275 962 4347 quod
993 4277 1140 4341 prior
1172 4275 1537 4345 exstinguatur
1559 4278 1776 4347 species,
1822 4279 2026 4330 tametsi
2060 4280 2116 4333 in

542 4341 810 4419 illustrius
833 4341 1114 4419 quiddam
1148 4341 1550 4419 glorias—iusque
1584 4341 1876 4419 ἠιυιειίιι·Ἀ
1921 4347 2115 4411 Quem-

544 4413 828 4487 admodum
858 4413 1009 4480 Jesu,
1045 4433 1108 4470 ac
1137 4413 1359 4487 Hoysis,
1398 4431 1445 4471 et
1462 4413 1601 4472 Elite
1635 4419 1830 4479 species
1860 4417 1915 4471 in
1941 4428 2116 4470 trans-

542 4481 860 4549 [ormatione
890 4501 995 4540 non
1022 4488 1129 4543 alia
1181 4481 1338 4558 quam
1374 4506 1493 4560 qua:
1520 4489 1671 4543 initio
1698 4500 1834 4553 erat,
1886 4489 2111 4542 exstitit.

2232 587 2332 654 cit,
2357 587 2474 659 (56)
2500 588 2653 659 cujus
2684 588 2916 659 primum
2938 601 3067 642 caro
3094 591 3365 657 requievit
3387 594 3436 649 in
3466 611 3572 666 spe.
3596 602 3756 661 Cruci.

2226 679 2376 735 ﬁxus
2405 681 2552 735 enim
2580 688 2687 746 est,
2723 679 3119 751 primogenitus
3143 695 3212 736 ex
3247 686 3469 740 mortuis
3495 689 3683 762 factus;
3710 709 3759 754 et

2232 780 2356 843 post
2406 771 2863 827 resurrectionem
2890 782 3202 843 assumptus
3243 774 3298 828 in
3345 778 3558 847 calum,
3600 797 3758 842 secum

2234 872 2507 918 terrenum
2525 879 2722 934 corpus
2741 863 2940 929 evexit,
2958 865 3028 919 ita
3052 876 3108 918 ut
3131 875 3464 923 terrerentur
3476 880 3527 926 et
3541 872 3762 948 obstupe-

2232 965 2451 1027 scerent
2477 957 2710 1012 virtutes
2737 957 2993 1013 cmlestes
3036 960 3287 1016 videntes
3332 976 3539 1019 carnem
3568 966 3761 1037 (57)”.

2231 1047 2547 1102 cendentem
2578 1047 2632 1101 in
2671 1046 2893 1104 caelum.
2924 1046 3002 1105 De
3039 1049 3154 1105 Elia
3190 1051 3340 1107 enim
3383 1053 3632 1123 scriptum
3672 1070 3762 1126 est,

2231 1139 2356 1208 quia
2377 1138 2533 1208 quasi
2562 1139 2618 1194 in
2649 1137 2845 1196 caelum
2864 1152 3171 1212 assumptus
3201 1152 3286 1197 est
3310 1143 3388 1198 "z
3415 1153 3468 1199 et
3494 1145 3557 1201 de
3581 1147 3762 1222 Enoch,

2232 1231 2355 1301 quia
2391 1230 2687 1286 translatus
2720 1244 2806 1287 est
2834 1232 2882 1264 ⁵³
2913 1250 2928 1286 :
2963 1248 3067 1288 non
3107 1244 3287 1290 tamen
3329 1236 3526 1291 dictum
3559 1243 3771 1311 estquia

2232 1320 2477 1381 ascendit
2525 1321 2579 1376 in
2610 1320 2827 1381 cmlum.
2876 1320 3192 1380 Oﬂ'endatur
3221 1325 3312 1395 qui
3360 1325 3472 1381 vult
3500 1340 3562 1382 ex
3603 1341 3763 1393 nostro

2232 1427 2486 1470 sermone
2517 1430 2532 1467 :
2566 1428 2668 1485 ego
2710 1425 2888 1470 autem
2919 1430 3043 1470 cum
3089 1417 3237 1471 omni
3285 1416 3479 1473 ﬁducia
3512 1433 3762 1494 asserere,

2232 1505 2355 1577 quia
2391 1507 2532 1563 sicut
2584 1507 2982 1578 primogenitus
3031 1525 3099 1564 ex
3147 1509 3382 1565 mortuis
3414 1520 3495 1566 est
3525 1512 3764 1587 Christus,

2232 1596 2307 1651 ita
2342 1598 2548 1668 primus
2574 1612 2795 1653 carnem
2830 1600 3011 1655 evexit
3043 1599 3110 1655 ad
3169 1599 3399 1655 cmlum.
3435 1600 3655 1672 Denique
3681 1620 3761 1660 no-

2231 1689 2397 1744 vitate
2429 1689 2544 1760 ipsa
2566 1700 2942 1759 perterrentur
2977 1692 3227 1748 caelestes
3259 1692 3505 1760 virtutes,
3540 1694 3761 1766 (58lquia

2232 1782 2375 1853 quod
2409 1798 2688 1853 nunquam
2732 1794 2860 1840 ante
2890 1785 3161 1849 viderant,
3216 1800 3364 1840 nunc
3398 1784 3633 1842 videbant
3656 1804 3761 1842 car-

2236 1889 2357 1929 nem
2395 1876 2704 1932 ascendisse
2754 1883 2807 1931 in
2859 1878 3058 1932 coelum
3086 1892 3102 1932 :
3135 1886 3193 1933 et
3238 1890 3519 1950 propterea
3566 1882 3762 1940 dicunt:

2235 1963 2367 2033 Quis
2394 1977 2468 2021 est
2488 1968 2584 2022 iste
2613 1969 2703 2038 qui
2722 1970 2864 2023 venit
2893 1985 2957 2024 ex
2981 1969 3176 2037 Edam,
3203 1971 3261 2025 id
3290 1980 3376 2029 est
3404 1987 3435 2026 a
3482 1973 3762 2044 terrigenis!

2234 2056 2415 2113 Rubor
2447 2061 2867 2115 vestimentorum
2921 2066 3037 2132 ejus
3070 2078 3158 2117 ea:
3212 2061 3386 2117 Bosor
3419 2063 3486 2119 “.
3521 2058 3765 2141 .Videba'nl

2233 2151 2375 2206 enim
2412 2154 2465 2207 in
2517 2168 2743 2222 corpore
2791 2154 2909 2223 ejus
2937 2156 3166 2228 vestigia
3202 2155 3483 2213 vulnerum
3507 2172 3570 2214 ex
3604 2158 3766 2228 Bosor,

2234 2243 2287 2298 id
2322 2252 2424 2310 est,
2462 2245 2515 2299 in
2545 2259 2711 2300 carne
2734 2255 3004 2316 suscepta.
3034 2266 3056 2301 ι

2302 2381 2630 2439 PAMPHILUS.
2653 2383 2720 2438 Et
2747 2392 2867 2453 post
2893 2399 3097 2455 pauca:

2302 2497 2590 2553 ORIGENES.
2634 2516 2654 2550 ι
2702 2498 2828 2555 Hrec
2852 2507 3078 2570 propter
3104 2498 3241 2555 illud
3269 2501 3411 2570 quod
3443 2501 3639 2557 dictum
3683 2508 3772 2566 est,

2230 2590 2483 2658 quoniam
2512 2608 2637 2645 caro
2662 2608 2778 2646 mea
2807 2593 3091 2664 requiescet
3118 2594 3173 2647 in
3222 2610 3318 2663 spe
3338 2594 3407 2648 ⁵⁸.
3437 2593 3494 2648 lu
3528 2608 3624 2662 qua
3653 2591 3780 2664 spe?

2231 2680 2347 2735 Non
2378 2683 2550 2738 solum
2575 2685 2704 2754 quia
2743 2697 2808 2739 ex
2847 2685 3076 2740 mortuis
3130 2686 3381 2757 resurgit
3422 2680 3624 2759 (parum
3649 2683 3778 2738 enim

2233 2774 2336 2829 hoc
2364 2775 2493 2844 est),
2534 2775 2628 2830 sed
2663 2776 2719 2830 in
2763 2790 2831 2831 ea
2858 2790 2952 2848 spe
2986 2778 3311 2848 requiescit,
3354 2777 3499 2849 quod
3529 2784 3777 2845 assumpta

2229 2871 2315 2921 est
2339 2865 2393 2920 in
2436 2865 2653 2922 caelum.
2686 2885 2707 2921 ι

2305 2999 2641 3061 Ρηρηιιυε.
2673 3003 2812 3072 Quid
2865 3004 2968 3061 hoc
3020 3006 3339 3065 evidentius
3390 3015 3446 3064 et
3489 3006 3674 3063 clarius
3718 3003 3777 3063 ab

2228 3095 2412 3164 aliquo
2452 3098 2554 3152 dici
2601 3106 2777 3169 potest
2801 3098 2865 3152 de
2879 3100 3284 3154 resurrectione
3303 3099 3505 3165 carnis,
3534 3113 3682 3169 quam
3702 3111 3779 3152 as-

2229 3188 2473 3257 signavit
2500 3205 2608 3245 non
2630 3190 2805 3245 solum
2841 3199 3270 3245 resurrecturam
3292 3206 3323 3245 a
3342 3190 3589 3254 mortuis,
3612 3202 3776 3244 verum

2229 3279 2392 3335 etiam
2435 3281 2488 3335 in
2521 3281 2713 3346 ctelos,
2764 3281 2809 3337 si
2858 3296 2963 3352 qua
3011 3292 3192 3337 tamen
3224 3282 3282 3338 id
3337 3282 3615 3345 meruerit,
3643 3294 3776 3335 assu-

2228 3376 2505 3440 mendam,
2546 3386 2856 3431 secuturam
2903 3374 3113 3432 scilicet
3138 3390 3266 3430 eum
3295 3376 3394 3446 qui
3419 3374 3778 3448 primogenitae

2226 3482 2294 3527 ex
2330 3467 2556 3523 mortuis
2580 3466 2772 3530 factus,
2826 3469 3033 3538 primus
3066 3468 3120 3523 in
3151 3466 3363 3524 caelum
3399 3477 3642 3524 naturam
3666 3480 3777 3521 car-

2226 3561 2310 3616 nis
2339 3560 2586 3615 invexit?
2616 3557 2754 3625 Quid
2797 3568 2974 3613 tamen
3007 3562 3059 3614 in
3107 3568 3308 3617 octavo
3338 3559 3548 3616 decimo
3592 3555 3777 3629 psalmo

2226 3665 2504 3720 exponens
2536 3649 2686 3703 illum
2711 3648 3041 3703 versiculum
3072 3665 3085 3700 :
3120 3647 3188 3703 In
3209 3648 3330 3705 sole
3360 3649 3534 3720 posuit
3559 3648 3781 3702 taberna-

2226 3740 2401 3794 culum
2423 3755 2575 3793 suum
2599 3739 2667 3807 ",
2707 3738 2964 3805 senserit,
2996 3738 3306 3796 audiamus.
3751 3757 3754 3759 λ

2294 3849 2586 3909 ΟιυθΕΝΕθ.
2624 3849 2736 3922 (59)
2772 3868 2790 3903 t
2826 3852 2964 3918 Quid
2993 3860 3074 3907 est
3112 3852 3257 3921 quod
3287 3852 3433 3908 dixit
3456 3869 3470 3905 :
3496 3851 3563 3906 In
3585 3850 3783 3921 solepo-

2224 3944 2331 3998 suit
2371 3942 2770 3999 tabernaculum
2802 3944 3009 3997 suum?
3032 3942 3259 4009 Quidam
3300 3945 3525 4013 quidem
3554 3944 3779 3998 dicebant

2223 4034 2367 4105 quod
2397 4032 2652 4090 Salvator
2682 4041 2869 4089 noster
2896 4034 3197 4090 ascendens
3227 4048 3259 4090 e
3291 4038 3466 4092 terris
3497 4036 3552 4091 in
3576 4033 3774 4097 ctulutn,

2226 4136 2282 4185 et
2316 4139 2517 4194 corpus
2548 4139 2707 4179 suum
2745 4138 3049 4193 assumens,
3080 4125 3328 4193 pervenit
3362 4142 3532 4199 usque
3568 4125 3631 4182 ad
3663 4138 3780 4180 eum

2225 4214 2489 4271 circulqu
2536 4214 2632 4286 qui
2682 4214 2815 4271 solis
2844 4230 2983 4270 zona
3010 4216 3340 4286 nominatur,
3378 4229 3435 4274 et
3478 4219 3574 4286 ibi,
3616 4216 3774 4281 aiunt,

2224 4306 2405 4376 posuit
2434 4290 2841 4361 tabernaculum
2869 4307 3119 4379 corporis
3161 4307 3245 4363 sui
3280 4323 3293 4359 :
3329 4324 3442 4364 non
3478 4311 3616 4364 enim
3650 4306 3777 4362 ultra

2225 4406 2347 4453 erat
2378 4396 2638 4469 possibile
2673 4397 2727 4452 id
2754 4398 3029 4467 progredi.
3061 4396 3169 4454 Sed
3200 4399 3316 4455 haec
3342 4400 3422 4456 illi
3445 4402 3519 4456 ita
3536 4401 3776 4462 sentiunt,

2225 4506 2327 4563 pro
2374 4507 2438 4546 eo
2466 4492 2610 4560 quod
2653 4491 2970 4563 allegoriam
3004 4492 3196 4549 nolunt
3225 4495 3281 4550 in
3306 4494 3586 4566 Scriptura
3616 4494 3779 4551 divina

612 4571 942 4632 Paupmws.
973 4575 1078 4633 Sed
1111 4589 1166 4635 et
1198 4582 1250 4634 in
1278 4582 1468 4651 quinto
1485 4580 1700 4637 decimo
1719 4580 1927 4650 psalmo
1949 4594 2118 4649 expo-
2149 4600 2193 4656 ι)
2226 4584 2472 4654 recipere
2507 4600 2522 4638 :
2562 4591 2617 4638 et
2645 4584 2768 4639 ideo
2796 4600 2945 4653 purae
2989 4584 3232 4642 historiae
3278 4587 3664 4653 deservientes,
3688 4587 3779 4641 hu-

541 4678 677 4720 nens
728 4667 878 4724 illum
932 4672 1259 4730 versiculum
1301 4675 1571 4744 :Insuper
1598 4685 1646 4729 et
1678 4690 1809 4729 caro
1863 4690 1981 4731 mea
2029 4689 2115 4730 re-

541 4758 768 4826 quiescet
793 4762 848 4816 in
880 4779 968 4832 spe
995 4765 1040 4797 ⁸¹
1075 4781 1087 4816 :
1124 4766 1190 4821 de
1214 4782 1380 4823 carne
1411 4767 1626 4822 Domini
1650 4768 1765 4823 haec
1790 4769 1897 4823 ait:

610 4908 654 4940 δι
682 4905 829 4985 Psal.
873 4928 964 4981 xv,
997 4912 1049 4971 9.
1155 4915 1201 4946 ⁸⁸
1235 4912 1302 4968 IV
1339 4912 1472 4985 Reg.
1511 4930 1573 4982 ll,
1606 4913 1693 4968 il.

543 4994 701 5045 xvut,
735 4979 790 5033 6.

614 5122 728 5195 (54)
751 5121 1250 5195 Μεεχβοτιωίοηείξ
1278 5130 1331 5176 et
1355 5120 1557 5195 Regius
1580 5136 1867 5195 perperam
1893 5120 2114 5189 habent,

504 5215 513 5224 -
543 5190 647 5265 non
671 5190 786 5246 erat
819 5194 944 5247 talis
975 5194 1031 5247 in
1056 5190 1546 5265 transformatione,
1581 5190 1757 5265 qualis
1778 5195 1977 5263 fuerat,
2004 5205 2110 5248 etc.

543 5261 648 5317 Sed
675 5266 850 5317 carteri
884 5278 1018 5318 mss.
1045 5273 1099 5317 et
1123 5262 1253 5316 editi
1279 5270 1423 5316 recte
1462 5271 1518 5316 ut
1550 5261 1603 5317 in
1640 5261 1810 5319 textu.

615 5331 726 5401 (55)
749 5334 823 5389 Ex
853 5333 1144 5387 Comment.
1170 5332 1224 5385 in
1264 5333 1451 5402 psalm.
1490 5349 1580 5398 xv,
1606 5335 1659 5387 9.

614 5404 726 5474 (50)
768 5402 931 5475 Editi,
951 5403 1103 5472 cujus
1135 5404 1302 5469 primo
1329 5418 1453 5457 caro
1486 5404 1730 5475 requievit
1764 5406 1819 5459 in
1847 5421 1954 5475 spe.
1979 5402 2117 5458 Cru-

542 5472 734 5540 ci/ixas
757 5474 893 5525 enim
935 5475 1338 5543 primogenitus,
1369 5483 1476 5527 etc.
1521 5472 1626 5528 Sed
1666 5472 2031 5531 omnesmss.
2061 5486 2120 5530 ut

545 5544 607 5613 in
647 5553 835 5595 nostro
861 5553 1054 5613 testu.
1091 5544 1259 5598 Paulo
1286 5552 1407 5613 post
1439 5558 1571 5598 mss.
1611 5544 1941 5600 Sorbonicus
1971 5557 2029 5599 et
2056 5549 2117 5599 S.

543 5611 823 5666 Michaelis
859 5611 913 5666 in
947 5612 1198 5669 Periculo
1227 5611 1399 5669 maris
1423 5653 1439 5679 ,
1470 5624 1651 5680 etpost
1682 5616 2116 5671 resurrectionem

545 5692 847 5751 assumptus
881 5683 938 5736 in
983 5684 1135 5738 caelos
1182 5684 1450 5750 caelorum,
1497 5700 1668 5738 secum
1694 5697 1979 5750 terrenum,
2006 5697 2113 5742 etc.

544 5754 737 5807 Cteteri
773 5767 905 5826 vero
931 5767 1061 5808 mss.
1087 5754 1291 5809 habent
1322 5755 1658 5826 simpliciter,
1687 5756 1743 5810 in
1771 5756 1978 5822 cazlum,
2006 5772 2114 5811 non

544 5825 599 5878 in
630 5825 782 5877 caelos
811 5823 1080 5880 caelorum.

615 5892 729 5967 (57)
764 5894 966 5952 Omnes
993 5907 1124 5955 mss.
1168 5895 1546 5954 ascendentem.
1584 5896 1746 5968 Editi,
1789 5897 2101 5954 ascendisse.

1793 4892 1840 4945 ⁸³
1883 4910 2078 4969 Gencs.
2122 4929 2182 4981 ν,
2213 4912 2307 4968 24.

2221 4676 2456 4762 jusmodi
2484 4675 2695 4733 fabulas
2741 4687 2798 4732 et
2844 4678 3096 4748 ﬁgmenta
3142 4690 3492 4751 componunt.
3524 4681 3629 4736 Nos
3660 4691 3779 4735 vero

2228 4769 2590 4839 deprecamur
2633 4768 3077 4838 omnipotentiam
3132 4771 3249 4835 Dei,
3307 4783 3365 4826 ut
3420 4790 3518 4830 nos
3545 4774 3778 4844 dignetur

2408 4911 2455 4945 ⁸⁸
2504 4911 2606 4967 lsa.
2653 4927 2805 4977 sun,
2839 4912 2888 4965 1.
3011 4913 3056 4945 ⁵⁸
3082 4913 3226 4969 Psal.
3260 4930 3354 4982 xv,
3389 4914 3442 4971 9.
3576 4915 3622 4948 “
3645 4911 3778 4971 Psal.

2228 5124 2369 5201 Infra
2402 5141 2554 5201 mss._
2575 5125 2760 5197 plures
2781 5139 3085 5196 perperam,
3118 5123 3376 5184 Ostendat
3408 5127 3501 5201 lui.
3539 5124 3776 5182 Ostendi-

2219 5194 2329 5266 tur]
2353 5199 2443 5266 qui
2470 5194 2596 5260 vult,
2620 5208 2727 5254 etc.

2746 5267 2869 5337 quia
2900 5269 3168 5336 quondam
3184 5268 3385 5338 aliquid
3397 5268 3498 5324 tale
3522 5279 3772 5330 nunquam

2224 5338 2488 5405 viderant,
2517 5340 2652 5392 sicut
2681 5353 2818 5391 nunc
2845 5340 3056 5406 quando
3091 5339 3328 5393 uidebant
3357 5355 3565 5393 carnem
3605 5350 3769 5406 ascen;

2223 5410 2344 5464 dere
2386 5413 2439 5461 in
2475 5398 2735 5465 caelum...
2771 5398 2902 5472 Quis
2949 5417 3024 5460 est
3078 5410 3171 5462 iste
3198 5411 3289 5476 qui
3326 5412 3456 5464 venit
3487 5410 3549 5461 de
3574 5398 3774 5459 Edom.’

2225 5477 2608 5535 Geuebrardus
2636 5518 2652 5545 ,
2700 5480 2826 5549 quia
2871 5479 3010 5549 quod
3054 5494 3320 5548 nunquam
3369 5479 3766 5549 viderenturne,

2221 5566 2359 5604 nunc
2397 5551 2606 5604 tandem
2635 5546 3114 5603 videbant'carnent
3140 5546 3438 5605 ascendisse
3458 5551 3510 5602 in
3527 5546 3769 5602 caelum...

2222 5618 2352 5685 Quis
2384 5634 2461 5675 est
2503 5623 2600 5674 iste
2639 5620 2729 5690 qui
2753 5618 2887 5672 venit
2930 5619 2995 5671 de
3026 5618 3240 5690 Edam?
3270 5619 3374 5675 Sed
3408 5632 3615 5690 omnes
3643 5628 3764 5690 mss.

2223 5703 2280 5744 ut
2312 5692 2365 5744 in
2401 5703 2588 5754 textu;
2628 5688 2733 5744 nisi
2756 5690 2900 5760 quod
2941 5704 3078 5744 unus
3112 5689 3330 5756 habeat,
3382 5704 3520 5747 nunc
3570 5688 3765 5744 videant

2221 5776 2318 5832 pro
2355 5778 2493 5832 nunc
2516 5761 2780 5832 videbant.

2290 5831 2402 5908 (βυ)
2441 5833 2517 5889 Ex
2549 5829 2841 5888 Comment.
2872 5830 2925 5886 in
2956 5828 3093 5902 psal.
3124 5846 3279 5902 xvut,
3307 5830 3363 5887 6.
