4020 6306
545 337 652 396 605

1737 333 1791 390 S.
1829 332 2152 388 PAMPHILI
2191 327 2542 386 MARTYRlS

3674 337 3737 392 60
3745 338 3768 390 ι

552 455 836 526 temporis,
868 469 967 523 pro
1001 467 1065 507 eo
1099 452 1242 522 quod
1281 451 1323 504 si
1355 451 1515 520 paulo
1553 452 1988 508 vehementiores
2034 469 2130 506 ex-
2159 457 2204 510 Α
2231 451 2451 504 maximi
2497 447 2635 518 signi
2689 445 3011 501 reverentiae
3061 445 3182 518 ejus
3218 461 3282 502 ac
3314 447 3517 503 timoris
3552 449 3599 504 in
3646 445 3769 510 divi-

556 549 822 608 stiterint,
879 546 1134 600 continuo
1186 544 1350 597 etiam
1407 544 1533 597 vitae
1593 543 1822 598 celerem
1878 543 2118 598 inierunt

560 641 743 693 linem.
776 638 1015 706 Denique
1066 635 1243 701 multi,
1279 635 1324 689 si
1354 650 1440 688 res
1472 637 1800 703 poposcerit,
1835 651 1930 704 pro
1960 636 2125 704 picta-

556 733 629 784 tis
657 731 991 785 confessione
1025 730 1076 781 in
1110 728 1240 796 ipsis
1275 729 1555 781 tormentis
1583 726 1812 779 animam
1845 726 1959 794 (66)
2001 726 2123 779 red-

560 823 694 876 dunt
726 839 739 874 :
771 820 859 873 alii
909 833 1039 872 vero
1071 819 1122 872 in
1177 820 1296 886 ipso
1343 817 1454 885 jam
1507 831 1721 870 coronm
1772 817 1917 869 aditu
1967 816 2123 883 positi

559 915 822 982 denegant
846 911 1028 975 ﬁdem,
1062 925 1223 978 quam
1258 925 1429 978 usque
1460 909 1527 963 ad
1558 921 1784 963 mortem
1827 924 2123 978 proposue-

561 1017 680 1062 rant
711 1007 976 1061 contiteri.
1015 1006 1081 1058 Et
1109 1007 1211 1060 hoc
1244 1019 1348 1058 non
1386 1005 1572 1071 utique
1622 1003 1978 1056 diminutione
2009 1017 2129 1070 pro-

559 1100 716 1170 positi
741 1100 1043 1168 patiuutur,
1072 1099 1164 1152 sed
1191 1098 1238 1150 vi
1281 1097 1484 1150 doloris
1521 1096 1686 1150 nimia
1735 1108 1790 1148 et
1828 1093 1939 1164 (67)
1981 1095 2124 1147 into-

560 1189 774 1243 lerabili
807 1189 1069 1257 superati.
1101 1188 1159 1242 Si
1185 1203 1314 1257 ergo
1343 1189 1394 1240 in
1435 1188 1537 1240 hac
1581 1187 1830 1254 praesenti
1860 1185 1966 1238 vita
2015 1194 2122 1238 tam

563 1281 930 1336 intolerabiles
953 1290 1075 1334 sunt
1093 1293 1377 1349 poenarum
1403 1279 1641 1342 dolores,
1677 1277 1804 1346 quid
1826 1276 2122 1346 putandum

562 1382 647 1429 est
680 1384 806 1427 tunc
836 1389 955 1426 cum
992 1388 1096 1425 non
1147 1372 1259 1440 jam
1301 1371 1575 1426 crassiore
1619 1371 1796 1422 anima
1841 1378 2018 1422 utetur
2051 1368 2127 1421 in-

563 1471 864 1534 dumento;
906 1467 1000 1522 sed
1025 1481 1148 1521 cum
1185 1467 1235 1519 id
1287 1465 1531 1534 spiritale
1564 1463 1809 1518 eﬁectum
1837 1477 1902 1516 ex
1946 1477 2125 1515 resur-

565 1561 812 1615 rectione
861 1560 1101 1627 recipiet,
1159 1566 1214 1612 et
1259 1572 1326 1612 eo
1375 1555 1749 1610 vehementius
1777 1554 1981 1621 utique,
2019 1567 2126 1622 quo

568 1649 819 1703 subtilius
846 1656 948 1711 est,
977 1649 1174 1703 sentiet
1210 1647 1316 1700 vim
1348 1645 1589 1700 doloris?
1620 1644 1753 1698 Puto
1807 1644 1950 1698 enim
1983 1643 2126 1711 quod

566 1749 765 1809 quanta
793 1739 1092 1794 (litterentia
1121 1739 1274 1793 estin
1305 1737 1553 1807 praesenti
1576 1735 1768 1790 saeculo
1788 1735 1982 1789 nudum
2007 1749 2127 1787 ver-

2227 543 2309 596 nis
2338 541 2679 608 dogmatibus
2710 554 2832 592 esse
2858 539 3104 602 deberet,
3141 539 3285 606 quod
3310 539 3443 594 tanti
3475 557 3651 598 sensus
3674 548 3766 609 vir,

2225 642 2280 686 et
2315 641 2474 685 tantae
2504 631 2822 701 prudentiae,
2857 644 2976 683 cum
3013 631 3203 698 utique
3238 630 3493 698 magister
3517 645 3650 693 esset
3677 636 3770 691 Ec-

2228 724 2430 788 clesim,
2469 733 2524 777 et
2559 732 2703 776 tanta
2729 723 2797 776 ab
2827 737 2890 775 eo
2918 721 3058 775 dicta
3102 721 3498 786 scriberentur,
3535 723 3638 795 (70)
3677 742 3771 782 non

2228 818 2312 864 est
2360 824 2526 863 ausus
2555 810 2607 863 id
2639 809 2740 863 sibi
2785 809 3128 862 auctoritatis
3160 824 3463 869 assumere.
3493 821 3548 864 ut
3577 817 3772 881 proprie

2230 905 2308 959 De
2333 908 2509 958 anima
2536 903 2734 957 librum
2767 903 2948 956 ederet
2975 902 3262 970 scriptum.
3292 899 3486 954 Procul
3506 904 3657 958 duhio
3674 908 3774 961 haec

2227 994 2536 1049 observatio
2565 992 2686 1059 ejus
2715 992 2846 1045 illud
2879 992 3101 1054 iudicat,
3134 991 3278 1058 quod
3313 991 3447 1045 nihil
3476 993 3695 1048 audebat
3715 995 3774 1052 de

2227 1087 2330 1139 hac
2354 1098 2413 1141 re
2441 1084 2727 1140 manifesto
2763 1085 3013 1152 dogmate
3041 1083 3394 1138 conﬁrmare.

2301 1177 2538 1243 Denique
2571 1175 2622 1228 in
2667 1189 2730 1228 eo
2757 1173 2896 1227 libro
2927 1187 3084 1240 quem
3118 1172 3174 1225 in
3231 1170 3522 1239 Epistolam
3554 1170 3772 1243 Apostoli

2229 1269 2295 1322 ad
2325 1268 2504 1321 Titum
2537 1266 2746 1330 scribit,
2783 1265 3092 1318 haereticum
3122 1263 3462 1330 describens,
3505 1272 3553 1318 et
3592 1265 3772 1319 animae

2228 1363 2429 1416 faciens
2463 1361 2813 1423 mentionem,
2846 1359 2964 1412 haec
2991 1357 3122 1411 dicit
3156 1375 3170 1411 :

2827 1448 3056 1505 CAPUT
3101 1448 3194 1502 ιχ.

2449 1555 2732 1600 ιιιιεροικεειο
2767 1561 2833 1598 ΑΙ)
2855 1557 3102 1597 OCTAVA!
3138 1553 3571 1596 CRIIINATIONII.

2851 1635 2926 1689 De
2960 1637 3160 1687 anima.

2299 1730 2583 1787 Ostanes.
2617 1730 2729 1801 (7t)
2763 1747 2781 1779 ‹
2819 1730 2956 1782 Sunt
2987 1742 3116 1780 vero
3170 1734 3227 1779 et
3278 1723 3382 1777 alia
3419 1723 3641 1792 quaedam
3685 1723 3774 1778 do-

569 1833 750 1886 berari
777 1846 938 1899 quam
973 1830 1260 1894 vestitum,
1305 1801 1381 1882 ad
1422 1827 1859 1898 persentiendum
1913 1825 2124 1880 scilicet
2159 1801 2200 1856 Β
2238 1832 2442 1893 gmata,
2475 1837 2597 1891 quae
2632 1821 2684 1874 in
2712 1818 3026 1889 apostolicis
3054 1816 3438 1871 traditionibus
3468 1831 3566 1869 non
3591 1813 3773 1890 liaben-
3851 1831 3857 1841 '

565 1927 900 1990 cruciatum,
953 1939 1018 1978 eo
1069 1924 1211 1993 quod
1259 1921 1631 1976 vehementius
1689 1921 1889 1974 nudum
1929 1935 2126 1989 corpus

570 2016 816 2070 crucient
855 2017 1083 2068 verbera
1122 2027 1282 2081 quam
1320 2012 1577 2065 veSIitum
1615 2029 1628 2064 :
1665 2019 1862 2063 tantam
1889 2021 2018 2078 puto
2045 2008 2128 2062 fu—

570 2115 746 2160 turam
771 2104 1126 2180 dIiﬂerentiam
1156 2104 1378 2168 doloris,
1429 2119 1552 2158 cum
1579 2117 1778 2170 corpus
1809 2103 2126 2168 humanum,

569 2195 946 2248 crassitudinis
983 2193 1140 2262 hujus
1183 2193 1496 2247 indumento
1556 2192 1821 2260 deposito,
1855 2192 2002 2246 velut
2027 2208 2128 2245 nu-

573 2287 697 2340 dum
731 2286 960 2351 coeperit
986 2285 1258 2339 sustinere
1290 2291 1579 2337 tormenta.
1615 2301 1633 2332 ι

639 2377 973 2432 PAMPHILUS.
1007 2375 1264 2430 Sulﬁccre
1290 2375 1523 2429 arbitror
1543 2374 1705 2427 etiam
1735 2374 1801 2428 ad
1833 2373 1988 2440 hujus
2019 2371 2130 2427 cri-

572 2471 886 2524 minationis
928 2468 1250 2523 calumniam
1296 2466 1744 2536 propulsandam,
1801 2480 1966 2532 pauca
2018 2465 2132 2518 haec

573 2559 642 2612 de
667 2559 783 2628 ejus
816 2556 969 2610 libris
1003 2557 1307 2610 testimonia
1341 2555 1648 2624 protulisse,
1694 2570 1814 2623 quae
1852 2556 2130 2609 innumera

571 2646 799 2716 sparsim
831 2659 931 2714 per
979 2643 1144 2697 libros
1175 2641 1292 2709 ejus
1324 2643 1668 2697 manifestum
1714 2654 1797 2696 est
1841 2641 2130 2696 contineri.

646 2737 797 2792 Nunc
825 2737 889 2790 ad
922 2751 984 2790 ea
1017 2736 1178 2788 etiam
1226 2751 1318 2803 per
1348 2750 1445 2789 nos
1480 2736 1623 2804 ipsos
1667 2735 2130 2804 respondebimus,

577 2841 696 2896 qua:
725 2828 773 2879 ei
807 2827 874 2880 de
914 2828 1094 2880 anima
1136 2827 1422 2896 objiciunt,
1459 2826 1511 2880 id
1552 2828 1804 2895 estquod
1835 2836 1959 2882 ante
2017 2842 2135 2881 cor-

579 2933 679 2986 pus
713 2934 830 2972 eam
879 2917 1074 2971 factam
1113 2918 1260 2972 dicat
1306 2919 1594 2973 exsistere.
1651 2918 1839 2972 Sciens
1909 2935 2138 2988 namque

576 3010 738 3064 etiam
769 3010 907 3063 istud
930 3010 1120 3079 dogma
1155 3009 1221 3063 de
1256 3010 1434 3062 anima
1468 3024 1572 3063 non
1607 3019 1791 3078 aperte
1828 3026 1998 3080 neque
2021 3027 2136 3064 ma-

579 3101 777 3155 nifeste
819 3101 1007 3155 haberi
1057 3102 1110 3154 in
1141 3100 1922 3170 ecclesiasticaprtedicatione,
1965 3103 2138 3158 sicubi

579 3193 919 3246 occasionem
949 3192 1183 3260 aliquam
1216 3191 1297 3246 vel
1329 3193 1697 3261 suspicionem
1732 3195 1910 3264 potius
1948 3195 2132 3265 dispu-

583 3284 729 3337 tandi
767 3283 816 3336 ei
869 3283 1165 3352 Scripturae
1195 3298 1376 3338 sermo
1412 3285 1703 3353 suggessit,
1744 3285 2036 3340 discutiens
2083 3297 2138 3340 et

579 3383 920 3445 pertractans
959 3389 1023 3428 ea
1055 3389 1173 3444 quae
1225 3376 1408 3430 sensui
1452 3376 1569 3446 ejus
1620 3387 1996 3444 occurrerant,
2025 3377 2134 3433 dis-

580 3470 851 3522 cernenda
913 3468 1028 3521 haec
1085 3467 1389 3536 legentibus
1433 3470 1680 3538 exposuit
1725 3478 1780 3523 et
1825 3470 2134 3538 probanda,

583 3574 690 3614 non
723 3558 1010 3614 manifesto
1034 3559 1301 3628 dogmate,
1336 3559 1448 3631 (68)
1473 3561 1556 3614 vel
1587 3559 1986 3628 Scripturarum
2016 3578 2138 3617 sen-

580 3651 804 3704 tentiam
836 3666 992 3705 suam
1029 3651 1355 3706 auctoritate
1399 3652 1682 3716 deliniens,
1736 3651 2053 3722 frequenter
2085 3665 2139 3708 et

585 3742 712 3796 illud
741 3743 943 3797 addens
975 3763 986 3796 :
1044 3762 1063 3794 ‹
1110 3743 1166 3797 Si
1203 3754 1380 3798 tamen
1407 3743 1606 3798 habere
1637 3745 1850 3800 videtur
1882 3755 1974 3799 aut
2011 3761 2137 3814 pro-

583 3833 738 3886 batur
765 3833 966 3902 aliquid
989 3835 1390 3902 consequentia:
1416 3849 1591 3889 sermo
1620 3836 1664 3889 is
1686 3851 1845 3903 quem
1870 3837 1934 3891 de
1959 3839 2138 3893 anima

582 3926 958 3978 tractavimus.
997 3943 1014 3974 ι
1063 3924 1303 3992 Denique
1353 3925 1403 3977 in
1446 3935 1552 3979 tam
1608 3927 1790 3981 multis
1818 3937 1868 3981 et
1899 3937 2004 3982 tam
2053 3930 2137 3984 di-

582 4015 756 4068 versis
800 4015 917 4084 ejus
963 4015 1115 4068 libris
1164 4030 1428 4082 nusquam
1481 4017 1700 4070 omnino
1749 4019 2020 4074 invenitur
2072 4021 2140 4076 ab

583 4117 652 4156 eo
686 4103 821 4156 liber
865 4104 1083 4172 prOprie
1140 4103 1212 4156 De
1244 4105 1422 4156 anima
1455 4107 1819 4174 conscriptus,
1866 4111 2004 4164 sicut
2039 4112 2138 4165 ha-

581 4191 674 4247 bet
703 4192 782 4246 vel
810 4193 885 4246 De
917 4195 1188 4263 martyrio,
1229 4195 1313 4247 vel
1354 4194 1429 4246 De
1453 4197 1703 4262 oratione,
1739 4199 1824 4250 vel
1868 4199 1943 4254 De
1968 4217 2141 4255 resur-

582 4285 832 4341 rectione.
863 4284 1133 4354 Nusquam
1160 4301 1380 4354 prorsus
1409 4286 1602 4340 librttm
1629 4292 1844 4358 proprie
1873 4293 1938 4346 de
1956 4295 2134 4348 anima

583 4379 840 4447 scriptum
884 4376 1094 4444 edidit;
1145 4379 1239 4432 sed
1275 4380 1325 4432 in
1383 4380 1609 4435 diversis
1660 4381 1814 4449 locis,
1869 4385 2009 4440 sicut
2044 4402 2137 4440 su-

583 4468 765 4537 perius
798 4468 1051 4530 diximus,
1087 4470 1423 4524 incurrentes
1451 4471 1551 4525 sibi
1589 4473 1868 4541 opiniones
1902 4491 1964 4530 ex
2001 4477 2140 4533 Scri-

2235 1922 2344 1978 tur,
2388 1914 2454 1966 de
2508 1914 2709 1981 quibus
2755 1912 3001 1980 requires
3053 1909 3098 1963 si
3158 1915 3380 1978 Oportet
3422 1921 3512 1960 eos
3554 1907 3636 1975 qui
3673 1905 3776 1975 (Ἶτξ)

2233 2007 2510 2075 quodlibet
2541 2005 2606 2060 de
2640 2005 2725 2059 his
2765 2004 3008 2059 sentiunt
3043 2001 3123 2056 vel
3175 2008 3534 2071 pertractant,
3583 2000 3775 2054 haereti-

2232 2111 2327 2152 cos
2395 2097 2696 2167 putandos,
2741 2105 2952 2166 utputa,
3022 2094 3179 2149 verbi
3233 2108 3398 2147 causa
3452 2092 3696 2155 dixerim,
3737 2092 3777 2146 si

2235 2189 2358 2259 quis
2389 2189 2653 2243 rationem
2700 2187 2950 2241 bumanze
3004 2185 3206 2238 animae
3258 2183 3531 2252 inquirat,
3577 2198 3685 2236 cum
3723 2185 3778 2238 de

2233 2296 2295 2335 ea
2329 2295 2507 2349 neque
2549 2280 2692 2350 quod
2723 2294 2787 2333 ex
2819 2277 3043 2333 seminis
3068 2276 3299 2331 traduce
3345 2275 3587 2336 ducatur,
3622 2290 3778 2343 neque

2237 2373 2378 2441 quod
2413 2371 2783 2426 honorabilior
2815 2379 2870 2425 et
2897 2369 3180 2438 antiquior
3215 2381 3506 2437 corporum
3548 2380 3778 2436 compage

2240 2467 2342 2530 sit,
2380 2464 2659 2519 tradiderit
2709 2463 3086 2517 Ecclesiastica
3145 2464 3353 2533 regula.
3405 2460 3624 2526 Propter
3658 2460 3786 2527 quod

2241 2558 2394 2612 multi
2428 2572 2530 2612 nec
2575 2556 3033 2626 comprehendere
3079 2562 3386 2625 potuerunt
3428 2551 3647 2621 qualiter
3675 2565 3783 2604 sen-

2244 2649 2330 2703 tiri
2361 2655 2638 2718 oporteret
2677 2647 2741 2701 de
2785 2647 2978 2700 animae
3029 2647 3296 2701 ratione:
3346 2645 3441 2701 sed
3486 2654 3540 2699 et
3583 2644 3665 2713 qui
3698 2641 3782 2695 ali-

2241 2742 2366 2810 quid
2404 2742 2612 2795 sentire
2640 2739 2727 2794 vel
2755 2740 3022 2794 disserere
3055 2739 3165 2810 ('75)
3192 2739 3300 2794 visi
3333 2748 3478 2804 sunt,
3515 2753 3542 2790 a
3581 2733 3782 2790 nonnul-

2240 2833 2308 2886 lis
2355 2833 2409 2886 in
2457 2832 2762 2902 StISpicione
2807 2830 3072 2886 habentur
3117 2831 3273 2885 velut
3321 2831 3443 2885 novi
3488 2827 3673 2897 aliquid
3703 2826 3778 2880 in-

2247 2922 2615 2983 troduccntes,
2657 2942 2677 2975 ι

2311 3011 2636 3067 Psupntws.
2675 3011 2884 3066 Deinde
2906 3021 3026 3080 post
3059 3026 3230 3082 pauca
3269 3012 3347 3066 ait
3374 3029 3387 3065 :

2314 3101 2600 3158 ORIGENES.
2635 3123 2652 3154 ι
2694 3102 2798 3157 Sed
2833 3112 2888 3157 et
2923 3114 2975 3156 tu
2997 3104 3108 3173 ipse
3154 3104 3297 3172 apud
3329 3101 3655 3170 temetipsum
3682 3099 3776 3152 dis-

2243 3196 2456 3249 cutiens
2527 3194 2811 3249 considera
2877 3194 2923 3248 si
2973 3203 3185 3264 Oportet
3249 3209 3378 3249 eum
3428 3193 3518 3263 qui
3569 3190 3780 3261 quolibet

2244 3286 2403 3341 modo
2434 3287 2499 3340 de
2523 3286 2608 3341 his
2640 3287 2899 3356 opinatur
2925 3286 3012 3340 vel
3047 3285 3394 3350 haereticum,
3434 3285 3517 3339 vel
3548 3283 3778 3338 ecclesia-

2244 3375 2438 3429 Sticum
2473 3384 2674 3430 temere
2701 3375 2939 3440 deliniri,
2971 3387 3063 3431 aut
3093 3377 3140 3430 si
3185 3391 3294 3432 non
3329 3385 3413 3432 est
3443 3372 3776 3445 periculosum

2245 3457 2308 3520 de
2337 3482 2404 3521 eo
2438 3468 2810 3535 pronuntiare,
2853 3469 3108 3536 quoniam
3148 3478 3204 3522 et
3251 3469 3372 3539 ipse
3419 3481 3676 3538 perversus
3718 3463 3776 3516 sit

2244 3569 2296 3614 et
2319 3571 2528 3630 peccet,
2554 3568 2608 3614 et
2633 3561 2703 3614 sit
2733 3576 2764 3613 a
2792 3562 3062 3630 semetipso
3100 3561 3389 3616 damnatus
3415 3562 3490 3613 δεῖ
3525 3558 3628 3628 (74)
3652 3555 3778 3624 quod

2245 3653 2310 3707 de
2341 3651 2606 3706 haereticis
2638 3650 2855 3715 dicitur,
2880 3652 2924 3705 si
2953 3652 3074 3719 quis
3109 3651 3249 3706 forte
3275 3667 3348 3706 ex
3389 3651 3475 3705 his
3504 3661 3618 3716 qua:
3641 3656 3779 3711 supra

2245 3743 2499 3808 diximus,
2529 3743 2824 3812 quamlibet
2845 3743 3156 3812 opinionem
3180 3745 3306 3798 licet
3335 3757 3529 3796 novam
3547 3749 3593 3792 et
3616 3746 3779 3805 quam-

2247 3837 2490 3906 plurimis
2530 3837 2892 3906 peregrinam,
2939 3835 3188 3889 videatur
3233 3836 3511 3889 inducere.
3541 3849 3557 3881 ι

2321 3927 2647 3982 PAMPHILUS.
2680 3926 2805 3981 Hace
2835 3927 3055 3995 quidem
3092 3928 3205 3994 ipse
3252 3925 3308 3979 in
3360 3941 3424 3980 eo
3463 3924 3591 3976 libro
3635 3929 3775 3986 quem

2253 4034 2417 4086 supra
2473 4018 2708 4072 diximus
2741 4017 2952 4072 scribit.
3012 4015 3121 4072 Nos
3171 4031 3298 4070 vero
3351 4017 3437 4071 his
3473 4011 3778 4080 adiungimus

2249 4111 2409 4163 etiam
2461 4109 2560 4163 ista
2604 4124 2724 4178 quae
2778 4109 2931 4164 nobis
2969 4110 3080 4177 ipsa
3116 4110 3340 4176 aequitas
3390 4109 3592 4162 videtur
3629 4115 3776 4170 expo-

2253 4217 2425 4256 scere.
2459 4202 2515 4256 Si
2559 4200 2841 4255 manifeste
2880 4199 3124 4254 Ecclesia
3172 4201 3412 4255 traderet
3445 4199 3524 4254 vel
3547 4194 3777 4267 praedica-

2252 4305 2330 4349 ret
2364 4294 2631 4349 contraria
2663 4294 2747 4347 his
2771 4308 2889 4362 quae
2922 4292 3012 4347 ille
3057 4294 3250 4356 sensit,
3291 4292 3413 4347 sine
3460 4291 3611 4346 dubio
3653 4284 3775 4339 velut

2246 4388 2549 4442 contrarius
2621 4393 2675 4440 et
2705 4387 2966 4440 resistens
3009 4385 3230 4440 statutis
3273 4381 3649 4440 ecclesiasticis
3677 4390 3774 4430 me-

2248 4483 2350 4535 rito
2381 4480 2706 4548 culparetur.
2748 4477 2901 4532 Nunc
2935 4493 3064 4533 vero
3091 4493 3211 4532 cum
3243 4477 3527 4533 diversitas
3557 4473 3621 4527 sit
3648 4465 3772 4538 apud

582 4569 755 4629 pturae
806 4560 917 4630 (69)
957 4561 1331 4616 occasionibus
1377 4560 1719 4620 disserebat:
1770 4567 1912 4634 quod
1959 4570 2135 4638 potius
2171 4539 2215 4592 Β
2245 4587 2431 4626 omnes
2463 4571 2886 4635 ecclesiasticos,
2917 4582 2970 4625 et
2998 4571 3090 4625 alii
3115 4571 3218 4625 alia
3250 4571 3316 4626 de
3344 4571 3519 4626 anima
3547 4562 3774 4622 sentiant,

654 4657 699 4689 ⁸⁸
741 4656 846 4709 Tit.
890 4670 976 4719 ιιι,
1014 4655 1100 4708 ll.

657 4753 768 4823 (66)
803 4752 938 4804 Editi
961 4792 974 4816 ,
1012 4753 1470 4816 reddunt;omnes
1505 4770 1630 4809 mss.
1662 4757 1868 4823 nostri,
1898 4761 2138 4814 reddide-

585 4835 726 4877 runt.
759 4823 879 4877 Mox
909 4839 1031 4876 mss.
1058 4823 1231 4890 plures
1251 4839 1526 4892 perperam
1544 4864 1558 4888 ,
1586 4827 1640 4879 in
1671 4828 1779 4892 ipso
1795 4830 1910 4890 jam
1935 4847 2140 4884 corona:

583 4897 732 4947 aditu
756 4893 1008 4959 propositi
1039 4895 1290 4960 denegant
1320 4894 1474 4958 fidem
1503 4913 1521 4949 :
1556 4895 1651 4948 sed
1681 4907 1826 4951 recte
1867 4901 2046 4954 caeteri
2087 4911 2142 4954 et

586 4965 713 5018 editi
747 4964 944 5016 habent
982 4963 1156 5026 positi,
1187 4978 1283 5029 pro
1316 4965 1583 5027 propositi.

657 5034 769 5103 (67)
806 5032 967 5103 Editi,
992 5031 1329 5103 insuperabili
1356 5036 1604 5098 superati.
1631 5034 1748 5088 Mox
1777 5034 2051 5101 Met'linus,
2081 5039 2143 5093 Si

585 5101 800 5178 erga...
837 5101 1189 5178 intolerabiles
1241 5110 1359 5153 sunt
1417 5117 1684 5178 pomorum
1739 5105 1966 5171 dolores,
2021 5110 2142 5178 quid

588 5173 878 5238 putandum
910 5181 981 5222 est
1016 5187 1129 5222 cum
1153 5171 1266 5238 jam
1291 5172 1535 5223 crassiori
1561 5175 1736 5226 anima
1779 5179 1942 5228 utitur
1986 5171 2144 5231 indu-

592 5252 784 5303 mento,
814 5243 900 5293 sed
929 5250 1036 5293 tum
1068 5241 1122 5291 id
1152 5240 1520 5306 spirituale....
1545 5259 1644 5309 quo
1691 5245 1936 5299 subtilius
1961 5249 2143 5300 sentiet

594 5310 694 5362 vim
726 5309 941 5364 doloris.
991 5309 1392 5370 Geuehrardus,
1437 5309 1493 5364 Si
1542 5328 1752 5378 ergo....
1793 5315 2143 5369 intolerabiles

591 5385 711 5448 sunt
751 5393 1018 5443 pontorum
1057 5379 1295 5441 dolores,
1338 5396 1455 5430 cum
1497 5382 1612 5448 jam
1667 5386 1914 5438 crassiori
1969 5387 2146 5439 anima

502 5447 510 5456 '
596 5447 764 5523 utitur
793 5449 1115 5523 indumento,
1158 5450 1281 5517 quid
1312 5447 1601 5523 putandum
1629 5462 1717 5523 est
1761 5471 1875 5506 cum
1909 5455 1960 5506 id
1999 5457 2148 5523 spiri-

595 5516 792 5569 tale....
813 5533 912 5584 quo
939 5519 1179 5571 subtilius
1209 5520 1394 5570 sentiet
1423 5521 1520 5572 vim
1551 5521 1766 5574 doloris.
1795 5523 1901 5576 Sed
1937 5516 2063 5577 mss.
2092 5534 2150 5577 ut

598 5588 650 5637 iu
685 5593 858 5705 textlu,
892 5587 992 5642 nisi
1027 5589 1166 5657 quod
1197 5591 1437 5658 plerique
1469 5590 1653 5643 itidem
1695 5593 1928 5646 habeant
1982 5595 2149 5647 utitur

599 5671 694 5705 nro
716 5667 794 5705 itte
821 5671 899 5705 ur.

637 5671 694 5706 ΓΟ
716 5671 848 5707 metu
858 5671 899 5706 r.

598 5671 694 5723 pro
716 5671 848 5707 metu
858 5671 899 5706 r.

672 5725 783 5794 (68)
819 5725 944 5778 Mss.
977 5725 1246 5805 plerique,
1273 5736 1330 5805 et
1370 5726 1913 5805 Genebrardieditio,
1953 5731 2028 5783 vel
2061 5734 2145 5783 ab-

599 5806 765 5865 rupta:
790 5797 1054 5852 sententiw
1087 5800 1392 5852 auctoritate
1412 5797 1680 5866 deﬁniens.
1711 5800 1962 5858 Mcrlinus
1989 5817 2136 5868 vero,

2243 4773 2291 4817 et
2358 4763 2577 4827 abrupta
2628 4761 2937 4813 auctoritate
2983 4757 3255 4826 deﬁniens.
3295 4758 3423 4812 Mss.
3474 4749 3772 4827 Sorbonnictts

2245 4843 2298 4886 et
2327 4834 2385 4886 S.
2418 4819 2691 4885 Michaelis
2722 4832 2772 4883 iu
2799 4819 3244 4891 Periculo'maris,
3275 4829 3351 4882 vel
3388 4827 3481 4900 [aL
3507 4822 3610 4900 sed]
3647 4819 3770 4900 Sari:

2246 4912 2521 4972 pturarum
2550 4901 2855 4953 sententiam
2897 4913 3045 4952 suam
3083 4894 3696 4967 auctoritate'deﬁniens:
3725 4894 3770 4938 et

2249 4976 2321 5028 ita
2360 4973 2641 5038 legendum
2681 4971 2906 5022 videtur.

2322 5031 2439 5112 (69),
2465 5042 2662 5097 Omnes
2695 5054 2824 5093 mss.
2854 5039 3061 5104 nostri,
3091 5037 3470 5093 occasionibus.
3515 5031 3665 5093 Editi,
3691 5040 3768 5079 oc-

2253 5129 2479 5167 caswne.

2323 5162 2622 5253 ξξογεάίιί,
2655 5195 2758 5253 non
2784 5196 2942 5253 ausus
2975 5179 3220 5253 stuttss.
3250 5190 3323 5253 ut_
3351 5179 3402 5253 in
3436 5185 3597 5253 textu.
3625 5162 3768 5224 Paulo

2252 5248 2371 5321 post
2403 5248 2529 5305 editi
2565 5250 2817 5321 omittunt
2847 5248 3242 5321 Apostolirposl
3279 5249 3578 5321 Egistolam.

2321 5323 2431 5389 (71)
2466 5321 2542 5373 Ex
2583 5317 2868 5373 Comment.
2912 5319 2964 5370 in
3008 5317 3174 5386 Epist.
3207 5322 3274 5372 ad
3311 5319 3502 5372 Titum.

2324 5385 2434 5461 (72)
2475 5391 2568 5444 Sic
2602 5403 2730 5461 mss.
2766 5389 2907 5442 Editi
2938 5385 3087 5454 vero,
3125 5390 3590 5457 quomodolibet....
3617 5392 3674 5432 ex
3691 5385 3761 5428 σε·

2252 5463 2387 5513 mine
2419 5460 2671 5512 traducis.

2327 5531 2439 5601 (75)
2474 5529 2616 5601 Editi
2638 5568 2652 5592 ,
2677 5529 2776 5601 nisi
2805 5537 2960 5601 sunt;
2991 5543 3116 5584 mss.
3150 5531 3340 5594 nostri,
3378 5530 3470 5584 visi
3495 5530 3625 5601 sunt.

2329 5593 2441 5671 (74)
2473 5598 2548 5653 lta
2579 5614 2708 5653 mss.
2744 5600 2882 5671 Editi
2917 5609 3095 5655 autem
3129 5593 3434 5667 perperam,
3467 5593 3593 5671 quod
3617 5593 3762 5671 ιιωῖξ.

2259 5664 2391 5724 ticus
2425 5664 2621 5723 dicitur
2799 5670 2929 5725 licet.
2954 5664 3322 5737 nonnunquam
3363 5664 3590 5741 plurimis
3633 5664 3764 5728 ικτεο

2251 5744 2474 5810 grinam,
2504 5749 2608 5797 etc.
