4020 6306
269 368 364 427 605

1450 372 1793 430 APULOGIA
1831 372 1966 431 PRO
2006 374 2325 431 ORIGENE.

3405 378 3509 435 606

268 496 315 542 et
340 503 535 546 omnes
567 490 802 559 diversa,
830 496 1102 564 quomodo
1132 495 1220 550 hic
1253 494 1426 565 magis
1451 510 1614 564 quam
1647 496 1827 549 caeleri
1860 501 1903 557 A
1933 508 2163 570 peccat;
2211 500 2434 569 insuper
2474 498 2641 553 etiam
2691 500 2834 569 quod
2875 506 2931 555 et
2977 498 3158 568 ptenis
3183 498 3193 507 ’
3216 497 3494 556 subdcnda

269 582 593 639 incusandus
634 596 740 652 est,
786 589 1019 643 maxime
1065 604 1188 643 cum
1243 605 1303 644 ea
1359 606 1481 660 qua:
1534 605 1564 643 a
1610 588 1831 658 reliquis

270 673 625 740 aﬁirmanlur,
660 677 771 747 (75)
801 679 971 732 multo
1002 680 1173 747 magis
1215 692 1269 735 et
1316 683 1552 737 absurda
1605 684 1830 738 videan-

267 777 366 831 tur,
403 778 458 821 et
487 769 591 822 sibi
639 770 753 838 ipsa
785 772 1105 827 contraria?
1137 772 1366 839 Quidam
1413 776 1556 830 enim
1599 777 1828 845 opinan-

266 871 345 911 tur
374 860 693 928 prmparatis
733 860 843 928 jam
885 862 939 917 in
982 874 1176 920 ventre
1222 865 1507 920 mulierum
1558 866 1829 924 deforma-

264 952 436 1021 tisque
487 952 830 1021 corporibus,
862 964 990 1011 tunc
1018 958 1085 1011 ad
1126 972 1363 1025 prmsens
1390 960 1567 1014 creari
1595 962 1827 1027 animas,

263 1052 314 1096 et
345 1044 510 1097 inseri
540 1044 978 1113 deformatojam
1009 1048 1248 1117 corpori.
1284 1048 1409 1104 Haec
1436 1066 1566 1105 vero
1590 1054 1831 1107 sentien-

264 1144 362 1201 tes,
413 1147 610 1204 praeter
658 1139 762 1193 hoc
812 1141 957 1208 quod
1008 1140 1325 1196 manifestas
1364 1144 1708 1211 probationes
1762 1161 1825 1201 ex

262 1230 469 1281 sanctis
515 1227 815 1297 Scripturis
859 1233 1118 1289 adbibere
1170 1249 1278 1288 non
1332 1245 1578 1303 possunt,
1612 1237 1829 1308 insuper

260 1320 423 1373 etiam
473 1320 794 1390 injustitiam
846 1326 1249 1394 quodammodo
1302 1328 1608 1383 Conditoris
1663 1346 1826 1387 accu-

260 1423 404 1478 sant,
431 1414 572 1482 quod
601 1431 707 1470 non
748 1417 1030 1486 aequaliter
1072 1418 1187 1491 (76)
1238 1433 1430 1475 omnes
1478 1430 1737 1487 utantur,
1776 1424 1829 1478 id

260 1515 377 1570 est,
420 1522 601 1575 aequas
642 1509 764 1563 vitae
812 1512 1249 1568 conversatioues
1294 1513 1497 1568 tribuat
1554 1517 1827 1570 omnibus.

262 1598 457 1653 Statim
488 1600 631 1655 enim
661 1611 721 1654 ut
747 1612 932 1657 creata
976 1602 1138 1659 fuerit
1162 1606 1363 1672 anima,
1393 1622 1518 1663 cum
1561 1607 1695 1662 nihil
1724 1610 1829 1662 uti-

259 1707 363 1760 que
403 1692 579 1748 adhuc
610 1694 661 1747 in
691 1709 749 1748 se
777 1694 947 1764 culpa:
980 1698 1333 1765 commiserit,
1369 1700 1630 1755 inseritur
1657 1701 1826 1755 inter-

260 1783 406 1849 dum,
441 1785 486 1838 si
515 1786 586 1839 ita
629 1786 891 1841 acciderit
927 1803 1071 1842 caeco
1096 1792 1329 1859 corpori,
1357 1792 1439 1846 vel
1464 1792 1599 1846 alias
1626 1792 1820 1847 debili:

261 1873 378 1930 alue
418 1890 549 1932 vero
586 1877 732 1933 sanis
758 1880 1079 1948 corporibus
1124 1893 1177 1935 et
1227 1883 1597 1939 ﬁrmioribus:
1630 1896 1683 1939 et
1710 1885 1828 1939 aliis

261 1966 480 2036 quidem
529 1968 755 2023 multum
791 1970 915 2024 vita:
959 1981 1172 2041 tempus
1222 1974 1494 2041 tribuitur,
1534 1976 1655 2031 aliis
1697 1993 1827 2032 vero

257 2059 643 2115 brevissimum
675 2075 689 2112 :
739 2061 812 2116 ita
847 2072 904 2116 ut
952 2063 1222 2118 interdum
1252 2065 1411 2119 simul
1440 2078 1496 2120 ut
1530 2080 1669 2122 natae
1710 2069 1827 2124 fue-

257 2148 390 2214 rint,
443 2151 800 2206 exturbentur
844 2167 875 2207 e
920 2169 1188 2223 corpore:
1231 2163 1284 2210 et
1331 2158 1450 2212 aliae
1494 2160 1711 2229 quidem
1762 2163 1827 2217 ad

255 2239 732 2298 conversationem
779 2258 1046 2315 agrestem
1094 2250 1383 2316 quamdam
1429 2261 1485 2305 et
1521 2252 1826 2318 barbaram,

256 2333 374 2404 (77)
402 2344 457 2389 et
489 2336 577 2390 ubi
621 2353 686 2392 ex
727 2337 871 2392 nulla
918 2339 1053 2393 nihil
1084 2341 1305 2395 humani
1339 2353 1431 2396 aut
1473 2344 1683 2400 honesti
1724 2356 1825 2410 est,

254 2431 315 2475 et
345 2439 510 2493 super
554 2427 731 2480 omnia
779 2428 868 2483 ubi
902 2438 1141 2497 paternae
1182 2433 1588 2501 superstitionis
1632 2435 1828 2503 impie-

256 2525 340 2568 tas
373 2515 601 2581 obtinet,
648 2518 999 2588 diriguntur:
1044 2521 1164 2577 aliae
1211 2540 1338 2578 vero
1387 2525 1453 2579 ad
1484 2526 1631 2580 viros
1660 2526 1829 2581 hone-

256 2612 393 2669 stos,
424 2605 655 2669 sobrios,
690 2607 982 2675 humanos,
1035 2612 1124 2666 ubi
1173 2622 1227 2667 et
1259 2614 1617 2668 humanarum
1648 2616 1827 2686 legum

260 2696 566 2752 observatio
595 2699 777 2768 viget:
824 2701 1097 2761 interdum
1145 2706 1308 2760 etiam
1340 2708 1406 2761 ad
1454 2719 1711 2778 parentes
1742 2724 1827 2763 re-

257 2786 499 2859 ligiosos,
529 2789 615 2845 ubi
645 2791 896 2848 educatio
946 2794 1140 2850 nobilis
1171 2809 1224 2851 et
1250 2798 1498 2866 honesta,
1529 2801 1617 2855 ubi
1666 2802 1826 2854 etiam

256 2881 493 2935 eruditio
523 2884 889 2951 rationabilis,
921 2890 1383 2947 transmittuntur.
1409 2891 1688 2958 Quomodo
1715 2895 1825 2967 (78)

256 2972 424 3042 igitur
467 2985 768 3031 assertores
809 2991 1000 3031 eorum
1048 2979 1102 3033 in
1136 2980 1331 3036 talibus
1366 2983 1604 3038 divinam
1635 2983 1828 3041 Provi-

254 3066 498 3121 dentiam
533 3078 679 3123 recte
705 3069 887 3123 omnia
918 3070 1339 3139 diSpensantem,
1385 3084 1439 3129 et
1479 3091 1633 3145 aequa
1678 3076 1829 3133 lance

252 3160 652 3229 moderantem,
702 3174 958 3233 tanquam
1002 3164 1129 3220 boni
1176 3175 1231 3221 et
1256 3168 1385 3236 justi
1432 3168 1527 3222 Dei
1576 3179 1829 3239 poterunt

254 3253 579 3324 assignare?
620 3252 737 3315 lam
777 3271 906 3311 vero
956 3257 1033 3311 illi
1082 3259 1175 3327 qui
1224 3274 1290 3313 ex
1345 3260 1569 3316 traduce
1617 3263 1829 3319 animas

253 3347 451 3401 venire
500 3346 797 3413 alﬁrmant,
847 3358 902 3403 et
948 3350 1108 3404 simul
1153 3365 1273 3405 cum
1314 3354 1578 3422 corporali
1620 3370 1713 3410 eas
1748 3370 1833 3411 se-

256 3440 409 3494 mine
438 3442 692 3495 seminari
724 3460 737 3495 :
778 3442 1043 3510 siquidem
1080 3442 1162 3513 (ut
1197 3444 1417 3513 quidam
1464 3447 1702 3516 ipsorum
1750 3447 1831 3502 af-

251 3531 481 3587 ﬁrmare
512 3533 709 3604 solent)
738 3532 850 3603 (79)
886 3550 991 3590 non
1037 3534 1182 3590 aliud
1214 3536 1405 3591 dicunt
1448 3540 1684 3592 animam
1713 3554 1832 3594 esse

254 3641 424 3695 quam
478 3626 895 3681 insutllationem
950 3627 1186 3697 Spiritus
1237 3629 1375 3696 Dei,
1431 3631 1575 3684 illam
1625 3632 1833 3688 scilicet

254 3733 424 3788 quam
455 3719 611 3773 initio
655 3720 881 3773 factum
915 3720 1098 3774 mundi
1129 3719 1276 3775 Deus
1304 3721 1503 3776 dicitur
1530 3721 1833 3779 insuﬂlasse

253 3811 316 3865 iu
343 3808 513 3862 Adam
549 3808 615 3875 ⁸⁸,
648 3808 764 3878 (80)
802 3809 868 3863 de
915 3808 1029 3877 ipsa
1074 3808 1167 3861 Dei
1214 3823 1331 3863 esse
1371 3822 1488 3862 eam
1528 3808 1829 3863 substantia

256 3901 612 3971 proﬁtentes:
658 3899 929 3968 quomodo
969 3913 1075 3953 non
1112 3907 1168 3952 et
1207 3898 1294 3952 isti
1325 3898 1650 3952 videbuntur
1690 3913 1826 3968 quo-

256 3994 546 4048 dammodo
596 3993 709 4047 haec
754 4000 947 4061 praeter
990 3989 1287 4059 Scriptura:
1340 3990 1609 4060 regulam,
1650 3999 1704 4045 et
1749 4006 1831 4047 ra-

255 4086 464 4139 tionem
504 4085 725 4153 pietatis
770 4098 1037 4148 asserere,
1080 4083 1226 4152 quod
1269 4083 1567 4137 substantia
1606 4082 1699 4136 Dei
1746 4092 1831 4138 est

254 4194 377 4248 quae
418 4186 629 4247 peccat,
673 4178 719 4232 si
757 4176 937 4231 anima
980 4190 1100 4245 quae
1136 4175 1203 4231 de
1244 4173 1547 4230 substantia
1592 4173 1687 4229 Dei
1721 4182 1826 4242 est,

335 4317 381 4348 ⁸⁸
418 4316 553 4371 Gen.
584 4332 647 4382 ll,
671 4317 721 4371 7.

330 4460 441 4531 (75)
479 4460 639 4525 Editi,
682 4459 1056 4531 multomagis
1098 4461 1205 4531 sint
1243 4468 1291 4512 et
1333 4459 1598 4531 absurda,
1624 4468 1693 4531 (et
1732 4459 1830 4512 sibi

254 4532 386 4591 ipsis
424 4529 716 4584 contraria.
759 4529 862 4581 Sed
909 4545 1039 4583 mss.
1086 4540 1145 4581 ut
1188 4530 1242 4582 in
1292 4538 1483 4595 textu;
1531 4530 1634 4583 nisi
1685 4531 1826 4598 quod

256 4600 594 4655 Sorbonicus
628 4609 702 4656 et
744 4599 944 4669 Regius
995 4599 1225 4654 habeant
1251 4599 1375 4667 ,let
1432 4600 1531 4653 sibi
1570 4601 1670 4669 ipsi
1704 4617 1828 4654 con-

251 4673 448 4725 traria.

330 4741 445 4810 (76)
496 4742 685 4796 Omnes
735 4749 972 4794 utantur.
1032 4739 1158 4797 Ηωε
1222 4740 1328 4794 duo
1365 4741 1526 4795 verba
1565 4743 1828 4796 omittun-

256 4822 349 4865 tur
384 4813 435 4866 in
480 4813 667 4874 editis,
715 4821 769 4866 et
812 4811 1175 4865 restituuntur
1214 4812 1266 4864 in
1309 4827 1463 4876 mss.,
1502 4814 1590 4879 qui
1626 4828 1688 4867 ea
1716 4814 1830 4867 col-

255 4883 443 4938 locant
473 4892 590 4952 post
622 4883 817 4935 tribuat
855 4882 1092 4934 omnibus
1107 4899 1128 4947 ;
1171 4883 1263 4936 sed
1301 4882 1612 4936 collocanda
1649 4885 1830 4937 viden-

256 4965 349 5006 tur
379 4964 509 5007 ante
536 4955 590 5006 id
616 4964 713 5006 est.
749 4952 885 5005 Infra
917 4967 1045 5005 mss.
1080 4954 1295 5019 quidam
1328 4953 1589 5006 mendose
1615 4953 1819 5017 ferunt,

254 5024 338 5077 vel
368 5024 487 5076 alite
521 5024 699 5078 debili.
739 5022 858 5075 Mox
889 5024 1126 5087 pessime
1164 5022 1325 5086 editi,
1368 5024 1490 5077 alia:
1522 5040 1609 5076 ver
1638 5064 1641 5065 ν
1685 5025 1829 5078 sanis

252 5094 587 5158 corporibus,
623 5104 670 5147 et
714 5093 835 5147 alia:
878 5092 1282 5159 inﬁrmioribus.

327 5164 440 5235 (77)
476 5163 565 5219 Sic
596 5180 785 5219 omnes
826 5178 953 5217 mss.
986 5162 1124 5217 Editi
1158 5179 1311 5227 vero,
1353 5173 1403 5217 et
1440 5165 1525 5217 ubi
1556 5183 1609 5219 ut
1665 5162 1699 5215 il
1735 5164 1829 5216 liu-

250 5235 405 5287 maui
436 5244 529 5287 aut
575 5235 776 5289 honesti
810 5242 919 5297 est,
966 5244 1013 5287 et
1052 5250 1209 5304 super
1240 5237 1418 5290 omnia
1461 5238 1548 5289 ubi
1588 5245 1827 5301 paterna:

249 5305 626 5369 institutionis,
660 5315 764 5360 etc.

324 5376 442 5446 (78)
477 5374 674 5444 Igitur.
705 5374 985 5432 Omittitur
1032 5375 1085 5429 in
1145 5377 1393 5432 omnibus
1439 5392 1569 5431 mss.
1602 5375 1823 5437 nostris,

251 5450 352 5518 sed
383 5457 563 5500 exstat
611 5447 664 5499 in
712 5447 906 5518 editis,
947 5446 1042 5518 qui
1088 5447 1243 5518 paulo
1269 5458 1387 5515 post
1417 5462 1698 5518 perperam
1741 5449 1827 5500 ba-

249 5516 409 5582 bent,
456 5529 705 5587 tanquam
737 5517 921 5569 bonum
950 5515 997 5571 et
1015 5515 1149 5584 justi
1184 5518 1301 5581 Dei,
1326 5515 1433 5572 etc;

325 5586 442 5659 (79)
479 5586 599 5640 Nan
628 5587 775 5639 aliud
810 5590 1013 5659 dicunt,
1043 5597 1148 5659 etc.
1182 5587 1257 5641 Ex
1293 5589 1375 5642 his
1415 5588 1593 5642 verbis
1630 5587 1825 5641 Hiero-

249 5656 450 5728 nymus
501 5659 592 5711 lib.
635 5674 665 5711 tt
696 5660 944 5710 adversus
983 5656 1229 5728 Ruﬁnum
1274 5659 1488 5713 videtur
1538 5673 1828 5712 accusasse

248 5727 545 5797 Urigenem
584 5728 766 5798 quasi
790 5729 986 5782 dixerit
1040 5727 1298 5795 Spiritum
1338 5738 1583 5782 sanctmn
1615 5744 1719 5783 non
1762 5730 1827 5782 de

244 5802 444 5854 eadem
487 5797 669 5856 Patris
728 5797 959 5868 Filiique
1009 5812 1129 5854 esse
1178 5798 1499 5855 substantia.
1552 5798 1658 5854 Sed
1710 5800 1827 5855 vide

1934 592 2003 647 sit
2042 606 2139 660 pro
2178 590 2443 659 peccato?
2485 590 2599 661 (81)
2646 588 2753 645 Sed
2789 598 2843 645 et
2893 590 3023 645 illud
3060 606 3123 647 se
3164 590 3345 661 (quod
3383 605 3504 661 per-
3580 598 3589 607 ‘

1934 684 2220 739 absurdum
2249 685 2366 753 est)
2404 684 2689 738 incurrere
2720 697 2833 736 non
2870 683 3077 748 vident,
3114 683 3240 751 quia
3278 698 3498 738 necesse

1931 785 2013 830 est
2041 791 2158 831 eam
2184 775 2345 831 simul
2369 790 2490 829 cum
2518 790 2748 844 corpore
2776 774 2947 841 mori,
2964 784 3019 829 et
3041 789 3165 830 esse
3189 774 3494 839 mortalem,

1931 864 1975 918 si
2007 864 2165 918 simul
2209 879 2331 918 cum
2379 878 2607 933 corpore
2645 863 2730 917 vel
2775 863 3071 928 seminata,
3117 864 3198 918 vel
3229 866 3497 929 formata,

1928 958 2011 1011 vel
2047 968 2171 1011 nata
2209 967 2312 1013 est.
2353 958 2490 1011 Tum
2520 957 2714 1011 deinde
2759 957 2834 1012 illi
2869 957 2962 1027 qui
2992 974 3152 1012 unam
3180 959 3396 1027 quidem
3430 974 3493 1013 ex

1930 1048 2091 1103 nullis
2132 1048 2505 1104 substantibus
2535 1064 2564 1103 a
2596 1049 2704 1105 Deo
2738 1048 2944 1104 factam
2988 1063 3108 1104 esse
3153 1049 3340 1103 dicunt
3378 1051 3495 1103 ani-.

1930 1154 2094 1203 mam,
2133 1140 2184 1193 id
2221 1151 2305 1194 est
2362 1140 2506 1194 illam
2541 1155 2660 1209 quae
2695 1143 2868 1211 prima
2904 1140 3049 1195 facta
3086 1152 3167 1195 est
3199 1141 3251 1195 in
3294 1142 3459 1196 Adam
3482 1183 3497 1207 ,

1930 1242 1985 1287 et
2009 1248 2076 1288 ex
2107 1248 2168 1288 ea
2195 1232 2307 1301 jam
2341 1234 2583 1287 omnium
2630 1234 2911 1288 hominum
2951 1235 3162 1289 animas
3201 1235 3527 1300 exsistere,

1929 1332 1985 1378 et
2021 1326 2317 1380 secundum
2356 1325 2696 1395 corporalem
2734 1326 2853 1382 sine
2897 1325 3059 1381 dubio
3092 1325 3493 1380 successionem

1930 1413 2043 1483 (82)
2079 1414 2360 1469 traducem
2395 1430 2609 1484 quoque
2646 1414 2763 1471 ﬁeri
2802 1416 3142 1485 animarum,
3190 1416 3355 1471 etiam
3396 1417 3497 1487 ipsi

1930 1504 2057 1573 quid
2099 1504 2242 1559 aliud
2274 1506 2596 1573 ostendunt,
2634 1506 2737 1562 nisi
2785 1508 2993 1563 animas
3029 1523 3149 1563 esse
3188 1506 3500 1562 mortales?

1932 1596 1988 1650 Si
2018 1594 2160 1651 enim
2188 1597 2598 1652 sicutanimalia
2626 1608 2822 1654 caetera
2847 1615 2912 1655 ex
2936 1600 3052 1655 solo
3074 1602 3281 1656 semine
3312 1600 3497 1654 oriun—

1932 1697 2035 1754 tur,
2068 1689 2141 1744 ita
2166 1689 2329 1744 etiam
2360 1690 2428 1745 de
2457 1693 2767 1749 hominibus
2791 1694 3109 1760 sentiamus,
3140 1704 3201 1749 ut
3228 1709 3349 1749 cum
3380 1709 3498 1749 cor-

1930 1799 2059 1855 pore
2090 1785 2250 1839 simul
2290 1786 2341 1839 in
2378 1786 2567 1842 eodem
2614 1788 2820 1843 semine
2868 1789 3031 1844 etiam
3088 1791 3267 1843 anima
3301 1787 3496 1844 diﬁ'un-

1866 1863 1901 1913 Β
1930 1876 2107 1939 datur,
2152 1874 2282 1943 quid
2327 1875 2559 1930 dicimus
2596 1877 2662 1932 de
2708 1876 2793 1931 his
2828 1879 2919 1947 qui
2972 1879 3271 1947 imperfecti
3320 1880 3495 1936 adhuc

1929 1975 1983 2020 et
2038 1966 2105 2020 de
2162 1975 2356 2022 ventre
2426 1967 2603 2023 aborsi
2648 1979 2800 2035 sunt,
2876 1980 2929 2025 et
2980 1974 3069 2041 qui
3114 1988 3498 2044 nonnunquam

1930 2058 2095 2112 etiam
2115 2066 2403 2129 antequam
2422 2060 2765 2116 vasculorum
2785 2064 3111 2119 naturalium
3145 2068 3499 2136 receptaculis

1930 2154 2135 2207 semina
2178 2154 2286 2209 sint
2340 2164 2615 2225 suscepta,
2668 2154 3004 2226 depereunt?
3036 2158 3092 2211 in
3136 2159 3330 2228 quibus
3380 2160 3496 2216 sine

1931 2243 2096 2299 dubio
2126 2244 2467 2313 invenietur,
2511 2248 2655 2315 quod
2697 2247 2860 2301 simul
2895 2249 3057 2303 etiam
3109 2249 3211 2303 illae
3251 2264 3371 2319 qum
3403 2266 3499 2305 na-

1930 2336 2088 2390 turali
2150 2337 2358 2391 ratione
2406 2338 2707 2394 seminibus
2757 2341 2977 2397 insertae
3023 2342 3235 2395 inerant
3281 2343 3497 2411 anima},

1930 2428 2210 2483 exstinctae
2253 2429 2360 2483 sint
2407 2429 2611 2498 pariter
2655 2439 2710 2483 et
2756 2441 3049 2501 corruptae.
3106 2429 3232 2485 Sive
3270 2445 3401 2502 ergo
3432 2448 3499 2487 ex

1931 2522 2297 2577 insuﬁlatione
2340 2521 2434 2576 Dei
2470 2522 2608 2587 sint,
2650 2524 2767 2577 sive
2793 2524 2860 2579 ab
2890 2538 2995 2578 una
3044 2524 3134 2578 illa
3177 2539 3297 2593 quae
3324 2526 3501 2594 prima

1906 2613 2071 2669 faeta
2101 2624 2203 2679 est,
2234 2615 2549 2670 necessario
2574 2616 2734 2670 simul
2763 2631 2884 2671 cum
2916 2617 3238 2686 corporibus
3262 2632 3502 2672 corrum-

1928 2716 2151 2777 pentur,
2179 2708 2221 2762 si
2248 2708 2494 2773 eamdem
2526 2724 2648 2764 cum
2679 2709 3003 2779 corporibus
3039 2710 3201 2764 etiam
3234 2711 3499 2780 originem

1931 2808 2154 2853 sumunt
2186 2800 2483 2854 secundum
2515 2800 2758 2869 ipsorum
2789 2802 3079 2856 rationein.
3110 2800 3217 2853 Aut
3247 2803 3390 2855 cnim
3426 2803 3503 2855 ni-

1928 2891 2002 2945 hil
2030 2891 2251 2945 omnino
2273 2905 2336 2945 ex
2360 2892 2672 2947 rationabili
2695 2900 2855 2960 atque
2879 2891 3171 2946 immortali
3192 2892 3370 2947 anima
3389 2893 3498 2964 (85)

1928 2982 2282 3053 participavit
2316 2981 2447 3037 illud
2476 2982 2618 3052 quod
2663 2982 2844 3037 adhuc
2877 2982 2931 3037 in
2968 2991 3156 3037 ventre
3187 2991 3499 3054 corruptum

1929 3083 2049 3141 est;
2092 3084 2146 3128 et
2184 3075 2396 3142 repulsa
2427 3074 2519 3128 illa
2574 3075 2711 3129 ratio
2762 3084 2843 3130 est
2873 3090 2993 3145 quae
3023 3073 3252 3129 afﬁrmat
3282 3091 3401 3131 eam
3448 3077 3501 3131 in

1933 3167 2155 3223 seminis
2187 3168 2412 3223 traduce
2441 3167 2599 3222 simul
2628 3183 2748 3223 cum
2781 3166 3104 3236 corporibus
3137 3169 3455 3223 seminatam
3483 3186 3497 3223 :

1931 3266 2022 3310 aut
2054 3257 2097 3311 si
2128 3256 2447 3328 participat,
2478 3258 2771 3312 necessitas
2802 3257 3048 3313 imminet
3076 3259 3319 3314 conﬁteri
3352 3275 3497 3315 mor-

1933 3348 2093 3402 talem
2125 3364 2245 3404 esse
2283 3350 2558 3404 animam:
2597 3349 2739 3418 quod
2772 3348 2905 3405 ﬁdes
2946 3351 3132 3420 utique
3174 3361 3360 3406 nostra
3396 3368 3501 3406 non

1927 3440 2140 3510 recipit.
2175 3442 2563 3523 Verumtamen
2598 3443 2727 3510 quid
2781 3454 2865 3499 est
2901 3445 3044 3513 quod
3081 3459 3145 3498 ex
3183 3444 3268 3499 his
3318 3444 3499 3498 omni-

1930 3533 2029 3588 bus
2054 3534 2265 3589 ostendi
2296 3535 2587 3590 volumus?
2616 3535 2746 3589 illud
2773 3535 3044 3606 profecto,
3070 3537 3213 3604 quod
3242 3536 3381 3591 sicut
3408 3550 3501 3590 eos

1930 3623 2022 3693 qui
2063 3640 2225 3678 unam
2259 3624 2557 3694 quamlibet
2607 3628 2675 3682 de
2722 3626 2807 3681 his
2845 3643 2981 3698 quas
3027 3625 3191 3695 supra
3244 3626 3501 3694 exposui-

1932 3732 2074 3778 mus,
2112 3717 2422 3785 opinionem
2455 3732 2639 3772 veram
2679 3729 2908 3788 putant,
2961 3734 3067 3773 non
3110 3729 3255 3775 recta
3290 3720 3498 3774 ratione

1934 3806 2220 3861 haereticos
2249 3808 2369 3877 quis
2407 3808 2663 3878 appellat,
2698 3825 2797 3879 pro
2832 3825 2896 3865 eo
2930 3811 3074 3881 quod
3113 3826 3286 3880 neque
3321 3826 3387 3865 ex
3416 3811 3498 3866 di-

1936 3898 2077 3952 vinis
2106 3897 2404 3968 Scripturis
2439 3901 2573 3955 certi
2608 3901 2812 3972 aliquid
2856 3904 2921 3958 de
2971 3902 3056 3957 his
3089 3903 3175 3958 vel
3218 3903 3502 3959 manifeste

1935 3991 2133 4044 dictum
2173 4007 2291 4048 esse
2339 3993 2618 4061 videatur,
2670 4009 2843 4065 neque
2886 3995 2938 4049 iu
2989 3994 3371 4051 Prtedicatione
3420 4013 3503 4051 ec-

1934 4081 2227 4137 clesiastica
2273 4083 2581 4139 contineri:
2631 4086 2703 4139 ita
2740 4101 2913 4156 neque
2962 4087 3105 4142 hunc
3149 4087 3327 4141 virum
3380 4087 3495 4143 cul~

1932 4176 2045 4246 pari
2091 4178 2295 4247 justum
2342 4185 2444 4245 est,
2476 4178 2833 4235 disserentem
2866 4180 3009 4249 quod
3042 4181 3146 4237 sibi
3182 4182 3356 4238 visum
3386 4190 3499 4250 est,

1862 4441 1904 4497 Ῐ)
1934 4457 2371 4511 Admonitionem
2416 4465 2652 4512 nostram
2702 4456 2756 4510 in
2807 4456 2947 4511 hanc
2985 4454 3248 4525 Pamphili
3301 4454 3500 4527 Apolo-

1930 4529 2090 4597 giam,
2123 4544 2270 4582 num.
2307 4528 2357 4581 7.

2003 4598 2114 4668 (80)
2153 4598 2280 4652 Mss.
2310 4598 2574 4666 plerique,
2602 4598 2666 4650 de
2699 4598 2816 4666 ipsa
2848 4595 2945 4649 Dei
2976 4611 3085 4650 esse
3111 4612 3225 4649 eam
3255 4597 3496 4652 substan-

1931 4670 2061 4721 tiam
2094 4669 2416 4735 proﬁtentes,
2445 4668 2607 4721 male.
3123 4683 3133 4697 ·

2002 4739 2110 4808 (81)
2156 4736 2233 4791 lla
2263 4754 2451 4792 omnes
2494 4753 2624 4792 mss.
2674 4736 2867 4790 nostri.
2911 4737 2980 4790 At
3019 4752 3147 4791 vero
3190 4735 3347 4800 editi,
3392 4735 3499 4793 Sed

1930 4819 1977 4862 et
2006 4807 2139 4860 illud
2177 4810 2313 4877 quod
2359 4809 2596 4877 sequitur
2631 4807 2802 4876 (quod
2843 4808 3221 4874 perabsurdum
3258 4810 3369 4877 est)
3418 4808 3501 4860 in-

1932 4894 2142 4931 currere
2174 4894 2275 4931 non
2304 4880 2588 4945 prwuident
2758 4892 2821 4931 ex
2845 4878 3004 4932 nullis
3036 4878 3434 4933 subsistentibus
3474 4895 3505 4931 a

1931 4948 2040 5001 Deo
2078 4948 2275 5016 factum
2304 4965 2433 5009 esse,
2476 4957 2584 5002 etc.

2002 5018 2114 5088 (82)
2161 5017 2288 5071 Mss.
2324 5022 2490 5073 nostri
2532 5034 2724 5073 omnes
2758 5019 2981 5085 habent,
3007 5019 3065 5073 in
3095 5018 3388 5072 traducem.
3420 5017 3502 5070 In-

1933 5088 2012 5142 fra
2054 5089 2219 5151 editi,
2254 5090 2380 5157 quid
2415 5090 2647 5143 dicemus
2674 5109 2693 5147 :
2734 5105 2854 5143 mox
2888 5104 3017 5143 mss.
3059 5088 3390 5143 Sorbonicus
3437 5096 3494 5142 et

1934 5160 1991 5213 S.
2031 5159 2342 5221 Michaelis,
2387 5163 2450 5213 de
2499 5160 2578 5214 his
2616 5162 2705 5231 qui
2752 5159 3013 5228 interfecti
3059 5160 3497 5231 adhucuapostea

1932 5247 2119 5285 omnes
2145 5246 2296 5300 mss.,
2325 5241 2371 5284 et
2396 5232 2534 5300 quod
2562 5229 2932 5300 nonnunquam
2961 5231 3117 5284 etiam
3142 5229 3305 5297 (editi
3332 5230 3496 5300 omit-

1935 5312 2051 5355 tunt
2087 5299 2278 5369 etiam)
2314 5298 2591 5370 antequam
2623 5298 2974 5365 vasculorum,
3027 5312 3131 5357 etc.
3178 5300 3284 5354 Sed
3326 5298 3502 5369 legen-

1933 5374 2056 5426 dum
2097 5371 2306 5423 videtur
2342 5385 2398 5425 ut
2438 5372 2491 5425 in
2536 5382 2721 5427 nostro
2762 5382 2931 5426 textu.

2004 5442 2115 5510 (85)
2162 5440 2325 5508 Editi,
2360 5443 2697 5510 participabit
2743 5443 2796 5494 id
2848 5442 2990 5511 quod
3022 5442 3193 5496 adhuc
3235 5444 3292 5495 in
3325 5448 3498 5496 ventre

1931 5525 2191 5581 receptum
2218 5522 2315 5575 est,
2354 5524 2401 5564 et
2430 5515 2635 5578 repulsa
2656 5525 2728 5567 est
2765 5512 2860 5566 illa
2892 5514 3024 5564 ratio
3055 5529 3191 5582 quae,
3226 5525 3334 5567 etc.
3363 5511 3493 5566 Mss.

1933 5584 2263 5637 Sorbonicus
2290 5594 2343 5637 et
2374 5583 2432 5636 S.
2468 5584 2741 5637 Michaelis
2774 5584 2824 5638 in
2876 5582 3119 5637 Pericula
3158 5584 3345 5647 maris,
3374 5597 3501 5650 par-

1930 5655 2162 5720 ticipuvit
2200 5654 2253 5705 id
2311 5655 2448 5721 quod
2501 5655 2673 5707 adhuc
2713 5656 2765 5706 in
2813 5664 2986 5708 ventre
3026 5663 3270 5723 corrupto
3319 5663 3416 5715 est,
3451 5660 3503 5705 et

1931 5727 2140 5793 repulsa
2179 5735 2253 5777 est
2293 5726 2387 5778 illa
2432 5726 2568 5779 ratio
2615 5740 2764 5795 qua,
2808 5735 2913 5782 etc.
2959 5724 3152 5783 Caetcri
3193 5740 3324 5782 vero
3365 5735 3501 5778 mss.

1938 5796 2080 5851 utin
2129 5806 2313 5851 nostro
2361 5805 2527 5851 textu.
