4020 6306
582 363 684 418 607

1815 357 1872 412 S.
1913 357 2241 414 PAMPHILI
2279 357 2462 414 MARE
2478 354 2638 412 YRIS

3634 333 3787 426 ’δοες

583 482 820 539 maxime
849 495 975 537 cum
1005 479 1136 536 illud
1175 479 1448 551 praecipue
1480 479 1792 535 servaverit
1816 481 1958 550 quod
1983 481 2039 536 in
2061 481 2165 537 Ec—
2193 484 2239 542 Α
2265 478 2547 536 contrario
2578 475 2687 532 dici
2713 481 2991 547 poterunt,
3021 473 3360 546 disputentur
3386 489 3402 530 :
3447 485 3499 532 et
3529 479 3651 538 hanc
3678 500 3786 543 esse

586 576 753 630 clesia
814 573 881 630 de
929 574 1121 628 animte
1177 572 1522 628 confessione
1575 571 1785 628 servari
1835 573 2162 629 omnimodis

588 667 774 730 debet,
803 664 857 719 id
891 673 975 717 est
1024 677 1092 718 ne
1121 664 1373 718 diversas
1403 676 1631 718 naturas
1656 677 1777 718 esse
1809 662 2015 720 diceret
2047 665 2163 719 aui-

592 775 849 815 marum:
892 759 1135 828 quinimo
1165 766 1218 812 et
1264 757 1512 813 dicentes
1553 758 1870 830 redarguit,
1902 768 1956 814 et
1995 759 2162 815 velre-

595 850 762 904 menti
786 850 1086 903 assertione
1107 845 1402 903 convincit.
1436 846 1554 918 Ipse
1577 859 1757 905 autem
1784 849 1984 906 fatetur
2003 850 2164 906 unius

590 940 907 998 snbstantiae
945 955 1136 996 omnes
1186 955 1306 996 esse
1353 941 1584 1006 animas,
1638 951 1693 996 et
1727 942 2067 998 immortales
2098 957 2163 998 ac

592 1030 970 1095 rationabiles,
1003 1031 1158 1086 liberi
1196 1033 1409 1087 arbitrii
1442 1049 1508 1088 ac
1543 1033 1878 1090 voluntatis:
1903 1035 2162 1104 judican-

592 1122 688 1179 das
709 1139 924 1194 quoque
945 1140 1068 1180 esse
1093 1140 1190 1194 pro
1223 1125 1304 1180 bis
1331 1139 1450 1194 qua:
1482 1125 1534 1180 in
1567 1127 1670 1181 hac
1700 1127 1810 1182 vita
1840 1134 2162 1197 gesserunt:

554 1230 710 1293 .esse
739 1226 921 1271 tamen
957 1232 1051 1273 eas
1088 1216 1264 1272 factas
1296 1233 1326 1272 a
1380 1219 1511 1284 Deo,
1543 1219 1632 1290 qui
1673 1220 1928 1275 universa
1962 1220 2167 1274 creavit

589 1317 646 1364 et
673 1308 936 1364 condidit.
967 1309 1194 1376 Quando
1226 1321 1406 1366 autem
1438 1311 1596 1367 factm
1638 1312 1767 1377 sint,
1805 1312 1933 1366 olim
1983 1312 2164 1376 simul,

591 1411 689 1453 aut.
738 1415 879 1455 nunc
915 1414 1010 1470 per
1058 1401 1302 1471 singulos
1342 1402 1687 1457 nascentium
1713 1444 1728 1469 ,
1767 1401 1896 1472 quid
1943 1402 2167 1473 periculi

589 1500 677 1546 est
704 1491 934 1545 alterum
982 1505 1013 1546 e
1045 1492 1254 1548 duobus
1278 1494 1536 1562 opinari?
1583 1492 1693 1565 (84)
1737 1493 1843 1549 Sed
1891 1493 2050 1549 aliter
2078 1511 2166 1549 re-

593 1582 862 1652 spondere
902 1582 1160 1649 possibile
1192 1591 1296 1647 est,
1329 1592 1389 1637 ut
1431 1584 1609 1638 omnis
1656 1585 1870 1654 penitus
1916 1584 2166 1654 culpandi

595 1670 775 1723 aditus
798 1669 1141 1725 excludatur.
1171 1669 1322 1725 Sicut
1363 1672 1507 1727 enim
1546 1673 1613 1728 de
1646 1674 2006 1729 lrrminaribus
2046 1674 2169 1730 cmli

595 1761 811 1817 diversa
847 1763 1066 1832 singuli,
1117 1766 1278 1820 etiam
1328 1765 1433 1835 ipsi
1483 1766 1575 1835 qui
1612 1775 1741 1821 sunt
1788 1767 1841 1820 in
1875 1765 2166 1833 Ecclesiis,

2265 581 2438 627 artem
2473 569 2781 640 disputandi
2832 583 2940 623 non
2975 567 3339 633 advertentcs,
3379 567 3622 640 objiciunt
3661 576 3703 630 ci
3729 578 3788 634 de
3838 581 3843 585 '

2263 663 2368 719 boc
2411 662 2680 731 dogmate,
2711 659 2856 731 quod
2885 659 3040 730 quasi
3080 660 3194 730 ipse
3230 660 3460 716 senserit
3496 677 3554 717 ea
3584 679 3690 732 qua:
3731 682 3790 723 ex

2265 753 2610 810 adversantis
2635 767 2866 824 persona
2902 752 3180 811 disseruit.
3216 752 3453 822 Denique
3476 754 3610 824 quod
3635 756 3794 814 discu-

2267 848 2434 904 tiendi
2469 848 2586 903 inec
2615 855 2670 902 et
2717 861 2825 903 non
2865 847 3221 902 conﬁrmandi
3256 845 3450 902 dixerit
3497 862 3670 915 causa,
3697 851 3795 919 ipse

2265 955 2360 1013 per
2397 955 2461 996 ea
2495 955 2616 1009 qua:
2662 948 2784 1008 post
2819 948 3110 994 tractatum
3145 937 3226 994 rei
3264 938 3432 1007 ipsius
3477 939 3676 1011 adjecit,
3713 957 3794 1000 os-

2267 1031 2441 1087 tendit
2487 1030 2592 1086 hoc
2637 1031 2800 1086 modo
2841 1029 3070 1086 dicens:

2335 1125 2626 1182 Onrccuss.
2671 1123 2783 1194 (88)
2819 1143 2838 1176 ‹
2877 1123 2984 1179 Sed
3017 1123 3154 1185 lucc,
3201 1131 3457 1191 quantum
3487 1123 3549 1178 ad
3578 1139 3669 1180 nos
3693 1140 3798 1196 per-

2269 1220 2439 1285 tinet,
2479 1233 2585 1274 non
2641 1218 2749 1273 sint
2799 1217 3090 1288 dogmata;
3139 1215 3234 1271 sed
3272 1215 3610 1271 discussionis
3646 1219 3797 1287 gratia

2267 1312 2412 1367 dicta
2453 1311 2582 1375 sint,
2618 1318 2672 1366 et
2700 1309 3048 1378 abjiciantur.
3082 1308 3188 1364 Pro
3237 1323 3304 1363 eo
3335 1317 3502 1362 autem
3537 1309 3642 1364 solo
3673 1311 3799 1367 dicta

2267 1415 2415 1468 sunt,
2439 1418 2506 1458 ne
2530 1402 2781 1457 videatur
2801 1402 3034 1473 quaestio
3061 1410 3232 1466 mota,
3259 1415 3361 1455 non
3386 1415 3496 1456 esse
3518 1403 3757 1458 discussa.
3778 1423 3794 1457 ι

2339 1497 2674 1553 PAMPHILUS.
2707 1497 2815 1553 Sed
2845 1497 2960 1552 haec
3000 1495 3053 1551 in
3090 1510 3156 1552 eo
3191 1495 3310 1550 loco
3357 1495 3502 1562 dixit,
3540 1495 3587 1550 in
3623 1512 3719 1567 quo
3744 1500 3803 1554 de

2269 1587 2557 1644 animabus
2583 1587 2906 1642 animalium
2939 1586 3277 1656 requirebat,
3307 1584 3416 1656 (89)
3439 1601 3532 1640 non
3557 1588 3617 1642 de
3647 1597 3805 1644 trans-

2270 1680 2571 1736 mutatione
2621 1681 2952 1737 animarum.
3006 1679 3085 1734 De
3148 1679 3448 1734 animarum
3493 1693 3608 1734 vero
3647 1689 3804 1736 trans-

2273 1773 2578 1829 mutatione
2625 1773 2678 1828 in
2722 1773 2956 1844 septimo
2989 1773 3130 1829 libro
3180 1772 3236 1827 in
3289 1771 3609 1842 Evangetium
3637 1789 3806 1828 secun-

597 1857 840 1911 seutiuut
870 1871 884 1922 ;
933 1855 1051 1911 aliis
1095 1856 1313 1926 quidem
1367 1858 1720 1925 opinantibus
1757 1871 1879 1912 esse
1916 1858 2168 1913 animan-
2199 1839 2243 1895 Β
2272 1868 2395 1922 dum
2429 1865 2742 1922 Μαιιιιωωη
2780 1839 2855 1921 ita
2889 1865 3086 1921 scribit
3127 1879 3144 1921 :

595 1949 695 2012 tia,
759 1957 814 2004 et
861 1949 1266 2002 rationabilium
1317 1949 1714 2019 animantium;
1753 1951 1876 2007 aliis
1917 1965 2046 2006 vero
2073 1967 2172 2020 pu-

602 2038 843 2094 tantibrrs
871 2039 1014 2108 quod
1067 2039 1464 2095 irrationabilia
1515 2042 1647 2107 sint,
1701 2043 1810 2098 imo
1853 2057 1984 2100 vero
2027 2043 2170 2113 quod

597 2144 704 2183 non
747 2132 919 2183 solum
953 2129 1158 2194 anima,
1210 2129 1305 2185 scd
1355 2139 1409 2183 et
1455 2131 1602 2186 omni
1635 2146 1796 2186 sensu
1834 2130 2048 2200 penitus
2073 2145 2169 2185 ca-

595 2227 785 2283 reant,
821 2227 876 2273 et
907 2219 1018 2274 sola
1051 2222 1168 2274 sine
1210 2221 1403 2290 Spiritu
1448 2237 1513 2276 ac
1562 2238 1723 2278 sensu
1760 2223 1868 2277 sint
1897 2237 2166 2291 corpora:

595 2327 754 2368 neruo
783 2321 962 2366 tamen
994 2313 1189 2368 merito
1229 2312 1458 2369 alterum
1487 2329 1676 2369 eorum
1710 2315 1800 2385 qui
1832 2314 1949 2369 haec
1986 2315 2058 2368 ita
2089 2315 2171 2368 di-

593 2415 752 2460 rerse
790 2407 1051 2472 sentiunt,
1087 2407 1402 2462 luereticnrn
1439 2408 1669 2471 dixerit,
1706 2417 1991 2476 propterea
2026 2407 2170 2476 quod

593 2511 700 2552 non
733 2506 920 2566 aperte
955 2499 1021 2550 de
1066 2497 1152 2552 his
1201 2499 1457 2553 traditum
1493 2507 1579 2554 est
1631 2497 1743 2570 (85)
1785 2500 1839 2552 in
1873 2499 2170 2566 apostolica

592 2591 976 2661 praedicatione
1005 2608 1017 2643 :
1058 2592 1128 2645 ita
1173 2592 1337 2646 etiam
1365 2605 1460 2646 eos
1494 2592 1585 2662 qui
1621 2593 1687 2646 de
1725 2592 1964 2646 humana
1993 2592 2171 2646 anima

593 2684 862 2748 dubitant,
904 2695 958 2738 et
985 2686 1050 2740 de
1081 2685 1233 2738 initio
1263 2685 1378 2754 ejus
1417 2683 1498 2739 vel
1537 2685 1748 2754 origine
1793 2685 2006 2740 diversa
2042 2684 2164 2753 opi-

595 2784 814 2841 nantur,
858 2791 964 2830 non
997 2785 1078 2830 est
1109 2785 1315 2830 rectum
1342 2775 1625 2830 haereticos
1649 2776 2025 2845 pronuntiare,
2054 2791 2171 2829 ma-

593 2865 739 2920 xime
772 2881 895 2920 cum
933 2866 985 2920 in
1028 2866 1249 2936 reliquis
1293 2865 1682 2922 ecclesiastica:
1714 2867 1978 2922 doctrinae
2012 2881 2172 2938 regu-

595 2955 664 3010 lis
695 2956 834 3024 quod
873 2967 1074 3012 rectum
1105 2970 1188 3012 est
1216 2967 1270 3014 et
1291 2959 1617 3014 catholicum
1649 2966 1891 3014 teneant.

666 3042 969 3104 Novissima
1006 3049 1314 3106 criminatio
1342 3059 1426 3106 est
1454 3050 1564 3120 (86)
1603 3049 2167 3122 μετενσωματὼσεως,

594 3139 696 3196 hoc
725 3151 810 3196 est
856 3143 1330 3197 transmutationis
1361 3143 1692 3198 animarum.
1719 3144 1798 3198 Ad
1836 3143 2004 3213 quod,
2025 3143 2170 3197 sicut

2886 1956 3116 2014 CAPUT
3157 1957 3232 2013 Χ.

2517 2065 2802 2108 ιιιειδοιπειο
2838 2066 2907 2106 ΔΙ)
2945 2065 3124 2106 NONA)!
3163 2061 3606 2109 CBIMINATIOHEI.

2641 2143 2717 2198 De
2739 2144 3180 2198 transmutatione
3201 2145 3524 2196 animarum.

2341 2235 2635 2294 Onrcrtues.
2681 2255 2700 2289 ι
2734 2236 2848 2308 (90)
2878 2236 3106 2304 Quidam
3129 2236 3355 2305 quidem
3376 2220 3483 2307 (9!)
3506 2235 3691 2306 opinati
3709 2243 3811 2290 sunt

2274 2341 2340 2379 ex
2373 2341 2439 2380 eo
2473 2326 2618 2396 quod
2645 2325 2848 2382 dictum
2871 2335 2957 2381 est
2991 2339 3006 2378 :
3037 2325 3158 2395 Ipse
3182 2334 3270 2380 est
3300 2323 3446 2380 Etias
3470 2328 3556 2396 qui
3599 2336 3811 2382 venturas

2270 2425 2349 2471 est
2376 2417 2418 2449 ⁸⁷
2447 2433 2462 2472 :
2487 2418 2723 2472 animam
2754 2416 2887 2472 Elite
2933 2419 3176 2472 eamdem
3208 2416 3384 2473 fuisse
3413 2431 3565 2488 quam
3601 2416 3809 2474 Joannis.

2271 2505 2426 2574 Quod
2458 2508 2603 2562 enirn
2629 2509 2766 2563 dixit
2807 2527 2821 2564 :
2849 2507 2973 2577 Ipse
2990 2519 3066 2564 est
3094 2507 3278 2576 Elius,
3328 2525 3432 2565 non
3469 2510 3532 2563 ad
3563 2509 3708 2575 aliud,
3733 2509 3811 2564 sed

2272 2595 2338 2650 ad
2367 2596 2606 2650 animam
2641 2596 2990 2652 referendum
3047 2606 3340 2666 putarunt,
3370 2605 3424 2654 et
3470 2613 3532 2653 ex
3571 2599 3664 2654 hoc
3700 2614 3813 2670 pene

2271 2688 2384 2744 solo
2407 2705 2662 2745 sermone
2701 2689 2899 2760 dogma
2944 2689 3368 2746 introduxerunt
3430 2692 3812 2764 μετενσωματώ·

2273 2795 2431 2843 σεως,
2457 2779 2506 2833 id
2536 2791 2642 2843 est,
2671 2779 3142 2836 transmutationis
3162 2782 3493 2848 animarum,
3517 2784 3658 2853 qrrasi
3673 2783 3810 2838 etiam

2270 2867 2389 2938 ipso
2416 2867 2518 2922 boc
2541 2865 2669 2924 Jesu
2708 2869 3088 2926 conﬁrmante.
3138 2869 3249 2926 Sed
3280 2878 3585 2942 Oportuerat
3626 2874 3812 2938 intueri,

2243 2957 2398 3025 .quia
2420 2957 2465 3012 si
2501 2957 2606 3012 hoc
2636 2972 2826 3012 verum
2851 2968 3020 3026 esset,
3057 2960 3112 3014 in
3162 2961 3355 3017 multis
3377 2963 3560 3033 utique
3611 2963 3814 3034 prophe-

2273 3056 2450 3102 tarum
2515 3049 2602 3104 vel
2660 3047 3080 3122 Evangeliorum
3135 3054 3358 3123 scriptis
3421 3056 3591 3111 simile
3642 3055 3812 3126 aliquid

2273 3140 2505 3194 inveniri
2526 3140 2764 3196 deberet.
2789 3142 2925 3197 Tum
2950 3145 3141 3200 deinde
3170 3147 3341 3200 etiam
3396 3148 3486 3203 ille
3535 3164 3699 3204 sermo
3737 3151 3815 3219 qui

596 3234 649 3287 in
675 3233 884 3288 caneris
913 3233 1158 3298 fecimus,
1204 3234 1374 3302 ipsius
1411 3235 1504 3305 qui
1538 3244 1824 3288 accusatur
1852 3211 2164 3302 responde-
2195 3211 2236 3268 C
2274 3231 2400 3287 huic
2424 3232 2759 3302 adjungitur,
2793 3231 3033 3291 ost‘endit
3086 3240 3445 3295 secretiorem
3475 3243 3741 3310 quemdam
3771 3251 3817 3296 et

596 3325 773 3380 bimus
815 3325 1031 3380 verbis:
1075 3324 1207 3380 illud
1259 3327 1435 3397 primo
1486 3328 1894 3397 pernecessario
1931 3340 2169 3380 commo-

595 3425 801 3480 nentes,
831 3417 958 3486 quia
983 3425 1332 3473 accusatores
1356 3417 1470 3486 ejus
1509 3433 1614 3472 non
1652 3418 2014 3488 intelligentes
2041 3432 2170 3487 qua-

595 3507 723 3562 liter
770 3511 839 3564 ab
877 3524 944 3564 eo
983 3511 1050 3565 de
1087 3511 1187 3565 ista
1242 3511 1544 3580 quaastioue
1591 3519 1877 3565 tractaturu
1927 3509 2032 3574 sit,
2085 3507 2168 3563 vel

597 3602 739 3672 quod
776 3603 912 3657 ratio
939 3602 1322 3672 disputationis
1353 3603 1424 3658 ita
1456 3618 1516 3658 se
1553 3602 1773 3666 habeat,
1812 3601 1924 3674 (87)
1956 3609 2014 3654 ut
2059 3617 2166 3656 non

596 3709 813 3765 semper
851 3695 961 3751 sola
988 3696 1135 3750 velut.
1181 3710 1248 3752 ex
1289 3710 1522 3766 persona
1566 3695 1910 3776 pronuntiari
1955 3693 2170 3748 videan-

597 3795 683 3841 tur
711 3802 831 3858 quae
868 3788 1144 3854 dicuntrrr,
1193 3788 1287 3844 sed
1332 3787 1604 3844 interdum
1648 3790 1816 3843 etiam
1863 3801 1926 3842 ea
1975 3801 2097 3856 qua:
2138 3802 2169 3842 e

667 3963 711 3993 ⁸⁷
735 3963 926 4019 Matth.
958 3981 1034 4032 ιιι,
1069 3966 1156 4020 14.
1235 3966 1280 4001 ⁸⁸
1311 3967 1441 4024 ibid.
1473 3968 1560 4026 15.

669 4166 782 4241 (84)
824 4169 952 4225 Mss.
993 4171 1210 4241 quidam
1235 4213 1248 4236 ,
1295 4169 1402 4227 Sed
1439 4172 1592 4225 aliter
1623 4171 1930 4240 respondere
1977 4172 2163 4239 impos-

599 4239 748 4316 sibile
782 4250 879 4316 est.
923 4239 1112 4316 Crete-ri
1160 4256 1285 4316 vero
1333 4258 1461 4316 mss.
1510 4239 1738 4316 et_editi
1779 4253 1836 4297 ut
1876 4245 1929 4296 in
1976 4251 2162 4310 textu,

599 4311 700 4364 nisi
741 4312 881 4376 quod
926 4313 1054 4366 editi
1097 4314 1352 4367 ornittant
1388 4313 1564 4366 aliter.

674 4381 785 4451 (85)
828 4381 950 4435 Mss.
983 4383 1109 4446 duo,
1147 4383 1343 4452 Regius
1368 4383 1576 4438 scilicet
1615 4390 1667 4436 et
1703 4382 2071 4447 Corbeiensis,
2110 4384 2165 4437 in

601 4452 888 4519 apostolica
930 4455 1252 4507 traditione:
1298 4453 1484 4508 caeteri
1540 4469 1671 4509 mss.
1729 4463 1785 4506 et
1823 4455 1954 4508 editi
2005 4466 2062 4509 ut
2108 4454 2162 4508 in

602 4531 787 4576 DOSU'O
826 4533 994 4576 textu.

2273 3339 2530 3380 arcauurn
2561 3342 2779 3383 sensum
2807 3328 2859 3382 in
2888 3328 2972 3384 bis
3021 3345 3142 3399 qua:
3166 3332 3326 3386 dicta
3389 3344 3514 3388 sunt
3569 3335 3818 3402 requiren-

2275 3417 2423 3482 dum,
2447 3419 2616 3489 magis
2646 3418 2758 3491 (92)
2783 3435 2945 3491 quam
2972 3436 3035 3476 ea
3055 3438 3174 3492 quae
3213 3424 3288 3478 illi
3343 3426 3630 3482 secundum
3661 3426 3823 3480 littera.-

2275 3510 2442 3565 solius
2473 3510 2882 3583 intelligentiam
2931 3527 3314 3584 susceperunt.
3351 3532 3470 3572 cum
3523 3517 3647 3572 dicit
3679 3533 3690 3567 :
3733 3516 3825 3582 Qui

2275 3605 2423 3660 habet
2460 3621 2614 3659 aures
2638 3607 2910 3672 audiendi,
2931 3608 3114 3661 audiat
3144 3609 3208 3662 ⁸⁸.
3239 3609 3565 3666 Addendum
3593 3621 3754 3664 autem
3776 3615 3822 3663 et

2276 3696 2428 3762 illud,
2461 3697 2512 3751 id
2543 3707 2648 3765 est,
2689 3700 2815 3768 quia
2851 3699 2897 3755 si
2927 3716 3024 3770 pro
3057 3702 3317 3771 peccatis,
3375 3703 3656 3760 secundum
3700 3701 3826 3772 quod

2278 3786 2380 3856 ipsi
2404 3789 2668 3856 sentiunt,
2699 3792 3083 3847 transmutatio
3116 3792 3212 3848 tiat
3254 3794 3587 3861 animarum,
3630 3802 3826 3864 propter

2268 4168 2491 4239 epistola
2524 4169 2594 4225 ad
2635 4169 2888 4224 Avitum:
2913 4171 2994 4224 Ad
3017 4179 3304 4225 extremum
3332 4188 3399 4226 ne
3422 4165 3818 4237 teneretur(0ri-

2269 4242 2465 4341 gerres)
2498 4239 2837 4312 Pythagorici
2870 4241 3132 4310 dogmatis
3159 4258 3280 4295 reus
3303 4245 3400 4311 qui
3427 4244 3608 4296 asserit
3636 4255 3814 4359 perar-

2269 4311 2511 4359 υύνωσιν
2540 4319 2654 4359 nost
2692 4320 2798 4359 tam
2853 4310 3136 4359 nefandam
3180 4311 3589 4359 disnutationem
3622 4328 3714 4359 ana
3767 4325 3814 4359 e-

2267 4310 2511 4381 ψύχωσιν
2536 4310 2654 4378 post
2692 4320 2798 4363 tam
2853 4310 3136 4381 nefandam
3180 4310 3589 4375 disputationem
3622 4328 3714 4380 qua
3752 4310 3816 4362 te-

2271 4380 2426 4434 ctoriis
2445 4383 2676 4436 animum
2695 4381 3004 4435 vulneravit.
3027 4401 3044 4431 ι
3065 4380 3211 4446 Iitec,
3231 4383 3424 4451 inquit,
3441 4383 3593 4452 juxta
3612 4391 3816 4434 nostram

2271 4453 2611 4512 sententiam,
2651 4467 2752 4504 non
2795 4453 2899 4504 sint
2937 4452 3206 4523 dogmata,
3247 4457 3337 4506 sed
3381 4455 3597 4523 quwsita
3634 4458 3817 4503 tantum

2275 4529 2430 4591 atque
2469 4523 2727 4590 projecta,
2756 4537 2819 4574 ne
2841 4524 3048 4588 penitus
3087 4522 3288 4575 intacta
3327 4522 3639 4578 viderentur.
3670 4540 3687 4573 ι

675 4592 786 4661 (86)
829 4593 902 4646 Ita
941 4609 1130 4649 omnes
1171 4609 1300 4652 mss.
1333 4602 1389 4648 et
1427 4593 1762 4648 Genebrardi
1808 4594 1994 4649 editio.
2031 4594 2167 4648 Mer-
2201 4595 2243 4650 ι)
2341 4592 2454 4661 (89)
2481 4592 2620 4645 Editi
2658 4602 2777 4660 post
2809 4594 2925 4646 haec
2955 4592 3142 4658 verba,
3172 4609 3274 4646 non
3308 4596 3374 4648 de
3405 4590 3815 4646 transmutatione

600 4660 744 4744 linus
795 4679 957 4744 vero,
1003 4665 1507 4736 μεταμορφώσεως,
1552 4668 1650 4718 hoc
1699 4674 1774 4718 est
1816 4665 2166 4736 transforma-

598 4735 752 4787 tionis
786 4735 1104 4789 animarum.

671 4795 782 4872 (87)
818 4803 957 4858 Editi
982 4845 996 4870 ,
1035 4814 1090 4860 ut
1131 4825 1234 4862 non
1275 4823 1476 4873 semper
1517 4807 1656 4860 velut
1689 4823 1754 4859 ea:
1796 4822 1901 4859 una
1945 4823 2169 4874 persona

597 4875 938 4928 pronuntiari
1106 4879 1194 4931 sed
1233 4879 1499 4937 interdum
1527 4878 1684 4930 etiam
1717 4893 1778 4929 ea
1809 4893 1926 4946 qute
1954 4887 2172 4930 contra-

601 4950 682 4997 ria
728 4946 832 4998 dici
858 4956 1163 5012 potuerunt,
1195 4949 1544 5015 disputentur.
1584 4946 1713 5001 Mss.
1747 4947 1942 5008 nostri,
1977 4956 2032 4999 ut
2067 4963 2170 5000 non

598 5032 801 5082 semper
829 5020 943 5069 sola
974 5015 1139 5085 (mss.
1186 5019 1557 5081 Sorbonicns,
1613 5016 1824 5087 omnia)
1867 5016 2002 5070 velut
2049 5032 2171 5083 pro-

600 5087 835 5138 nuntiari
1006 5090 1096 5141 sed
1129 5089 1391 5142 interdum
1423 5089 1580 5141 etiam
1616 5104 1677 5140 ea
1705 5103 1822 5155 qua:
1847 5103 1875 5140 e
1900 5088 2168 5140 contrario

600 5157 706 5234 dici
741 5167 1004 5228 poterunt,
1039 5159 1392 5228 disputentur.
1425 5158 1532 5213 Sed
1555 5159 1842 5229 legendum
1873 5158 2090 5213 videtur
2111 5167 2169 5211 ut

600 5240 655 5277 Ill
704 5237 874 5280 textu.

672 5294 795 5368 (88)
821 5295 950 5352 Vide
991 5308 1145 5353 notas
1177 5299 1268 5354 lib.
1300 5316 1312 5352 ι
1341 5299 1413 5354 De
1445 5300 1691 5368 princip.,
1722 5313 1842 5368 cap.
1879 5298 1934 5366 8,
1968 5307 2078 5353 not.
2113 5299 2162 5351 l.

601 5360 731 5438 lianc
763 5360 1012 5438 ()rigenis
1052 5371 1214 5424 verba
1255 5360 1496 5424 addenda
1543 5360 1688 5425 Sunt'
1716 5360 1933 5424 iu'iirre
1976 5370 2168 5438 capitis

600 5434 655 5508 8,
699 5435 822 5489 libri
851 5434 888 5502 ιζ
928 5439 1002 5492 De
1047 5441 1346 5508 principiis,
1381 5441 1467 5493 ubi
1504 5441 1830 5495 omittuntur
1865 5451 1918 5494 et
1948 5434 2167 5507 ubi'pro

601 5504 687 5583 his
717 5510 1002 5583 transtulit
1033 5504 1289 5566 Ruﬁnus:
1323 5512 1474 5583 Quas
1505 5527 1728 5583 nosnon
1747 5513 1916 5566 solum
1943 5527 2044 5564 non
2071 5504 2165 5565 su-

597 5577 872 5641 scipimus,
916 5580 1002 5632 sed
1030 5590 1077 5633 et
1107 5597 1280 5635 omnes
1309 5582 1404 5634 has
1430 5582 1742 5634 assertiones
1773 5598 1954 5635 eorum
1983 5594 2167 5635 contra

597 5645 756 5722 ﬁdem
779 5652 1307 5722 nostrunrivenientes
1345 5652 1640 5720 refutamus
1673 5661 1825 5719 atque
1855 5652 2162 5722 respuimus.

609 5714 737 5768 Vide
771 5715 1191 5774 Observationes
1226 5714 1441 5776 nostras
1482 5723 1533 5775 in
1556 5714 2017 5783 burrclbcunh'et
2041 5721 2167 5774 Ori-

597 5787 872 5853 geniunor.
906 5787 999 5842 lib.
1034 5805 1089 5856 ιι,
1123 5802 1312 5858 quaest.
1347 5792 1401 5855 6,
1440 5807 1588 5846 rrum.
1626 5793 1805 5854 17,18
1842 5791 2003 5848 eti9.
2044 5791 2168 5846 lla‘c

596 5861 781 5914 eadem
834 5859 1082 5929 Origenis
1119 5864 1292 5932 verba
1351 5863 1436 5931 sic
1481 5863 1647 5921 refert
1700 5863 2061 5934 Hieronymus
2110 5864 2162 5919 in

2274 4665 2593 4738 animarum,
2625 4662 2777 4738 quasi
2823 4663 2874 4715 in
2918 4663 3493 4738 titulo_mox__lrabenl,
3531 4662 3596 4738 In
3622 4661 3816 4738 δεριὶῃιρ

2273 4734 2406 4786 libro
2439 4734 2492 4785 in
2519 4729 2861 4800 Evangelium
2895 4733 3182 4786 secundum
3214 4733 3524 4788 Matthwum
3557 4736 3625 4786 ita
3655 4729 3814 4784 scribit

2271 4805 2334 4856 de
2377 4805 2818 4857 transmutatione
2855 4804 3175 4856 animarum.
3223 4805 3329 4859 Sed
3372 4810 3506 4858 is.
3551 4812 3606 4856 ut
3645 4803 3694 4854 in
3729 4811 3815 4851 no-

2271 4886 2383 4928 stro
2403 4883 2572 4938 textu,
2597 4872 2699 4942 nisi,
2723 4873 2865 4942 quod
2889 4873 3106 4941 quidam
3133 4875 3387 4929 omittant
3410 4890 3546 4938 vero,
3573 4883 3624 4926 et
3647 4881 3815 4942 omnes

2273 4945 2531 5009 habeant,
2575 4946 2630 4997 in
2679 4941 3000 5012 Euangelio;
3045 4945 3140 4998 sed
3199 4945 3543 5000 scribendum
3584 4941 3815 4996 duximus

2271 5030 2392 5068 curn
2426 5016 2610 5079 editis,
2644 5014 2697 5066 iu
2747 5013 3110 5082 Evangelium.
3153 5014 3352 5070 Deinde
3406 5015 3616 5068 titulum
3659 5013 3813 5082 lrunfo

2274 5083 2556 5151 Responsio
2597 5076 2680 5137 'ad
2727 5076 2921 5138 nonam
2967 5086 3410 5139 criminationem.
3454 5084 3616 5151 Caput
3644 5077 3712 5143 Χ,
3747 5076 3818 5130 De

2273 5155 2734 5229 transmittatione
2762 5157 3063 5229 animarum
3091 5197 3106 5221 ,
3165 5159 3231 5210 de
3285 5165 3496 5229 nostro_
3537 5151 3816 5229 addidimus

2271 5229 2337 5279 ad
2373 5227 2656 5280 clariorem
2684 5224 2844 5278 libelli
2873 5220 3196 5281 divisionem
3229 5244 3244 5281 :
3279 5241 3378 5282 nec
3416 5225 3557 5280 enim
3591 5225 3641 5276 in
3668 5220 3810 5274 editis

2271 5311 2373 5351 nec
2421 5298 2472 5350 in
2513 5312 2641 5349 mss.
2688 5303 2981 5364 comparet.

2341 5366 2453 5440 (90)
2477 5367 2554 5440 Ex
2584 5367 2676 5420 lib.
2703 5381 2778 5419 vrr
2810 5364 3098 5421 Comment.
3122 5367 3178 5440 in
3201 5367 3526 5440 diattlrteurrr.
3684 5431 3694 5440 I

2339 5439 2452 5508 (9l)
2485 5439 2562 5492 Ita
2596 5451 2784 5508 omnes
2815 5452 2945 5491 mss.
2977 5439 3171 5493 nostri.
3215 5439 3352 5493 Εᾱὶιὶ
3379 5448 3590 5508 autem,
3615 5439 3792 5500 opinan

2268 5504 2679 5563 tutu—animam
2709 5504 2843 5561 Etia:
2870 5511 3104 5562 eamdem
3126 5525 3236 5563 esse
3256 5525 3374 5579 qua:
3395 5506 3762 5579 Joannis,_el9.

2340 5578 2451 5650 (92)
2482 5579 2646 5643 Editi,
2672 5593 2829 5650 quam
2858 5580 2996 5647 quod
3022 5580 3139 5642 illi;
3169 5590 3223 5634 et
3266 5570 3426 5648 paulo
3446 5585 3586 5650 post,
3625 5570 3816 5625 Adden—

2267 5647 2394 5703 dum
2427 5647 2600 5702 autem
2627 5647 2833 5719 etillud
2866 5660 2962 5712 est,
2988 5651 3134 5719 quia,
3163 5647 3274 5705 etc.
3292 5650 3416 5704 Mss.
3442 5647 3811 5719 plures,_qtfam

2267 5737 2386 5786 qua:
2417 5721 2499 5773 illi
2523 5721 2646 5786 (ins.
2685 5710 3037 5794 Sallernigii',
3070 5710 3227 5794 quam
3254 5737 3404 5794 quem
3429 5710 3814 5794 i'tli)..._.Adde_n_-

2268 5785 2394 5843 dum
2421 5785 2592 5843 autem
2626 5800 2673 5844 et
2707 5789 2840 5861 illud
2869 5785 2965 5855 est,
3001 5785 3146 5861 quia,
3182 5785 3289 5848 etc'.
3349 5791 3451 5847 Sed
3500 5785 3686 5841 melius
3722 5790 3824 5833 ms.

2272 5861 2605 5917 Sorborricus
2641 5870 2696 5917 ut
2729 5860 2780 5915 in
2821 5867 2995 5916 textu.
