4020 6306
219 357 314 413 609

1391 353 1737 411 APOLOCIA
1774 354 1912 411 PRO
1952 351 2274 410 ORIGENE.

3369 353 3470 418 610

218 490 331 548 qua!
365 483 590 545 peccata
621 474 751 546 Elite
795 475 975 530 anima
1009 481 1367 529 transmutata
1420 483 1505 529 est
1539 474 1592 529 in
1623 472 1790 529 Joan-
1820 481 1868 534 Α
1891 474 1991 529 es?
2025 471 2094 526 Et
2121 472 2248 526 dicit
2273 486 2292 526 :
2317 469 2439 525 Non
2465 486 2579 525 sum
2603 469 2667 523 ⁸³.
2700 468 2807 530 Sed
2831 477 2889 524 ut
2916 468 3240 525 ostendatur
3269 484 3470 526 conve-

215 583 351 632 nem,
382 566 476 638 qui
503 569 573 623 ab
606 567 723 637 ipso
746 567 939 638 angelo
959 568 1265 623 nasciturus
1303 568 1718 637 praenuntiatur,
1751 581 1782 620 a

213 656 562 730 quoetJesus
600 659 849 718 Salvator
895 658 1121 715 noster?
1160 659 1442 728 Quomodo
1499 674 1629 729 ergo
1682 674 1790 715 non

211 751 672 807 evidentissimum
704 754 805 808 hoc
830 754 1172 809 mendacium
1204 763 1309 817 est,
1347 763 1406 808 ut
1430 753 1518 808 ilie
1547 753 1638 822 qui
1681 761 1790 808 tam

209 840 484 914 perfectus
503 843 625 909 fuit,
657 853 713 898 ut
748 859 816 899 ne
844 860 1184 902 communem
1213 846 1433 916 quidem
1456 847 1615 901 istam
1638 859 1786 901 mor-

211 946 312 991 tem
350 945 616 1006 gustaret,
643 939 854 992 veniret
888 938 957 992 ad
1005 938 1519 994 transmutatiouem
1569 938 1782 1005 animae,

206 1041 324 1096 quae
360 1029 656 1084 secundum
685 1028 901 1084 illorum
931 1030 1292 1085 assertionem
1315 1046 1422 1086 non
1437 1040 1616 1100 potest
1640 1030 1786 1085 acci-

205 1119 331 1174 dere
375 1119 476 1175 nisi
511 1134 578 1174 cx
629 1122 915 1191 peccatis?
945 1120 1085 1193 (92')
1127 1123 1334 1179 Deinde
1379 1124 1650 1192 quomodo
1684 1122 1788 1178 hoc

202 1221 480 1280 exponent
513 1211 656 1277 quod
685 1213 888 1270 dictqu
921 1224 1005 1269 est
1037 1215 1104 1270 ad
1126 1213 1390 1271 Joannem
1443 1232 1456 1270 :
1513 1215 1592 1280 Tu
1638 1214 1789 1270 Elias

273 1326 462 1379 Ἀλλοι
501 1326 598 1396 μὲν
626 1322 718 1381 οὖν
745 1327 1276 1399 ὑπολαμϐανέτωσαν
1311 1331 1448 1397 ξένοι
1468 1331 1561 1385 τοῦ
1589 1332 1784 1404 ἐκκλη-

205 1416 488 1471 σιαστικοῦ
517 1417 674 1486 λόγου
709 1419 1058 1489 μεταϐαίνειν
1093 1419 1193 1484 τὰς
1239 1421 1418 1494 ψυχὰς
1445 1423 1553 1478 ἀπὸ
1597 1425 1784 1495 σωμά-

1894 565 2015 620 nire
2045 565 2146 619 hoc
2178 563 2344 618 etiam
2379 562 2458 616 illi
2493 562 2660 616 verbo
2682 563 2826 631 quod
2871 561 3006 616 dixit
3064 561 3357 616 Dominus:
3409 560 3470 616 Si

1893 657 2046 711 vultis
2092 657 2375 721 suscipere,
2415 654 2526 722 ipse
2570 663 2646 708 est
2689 651 2840 707 Elias
2865 654 2955 723 qui
2997 665 3240 708 venturus
3265 664 3344 707 est
3372 654 3418 685 ’³⁵
3453 670 3466 706 :

1893 748 2000 802 hoc
2052 747 2197 817 quod
2255 746 2414 810 dixit,
2446 743 2596 798 Elias
2619 745 2726 810 ipse
2754 754 2846 806 est,
2882 743 3227 800 referendum
3270 755 3351 799 est
3401 745 3469 798 ad

1893 838 2145 908 spiritum
2183 846 2237 891 ct
2261 837 2515 892 virtutem
2546 836 2715 906 ipsius
2740 836 2888 889 Elite.
2909 833 3144 890 Joannes
3171 836 3311 889 enim
3344 848 3469 904 pro-

1893 931 2059 988 cessit
2087 929 2145 983 in
2167 927 2358 997 spiritu
2385 937 2432 980 et
2473 928 2663 996 virtute
2687 927 2825 981 Elia:
2854 938 3148 980 convertere
3182 927 3340 980 corda
3371 942 3467 996 pa—

1893 1035 2028 1078 trum
2047 1024 2115 1076 ad
2155 1021 2388 1089 ﬁlios“.
2429 1039 2448 1072 ι

1964 1112 2297 1168 Paurntws.
2334 1108 2409 1164 De
2449 1123 2514 1164 eo
2557 1109 2706 1178 ipso,
2759 1122 2824 1162 ex
2871 1093 3160 1164 undecimo
3220 1105 3357 1162 libro
3403 1107 3468 1163 de

1896 1204 2182 1278 Evangelia
2204 1206 2493 1259 secundum
2517 1201 2849 1256 Matt/imum.

1959 1339 2072 1412 (9'5)
2114 1337 2404 1394 ORIGENES.
2431 1335 2542 1406 (94)
2581 1358 2598 1388 ε
2637 1335 2702 1389 Hi
2733 1335 2951 1405 quidem
2987 1334 3266 1405 quialieni
3298 1344 3470 1390 sunta

1893 1433 2159 1489 catholica
2179 1431 2304 1498 ﬁde,
2340 1428 2623 1484 transferri
2645 1428 2856 1482 animas
2877 1442 2942 1482 ex
2965 1427 3216 1482 humanis
3232 1429 3472 1498 corpori-

199 1524 305 1560 των
336 1507 642 1580 ἀνθρώπων
669 1509 761 1562 ἐπὶ
791 1510 1016 1582 σώματα
1047 1513 1255 1580 κύνεια,
1297 1514 1439 1569 κατὰ
1470 1516 1568 1587 τὴν
1600 1515 1786 1585 διάφο-

1895 1528 1992 1582 bus
2022 1527 2074 1580 in
2104 1540 2328 1596 corpora
2356 1521 2672 1578 animalium
2699 1529 2914 1590 putant,
2969 1519 3268 1576 secundum
3315 1518 3469 1575 diffe-

202 1615 292 1670 ρον
319 1601 544 1654 κακίαν.
583 1601 774 1673 Ἡμεῖς
805 1602 863 1655 δὲ
910 1604 1173 1676 μηδαμῶς
1229 1605 1386 1660 τοῦτο
1439 1607 1785 1678 εὑρίσκοντες

1895 1618 2126 1672 rentiam
2152 1624 2520 1687 peccatorum.
2555 1613 2668 1684 (95)
2699 1611 2808 1668 Nos
2860 1627 2990 1668 vero
3031 1612 3124 1682 qui
3183 1612 3287 1667 hoc
3336 1628 3470 1668 nus-

197 1691 254 1745 ὲν
279 1695 352 1764 τῇ
386 1691 504 1765 θείᾳ
525 1694 739 1765 Γραφῇ,
774 1697 951 1767 φαμὲν
982 1698 1064 1751 ὅτι
1092 1699 1423 1763 κατάστασις
1452 1699 1787 1773 λογικωτέρα

1895 1724 2057 1780 quam
2080 1718 2293 1764 cautum
2317 1707 2626 1762 invenimus
2653 1707 2709 1760 in
2749 1705 2932 1760 divina
2987 1703 3296 1775 Scriptura,
3328 1705 3470 1759 dici-

199 1786 530 1855 μεταϐάλλει
557 1789 636 1851 εἰς
661 1788 1032 1862 ἀλογωτέραν,
1069 1793 1134 1845 ἐκ
1154 1791 1355 1864 πολλῆς
1389 1793 1660 1865 ῥᾳθυμίας
1693 1794 1788 1848 καὶ

197 1878 468 1949 ἀμελείας
515 1881 579 1934 τὸ
623 1881 868 1936 τοιοῦτον
918 1883 1223 1954 πάσχουσα.
1291 1886 1526 1958 Ὁμοίως
1580 1887 1638 1941 δὲ
1693 1887 1787 1940 καὶ

196 1973 520 2046 ἀλογωτέρα
556 1975 873 2047 προαίρεσις
905 1976 1058 2048 παρὰ
1088 1978 1149 2032 τὸ
1185 1978 1279 2032 τοῦ
1321 1979 1480 2048 λόγου
1527 1979 1602 2052 μὴ
1653 1983 1790 2052 ἡμε-

194 2065 450 2136 ληκὲναι,
488 2069 808 2140 ἐπιστρέφει
837 2071 966 2124 ’ποτὲ
991 2073 1069 2135 εἰς
1096 2070 1158 2124 τὸ
1184 2071 1373 2143 λογικὴ
1413 2069 1584 2137 εἶναι,
1619 2073 1694 2138 ὡς
1730 2075 1790 2128 τό

193 2175 337 2212 ποτε
374 2159 609 2213 κυνίδιον
627 2161 686 2213 τὸ
703 2161 934 2230 ἀγαπῶν
959 2163 1158 2218 ἐσθίειν
1187 2163 1298 2217 ἀπὸ
1325 2164 1431 2218 τῶν
1451 2164 1650 2236 ψιχίων
1682 2166 1794 2220 τῶν

192 2250 518 2305 πιπτόντων
561 2253 670 2306 άπὸ
705 2253 807 2324 τῆς
855 2255 1135 2326 τραπέζης
1186 2255 1296 2310 τῶν
1342 2256 1546 2328 κυρίων
1602 2258 1787 2324 αὐτοῦ,

191 2339 367 2409 ἥκειν
394 2342 474 2406 είς
505 2343 834 2397 κατάστασιν
864 2345 1077 2397 τέκνου.
1106 2345 1265 2413 Μέγα
1287 2344 1395 2416 γὰρ
1422 2347 1789 2417 συμϐάλλεται

191 2430 507 2503 ἀρετὴ-μὲν
536 2434 672 2502 πρὸς
715 2435 776 2488 τὸ
809 2437 1029 2508 ποιῆσαι
1070 2437 1260 2490 τέκνον
1289 2436 1458 2502 Θεοῦ,
1499 2441 1667 2494 κακία
1733 2441 1790 2494 δὲ

190 2521 294 2574 καὶ
332 2520 392 2572 τὸ
418 2521 688 2588 λυσσῶδες
720 2528 778 2579 ἐν
801 2526 979 2596 λόγοις
1012 2527 1368 2598 ὑϐριστικοῖς,
1404 2531 1500 2583 καὶ
1531 2529 1592 2582 τὸ
1639 2532 1790 2585 ἀναι-

193 2611 308 2675 δὲς,
345 2613 483 2685 πρὸς
511 2615 573 2667 τὸ
599 2618 820 2688 ποιῆσαί
855 2637 976 2674 τινα
1009 2621 1368 2694 χρηματίσαι,
1403 2620 1545 2676 κατὰ
1579 2623 1670 2676 τὸν
1692 2623 1791 2694 τῆς

197 2704 427 2776 Γραφῆς
462 2705 642 2773 λόγον,
670 2710 828 2764 κύνα.
861 2711 934 2764 Τὸ
961 2713 1018 2766 δὲ
1055 2714 1238 2784 ὅμοιον
1289 2714 1502 2785 νοήσεις
1551 2715 1643 2767 καὶ
1698 2715 1790 2768 ἐπὶ

199 2794 310 2850 τῶν
339 2795 543 2851 λοιπῶν
565 2800 865 2871 ὀνομάτων,
895 2802 1004 2857 τῶν
1030 2803 1169 2856 κατὰ
1188 2803 1257 2857 τά
1286 2803 1456 2872 ἄλογα
1482 2804 1615 2869 ζῶα.
1642 2805 1790 2876 Πλὴν

1894 1817 2014 1857 mus
2049 1801 2175 1872 quia
2215 1814 2309 1870 per
2337 1799 2562 1854 multam
2612 1799 2738 1852 vitae
2799 1797 3180 1868 negligentiam
3235 1797 3468 1851 humana

1893 1893 2199 1963 prudentia,
2232 1906 2352 1948 cum
2383 1889 2545 1944 fuerit
2583 1889 2785 1943 inculta
2817 1899 2978 1958 atque
3029 1889 3295 1958 neglecta,
3353 1887 3470 1944 θαι-

1897 1985 2040 2039 citur
2067 1984 2214 2038 velut
2256 1969 2629 2038 irrittionahile
2674 1996 2840 2050 pecus
2886 1997 2982 2050 per
3025 1980 3352 2052 imperitiam
3386 1981 3470 2036 vel

1899 2075 2305 2146 negligentiam,
2337 2089 2443 2129 non
2475 2089 2572 2142 per
2605 2083 2881 2126 naturam.
2913 2073 3171 2128 Similiter
3195 2083 3375 2128 autem
3415 2083 3472 2130 et

1894 2168 1946 2223 lii
1977 2168 2068 2236 qui
2100 2166 2232 2221 tales
2258 2165 2454 2220 fuerint
2483 2163 2658 2220 eﬂecti
2688 2179 2754 2218 ex
2791 2166 3050 2235 propositi
3076 2168 3157 2220 sui
3196 2167 3472 2238 negligen-

1895 2258 1966 2312 tia
1990 2273 2094 2328 qua
2129 2257 2334 2311 erudiri
2362 2255 2720 2326 neglexerint,
2749 2257 2860 2326 (96)
2899 2256 2942 2310 si
2988 2240 3276 2310 eruditioni
3303 2272 3361 2311 se
3382 2265 3470 2311 at-

1889 2364 1994 2420 que
2051 2347 2316 2404 exercitio
2361 2347 2672 2402 rationabili
2714 2345 3018 2401 dediderint
3055 2385 3070 2410 ,
3123 2345 3479 2402 rationabiles

1890 2440 2196 2496 efﬁciuntur
2227 2450 2386 2509 atque
2414 2440 2710 2510 prudentes
2747 2457 2760 2493 :
2812 2440 2953 2494 sicut
2988 2438 3246 2507 scriptum
3295 2445 3380 2493 est
3403 2438 3480 2492 de-

1892 2533 2000 2588 illis
2027 2531 2354 2602 evangelicis
2381 2529 2612 2585 canibus
2637 2531 2728 2599 qui
2765 2529 3168 2584 manducabant
3205 2529 3287 2593 de
3318 2528 3476 2582 micis

1890 2641 2005 2696 qua?
2033 2625 2226 2689 cadunt
2253 2623 2316 2677 de
2341 2638 2520 2676 mensa
2541 2621 2873 2675 dominorum
2900 2636 3116 2674 suorum
3136 2620 3182 2652 ⁷³
3223 2639 3236 2676 :
3259 2634 3325 2674 ex
3352 2619 3479 2690 qui-

1893 2716 1993 2770 bus
2015 2729 2276 2770 conversa
2306 2713 2612 2768 Chananaea
2650 2711 2792 2766 facta
2823 2719 2905 2766 est
2937 2711 3030 2765 Dei
3085 2710 3189 2764 filia
3216 2751 3231 2773 ,
3269 2725 3473 2766 secun-

1893 2808 2016 2860 dum
2048 2806 2188 2876 quod
2225 2806 2355 2860 dicit
2377 2805 2442 2859 ad
2463 2819 2581 2858 eam
2619 2803 2868 2858 Salvator
2900 2819 2912 2854 :
2938 2800 2983 2856 0
3011 2802 3147 2871 ﬁlia,
3175 2819 3364 2872 magna
3393 2811 3472 2858 est

195 2889 224 2941 ὁ
254 2889 536 2962 ἐλεγχθεὶς
569 2892 644 2956 ὡς
681 2893 963 2958 κύων,καὶ
1009 2897 1084 2970 μὴ
1134 2899 1518 2969 ἀγανακτήσας
1563 2899 1655 2951 ἐπὶ
1709 2897 1786 2969 τῷ

1895 2900 2022 2968 ﬁdes
2049 2909 2139 2952 tua
2162 2899 2228 2951 ⁷³.
2257 2898 2408 2952 Sicut
2429 2897 2575 2951 enim
2601 2896 2774 2949 virtus
2797 2897 2962 2950 animi
3001 2895 3214 2950 confert
3253 2894 3479 2949 unicuio

197 2981 420 3048 ἀνάξιος
444 2980 580 3038 εἶναι
606 2986 862 3055 λέγεσθαι
894 2987 1060 3060 ἄρτου
1099 2991 1305 3045 τέκνων
1335 3030 1350 3056 ,
1381 2990 1476 3042 καὶ
1511 2988 1648 3061 μετὰ
1680 2989 1784 3043 πά-

201 3089 298 3145 σης
328 3075 685 3143 ἀνεξικακίας
722 3079 890 3132 εἰπὼν
921 3081 1012 3133 τὸν
1049 3081 1149 3152 τῆς
1206 3080 1518 3145 Χαναναίας
1570 3081 1784 3152 ἐκείνης

198 3164 377 3234 λόγον,
415 3169 507 3222 τὸν
541 3173 806 3242 φήσαντα’
849 3174 982 3240 Ναὶ,
1008 3176 1206 3243 Κύριε,
1235 3174 1333 3228 καὶ
1363 3173 1472 3245 γὰρ
1501 3173 1574 3228 τὰ
1602 3173 1786 3228 κυνά-

193 3272 289 3326 ρια
343 3258 538 3313 ἐσθίει
569 3262 687 3315 ἀπὸ
722 3263 840 3317 τῶν
873 3266 1095 3335 ψιχίων
1126 3263 1244 3318 τῶν
1287 3267 1625 3318 πιπτόντων
1671 3263 1788 3318 ἀπὸ

195 3346 307 3419 τῆς
360 3351 657 3421 τραπέζης
703 3354 822 3409 τῶν
872 3359 1096 3426 κυρίων
1152 3355 1371 3421 αὐτῶν,
1406 3356 1650 3420 τεύξεται
1689 3355 1790 3426 τῆς

1891 3010 1994 3064 que
2019 3005 2075 3048 ut
2101 2992 2170 3048 sit
2214 2992 2357 3047 filius
2377 2991 2493 3058 Dei,
2539 2993 2613 3046 ita
2638 2983 2844 3046 malitia
2871 2990 3070 3046 mentis
3099 2999 3154 3045 et
3176 2988 3466 3043 verborum

1892 3087 2102 3142 insania
2133 3096 2295 3155 atque
2325 3085 2658 3155 impudentia
2707 3083 2837 3139 facit
2883 3096 3348 3152 unumquemque,
3391 3095 3474 3136 se-

1894 3181 2131 3234 cundum
2179 3177 2553 3233 auctoritatem
2585 3175 2906 3244 Scripturae,
2959 3172 3219 3244 appellari
3252 3185 3468 3226 canem.

1899 3263 2160 3319 Similiter
2196 3274 2373 3318 autem
2409 3263 2818 3333 intelligendum
2859 3271 2942 3316 est
2997 3263 3159 3315 etiam
3194 3263 3262 3316 de
3309 3269 3476 3315 caste--

1898 3368 2084 3407 rorum
2138 3352 2451 3406 animalium
2482 3363 2754 3407 mutorum
2786 3351 3257 3419 appellationibus.
3301 3367 3322 3402 ι

199 3457 442 3516 προσηνε
453 3446 650 3517 στάτης
683 3448 1027 3520 ἀποκρίσεως
1062 3451 1234 3522 Ἰησοῦ
1257 3449 1508 3519 λέγοντος
1535 3447 1683 3518 αὐτῷ
1701 3464 1715 3478 '
1734 3444 1978 3513 Μεγάλη
2008 3462 2124 3500 σου
2147 3445 2186 3512 ἡ
2220 3445 2442 3511 πίστις,
2474 3443 2611 3496 ἐπὰν
2636 3441 2966 3514 τηλικαύτην
2995 3441 3236 3513 ἀναλάϐῃ
3263 3445 3473 3504 πίστιν,

197 3538 288 3591 καὶ
316 3537 607 3607 λέγοντος·
635 3541 912 3596 Γενέσθω
941 3558 1039 3597 σοι
1079 3543 1159 3610 ὡς
1186 3543 1402 3610 θέλεις,
1431 3542 1522 3596 ἴνα
1553 3541 1647 3595 καὶ
1673 3539 1833 3603 αὐτὸς
1859 3538 2004 3610 ἰαθῇ,
2036 3539 2130 3591 καὶ
2173 3538 2226 3591 εἰ
2262 3555 2382 3592 τινα
2429 3536 2638 3608 καρπὸν
2676 3535 2931 3605 ἐγέννησε
2957 3534 3208 3606 δεόμενον
3252 3535 3478 3607 ίάσεως,,

198 3613 286 3690 καὶ
313 3627 479 3701 οὗτος
502 3637 831 3712 θεραπευθῇ.

1431 3776 1994 3836 INTERPRETATIO
2032 3775 2287 3832 HUETll.

265 3917 604 3993 Existiment
637 3921 806 3993 igitur
841 3919 929 3976 alii
962 3921 1018 3993 in
1050 3919 1435 3976 ecclesiasticis
1459 3917 2146 3993 sermonibusperegrini,
2176 3913 2410 3993 transire
2441 3910 2651 3993 animas
2681 3909 2748 3962 ab
2784 3906 3038 3993 utunanis
3064 3906 3381 3993 corporibus
3408 3908 3468 3963 in

206 4005 440 4059 corpora
473 3981 692 4055 canina:
725 4007 824 4060 pro
859 3992 1006 4045 varia
1045 3993 1338 4060 iniquitate
1367 4008 1381 4045 :
1409 4007 1508 4046 nos
1539 4005 1668 4045 vero
1693 3992 1743 4044 in
1775 3981 2280 4060 divinaiSeriptura
2308 3985 2357 4038 id
2398 3983 2620 4060 minime
2651 3981 3010 4048 reperientes.
3051 3981 3465 4060 pronuntiamus

204 4051 420 4115 ratione
453 4062 625 4132 magis
655 4051 940 4132 puilentem
971 4051 1410 4117 consu'tutionem
1457 4063 1510 4116 in
1542 4071 1817 4116 carentem
1845 4059 2024 4132 magis
2057 4051 2270 4111 ratione
2302 4053 2495 4108 mutari
2521 4067 2632 4132 ,_exr
2673 4064 2870 4132 magna
2913 4062 3106 4116 nempe
3151 4051 3357 4132 ignavia
3391 4058 3469 4132 ἐς

206 4132 416 4186 incuria
442 4131 495 4184 id
524 4120 821 4201 pvatiéntem
858 4133 1142 4187 :similiter
1173 4143 1226 4187 et
1255 4133 1480 4188 rationis
1511 4133 1724 4201 inopem
1773 4120 2100 4201 voluntatem
2159 4136 2383 4201 propter
2431 4120 3033 4201 neglectam'rationem
3086 4120 3330 4201 converti
3389 4120 3466 4177 ita

207 4189 620 4270 nonnunquam,
656 4211 712 4256 ut
753 4204 965 4257 ratione
991 4203 1216 4272 praedita
1250 4204 1467 4266 evadat,
1501 4189 1635 4256 adeo
1667 4211 1725 4254 ut
1747 4202 1838 4270 qui
1874 4200 2015 4272 ulim_
2033 4189 2277 4272 catellus
2312 4189 2583 4272 fuerat‘de
2630 4191 2784 4272 tui-iis
2808 4206 2843 4272 _e
2883 4202 3086 4272 mensa
3110 4189 3466 4272 nominor-um

207 4287 428 4326 suorum
455 4261 777 4327 cadentibus
806 4274 967 4328 edere
993 4261 1208 4338 amans,
1243 4273 1334 4326 lilii
1361 4261 1560 4326 statum
1585 4261 1929 4340 asseqtiatur.
1984 4265 2590 4341 Plurimum‘siquidem.
2609 4263 2823 4320 confert
2847 4261 3039 4341 virtus,
3068 4266 3129 4341 ut
3159 4261 3284 4341 quis
3323 4261 3467 4341 filius

207 4341 300 4397 Dei
327 4344 462 4406 liat;
496 4344 739 4413 nequitia
790 4354 991 4405 autem,
1015 4355 1069 4399 et
1098 4343 1150 4396 in
1182 4329 1592 4398 contumeliosis
1616 4329 1958 4398 sermonibus
1986 4340 2178 4413 _rabies
2210 4347 2263 4392 et
2298 4329 2649 4413 impudentia,
2692 4332 2917 4411 utquis,
2963 4330 3138 4413 juxta"
3167 4329 3467 4410 Scriptura;

209 4399 546 4479 sermonem,
577 4399 731 4468 canis
757 4399 1080 4482 appelletur.
1110 4413 1301 4468 Simile
1329 4413 1492 4466 etiam
1528 4414 1796 4482 intelliges
1819 4413 1886 4466 de
1924 4409 2144 4478 reliquis
2180 4399 2507 4482 nominibus,
2531 4420 2651 4482 qua:
2683 4404 2887 4456 ratione
2916 4399 3466 4482 caretiUbus_atti-nia-

205 4482 348 4537 libus
379 4470 720 4538 tribuuntur.
756 4470 1142 4539 verumtamen
1176 4485 1265 4554 qui
1305 4470 1803 4552 reprehendituFut
1834 4485 2008 4541 canis.
2042 4470 2143 4534 nec
2174 4491 2321 4554 aegre
2352 4476 2459 4530 fert
2491 4470 2802 4554 indignum"
2819 4487 2876 4524 se
2899 4470 3005 4551 dici
3039 4485 3175 4538 pane
3206 4470 3464 4554 filiorum,

206 4563 402 4608 etcum
438 4555 587 4609 omni
618 4555 874 4619 patientia
906 4540 1211 4608 sermonem
1266 4540 1594 4610 Chananmm
1647 4554 1792 4608 illius
1839 4540 2101 4620 usurpat,
2155 4540 2427 4603 dicventem
2461 4559 2476 4598 :
2522 4540 2720 4607 Etiam,
2761 4540 2998 4602 Domine,
3036 4555 3157 4620 nam
3201 4550 3248 4594 et
3288 4540 3466 4620 ca‘tetti

206 4624 361 4696 edunt
393 4608 460 4678 de
485 4608 675 4696 micis,
694 4608 814 4696 qua:
842 4625 1037 4696 cadunt
1060 4626 1122 4678 de
1146 4608 1326 4679 mensa
1373 4608 1709 4678 dominorum
1760 4608 2014 4686 suorum',
2063 4608 2405 4696 rititissittratn
2467 4623 2826 4696 consequetur
2877 4611 3281 4696 [espo_ttsiouent
3335 4608 3465 4696 .‘le's‘u

207 4693 437 4748 dicentis
471 4694 572 4764 ipsi
603 4711 616 4746 :
649 4679 845 4765 'M'ugna
876 4706 950 4748 est
990 4695 1121 4762 fides
1156 4706 1247 4749 tua
1269 4737 1282 4760 ,
1322 4705 1605 4763 postquam
1663 4704 1866 4748 tantam
1913 4679 2263 4765 assumpserit
2297 4689 2477 4747 fidem,
2506 4693 2559 4765 et
2582 4679 2841 4765 dicentis:
2870 4679 2995 4735 Fiat
3027 4679 3122 4733 tibi
3150 4681 3282 4735 sicut
3307 4680 3464 4749 vis",

207 4772 263 4819 ut
293 4773 349 4820 et
381 4751 503 4836 ipse
519 4751 768 4832 sanetur:
809 4775 865 4821 et
899 4767 942 4819 si
971 4751 1130 4836 quem
1163 4751 1388 4835 proiuiit
1411 4751 1649 4822 fructum
1676 4766 1958 4820 sanatione
1995 4751 2349 4832 indigentem,
2378 4764 2600 4811 sanetur
2634 4763 2690 4807 et
2714 4751 2823 4806 ille.

247 4955 474 5013 “Joan.
502 4975 541 5024 ι,
574 4956 666 5012 2i.
743 4955 788 4989 "°
830 4954 1023 5010 Matth.
1056 4970 1132 5018 xl,
1159 4951 1246 5006 l4.
1323 4952 1368 4982 '“
1401 4949 1534 5005 Luc.
1562 4966 1600 5015 ι,
1627 4950 1712 5004 17.

1791 4950 1836 4980 ⁷⁸
1867 4946 2054 5001 Matth.
2079 4961 2168 5011 xv,
2193 4943 2282 4998 97.

2360 4941 2406 4972 ⁷³
2446 4939 2574 4994 ibid.
2602 4940 2693 4995 28.
2769 4943 2814 4974 ⁷³
2842 4941 2971 5000 ibid.

275 5141 415 5210 (92‘)
443 5141 606 5205 Editi,
636 5141 888 5209 Denique.
917 5139 1045 5195 Mss.
1071 5137 1294 5210 Deinde.
1330 5135 1497 5210 Paulo
1526 5144 1786 5210 postims.
1819 5138 1864 5191 D
1896 5148 2158 5210 nusquam
2188 5130 2266 5186 vel
2291 5129 2541 5210 scriptum
2570 5124 3121 5210 cautum‘intpeuintus,
3146 5132 3252 5210 etc.

212 5199 430 5282 Regius,
458 5212 519 5266 Si
543 5199 698 5266 vultis
723 5199 877 5268 scire.
917 5211 980 5265 Et
1011 5209 1150 5265 infra
1169 5199 1560 5282 genebrardu's
1582 5199 1781 5269 habet,

209 5279 436 5336 Joannes
466 5285 603 5336 enim
648 5283 936 5351 pra'cesait,
998 5290 1105 5335 etc.
1165 5279 1270 5334 Sed
1317 5294 1506 5334 omnes
1558 5294 1690 5334 mss.
1733 5286 1788 5333 et

212 5353 491 5414 Mei-linus,
523 5352 755 5406 Joannes
776 5354 915 5406 enim
937 5351 1211 5419 processit,
1247 5358 1356 5404 etc.

281 5422 390 5491 (93)
435 5423 610 5476 Rufini
647 5424 1044 5490 interpretatio.

277 5490 388 5566 (94)
422 5494 497 5547 E-x
528 5493 622 5548 lib.
670 5497 1034 5566 trtioinment.
1065 5495 1120 5566 i_n
1151 5491 1667 5566 diattlueumtnum.
1695 5490 1786 5544 -l7.

209 5563 294 5618 Ita
316 5563 506 5619 omnes
532 5579 660 5618 Iuss.
693 5563 835 5617 Editi
854 5577 1003 5627 vero,
1041 5563 1295 5633 Quidam
1318 5566 1408 5633 qui
1441 5563 1602 5616 alieni
1641 5570 1787 5633 sunt,

210 5643 310 5690 etc.
339 5635 464 5690 llmc
493 5645 604 5688 tam
634 5634 823 5689 Graece
850 5648 1008 5702 quam
1037 5632 1247 5702 Latine
1278 5630 1512 5699 reperies
1551 5633 1606 5683 in
1641 5630 1782 5684 Mat-

213 5706 495 5768 tliazum,t.
535 5719 615 5772 ιιι,
648 5721 800 5760 num.
834 5701 924 5770 i7,
978 5718 1099 5774 pag.
1154 5701 1276 5757 506.
1343 5702 1471 5758 Vide
1517 5711 1677 5757 notas
1727 5702 1781 5755 in

215 5775 353 5830 hunc
379 5776 576 5831 locum.

286 5847 394 5916 (95)
426 5845 525 5906 Ms.
559 5846 892 5903 Sorhonicus
918 5859 1204 5917 perperam
1254 5842 1368 5899 Nos
1399 5859 1515 5899 vero
1547 5843 1635 5914 qui
1684 5843 1780 5897 hac

1965 5188 2078 5273 (9'6)
2107 5204 2180 5256 Ita
2215 5217 2347 5273 mss.
2384 5188 2718 5273 Sorhonicus
2748 5206 2812 5273 et_
2961 5191 3250 5273 Michaelis
3278 5190 3331 5245 in
3359 5188 3463 5273 fe-

1893 5261 2072 5329 rie‘ulo'
2103 5272 2301 5335 maris,
2353 5285 2581 5339 quorum
2614 5269 2751 5321 alius
2789 5269 2961 5339 habet
3011 5263 3272 5339 dederint,
3326 5261 3464 5317 alius

1891 5345 2206 5400 dediderint.
2235 5343 2327 5396 Sic
2357 5335 2519 5393 etiam
2547 5339 2675 5393 editi
2703 5379 2718 5402 ,
2746 5338 2846 5391 nisi
2889 5335 3034 5404 quod
3073 5335 3306 5404 habeant
3351 5344 3467 5386 tra-

1891 5419 2022 5470 dant
2066 5430 2163 5482 pro
2215 5413 2536 5482 dediderint,
2589 5426 2735 5482 quas
2780 5403 2940 5482 voces
2985 5403 3464 5482 ms._Corhc_i.e_nsis

1891 5474 2118 5549 omittit,
2149 5485 2288 5538 sicut
2319 5493 2373 5538 et
2404 5474 2623 5550 Regius
2649 5479 2737 5550 ubi
2796 5478 3010 5544 legitur.
3061 5475 3106 5528 si
3162 5474 3464 5550 eruditione

1893 5569 2047 5625 atque
2093 5543 2342 5608 exercitio
2395 5543 2736 5625 rationatiiles
2791 5551 3105 5625 efficiuntur,
3172 5555 3278 5600 etc.
3340 5543 3463 5597 Mox

1887 5620 2048 5681 iidem
2063 5625 2386 5696 posteriores
2400 5639 2553 5683 mss.;
2573 5621 2729 5684 alius,
2747 5636 2863 5689 qua:
2883 5620 3076 5696 cadunt
3094 5630 3249 5696 super
3263 5629 3466 5678 mensa;

1891 5688 2202 5766 aliusfquaz
2232 5694 2486 5747 cadebant
2511 5707 2665 5763 super
2684 5688 3061 5746 nte’nsaut.Sed
3092 5688 3305 5759 priores
3325 5699 3456 5744 mss.

1890 5777 1944 5826 et
1970 5768 2098 5825 editi
2129 5775 2186 5823 ut
2219 5767 2272 5823 in
2305 5774 2476 5822 textu.
