4020 6306
212 342 299 398 615
1394 334 1742 391 APOLOGIA
1775 333 1913 388 PRO
1951 332 2274 392 ORIGENE.

3343 343 3448 397 6M

202 457 295 514 τοῦ
325 457 664 526 ἁνθμῖκτου,
695 455 939 526 εὑρήσει
966 456 1076 524 τὴν
1102 456 1310 509 πίστιν
1334 452 1434 506 ἐπὶ
1462 452 1572 522 τῆς
1619 452 1760 522 γῆς

1872 467 2026 506 usum
2060 465 2369 522 corporum,
2403 461 2454 506 et
2481 467 2578 522 per
2597 453 2700 510 hoc
2728 453 2889 510 ﬁnem
2912 458 3168 513 mundum
3201 460 3446 529 recipere

201 552 264 613 ὡς
296 546 530 619 εὕρομεν
593 546 744 620 παρὰ
787 547 864 618 τῷ
906 545 1171 617 Ματθαίῳ
1229 543 1403 607 οὕτως
1438 543 1762 618 εἰρημένον·

201 642 408 707 Ὠσπερ
438 639 509 692 δὲ
544 643 604 693 αἱ
653 638 861 709 ἡμέραι
909 637 1019 691 τοῦ
1067 637 1231 700 Νῶε,
1288 635 1478 701 οὕτως
1529 634 1701 688 ἔσται
1727 635 1801 697 ἡ·

198 733 483 801 παρουσία
509 733 618 786 τοῦ
650 732 784 786 Υὶοῦ
821 731 922 785 τοῦ
953 730 1286 798 ἀνθρώπου.

195 829 451 884 indicatur
478 829 622 898 quod
686 830 739 882 in
797 827 1090 896 Evangelio
1147 827 1409 895 scriptum
1439 833 1522 880 est
1567 841 1584 880 :

1874 558 1937 598 ac
1961 543 2181 598 resolvi.
2205 541 2320 597 Non
2352 552 2530 600 tamen
2562 546 2634 599 ita
2678 547 2892 601 videtur
2934 559 3135 604 sanctae
3194 550 3445 621 Scriptu-

1874 650 1968 698 ται,
1991 650 2114 704 qua:
2144 634 2275 688 dicit
2306 635 2706 692 multitudinem
2760 642 3092 706 peccantium
3135 642 3445 710 relinquen-

1878 727 1997 780 dam
2021 742 2142 781 essc
2173 727 2226 781 in
2261 727 2368 782 fine
2397 729 2599 782 seculi.
2630 729 2782 796 Quod
2810 746 2874 785 ex
2909 746 2973 786 co
3006 733 3444 788 manifestissime

1659 823 2028 878 Verumtamen
2083 835 2238 890 putas
2294 823 2503 877 veniens
2541 822 2712 877 Filius
2757 825 2981 878 hominis
3019 827 3235 881 inveniet
3288 827 3443 895 [idem

193 936 335 992 super
355 932 547 976 terram
572 920 662 973 3‘?
690 919 841 975 Sicut
869 920 1006 973 enim
1027 918 1085 972 in
1107 917 1293 970 diebus
1323 916 1460 979 Noe,
1477 917 1554 968 ita
1581 915 1683 968 erit
1709 925 1754 967 et
1794 915 2044 967 adventus
2072 911 2198 966 Filii
2228 913 2452 966 hominis
2482 913 2561 966 8’?
2592 933 2610 964 ι

1408 1027 1968 1088 INTERPRETATIO
2006 1029 2265 1086 HUETII.

189 1133 403 1190 inveniet
435 1131 588 1200 [idem
617 1131 671 1183 in
701 1131 894 1184 terra?
946 1138 1000 1183 et
1044 1127 1499 1200 quemadmodum
1544 1125 1684 1195 apud
1715 1123 2022 1178 Maltineum
2064 1125 2140 1178 ita
2167 1137 2484 1193 expressum
2525 1124 2832 1197 invenimus
2878 1142 2893 1180 :

187 1207 358 1261 diebus
392 1197 526 1266 Noe,
554 1202 633 1254 ita
653 1201 749 1254 erit
771 1211 816 1254 et
849 1199 1102 1254 adventus
1132 1197 1265 1251 Filii
1303 1198 1552 1252 hominis.

2967 1128 3112 1183 Sicut
3155 1140 3328 1185 autem
3381 1134 3436 1188 in

246 1348 574 1403 PAMPHILUS.
601 1345 676 1417 (‘2)
701 1345 766 1399 Et
789 1353 1141 1414 posteaquam
1167 1343 1232 1397 de
1254 1340 1551 1412 Scripturis
1580 1339 1744 1395 multa
1764 1339 2042 1404 disseruit,
2073 1339 2188 1408 ipse
2203 1337 2312 1407 jam
2338 1354 2490 1394 suam
2519 1341 2844 1396 sententiam
2864 1341 2966 1397 hoc
2991 1344 3150 1399 modo
3172 1345 3432 1402 declarat.

248 1462 442 1514 Ἔσται
469 1459 526 1513 δὲ
541 1461 654 1519 τοῖς
677 1459 798 1512 τότε
822 1459 855 1528 ἡ
876 1457 983 1510 τῶν
1007 1457 1421 1529 ἁμαρτημάτων
1454 1456 1759 1528 εἴσπραξις’

184 1553 273 1606 οὐκ
316 1554 376 1605 ὲν
438 1548 957 1622 μετενσωματώσει·
997 1552 1046 1602 εί
1085 1549 1195 1620 γὰρ
1244 1549 1322 1603 ἐτι
1363 1550 1762 1621 ἁμαρτάνοντες

185 1645 714 1717 παραλαμϐάνονται,
765 1645 883 1716 ἦτοι
914 1643 1058 1714 ἄλλῳ
1108 1641 1296 1714 τρόπῳ
1329 1641 1602 1705 κολάσεως
1627 1641 1763 1712 μετὰ

1939 1453 2039 1526 (2‘)
2067 1453 2356 1510 Omosnss.
2387 1455 2465 1527 (ὅ)
2499 1474 2535 1507 «-
2557 1456 2674 1511 Erit
2707 1467 2881 1511 autem
2908 1458 2992 1513 his
3008 1459 3097 1528 qui
3128 1470 3254 1517 tunc
3283 1472 3444 1518 erunt

1871 1545 2220 1617 vindicta,(4)
2257 1561 2364 1600 non
2393 1561 2460 1602 ex
2487 1549 2936 1604 transmutatione
2961 1551 3262 1606 animarum
3291 1571 3306 1608 :
3334 1570 3440 1610 non

1867 1635 2008 1690 enim
2040 1635 2148 1705 jam
2171 1637 2237 1689 ad
2262 1638 2592 1706 peccandum
2621 1638 2772 1693 locus
2807 1640 3058 1697 eritzsed
3094 1643 3196 1696 alia
3240 1661 3442 1714 genera

181 1738 331 1792 τοῦτο
360 1736 806 1808 κολασθήσονται,
839 1736 932 1788 καὶ
973 1734 1116 1788 κατὰ
1150 1733 1308 1786 τοῦτο
1334 1735 1451 1805 ἦτοι
1489 1733 1580 1786 δύο
1607 1734 1760 1787 τόποι

1869 1735 2019 1782 erunt
2069 1743 2261 1798 paenae.
2296 1731 2703 1787 Transmutatio
2735 1748 2968 1803 namque
3008 1751 3292 1806 corporum
3319 1752 3440 1808 poe-

182 1831 450 1884 κολάσεων
487 1829 700 1883 ἔσονται
722 1827 998 1898 γενικοί’ὁ
1029 1827 1128 1898 μὲν
1154 1828 1212 1879 ὲν
1241 1826 1755 1898 μετενσωματώσει·

178 1922 280 1975 όδὲ
308 1921 414 1985 ἔξω
451 1920 542 1974 τοῦ
574 1915 814 1974 τοιούτου
855 1917 1137 1988 σώματος·
1175 1918 1272 1972 καὶ
1319 1918 1624 1987 λεγέτωσαν
1662 1918 1762 1981 τὰς

175 2013 383 2068 τούτων
416 2013 589 2076 αἰτίας
609 2052 622 2076 ,
653 2013 746 2064 καὶ
785 2010 1048 2082 διαφοράς
1072 2026 1084 2040 ’
1117 2009 1151 2080 ἢ
1201 2011 1260 2063 οὐ
1313 2009 1758 2082 κολασθήσονται,

171 2105 246 2171 ὡς
278 2106 492 2178 ἁθρόως
518 2102 879 2164 ἀποϐαλόντες
904 2101 970 2154 τὰ
995 2103 1363 2174 ἁμαρτήματα
1392 2105 1438 2155 οἱ
1468 2103 1560 2156 ἐπὶ
1581 2119 1763 2154 συντε-

169 2199 297 2270 λείᾳ
324 2196 769 2266 καταλειφθέντες
798 2214 811 2227 ο
853 2196 908 2268 ἢ,
944 2196 1080 2266 ὅπερ
1121 2193 1348 2264 βέλτιον,
1378 2190 1456 2259 εἷς
1497 2195 1608 2248 ἐστι
1634 2195 1761 2266 τρό-

168 2308 279 2353 πος
327 2289 594 2352 κολάσεως
637 2289 748 2350 τοῖς
794 2284 1169 2357 ἡμαρτηκόσιν
1209 2285 1266 2335 ἐν
1311 2283 1542 2355 σώματι,
1572 2285 1632 2336 τὸ
1659 2283 1763 2348 ἔξω

164 2381 345 2436 αὐτοῦ
370 2381 468 2449 τῆς
505 2379 890 2441 καταστάσεως
917 2375 1010 2430 τοῦ
1047 2376 1161 2447 βίου
1193 2375 1384 2428 τούτου
1410 2375 1470 2428 τὸ
1502 2375 1762 2442 καταξίαν

166 2471 282 2528 τῶν
335 2470 736 2542 ἡμαρτημένων
789 2469 982 2523 παθεῖν
1009 2486 1022 2498 ·
1059 2468 1288 2521 ἕκαστον
1330 2467 1387 2519 δὲ
1434 2467 1637 2521 τούτων
1684 2467 1762 2539 τῷ

170 2564 367 2636 ὲνορᾷν
409 2562 692 2633 δυναμένῳ
729 2564 839 2626 τοῖς
876 2560 1193 2633 πράγμασιν
1230 2559 1618 2630 ἀνατρεπτικόν
1647 2561 1762 2612 ἐστι

170 2652 859 2726 τῆςμετενσωματώσεως.
897 2654 960 2706 Εἰ
1004 2653 1060 2704 δὲ
1079 2651 1388 2720 ἀναγκαίως
1418 2652 1468 2704 οἱ
1496 2652 1595 2723 τὴν
1638 2669 1762 2723 μετ-

173 2743 558 2815 ενσωμάτωσιν
589 2744 898 2812 εἰσάγοντες
931 2742 1211 2816 Ἕλληνες,
1259 2743 1334 2806 ὡς
1363 2742 1628 2796 ἀκόλουθα
1667 2745 1763 2798 αὺ-

173 2839 282 2902 τοῖς
305 2838 568 2901 τιθέντες,
603 2837 724 2890 οὐδὲ
756 2836 1071 2908 φθείρεσθαι
1104 2836 1383 2908 βούλονται
1412 2836 1502 2890 τὸν
1536 2837 1758 2908 κόσμον,

174 2931 287 3004 ὥρα
328 2933 425 2984 καὶ
478 2930 698 2994 τούτους
739 2929 1163 3000 ἀντιϐλέψαντας
1216 2932 1336 2994 ταῖς
1376 2929 1761 2998 ἐκφαινούσαις

174 3022 418 3093 Γραφαῖς
447 3021 821 3094 φθαρήσεσθαι
849 3021 939 3075 τὸν
978 3021 1210 3092 κόσμον,
1256 3021 1290 3093 ἢ
1327 3021 1624 3092 ἀπιστῆσαι
1666 3021 1762 3073 αὑ-

1862 1837 1984 1874 nam
2016 1837 2122 1876 non
2151 1821 2311 1877 faciet
2335 1834 2702 1892 peccatorum,
2731 1826 2799 1880 ita
2839 1838 2894 1880 ut
2923 1827 3065 1881 nulla
3101 1829 3442 1886 extrinsecus

1860 1920 2117 1985 putentur
2152 1915 2340 1970 inferri
2375 1917 2640 1987 supplicia
2664 1958 2679 1983 ,
2709 1922 2839 1986 quin
2872 1921 3051 1988 potius
3076 1930 3158 1974 est
3189 1930 3439 1990 peccato.

1865 2007 2014 2059 ribus
2047 2021 2329 2074 ptenarum
2356 2008 2569 2072 modus,
2600 2008 2652 2060 id
2682 2017 2766 2061 est
2795 2017 2855 2060 ut
2889 2024 2986 2077 pro
3019 2011 3102 2065 his
3138 2010 3213 2081 (5)
3241 2027 3360 2081 quae
3386 2012 3440 2067 in

1861 2096 1965 2151 hoc
1992 2098 2190 2151 mundo
2219 2107 2523 2168 gesserunt,
2567 2115 2780 2167 poenam
2811 2102 3074 2170 recipiant
3097 2103 3437 2160 delictorum.

1861 2187 2206 2244 Manifestum
2231 2199 2408 2244 tamen
2435 2199 2515 2246 est
2536 2191 2679 2261 quod
2711 2191 2827 2247 istae
2851 2193 3072 2264 singulae
3100 2196 3335 2251 rationes
3357 2197 3439 2252 his

1862 2281 1950 2350 qni
1986 2289 2208 2348 possunt
2233 2282 2308 2336 rei
2338 2284 2782 2352 consequentiam
2811 2284 3100 2354 diligenter
3131 2287 3437 2357 advertere,

1862 2375 2151 2428 contraria:
2189 2383 2314 2428 sunt
2361 2375 2488 2430 huic
2519 2376 2754 2446 dogmati
2794 2392 2902 2447 quo
2934 2377 3289 2447 perhibentur
3319 2381 3440 2432 ani-

1863 2480 1963 2519 ma:
1999 2465 2374 2520 transmutari.
2413 2466 2563 2532 Quod
2607 2468 2652 2521 si
2682 2469 2958 2539 gentilium
2997 2481 3247 2524 auctores
3289 2471 3442 2540 sequi

1861 2556 2046 2610 volunt
2071 2558 2162 2624 qui
2187 2557 2496 2624 opinionem
2525 2559 2677 2613 istam
2701 2576 2766 2615 ex
2797 2561 3184 2630 principiorum
3214 2577 3436 2617 suorum

1863 2650 2248 2718 consequentia
2277 2652 2544 2720 persecuti
2570 2662 2715 2717 sunt,
2734 2654 2974 2708 dicentes
2999 2669 3124 2710 cum
3153 2655 3265 2709 hinc
3289 2657 3441 2720 fiant,

1863 2739 1981 2796 sine
2012 2741 2175 2796 dubio
2223 2758 2498 2813 nunquam
2562 2747 2822 2799 mundum
2878 2747 3041 2801 istum
3077 2763 3234 2816 posse
3259 2747 3440 2816 finiri,

1862 2848 2202 2905 consequens
2234 2844 2318 2891 est
2343 2852 2435 2892 eos
2459 2838 2534 2908 (6)
2573 2838 2666 2908 qui
2712 2839 2825 2893 haec
2856 2841 3118 2904 sentiunt,
3147 2840 3444 2910 Scriptum

1866 2933 2066 2979 nostra:
2119 2941 2226 2981 non
2277 2929 2499 2982 credere
2521 2968 2535 2992 ,
2568 2943 2690 2998 qum
2730 2928 3172 2984 manifestissime
3203 2945 3444 3000 pronun-

1865 3018 1965 3071 tiat
1987 3017 2150 3073 ﬁnem
2180 3021 2364 3073 mundi
2401 3020 2664 3085 futurum,
2696 3031 2751 3074 et
2773 3037 2877 3075 non
2913 3023 3205 3090 exquirere
3228 3021 3280 3074 in
3314 3021 3444 3090 ipsis

174 3087 306 3179 ταῖς,
338 3114 372 3184 ἢ
422 3087 787 3186 εθρεσιλογεῖν
826 3113 952 3184 περὶ
1003 3087 1308 3185 διῆγήσεως
1337 3111 1446 3164 τῶν
1478 3087 1618 3164 κατὰ
1661 3112 1759 3181 τὴν

1869 3110 2167 3180 Scripturis
2203 3111 2592 3181 expositiones,
2621 3114 2736 3167 sive
2769 3113 3100 3168 assertiones
3148 3114 3358 3183 ineptas
3387 3121 3442 3167 et

177 3206 506 3272 συντέλειαν,
542 3207 678 3278 ὅπερ
735 3205 836 3260 κᾶν
869 3205 1161 3276 βούλωνται
1203 3205 1447 3276 ποιῆσαι,
1497 3206 1558 3258 οὐ
1601 3203 1760 3276 δυνή-

176 3314 375 3354 σονται.

1863 3201 2342 3274 inconsequentes,
2374 3221 2439 3260 ex
2472 3207 2669 3276 quibus
2699 3207 2842 3261 nullo
2874 3221 3076 3276 genere
3096 3193 3308 3261 ostendi
3346 3222 3418 3275 po

1860 3303 1964 3351 test
2005 3299 2147 3366 quod
2200 3282 2494 3353 secundum
2554 3298 2866 3370 Scripturas
2915 3310 3131 3356 nostras
3163 3314 3441 3371 nunquam

1857 3389 2038 3443 saeculi
2083 3388 2207 3444 linis
2254 3390 2471 3447 futurus
2517 3391 2606 3446 sit.
2648 3409 2666 3442 ι

1412 3502 1977 3560 INTERPRETATIO
2017 3503 2061 3557 Η
2073 3503 2278 3559 UETII.

239 3603 549 3657 Pnnientur
579 3611 759 3657 autem
788 3615 976 3657 eorum
1002 3601 1343 3670 peccataqui
1369 3609 1495 3652 tunc
1519 3609 1678 3653 erunt
1713 3639 1726 3662 ,
1753 3612 1857 3651 non
1887 3612 1982 3667 per
2011 3598 2386 3667 migrationem
2421 3613 2452 3653 e
2475 3614 2701 3668 corpore
2732 3600 2784 3654 in
2816 3616 3011 3670 corpus
3052 3619 3068 3656 :
3102 3617 3223 3656 nam
3267 3604 3313 3657 si
3349 3605 3417 3658 ad

176 3673 274 3729 huc
298 3683 598 3741 peccantes
630 3668 1242 3743 depreliettduntttr,_vel
1273 3668 1398 3722 alio
1434 3682 1613 3743 poena:
1659 3683 1857 3738 genere
1889 3677 2078 3743 postea
2131 3671 2560 3743 punienturtac
2603 3673 2720 3724 dna:
2762 3668 2987 3743 proinde
3027 3673 3308 3743 generales
3340 3689 3445 3743 pu-

176 3738 348 3798 niendi
399 3745 642 3798 rationes
673 3738 869 3807 erunt;
912 3742 1000 3794 illa
1029 3738 1244 3808 quidem
1279 3755 1377 3808 per
1406 3739 1692 3811 transitum
1718 3754 1748 3793 e
1779 3753 2010 3811 corpore
2041 3738 2094 3792 in
2144 3754 2348 3811 corpus
2381 3755 2394 3802 ;
2432 3741 2520 3794 illa
2546 3756 2674 3795 vero
2703 3738 2856 3795 extra
2909 3738 3093 3797 hocce
3115 3759 3308 3811 corpus
3328 3738 3356 3808 ε’
3379 3761 3445 3800 ac

176 3815 390 3868 illarum
427 3830 623 3869 causas
650 3825 704 3868 et
751 3811 1096 3883 differentias
1156 3819 1499 3883 exponant:
1537 3809 1624 3883 vel
1665 3824 1772 3862 non
1813 3810 2148 3883 punientur,
2197 3809 2351 3877 quasi
2396 3823 2618 3880 peccata
2667 3828 2760 3865 sua
2810 3813 3092 3867 confestim
3143 3809 3447 3883 alijecerint

177 3885 262 3952 qui
297 3889 349 3939 in
400 3886 869 3939 consummatione
893 3878 1466 3955 fuerint_d_eprehensi
1495 3897 1509 3945 ;
1543 3878 1825 3955 vel,_quod
1885 3879 2075 3955 melius
2102 3888 2360 3955 es_t,_una
2397 3878 2612 3934 tantum
2661 3884 2872 3936 ratione
2905 3878 3230 3950 plectuntur,
3266 3887 3355 3955 qui
3387 3887 3438 3938 in

178 3949 407 4024 corpore.
439 3963 824 4023 peccaverunt,
858 3967 1052 4022 poenas
1085 3951 1337 4024 videlicet
1361 3960 1514 4005 extra
1543 3949 1779 4024 illud,__et
1806 3957 1977 4024 extra
1999 3951 2125 4024 vitae
2155 3949 2315 4024 huius
2357 3960 2557 4024 statum
2588 3968 2652 4006 ex
2701 3949 3052 4020 peccatorum
3083 3949 3303 4008 suorum
3335 3971 3447 4009 me-

179 4019 278 4080 rito
304 4019 532 4081 dantes.
567 4019 1003 4094 Unumquodque
1025 4031 1204 4076 autem
1243 4021 1483 4094 illorum,
1519 4033 1576 4074 ut
1611 4019 2060 4094 facileuintelligit
2090 4021 2339 4094 quisquis
2367 4037 2453 4094 res
2485 4019 2845 4090 introspicere
2879 4035 3076 4091 petest,
3116 4026 3446 4080 sententiam

177 4096 240 4149 de
273 4097 606 4166 migratione
642 4089 943 4148 animarum
981 4107 1018 4166 _e
1059 4107 1296 4166 corpore
1346 4093 1397 4146 in
1433 4106 1629 4159 corpus
1663 4089 1905 4166 funditus
1960 4090 2450 4166 lalief‘aetat.Quod
2488 4095 2532 4146 si
2584 4089 2673 4159 qui
2721 4089 3002 4166 transitum
3039 4097 3341 4149 animarum
3390 4099 3444 4149 in

178 4167 320 4220 varia
351 4160 593 4234 'corpora
633 4166 894 4219 invehunt
921 4160 1388 4232 ethnici,'utpote
1433 4171 1797 4234 consentanea
1837 4160 2096 4234 doctrina:
2142 4163 2266 4215 huic
2314 4172 2650 4226 instruentes,
2688 4165 2867 4216 mundi
2922 4165 3197 4218 interitum
3252 4181 3443 4220 neces-

179 4240 314 4291 sario
340 4231 1063 4302 non—admittunt,superest
1085 4243 1152 4305 _ut
1174 4231 1462 4301 postquam
1495 4231 1798 4305 scripturis
1833 4231 2018 4284 mundi
2048 4244 2300 4305 occasum
2325 4235 2700 4286 aSserentihus
2725 4235 2897 4302 palam
2936 4236 3193 4305 refragati
3222 4235 3440 4297 fuerint,

178 4307 254 4360 vel
288 4308 457 4362 fidem
492 4308 558 4361 iis
597 4321 701 4359 non
737 4305 990 4368 habeant,
1017 4303 1101 4356 vel
1150 4305 1314 4357 verba
1352 4302 1848 4374 reperiantquibus
1892 4315 1956 4354 ea
1989 4315 2108 4369 qua:
2155 4302 2221 4355 ad
2257 4305 2787 4358 consummationem
2845 4302 3152 4374 pertinent,
3177 4305 3447 4374 explicare

179 4382 404 4445 possint,
431 4378 574 4446 quod
604 4377 785 4430 facere
816 4375 1129 4444 neutiquam
1157 4383 1433 4443 poterunt,
1467 4373 1683 4426 etiamsi
1711 4371 1903 4425 velint.

243 4485 578 4547 Paurutws.
613 4492 686 4546 De
715 4492 902 4548 eadem
952 4506 1028 4558 re,
1078 4505 1143 4546 ex
1169 4489 1304 4546 libro
1347 4489 1424 4545 De
1462 4490 1758 4544 Proverbiis
1793 4493 1836 4547 D
1865 4498 2036 4560 ptui-ae
2063 4500 2266 4546 sanctae
2308 4492 2687 4546 occasionibus
2713 4532 2726 4556 ,
2769 4507 2876 4546 non
2917 4493 3280 4563 intelligentes
3314 4509 3448 4564 quo-

179 4581 504 4638 Salomonis.

245 4677 541 4733 ORIGENES.
569 4676 647 4747 (Ἰ)
673 4695 691 4727 ι
720 4677 945 4732 Videtur
965 4686 1142 4731 autem
1169 4675 1299 4730 mihi
1322 4685 1377 4731 et
1405 4675 1491 4730 illa
1525 4676 1757 4732 assertio

179 4782 294 4835 quae
328 4768 714 4823 transformari
737 4768 950 4822 animas
978 4769 1044 4824 de
1073 4769 1394 4836 corporibus
1422 4769 1473 4822 in
1506 4769 1609 4822 alia
1633 4783 1756 4823 cor-

181 4873 303 4925 pora
339 4868 635 4922 asseverat,
667 4860 978 4929 pervenisse
1015 4861 1180 4914 etiam
1232 4859 1284 4913 in
1315 4859 1522 4929 aliquos
1561 4876 1751 4916 eorum

179 4951 267 5018 qui
320 4950 541 5005 Christo
571 4950 795 5005 credere
845 4951 1116 5014 videntur,
1148 4964 1216 5004 ex
1243 4949 1564 5017 quibusdam
1599 4950 1752 5006 Scri-

246 5066 288 5097 ⁸¹
314 5066 452 5121 Luc.
480 5081 636 5131 xvm,
669 5064 723 5119 8.
798 5064 843 5097 θ’
861 5063 1056 5118 Matth.
1085 5078 1232 5128 xxw,
1267 5063 1356 5117 57.

248 5161 439 5234 (2)715!
467 5163 902 5234 posteaquamﬂe
939 5159 1228 5230 Scripturis
1272 5159 1459 5234 multa
1483 5161 1752 5234 disseruit,

180 5231 280 5288 etc.
325 5233 488 5289 Certe
531 5231 762 5302 sequens
808 5232 1058 5303 Origenis
1116 5243 1400 5303 contextus
1450 5231 1762 5287 immediate

180 5307 414 5373 priorem
443 5305 688 5373 sequitur
723 5304 775 5358 in
798 5302 1015 5360 Graeco:
1043 5303 1282 5373 adeoque
1311 5302 1453 5356 inter
1477 5310 1761 5372 utrumque

180 5372 311 5429 nihil
351 5377 417 5428 de
442 5372 739 5443 Scripturis
769 5375 1027 5429 disseruit
1054 5372 1333 5443 Origenes.

251 5446 359 5515 (2‘)
401 5445 581 5499 Rufini
618 5446 1020 5515 interpretatio.

272 5513 346 5578 5)'
376 5515 453 5569 Ex
480 5517 574 5570 lib.
609 5529 712 5568 xm
736 5514 1028 5569 Comment.
1051 5514 1104 5566 in
1140 5513 1472 5578 Matt/neum,
1507 5529 1655 5569 num.
1699 5513 1750 5570 1.

272 5519 305 5569 5
376 5517 453 5569 Ex
480 5517 574 5570 lib.
609 5529 712 5568 xm
736 5517 1028 5569 Comment.
1051 5517 1104 5566 in
1140 5517 1472 5578 Matt/neum,
1507 5529 1655 5569 num.
1699 5517 1750 5570 1.

247 5517 329 5656 ίὸζ
375 5584 465 5639 Sic
486 5601 678 5642 omnes
724 5601 854 5640 mss.
887 5589 956 5638 At
991 5599 1119 5638 vero
1145 5585 1272 5656 editi
1299 5624 1314 5643 .
1357 5601 1457 5636 non
1488 5594 1755 5637 (rmismu-

182 5654 634 5710 tatio’animarum
668 5672 686 5709 :
723 5672 826 5709 non
846 5656 984 5709 enim
1011 5657 1128 5723 jam
1163 5654 1230 5705 ad
1261 5661 1577 5722 peccantium
1613 5657 1757 5707 locus

181 5727 298 5790 erit,
335 5736 442 5781 etc.
468 5727 711 5781 Notanda
741 5727 919 5779 ltufini
951 5724 1262 5792 interpretis
1295 5725 1512 5791 perfidia
1547 5727 1636 5794 qni
1673 5726 1758 5778 hic

184 5798 449 5865 reddidit,
479 5814 582 5853 non
615 5800 752 5852 enim
812 5796 915 5858 iam
949 5796 1016 5850 ad
1057 5800 1379 5865 peccandum
1409 5807 1576 5868 ‘locus
1629 5798 1721 5850 erit
1743 5839 1756 5863 ,

1870 4581 2030 4635 modo
2056 4581 2279 4652 intelligi
2311 4582 2542 4636 debeant
2581 4597 2700 4650 quae
2739 4584 2938 4652 scripta
2973 4594 3120 4637 sunt.
3150 4585 3266 4640 Non
3300 4588 3446 4640 enim

1867 4672 2156 4726 advertunt
2183 4675 2452 4742 quomodo
2485 4673 2644 4726 homo
2694 4673 2960 4727 efficiatur
2989 4676 3065 4746 (8)
3100 4685 3192 4728 aut
3236 4676 3444 4745 pullus,

1867 4771 1959 4816 aut
1999 4778 2189 4832 equus,
2236 4772 2329 4816 aut
2376 4763 2670 4829 mulus;et
2717 4775 3047 4831 putaverunt
3097 4767 3448 4820 transmutari

1862 4854 2155 4908 humanam
2186 4857 2422 4908 animam
2458 4857 2511 4909 in
2540 4857 2804 4924 pecudum
2836 4873 3086 4926 corpora,
3123 4868 3180 4912 ut
3210 4857 3448 4910 assuma-

1861 4957 1986 5003 rent
2005 4949 2149 5017 quod
2180 4948 2470 5017 aliquando
2519 4950 2790 5020 serpentis
2827 4951 3056 5019 suscipit
3108 4963 3328 5020 corpus,
3366 4929 3451 5003 Vel

1867 5180 1988 5219 cum
2021 5165 2284 5218 habeatur
2312 5164 2364 5218 in
2419 5163 2630 5228 Grteco,
2675 5166 2722 5216 εἰ
2765 5162 2872 5232 γὰρ
2917 5161 2994 5214 ἔτι
3047 5158 3452 5231 ἁμαρτάνοντες

1869 5235 2406 5306 παραλαμϐάνονται,
2445 5253 2565 5289 nam
2600 5238 2644 5288 si
2673 5238 2842 5286 adhuc
2862 5244 3134 5302 peccantes
3168 5232 3451 5284 deurehen‘

1866 5307 2087 5358 dunuux
2773 5345 2778 5349 .

1907 5322 2032 5358 unm
2042 5323 2087 5359 Γ.
2773 5345 2778 5349 .

1937 5325 2209 5446 ξὲἰιέάίιί,
2239 5393 2356 5448 qua:
2385 5378 2439 5430 in
2463 5376 2559 5429 hoc
2587 5392 2774 5445 corpus
2810 5383 3102 5444 gesserunt.
3145 5371 3268 5426 Mss.
3301 5382 3360 5426 ut
3388 5374 3450 5428 in

1867 5455 2126 5587 lmitigdta
2159 5533 2290 5574 mss.
2321 5517 2513 5575 nostri.
2542 5516 2681 5571 Editi
2711 5530 2868 5577 vero,
2917 5513 3007 5587 qni
3033 5517 3141 5567 hwc
3172 5512 3375 5587 colunt.

1934 5586 2010 5656 (7)
2043 5589 2112 5642 Ex
2149 5589 2440 5642 Comment.
2490 5589 2547 5640 in
2599 5587 2878 5639 Proverbia
2913 5586 3232 5637 Salomonis.

1934 5653 2012 5729 (8)
2053 5660 2254 5713 Omnes
2290 5675 2420 5713 mss.
2449 5659 2620 5712 nostri
2648 5657 2864 5729 habent,
2892 5664 2982 5707 aut
3007 5657 3208 5729 pulvis;
3234 5653 3328 5708 sed
3361 5663 3451 5709 ta:-

1867 5725 2002 5784 nien'
2028 5729 2312 5800 legendum
2345 5731 2558 5785 videtur
2592 5743 2714 5784 cum
2739 5727 2920 5792 editis,
2951 5734 3042 5780 aut
3076 5725 3297 5786 puitus.,
