4020 6306
486 376 494 385 ’
586 394 690 452 619
1968 399 2073 456 nni

2242 401 2441 455 Lua-1n
3716 423 3808 478 69,,

584 529 709 575 ctus
743 520 825 575 vel
864 530 1080 577 creatus
1115 537 1234 575 esse
1260 521 1557 587 diceretur,
1580 524 1693 594 (17)
1721 525 1979 580 continuo
2008 527 2179 594 Sllllji°
2210 533 2256 588 Α
2287 532 2363 581 vit
2393 529 2672 599 angustias
2704 532 2715 585 l
2758 534 2844 585 Ait
2871 533 3013 587 enim
3048 555 3059 589 :
3097 536 3233 602 Quid
3259 550 3332 592 est
3366 542 3500 609 quod
3522 543 3639 596 dixit
3665 547 3810 617 Deus,

583 623 735 667 ceret
774 614 914 667 inter
938 625 1161 668 cazteras
1197 623 1483 668 creaturas
1515 615 1722 671 factum
1752 631 1873 672 esse
1904 618 2169 688 Spiritum
2276 632 2332 675 ut
2368 639 2433 676 ea:
2461 624 2604 676 omni
2634 626 2779 692 ligno
2827 629 3062 695 paradisi
3116 647 3219 683 non
3271 637 3678 692 manducetis"?
3710 614 3815 709 Quo

580 704 993 760 Sanctum?aut
1025 706 1218 759 iterum
1261 706 1353 775 qui
1394 705 1614 761 Patrem
1662 717 1721 763 et
1776 709 1974 765 Filium
2006 714 2167 768 unius
2274 716 2482 769 scilicet
2522 733 2618 784 per
2660 717 2763 772 hoc
2799 736 2962 788 grave
3011 736 3132 776 esse
3186 740 3505 794 pra-ceptum
3556 729 3640 784 Dei
3690 704 3812 802 apud

580 796 914 860 διιυεῑτὶηιῖεη,
945 794 1301 865 (ιιιοίιϐνίιξεθ
1334 798 1618 868 ὁμοούσιον
1640 799 1859 865 diem".
1911 802 2169 871 deSiglla-
2275 808 2549 896 homiaet‘n
2610 826 2977 881 conquerens,
3048 817 3543 883 praevaricationem
3594 794 3816 896 praecepti

578 888 681 953 vit,
712 889 763 942 in
788 891 1248 958 consequentibus
1281 892 1467 944 statim
1503 892 1764 961 capitulis
1799 893 2026 948 alterius
2048 908 2170 949 esse
2272 875 2913 966 facilius‘persuaileret.
2964 875 3088 958 ilzec
3124 908 3371 975 exempla
3422 875 3839 979 patris'sui,";t-:'

576 981 919 1047 substantias,
964 990 1018 1035 et
1070 992 1312 1037 creatum
1349 992 1563 1052 poterat
1611 985 1797 1040 dicere
1844 1000 1969 1040 eum
2002 1001 2166 1056 quem
2270 1004 2375 1058 que
2408 991 2549 1045 hanc
2574 1000 2748 1045 artem
2785 993 3027 1063 magistri
3070 995 3153 1051 Sui
3186 996 3358 1049 secuti
3391 997 3642 1065 hteretici,
3671 1017 3817 1071 quos-

574 1078 736 1148 paulo
764 1085 893 1131 ante
917 1076 983 1131 de
1014 1076 1129 1145 ipsa
1162 1087 1354 1130 natura
1382 1077 1471 1132 Dei
1498 1077 1676 1132 Patris
1716 1080 2167 1149 pronuntiaverat
2269 1096 2482 1151 cunque
2514 1092 2759 1138 veterum
2800 1085 3059 1139 nobilium
3116 1097 3469 1143 traetatorum
3523 1093 3817 1151 invenerunt

574 1171 811 1226 natum?
864 1170 961 1226 Vel
996 1169 1192 1224 iterum
1241 1168 1308 1224 de
1376 1171 1785 1226 resurrectione
1825 1172 2030 1239 carnis,
2072 1172 2165 1242 qui
2266 1172 2334 1227 de
2372 1174 2474 1241 his,
2504 1190 2625 1244 qua:
2656 1176 2723 1230 ad
2757 1175 2984 1247 gloriam
3034 1178 3126 1233 Dei
3178 1180 3474 1249 pertinent,
3515 1183 3664 1253 plene
3688 1196 3736 1241 et
3768 1190 3814 1242 li-

570 1281 684 1320 ram
725 1264 1009 1320 evidenter
1034 1263 1408 1333 pronuntiavit
1450 1274 1699 1317 naturam
1743 1264 1928 1319 carnis
1963 1265 2015 1319 in
2046 1280 2162 1319 cte-
2266 1264 2459 1319 deliter
2488 1266 2815 1335 disputasse,
2846 1268 2918 1323 ita
2944 1276 3002 1321 ut
3029 1282 3093 1321 ex
3131 1267 3364 1326 lectione
3404 1272 3631 1342 ipsorum
3664 1292 3809 1333 unus-

570 1357 681 1411 ]nm
716 1355 1029 1411 ascendisse
1080 1371 1201 1409 cum
1242 1353 1416 1409 Verbo
1450 1354 1566 1420 Dei,
1625 1363 1786 1425 atque
1823 1356 1955 1411 inibi
1992 1357 2164 1412 ctele-
2265 1357 2494 1425 quisque
2527 1358 2762 1414 fidelium
2790 1360 3056 1429 prolicere
3089 1362 3264 1430 possit
3290 1372 3345 1416 et
3370 1362 3576 1433 instrui,
3606 1383 3700 1422 non
3729 1386 3813 1438 pe-

571 1451 749 1506 stibus
778 1449 1100 1520 apparuisse
1138 1448 1435 1503 virtutibus
1469 1463 1665 1503 novum
1689 1458 1744 1503 et
1781 1449 2158 1504 admirandum
2264 1460 2561 1517 percerunt
2608 1451 2833 1517 scriptis
2878 1467 3067 1508 eorum
3115 1453 3229 1525 (i9)
3284 1457 3583 1521 dogmatum
3615 1476 3810 1518 suorum

572 1544 655 1599 eis
706 1544 787 1597 sui
838 1543 1010 1596 visum
1051 1541 1409 1609 prtehentem,
1456 1539 1568 1612 (l8)
1618 1542 1874 1611 possibile
1928 1551 2047 1597 erat
2102 1549 2161 1597 ut
2263 1556 2591 1599 venenatum
2623 1544 2775 1601 virus
2808 1546 3115 1611 infundere,
3161 1548 3279 1604 sive
3320 1550 3676 1621 interpolando
3705 1571 3813 1624 quat

571 1640 718 1693 hanc
763 1637 959 1692 iterum
1009 1637 1220 1691 diceret
1267 1652 1371 1691 non
1433 1652 1556 1692 esse.
1621 1638 1975 1693 salvandam?
2021 1638 2156 1706 Quia
2262 1638 2532 1703 dixerant,
2563 1638 2677 1694 sive
2703 1654 2824 1708 qua:
2855 1655 2959 1694 non
2993 1642 3247 1697 dixerant
3274 1643 3569 1706 inserendo.
3609 1664 3708 1717 quo
3734 1648 3810 1702 .‘a-

572 1739 702 1792 ergo
729 1724 845 1778 haec
875 1724 1118 1779 incidere
1150 1740 1219 1779 ne
1268 1725 1322 1779 in
1365 1741 1490 1780 eum
1520 1726 1739 1796 quidem
1782 1737 2035 1797 poterant
2064 1728 2157 1797 qui
2259 1728 2420 1782 cilius
2455 1728 2707 1784 videlicet
2751 1730 2852 1785 sub
2908 1732 3128 1786 nomine
3178 1732 3477 1790 doctissimi
3506 1735 3736 1809 cujusque
3757 1752 3808 1795 et

570 1814 656 1868 vel
710 1822 903 1869 mente
944 1823 1143 1881 motus,
1180 1814 1263 1868 vel
1296 1816 1529 1870 cerebro
1564 1826 1710 1872 esset
1752 1818 1995 1882 insanus,
2026 1820 2155 1888 quid
2192 1884 2223 1889 __
2260 1818 2457 1873 nobilis
2496 1818 2639 1873 inter
2671 1821 2967 1889 scriptores
3013 1824 3423 1879 ecclesiasticos
3470 1830 3564 1881 viri
3608 1832 3809 1887 hazresis

570 1907 643 1960 sit
669 1906 722 1959 in
742 1921 929 1973 causa,
955 1920 1117 1977 quam
1140 1921 1361 1975 possunt
1390 1906 1631 1962 breviter
1648 1909 1911 1965 edocebo.
1938 1910 2149 1976 Quanta
2188 1884 2231 1939 Β
2265 1925 2377 1964 sua:
2420 1919 2759 1966 astrueretnr
2798 1916 3050 1980 assertio,
3091 1931 3161 1971 ex
3195 1932 3261 1971 eo
3305 1920 3444 1987 quod
3485 1920 3552 1975 ita
3599 1923 3810 1980 sensisse

570 1997 642 2051 sit
675 1997 1058 2052 haereticorum
1108 1999 1413 2063 temeritas,
1458 2013 1619 2068 quam
1672 2000 1808 2055 nihil
1838 2000 1923 2056 his
1950 2002 2149 2067 sancti,
2256 2003 2423 2058 etiam
2456 2003 2621 2074 aliqui
2656 2005 2722 2061 de
2755 2006 2919 2061 claris
2953 2007 3085 2062 viris
3113 2022 3174 2064 et
3197 2013 3479 2067 catholicis
3500 2013 3803 2071 viderentur.

567 2090 706 2143 nihil
730 2091 882 2159 pensi
912 2091 1003 2157 sit,
1042 2089 1201 2145 facile
1243 2090 1466 2161 intelligi
1495 2090 1657 2146 datur
1686 2107 1753 2146 ex
1793 2092 1874 2147 his
1895 2107 2015 2161 qua:
2038 2091 2146 2148 fre-
2259 2095 2323 2150 Et
2354 2096 2548 2151 horum
2580 2097 3057 2155 manifestissimas
3107 2100 3258 2156 inter
3306 2100 3518 2160 Griecos
3547 2105 3804 2174 scriptores

567 2194 801 2249 quenter
831 2189 885 2236 et
925 2182 1045 2235 ausi
1079 2191 1205 2235 sunt
1240 2191 1298 2236 et
1334 2182 1589 2237 convicti.
1640 2181 1774 2236 Nam
1833 2182 1975 2237 sicut
2013 2183 2150 2253 patri
2253 2187 2654 2243 ecclesiasticos
2707 2190 3063 2259 probationes
3128 2199 3400 2250 tenemus.
3468 2196 3531 2249 Et
3585 2200 3805 2265 quamvis

564 2275 808 2343 ipsorum
861 2272 1071 2328 diabolo
1123 2274 1189 2328 ab
1220 2273 1377 2327 initio
1420 2273 1614 2329 falsare
1665 2274 1828 2329 verba
1875 2275 2005 2339 Dei,
2059 2286 2146 2328 at-
2255 2279 2641 2348 quamplurimi
2692 2280 2803 2334 sint
2850 2298 2915 2336 ex
2970 2285 3253 2340 veteribus
3307 2286 3360 2339 in
3419 2302 3636 2357 quorum
3670 2286 3801 2343 libris

560 2380 669 2434 que
698 2364 970 2420 inflectere
1000 2381 1027 2418 a
1061 2381 1159 2420 suo
1186 2367 1395 2430 ordine.
1443 2376 1499 2420 et
1538 2365 1624 2421 sui
1671 2364 1870 2420 νεηθηὶ
1906 2364 2138 2418 inlerse-
2251 2370 2626 2438 hujuscemodi
2673 2372 3100 2442 deprehenditur
3156 2376 3505 2442 adulterium,
3538 2393 3798 2448 paucorum

561 2473 685 2512 rere
712 2458 864 2511 virus
892 2458 1130 2512 studium
1187 2458 1290 2513 fuit
1318 2477 1333 2525 ;
1393 2460 1462 2513 ita
1507 2470 1563 2514 et
1597 2459 1714 2513 istis
1737 2457 2149 2513 successoribus
2252 2472 2433 2517 tamen
2479 2462 2679 2519 sufﬁcit
2713 2464 2974 2521 adhibere
3008 2466 3351 2534 testimonia,
3381 2484 3449 2524 ex
3476 2470 3659 2538 quibus
3689 2469 3800 2527 faci-

559 2550 676 2603 suis
708 2550 847 2602 hanc
883 2563 993 2603 sua:
1030 2550 1164 2604 artis
1191 2550 1560 2605 [nereditatem
1619 2548 1858 2618 reliquit.
1907 2550 2147 2618 Denique
2248 2553 2352 2608 lius
2386 2556 2516 2627 quid
2544 2557 2706 2612 etiam
2738 2556 2989 2630 Origenis
3031 2559 3190 2617 libris
3249 2562 3528 2625 acciderit,
3566 2577 3803 2632 agnoscas

558 2656 681 2695 eum
713 2640 935 2694 dixisset
971 2641 1109 2695 Deus
1135 2644 1201 2696 ad
1244 2643 1453 2697 Adam:
1490 2643 1576 2697 Ea:
1619 2646 1759 2697 ontni
1798 2642 1944 2712 ligno
1980 2659 2144 2710 para-
2247 2654 2349 2700 tur.

558 2727 663 2785 disi
689 2733 1077 2786 manducabitis
1100 2733 1144 2765 ⁸⁷
1174 2752 1185 2786 :
1218 2733 1308 2787 ille
1330 2749 1456 2788 cum
1486 2733 1649 2787 vellet
1672 2734 1839 2787 Evam
1869 2733 2137 2798 decipere,
2324 2737 2438 2809 (ἓο)
2490 2739 2743 2797 Clemens
2786 2741 3155 2812 apostolorum
3218 2746 3534 2815 discipulus,
3576 2747 3658 2817 qui
3706 2748 3800 2801 Ro-

552 2820 940 2881 tiberalitatem
991 2826 1080 2880 Dei
1130 2826 1311 2881 omnia
1351 2826 1510 2881 edere
1558 2828 1986 2896 pertnittcntem,
2036 2843 2141 2881 una
2253 2846 2427 2885 utalia!
2454 2831 2714 2889 Ecclesia:
2748 2845 2871 2902 post
2905 2838 3180 2906 apostolos
3208 2848 3272 2894 et
3301 2840 3577 2911 episcopus
3604 2850 3653 2896 et
3673 2856 3797 2895 inar-

559 2919 937 2975 tantummodo
978 2919 1260 2990 interjccta
1291 2920 1518 2991 syllaba,
1548 2920 1598 2974 in
1635 2931 1866 2989 quantas
1896 2929 2143 2975 coarcta-
2254 2931 2341 2993 lyr
2373 2921 2496 2991 fuit,
2527 2924 2695 2980 libros
2711 2926 2901 2995 edidit,
2926 2930 3053 2999 quia
3075 2929 3272 2985 Grmce
3296 2932 3627 3003 appellantur
3658 2934 3788 2990 ‘Ara-

632 3043 675 3072 ³⁷
703 3042 900 3097 Gencs.
933 3058 994 3105 tt,
1025 3040 1111 3095 lG.
1188 3042 1234 3073 ⁸⁸
1260 3042 1462 3097 Cenes.
1493 3058 1580 3107 tu,
1610 3043 1663 3096 1.

557 3162 621 3215 de
647 3158 953 3227 angelorum
998 3157 1178 3221 ruina,
1208 3160 1272 3210 de
1298 3159 1597 3211 animarum
1633 3158 1809 3223 lapsu,
1858 3160 1921 3214 de
1958 3177 2129 3213 resur-
2159 3167 2201 3224 (ζ
2236 3158 2481 3222 plurimis
2529 3164 2829 3223 exponatur
2865 3170 2881 3206 :
2932 3160 2985 3211 in
3017 3158 3290 3227 aliquibus
3331 3161 3405 3211 ita
3453 3159 3684 3213 Eunomii
3712 3162 3791 3212 do-

554 3231 803 3285 rectie-uis
827 3228 1133 3299 pra'stigiis,
1164 3228 1229 3281 de
1260 3230 1479 3289 mundo,
1507 3228 1582 3281 vel
1610 3230 1966 3284 intermundis
1997 3229 2129 3299 Epi-
2239 3246 2360 3297 gnta
2388 3228 2660 3291 inseritur,
2704 3236 2760 3279 ut
2807 3227 2939 3299 nihil
2978 3229 3129 3282 aliud
3168 3246 3333 3298 quant
3379 3231 3487 3296 ipse
3531 3229 3790 3284 Eunomius

554 3319 693 3361 cun,
719 3300 783 3352 de
806 3298 1135 3351 restitutione
1167 3300 1400 3351 omnium
1434 3299 1489 3351 in
1529 3300 1784 3367 aequalem
1824 3295 2054 3366 statum,
2083 3312 2132 3354 et
2239 3295 2510 3364 disputare
2536 3300 2806 3358 credatur,
2834 3295 3038 3351 Filium
3068 3299 3161 3352 Dei
3181 3295 3437 3353 creatum
3464 3304 3525 3355 de
3549 3301 3690 3353 nullis
3713 3318 3791 3353 e1-

556 3373 722 3425 multo
753 3370 835 3423 Itis
870 3371 1154 3439 deteriora,
1180 3385 1297 3439 qua:
1324 3368 1539 3438 longum
1581 3382 1714 3422 esset
1760 3382 2009 3436 retexere,
2056 3370 2134 3426 vel
2237 3369 2501 3423 stantibus
2560 3384 2887 3439 asseverans.
2930 3369 2997 3422 Et
3052 3378 3174 3437 post
3235 3370 3366 3437 alia,
3408 3386 3523 3438 qua:
3550 3371 3787 3439 prolixum

552 3443 630 3495 ita
662 3442 812 3496 vertit
850 3451 901 3492 ut
936 3441 989 3491 in
1020 3436 1205 3493 Crarco
1237 3436 1528 3503 invenerat,
1568 3441 1645 3492 vel
1684 3440 1749 3493 de
1792 3440 2135 3495 Commenta-
2236 3448 2322 3493 est
2349 3439 2591 3492 scribere
2628 3457 2641 3493 :
2690 3436 2854 3503 Quid,
2889 3436 3087 3507 quaeso,
3130 3439 3235 3504 ait,
3291 3443 3354 3495 de
3387 3436 3467 3496 Itis
3497 3436 3789 3495 sentiendum

553 3512 711 3567 riolis
746 3510 979 3579 Didymi,
1006 3512 1096 3575 qui
1128 3508 1373 3581 Origenis
1406 3510 1782 3581 rapertissimus
1821 3528 2131 3581 propugna-
2236 3510 2354 3565 est?
2384 3508 2538 3575 Quod
2567 3509 2890 3575 apostolicus
2920 3510 3001 3562 vir
3034 3512 3290 3565 Itwretica
3320 3512 3622 3580 scripserit?
3649 3514 3721 3564 An
3745 3511 3791 3563 id

555 3595 642 3637 tor
676 3591 780 3645 est,
822 3591 1140 3650 exaggerata
1187 3592 1233 3634 et
1269 3580 1511 3648 ﬁrmiora
1548 3582 1746 3648 posuit.
1786 3581 1826 3635 Ε
1857 3580 2133 3637 contrario
2235 3582 2412 3649 potius
2440 3581 2779 3641 credendum,
2808 3581 2949 3648 quod
2990 3582 3222 3649 perversi
3265 3583 3513 3636 homines
3546 3582 3610 3635 ad
3638 3597 3790 3635 asser-

553 3669 859 3723 anonymns
900 3659 1091 3723 auctor
1147 3651 1419 3723 Apologia:
1456 3666 1567 3723 pro
1612 3650 1840 3721 Origene
1898 3667 2018 3721 qnze
2065 3653 2133 3707 de
2238 3651 2430 3723 tionem
2468 3651 2798 3723 dogmatum‘
2824 3666 3043 3723 suorum
3083 3652 3177 3704 sub
3228 3652 3482 3723 ντήνονιιηι
3519 3662 3791 3706 sanctorum

551 3719 823 3777 Ti‘ini'tate
880 3724 931 3774 in
982 3719 1235 3791 Origenis
1281 3721 1500 3790 scriptis
1531 3719 1762 3791 legebat,
1812 3737 1875 3776 ea
1915 3719 2031 3778 non
2062 3724 2132 3778 ab
2236 3721 2465 3781 nomine,
2493 3729 2747 3791 tanquam
2769 3719 2977 3787 facilius
3010 3722 3304 3786 credenda,
3335 3723 3707 3777 interseruerint
3733 3738 3786 3775 ea

551 3794 829 3848 haereticis
883 3790 1095 3846 inserta
1148 3807 1290 3857 esse,
1339 3792 1432 3845 sed
1495 3790 1824 3847 catholicum
1888 3794 2133 3862 recipere
2234 3808 2353 3860 quas
2377 3791 2456 3844 illi
2486 3807 2578 3843 nec
2610 3790 2835 3843 sensisse
2870 3808 2979 3862 nec
3025 3793 3311 3859 scripsisse
3363 3795 3601 3848 credendi
3638 3794 3787 3847 sunt?

545 3879 715 3934 posse
744 3878 962 3917 sensum
988 3863 1384 3934 contendebat;
1420 3873 1614 3916 camera
1640 3875 1819 3917 autem
1864 3860 2132 3932 ejus’do-
2235 3862 2567 3934 Clementem
2604 3860 3234 3934 qttoqtte_Alex:tiidrittte
3294 3863 3543 3918 Ecclesia:
3582 3866 3782 3933 presby-

556 3931 741 4002 gmata
771 3934 859 3987 ubi
895 3933 1147 3986 excusari
1177 3948 1281 3986 non
1318 3942 1588 4000 poterant,
1611 3944 1701 3986 aut
1722 3931 2133 3989 exercitationis
2240 3942 2412 3986 terum
2440 3932 2612 4002 virum
2641 3931 2974 4002 catholicum
3014 3931 3210 3986 scribit
3244 3934 3301 3987 in
3329 3934 3478 3989 libris
3501 3931 3603 3989 suis
3633 3931 3784 3986 inter-

553 4001 718 4057 causa
768 4003 836 4057 ab
882 4017 946 4056 eo
994 4003 1203 4072 prolata
1258 4018 1399 4069 esse,
1441 4003 1525 4055 vel
1574 4017 1725 4058 certe
1760 4004 1829 4058 ab
1861 4004 2131 4059 haereticis
2239 4003 2363 4056 dum
2420 4002 2523 4073 Dei
2569 4001 2765 4073 Filium
2823 4002 3003 4055 dicere
3055 4014 3305 4056 creatum
3351 4024 3365 4059 :
3412 4016 3464 4061 et
3497 4004 3781 4073 Dionysium

556 4073 729 4127 fuisse
761 4075 961 4127 inserta
1011 4074 1406 4142 prepugnabat.
1455 4073 1694 4127 ilulinus
1741 4090 1872 4142 ergo
1909 4076 1978 4127 ab
2028 4076 2132 4129 isto
2234 4072 2619 4126 Alexandrinae
2677 4072 3210 4142 urbisepiscopum,
3266 4076 3445 4129 virum
3503 4072 3779 4129 eruditissi-

557 4160 832 4215 aaonymo
866 4141 1126 4215 auctori?
1153 4154 1380 4212 uterque
1414 4157 1542 4215 vero
1571 4159 1599 4196 a
1636 4141 1937 4214 Pamphilo,
1964 4145 2134 4200 Euse-
2236 4159 2405 4211 mum,
2460 4153 2649 4215 contra
2692 4141 3275 4215 Sabellium‘quatuor
3308 4145 3655 4200 voluminibus
3678 4144 3781 4198 dis-

557 4217 667 4283 hio,
697 4212 925 4285 Didyme
948 4225 1002 4269 et
1030 4212 1360 4284 Hieronymo
1394 4212 1679 4279 refellitur,
1716 4212 1913 4283 quibus
1951 4218 2133 4270 liazcce
2237 4213 2646 4285 putantempin
2678 4212 2939 4285 Arianum
2983 4212 3197 4285 dogma
3228 4214 3433 4271 delabi.
3480 4216 3543 4270 Et
3585 4216 3675 4268 sub
3702 4215 3776 4268 his

550 4283 812 4343 libroruin
839 4285 1091 4355 Origenis
1121 4283 1449 4338 adulteratio
1470 4300 1535 4337 ne
1564 4284 1615 4337 iit
1642 4294 1874 4339 mentem
1911 4288 2130 4353 quidem
2235 4284 2495 4353 exemplis
2522 4283 2650 4337 illud
2680 4283 2808 4355 agit,
2845 4294 2919 4355 ut,
2944 4299 3048 4337 non
3090 4284 3497 4342 ecclesiasticos
3528 4297 3578 4339 et
3604 4285 3775 4339 callio-

544 4358 723 4411 ‘renit.
760 4357 915 4424 Quod
943 4353 1050 4408 'ait
1102 4370 1424 4425 anon-ymus
1458 4364 1651 4409 auctor
1704 4355 1978 4425 Apologia:
2032 4372 2130 4424 pro
2238 4354 2369 4409 licos
2415 4355 2561 4408 viros
2605 4354 2744 4407 male
2768 4353 3040 4416 'sensisse,
3090 4356 3185 4409 sed
3216 4360 3284 4409 ab
3316 4357 3579 4411 haereticis
3609 4369 3774 4409 eorum

547 4427 797 4497 Origene,
821 4443 967 4492 eum,
988 4425 1112 4479 dum
1133 4424 1360 4489 viveret,
1382 4424 1644 4497 ejusmodi
1676 4424 2128 4497 adulterationem
2235 4426 2436 4494 scripta
2461 4433 2722 4497 corrupta
2756 4435 3180 4497 essentestetur;
3211 4434 3267 4479 et
3302 4429 3583 4481 concludat
3606 4427 3665 4479 ad
3690 4440 3775 4497 es-

532 4493 810 4552 tlibr'orum
856 4512 1078 4552 suorum
1118 4496 1558 4564 deprehendisse,
1592 4496 1644 4548 id
1672 4496 1942 4564 respicere
1971 4497 2123 4550 vide-
2237 4493 2467 4549 tremum
2500 4494 2724 4547 dicens:
2761 4493 2838 4547 De
2870 4494 3094 4564 Origene
3125 4512 3353 4565 quoque,
3393 4500 3445 4551 in
3480 4514 3577 4563 quo
3608 4495 3774 4547 simili-

542 4577 635 4622 tur
692 4568 943 4650 Origenis
972 4566 1056 4650 ἐς
1108 4568 1313 4650 amicos
1370 4566 1779 4650 Al'i‘ixa‘ndrinos.
1808 4566 2124 4650 _epist_o_latn
2160 4595 2203 4650 υ
2233 4575 2331 4631 ter,
2361 4575 2417 4646 ut
2442 4566 2495 4617 in
2522 4565 2619 4644 .ltis
2648 4581 2777 4644 quos
2816 4581 2979 4650 supra
3014 4566 3272 4650 diminutas,
3302 4570 3543 4649 quantum
3574 4565 3769 4650 diversi-

532 4654 705 4706 quam
758 4635 916 4707 paulo
971 4636 1110 4692 infra
1164 4638 1369 4707 profert
1418 4636 1673 4690 Rufinus.
1722 4635 2028 4706 Vide’qnid
2072 4638 2123 4691 ei
2160 4635 2200 4650 "
2232 4645 2313 4689 tas
2356 4635 2655 4707 invenitur,
2698 4638 2835 4689 istud
2884 4653 2988 4707 non
3043 4637 3523 4706 stt/ﬁciatsentire,
3563 4636 3771 4707 quodiis

532 4705 870 4777 respondeat
898 4705 1259 4776 Hieronymus
1290 4719 1402 4761 not.
1433 4708 1485 4760 in
1519 4709 1663 4761 hunc
1695 4707 1889 4761 locum.
1918 4705 1935 4777 ί
2230 4705 2592 4777 prwjudicatis
2628 4705 2746 4774 jant
2786 4706 3057 4760 catholicis
3102 4705 3327 4760 sentitur
3373 4710 3447 4762 vel
3484 4705 3772 4775 intelligitur

613 4776 727 4850 (17)
771 4782 842 4833 Ita
891 4780 1043 4843 editi,
1085 4789 1140 4831 et
1192 4778 1554 4846 Hieronymus
1609 4777 1705 4831 lib.
1737 4793 1797 4850 Διι
1869 4776 2122 4850 adversus
2230 4778 2375 4850 uiris,
2418 4776 2735 4850 necsimilis
2775 4792 2949 4850 causa:
2999 4777 3191 4850 similis
3251 4778 3476 4847 suﬁiciat
3503 4777 3766 4833 excusatio.

528 4847 815 4919 Ruﬁnum.
872 4852 1007 4905 Mss.
1055 4863 1185 4902 vero
1234 4850 1427 4914 nostri,
1478 4865 1663 4902 rursus
1712 4847 1931 4910 diceret,
1983 4848 2121 4903 alias
2229 4848 2285 4901 Si
2318 4848 2655 4919 conceditur,
2697 4858 2753 4899 tit
2789 4848 3049 4915 quidquid
3070 4848 3128 4919 in
3164 4849 3315 4903 libris
3364 4850 3599 4903 onmium
3635 4860 3767 4912 τερε-

528 4916 770 4992 proxime
796 4922 1008 4974 diceret.
1086 4990 1094 4992 Α
1309 4991 1314 4992 ν
1509 4990 1539 4992 Α
1587 4989 1594 4992 Α
2015 4988 2041 4992 _
2107 4991 2112 4992 ν
2228 4919 2396 4992 ritur,
2440 4917 2508 4971 ab
2550 4916 2671 4992 aliis
2698 4926 3009 4992 corruptum
3036 4918 3283 4992 sit,_nihil
3306 4934 3492 4992 eorum
3518 4920 3618 4973 erit
3644 4931 3766 4992 quo-

612 4992 726 5061 (18)
786 4993 913 5046 Mss.
962 4990 1208 5060 plerique
1234 5029 1249 5051 ,
1301 4989 1624 5053 impossibile
1672 5000 1807 5054 erat,
1857 4996 1963 5043 etc.
2011 4988 2117 5044 Sed
2224 5004 2345 5061 rum
2373 4989 2546 5061 fertur
2578 4988 2928 5061 hominibus;
2962 4989 3059 5042 sed
3088 4990 3176 5061 his
3203 4991 3625 5061 deputabitur,a
3655 4988 3763 5055 qui-

534 5055 783 5126 editi,'et
814 5055 1191 5129 mssfquidam
1228 5062 1424 5114 rectius
1455 5061 1591 5113 utin
1631 5068 1799 5113 textu.
2223 5057 2327 5113 bus
2370 5058 2573 5113 dicitur
2613 5074 2734 5113 esse
2777 5059 3044 5113 vitiatum.
3097 5055 3417 5128 Quanquam
3467 5071 3521 5114 et
3573 5058 3765 5129 illorum

605 5134 719 5204 (l9)
765 5128 1078 5202 Dogmatum
1129 5147 1369 5183 suarum.
1424 5130 1550 5185 llaec
1607 5133 1770 5184 verba
1820 5130 2016 5186 desunt
2060 5132 2113 5187 in
2222 5143 2331 5204 non
2368 5129 2761 5204 erit,_quorum
2800 5129 3003 5204 incerta
3041 5140 3168 5204 sunt
3224 5128 3763 5204 nominasatqueita

529 5196 716 5268 editis,
747 5214 800 5258 et
834 5196 1196 5258 restituuntur
1228 5217 1296 5254 ex
1331 5216 1465 5255 mss.
2222 5198 2336 5265 fiet,
2372 5211 2450 5264 ut,
2490 5196 2621 5268 dum
2667 5200 2907 5253 omnium
2939 5200 3122 5253 omnia
3162 5210 3312 5267 sunt,
3366 5200 3498 5255 nihil
3556 5196 3763 5265 alicujus

604 5272 716 5345 (‘20)
759 5271 1389 5345 Clemensapostolorum
1423 5270 1742 5345 discipulus,
1767 5280 1901 5337 etc.,
1936 5287 2112 5341 usque
2220 5270 2311 5324 sit.
2352 5270 2489 5345 _l_lac_
2528 5267 2885 5345 defensionis
2921 5271 3329 5345 perturbati_one
3371 5285 3469 5345 nec
3520 5268 3759 5345 Marcion,

527 5336 733 5397 ad'ist'a
765 5364 778 5397 :
817 5361 881 5397 ne
900 5336 1075 5398 simili
1099 5358 1275 5394 causa:
1311 5343 1517 5411 similis
1544 5336 1772 5411 sumciat
1813 5336 2106 5397 excusatio.
2219 5355 2320 5394 nec
2349 5340 2698 5403 Manichacus,
2732 5354 2831 5411 nec
2858 5336 3045 5408 Arius,
3077 5356 3180 5396 nec
3207 5340 3503 5395 Eunomius
3535 5336 3758 5393 accusari

525 5413 891 5485 Hieronymus
952 5415 1044 5467 lib.
1085 5429 1124 5467 tt
1187 5414 1435 5465 adversus
1485 5410 1744 5485 Rufinum
1779 5426 1799 5464 :
1845 5432 1863 5464 ι
1916 5412 2108 5485 Videti-
2218 5420 2509 5485 poterunt;
2541 5410 2960 5485 quiaquidquid
3010 5425 3109 5465 nos
3140 5413 3331 5485 abhis
3380 5412 3539 5481 impie
3572 5414 3757 5485 dictum

523 5500 650 5538 ntus
704 5481 883 5554 tamen
941 5486 1139 5554 quibus
1195 5484 1526 5552 argumentis
1601 5484 1844 5551 .probare
1902 5484 2106 5537 nitatur
2216 5482 2598 5554 objecerimus,
2631 5481 2885 5554 discipuli
2941 5482 3366 5554 respondebunt,
3397 5496 3502 5535 non
3534 5481 3758 5554 ainagi-

525 5554 805 5623 (Ruftuus)
851 5550 1104 5623 Origenis
1147 5554 1215 5609 ab
1261 5550 1543 5607 luereticis
1590 5550 1797 5622 scripta
1849 5554 2035 5607 vitiata
2087 5572 2102 5609 :
2216 5553 2348 5623 stris
2374 5552 2486 5606 suis
2521 5553 2593 5606 ita
2614 5551 2955 5617 editum,sed
2986 5553 3054 5605 ab
3082 5552 3318 5607 inimicis
3345 5566 3466 5606 esse
3497 5550 3758 5623 violatum.

523 5622 793 5689 Clemens,
842 5622 1037 5695 inquit,
1086 5627 1444 5693 apostolorum
1489 5624 1804 5690 discipulus,
1848 5628 1939 5693 qui
1995 5625 2105 5679 lio-
2215 5622 2327 5678 lloe
2358 5638 2555 5691 genere
2598 5632 2655 5675 et
2686 5623 2803 5685 ,iste
2844 5623 2955 5691 ipse
2984 5624 3296 5695 tuusliber,
3334 5636 3476 5695 tuus
3503 5636 3606 5695 non
3645 5625 3760 5680 erit,

521 5713 699 5749 mante
736 5691 987 5751 Ecclesia:
1035 5691 1147 5763 post
1187 5697 1453 5766 apostolos
1481 5696 1755 5766 episcopus
1805 5691 1869 5747 et
1897 5707 2104 5765 martyr
2212 5696 2305 5748 sed
2334 5695 2559 5747 forsitan
2590 5708 2742 5766 meus
2771 5711 2785 5760 ;
2814 5704 3054 5766 et__ntcus
3078 5693 3239 5766 liber,
3273 5711 3383 5764 quo
3419 5691 3514 5766 tibi
3548 5700 3761 5766 accusa-

521 5767 651 5837 fuit,
716 5770 877 5821 libros
922 5759 1112 5831 edidit,
1174 5759 1262 5836 qui
1334 5759 1671 5834 appellantur
1745 5759 2101 5834 Ἀναγνωρὶκ
2213 5775 2301 5819 tus
2330 5766 2653 5833 respondeo,
2689 5765 2816 5819 sioin
2849 5764 2939 5818 illo
2968 5764 3173 5834 aliquid
3201 5759 3633 5837 rep'relietideer,
3662 5769 3759 5837 90!!

515 5826 697 5909 'cfpdc,
725 5840 776 5890 id
812 5850 909 5909 est,
945 5826 1264 5905 itecogiti'tio
1291 5856 1304 5890 :
1338 5826 1607 5904 inquibus
1634 5851 1752 5909 cunt
1772 5852 1849 5909 ea;
1875 5826 2101 5903 persona
2208 5838 2315 5889 erit
2347 5826 2520 5909 tuens,
2550 5836 2661 5909 sed
2712 5845 2838 5909 tuus
2872 5849 2902 5887 a
2933 5849 3040 5909 quo
3060 5826 3502 5909 reprehenditur.
3644 5826 3760 5909 ἀμιξι

517 5901 920 5979 ιίὲινίίαροειὸιὶ
942 5901 1188 5963 doctrina
1212 5910 1363 5981 quasi
1388 5901 1501 5962 rere
1518 5901 2117 5984 apostolicaﬂinguam-_
2150 5964 2183 5985 ’ζ
2206 5908 2391 5964 omnia
2422 5910 2503 5982 ad
2549 5906 2835 5965 haereticos
2867 5902 3063 5975 refers,
3102 5901 3234 5975 quid
3261 5901 3645 5965 ecclesiaSticiS
3678 5901 3761 5951 ιη·

2634 6062 2661 6074 κ
