4020 6306
268 350 363 407 621

1150 350 1238 405 DE
1276 349 1870 408 ADULTERATIONE
1903 347 2264 407 LIBRORUM
2302 348 2642 409 ORIGENIS.

3421 348 3525 409 623

268 469 631 541 pwto'pdc,
684 469 736 525 id
776 480 882 534 est,
936 469 1238 540 llecognitio
1266 487 1286 524 :
1316 472 1370 525 in
1401 471 1602 541 quibus
1628 486 1750 527 cum
1781 487 1845 526 ex
1879 483 1927 539 Α
1958 479 2134 525 turam
2173 471 2325 526 dicit.
2378 470 2630 542 Nunquid
2667 469 3058 533 credibilefest
3087 470 3154 526 de
3185 478 3336 526 tanto
3361 434 3526 537 .viro,

268 576 504 632 persona
536 561 681 618 Petri
710 562 945 632 apostoli
984 562 1233 616 doctrina
1265 563 1422 632 quasi
1458 578 1586 618 vere
1632 573 1846 632 aposto-

269 655 368 710 lica
416 655 472 709 in
505 654 925 725 quamplurimis
967 665 1296 723 exponetur,
1346 656 1399 710 in
1454 656 1725 727 aliquibus
1772 657 1845 711 ita

269 747 518 803 Eunomii
544 748 738 817 dogma
770 747 1049 811 inseritur,
1083 757 1142 802 ut
1176 747 1309 802 nihil
1362 747 1510 804 aliud
1568 764 1733 818 quam
1766 750 1847 819 ip-

268 856 326 897 se
356 841 659 896 Eunomius
684 840 965 910 disputare
987 840 1267 903 credatur,
1302 839 1503 895 Filium
1553 841 1649 896 Dei
1689 856 1846 896 crea-

268 943 382 988 tum
419 934 488 988 de
516 933 676 987 nullis
712 932 1057 987 exstantibus
1082 947 1432 988 asseverans.
1486 933 1624 987 Tum
1650 932 1846 988 deinde

266 1027 433 1083 etiam
474 1025 604 1081 illud
654 1024 908 1080 adulterii
960 1024 1222 1080 inseritur
1279 1039 1469 1094 genus,
1500 1034 1561 1079 ut
1595 1035 1843 1079 naturam

266 1118 465 1174 diaboli
497 1127 928 1187 caaterorumque
977 1118 1284 1172 daemonum
1315 1134 1422 1174 non
1458 1117 1719 1187 propositi
1752 1133 1847 1173 vo-

268 1210 600 1279 Iuntatisque
630 1208 856 1273 malitia,
880 1210 975 1263 sed
1014 1218 1243 1280 excepta
1287 1225 1352 1265 ac
1402 1219 1657 1281 separata
1690 1225 1846 1265 crea-

268 1313 403 1357 tura?
447 1301 768 1372 produxerit
815 1299 1071 1370 qualitas,
1122 1303 1216 1371 qui
1267 1303 1456 1373 utique
1513 1305 1568 1359 in
1634 1304 1847 1360 caeteris

265 1410 484 1450 omnem
513 1394 896 1450 rationabilem
933 1403 1242 1449 creaturam
1297 1395 1543 1452 docuerit
1576 1395 1728 1451 liberi
1759 1410 1846 1448 ar-

266 1488 415 1543 bitrii
449 1487 709 1543 facultate
735 1488 1019 1544 donatam.
1053 1488 1194 1543 Sunt
1222 1490 1390 1542 etiam
1436 1487 1539 1541 alia
1578 1488 1842 1542 nonnulla

266 1580 421 1635 libris
467 1580 586 1648 ejus
630 1580 861 1642 inserta,
908 1595 1028 1648 qua:
1075 1578 1448 1634 ecclesiastica
1502 1579 1688 1649 regula
1728 1595 1847 1634 om-

267 1672 394 1727 nino
424 1687 532 1727 non
561 1671 782 1741 recipit.
811 1671 975 1739 Quid,
1016 1686 1221 1741 quaeso,
1274 1672 1339 1727 de
1381 1671 1463 1725 his
1498 1671 1843 1726 sentiendum

264 1765 402 1820 est?
441 1764 596 1832 Quod
643 1763 973 1833 apostolicus
1021 1766 1126 1827 vir,
1183 1762 1294 1817 imo
1339 1776 1477 1832 pene
1532 1763 1844 1831 Apostolus,

266 1857 418 1927 (nam
451 1871 519 1912 ea
554 1855 744 1910 seribit
800 1870 923 1925 quae
964 1854 1194 1923 apostoli
1259 1853 1467 1924 dicunt)
1514 1855 1599 1909 cui
1650 1852 1850 1910 Paulus
1884 1841 1924 1899 Β

264 1948 542 2016 apostolus
559 1948 929 2001 testimonium
958 1946 1125 2010 dedit,
1150 1945 1336 2000 dicens
1362 1964 1376 1999 :
1403 1944 1536 2000 Cum
1563 1945 1845 2009 Clemente,

263 2050 317 2092 et
343 2039 544 2093 cwteris
591 2039 929 2108 adjutaribus
976 2039 1129 2101 meis,
1176 2051 1406 2107 quorum
1453 2039 1665 2091 nomina
1711 2047 1837 2091 sunt

265 2126 325 2178 in
371 2124 506 2177 libro
541 2126 662 2179 vita:
710 2124 794 2178 ⁸⁹ε
850 2124 1125 2179 scribebat
1176 2124 1280 2179 hoc
1337 2124 1480 2194 quod
1523 2126 1678 2180 libris
1726 2126 1849 2180 vita:

265 2217 608 2270 contrarium
639 2217 770 2272 est?
799 2217 883 2270 An
915 2218 969 2271 id
997 2217 1181 2287 p0tius
1221 2218 1546 2273 credendum
1588 2227 1673 2272 est
1704 2218 1849 2287 quod

269 2324 439 2377 supra
464 2308 721 2376 diximus,
755 2309 897 2379 quod
924 2312 1169 2380 perversi
1199 2311 1447 2369 homines
1486 2311 1553 2364 ad
1584 2311 1848 2366 assertio-

267 2416 395 2454 nem
454 2402 758 2472 dogmatum
808 2416 1029 2457 suorum
1076 2403 1180 2458 sub
1238 2404 1480 2457 virorum
1534 2415 1848 2459 sanctorum

266 2491 511 2554 nomine,
554 2502 808 2561 tanquam
862 2490 1078 2546 facilius
1149 2493 1461 2557 credenda,
1517 2493 1850 2551 interserue-

266 2592 399 2635 runt
445 2598 507 2635 ea
553 2598 674 2652 quae
718 2582 793 2639 illi
835 2599 937 2639 nec
980 2586 1220 2641 sensisse
1251 2601 1352 2641 nec
1398 2584 1689 2655 scripsisse
1727 2601 1849 2642 cre-

265 2673 431 2728 dendi
466 2674 636 2728 sunt?

338 2764 592 2820 Clemens
619 2780 836 2835 quoque
874 2768 1036 2833 alius,
1082 2769 1490 2824 Alexandrinus
1539 2770 1847 2840 presbyter,

264 2866 321 2911 et
360 2858 623 2927 magister
658 2856 802 2913 illius
833 2859 1110 2925 Ecclesiae,
1152 2861 1206 2915 in
1242 2861 1497 2916 omnibus
1532 2875 1672 2931 pene
1695 2859 1849 2915 libris

267 2952 387 3007 suis
433 2951 722 3008 Trinitatis
766 2953 992 3023 gloriam
1048 2965 1212 3025 atque
1259 2954 1620 3010 :eternitatem
1686 2969 1847 3008 unam

266 3047 630 3115 eamdemque
654 3047 926 3117 designat,
955 3057 1003 3101 et
1028 3046 1296 3100 interdum
1334 3048 1639 3104 invenimus
1665 3048 1848 3118 aliqua

266 3138 321 3191 in
351 3136 513 3191 libris
545 3135 663 3204 ejus
695 3138 955 3207 capitula,
1002 3138 1055 3192 in
1092 3137 1287 3207 quibus
1336 3137 1533 3192 Filium
1568 3138 1660 3193 Dei
1694 3152 1848 3194 crea-

338 3232 392 3264 ‘°
424 3232 622 3302 Philip.
648 3232 794 3313 ἰν,5.

1950 573 2060 617 tam
2090 564 2143 617 in
2173 564 2425 620 omnibus
2459 563 2753 628 catholico,
2787 571 2894 617 tam
2927 562 3164 628 erudito,
3214 574 3276 617 ut
3308 561 3393 617 vel
3422 563 3527 619 sibi

1949 657 2226 712 contraria
2266 657 2523 724 senserit,
2562 655 2644 710 vel
2675 670 2739 710 ea
2768 670 2887 724 quae
2937 655 3005 709 de
3050 655 3182 721 Deo,
3211 669 3316 709 non
3345 654 3524 709 dicam

1951 749 2196 815 credere,
2223 750 2316 803 sed
2354 748 2438 804 vel
2473 748 2666 804 audire
2688 748 2904 819 quidem
2936 748 3159 819 impium
3185 758 3288 814 est,
3323 748 3527 818 scripta

1950 839 2268 909 reliquerit?

2021 932 2311 1004 Dionysius
2349 947 2565 1003 quoque
2602 932 3007 987 Alexandrinus
3033 933 3340 1003 episcopus,
3394 944 3524 985 eru-

1949 1024 2256 1080 ditissimus
2305 1036 2551 1079 assertor
2609 1024 3002 1079 ecclesiastieaa
3068 1025 3214 1089 ﬁdei,
3283 1041 3404 1080 cum
3472 1025 3529 1079 in

1948 1118 2369 1186 quamplurimis
2400 1118 2451 1172 in
2489 1127 2695 1172 tantum
2747 1118 3011 1173 unitatem
3055 1128 3218 1187 atque
3251 1121 3530 1189 aquama-

1949 1220 2055 1264 tem
2084 1208 2369 1265 Trinitatis
2414 1210 2691 1276 defendat,
2742 1220 2803 1264 ut
2841 1209 3271 1279 imperitioribus
3308 1212 3529 1281 quibus-

1951 1318 2057 1371 que
2108 1302 2271 1356 etiam
2322 1304 2623 1357 secundum
2692 1301 2991 1357 Sabellium
3058 1304 3296 1357 sensisse
3346 1304 3528 1358 videa-

1950 1405 2042 1448 tur
2086 1413 2099 1447 :
2154 1392 2267 1465 (~21)
2312 1395 2364 1448 in
2402 1395 2485 1448 his
2524 1404 2705 1449 tamen
2738 1395 2892 1449 libris
2929 1394 3043 1450 suis
3073 1409 3210 1463 quos
3242 1397 3529 1450 adversum

1950 1488 2175 1544 Sabellii
2203 1488 2449 1542 hzeresim
2474 1487 2716 1557 scripsit,
2754 1487 2882 1541 talia
2916 1487 3269 1541 inveniuntur
3298 1487 3527 1553 inserta,

1949 1590 2010 1635 ut
2055 1580 2372 1649 frequenter
2409 1578 2598 1633 Ariani
2638 1580 2970 1634 auctoritate
3013 1576 3181 1648 ipsius
3231 1593 3291 1634 se
3338 1579 3526 1635 defen-

1951 1673 2081 1727 dere
2131 1680 2419 1727 conentur.
2466 1669 2695 1742 Propter
2727 1672 2872 1742 quod
2911 1680 2967 1726 et
3007 1680 3229 1727 sanctus
3246 1671 3530 1741 episcopus

1950 1765 2279 1820 Athanasius
2310 1765 2619 1835 compulsus
2666 1776 2749 1820 est
2778 1766 3175 1837 Apologeticum
3230 1781 3329 1835 pro
3365 1764 3526 1821 libris

1952 1859 2070 1929 ejus
2110 1858 2374 1923 scribere,
2424 1873 2523 1927 pro
2556 1872 2624 1913 eo
2663 1859 2807 1927 quod
2849 1869 3032 1911 certus
3068 1869 3187 1913 erat
3221 1876 3327 1913 non
3378 1858 3529 1913 illum

1950 1950 2163 2005 diverse
2216 1951 2468 2018 potuisse
2540 1951 2769 2013 sentire,
2822 1951 3036 2020 sibique
3093 1951 3197 2021 ipsi
3252 1952 3527 2006 contraria

1951 2043 2211 2107 scribere,
2257 2041 2372 2112 (22)
2418 2045 2512 2096 sed
2566 2042 2709 2111 quod
2750 2043 2952 2096 inserta
3002 2043 3117 2098 haec
3165 2059 3195 2097 a
3250 2042 3531 2098 malevolis

1951 2142 2153 2188 1108881..

2021 2224 2087 2278 Et
2116 2225 2230 2278 haec
2262 2223 2477 2293 quidem
2511 2237 2607 2277 nos
2636 2223 2782 2278 ducti
2804 2224 2881 2277 rei
2904 2224 3075 2293 ipsius
3111 2227 3526 2294 consequentia,

1949 2316 2018 2371 de
2067 2315 2427 2371 sanctissimis
2461 2314 2594 2368 viris
2622 2325 2679 2369 et
2723 2314 2979 2371 Ecclesia:
3011 2316 3324 2371 doctoribus
3350 2318 3528 2371 sensi--

1955 2420 2098 2471 mus,
2147 2421 2255 2475 quo
2283 2406 2492 2461 scilicet
2525 2423 2628 2461 non
2671 2415 2921 2475 putemus
2950 2421 3043 2461 eos
3076 2415 3294 2461 sanctos
3325 2407 3415 2476 qui
3444 2422 3531 2463 re-

1951 2506 2095 2550 ctam
2118 2507 2171 2551 et
2200 2497 2620 2552 ecclesiasticam
2653 2498 2813 2552 ﬁdem
2843 2498 2897 2552 in
2921 2498 3335 2567 quamplurimis
3363 2507 3534 2553 astru-

1950 2600 2167 2647 xerunt.
2205 2591 2260 2644 in
2303 2591 2572 2661 aliquibus
2618 2591 2975 2662 sibimetipsis
3015 2594 3244 2649 adversa
3272 2594 3529 2650 sensisse.

1952 2681 2029 2736 De
2078 2680 2309 2752 Origene
2355 2697 2505 2747 vero,
2562 2683 2614 2735 in
2642 2696 2748 2750 quo
2774 2678 3045 2749 similiter,
3089 2694 3147 2738 ut
3175 2685 3230 2739 in
3257 2684 3340 2740 his
3393 2698 3535 2755 quos

1950 2788 2114 2842 supra
2134 2774 2389 2839 diximus,
2419 2773 2597 2844 aliqua
2626 2774 2913 2831 diversitas
2943 2776 3238 2843 invenitur,
3258 2778 3395 2831 istud
3425 2792 3535 2832 non

1952 2863 2185 2919 sulliciat
2213 2865 2417 2919 sentire
2449 2864 2592 2934 quod
2625 2864 2691 2918 de
2725 2858 3090 2936 prtejudicatis
3113 2868 3225 2936 jam
3250 2868 3535 2926 catholicis

1953 2956 2182 3010 sentitur
2229 2956 2311 3010 vel
2372 2956 2691 3027 intelligitur
2745 2958 2913 3022 viris;
2965 2975 3065 3013 nec
3110 2960 3305 3014 similis
3354 2976 3535 3016 causa:

1954 3046 2147 3102 similis
2194 3048 2423 3102 sulliciat
2469 3047 2775 3113 excusatio,
2829 3049 2943 3121 (25)
2985 3051 3088 3106 nisi
3134 3062 3189 3105 et
3227 3052 3395 3121 ipsius
3430 3052 3535 3108 hoc

1956 3139 2336 3207 conquerentis
2384 3148 2431 3192 eI
2501 3138 2830 3207 deplorantis
2876 3141 3093 3211 scriptis
3152 3150 3313 3211 atque
3382 3144 3532 3199 voci-

263 3327 649 3395 bues,quibns
668 3330 944 3396 proprium
971 3326 1102 3382 nihil
1140 3326 1432 3397 relinquis?
1463 3327 1841 3398 thuomodn,

267 3398 508 3454 inquies.
552 3398 604 3449 in
633 3396 785 3452 libris
814 3414 1001 3453 eorum
1035 3398 1230 3452 vitiosa
1279 3397 1530 3453 nonnulla
1564 3398 1735 3452 sunt?
1784 3400 1842 3454 Si

1954 3329 2111 3399 στολῇ
2158 3329 2248 3382 τὸν
2294 3331 2532 3400 μακαρίτ
2575 3348 2602 3384 ν
2654 3330 2924 3384 Διονύσιον
2970 3332 3269 3413 εἰρηκέναι,
3322 3333 3535 3405 ποίημα.

1951 3400 2045 3453 καὶ
2070 3400 2296 3454 γενητὸν
2345 3396 2484 3454 εἶναι
2527 3349 2618 3454 ἓν
2667 3402 2795 3454 Υἱὸν
2838 3401 2931 3454 τοῦ
2967 3402 3123 3454 Θεου.
3165 3405 3298 3454 μήτε
3333 3403 3389 3454 δὲ
3426 3405 3533 3454 ωὑ-

267 3398 508 3466 inquies,
552 3398 604 3449 in
633 3396 785 3452 libris
814 3414 1001 3453 eorum
1035 3398 1230 3452 vitiosa
1279 3396 1530 3453 nonnulla
1562 3396 1735 3452 sunt?
1784 3400 1842 3454 Si

263 3484 356 3523 me
391 3482 583 3521 causas
608 3469 867 3521 vitiorum
899 3470 1109 3522 nescire
1143 3469 1495 3534 respondero,
1528 3483 1631 3523 non
1658 3473 1841 3523 statim

264 3539 398 3592 illos
428 3537 713 3592 lnereticos
742 3538 1019 3605 jndicabo.
1068 3537 1211 3592 Fieri
1242 3540 1387 3591 enim
1427 3547 1628 3606 potest,
1661 3552 1719 3591 ut
1753 3541 1837 3593 vel

266 3607 598 3676 simpliciter
632 3609 960 3668 erraverint,
1018 3608 1099 3662 vel
1150 3608 1256 3662 alio
1289 3622 1451 3662 sensu
1493 3610 1838 3676 scripserint,

268 3678 355 3733 vel
412 3694 441 3730 a
490 3678 732 3748 librariis
772 3678 1035 3748 imperitis
1084 3693 1272 3733 eorum
1332 3678 1588 3746 paulatim
1639 3681 1840 3747 scripta

268 3757 533 3816 corrupta
564 3747 710 3813 sint;
755 3747 1022 3803 vel’certe
1086 3758 1373 3818 antequam
1410 3748 1464 3802 in
1514 3748 1843 3803 Alexandria

267 3820 430 3888 quasi
482 3818 807 3872 diemonium
863 3818 1227 3873 meridianum
1274 3820 1439 3872 Arius
1486 3830 1841 3883 nasceretur,

270 3890 603 3943 innocenter
631 3888 877 3958 quaedam
907 3898 963 3945 et
997 3891 1177 3943 minus
1225 3898 1387 3944 caute
1423 3888 1585 3942 locuti
1629 3890 1758 3953 sint,
1783 3900 1844 3944 et

269 3974 398 4028 qua:
428 3973 533 4012 non
569 3957 782 4025 possint
809 3972 1186 4028 perversorum
1210 3959 1488 4013 hominum
1516 3957 1841 4014 calumniam

270 4027 579 4099 declinare.
616 4027 964 4097 Objiciuntur
1004 4027 1224 4099 Origeni
1266 4029 1519 4095 crimina,
1561 4039 1615 4083 et
1644 4040 1698 4081 ttt
1733 4046 1841 4084 non

272 4101 430 4153 illum
455 4098 741 4163 defendis;
774 4104 868 4153 sed
895 4100 1032 4154 alios
1062 4098 1286 4155 accusas
1315 4117 1328 4153 :
1360 4114 1459 4153 nec
1490 4099 1696 4153 crimen
1750 4115 1838 4154 re-

272 4171 423 4236 nuis,
443 4172 538 4224 sed
557 4170 975 4239 criminosorum
1001 4168 1215 4223 turbam
1249 4170 1504 4239 requiris.
1536 4168 1594 4223 Si
1629 4171 1722 4225 tibi
1755 4170 1840 4223 di-

272 4251 532 4296 ceretur:
562 4238 711 4305 Quos
751 4240 916 4294 habet
971 4240 1234 4309 Origenes
1280 4238 1339 4295 in
1389 4240 1576 4294 haeresi
1627 4239 1844 4293 socios?

273 4322 429 4365 recte
458 4312 558 4364 ista
597 4309 889 4377 proferres.
929 4310 1083 4364 Nunc
1116 4326 1146 4363 a
1179 4322 1229 4365 te
1261 4310 1543 4379 quatritur,
1578 4310 1691 4364 haec
1723 4325 1842 4378 quae

277 4383 332 4434 in
365 4381 817 4450 Origenisglibris
864 4382 1068 4450 scripta
1117 4384 1481 4448 reperiuntur,
1539 4382 1677 4435 bona
1734 4380 1844 4435 sint

275 4467 345 4503 an
382 4448 568 4504 maia?
602 4448 795 4515 Taces,
827 4459 883 4504 et
912 4448 1009 4521 pro
1043 4452 1127 4504 his
1154 4452 1259 4504 alia
1295 4450 1567 4520 loqueris:
1593 4451 1844 4505 Clemens

276 4521 384 4575 hoc
417 4523 526 4587 ait;
558 4522 846 4590 Dionysius
894 4521 949 4575 in
992 4522 1096 4576 isto
1141 4536 1327 4576 errore
1373 4522 1840 4588 deprehenditur:

274 4592 610 4647 Athanasius
663 4592 952 4661 episcopus
998 4592 1080 4647 sic
1127 4591 1366 4661 Dionysii
1414 4590 1654 4645 defendit
1695 4607 1847 4645 erro-

276 4670 426 4728 rem;
460 4662 831 4732 apostolorum
863 4661 1341 4732 scriptasimiliter
1363 4662 1658 4729 depravata
1684 4671 1812 4715 sunt
1837 4680 1851 4715 :

276 4731 556 4800 quomodo
608 4743 662 4787 et
709 4748 854 4787 nunc
904 4731 987 4787 ab
1017 4731 1141 4786 aliis
1185 4731 1283 4785 tibi
1332 4734 1601 4786 haereseos
1646 4734 1853 4786 crimen

276 4804 618 4872 impingitur,
637 4813 691 4857 et
716 4813 770 4856 tu
800 4817 898 4871 pro
925 4813 974 4856 te
1008 4812 1178 4864 taces,
1195 4811 1251 4854 et
1275 4816 1374 4870 pro
1390 4817 1475 4855 me
1496 4802 1793 4866 conﬁteris,
1822 4820 1842 4854 ι

275 4871 385 4927 etc.
442 4876 709 4927 (la-terum
749 4873 1028 4927 observari
1077 4872 1240 4926 velim
1292 4873 1458 4926 libros
1499 4871 1575 4925 De
1623 4873 1853 4940 recogni-

274 4945 507 4997 tionibus
537 4945 640 4997 sub
676 4944 893 4998 nomine
915 4943 1207 4997 Clementis
1250 4944 1546 4997 etiamnum
1575 4952 1794 4996 exstare
1820 4957 1850 4995 a

277 5014 476 5067 Ruﬁno
499 5014 694 5069 Latine
727 5015 1151 5083 interpretatos;
1186 5014 1281 5067 sed
1310 5011 1574 5067 Clementi
1608 5012 1853 5066 Romano

275 5085 602 5139 abitnlicari.

665 5153 857 5217 nostri,
888 5155 943 5207 in
973 5154 1053 5207 his
1084 5163 1259 5206 tamen
1279 5152 1428 5205 libris
1454 5152 1617 5223 ipsius
1644 5166 1846 5220 quos...

276 5222 513 5293 scripsit.
549 5224 690 5277 Editt
725 5234 783 5278 ut
824 5227 881 5278 in
928 5234 1097 5291 textu,
1139 5232 1337 5294 praeter
1377 5222 1558 5277 scribit
1587 5237 1684 5291 pro
1716 5225 1851 5276 scri-

312 5307 399 5348 δη.

271 5310 464 5439 ιῗδῖἐὲ)
501 5364 605 5421 Sed
631 5366 769 5437 quod
804 5366 1002 5439 inserta
1033 5365 1207 5439 litec‘a
1248 5362 1529 5439 malevolis_
1550 5373 1744 5439 nosset.
1793 5362 1850 5417 Id

276 5435 650 5491 falsissinmm
673 5448 774 5491 est.
805 5436 1066 5503 Superest
1097 5436 1392 5489 etiamnum
1445 5435 1676 5502 epistola
1715 5449 1848 5502 apo-

274 5504 509 5574 logetica
540 5507 823 5563 Athanasii
847 5506 913 5560 de
942 5507 1212 5561 sententia
1248 5506 1517 5574 Dionysii,
1552 5505 1607 5558 in
1638 5520 1742 5572 qua
1780 5520 1849 5559 ne

274 5577 386 5647 γρὺ
416 5579 632 5647 quidem
663 5578 731 5632 de
760 5579 1024 5647 ejusmodi
1054 5575 1452 5630 adulteratioue
1473 5589 1567 5647 seu
1604 5574 1848 5641 interpo-

277 5645 485 5716 latione
533 5645 801 5702 librorum
834 5647 1074 5716 DiOnysii
1117 5648 1183 5700 ab
1212 5647 1481 5700 haereticis
1513 5645 1656 5716 facta
1684 5661 1699 5708 ;
1725 5646 1849 5716 imo

274 5715 483 5771 fatetur
511 5719 843 5784 Athanasius
893 5715 1230 5785 quaecunque
1259 5732 1325 5769 ex
1354 5715 1596 5786 Dionysii
1628 5715 1848 5783 scriptis

274 5786 644 5843 obtrudebant
674 5788 882 5854 Ariani,
914 5803 976 5842 ea
1006 5788 1154 5842 illum
1186 5786 1490 5855 scripsisse,
1532 5797 1588 5839 at
1632 5802 1737 5840 non
1782 5800 1847 5839 eo

276 5864 442 5912 sensu
473 5874 633 5929 quem
680 5859 781 5929 ipsi
842 5859 1179 5929 allingebant.
1223 5857 1359 5909 Φασὶ
1404 5858 1579 5911 τοίνυν
1609 5857 1684 5931 θὲν
1726 5857 1846 5915 sm,-

1951 3400 2045 3453 καὶ
2070 3396 2306 3473 Ῡῖὲνητὸύ
2338 3396 2498 3473 siuas
2527 3396 2618 3473 cev
2667 3402 2795 3454 Υἱὸν
2838 3401 2931 3454 τοῦ
2967 3396 3123 3466 Θέοὖ,
3162 3396 3317 3473 μήτεξ
3333 3403 3389 3456 δὲ
3426 3396 3533 3473 ξύ-

1952 3487 2034 3522 σει
2098 3470 2249 3533 ἴδιον,
2299 3470 2436 3524 ἀλλὰ
2483 3470 2631 3536 ξένον
2675 3474 2791 3524 κατ’
2819 3473 3003 3526 οὐσίαν
3061 3470 3234 3526 αὑτὸν
3267 3470 3404 3526 εἶναι
3438 3470 3532 3527 ἷτοῦ

1942 3540 2172 3615 Πᾳτρὸς,
2208 3541 2396 3615 ὣσπξρ
2427 3542 2574 3615 scr-civ
2600 3544 2628 3593 ὁ
2649 3543 2900 3615 γεωργὸς
2935 3543 3072 3615 πρὸς
3117 3543 3241 3615 τὶ]νᾷ
3266 3543 3531 3615 ἄμπελον,

1943 3612 2040 3684 δαὶ
2065 3612 2399 3684 (iustumne;
2442 3612 2580 3684 πρὸς
2614 3614 2673 3665 τὸ
2701 3612 2924 3680 σκάφος·
2954 3612 3046 3665 καὶ
3077 3612 3185 3684 γὰρ
3214 3613 3289 3678 ὡς
3309 3612 3534 3684 ’ποίημα

1945 3680 2169 3753 ὣννούκ
2198 3677 2266 3752 ἦν
2288 3677 2419 3752 λήρὶν
2454 3677 2701 3753 γένηται.
2730 3677 2887 3735 Aiunt
2919 3677 3371 3737 beatw'm'emorite
3403 3677 3533 3738 Dio-

1948 3751 2161 3821 nysium
2209 3751 2265 3804 in
2302 3751 2530 3821 epistola
2571 3751 2669 3806 sua
2708 3753 2903 3806 dixisse
2943 3769 3071 3819 Opus
3104 3763 3153 3806 et
3197 3769 3305 3805 rem
3332 3754 3532 3820 factam

1948 3819 2059 3875 esse
2113 3819 2483 3884 Filium‘Dei,
2534 3823 2625 3876 sed
2676 3823 2911 3875 alienum
2961 3840 2993 3876 a
3040 3823 3204 3876 Patre
3245 3819 3533 3877 secundum

1948 3893 2323 3962 substantiam,
2362 3892 2536 3960 qualis
2575 3904 2649 3946 est
2697 3892 2934 3961 agricola
2981 3911 3014 3947 a
3058 3895 3177 3957 vite,
3231 3903 3282 3947 et
3322 3894 3473 3962 faber
3498 3912 3532 3947 a

1947 3963 2178 4030 scaplta.;
2216 3960 2424 4015 Etenim
2475 3980 2593 4016 cum
2628 3963 2696 4016 sit
2736 3960 2822 4016 res
2860 3962 3023 4031 facta,
3070 3980 3176 4017 non
3217 3960 3331 4017 erat
3385 3975 3532 4017 ante-

1985 4048 2104 4083 uam
2135 4031 2305 4105 ﬁeret.
2337 4032 2474 4105 Quid
2509 4033 2803 4105 respondet
2831 4033 3207 4105 Athanasius?
3238 4034 3346 4087 Ναὶ
3373 4033 3532 4105 ἐγρα-

1985 4048 2104 4083 uani
2135 4048 2305 4097 pem.
2337 4048 2474 4097 uitta
2509 4048 2803 4099 respondet
2831 4048 3163 4089 Atnanasms
3186 4048 3207 4086 Ι
3238 4048 3346 4087 Ναι
3373 4048 3532 4105 εγρα-

1944 4048 2046 4189 ἔαξν
2068 4117 2082 4130 ·
2118 4100 2502 4191 euphrong
2547 4103 2643 4156 καὶ
2682 4103 2843 4187 ἡμεῖς
2878 4100 3288 4191 εἶχαιτσιαύτηὶδ
3314 4108 3534 4191 ἐπιστοῗ

1944 4171 2041 4245 siqu
2072 4171 2257 4245 αὐτοῦς
2300 4171 2414 4245 ᾁλλ⁴
2460 4173 2649 4245 ὥσπερ
2691 4171 2894 4245 ταύτην
2926 4173 3185 4245 ἔγραψεν,
3221 4171 3393 4238 obsto;
3434 4176 3531 4230 ita).

1943 4242 2140 4316 étépaq
2199 4242 2459 4316 πλείστας
2522 4242 2824 4316 ἐπιστολὰς
2856 4242 3090 4316 ἔγραψε(
3136 4244 3232 4316 xui.
3279 4245 3387 4298 ἔδει
3433 4247 3529 4299 καὶ

1942 4313 2185 4387 ’τᾳύταιςΔ
2230 4314 2473 4383 ἐντυχεῖν
2524 4315 2744 4387 ᾳύτᾳὺςρ
2772 4385 2779 4387 _
2806 4315 2890 4367 ἵνα
2927 4313 3015 4387 ἐκέ
3041 4314 3265 4387 tractim,
3307 4316 3402 4387 xui.
3452 4316 3528 4387 μὴ

1946 4334 2167 4376 ταυταις
2230 4334 2473 4383 εντυχειν
2524 4334 2744 4376 αυτουςρ
2808 4334 2890 4367 ινα
2936 4334 3000 4369 εκ
3041 4334 3252 4375 πασων,
3307 4334 3402 4368 και
3493 4334 3523 4387 η

1946 4383 2114 4457 μόνης
2170 4384 2236 4436 ὲκ
2299 4387 2399 4457 τῆς
2440 4385 2573 4457 μιᾶς
2629 4385 2902 4457 ήᾼξπίστις
2941 4386 3125 4457 δειχθῇ
3174 4386 3268 4438 τοῦ
3311 4334 3523 4457 ἀνδρὲξ.

1942 4454 2119 4505 Etiam
2146 4456 2356 4525 scripsit
2398 4455 2656 4525 ejusmodi
2689 4455 2837 4508 illius
2864 4454 3139 4525 epistolam
3170 4473 3299 4518 esse,
3343 4468 3391 4508 et
3413 4454 3528 4509 'nos

1880 4561 1924 4613 Β
1954 4527 2094 4604 ultro
2124 4524 2374 4604 fatemur.
2422 4523 2524 4606 Sed
2551 4535 2606 4603 ut
2632 4526 2768 4613 lt'anc
2792 4523 3025 4607 scripsit,
3057 4530 3131 4578 ita
3160 4540 3208 4613 et
3229 4528 3387 4613 alias.
3411 4526 3528 4593 pln-

1957 4595 2120 4646 rimas
2157 4596 2464 4661 conscripsit
2489 4594 2760 4661 epistolas,
2789 4611 2920 4662 quas
2948 4598 3103 4648 etiam
3130 4597 3193 4647 ab
3222 4596 3329 4649 illis
3370 4595 3529 4649 lectus

1955 4665 2205 4731 oportuit,
2234 4676 2287 4716 ut
2317 4680 2381 4717 ea:
2403 4665 2664 4725 omnibus,
2696 4680 2799 4717 non
2831 4681 2894 4717 ea:
2939 4666 3095 4718 unica
3135 4668 3393 4720 duntaxat
3434 4681 3530 4718 ex-

1953 4736 2161 4801 plorata
2187 4734 2284 4787 viri
2319 4734 2451 4801 ﬁdes
2479 4744 2631 4787 esset.
2665 4732 2786 4786 Mox
2826 4736 2875 4786 in
2909 4737 3364 4803 consequentibus
3402 4751 3529 4803 prou

1954 4803 2048 4856 Dat
2092 4813 2202 4876 tum
2233 4819 2300 4857 ex
2333 4812 2654 4876 argumento
2696 4804 2941 4873 epistolae
2981 4805 3245 4876 Dionysii,
3286 4815 3403 4876 tum
3460 4820 3525 4859 ex

1953 4873 2239 4927 occasione
2280 4890 2385 4942 qua
2436 4876 2503 4926 ad
2543 4873 2689 4943 illam
2755 4877 3098 4929 scribendam
3123 4873 3395 4943 impulsus
3423 4887 3528 4941 est,

1957 4951 2067 4995 tum
2112 4958 2179 4997 ex
2224 4943 2453 4996 aliarum
2504 4942 2853 5011 epistolarum
2893 4942 3221 5007 collatione,
3259 4945 3531 5012 catholica

1953 5027 2076 5065 esse
2106 5014 2266 5067 verba
2327 5028 2448 5081 quae
2496 5015 2671 5082 prima
2724 5016 2903 5069 l'ronte
2935 5016 3142 5069 Ariauo
3178 5017 3415 5084 dogmati
3449 5014 3530 5067 l'a-

1953 5095 2080 5136 vere
2109 5084 2449 5140 videbantur.

2024 5152 2140 5222 (25)
2170 5152 2305 5225 _Nisi
2335 5162 2384 5206 et
2423 5154 2586 5221 ipsius
2616 5154 2726 5225 hare
2780 5156 3160 5225 conquerentis,
3195 5163 3303 5209 etc.
3338 5153 3532 5210 Hiero-

1951 5237 2146 5292 nymus
2169 5223 2306 5277 libro
2336 5239 2372 5277 ιι
2398 5225 2647 5277 adversus
2679 5223 2933 5293 Ruﬁnum
2952 5240 2971 5277 :
3005 5245 3023 5276 ‹
3047 5225 3336 5280 Ρτωιηίδδει
3365 5226 3531 5279 falsa.

1954 5294 2106 5348 tione
2138 5294 2204 5347 ab
2234 5294 2503 5348 haereticis
2552 5295 2944 5362 apostolorum,
2993 5307 3047 5348 et
3091 5295 3379 5364 utriusque
3408 5294 3533 5351 Cle-

1953 5364 2149 5437 mentis
2181 5374 2359 5437 _atque
2404 5365 2669 5437 Dionysii,
2710 5367 2855 5437 venit
2882 5368 2950 5419 ad
2981 5364 3290 5437 Origenem,
3344 5377 3398 5419 et
3446 5366 3532 5422 his

1950 5434 2133 5489 verbis
2180 5434 2463 5506 loquitur:
2506 5434 2677 5500 Ipsius
2724 5434 2822 5488 hoc
2856 5434 3215 5506 conquerentis
3258 5448 3307 5489 et
3349 5438 3529 5505 deplo-

1950 5505 2116 5557 rantis
2153 5505 2359 5573 scriptis
2381 5521 2442 5557 ac
2466 5506 2669 5559 vocibus
2690 5506 3041 5572 probavimus.
3075 5506 3213 5572 Quid
3251 5510 3389 5560 enim
3422 5523 3531 5574 ipse

1949 5591 2068 5628 cum
2097 5575 2267 5627 adhuc
2296 5576 2349 5629 in
2380 5591 2535 5627 carne
2577 5576 2762 5639 vivens,
2795 5580 3042 5642 sentiens,
3095 5579 3370 5646 vidensque
3408 5594 3529 5639 per-

1948 5662 2127 5713 pessus
2148 5649 2216 5697 sit
2245 5649 2308 5698 de
2339 5647 2589 5698 librorum
2621 5662 2836 5698 suorum
2888 5650 2967 5701 vel
3005 5664 3303 5701 sermonum
3341 5662 3531 5699 corru-

1949 5716 2228 5781 ptionibus,
2247 5716 2324 5769 vel
2347 5715 2659 5787 adulterinis
2677 5716 3012 5781 editionibus,
3031 5735 3095 5771 ea:
3114 5718 3277 5787 ipsius
3288 5718 3532 5783 epistola,

1949 5801 2106 5853 quam
2139 5787 2318 5837 scribit
2356 5788 2423 5839 ad
2455 5786 2711 5855 quosdam
2745 5786 2929 5842 charos
2967 5806 3091 5842 suos
3129 5786 3531 5848 Alexandriam,

1950 5858 2213 5911 evidenter
2242 5857 2463 5931 docetur
2509 5857 2849 5926 :statimque
2902 5857 3207 5930 exemplum
3254 5856 3534 5926 sabjungit
