4020 6306
484 291 596 345 ωδ

1869 238 2103 341 RUFIN'I
2142 284 2347 340 LIBER

3613 298 3698 356 626

490 411 590 465 bus
614 372 728 477 (θλ)
754 406 1063 476 probemus.
1095 404 1231 472 Quid
1259 405 1403 460 enim
1431 405 1544 475 ipse
1572 406 1699 461 dum
1727 406 1903 461 adhuc
1930 415 2073 461 esset
2103 411 2151 466 Α
2181 405 2458 476 (Epistola:
2498 406 2707 474 scripta:
2730 409 2799 459 ad
2828 404 3295 485 quosdam_cltaros
3324 424 3436 462 suos
3469 410 3569 485 (95)
3595 417 3698 472 Αιε.

488 500 733 558 iu‘carue
761 499 970 557 vivens.
1001 500 1238 552 sentiens
1265 497 1559 567 vidensque
1592 513 1877 569 perpessus
1910 501 1980 553 sit
2006 500 2072 553 de

483 592 753 651 librorum
778 605 1023 654 suorum,
1056 590 1136 645 vel
1159 605 1469 646 sermonum
1502 591 1965 661 corruptionibus,
1985 590 2068 644 vel

488 683 809 738 adulterinis
850 681 1200 746 editionibus.
1261 697 1326 737 ex
1379 683 1548 753 ipsius
1604 683 1855 754 epistola,
1908 699 2067 752 quam

490 777 680 832 scribit
719 776 783 828 ad
812 775 1072 844 quosdam
1112 775 1309 830 charos
1347 792 1476 831 suos
1508 776 1911 839 Alexandriam,
1954 775 2069 829 evi-

491 868 683 923 denter
738 869 964 922 docetur
1003 886 1018 923 :
1072 876 1125 921 et
1150 882 1244 936 per
1269 870 1370 923 hoc
1404 884 1523 937 quae
1553 868 1623 922 sit
1652 884 1812 922 causa
1842 868 1983 937 quod
2017 868 2067 921 in

486 959 663 1028 ipsius
690 960 906 1029 scriptis
957 962 1203 1028 quaedam
1250 960 1349 1015 sibi
1394 960 1671 1015 contraria
1704 960 2067 1027 inveniantur,

492 1065 774 1120 agnosces.

488 1202 571 1258 ’De
615 1204 1007 1257 atlulteratione
1064 1203 1148 1256 rel
1199 1206 1532 1271 corruptione
1565 1206 1816 1259 librorum
1854 1224 2066 1261 suorum

728 1290 792 1328 ea:
816 1276 948 1327 libro
975 1274 1317 1341 epistularum
1358 1273 1603 1345 Origenis
1628 1288 1838 1347 quarto.

568 1477 614 1508 ³⁰
650 1473 667 1508 ¹
695 1472 825 1531 Cor.
852 1491 926 1538 vr,
959 1474 1043 1528 10.

472 1682 756 1753 epistolas.
802 1681 874 1753 _Et
920 1679 1010 1749 qui
1090 1678 1377 1753 falsitatem
1405 1748 1416 1753 Α
1449 1677 1771 1753 scriptorum
1819 1676 2068 1753 Origenis

2787 476 3119 544 xandriam.)

2242 630 2531 688 Ontcsnss.
2569 650 2587 682 ι
2625 632 2854 700 Quidam
2889 646 3077 686 eorum
3129 633 3220 701 qui
3270 633 3490 689 libenter
3530 638 3705 696 habent

2169 725 2447 780 criminari
2468 724 2744 793 proximos
2767 739 2913 788 suos,
2934 725 3216 779 ascribunt
3238 726 3389 780 nobis
3405 737 3455 781 et
3477 728 3709 788 doctrinat

2171 825 2370 871 nostrae
2398 816 2602 872 crimen
2637 817 3005 886 blasphemia),
3039 815 3179 884 quod
3214 831 3242 869 a
3275 818 3423 873 nobis
3459 834 3708 890 nunquam

2172 908 2461 963 audierunt
2490 926 2505 962 :
2539 908 2604 963 de
2625 923 2739 978 quo
2768 908 2867 976 ipsi
2902 906 3157 970 viderint,
3187 907 3420 963 nolentes
3444 911 3710 968 observata

2170 1000 2478 1054 mandatum
2537 999 2664 1055 iliud
2699 1000 2849 1069 quod»
2878 1000 3033 1064 dicit,
3073 999 3197 1067 quia
3246 1000 3479 1054 maledici
3519 1018 3711 1071 regnum

2172 1091 2269 1146 Dei
2297 1109 2401 1145 non
2437 1092 2776 1160 possidebunt
2794 1092 2863 1156 ”,
2889 1092 3137 1147 dicentes
3158 1105 3263 1155 me,
3290 1100 3484 1161 patrem
3519 1094 3711 1149 tualitia

2169 1196 2233 1235 ac
2264 1182 2675 1251 perditionis,et
2699 1195 2887 1237 eorum
2906 1182 2995 1250 qui
3027 1182 3096 1235 de
3118 1196 3280 1251 regno
3312 1178 3400 1236 Dei
3429 1183 3710 1251 ejiciuntur,

2168 1273 2224 1329 id
2248 1282 2333 1329 est
2393 1273 2683 1336 diabolum,
2735 1274 2921 1329 dicere
2958 1286 3081 1328 esse
3113 1272 3461 1327 satvandum:
3490 1274 3618 1341 quod
3652 1290 3713 1330 ne

2169 1698 2332 1735 ausus
2370 1680 2634 1751 judicium
2674 1677 2875 1751 inferre
2908 1677 3267 1751 blasphemi-az,
3292 1676 3497 1751 t__qu_od
3535 1675 3711 1751 dicitur

476 1745 763 1809 ‘b'tcreticis
801 1745 1049 1818 imputat,
1101 1749 1216 1818 ipse
1256 1750 1360 1802 inci
1405 1748 1445 1801 it
1480 1761 1507 1800 a
1552 1745 1817 1802 falsitate:
1850 1745 1954 1801 non
1994 1751 2067 1804 ita
2098 1763 2141 1819 Β
2169 1755 2235 1806 de
2274 1745 2527 1806 Micltaele
2555 1761 2738 1803 contra
2765 1746 3070 1810 diabolum;
3103 1756 3153 1800 et
3187 1748 3243 1798 in
3281 1745 3384 1799 alio
3419 1745 3598 1800 locou
3626 1746 3712 1799 Do-

491 1826 859 1874 interoretans
898 1830 957 1872 ut
1002 1819 1231 1873 habetur
1275 1819 1326 1872 in
1364 1766 1588 1874 graeco:
1627 1833 1723 1872 nec
1757 1820 1807 1872 id
1852 1818 2064 1874 Latinis
2168 1824 2485 1874 minationes
2511 1819 2721 1874 quidem
2751 1819 3052 1874 renrobant.
3087 1817 3284 1874 alarias
3314 1825 3480 1869 autem
3511 1816 3712 1874 blasphe-

490 1826 859 1890 interpretans
898 1830 957 1872 ut
1002 1819 1231 1873 habetur
1275 1819 1326 1872 in
1352 1818 1588 1890 Cresco;
1627 1833 1723 1890 nec
1757 1820 1807 1872 id
1852 1818 2064 1890 Latinis

488 1888 794 1955 insinuans,
819 1891 958 1959 quod
985 1890 1096 1958 ipse
1132 1890 1181 1943 in
1214 1891 1323 1943 suis
1351 1888 1876 1959 litterisprolltetur.
1903 1889 2064 1945 Cum-

490 1981 597 2034 que
628 1962 714 2034 i|_la
740 1958 962 2034 epistola
1003 1970 1109 2014 tota
1147 1959 1472 2034 Demetrium
1509 1958 1888 2034 Alexandrina:
1915 1961 2063 2017 urbis

488 2028 799 2102 pontificem
850 2030 1069 2093 laceret,
1104 2040 1159 2083 et
1199 2030 1250 2102 in
1286 2028 1449 2083 totius
1486 2028 1642 2102 _orl_tis
1671 2031 1961 2102 episcopos
2009 2041 2065 2087 et

490 2097 719 2158 clericos
763 2103 1087 2164 invehatur;
1121 2109 1175 2153 et
1214 2099 1413 2153 frustra
1453 2097 1520 2152 ab
1559 2099 1816 2154 Ecclesiis
1838 2097 2062 2156 excom-

490 2175 821 2228 municatum
845 2186 966 2225 esse
998 2185 1054 2224 se
1084 2171 1246 2235 dicat,
1282 2184 1380 2223 nec
1404 2169 1542 2224 velle
1562 2170 1613 2223 in
1642 2170 1946 2226 maledictis
1978 2189 2064 2227 re-

472 2246 633 2299 ferre
652 2242 842 2305 vicem,
862 2256 929 2295 ne
951 2242 1158 2295 scilicet
1175 2238 1466 2295 maledicus
1478 2239 1728 2295 videatur
1745 2257 1864 2297 esse
1880 2242 2062 2307 homo,

474 2317 580 2376 »αιιὶ
612 2315 661 2366 in
697 2320 901 2365 tantum
941 2320 1133 2365 cautus
1176 2311 1247 2364 sit
1290 2311 1365 2364 ad
1408 2310 1864 2376 maledicendum,
1895 2323 1953 2366 ut
1998 2327 2062 2367 ne

489 2380 703 2439 diabolo
730 2382 949 2449 quidem
981 2381 1184 2434 audeat
1214 2380 1535 2434 maledicere
1574 2397 1588 2434 :
1612 2383 1762 2435 unde
1790 2393 1845 2436 et
1872 2382 2064 2435 Caudi-

490 2458 561 2508 dn
594 2452 954 2508 Valentiniani
990 2450 1255 2521 dogmatis
1288 2451 1569 2513 sectatori,
1610 2452 1973 2506 calumniandi
2004 2469 2063 2507 se

482 2524 830 2579 occasionem
856 2521 1083 2585 dederit,
1125 2522 1266 2590 quod
1293 2521 1570 2575 diabolum
1610 2522 1879 2576 salvandte
1911 2523 2064 2578 dixe-

488 2596 560 2648 rit
589 2608 708 2648 essc
726 2602 953 2663 naturae,
974 2592 1061 2646 hic
1084 2590 1425 2663 dissimulato
1454 2593 2058 2663 argumentoepislolm,

492 2664 645 2734 fingit
676 2679 772 2732 pro
796 2662 1028 2729 Origene
1054 2662 1318 2734 quod_il_le
1351 2677 1453 2717 non
1488 2662 1741 2734 loquitur.
1778 2661 1926 2718 Unde
1946 2665 2063 2732 epi-

472 2732 640 2790 stola:
675 2736 843 2802 ipsius
866 2742 1070 2800 partem
1097 2732 1367 2799 paululum
1394 2747 1459 2786 ex
1488 2733 1857 2799 superioribus
1889 2743 2067 2790 trans-

478 2807 616 2870 tuli;
665 2817 718 2860 et
753 2805 837 2858 bis
866 2803 1194 2872 junxipqum
1229 2803 1296 2855 ab
1330 2805 1447 2871 ipso
1495 2804 1821 2858 commatice
1853 2806 2065 2860 dolose-

486 2891 596 2946 que
647 2875 906 2946 translata
957 2883 1108 2938 sunt;
1161 2882 1219 2926 ut
1250 2887 1358 2942 quo
1378 2873 1629 2946 dconsilio
1664 2876 1939 2946 superiora
1979 2886 2061 2929 ta-

478 2942 688 3010 cuerit,
718 2946 837 3014 ipse
862 2943 1330 3016 lectoragnoscat.
1366 2942 1566 2998 Contra
1594 2942 1902 2998 sacerdotes
1935 2961 2063 3016 ergo

480 3013 753 3071 Ecclesiae
802 3013 1127 3085 generaliter
1173 3014 1476 3085 disputans,
1518 3029 1546 3066 a
1588 3016 1784 3083 quibus
1812 3013 2064 3081 indignus

488 3084 869 3141 communione
888 3086 1005 3153 ejus
1034 3084 1516 3151 fueratjudicatus,
1546 3085 1661 3139 haec
1688 3085 1865 3140 intulit
1888 3103 1901 3139 :
1922 3085 2060 3151 Quid

2168 1824 2485 1877 minationes
2511 1819 2721 1886 quidem
2751 1819 3052 1884 reprobant,
3084 1817 3284 1887 glorias
3302 1825 3480 1887 autem
3511 1816 3712 1883 blasphe-

2163 1902 2311 1947 mmtt
2343 1890 2495 1963 (Iud.
2641 1908 2660 1940 ι
2707 1888 2931 1963 Quidam
2958 1904 3138 1963 eorum
3172 1888 3259 1958 qui
3292 1886 3714 1963 libettter_conten-

2166 1957 2658 2030 tiones'reperiunt,
2689 1960 2957 2013 ascribunt
3002 1958 3152 2030 nobis
3184 1957 3232 2011 et
3280 1968 3465 2011 nostrtr
3491 1957 3715 2030 doctrina;

2171 2025 2574 2100 blasphemiam,
2606 2047 2759 2099 super
2792 2046 2894 2099 qua
2920 2030 3024 2097 ipsi
3054 2028 3304 2090 viderint,
3331 2027 3576 2100 quomodo
3596 2025 3715 2100 illud

2167 2094 2389 2157 audiant
2413 2117 2430 2156 :
2459 2120 2477 2152 ι
2509 2094 2689 2169 Neque
2718 2094 2926 2164 ebriosi,
2947 2094 3114 2169 neque
3142 2094 3386 2169 maledici
3414 2112 3610 2169 regnum
3636 2094 3717 2148 Dei

2161 2173 2529 2241 passidebunt:
2554 2190 2571 2224 t
2594 2168 2711 2225 licet
2729 2182 2927 2239 patrem
2942 2168 3162 2241 malitia:
3190 2179 3239 2223 et
3256 2168 3717 2241 perditioniseorutn

2162 2235 2249 2316 qui
2288 2246 2350 2298 de
2380 2258 2531 2316 regno
2562 2242 2652 2295 Dei
2682 2235 3188 2316 ejicientur,»dicant
3215 2235 3360 2316 posse
3374 2235 3717 2316 saieari:_quod

2163 2309 2225 2368 ne
2239 2309 2609 2382 mentequidem
2621 2309 2734 2379 quis
2752 2323 2931 2379 captus
2944 2314 3111 2365 dicere
3125 2309 3510 2382 potestlltetera
3524 2309 3717 2382 quidem

2161 2400 2227 2439 ex
2252 2377 2439 2438 eadem
2469 2377 2695 2450 epistola
2728 2377 2999 2436 transtulit
3027 2396 3123 2450 pro
3169 2381 3303 2442 hoc,
3353 2380 3500 2450 quod
3539 2379 3587 2430 in
3628 2377 3719 2429 line

2164 2454 2453 2509 verborum
2502 2444 2759 2518 Origenis
2792 2444 3131 2521 interpretati
3178 2444 3418 2503 suntus':
3455 2444 3590 2514 Ergo
3616 2462 3719 2521 cum

2162 2536 2374 2595 propter
2390 2524 2633 2595 timorem,
2648 2522 2743 2577 Dei
2762 2518 3034 2595 caveamus
3064 2522 3443 2595 inquempiam
3466 2518 3722 2595 maledicta

2154 2589 2422 2662 conferre,
2453 2601 2508 2648 et
2540 2593 2767 2662 reliqua.
2796 2592 2900 2647 Iste
2930 2589 3308 2646 fraudulenter
3329 2589 3615 2662 amputatis
3644 2602 3726 2662 su-

2162 2659 2492 2736 perioribus,
2521 2679 2589 2736 es
2613 2659 2808 2736 quibus
2832 2663 3089 2736 inferiora
3125 2660 3454 2729 dependent,
3480 2659 3554 2736 sic
3579 2659 3723 2725 coepit

2166 2729 2806 2805 iransferreiepis't’olam,
2836 2734 2997 2805 quasi
3028 2734 3131 2787 ltoc
3154 2729 3576 2805 sensusuperius
3597 2737 3722 2805 esset

2160 2806 2468 2870 exordium,
2502 2798 2557 2859 et
2585 2806 2661 2860 ait
2695 2824 2709 2861 :
2741 2798 2970 2871 Quidam
3001 2819 3181 2856 eorum
3208 2804 3303 2873 qui
3321 2798 3529 2854 libenter
3554 2798 3720 2873 habent

2163 2876 2433 2930 criminari
2450 2869 2711 2943 proximos
2741 2869 2886 2939 suos,
2928 2873 3195 2927 ascribunt
3222 2869 3403 2943 'nobis,
3426 2881 3470 2923 et
3493 2869 3722 2921 doctrina:

2163 2956 2356 3000 nostra:
2390 2942 2585 2999 crimen
2633 2945 2984 3013 blasphemiw,
3024 2943 3162 3011 quod
3209 2961 3247 2995 rt
3292 2942 3440 3013 nobis
3492 2953 3719 3013 nusquam

2165 3018 2445 3069 audierunt
2469 3030 2489 3069 ξ
2538 3018 2603 3068 de
2631 3010 2873 3085 quo'ipsi
2909 3010 3154 3076 viderint,
3197 3010 3723 3085 nolentesobservare

2166 3089 2474 3140 mandatum
2524 3082 2657 3139 illud
2683 3087 2823 3156 quod
2855 3086 3026 3138 dicit:
3053 3085 3179 3156 quia
3216 3082 3467 3137 maledici
3517 3094 3720 3149 regnum

489 3174 692 3211 necesse
714 3166 785 3210 est
819 3157 889 3207 de
907 3132 1277 3227 prophetaru‘m
1302 3132 1630 3227 sertnodibus
1660 3156 1850 3219 dicere,
1876 3132 2062 3227 quibus
2089 3132 2132 3189 C
2171 3157 2260 3210 Dei
2311 3171 2415 3210 non
2462 3132 2836 3227 possidebunt,
2873 3132 3099 3208 dicente‘s
3129 3154 3367 3207 asserere
3413 3167 3491 3205 me
3529 3132 3721 3227 patrem

487 3230 772 3295 sa'pissinte
793 3226 1092 3292 pastoribus
1120 3234 1165 3276 et
1202 3223 1494 3293 majoribus
1527 3235 1678 3289 natu,
1708 3235 1756 3278 et
1784 3223 2067 3281 sacerdoti-

489 3300 607 3359 bus,
652 3313 712 3350 ac
747 3295 1065 3365 principibus
1112 3296 1287 3362 pepuli
1326 3296 1733 3366 comminantur,
1760 3308 1805 3350 et
1833 3306 2064 3366 arguunt

488 3368 615 3422 eos?
642 3363 774 3431 om
802 3366 1165 3435 absque—nobis
1210 3368 1274 3417 de
1313 3364 1510 3435 sanctis
1562 3363 1850 3434 Scripturis
1881 3363 2065 3420 elicere

487 3440 723 3505 potestis,
746 3446 790 3489 et
807 3434 1001 3503 liquido
1024 3435 1292 3505 pervidere
1311 3435 1449 3503 quod
1479 3434 1701 3503 forsitan
1733 3438 1829 3491 Itoc
1867 3449 2064 3505 tempus

487 3502 578 3573 sit,
608 3510 672 3561 de
697 3522 799 3576 quo
828 3502 1023 3559 dicitur
1049 3522 1067 3557 :
1102 3522 1123 3576 (γ
1146 3502 1331 3576 Nolite
1355 3502 1561 3557 credere
1592 3507 1798 3574 amicis,
1831 3524 1923 3561 nec
1949 3502 2060 3573 spec

487 3580 613 3634 retis
658 3574 717 3630 in
744 3578 1063 3646 principibus
1108 3574 1297 3646 (tilich.
1342 3589 1445 3639 vtt,
1479 3576 1583 3646 5);:
1630 3594 1653 3627 θ
1683 3588 1729 3629 et
1790 3590 1927 3630 nunc
1966 3581 2067 3631 int-

482 3650 697 3719 pleatur
729 3645 1074 3719 uaticinium:
1119 3664 1137 3696 ι
1170 3645 1339 3698 Duces
1384 3645 1564 3715 populi
1600 3648 1702 3699 mei
1734 3664 1814 3702 me
1865 3651 2063 3719 nescie—

486 3717 642 3781 runt,
687 3718 788 3786 ﬁlii
834 3717 983 3770 stulti
1022 3725 1175 3781 sunt,
1220 3723 1270 3768 et
1318 3731 1421 3769 non
1467 3727 1587 3770 sunt
1639 3720 1914 3786 sapientes.
1964 3718 2065 3772 Sa.

482 3785 694 3859 pientes
731 3796 853 3859 sunt
900 3796 954 3839 ut
1002 3786 1204 3859 faciant
1238 3785 1433 3852 (mala,
1494 3786 1619 3841 bene
1664 3785 1837 3859 autem
1893 3788 2065 3856 facere

488 3854 727 3914 nesciunt
776 3857 917 3926 (Jer.
953 3871 1027 3920 tv,
1068 3854 1211 3923 22);
1246 3874 1264 3905 ι
1314 3872 1535 3926 quorum
1582 3858 1749 3926 magis
1784 3854 2061 3922 -ntisereri,

487 3945 643 3998 quant
683 3944 769 3981 eos
808 3928 975 3979 odisse
999 3926 1284 3998 debemus;
1310 3935 1359 3978 et
1400 3941 1553 3998 orare
1605 3943 1703 3995 pro
1734 3926 1862 3991 illis,
1904 3945 2064 3998 quant

466 3996 562 4053 eis
615 3999 946 4049 maledicere.
975 3996 1056 4046 Ad
1110 3997 1512 4048 benedicendum
1557 3998 1694 4049 enim
1740 4006 1789 4049 et
1845 3996 1947 4051 non
1991 4001 2059 4051 ad

487 4068 902 4122 maledicendum
942 4066 1103 4117 creati
1135 4080 1334 4117 sumus.
1374 4063 1527 4117 Unde
1552 4076 1599 4119 et
1634 4084 1654 4116 ι
1683 4066 1910 4121 Michael
1945 4084 2063 4121 cum

485 4140 755 4191 diabolunt
786 4137 1072 4204 disputaret
1103 4136 1177 4208 de
1204 4133 1374 4208 Moysi
1414 4151 1651 4208 corpore,
1679 4153 1747 4208 ne
1769 4146 1913 4190 tanto
1946 4141 2063 4208 qui-

476 4213 603 4263 dem
644 4209 784 4260 malo
831 4202 992 4259 ausus
1033 4214 1106 4257 est
1149 4202 1410 4275 judicium
1462 4202 1658 4275 inferre
1700 4202 2060 4275 blasphemiae,

464 4280 575 4333 sed
618 4280 752 4332 dixit
792 4292 807 4329 :
845 4276 1085 4342 lncrepet
1136 4275 1227 4348 u_bi
1268 4274 1748 4348 ,Dontittttstlud.
1790 4274 1866 4348 9).
1896 4296 1914 4328 ι
1963 4274 2064 4334 Cui

485 4352 611 4418 quid
651 4349 822 4403 simile
854 4348 1015 4400 etiant
1045 4348 1106 4418 in
1149 4344 1410 4418 Zacltaria
1458 4346 1681 4418 legimus
1714 4361 1733 4399 :
1771 4364 1788 4398 ι
1824 4344 2062 4418 Ὶηενερει

487 4416 581 4473 tibi
620 4419 873 4472 Dominus
900 4460 914 4484 ,
940 4416 1199 4485 diabole.‘
1230 4426 1276 4467 et
1317 4416 1542 4485 increpet
1584 4416 1845 4472 {Dominus
1896 4419 1951 4472 in
1981 4416 2057 4485 te,

365 4544 376 4553 ,
464 4491 572 4559 qui
602 4490 750 4558 elegit
784 4478 1080 4559 Jerusalem
1110 4484 1357 4559 (Z_acltar.
1384 4478 1469 4551 tu,
1494 4484 1569 4556 2).
1599 4506 1617 4539 t
1656 4487 1843 4557 Itaque
1882 4501 1929 4542 et
1966 4478 2060 4544 nos
2093 4478 2136 4533 Ῐ)

468 4556 722 4628 cupimus
770 4557 1033 4625 increpari
1076 4573 1107 4608 a
1151 4556 1378 4628 Domino
1426 4573 1544 4628 eos,
1588 4559 1678 4626 qui
1718 4556 1902 4612 nalunt
1946 4575 2064 4613 cum

483 4626 781 4683 humilitate
806 4645 837 4680 a
868 4628 1120 4696 proximis
1166 4627 1450 4696 increpari.
1480 4626 1693 4682 Dicente
1734 4639 1909 4683 autem
1954 4628 2009 4682 Μ
2020 4632 2064 4682 i-

482 4699 662 4753 cltaele
692 4716 711 4753 :
744 4717 764 4752 ι
798 4695 1035 4767 Increpat
1085 4698 1177 4750 tibi
1225 4695 1499 4763 Dominus,
1542 4699 1781 4762 diabole;
1810 4718 1828 4750 t
1864 4698 2063 4754 etZa-

482 4772 665 4822 diaria
704 4770 950 4822 similiter
996 4783 1014 4820 :
1058 4778 1233 4819 utrum
1278 4769 1536 4839 inc_repet,
1580 4785 1649 4821 an
1682 4786 1784 4822 non
1836 4772 2062 4839 increpet

480 4841 623 4894 Deus
645 4840 934 4900 diabolum,
962 4840 1071 4906 ipse
1100 4839 1301 4891 viderit.
1334 4837 1402 4890 Et
1442 4839 1486 4890 si
1511 4841 1764 4906 increpat,
1802 4837 2059 4906 quomodo

482 4913 728 4980 increpet,
762 4912 871 4977 ipse
896 4909 1256 4980 agnoscatilﬂt
1282 4920 1403 4980 post
1426 4915 1612 4972 multa,
1644 4925 1762 4976 qua:
1794 4914 2060 4980 prolixum

481 4991 566 5037 est
603 4979 862 5045 Scribere,
906 4979 1055 5031 addit
1095 4979 1263 5049 :VNos
1309 4979 1405 5031 ltoc
1453 4982 1731 5041 sentimus,
1775 4979 1914 5049 quod
1960 4981 2059 5049 eji-

480 5054 689 5105 cientur
729 5053 793 5103 de
841 5065 998 5119 regno
1051 5048 1316 5109 caelorum,
1368 5065 1469 5101 non
1509 5051 1676 5102 solum
1711 5048 1798 5119 qui
1838 5048 2063 5118 grandia

480 5132 839 5189 peccaverunt,
868 5118 1007 5174 verbi
1046 5120 1216 5189 gratia
1236 5118 1695 5187 fornicatores,et
1727 5122 1981 5184 adulteri,
2010 5132 2058 5174 et

481 5195 831 5244 masculorunt
890 5191 1277 5252 contubitores,
1324 5200 1371 5261 et
1410 5189 1573 5257 fures,
1608 5193 1695 5243 sed
1738 5201 1784 5243 et
1824 5194 2060 5261 qui-mi-

482 5277 613 5313 nora
651 5263 1003 5332 deliquerunt,
1033 5277 1096 5314 ea:
1124 5276 1183 5313 eo
1221 5260 1359 5328 quod
1389 5261 1640 5332 scriptum
1675 5274 1748 5314 est
1777 5278 1794 5314 :
1828 5260 1847 5313 ι
1879 5260 2061 5332 Neque

466 5331 692 5401 ebriosi,
731 5346 894 5400 neque
944 5332 1192 5384 maledici
1238 5344 1451 5399 regnum
1496 5331 1590 5383 Dei
1631 5331 1981 5399 possidebunt,
2007 5332 2058 5401 (Ι

480 5400 604 5453 Cor.
632 5416 705 5464 vt,
743 5406 830 5470 to)
858 5419 871 5454 :
915 5419 932 5452 ι
968 5412 1016 5454 et
1052 5412 1158 5470 tant
1196 5401 1251 5454 in
1282 5402 1511 5454 bonitate
1530 5418 1686 5470 quant
1720 5403 1771 5456 in
1793 5400 2060 5456 severitate

479 5470 577 5543 Dei
616 5486 725 5524 esse
760 5469 1084 5527 mensuram.
1119 5469 1267 5525 Unde
1294 5480 1483 5524 cuncta
1508 5469 1727 5525 nitimur
1751 5490 1904 5543 agere
1934 5489 2061 5526 cono

478 5542 621 5607 sitio,
666 5544 723 5595 in
764 5544 871 5594 cini
905 5558 1109 5612 quoque
1148 5552 1312 5609 potu,
1351 5549 1401 5595 et
1448 5544 1502 5595 in
1544 5542 1903 5597 moderatione
1948 5559 2060 5597 ser-

461 5612 677 5677 «nonis,
730 5613 970 5684 utinutli
1021 5614 1309 5665 audeamus
1363 5614 1693 5684 maledicere.
1751 5612 1889 5684 Ergo
1939 5630 2058 5668 cum

476 5692 685 5750 propter
720 5683 817 5736 Dei
861 5685 1099 5736 timorem
1135 5698 1405 5736 caveamus
1445 5683 1499 5736 in
1543 5683 1839 5752 quempiam
1892 5685 2057 5738 male-

462 5753 619 5807 ~uicta
652 5756 911 5823 conferre,
959 5754 1288 5808 recordantes
1329 5754 1479 5823 illius
1516 5755 1691 5810 dicti:
1733 5773 1751 5808 ι
1789 5755 1910 5811 Non
1953 5754 2057 5825 fuit

2166 3228 2386 3279 malitia:
2413 3219 2800 3295 et'perditionis
2844 3242 3025 3279 eorum
3070 3227 3158 3293 qui
3192 3228 3279 3295 Vde
3322 3238 3477 3292 regno
3519 3220 3607 3274 Dei
3626 3219 3721 3295 eji-

2167 3298 2401 3361 ciuntur,
2440 3291 2499 3349 id
2522 3307 2618 3361 est,
2652 3298 2924 3349 diabolum
2960 3291 3089 3349 esse
3117 3291 3433 3348 saluandam
3466 3291 3636 3362 :quod
3659 3304 3716 3340 ne

2166 3368 2356 3438 aliquis
2394 3360 2800 3438 quidem’mente
2851 3376 3042 3438 motus,
3081 3377 3128 3438 et
3169 3365 3452 3435 manifeste
3478 3360 3722 3415 insaniens

2166 3435 2336 3491 dicere
2368 3435 2552 3504 potest.
2608 3437 2860 3491 Conferte
2889 3435 3139 3505 Origenis
3170 3439 3362 3497 verba,
3415 3448 3530 3504 quae
3577 3442 3722 3497 supra

2168 3509 2234 3560 ad
2269 3507 2491 3563 verbum
2522 3507 2796 3572 transtuli,
2820 3508 3037 3576 hisqua:
3058 3506 3126 3559 ab
3158 3507 3266 3560 isto
3295 3520 3400 3559 non
3420 3518 3565 3576 versa
3587 3508 3721 3576 sunt,

2167 3579 2262 3632 sed
2298 3592 2517 3652 eversa;
2555 3586 2609 3632 et
2632 3590 2911 3652 quautaur
2940 3574 3081 3631 inter
3110 3593 3170 3652 se
3204 3591 3314 3630 non
3357 3575 3526 3652 solum
3555 3574 3723 3652 verbo-

2167 3663 2308 3711 rum,
2338 3650 2429 3702 sed
2454 3660 2505 3703 et
2541 3663 2797 3701 sensuum
2829 3648 3063 3701 habeant
3091 3648 3511 3710 dissonantiam,
3536 3648 3725 3712 perspi-

2167 3718 2343 3773 cietis.
2377 3720 2639 3780 Obsecro,
2694 3732 2761 3771 ne
2817 3720 3041 3771 molesta
3068 3727 3139 3771 sit
3184 3718 3348 3772 vobis
3376 3716 3625 3785 prolixior
3649 3716 3726 3763 in-

2170 3790 2509 3856 terpretatio.
2547 3788 2753 3842 Idcirco
2792 3793 2934 3842 enim
2964 3789 3143 3842 omnia
3186 3790 3475 3851 vertimus,
3508 3794 3590 3856 fut
3627 3795 3729 3851 quo

2166 3855 2393 3914 consilio
2428 3860 2709 3929 superiora
2770 3859 3023 3923 tacuerit,
3074 3856 3462 3929 probaremus.
3506 3855 3724 3929 liabetur

2167 3929 2410 4001 dialogus
2442 3924 2584 3998 apud
2613 3927 2831 4001 Graecos
2859 3924 3119 4000 Origeni's
3149 3937 3203 3983 et
3235 3928 3470 3982 Candidi
3506 3924 3723 4001 \lalenti-

2166 3996 2339 4054 nianté
2374 3996 2640 4054 haereseos
2676 3996 3002 4062 defensoris,
3046 4001 3100 4054 in
3128 4014 3233 4067 quo
3269 4002 3415 4053 duos
3448 3996 3722 4067 andabatas

2165 4070 2522 4141 digladiantes
2547 4070 2699 4141 inter:
2710 4084 2768 4124 se
2793 4065 3181 4141 spectassem—t3
3205 4070 3405 4141 lateor.
3433 4068 3567 4121 Dicit
3586 4065 3719 4141 lian-

2166 4136 2321 4195 didus
2358 4140 2550 4193 Filium
2589 4140 2654 4193 de
2676 4136 2847 4195 Patris
2868 4154 2987 4195 esse
3009 4140 3338 4203 substantia,
3366 4152 3553 4193 errans
3586 4136 3634 4187 in
3663 4147 3722 4186 eo

2158 4213 2307 4277 quod
2331 4209 2618 4281 προϐολὴν,
2647 4211 2702 4263 id
2718 4210 3183 4280 estprolationem,
3210 4211 3427 4264 asserit.
3458 4209 3500 4262 E
3528 4206 3723 4273 regione

2165 4282 2425 4351 Origenes
2448 4282 2601 4349 juxta
2636 4281 2821 4334 Arium
2847 4292 2901 4336 et
2932 4282 3251 4335 Eunomium
3288 4289 3582 4351 repugnat,
3609 4288 3722 4351 eum

2164 4352 2244 4405 vel
2265 4345 2540 4421 prolatum
2563 4365 2708 4414 esse,
2740 4353 2825 4423 vel
2850 4362 3059 4413 natum,
3087 4365 3154 4404 ne
3184 4351 3332 4405 Deus
3357 4345 3518 4423 Pater
3538 4345 3723 4423 divida~

2168 4434 2255 4475 tur
2285 4423 2340 4475 in
2388 4429 2607 4490 partes:
2658 4422 2749 4477 sed
2780 4424 2911 4477 dicit
2948 4423 3232 4476 sublimem
3260 4435 3314 4475 et
3346 4421 3724 4477 excellentissi-

2166 4508 2308 4545 mam
2336 4502 2644 4546 creaturam
2673 4494 2947 4547 voluntate
2966 4493 3239 4546 exstitisse
3270 4491 3472 4558 Patris,
3499 4490 3632 4545 sicut
3674 4491 3724 4538 et

2152 4571 2391 4625 ,rzeteras
2442 4571 2741 4617 creaturas.
2801 4564 3011 4617 Rursus
3056 4566 3123 4616 ad
3172 4565 3463 4616 secundam
3517 4560 3724 4613 veniunt

2165 4634 2542 4698 quatstionem.
2589 4634 2800 4688 Asserit
2837 4634 3112 4688 Candidus
3162 4635 3437 4687 diabolum
3493 4630 3723 4700 pessima:

2163 4716 2285 4756 esse
2314 4713 2539 4768 naturae,
2571 4714 2623 4757 et
2651 4718 2771 4773 qttaa
2792 4705 2984 4757 salvari
3018 4719 3289 4772 nunquam
3321 4703 3507 4769 possit.
3530 4701 3723 4754 Contra

2165 4772 2267 4825 hoc
2298 4784 2442 4827 recte
2468 4772 2732 4839 Origenes
2751 4777 3045 4843 respondit,
3068 4789 3310 4828 noueutu
3334 4776 3589 4841 peritura:
3614 4781 3725 4821 esse

2164 4844 2502 4915 Substautite,
2524 4848 2616 4897 sed
2644 4844 2920 4899 voluntate
2943 4847 3158 4915 propria
3181 4859 3475 4906 corruisse,
3510 4854 3561 4895 et
3578 4851 3724 4915 posse

2163 4915 2381 4967 Salvari.
2432 4913 2546 4969 lloc
2580 4915 2854 4969 Candidus
2894 4913 3058 4969 vertit
3107 4917 3158 4968 in
3188 4916 3545 4978 calumniam,
3576 4913 3723 4979 quasi

2163 4982 2426 5059 Origenes
2461 4987 2680 5059 «litterit,
2710 4986 2927 5059 diaboli
2960 4994 3226 5059 naturam;
3242 5001 3361 5041 esse
3390 4984 3720 5059 salvamiau}.

2163 5050 2316 5120 Quod
2351 5056 2442 5107 ille
2488 5056 2622 5109 falso
2668 5055 2963 5124 objecerat,
3018 5057 3104 5110 hic
3146 5056 3359 5110 refutat.
3388 5056 3453 5107 Et
3483 5050 3722 5124 intelligi-

2166 5139 2284 5197 mus
2317 5125 2370 5177 in
2406 5127 2506 5179 hoc
2530 5122 2750 5179 tantum
2773 5127 2984 5196 dialogo
3010 5126 3342 5197 abOrigene
3376 5125 3525 5193 argui
3572 5122 3724 5197 hatre-

2164 5196 2327 5248 ticam
2358 5197 2671 5261 falsitatem,
2700 5207 2753 5250 et
2781 5214 2884 5251 non
2916 5192 2967 5251 in
2994 5192 3414 5257 caeteris'libris,
3441 5192 3510 5247 de
3534 5192 3723 5260 quibus

2163 5281 2436 5334 nunquam
2464 5269 2692 5335 quaestio
2721 5268 2838 5320 luit.
2868 5270 3080 5337 Alioqui
3112 5271 3155 5323 si
3182 5270 3367 5323 omnia
3405 5280 3524 5334 qua:
3559 5268 3721 5315 uxre-

2163 5337 2264 5388 tica
2306 5346 2454 5401 sunt,
2492 5354 2595 5391 non
2648 5346 2809 5391 erunt
2850 5339 3119 5406 Origeuis,
3158 5340 3252 5393 sed
3306 5337 3718 5409 hereticorum:

2161 5421 2351 5462 omnes
2382 5420 2561 5462 autem
2585 5401 2974 5476 propemodum
3009 5401 3151 5463 illius
3180 5410 3309 5463 tomi
3353 5411 3435 5463 his
3453 5401 3721 5460 erroribus

2160 5477 2307 5543 pleni
2349 5488 2498 5543 sunt,
2542 5478 2677 5531 nihil
2722 5477 2974 5549 Origenis
3020 5482 3147 5546 erit,
3178 5482 3273 5535 sed
3299 5480 3722 5544 eor-umqum“

2162 5550 2472 5617 ignoramus
2506 5549 2791 5602 vocabula.
2829 5566 2849 5601 ι

2234 5618 2348 5688 (2.5)
2376 5618 2527 5685 Mss.,
2556 5620 2919 5689 probaremus.
2954 5619 3173 5675 Rectius
3188 5619 3340 5684 editi,
3362 5614 3654 5689 probemus.

2158 5758 2191 5811 ά
2232 5685 2348 5811 (τέ)
2411 5689 2578 5759 Εάίιί,
2638 5688 2998 5746 ΑΙεεαηατίιτ.
3057 5692 3184 5748 Mss.
3243 5685 3442 5755 nostri,
3502 5685 3723 5738 Alexan-

2198 5775 2271 5811 ηα
2334 5800 2347 5811 .

2198 5773 2347 5815 nam.
