4020 6306
254 458 358 516 6ὶῖ

1144 456 1230 510 DE
1265 455 1848 512 ADULTERATIONE
1886 456 2249 512 LIBRORUM
2284 454 2625 512 ORIGEN'IS.

3425 460 3529 517 626

256 576 449 644 aliquis
481 576 699 648 quidem
730 584 912 633 mente
941 583 1142 643 motus,
1169 584 1225 631 et
1244 576 1534 633 manifeste
1565 579 1842 635 insaniens
1870 586 1919 641 Α
1947 578 2185 651 nonnulli
2210 581 2538 634 conturbare
2584 577 2826 633 volentes
2873 578 3162 638 Ecclesias.
3193 579 3439 651 Denique
3472 584 3526 637 in

254 670 437 723 dicere
461 678 666 737 potest.
686 669 792 723 Sed
818 666 951 723 nihil
975 668 1171 723 mirum
1196 668 1330 725 mihi
1353 670 1592 735 videtur,
1626 672 1671 727 si
1694 672 1841 726 adul-

258 772 461 819 teretur
507 766 751 821 doctrina
782 779 897 819 mea
927 765 994 820 ab
1026 764 1267 821 inimicis
1292 767 1448 831 meis,
1475 778 1531 823 et
1556 768 1651 821 tali
1681 767 1838 822 adul-

256 856 391 910 terio
451 868 853 927 corrumpatur,
910 856 1061 926 quali
1117 857 1390 912 adulterio
1447 866 1703 929 corrupta
1757 867 1842 913 est

252 948 495 1015 Epistula
536 948 686 1002 Pauli
751 949 999 1018 ap0stoli.
1025 949 1253 1015 Quidam
1295 950 1439 1005 enim
1481 952 1583 1006 sub
1620 951 1840 1006 nomine

250 1037 404 1093 Pauli
441 1039 630 1094 falsam
662 1039 948 1108 epistolam
974 1040 1435 1109 conscripserunt,
1465 1052 1524 1096 ut
1545 1042 1839 1098 conturba-

251 1137 374 1183 rent
416 1126 950 1194 Thessalonicenses,
991 1131 1149 1201 quasi
1197 1132 1425 1186 instaret
1457 1132 1574 1187 dies
1602 1133 1837 1195 Domini,

236 1231 306 1276 et
327 1224 651 1277 seducerent
679 1236 793 1277 cos.
822 1222 1048 1292 Propter
1070 1223 1341 1292 hanet'26)
1372 1238 1503 1295 ergo
1540 1223 1835 1294 Epistolam

250 1316 304 1371 in
342 1315 578 1371 secunda
611 1314 853 1384 Epistula
883 1331 1045 1384 quam
1071 1317 1138 1370 ad
1163 1315 1678 1372 Thessalonicenses
1703 1319 1840 1373 seri-

247 1409 351 1473 bit,
374 1408 490 1462 haec
515 1407 652 1461 dixit
679 1425 694 1459 :
724 1407 991 1476 Rogamus
1012 1418 1187 1463 autem
1228 1425 1337 1473 vos,
1363 1408 1582 1474 fratres,
1614 1425 1708 1478 per
1740 1409 1838 1462 ad—

240 1511 454 1553 uentum
487 1498 699 1553 Domini
736 1500 901 1552 nostri
924 1499 1051 1553 Jesu
1075 1498 1295 1565 Christi,
1320 1514 1365 1554 et
1396 1511 1586 1555 nostra:
1614 1516 1837 1570 congre-

243 1592 472 1660 gationis
511 1592 567 1644 in
592 1592 785 1659 ipsum,
812 1600 870 1643 ut
895 1607 1001 1644 non
1037 1593 1351 1648 moveamini
1375 1594 1478 1646 cito
1503 1610 1536 1645 a
1566 1609 1721 1647 sensu
1748 1610 1833 1647 ve-

240 1696 380 1746 stro,
406 1700 569 1753 neque
592 1683 918 1749 terreamini,
939 1700 1103 1755 neque
1140 1701 1233 1754 per
1257 1687 1527 1755 spiritum,
1560 1702 1725 1755 neque
1745 1703 1837 1754 per

238 1777 481 1841 eerbam,
528 1790 689 1844 neque
721 1790 811 1843 per
848 1776 1122 1845 epistolam
1155 1786 1409 1844 tanquam
1445 1794 1539 1847 per
1575 1795 1668 1831 nos
1711 1778 1836 1831 mii-

242 1881 384 1930 sam,
410 1867 563 1935 quasi
586 1868 742 1921 instet
764 1868 876 1920 dies
909 1866 1139 1922 Domini.
1176 1868 1346 1924 Nemo
1374 1887 1460 1924 vos
1483 1871 1696 1927 reducat
1727 1870 1831 1924 ulla

1944 669 2156 739 Epheso
2193 685 2317 724 cum
2354 670 2580 726 vidisset
2621 686 2707 726 me
2740 671 2960 741 quidam
2997 673 3306 740 hairetieus,
3336 673 3451 744 (3t)
3474 686 3530 729 et

1942 760 2197 829 congredi
2226 759 2509 825 noluisset,
2546 775 2723 832 neque
2755 763 2976 818 omnino
3003 778 3064 818 os
3094 778 3250 818 suum
3279 764 3530 835 aperuis~

1941 863 2026 907 set
2049 854 2190 923 apud
2223 867 2329 919 me,
2357 853 2450 908 sed
2477 856 2664 910 nescio
2699 870 2806 925 qua
2848 869 2911 910 es
2942 869 3105 910 causa
3136 856 3189 910 id
3235 856 3415 912 facere
3442 857 3525 910 νίς

1942 954 2131 1008 tasset,
2186 956 2375 1014 postea
2412 960 2481 1001 ex
2538 949 2759 1002 nomine
2804 961 2929 1003 meo
2968 957 3025 1003 et
3056 963 3155 1004 suo
3202 950 3527 1019 conscripsit

1940 1035 2157 1106 qualem
2192 1037 2363 1091 voluit
2392 1038 2839 1105 disputationem,
2876 1047 2933 1093 et
2967 1039 3115 1094 misit
3145 1042 3211 1094 ad
3236 1041 3526 1112 discipulos

1938 1143 2086 1193 suos,
2115 1136 2173 1181 ut
2200 1142 2303 1197 ego
2326 1128 2546 1198 quidem
2573 1130 2800 1199 cognovi
2820 1130 2885 1183 ad
2908 1146 3002 1186 eos
3031 1132 3123 1201 qui
3157 1131 3345 1188 Romae
3370 1143 3528 1189 erant

1937 1218 2247 1290 pervenisse
2278 1237 2294 1274 :
2327 1220 2421 1274 sed
2452 1236 2565 1275 non
2596 1222 2781 1276 dubito
2803 1223 2932 1292 quin
2962 1232 3019 1277 et
3040 1226 3107 1278 ad
3138 1224 3276 1280 alios
3301 1226 3392 1295 qui
3430 1240 3527 1296 per

1937 1308 2151 1363 diversa
2175 1307 2292 1363 loca
2326 1318 2474 1364 sunt.
2514 1310 2818 1366 lnsultabat
2860 1324 3042 1368 autem
3069 1322 3126 1369 et
3159 1316 3301 1386 apud
3336 1318 3528 1372 Antio-

1936 1398 2135 1464 chiam,
2161 1401 2478 1471 priusquam
2522 1418 2622 1471 ego
2669 1403 2800 1459 illuc
2831 1406 3075 1460 venirem
3112 1409 3231 1463 :.ita
3277 1417 3335 1462 ut
3361 1417 3417 1463 et
3457 1410 3531 1465 ad

1936 1498 2364 1567 qttatnplurimos
2389 1506 2700 1552 nostrorum
2741 1499 3053 1567 perveniret
3079 1499 3196 1569 ipsa
3225 1501 3527 1573 disputatio

1935 1603 2094 1658 quam
2123 1589 2237 1660 (52)
2265 1592 2537 1659 portabat.
2571 1590 2679 1646 Sed
2705 1593 2792 1646 ubi
2821 1592 2989 1659 adfui,
3022 1594 3205 1651 multis
3236 1610 3359 1650 eum
3391 1611 3527 1665 pra:-

1934 1679 2179 1734 sentibus
2206 1679 2385 1750 argui.
2423 1679 2667 1752 Cumque
2686 1682 2799 1750 jam
2846 1684 2964 1738 sine
3007 1683 3127 1738 ullo
3161 1686 3368 1754 pudore
3398 1700 3525 1757 per-

1933 1770 2181 1824 tenderet
2210 1770 2553 1840 impudenter
2574 1786 2821 1828 asserere
2849 1772 3166 1841 falsitatem,
3224 1778 3443 1846 poposci
3467 1786 3527 1836 ut

1933 1860 2069 1916 liber
2093 1861 2400 1918 deferretur
2426 1864 2480 1918 iu
2512 1864 2769 1928 medium,
2811 1876 2867 1919 et
2897 1866 3068 1937 stylus
3096 1882 3527 1938 meusagnosoe-

232 1958 406 2012 modo
431 1959 498 2014 “.
537 1958 689 2012 Talia
724 1975 853 2030 ergo
876 1961 1124 2029 quaedam
1158 1961 1315 2016 video
1343 1963 1505 2015 etiam
1557 1963 1711 2017 nobis
1738 1976 1835 2017 ac.
1868 1949 1912 2009 Β
1941 1963 2092 2011 retur
2133 1970 2163 2008 a
2210 1955 2494 2022 fratribus,
2530 1956 2622 2027 qui
2657 1958 2848 2027 utique
2868 1970 3346 2031 cognoscuntqua:
3376 1961 3525 2018 soleo

239 2053 453 2107 cidere.
481 2050 600 2123 (27)
627 2051 758 2106 Nam
783 2053 1003 2123 quidam
1029 2064 1221 2109 auctor
1252 2057 1543 2123 haereseos,
1579 2070 1699 2109 cum
1736 2055 1835 2110 sub

234 2145 542 2213 praesentia
596 2145 887 2199 multorum
925 2145 1109 2199 habita
1139 2145 1283 2200 inter
1310 2162 1407 2202 nos
1434 2146 1623 2201 fuisset
1654 2147 1837 2217 dispu-

236 2238 408 2300 tatio,
441 2246 498 2291 et
520 2236 810 2305 descripta,
836 2237 1105 2305 accipiens
1128 2237 1299 2291 abhis
1319 2238 1409 2306 qui
1438 2238 1836 2323 descripserant

232 2330 509 2392 codicem,
547 2344 668 2398 qua:
691 2330 861 2385 voluit
884 2330 1112 2394 addidit,
1139 2338 1193 2384 et
1231 2344 1349 2397 quae
1372 2329 1542 2384 voluit
1584 2330 1834 2395 abstulit,

228 2428 297 2474 et
333 2421 478 2489 quod
500 2421 547 2475 ei
592 2421 769 2477 visum
801 2430 885 2476 est
918 2420 1263 2489 permutavit,
1295 2420 1691 2476 circumferens
1716 2432 1833 2476 tan-

230 2526 409 2579 quam
436 2526 502 2566 ex
534 2514 752 2569 nomine
779 2523 989 2577 nostro,
1034 2512 1300 2568 insultans
1345 2523 1400 2568 et
1435 2516 1727 2571 ostendens
1771 2531 1835 2571 ea

230 2618 363 2671 qua:
394 2604 508 2672 ipse
534 2605 876 2674 conscripsit.
908 2604 1012 2659 Pro
1035 2605 1229 2674 quibus
1257 2606 1597 2678 indignantes
1631 2608 1835 2665 fratres

228 2697 333 2766 qui
373 2697 426 2751 in
455 2696 743 2751 Palaestina
776 2707 925 2765 sunt,
965 2698 1230 2751 miserunt
1257 2700 1323 2753 ad
1354 2714 1439 2754 me
1470 2700 1710 2756 Athenas
1737 2702 1838 2758 ho-

230 2792 445 2845 minem
491 2790 582 2860 qni
610 2788 881 2859 acciperet
929 2806 958 2845 a
987 2807 1071 2846 me
1097 2792 1213 2863 (28)
1248 2792 1420 2860 ipsum
1459 2794 1833 2849 authenticum

228 2881 548 2950 exemplar,
573 2882 716 2949 quod
757 2897 825 2935 ne
858 2883 1117 2937 relectum
1147 2883 1367 2952 quidem
1398 2884 1478 2937 vel
1506 2885 1834 2939 recensitum

232 2989 264 3026 a
301 2989 392 3028 me
416 2983 574 3027 antea
599 2973 796 3035 fuerat,
830 2976 922 3029 sed
954 2976 1026 3029 ita
1069 2977 1372 3045 neglectum
1395 2975 1632 3046 iacebat,
1658 2986 1718 3033 ut
1748 2978 1836 3033 vix

230 3067 477 3122 inveniri
529 3069 786 3137 potuerit.
823 3068 941 3124 Misi
971 3078 1172 3133 tamen,
1218 3078 1272 3124 et
1311 3068 1415 3123 sub
1453 3070 1561 3125 Deo
1595 3079 1730 3127 teste
1759 3070 1839 3125 lo-

226 3173 401 3228 quor,
451 3159 729 3229 quoniam,
766 3175 886 3215 cum
941 3160 1310 3216 convenissem
1334 3161 1483 3215 illum
1522 3161 1697 3230 ipsum
1733 3164 1830 3232 qui

228 3249 647 3304 adulteraverat
665 3250 859 3303 librum
872 3250 1003 3322 ,(29)
1029 3266 1260 3321 arguens
1273 3266 1442 3319 quare
1459 3253 1557 3305 hoc
1574 3252 1812 3317 fecisset,

227 3341 388 3394 velut
408 3341 753 3397 satisfaciens
778 3342 907 3396 mihi
936 3344 1244 3412 respondit:
1269 3341 1537 3409 Quoniam
1559 3343 1729 3413 magis
1745 3358 1833 3398 or-

228 3449 371 3488 nare
399 3434 542 3488 volui
566 3434 985 3502 disputationem
1013 3433 1349 3503 illam,atque
1378 3432 1831 3503 purgare.Videte

229 3526 386 3592 quali
431 3526 747 3596 purgatione
783 3525 1207 3594 disputationem
1261 3533 1500 3579 nostram
1557 3528 1825 3596 purgavit.

222 3615 350 3672 Tali
397 3632 610 3687 nempe,
674 3618 817 3686 quali
876 3616 1199 3687 purgatione
1241 3615 1353 3687 (50)
1381 3616 1616 3672 Marcion
1654 3615 1833 3671 Evan-

230 3709 378 3780 gelia
402 3710 672 3779 purgavit,
722 3710 804 3764 vel
855 3707 1202 3778 Apostolum;
1237 3707 1322 3762 vel
1362 3709 1507 3779 quali
1549 3723 1832 3765 successor

228 3804 352 3872 ejus
400 3812 524 3873 post
556 3804 727 3873 ipsum
768 3803 1039 3873 Appelles.
1088 3801 1222 3856 Nam
1265 3802 1407 3858 sicut
1454 3800 1531 3857 illi
1566 3804 1841 3859 subverte-

231 3906 365 3951 runt
415 3895 813 3965 Scripturarum
866 3895 1146 3949 veritatem
1181 3911 1194 3948 :
1233 3896 1313 3949 sic
1344 3903 1399 3949 et
1428 3894 1551 3961 iste,
1609 3894 1839 3950 sublatis

226 4003 357 4057 quin
378 4003 512 4043 vere
530 3988 669 4042 dicta
688 3994 835 4055 sunt,
862 3987 938 4043 ob
963 3987 1136 4043 nostri
1160 3986 1592 4042 criminationem
1613 3988 1842 4042 inseruit

230 4095 358 4147 quac
388 4078 527 4133 falsa
557 4089 705 4135 sunt.
734 4077 841 4134 Sed
887 4079 1021 4134 licet
1048 4078 1297 4134 homines
1326 4077 1569 4133 haeretici
1607 4089 1661 4134 et
1688 4079 1838 4149 impii

230 4172 349 4226 sint
378 4174 471 4242 qui
528 4175 642 4229 haec
677 4173 858 4229 facere
906 4152 1200 4239 ausi'sunt,
1240 4182 1422 4227 tamen
1463 4172 1739 4228 habebunt
1782 4182 1837 4228 et

234 4263 311 4318 illi
344 4264 593 4332 judicem
621 4266 811 4331 Deum,
848 4265 939 4335 qui
970 4264 1169 4320 talibus
1203 4263 1491 4321 adversum
1521 4280 1618 4320 nos
1648 4266 1830 4320 crimi-

226 4358 559 4413 nationibus
580 4360 995 4413 accommodant
1029 4358 1212 4414 fidem.
1241 4356 1628 4413 Fecerunthoc
1656 4368 1711 4412 et
1744 4358 1832 4412 alii

307 4473 357 4504 "
396 4471 439 4527 ll
465 4472 710 4530 Thessal.
742 4491 804 4541 ιι,
841 4475 961 4531 1-5.

1937 2044 2240 2115 disputare,
2287 2046 2371 2100 vel
2420 2047 2565 2117 quali
2608 2048 2759 2104 soleo
2805 2051 2882 2104 uti
2928 2050 3203 2107 doctrina.
3258 2053 3361 2118 Qui
3398 2069 3522 2109 cum

1939 2154 2103 2195 ausus
2129 2154 2236 2194 non
2265 2148 2412 2195 esset
2447 2139 2693 2209 proferre
2734 2141 2953 2207 librum,
2994 2146 3277 2200 convictus
3312 2147 3379 2201 ab
3406 2164 3526 2202 om-

1940 2233 2098 2289 nibus
2136 2242 2192 2287 et
2233 2231 2545 2290 confutatus
2578 2244 2663 2289 est
2686 2233 2946 2291 falsitatis
2974 2252 2987 2288 :
3014 2245 3068 2292 et
3098 2238 3173 2291 ita
3205 2254 3527 2308 persuasum

1930 2336 2022 2381 est
2071 2325 2332 2381 fratribus
2371 2340 2441 2383 ne
2466 2342 2652 2381 aurem
2696 2328 3169 2385 criminationibus
3202 2332 3522 2399 pra-herent.

1939 2419 1995 2476 Si
2031 2421 2152 2489 quis
2182 2435 2314 2490 ergo
2342 2419 2459 2475 vult
2487 2422 2713 2476 credere
2733 2422 2882 2478 'mihi
2906 2422 2961 2478 in
2991 2433 3284 2491 conspectu
3316 2423 3410 2479 Dei
3440 2423 3523 2479 lo-

1938 2513 2148 2582 quenti,
2202 2514 2366 2566 etiam
2399 2514 2466 2567 de
2497 2513 2580 2568 his
2620 2528 2740 2583 quae
2778 2515 2831 2569 in
2868 2514 3097 2584 epistola
3140 2531 3263 2571 mea
3289 2514 3525 2572 conficta

1938 2612 2064 2658 sunt
2100 2611 2157 2659 et
2201 2604 2403 2659 inserta
2451 2607 2658 2659 credat.
2698 2605 2791 2659 Sin
2820 2617 3000 2660 autem
3042 2607 3166 2677 quis
3190 2622 3294 2662 non
3330 2609 3523 2671 credit,

1942 2694 2034 2748 sed
2067 2698 2178 2747 vult
2202 2695 2269 2749 de
2299 2709 2384 2749 me
2416 2695 2554 2750 male
2586 2695 2754 2763 loqui,
2782 2696 2910 2752 mihi
2944 2697 3159 2769 quidem
3184 2697 3315 2751 nihil
3342 2698 3525 2752 damni

1942 2786 2154 2844 confert
2188 2806 2202 2842 :
2245 2788 2349 2843 erit
2387 2798 2563 2842 autem
2613 2789 2725 2858 ipse
2757 2789 2923 2844 falsus
2960 2790 3114 2844 testis
3163 2790 3304 2859 apud
3329 2789 3522 2855 Deum,

1940 2881 2200 2936 adversus
2242 2882 2547 2952 proximum
2594 2898 2752 2936 suum
2788 2882 3158 2937 testimonium
3189 2881 3387 2938 falsum
3439 2882 3524 2937 vel

1938 2975 2142 3043 dicens,
2184 2974 2265 3028 vel
2301 2974 2606 3030 dicentibus
2641 2975 2893 3029 credens.
2933 2994 2965 3027 ιη

2008 3065 2267 3125 Βυῖηωε.
2307 3066 2429 3123 Haec
2456 3067 2572 3137 ipse
2604 3067 2781 3123 adhuc
2831 3079 3109 3138 superstes
3138 3068 3521 3138 conqueritur,

1938 3172 2058 3228 quae
2104 3159 2310 3215 scilicet
2360 3174 2457 3228 per
2501 3161 2853 3229 semetipsum
2906 3162 3313 3231 deprehendere
3346 3166 3525 3234 potuit

1942 3250 2245 3304 adulterata
2292 3267 2412 3307 esse
2442 3251 2494 3305 in
2526 3252 2679 3307 libris
2718 3253 2831 3307 suis
2878 3264 3043 3324 atque
3090 3255 3311 3312 falsata.
3336 3256 3523 3312 Memi-

1942 3343 2120 3398 nimus
2146 3357 2280 3398 sane
2310 3342 2474 3398 etiam
2510 3343 2567 3397 in
2594 3342 2699 3397 alia
2732 3344 2849 3414 ejus
2877 3345 3109 3414 epistola
3141 3347 3373 3403 similem
3426 3365 3523 3403 nos

1942 3438 2006 3490 de
2031 3434 2293 3490 librorum
2327 3452 2550 3493 suorum
2578 3435 2816 3492 falsitate
2842 3437 3036 3508 legisse
3075 3441 3474 3508 querimoniam
3503 3457 3520 3495 :

1939 3528 2091 3595 cuius
2110 3528 2352 3596 epistolae
2372 3529 2649 3598 exemplar
2671 3531 2720 3584 in
2754 3533 3004 3599 presenti
3032 3530 3147 3603 (55)
3174 3548 3279 3587 non
3309 3532 3521 3602 habuit,

1941 3634 2000 3678 ut
2030 3623 2193 3679 etiam
2230 3624 2401 3695 ipsius
2441 3628 2813 3682 testimonium
2859 3628 2945 3682 his
2998 3643 3094 3698 pro
3142 3628 3248 3684 fide
3277 3629 3523 3685 veritatis

1939 3712 2307 3784 adjungerem.
2335 3715 2439 3771 Sed
2457 3715 2704 3773 sufﬁcere
2724 3719 2962 3774 arbitror
2989 3720 3055 3774 ad
3080 3719 3522 3777 satisfaciendum

1944 3807 2029 3862 his
2056 3808 2148 3878 qui
2175 3825 2279 3864 non
2300 3811 2662 3865 contentionis
2688 3821 2848 3882 atque
2872 3813 3289 3869 obtrectationis
3314 3815 3519 3881 studio,

1941 3901 2035 3956 sed
2068 3915 2253 3956 amore
2280 3903 2392 3957 veri
2428 3903 2657 3957 audiunt
2709 3919 2833 3975 quae
2884 3905 3159 3961 dicuntur.
3194 3906 3331 3962 Nam
3379 3908 3522 3978 quod

1941 3988 1995 4043 in
2029 3989 2300 4046 veteribus
2324 3990 2541 4048 sanctis
2557 4007 2619 4046 ac
2645 3991 3013 4062 praejudioatis
3056 3997 3337 4054 catholicis
3367 4000 3519 4066 viris,

1939 4096 2166 4150 quorum
2187 4083 2435 4153 superius
2452 4082 2680 4139 fecimus
2699 4086 3051 4153 mentionem,
3070 4088 3184 4144 solo
3204 4098 3522 4158 argumento

1941 4188 2004 4227 ex
2044 4190 2220 4228 rerum
2288 4177 2695 4247 consequentia,
2724 4176 2839 4248 (5.4)
2864 4196 2928 4235 ac
2962 4183 3094 4236 recti
3151 4190 3335 4238 tenore
3378 4198 3521 4252 prat-

1941 4277 2158 4338 sumpto
2178 4271 2483 4325 ostenditur
2500 4287 2564 4327 ac
2592 4274 2877 4343 probatur,
2902 4276 3047 4345 quod
3064 4275 3108 4329 si
3129 4276 3256 4345 quid
3288 4276 3341 4330 in
3370 4275 3522 4330 libris

1940 4374 2129 4414 eorum
2167 4370 2354 4416 contra
2380 4364 2808 4420 ecclesiasticam
2836 4367 2997 4421 tidem
3032 4368 3323 4433 invenitur,
3354 4367 3409 4423 id
3435 4368 3521 4422 in-

306 4586 445 4665 (26)
474 4584 637 4665 Ergo.
684 4586 964 4665 Omittitur
994 4586 1047 4640 in
1094 4586 1275 4652 editis,
1309 4596 1363 4640 et
1410 4587 1720 4665 restituitur
1759 4603 1827 4641 ex
1863 4602 1904 4656 ο
1937 4591 2103 4645 maris
2139 4591 2361 4650 habent,
2392 4601 2438 4644 et
2457 4591 3001 4665 cangredivoluisset,
3050 4593 3257 4665 reliqua
3294 4612 3423 4652 vero
3463 4609 3521 4654 ut

234 4678 378 4716 mss.
412 4658 577 4712 Paulo
607 4673 726 4726 post
756 4659 918 4723 editi,
948 4668 992 4710 et
1009 4672 1100 4725 per
1115 4667 1330 4711 vestram
1351 4658 1826 4727 congregationem.

228 4734 348 4787 Sed
388 4744 579 4783 omnes
622 4745 750 4783 mss.
777 4740 834 4781 ut
860 4729 912 4780 in
940 4738 1106 4781 textu.

310 4799 434 4876 (Ξῖ)
473 4798 615 4852 Nam
641 4801 858 4876 quidam
900 4809 1085 4876 auctor
1105 4799 1415 4876 inpressos,‘
1435 4809 1541 4876 etc.
1576 4796 1707 4876 Vide
1735 4799 1832 4876 atl-

232 4867 584 4926 noiationem
647 4867 876 4938 primum
927 4868 992 4921 ad
1050 4867 1831 4938 Africaniiepimolam.‘qura

228 4942 411 5002 editi,
466 4951 514 4993 et
563 4942 879 5008 descriptum
928 4938 1209 5006 accipiens.
1265 4937 1387 4993 Mox
1435 4956 1565 4993 mss.
1622 4939 1828 5004 nostri,

230 5025 279 5067 et
305 5027 433 5082 qua:
457 5011 505 5082 ei
544 5011 715 5065 visum
746 5020 825 5082 est
849 5009 1184 5082 permutavit,
1221 5018 1270 5062 et
1293 5009 1619 5082 circumfert,
1647 5020 1755 5082 etc.

309 5078 435 5153 (‘28)
474 5081 548 5134 fta
581 5092 737 5153 recte
764 5080 915 5153 editi.
956 5078 1081 5153 Mss.
1124 5095 1250 5133 vero
1283 5080 1495 5140 nostri,
1536 5098 1566 5130 α
1599 5094 1676 5153 me
1721 5081 1830 5145 ipso

231 5149 425 5225 [alia
476 5168 555 5204 me
603 5149 1089 5225 ipsa]_nuthentica_
1132 5152 1475 5225 exemplaria,
1516 5152 1687 5225 quod,
1722 5161 1829 5204 etc.

308 5223 441 5293 (29)
466 5219 1032 5291 Arguens.'0utittitur
1078 5220 1128 5273 in
1150 5222 1324 5293 editis
1361 5232 1415 5274 et
1460 5222 1521 5293 in
1560 5219 1834 5288 plerisque

229 5289 866 5360 ms‘s.,'sed'restituitur
903 5306 968 5362 ex
999 5306 1097 5345 ms.
1148 5289 1335 5362 Regio,
1382 5292 1471 5362 qui
1511 5291 1831 5362 lt‘:i_liet,_ar-

224 5359 411 5435 gneus
442 5379 603 5433 quare
630 5364 727 5416 hoc
755 5359 1351 5435 fecerit,_satisfaciens,
1393 5359 1498 5435 etc.
1536 5359 1636 5435 Ms.
1692 5359 1831 5413 Cor-

231 5432 488 5488 beieusis
510 5474 525 5496 ,
560 5449 725 5504 quare
761 5432 858 5487 hoc
882 5432 1067 5501 fecisse
1108 5432 1275 5504 veitet,
1311 5433 1677 5504 satisfaciens,
1724 5440 1829 5484 etc.

228 5506 442 5560 Castori
484 5501 614 5558 mss.
658 5514 713 5559 et
763 5503 929 5566 editi,
972 5517 1133 5571 quare
1167 5502 1263 5555 hoc
1292 5501 1519 5572 fecisset,
1553 5501 1687 5555 velut
1740 5517 1832 5554 sa-

229 5575 542 5642 tisfaciens,
585 5585 714 5637 elc.,
742 5575 947 5642 absque
976 5588 1221 5640 arguens.

312 5640 436 5718 (⁸54))
475 5644 729 5707 Marcion,
776 5640 883 5697 etc.
908 5640 1316 5718 Videﬁnutasud
1348 5642 1629 5714 Dialogum
1652 5652 1834 5718 contra

237 5710 641 5769 Marcionistas
673 5717 737 5768 de
776 5724 922 5767 recta
952 5712 1004 5764 iu
1043 5710 1208 5765 Deum
1238 5714 1360 5775 title,
1385 5710 1524 5767 secl:
1554 5730 1587 5767 ι.
1621 5729 1674 5781 p.
1705 5714 1832 5773 806,

230 5786 371 5847 807,
406 5786 531 5845 808,
557 5795 611 5838 et
634 5785 762 5838 alibi
792 5782 1023 5852 passim;
1053 5793 1105 5835 et
1126 5783 1192 5835 ad
1219 5781 1414 5837 librum
1446 5801 1482 5838 ll
1508 5795 1689 5837 contra
1712 5781 1833 5837 Cel-

229 5874 388 5917 sum,
427 5873 569 5909 num.
595 5855 685 5907 9.7.

316 5926 448 5999 (51)
481 5927 607 5984 Mss.
646 5923 974 5981 Sorhonicus
1007 5934 1055 5979 et
1088 5922 1143 5979 S.
1189 5922 1465 5982 Michaelis
1504 5928 1555 5982 in
1587 5927 1835 5986 Pericula

1936 4665 1987 4711 in
2014 4672 2215 4731 nostro
2249 4671 2418 4714 textu.
2449 4664 2517 4714 At
2542 4662 2720 4714 ueteri
2757 4676 2889 4716 mss.
2912 4673 2966 4716 et
2990 4665 3117 4718 editi
3138 4662 3239 4731 ,ἐι
3274 4671 3521 4731 congredi

1935 4730 2255 4807 noluisset.._.
2297 4743 2351 4783 ut
2392 4748 2492 4807 ego,
2510 4732 2722 4807 quidem
2764 4734 2981 4807 cognovi
3010 4735 3079 4787 ad
3110 4730 3197 4791 eas
3224 4739 3312 4807 qui
3342 4730 3521 4792 Romae

1931 4813 2077 4878 erant
2104 4817 2121 4853 :
2148 4803 2236 4878 sed
2269 4817 2369 4878 non
2402 4803 2582 4877 dubito
2604 4803 2729 4869 quin
2757 4802 2909 4878 (mss:
2944 4819 3153 4878 omnes,
3191 4802 3349 4878 qicod)
3373 4819 3419 4860 et
3451 4811 3521 4862 ad

1934 4870 2066 4947 alios
2084 4873 2171 4939 qui
2201 4887 2293 4941 per
2311 4872 2518 4925 diversa
2546 4870 2701 4936 aunt;
2723 4873 2942 4929 omissis
2968 4870 3187 4931 vocibus
3201 4870 3519 4947 pervenisse,

1936 4952 1987 4993 et
2014 4942 2148 4994 loca.

2008 5012 2120 5082 (δὲ)
2153 5011 2244 5091 Sic
2269 5028 2459 5091 omnes
2488 5028 2640 5091 _nt.ss.
2684 5016 2826 5091 Edili
2871 5031 3019 5081 vero,
3054 5028 3356 5091 paraverat.
3396 5019 3525 5091 Μοκ

1938 5099 2072 5156 mss.
2101 5086 2190 5135 sed
2224 5082 2517 5156 ubiaafni,
2553 5098 2599 5137 et
2630 5090 2871 5141 multis...
2908 5105 2958 5140 ut
2988 5082 3121 5143 liber
3148 5088 3441 5156 deferretur
3464 5082 3518 5145 ἱῆ

1936 5154 2184 5229 medium,
2234 5153 2400 5224 stylus
2449 5171 2593 5229 meus
2638 5157 2727 5228 [aL
2782 5167 2856 5224 ut,
2905 5160 2972 5211 al.
3032 5171 3077 5213 et
3127 5153 3295 5229 stylus
3340 5178 3516 5226 meas;

1936 5225 2087 5300 eniti,
2119 5239 2171 5276 ut
2202 5234 2371 5277 scelus
2398 5225 2594 5300 nterim]
2638 5225 3007 5300 agnosceretur
3036 5249 3067 5284 α
3107 5225 3386 5297 fratribus,
3426 5225 3515 5300 qui

1936 5297 2114 5370 utique
2137 5306 2457 5370 coquoseunt
2500 5293 2594 5367 Sall
2648 5293 3025 5367 agnoscerent;
3068 5293 3517 5370 editi,cogttosee—

1937 5364 2218 5440 rentfqute
2259 5366 2477 5440 soleo...
2500 5364 2703 5438 'quiqué
2733 5386 2851 5422 cum
2878 5364 3038 5426 ausus
3089 5388 3191 5427 non
3217 5364 3370 5440 esset,
3407 5384 3514 5430 etc.

1938 5436 2366 5504 Seil’legendum
2397 5436 2694 5493 videtur‘ut
2721 5444 2771 5493 in
2799 5451 2985 5495 ucstrn
3024 5454 3190 5497 textu.

2010 5507 2121 5576 (55)
2148 5507 2275 5561 Mss.
2323 5507 2655 5565 Sorhonieus
2687 5520 2741 5564 et
2776 5509 2834 5563 S.
2864 5512 3158 5577 Michaelis,
3195 5532 3299 5573 non
3328 5515 3514 5571 habeo.

1936 5576 2131 5655 Castori
2171 5594 2304 5655 mss.
2346 5588 2400 5632 et
2446 5582 2596 5645 editi,
2636 5598 2738 5655 non
2785 5581 2965 5639 habui.
3023 5576 3187 5641 Paulo
3227 5598 3350 5655 post
3383 5604 3514 5641 mss.

1938 5649 2419 5726 nostriomittunt,
2453 5662 2606 5722 atque
2636 5653 3045 5717 obtrectationis,
3078 5649 3397 5726 qttzeverba
3420 5672 3518 5711 ex-

1938 5728 2089 5773 stant
2126 5719 2176 5771 in
2208 5720 2368 5772 editis

2010 5789 2121 5870 [3.4)
2153 5792 2322 5854 Alius,
2352 5806 2414 5842 ac
2450 5802 2585 5845 recto
2615 5806 2790 5848 tenore
2818 5808 3153 5865 prwsumpto.
3200 5796 3518 5870 Paulopost

1939 5861 2069 5982 e‘illiti
2094 5875 2395 5982 periperam,
2420 5878 2520 5915 non
2551 5861 2863 5935 ιιιῃειυιειιίο.
2883 5870 2993 5922 solo
3019 5861 3179 5924 simili
3214 5870 3288 5923 uti
3317 5861 3414 5937 ιειιζ
3435 5872 3539 5940 ιιι)¹

1940 5947 1953 5982 t
2002 5946 2069 5982 ts.
2106 5948 2169 5982 set
2200 5972 2214 5982 .
2254 5944 2358 5982 ctu.

1940 5944 2069 5995 tttts,
2106 5944 2214 5999 seu,
2254 5944 2358 5986 etc.
