4020 6306
574 437 677 498 ωἳ

1947 441 2180 498 RUFINI
2215 442 2414 496 LIBER

3662 444 3756 498 628

579 569 781 613 sertum
823 556 891 611 ab
929 557 1198 612 haereticis
1244 558 1421 628 potius
1454 574 1616 629 quam
1651 560 1716 615 ab
1761 561 1846 615 his
1893 564 2151 632 scriptum
2181 565 2226 621 Α
2254 574 2580 629 magnopere
2619 556 2937 628 poposcisti,
2987 572 3093 611 non
3137 554 3334 624 pigebit
3381 555 3532 610 etiam
3576 557 3758 618 Latinis

577 658 804 718 putetur
833 668 846 703 :
873 650 977 703 hoc
999 649 1051 702 in
1076 647 1307 718 Origene
1329 666 1432 706 non
1453 663 1772 722 argumento
1790 653 1964 707 solum
1986 653 2148 707 simili

577 749 638 793 ut
661 740 714 793 in
743 739 866 803 illis,
891 739 985 792 sed
1021 740 1334 795 testimonio
1366 743 1824 811 querimoniarum
1855 759 2147 797 suarumex

577 831 694 886 suis
730 831 948 897 scriptis
993 833 1226 900 prolato,
1257 834 1546 888 absurdum
1589 850 1692 889 non
1725 845 1854 904 puto
1876 836 1924 890 si
1958 835 2152 890 creda-

577 930 686 1003 tur,
718 937 786 976 ne
833 921 982 977 velut
1018 923 1216 978 stultus
1248 924 1448 995 aliquis
1491 937 1583 980 aut
1618 926 1842 983 insanus
1873 927 2150 983 contraria

574 1010 680 1066 sibi
713 1011 998 1080 scripsisse
1022 1013 1286 1069 videatur.

647 1104 725 1158 De
757 1103 1137 1159 haereticorum
1167 1121 1301 1160 vero
1354 1107 1655 1162 .emeritate
1693 1108 1828 1177 (55),
1851 1110 1976 1178 quia
2002 1107 2151 1163 credi

577 1194 722 1250 istud
761 1196 940 1252 scelus
978 1197 1140 1252 facile
1165 1198 1361 1268 possit,
1394 1198 1485 1251 illa
1517 1213 1602 1253 res
1633 1200 1927 1254 maximum
1955 1201 2151 1254 credu-

579 1286 751 1342 litatis
800 1296 1026 1357 praestat
1067 1290 1401 1358 exemplum,
1446 1292 1588 1360 quod
1639 1292 1916 1346 abstinere
1957 1291 2153 1359 impias

578 1395 774 1435 manus
811 1395 879 1435 ne
902 1395 933 1433 a
963 1382 1328 1436 sacrosanctis
1368 1383 1584 1452 quidem
1627 1383 1904 1454 Evangelii
1935 1384 2154 1438 vocibus

576 1482 888 1542 potuerunt.
941 1473 1326 1542 Apostolorum
1374 1490 1504 1530 vero
1542 1475 1625 1530 vel
1670 1476 1860 1540 Actus,
1909 1477 1991 1529 vel
2039 1477 2155 1544 Epi-

577 1567 747 1622 stolas
807 1566 1041 1636 qualiter
1095 1566 1409 1635 polluerint,
1472 1568 1711 1637 qualiter
1774 1568 2150 1633 corroserint,

576 1661 810 1729 qualiter
873 1659 927 1713 in
992 1659 1241 1713 omnibus
1303 1660 1715 1724 maculaverint,
1764 1661 1848 1715 vel
1902 1662 2154 1718 addendo

577 1752 768 1820 impia,
817 1751 902 1806 vel
951 1750 1245 1806 auferendo
1292 1767 1413 1820 quae
1458 1752 1546 1822 pia
1589 1762 1736 1816 sunt,
1771 1753 1818 1807 si
1866 1755 1988 1821 quis
2041 1754 2155 1810 vult

577 1843 788 1914 plenius
803 1843 962 1911 scire,
987 1858 1055 1898 ex
1082 1844 1167 1898 his
1184 1843 1338 1898 libris
1360 1843 1705 1907 Tertulliani,
1724 1859 1857 1912 quos
1882 1845 2152 1898 adversum

2251 656 2613 726 scriptoribus
2643 654 2765 710 talia
2807 655 3051 723 quzedam
3093 653 3355 726 accidisse
3399 665 3690 722 monstrare,
3715 668 3762 714 et

2255 746 2557 802 calumnias
2612 746 2908 800 immensas
2961 759 3025 798 ex
3090 743 3469 798 adulteratione
3535 745 3766 803 librorum

2251 853 2472 893 suorum
2507 837 2714 892 sanctis
2742 845 2798 890 et
2825 833 3212 903 prohatissimis
3257 834 3384 889 viris
3409 850 3521 890 esse
3551 851 3766 893 commo-

2253 939 2353 985 tas.
2404 929 2471 983 Et
2513 943 2581 984 ne
2623 928 2752 998 quid
2800 935 2997 995 apertas
3032 925 3334 981 credulitati
3371 927 3520 990 desit,
3561 945 3640 982 res
3665 945 3770 999 qua:

2253 1032 2375 1076 sunt
2407 1021 2585 1076 adhuc
2623 1019 2896 1074 memoriae
2925 1028 3124 1072 nostra:
3150 1028 3408 1087 retexam,
3437 1033 3542 1088 quo
3566 1028 3771 1076 testimo-

2252 1113 2327 1166 nii
2359 1113 2561 1167 veritas
2586 1112 2859 1165 neminem
2890 1111 3074 1165 lateat.

2324 1203 2439 1272 (58)
2495 1201 2732 1257 Hilarius
2781 1202 3145 1257 Pictaviensis
3196 1201 3475 1272 episcopus
3521 1204 3810 1259 confessor.

2256 1295 2391 1350 fidei
2433 1294 2713 1350 catholicae
2770 1293 2892 1348 fuit.
2940 1293 3040 1349 Hic
3091 1309 3215 1348 cum
3269 1293 3335 1346 ad
3383 1295 3771 1349 emendationem

2253 1403 2439 1442 eorum
2469 1386 2562 1453 qui
2596 1383 2929 1439 Ariminensi
2977 1383 3217 1452 perﬁdiae
3257 1383 3675 1452 subscripserant,
3716 1385 3774 1438 li-

2254 1480 2449 1536 bellum
2510 1477 2884 1534 instructionis
2953 1475 3283 1547 plenissimae
3350 1476 3770 1545 conscripsisset,

2256 1586 2486 1639 cumque
2516 1569 2732 1624 libellus
2759 1569 2872 1638 ipse
2904 1567 2956 1621 in
2993 1582 3191 1620 manus
3223 1566 3547 1620 inimicorum
3589 1575 3639 1621 et
3669 1583 3777 1621 ma-

2260 1660 2578 1725 levolorum,
2615 1669 2672 1712 ut
2703 1659 2926 1728 quidam
2958 1657 3234 1720 dicebant,
3283 1666 3522 1724 corrupto
3559 1659 3772 1720 notario,

2255 1751 2343 1806 alii
2391 1765 2520 1806 vero
2565 1749 2670 1803 alia
2718 1749 3001 1803 occasione
3034 1747 3333 1801 narrabant
3361 1746 3502 1815 (quid
3527 1744 3774 1816 interest),

2256 1853 2434 1898 tamen
2485 1856 2606 1896 cum
2660 1842 2712 1895 in
2757 1854 2949 1894 manus
2997 1838 3342 1893 inimicorum
3391 1837 3502 1905 ipso
3529 1837 3780 1906 ignorante

578 1936 908 1990 Marcionem
946 1937 1190 2006 scripsit,
1227 1937 1541 2007 plenissime
1599 1947 1970 2006 recognoscet.
2013 1937 2151 2004 Quid
2182 1906 2224 1960 Β
2254 1936 2513 1999 venisset,
2554 1933 2628 1987 ita
2669 1931 2740 1985 ab
2775 1931 2854 1986 eis
2895 1940 3189 1999 corruptus
3229 1939 3331 1993 est,
3362 1928 3449 1983 illo
3479 1939 3646 1983 sancto
3675 1931 3782 1984 viro

579 2042 709 2095 ergo
731 2027 844 2097 jam
879 2025 984 2080 erit
1015 2041 1291 2096 magnum.
1323 2027 1367 2080 si
1401 2025 1649 2096 Origenis
1686 2027 1895 2096 scripta
1928 2036 2152 2080 temera-

579 2125 707 2168 runt
742 2115 818 2176 hi,
864 2115 960 2182 qui.
1006 2113 1306 2169 Salvatoris
1343 2116 1434 2171 Dei
1471 2117 1645 2171 nostri
1696 2115 1838 2170 dicta
1871 2117 1986 2171 ausi
2028 2126 2154 2172 sunt

581 2206 888 2262 temerare?
937 2204 1046 2261 Nec
1093 2221 1222 2261 sane
1280 2206 1569 2261 diversitas
1613 2206 1922 2277 dogmatum
1991 2207 2153 2262 alicui

582 2298 896 2352 assertionis
933 2310 1131 2352 nostrae
1157 2299 1382 2368 deneget
1417 2296 1597 2362 fidem,
1623 2299 1765 2366 quod
1797 2297 2019 2353 alterius
2043 2300 2153 2352 lun-

577 2388 719 2444 resis
749 2387 951 2444 fuerint
989 2388 1061 2443 illi
1093 2389 1185 2459 qui
1233 2387 1525 2458 Evangelia
1556 2389 1945 2458 depravarunt;
1986 2388 2054 2441 ad
2077 2387 2156 2440 al-

579 2490 752 2534 terunt
787 2496 918 2535 vero
956 2480 1207 2535 haeresim
1268 2479 1562 2547 respiciant
1611 2480 1713 2533 ista
1761 2494 1882 2548 quae
1925 2480 2153 2534 dicimus

581 2571 832 2641 Origeuis
860 2571 1012 2625 libris
1056 2571 1288 2625 inserta.
1322 2570 1625 2639 Cognoscat
1665 2569 1756 2638 qui
1790 2571 1856 2623 de
1883 2569 1966 2623 his
2000 2567 2153 2623 dubi—

581 2672 678 2722 tat,
701 2663 842 2731 quod
867 2663 1005 2716 sicut
1027 2663 1082 2715 in
1112 2661 1363 2715 omnibus
1405 2661 1610 2715 sanctis
1642 2670 1725 2714 est
1755 2659 1990 2728 Spiritus
2035 2659 2152 2723 Dei,

578 2757 721 2812 sicut
761 2765 815 2807 et
855 2754 1145 2824 Apostolus
1177 2753 1328 2818 dicit,
1371 2753 1498 2821 quia
1540 2752 1758 2821 spiritus
1783 2751 2153 2821 prapltetarum

583 2847 850 2917 prapltetis
886 2847 1148 2917 subjectus
1193 2855 1268 2900 est
1302 2847 1348 2877 "
1386 2862 1400 2900 :
1433 2844 1522 2914 qui
1560 2853 1615 2898 et
1645 2844 1839 2898 iterum
1865 2845 1964 2908 ait,
2013 2843 2153 2912 quod

583 2956 760 2994 omnes
791 2955 952 2993 unum
985 2940 1226 3006 spiritum
1251 2937 1360 3011 (56)
1387 2937 1678 3006 potavimus
1709 2951 1729 2988 :
1772 2937 1842 2990 ita
1873 2948 1923 2990 et
1956 2936 2010 2990 in
2043 2935 2154 2990 hm-

583 3031 768 3086 reticis
791 3046 927 3086 unus
953 3040 1036 3087 est
1072 3030 1272 3087 diaboli
1302 3030 1549 3099 spiritus,
1571 3030 1664 3098 qui
1700 3043 1793 3084 eos
1815 3029 2060 3083 eamdem
2089 3042 2153 3082 ac

585 3123 816 3180 similem
843 3137 1056 3191 semper
1085 3121 1347 3177 malitiam
1374 3124 1551 3176 docet.

656 3214 853 3268 Verum
885 3229 953 3269 ue
982 3213 1065 3268 cui
1095 3213 1233 3268 forte
1265 3213 1443 3267 minus
1471 3213 1537 3266 ad
1565 3212 1897 3268 credendum
1931 3211 2155 3266 videan-

584 3315 676 3360 tur
715 3306 906 3362 idonea
931 3319 992 3361 ea
1023 3320 1142 3375 quae
1175 3321 1242 3360 ex
1276 3305 1431 3360 libris
1471 3304 1780 3359 Graecorum
1831 3303 2152 3372 scriptorum

588 3396 833 3468 exempla
882 3397 1239 3467 protulimus,
1285 3397 1533 3466 quamvis
1567 3397 1788 3453 Graecus
1820 3396 2051 3465 scriptor
2078 3397 2150 3450 sit

589 3505 688 3559 pro
721 3504 826 3559 quo
856 3487 1172 3544 satisfacere
1217 3487 1498 3556 videmur,
1539 3488 1652 3558 (37)
1685 3497 1862 3543 tamen
1899 3487 2153 3556 quoniam

589 3581 983 3650 quodammodo
1030 3581 1085 3635 in
1113 3579 1358 3634 Latinam
1389 3580 1629 3651 linguam
1662 3596 1841 3636 sermo
1871 3581 2154 3636 devolutus

586 3682 690 3735 est,
709 3681 763 3726 et
790 3672 1041 3728 satisfieri
1075 3673 1237 3728 etiam
1270 3673 1474 3728 Latinis
1509 3673 1815 3726 hominibus
1846 3688 1944 3742 pro
1973 3673 2060 3727 his
2087 3689 2154 3727 ex

589 3763 786 3832 quibus
823 3762 1174 3819 calumniosis
1220 3764 1763 3834 interpretationibus
1804 3763 2158 3818 vulnerantur

657 3882 701 3914 ¹²
732 3882 750 3936 l
780 3883 906 3938 Cor.
935 3898 1049 3950 XIV,
1073 3883 1162 3938 '52.
1238 3883 1285 3915 ’³
1313 3885 1333 3938 ι,
1357 3884 1482 3939 Cor.
1518 3900 1615 3947 xu,
1655 3883 1748 3936 23.

589 3996 779 4121 {(5:5)
831 3996 990 4062 Edill.
1048 4009 1104 4051 ut
1161 4000 1319 4064 credi,
1371 4008 1477 4054 etc.
1527 3998 1659 4054 Mss.
1709 4013 1863 4063 vero,
1893 3999 2022 4068 quia
2051 4014 2161 4052 cre-

629 4083 796 4121 nec.

629 4085 668 4132 ι,
693 4083 796 4121 etc.

669 4137 781 4206 (56)
809 4136 974 4201 Editi,
1000 4139 1356 4207 portabimus;
1397 4139 1555 4204 alias,
1574 4139 1914 4207 portavimus.
1948 4137 2074 4192 Mss.
2104 4146 2163 4190 ut

589 4207 644 4262 in
679 4217 847 4260 textu.
1243 4237 1253 4256 1

664 4277 776 4348 (57)
821 4277 947 4331 Mss.
999 4277 1128 4342 alii,
1165 4287 1336 4330 tamen
1373 4278 1623 4348 quo_niam
1647 4277 1784 4341 quod
1807 4278 1862 4329 in
1893 4277 2157 4339 Latinam,

590 4346 723 4412 etc);
753 4349 878 4412 alii,
909 4355 1085 4400 tamen
1110 4349 1358 4416 quoniam
1382 4346 1436 4402 in
1456 4346 1726 4411 Latinam,
1763 4357 1866 4400 etc.
1901 4348 2005 4400 Sed
2071 4362 2158 4400 re-

590 4419 733 4472 ctius
759 4419 886 4470 editi
921 4427 976 4469 ut
1005 4418 1056 4470 in
1091 4427 1276 4484 textu;
1308 4417 1540 4486 quiediti
1567 4417 2155 4486 paulopostperperam

591 4489 826 4551 habent,
859 4503 952 4552 pro
973 4488 1054 4540 his
1081 4487 1170 4556 qui
1199 4503 1264 4541 ea:
1295 4483 1636 4542 calumniosis
1665 4501 1680 4552 ;
1713 4483 1766 4541 et
1785 4483 1962 4555 infra:
2000 4483 2068 4538 Et
2096 4502 2158 4539 ne

592 4556 719 4624 quid
748 4560 990 4621 perfecta:
1020 4557 1342 4625 credulitati,
1372 4567 1481 4612 etc.

671 4626 786 4698 (58)
821 4625 1064 4680 Hilarius
1103 4623 1446 4698 Pictaviensis
1475 4627 1778 4698 epis_c_opus,
1807 4636 1912 4698 etc:
1949 4623 2152 4698 illiAero-

592 4694 788 4768 nytnus
816 4698 988 4768 lib.tt,
1007 4709 1192 4768 contra
1211 4696 1461 4765 Ruﬁnum
1484 4713 1504 4751 :
1537 4714 1555 4747 ‹
1580 4694 1694 4750 Non
1718 4698 1765 4750 ei
1796 4694 1986 4750 sullicit
2011 4695 2157 4749 Grat-

597 4766 690 4821 cos
716 4777 770 4822 et
805 4766 1058 4836 antiquos
1083 4766 1431 4834 calumniari,
1455 4769 1520 4822 de
1546 4768 1742 4836 quibus
1770 4782 1865 4835 pro
1890 4774 2158 4836 vetustate

600 4848 902 4904 temporum
928 4834 1403 4906 etlonginquitate
1455 4834 1734 4906 regionum
1772 4834 1942 4906 habet
1988 4834 2156 4906 licen-

595 4903 727 4960 tiani
747 4904 1005 4977 quidquid
1031 4903 1260 4977 voluerit
1285 4903 1576 4977 mentiendi
1604 4925 1617 4961 :
1643 4906 1792 4960 venit
1820 4904 1885 4959 ad
1909 4903 2156 4977 Latinos,

595 4986 654 5032 et
682 4975 915 5047 primum
951 4977 1100 5044 ponit
1143 4975 1405 5047 llilarium
1451 4976 1844 5047 confessorem,
1873 4976 2014 5047 quod
2040 4984 2161 5044 post

595 5045 992 5102 Ariminensem
1018 5045 1280 5116 synodum
1308 5047 1445 5101 liber
1476 5046 1622 5101 illius
1644 5047 1867 5100 falsatus
1898 5045 1965 5116 ab
1991 5046 2163 5116 haere-

597 5117 720 5171 ticis
749 5120 820 5172 sit
851 5135 863 5170 :
905 5126 959 5170 et
990 5113 1064 5170 ob
1089 5117 1229 5170 hanc
1261 5130 1482 5171 causam
1519 5133 1639 5171 cum
1687 5118 1738 5169 in
1779 5115 2008 5169 concilio
2030 5113 2162 5183 {epi-

603 5201 890 5254 sc0porum
919 5188 966 5240 ei
989 5187 1217 5255 quaestio
1251 5195 1578 5253 moveretur,
1607 5184 1841 5256 proferri
1871 5185 2065 5256 librum
2094 5187 2160 5256 de

601 5253 760 5312 domo
782 5274 877 5312 sua
897 5253 1156 5326 jusserit;
1206 5258 1321 5325 qui,
1379 5253 1649 5310 nesciente
1702 5272 1782 5319 se,
1840 5256 1890 5308 in
1949 5253 2161 5326 scriniis

553 5328 558 5332 ’
601 5327 719 5396 suis
747 5323 1033 5382 hazreiicus
1063 5323 1347 5381 tenebatur
1374 5344 1387 5378 :
1421 5341 1651 5394 cumque
1687 5323 2159 5396 prolatusfuisset,

601 5395 743 5449 etab
771 5398 1021 5451 omnibus
1049 5397 1336 5451 haereticus
1375 5397 1670 5465 judicatus,
1688 5394 1888 5465 auctor
1917 5394 2038 5449 libri
2069 5409 2164 5465 ex-

601 5467 1059 5533 communicatus,
1092 5469 1157 5520 de
1186 5463 1396 5522 concilii
1442 5467 1796 5522 conventione
1832 5463 2158 5519 discesserit.

529 5595 534 5599 _
598 5535 670 5588 Et
696 5544 858 5590 tanta:
877 5537 1212 5592 auctoritatis
1229 5554 1285 5593 se
1315 5548 1484 5607 putat,
1505 5548 1718 5602 ut,cum
1749 5537 1850 5590 hoc
1882 5535 2162 5607 familiaria

597 5607 703 5658 bus
739 5607 854 5660 suis
887 5618 1069 5660 narrat
1094 5604 1384 5671 somnium,
1410 5624 1568 5662 nemo
1590 5610 1636 5662 ei
1669 5621 1853 5661 contra
1889 5604 2166 5659 confesso-

599 5690 714 5728 rem
746 5677 845 5729 ista
889 5678 1164 5732 simulanti
1202 5681 1397 5732 audeat
1428 5679 1821 5732 contradicere.
1853 5675 2160 5745 Responde,

600 5759 784 5814 quaeso
817 5767 828 5819 ς
866 5747 1138 5819 Synodus,
1187 5763 1218 5801 a
1266 5764 1370 5817 qua
1417 5747 1913 5819 excommunicatus
1957 5753 2062 5808 est,
2089 5747 2162 5819 ‘in

597 5830 703 5884 qua
751 5817 882 5872 urbe
906 5814 1066 5871 'fuit?
1111 5818 1208 5871 Die
1235 5814 1609 5888 episcoporum
1640 5817 1899 5870 vocabula
1935 5835 1949 5878 ;
1980 5814 2163 5888 profer

598 5889 910 5945 sententias
960 5886 1446 5956 subscriptiOuum,
1497 5889 1580 5945 vel
1633 5889 2021 5953 diversitatem,
2074 5886 2156 5941 vel

2253 2024 2382 2078 nihil
2407 2023 2623 2092 penitus
2652 2020 2764 2093 ('59)
2795 2021 3080 2088 sentiente,
3109 2030 3172 2074 ut
3205 2030 3409 2090 postea,
3441 2035 3556 2074 cum
3585 2021 3646 2073 ad
3669 2034 3784 2074 cou-

2257 2115 2442 2168 cilium
2472 2112 2875 2182 episcoporum,
2913 2111 3214 2166 secundum
3245 2125 3308 2164 ea
3335 2124 3451 2178 quae
3473 2125 3530 2163 se
3555 2110 3604 2162 in
3621 2108 3782 2163 libello

2254 2204 2425 2274 ipsius
2461 2215 2726 2261 noverant
2747 2203 3076 2270 corrupisse,
3101 2201 3422 2255 haereticqu
3451 2215 3566 2254 eum
3599 2199 3782 2252 inimici

2258 2313 2486 2365 arguere
2519 2296 2838 2365 coepissent,
2877 2303 2935 2372 et
2966 2294 3080 2362 ipse
3108 2291 3285 2346 libelli
3317 2289 3396 2346 sui
3429 2290 3579 2345 fidem
3604 2305 3692 2359 pro
3716 2291 3786 2344 sui

2254 2389 2564 2443 defensione
2595 2387 2888 2457 flagitaret,
2912 2387 2978 2440 de
3007 2385 3163 2440 domo
3187 2400 3291 2440 sua
3330 2384 3563 2455 prolatus
3598 2382 3785 2438 libellus

2255 2483 2379 2537 talis
2409 2482 2659 2536 inventus
2697 2479 2771 2535 sit
2792 2521 2807 2548 ,
2857 2494 3017 2549 quem
3049 2478 3160 2547 ipse
3187 2493 3301 2532 non
3334 2460 3657 2547 agnosceret,
3691 2474 3786 2547 (ω)

2253 2573 2458 2628 faceret
2509 2583 2685 2628 tamen
2736 2587 2859 2628 eum
2909 2571 3440 2626 excommunicatum
3496 2569 3558 2622 de
3597 2567 3787 2623 concilii

2254 2661 2609 2717 conventione
2669 2661 2968 2717 discedere.
3019 2658 3227 2713 Verum
3289 2659 3412 2729 quia
3473 2658 3696 2724 viventi,
3741 2667 3789 2712 et

2255 2754 2430 2807 adhuc
2458 2756 2511 2807 in
2542 2767 2766 2822 corpore
2792 2753 2989 2821 posito,
3031 2768 3116 2807 res
3157 2753 3412 2822 quamvis
3462 2750 3701 2804 scelerata
3740 2757 3789 2802 et

2255 2842 2492 2898 inaudita
2533 2845 2874 2914 contigerat”,
2905 2844 3011 2898 doli
3043 2843 3250 2914 cogniti
3281 2841 3444 2897 factio
3461 2842 3788 2910 deprehensa,

2254 2937 2462 2990 detecta
2499 2935 2761 2990 scelerum
2811 2936 3062 2990 machina
3093 2935 3276 3005 potuit
3323 2932 3788 2989 emendari.Adhi-

2252 3027 2365 3081 bita
2415 3029 2560 3083 enim
2608 3029 2821 3083 curatio
2863 3039 2947 3082 est
2973 3029 3397 3093 assertionibus,
3436 3027 3792 3082 satisfactioui-

2252 3120 2377 3184 bus,
2409 3129 2465 3174 et
2499 3121 2750 3176 omnibus
2798 3121 2883 3174 his
2931 3135 3056 3190 quae
3113 3121 3360 3176 viventes
3403 3136 3498 3189 pro
3545 3135 3601 3174 se
3635 3117 3790 3173 facere

2197 3264 2221 3284 η
2255 3221 2496 3280 possunt.
2524 3212 2657 3267 Nam
2688 3214 2882 3267 mortui
2921 3215 3030 3283 pati
3067 3213 3198 3267 nihil
3230 3214 3496 3269 refutant.

2329 3305 2443 3373 (4|)
2483 3303 2664 3358 Sancti
2693 3303 2946 3374 Cypriani
2983 3305 3242 3373 martyris
3270 3307 3420 3359 solet
3446 3317 3603 3357 omne
3622 3303 3796 3371 episto-

2259 3398 2431 3451 larum
2483 3412 2682 3465 corpus
2729 3399 2784 3451 in
2832 3411 2938 3451 uno
2985 3397 3174 3451 codice
3224 3397 3425 3451 scribi.
3459 3395 3588 3449 lluic
3609 3390 3798 3462 corpori

2261 3488 2498 3542 liatretici
2537 3487 2754 3556 quidam
2787 3487 2878 3556 qui
2907 3487 2960 3540 in
2989 3487 3250 3557 Spiritum
3285 3495 3534 3540 sanctum
3574 3484 3798 3550 blasphe-

2258 3589 2434 3643 tnant,
2464 3577 2784 3633 Tertulliani
2816 3578 3053 3633 libellum
3101 3580 3180 3632 De
3223 3580 3490 3633 Trinitate
3535 3576 3800 3647 reprehen-

2257 3672 2485 3727 sibiliter
2518 3672 2800 3742 (quantum
2833 3673 2898 3727 ad
2950 3675 3231 3728 veritatem
3281 3674 3414 3728 ﬁdei
3467 3681 3652 3726 nostra:
3695 3683 3800 3739 pcr-

2259 3763 2420 3834 tinet)
2463 3765 2724 3832 scriptum
2779 3765 3107 3830 inserentes,
3158 3773 3213 3818 et
3263 3763 3684 3834 quamplurimos
3720 3773 3803 3815 co.-

2269 3993 2695 4049 consonantiam.
2730 3994 2872 4046 Doce
2909 3993 2996 4060 qui
3031 4007 3094 4045 eo
3125 4005 3264 4044 anno
3291 3990 3544 4046 consules
3573 3987 3755 4060 fuerint
3785 4005 3800 4041 :

2267 4067 2388 4129 quis
2419 4065 2713 4133 imperator
2741 4063 2881 4116 lianc
2914 4057 3172 4133 synodum
3200 4061 3431 4130 jusserit
3461 4057 3756 4133 congregari
3785 4073 3799 4107 :

2266 4129 2522 4189 Gallimne
2555 4141 2758 4186 tantum
2791 4129 3026 4200 episcopi
3082 4129 3302 4195 fuerint,
3354 4147 3422 4184 an
3475 4138 3530 4184 et
3555 4129 3710 4183 Italiae
3755 4135 3807 4182 et

2267 4203 2534 4273 Hispaniae
2571 4221 2584 4255 :
2615 4211 2764 4273 certe
2792 4215 2949 4269 quam
2981 4201 3050 4254 ob
3075 4215 3290 4273 causam
3327 4201 3563 4273 synodus
3599 4213 3806 4273 congre—

2266 4269 2389 4342 gata
2421 4275 2509 4327 sit.
2537 4271 2683 4326 Nihil
2713 4273 2906 4342 horum
2942 4271 3205 4342 untuiuus,
3240 4273 3335 4325 sed
3359 4269 3805 4342 'virumueloquen-

2259 4339 2547 4406 tissimum,
2577 4352 2632 4396 et
2658 4352 2843 4395 contra
2875 4340 3106 4392 Arianos
3133 4340 3306 4394 Latini
3328 4339 3594 4394 sermonis
3619 4339 3806 4399 tubam,

2258 4423 2333 4494 ut.
2355 4413 2640 4493 origanum
2673 4411 2929 4464 defendas
2949 4451 2964 4476 ,
3001 4413 3534 4464 excommunicatqu
3564 4425 3591 4461 a
3619 4407 3805 4478 synodo

2257 4497 2580 4536 crttmuarts.
2614 4501 2632 4532 ι

2332 4551 2444 4623 (59)
2479 4552 2576 4605 Ms.
2609 4567 2770 4614 unus,
2797 4551 2988 4604 sciente
3009 4565 3027 4602 :
3067 4549 3159 4602 sed
3206 4551 3387 4604 caeteri
3422 4564 3552 4603 mss.
3589 4556 3641 4602 et
3669 4545 3805 4612 editi,

2259 4624 2540 4677 sentiente.

2327 4691 2438 4761 (40)
2462 4691 2536 4744 Ita
2565 4707 2755 4745 omnes
2775 4705 2905 4746 mss.
2936 4691 3124 4744 nostri.
3147 4689 3283 4743 Editi
3316 4705 3497 4743 veram
3522 4700 3806 4761 perperam,

2257 4756 2453 4832 facere.
2499 4761 2665 4814 Paulo
2693 4770 2812 4832 post
2857 4761 3266 4832 mss._plerique
3289 4767 3363 4832 et
3390 4756 3542 4832 editi,
3587 4756 3703 4832 dolo
3731 4771 3807 4808 co-

2255 4828 2404 4902 gnito
2429 4831 2589 4900 factio
2617 4828 3097 4902 deprehengausred
3127 4828 3329 4902 rectius
3353 4828 3807 4902 haberevideutur

2259 4898 2395 4957 iuss.
2427 4898 2761 4956 Sorbonieus
2783 4909 2840 4955 et
2871 4899 2930 4954 S.
2972 4899 3252 4955 Michaelis
3283 4900 3334 4952 in
3365 4898 3608 4953 Periculo
3637 4899 3805 4956 maris,

2259 4972 2369 5024 doli
2413 4973 2630 5042 cogniti.
2676 4971 2796 5042 Mog:
2848 4985 3036 5042 omnes
3079 4984 3212 5024 mss.
3256 4971 3524 5042 omittunt
3546 4969 3678 5021 enim
3703 4971 3809 5042 post

2259 5036 2533 5104 Adhibita.
2570 5042 2736 5096 Solus
2762 5040 2960 5108 Regius
2992 5041 3189 5104 habet,
3250 5050 3301 5094 et
3347 5039 3580 5093 adhibita
3625 5036 3816 5091 curatio

2259 5123 2354 5175 est,
2381 5123 2482 5166 etc.

2338 5182 2451 5255 (41)
2512 5183 2696 5255 Sgncti
2745 5179 3020 5255 Cypriani,
3058 5195 3165 5255 etc.
3221 5183 3577 5255 Hieronymus
3618 5177 3704 5255 lib.
3750 5188 3808 5236 11,

2266 5245 2516 5307 aduersus
2544 5245 2832 5321 Ruﬁnum?
2850 5270 2869 5302 ‹
2894 5254 2998 5306 Sed
3017 5254 3342 5307 confessoris
3370 5245 3601 5322 (Hilarii)
3629 5245 3809 5300 calom-

2267 5323 2354 5376 nia
2393 5319 2664 5392 utcunque
2698 5321 3002 5375 toleranda.
3047 5323 3268 5378 Transit
3295 5319 3650 5392 ad'inclytum
3679 5329 3812 5391 mar-.-

2271 5403 2442 5464 tyrem
2495 5391 2842 5464 Cypriautun,
2871 5403 2924 5446 et
2955 5394 3088 5447 dicit
3115 5391 3430 5464 Tertulliani
3479 5391 3688 5464 librum,
3729 5397 3813 5437 cut

2266 5458 2457 5517 titulus
2503 5458 2605 5527 esi,
2635 5462 2709 5516 De
2742 5461 3022 5528 Trinitate,
3054 5463 3154 5518 sub
3178 5462 3392 5516 nomine
3417 5477 3530 5527 ejus
3560 5458 3809 5528 Constat}.-

2268 5534 2486 5602 tiuopoli
2525 5550 2552 5586 a
2587 5519 2979 5587 Macedonians:
3008 5519 3176 5602 partis
3197 5519 3460 5603 haereticis
3491 5525 3729 5603 lectitati.
3757 5519 3807 5600 lu

2267 5595 2395 5670 quo'
2419 5605 2641 5658 crimine
2692 5605 2949 5657 mentitur
3001 5595 3126 5658 duo.
3187 5602 3318 5657 Nam
3362 5617 3456 5656 nec
3506 5595 3807 5671 Tertulliani

2269 5667 2404 5728 liber
2436 5684 2540 5739 est,
2565 5689 2667 5728 nec
2698 5673 2956 5745 Cypriani
2979 5675 3202 5736 dicitur,
3223 5674 3314 5745 sed
3343 5667 3812 5745 Noyatiani,__cuiu_s

2270 5756 2323 5798 et
2349 5735 2664 5798 inscribitur
2696 5735 2872 5810 tiiulo,
2909 5755 2963 5798 et
2987 5745 3228 5800 auctoris
3255 5742 3531 5813 eloquium
3560 5735 3682 5807 Styl'l
3706 5742 3819 5800 Ρω-

2271 5814 2474 5883 prietas
2502 5815 2853 5870 detuonstrat.
2893 5833 2912 5866 ι
