4020 6306
292 273 393 339 629

1191 275 1269 332 DE
1308 269 1902 331 ADULTERATIONE
1936 268 2291 326 LIBRORUM
2328 268 2671 327 ORIGENIS.

3452 273 3556 328 630

291 400 438 454 dices
468 398 537 454 de
567 400 764 456 talibtts
789 396 909 471 (42)
942 393 1290 464 exemplariis
1313 393 1738 454 conscribentcs,
1776 408 1872 460 per
1902 397 1948 453 Α
1979 392 2109 459 ipsis
2136 392 2224 459 qui
2261 391 2552 445 novitatem
2589 390 2855 445 sermonis
2882 390 3270 457 causabantur,
3299 393 3556 445 ostende-

292 500 455 546 totam
509 491 1036 561 ConstantinOpolim
1077 489 1267 541 urbem
1303 485 1598 539 maximam
1643 484 1870 538 distrahi

290 578 464 647 pretio
498 576 677 631 viliori
711 579 980 641 fecerunt,
1010 585 1072 628 ut
1100 574 1399 642 exiguitate
1430 573 1591 642 pretii
1623 574 1872 629 homines

288 668 451 723 illecti
506 668 717 734 ignotos
753 680 807 724 et
858 670 1088 723 latentes
1132 667 1286 723 dolos
1336 664 1547 720 facilius
1593 680 1873 735 compara-

287 771 431 828 rent,
492 761 605 831 (45)
638 776 745 828 quo
770 776 867 829 per
901 762 1003 815 hoc
1030 759 1339 815 invenirent
1372 755 1608 812 haeretici
1634 758 1871 827 perfidiae

283 868 398 907 suae
426 832 593 908 fide'm
625 853 759 907 tanti
788 852 893 907 viri
926 852 1254 909 auctoritate
1281 849 1622 918 conquirere.
1656 849 1871 905 Accidit

284 952 469 998 tamen
518 952 577 997 ut
619 943 823 998 recenti
863 945 1042 999 adhuc
1088 943 1236 1001 facto
1280 944 1500 1015 quidam
1556 957 1627 997 ex
1661 942 1868 996 nostris

282 1035 547 1092 fratribus
601 1035 887 1092 catholicis
967 1036 1175 1093 inventi
1233 1039 1446 1094 admissi
1492 1036 1712 1094 sceleris
1752 1035 1864 1107 (44)

278 1137 593 1184 commenta
625 1137 953 1199 retegerent,
1008 1137 1063 1183 et
1112 1144 1177 1185 ex
1228 1139 1384 1199 parte
1414 1129 1617 1199 aliqua,
1651 1127 1697 1182 si
1728 1141 1867 1196 quos

276 1228 527 1289 possent,
552 1219 616 1275 ab
647 1221 852 1276 erroris
872 1219 1035 1288 hujus
1058 1221 1264 1291 laqueis
1290 1228 1632 1275 revocarent.
1668 1218 1861 1284 Quam-

275 1312 531 1381 plurimis
562 1322 740 1368 tamen
783 1313 837 1367 in
869 1314 976 1369 illis
998 1313 1244 1383 partibus
1272 1323 1519 1369 sanctum
1558 1320 1851 1383 martyrem

274 1402 614 1475 Cyprianum
649 1406 810 1475 hujus
842 1405 992 1472 ﬁdei,
1021 1421 1141 1475 qum
1163 1421 1192 1460 a
1223 1405 1564 1461 Tertulliano
1588 1419 1690 1458 non
1718 1411 1864 1457 recte

273 1498 482 1566 scripta
514 1508 619 1565 est,
658 1499 848 1563 fuisse,
878 1514 1200 1570 persuasum
1235 1509 1339 1555 est.

350 1588 622 1657 Adjiciam
657 1591 837 1646 adhuc
875 1592 1037 1647 unius
1067 1591 1193 1646 facti
1215 1591 1335 1645 talis
1365 1589 1695 1659 exemplum,
1719 1589 1862 1659 quod

274 1682 565 1738 memoria:
585 1682 804 1752 quidem
843 1684 1165 1739 recentioris
1204 1692 1287 1739 est
1319 1681 1646 1755 (commissae
1679 1692 1859 1735 autem

1987 495 2069 537 ret
2105 484 2216 557 (48)
2250 484 2302 538 in
2335 482 2516 538 libello
2554 483 2837 538 Athanasii
2869 484 3103 553 episcopi
3137 484 3399 552 scriptum
3432 499 3555 537 esse

1976 590 2284 630 sermonem
2318 577 2385 630 de
2411 591 2518 646 quo
2555 576 2782 643 quaastiu
2817 574 3131 631 habebatur.
3159 577 3321 642 Quasi
3356 592 3551 632 suasus

1970 670 2081 736 jam
2112 668 2201 723 ille
2239 668 2323 722 cui
2362 668 2462 722 hoc
2494 669 2780 736 probatum
2828 668 3025 729 fuerat,
3065 666 3270 736 rogavit
3298 666 3413 719 dari
3444 666 3547 719 sibi

1973 760 2237 823 codicem,
2274 774 2383 828 quo
2408 770 2463 814 et
2489 761 2609 815 aliis
2640 759 3015 831 ignorantibus
3046 768 3099 813 et
3125 758 3550 813 contradicenti-

1972 854 2073 908 bus
2102 852 2464 907 satisfaceret.
2515 854 2758 921 Accepto
2806 853 3016 915 codice,
3048 851 3347 906 inauditum
3381 866 3547 906 excoo

1973 946 2165 1017 gitavit
2192 946 2606 1001 adulterationis
2634 960 2824 1017 genus.
2866 945 3071 1000 Locum
3116 945 3288 1010 ipsum
3336 945 3387 998 in
3439 961 3546 1015 quo

1974 1055 2154 1095 sermo
2186 1040 2291 1094 iste
2321 1038 2558 1110 scriptus
2581 1050 2719 1104 erat,
2751 1040 2908 1103 rasit,
2941 1038 3055 1109 (49)
3104 1049 3158 1093 ει
3204 1039 3377 1106 ipsum
3404 1038 3547 1108 lser-

1976 1145 2188 1185 monem
2229 1146 2442 1185 rursum
2478 1129 2763 1198 rescripsit
2787 1142 2947 1197 quem
2980 1136 3208 1181 raserat.
3228 1125 3405 1181 Codex
3427 1127 3548 1180 red-

1968 1223 2113 1278 ditus
2143 1222 2467 1293 simpliciter
2496 1230 2751 1289 receptus
2781 1228 2886 1275 est.
2920 1216 3173 1273 Movetur
3201 1218 3397 1272 iterum
3450 1232 3546 1286 pro

1964 1316 2155 1368 eodem
2213 1329 2469 1370 sermone
2515 1313 2790 1383 quaestio:
2842 1312 2909 1366 ad
2955 1309 3332 1380 probationem
3372 1309 3545 1363 codex

1964 1407 2280 1477 profertur;
2309 1407 2583 1461 invenitur
2612 1419 2795 1462 sermo
2823 1405 2886 1459 de
2917 1418 3024 1474 quo
3056 1411 3176 1457 erat
3204 1403 3455 1473 quaestio,
3478 1417 3546 1458 ex

1966 1497 2125 1551 litura
2158 1499 2212 1552 in
2244 1499 2432 1554 codice
2454 1499 2697 1568 positus;
2733 1496 2867 1551 fides
2913 1494 3208 1566 proferenti
3246 1494 3406 1549 talem
3446 1509 3543 1550 co-

1964 1591 2141 1644 dicem
2179 1593 2490 1661 derogatur,
2530 1605 2594 1645 eo
2638 1589 2782 1659 quod
2832 1589 2995 1643 litura
3045 1587 3133 1642 illa
3170 1590 3545 1656 corruptionis

1968 1696 2031 1737 ac
2060 1682 2311 1738 falsitatis
2359 1683 2637 1737 videretur
2687 1681 2971 1736 indicimn.
3018 1680 3124 1735 Sed
3161 1682 3416 1752 quoniam
3463 1681 3545 1752 (ut

272 1775 536 1843 nequitia:
585 1774 868 1844 antiquum
911 1777 1090 1846 satis),
1127 1786 1181 1832 et
1207 1776 1351 1846 quod
1399 1788 1591 1830 omnes
1619 1781 1862 1829 veterum
1894 1788 1937 1843 Β
1967 1775 2163 1830 iterum
2200 1776 2388 1832 eadem
2415 1773 2613 1846 dicam)
2650 1775 2851 1829 viventi
2883 1776 2997 1829 haec
3026 1774 3169 1829 facta
3204 1785 3331 1830 sunt
3363 1774 3477 1845 (50)
3512 1790 3543 1829 a

272 1864 490 1922 fabulas
530 1867 732 1922 vincat.

349 1957 465 2030 (45)
506 1959 773 2015 Damasus
828 1959 1159 2030 episcopus,
1221 1975 1342 2019 cum
1410 1960 1477 2016 de
1535 1959 1861 2031 recipiendis

271 2049 706 2119 Apollinarianis
769 2050 1089 2106 deliberatio
1155 2051 1503 2119 haberetur,
1565 2050 1859 2105 editionem

269 2140 666 2195 ecclesiastica:
698 2142 842 2206 fidei,
872 2140 984 2213 (46)
1009 2142 1095 2196 cui
1127 2141 1289 2196 iidem
1322 2142 1569 2209 editioni,
1597 2142 1641 2196 si
1675 2141 1861 2197 Eccle-

273 2231 376 2286 siae
424 2230 578 2302 jungi
656 2233 841 2298 velint,
895 2233 1242 2288 subscribere
1291 2234 1571 2300 deberent,
1619 2234 1864 2288 conscri-

271 2323 512 2377 bendam
566 2324 846 2378 mandavit
897 2324 1071 2380 amico
1121 2339 1221 2379 suo
1273 2326 1488 2379 cuidam
1540 2326 1860 2396 presbytero

265 2414 394 2467 viro
425 2415 805 2483 disertissimo,
831 2415 924 2486 qui
948 2418 1050 2472 hoc
1071 2416 1143 2469 illi
1173 2431 1239 2471 ex
1274 2430 1423 2470 more
1448 2416 1717 2484 negotium
1741 2430 1859 2483 pro-

266 2507 520 2562 curabat.
578 2507 957 2565 Necessarium
1010 2512 1185 2565 visum
1226 2518 1311 2564 est
1349 2509 1574 2564 dictanti
1629 2510 1681 2563 in
1739 2510 1853 2578 ipsa

266 2600 512 2655 editione
539 2599 618 2655 De
645 2600 1025 2657 Incarnatione
1062 2602 1298 2667 Domini,
1359 2601 1635 2658 hominem
1675 2602 1857 2656 Domi-

267 2692 459 2746 nicum
491 2692 620 2748 dici.
653 2690 856 2750 Ofi‘ensi
903 2705 1031 2750 sunt
1061 2697 1112 2750 in
1149 2698 1252 2751 hoc
1282 2710 1539 2751 sermone
1568 2692 1853 2763 Apollina-

269 2784 463 2839 ristazz
517 2788 814 2843 novitatem
875 2791 1148 2843 sermonis
1220 2788 1477 2842 incusare
1542 2795 1851 2855 coeperunt.

266 2877 477 2933 Adesse
506 2878 608 2933 sibi
638 2877 804 2948 cmpit
830 2879 922 2950 qui
958 2879 1258 2934 dictaverat
1278 2918 1295 2946 ,
1339 2889 1397 2933 et
1437 2893 1503 2932 ex
1530 2878 1855 2933 auctoritate

267 2966 386 3039 (47)
443 2980 688 3023 veterum
768 2971 1098 3043 scriptorum
1158 2971 1560 3027 catholicorum
1611 2971 1852 3025 virorum

266 3059 558 3124 confutare
587 3078 683 3119 eos
707 3064 796 3133 qui
832 3064 1244 3136 impugnabant.
1278 3065 1487 3121 Decidit
1534 3074 1591 3119 ut
1642 3066 1738 3118 uni
1786 3079 1852 3117 ex

334 3243 454 3315 (4‘2)
481 3243 860 3316 Exemplar-iis.
881 3247 1044 3302 Deest
1071 3247 1123 3302 in
1146 3248 1331 3312 editis,
1364 3257 1419 3302 et
1454 3246 1762 3302 restituitur
1789 3256 1853 3301 ex
1883 3256 1925 3313 ε

263 3329 402 3369 τῇδε.
1350 3364 1353 3367 ,

344 3385 462 3455 (45)
492 3384 655 3451 Editi,
683 3402 784 3457 quo
824 3402 917 3455 per
961 3388 1058 3441 hoc
1094 3395 1443 3442 commentum
1477 3388 1713 3442 Itazretici
1740 3403 1852 3456 per-

265 3453 418 3529 ﬁdiae
446 3453 559 3510 suae
587 3453 743 3525 ﬁdem
779 3453 911 3529 tanti
943 3458 1044 3511 viri
1088 3459 1403 3512 auctoritate
1456 3453 1844 3529 conquirerent.

266 3524 382 3580 Sed
404 3524 594 3582 omnes
629 3542 761 3582 mss.
793 3528 927 3582 utin
959 3538 1144 3582 nostro
1180 3538 1349 3582 textu.

373 3596 465 3657 44)
499 3594 827 3653 Commenta.
864 3598 1025 3662 Editi,
1063 3601 1366 3663 commissa,
1394 3600 1555 3654 male.

374 3667 465 3737 45)
499 3666 765 3739 Damasus
794 3669 1088 3737 episcopus,
1114 3685 1234 3723 cum
1256 3670 1320 3723 de
1343 3664 1655 3739 recipiendis
1684 3668 1848 3738 Apol-

265 3738 557 3810 linarianis
608 3738 917 3810 deliberatio
970 3740 1274 3810 haberetur,
1326 3738 1849 3810 etc.’llieronymus

267 3808 368 3864 .ib.
402 3823 439 3881 ιι
472 3816 655 3881 contra
684 3807 934 3881 Ruﬁnum
957 3821 976 3860 :
1016 3826 1034 3859 ι
1064 3809 1127 3862 Ει
1159 3810 1487 3879 superfluum
1529 3822 1655 3881 puto
1687 3807 1846 3878 aper-

269 3888 362 3962 te?
402 3878 651 3962 ineptias
692 3880 997 3962 confutare,
1043 3894 1164 3933 cum
1213 3878 1343 3962 mihi
1397 3878 1847 3962 mea'ingeratur

266 3947 547 4021 cubeliala
576 3949 781 4021 synodo
806 3948 1077 4013 videlicet,
1109 3959 1162 4004 et
1192 3953 1292 4004 sub
1318 3953 1534 4005 nomine
1564 3947 1845 4021 cujusdam

268 4018 440 4091 amici
474 4018 708 4091 Damasi,
736 4019 991 4091 Romana:
1040 4021 1192 4075 urbis
1232 4022 1471 4091 episcopi
1514 4018 1840 4091 ego—petar;

270 4092 359 4144 cui
391 4089 480 4163 ille
505 4090 917 4163 ecclesiasticas
965 4091 1247 4163 epistolas,
1267 4089 1564 4146 dictandas
1587 4089 1840 4163 ιτιιάἰιιίιις

269 4170 325 4213 et
382 4158 841 4231 Apollinariorum
902 4158 1158 4231 versutia:
1221 4162 1639 4225 describantur;
1700 4158 1842 4231 quod

271 4229 555 4301 Athanasii
634 4231 830 4283 librum
886 4230 974 4284 tthi
1037 4229 1345 4287 Dominicus
1394 4233 1550 4285 homo
1608 4229 1844 4301 scriptus

271 4312 380 4365 est,
414 4300 480 4352 ad
507 4299 802 4370 legendum
850 4309 1151 4370 acceptum,
1190 4304 1261 4356 ita
1286 4302 1656 4370 corruperint,
1692 4299 1748 4355 ut
1780 4305 1832 4355 in

272 4370 438 4425 litura
469 4368 522 4424 id
556 4368 700 4439 quod
727 4368 994 4437 raserint,
1026 4387 1213 4427 rursus
1246 4368 1572 4435 scriberent,
1604 4383 1661 4426 ut
1687 4372 1837 4427 scili-

274 4451 361 4496 cet
392 4456 496 4496 non
530 4443 598 4495 ab
629 4442 733 4495 illis
779 4441 1056 4505 falsatum,
1098 4443 1193 4495 sed
1226 4458 1255 4495 a
1293 4459 1377 4497 me
1406 4445 1649 4497 additmn
1686 4452 1844 4511 puta-

275 4521 448 4565 retur.
475 4511 671 4577 Quaeso
695 4522 766 4574 te,
795 4513 968 4566 amice
1009 4514 1355 4577 charissima,
1397 4523 1456 4567 ut
1489 4514 1542 4568 in
1581 4514 1843 4569 ecclesia-

276 4582 432 4637 sticis
456 4582 797 4653 tractatibus,
833 4582 918 4635 ubi
949 4581 1016 4637 de
1047 4585 1273 4637 veritate
1296 4585 1611 4652 dogmatum
1640 4584 1839 4653 quatri-

278 4635 386 4725 ιιιιέ.
416 4654 559 4706 etde
582 4635 1727 4725 saluiteianimarutn7noStrarttiiiimajoruin7
1744 4652 1841 4705 fla~
1873 4635 1917 4690 Ῑ)

277 4723 481 4790 gitatur
509 4724 831 4787 auctoritas,
869 4724 1239 4792 hujuscemodi
1264 4723 1614 4779 deliramenta
1662 4725 1840 4778 dimit-

277 4802 383 4858 tas,
410 4800 468 4847 ει
497 4794 843 4863 prandiorum
870 4808 1257 4864 cenarumque
1289 4792 1501 4849 falmlas
1541 4810 1639 4864 pro
1679 4809 1841 4862 argu-

277 4874 461 4918 mento
482 4877 593 4935 non
625 4874 808 4919 teneas
841 4865 1105 4920 veritatis.
1151 4865 1293 4919 Fieri
1338 4867 1483 4919 enim
1533 4874 1711 4935 potest
1759 4873 1837 4931 ut,

277 4934 491 5004 etiamsi
526 4948 555 4987 a
591 4948 678 4988 me
711 4950 899 4989 verum
952 4936 1169 5004 audisti,
1229 4936 1369 4990 alius
1415 4938 1503 5004 qui
1536 4934 1713 5004 hujus
1762 4938 1837 4989 rei

279 5002 500 5076 ignarus
530 5013 632 5076 est,
656 5004 804 5076 dicat
850 5021 877 5058 a
922 5015 976 5060 te
1028 5002 1570 5076 esse'composit'um;
1603 5002 1657 5059 et
1686 5006 1841 5075 quasi

279 5074 501 5128 mimum
549 5074 904 5141 Philistionis,
945 5076 1025 5129 vel
1074 5074 1315 5131 Lentuli'
1356 5092 1420 5132 ac
1463 5077 1671 5131 Marulli
1699 5074 1840 5131 Stro-

278 5146 436 5216 pham
476 5145 705 5216 eleganti
740 5161 991 5201 sermone
1031 5152 1341 5203 confictam.
1396 5168 1415 5199 ι

347 5215 462 5286 (46)
523 5215 598 5270 Ita
652 5226 797 5286 recte
836 5218 989 5286 editi.
1030 5216 1164 5272 Mss.
1220 5233 1349 5274 vero
1402 5219 1590 5281 nostri,
1645 5220 1703 5273 id
1748 5230 1845 5283 est,

279 5283 530 5353 cationi,
575 5288 620 5340 si
662 5283 914 5342 Ecclesia:
964 5285 1057 5359 [aL
1110 5289 1195 5343 cui
1243 5293 1289 5343 si
1334 5288 1611 5362 Ecclesiae]
1655 5292 1845 5361 jungi,

278 5366 380 5409 etc.

338 5426 450 5497 (47)
492 5424 728 5481 Veterum
788 5426 929 5481 Editi
988 5443 1291 5497 perperam,
1344 5448 1482 5486 cera.
1541 5429 1665 5485 Mox
1716 5447 1855 5492 mss.

281 5495 609 5569 Sorbonicus
629 5507 683 5551 et
703 5499 764 5569 S.
793 5495 1071 5552 Michaelis
1093 5495 1150 5553 in
1171 5500 1415 5556 Periculo
1437 5504 1601 5556 maris
1626 5504 1850 5569 habent,

281 5568 423 5619 uisus
471 5580 544 5621 εει
596 5568 875 5637 confutare
919 5584 1026 5630 eos,
1072 5579 1179 5623 etc.
1230 5572 1334 5624 Sed
1386 5574 1562 5626 caeteri
1617 5588 1749 5625 mss.
1798 5568 1852 5628 et

280 5638 408 5690 editi
466 5640 727 5692 omittunt
784 5638 930 5691 nisus
984 5649 1086 5695 est.
1153 5641 1356 5697 Deinde
1411 5643 1540 5696 editi
1576 5687 1588 5708 ,
1641 5644 1847 5697 Accidit

282 5717 331 5755 ut
379 5720 429 5761 et
484 5726 509 5763 ι
558 5742 594 5776 .,
666 5718 771 5766 etc.
831 5708 939 5764 Sed
1002 5724 1194 5765 omnes
1262 5726 1392 5769 mss.
1453 5715 1618 5769 nostri
1687 5724 1740 5770 ut
1800 5716 1850 5770 in

285 5788 452 5833 textu.

1964 1869 2197 1935 vivente,
2249 1868 2507 1923 continuo
2556 1867 2667 1936 egit
2714 1869 2894 1921 omnia
2946 1877 3003 1921 ut
3053 1867 3206 1922 fraus
3255 1869 3536 1923 commissi

1964 1958 2189 2013 sceleris
2218 1957 2536 2019 nudaretur,
2568 1969 2621 2011 et
2654 1957 2910 2025 nequitia:
2965 1958 3175 2011 macula
3236 1974 3337 2012 non
3383 1962 3540 2013 inno-

1963 2051 2107 2104 centi
2143 2050 2283 2115 viro,
2315 2048 2405 2117 qui
2442 2048 2579 2103 nihil
2629 2048 2736 2102 tale
2780 2060 3051 2119 gesserat,
3091 2051 3412 2115 adba-rerct,
3446 2053 3538 2106 sed

1965 2141 2015 2195 in
2041 2152 2316 2195 auctorem
2344 2139 2474 2196 facti
2524 2142 2759 2211 atquein
2791 2142 3096 2197 uberiorem
3123 2143 3237 2212 cjus
3260 2146 3537 2199 infamiam

1964 2234 2311 2286 redundaret.

2035 2323 2089 2376 Si
2146 2338 2274 2392 ergo
2308 2331 2362 2375 et
2406 2321 2667 2393 Origenes
2715 2326 2837 2379 talia
2880 2328 2947 2381 ab
2983 2326 3254 2383 haereticis
3283 2339 3337 2381 et
3374 2330 3539 2384 male-

1962 2414 2096 2467 volis
2124 2430 2181 2466 se
2204 2428 2323 2467 esse
2360 2429 2675 2484 perpessum
2710 2416 2760 2468 in
2792 2416 3015 2483 epistola
3035 2432 3128 2471 sua
3158 2419 3372 2486 propria
3409 2434 3540 2474 voce

1958 2505 2331 2574 conqueritur,
2371 2515 2427 2560 et
2480 2505 2667 2562 multis
2730 2506 2853 2560 aliis
2904 2508 3035 2562 viris
3086 2509 3375 2563 catholicis
3429 2520 3539 2564 tam

1958 2598 2099 2653 vivis
2144 2613 2304 2668 quam
2342 2599 2570 2654 mortuis
2600 2600 2790 2655 eadem
2828 2601 3166 2667 acciderunt,
3221 2603 3540 2674 similesque

1958 2690 2177 2746 fraudes
2205 2693 2419 2760 scriptis
2451 2690 2564 2763 (5i)
2603 2694 2962 2761 quorumdam
3003 2693 3303 2765 probantur
3345 2694 3532 2760 illatze,

1958 2799 2077 2853 quae
2104 2783 2316 2837 tandem
2355 2784 2521 2838 animi
2558 2784 2858 2840 obstinatio
2896 2794 2998 2853 εει,
3046 2786 3099 2839 in
3146 2785 3343 2855 azquali
3373 2802 3537 2841 causa

1958 2889 2063 2929 non
2100 2874 2291 2945 mquali
2322 2875 2405 2929 uti
2434 2875 2627 2943 venia;
2669 2876 2763 2931 sed
2815 2890 2881 2931 ex
2926 2876 3117 2932 iisdem
3163 2877 3536 2932 accidentibus

1959 2969 2082 3025 aliis
2108 2970 2475 3027 excusationis
2522 2968 2882 3024 reverentiam
2909 3011 2923 3037 ,
2968 2968 3090 3025 aliis
3132 2970 3536 3027 criminationis

1960 3061 2241 3117 infamiam
2276 3061 2601 3116 intendere?
2624 3058 2737 3134 (52)
2762 3059 2902 3128 Quin
2926 3062 3105 3133 potius
3133 3062 3429 3133 aperienda
3454 3074 3537 3119 est

2035 3244 2150 3317 (4‘8)
2177 3244 2257 3317 lit
2273 3243 2782 3317 ΙὶὸειιυΑ-Αιιιαιιαιιὶἱε
2798 3254 2904 3299 etc.
2965 3248 3043 3299 An
3078 3246 3296 3301 lihelhts
3328 3249 3434 3302 iste
3462 3249 3534 3302 sit

1957 3314 2197 3385 ejusdem
2232 3315 2409 3369 Patris
2435 3314 2708 3385 Expositio
2747 3314 3041 3384 ﬁdei,=qnae
3085 3328 3262 3371 exsmt
3310 3329 3439 3373 tom.
3489 3319 3533 3382 Ι,

1954 3384 2099 3456 part.
2137 3401 2175 3449 ι,
2207 3385 2325 3455 ejus
2351 3384 2720 3456 operum,ubi
2762 3401 2885 3456 pag.
2924 3386 3031 3440 100
3053 3397 3108 3440 et
3137 3388 3262 3452 101,
3296 3390 3532 3442 humana

1953 3455 2156 3511 Christi
2187 3454 2379 3527 natura
2409 3454 2718 3527 Dominicns
2763 3454 2918 3527 hoino
2946 3459 3142 3527 saepius
3190 3460 3528 3527 appellatur;

1952 3541 2020 3579 an
2046 3540 2176 3580 vero
2202 3525 2303 3578 alia
2335 3524 2528 3595 major,
2556 3538 2623 3577 ex
2656 3539 2781 3595 qua_
2808 3524 3349 3595 aliquot’fragmenta
3376 3526 3531 3584 affert

1952 3596 2328 3670 Tilteodoretus
2347 3593 2995 3670 Dialog‘ai’nubiCltristus
3012 3606 3065 3650 et
3099 3593 3281 3670 homo,
3324 3599 3531 3670 Rupta-

1950 3668 2046 3731 κὸς
2088 3664 2373 3737 ἄνθρωπος
2425 3664 2678 3720 similiter
2715 3666 2931 3736 dicitur,
2963 3674 3111 3722 certo
3134 3666 3388 3723 aﬂirmari
3418 3664 3529 3723 'non

1987 3746 2147 3793 OlCSl.

1950 3753 2334 3887 ροέἓξῖξᾼ-Ιίτιε,
2380 3816 2426 3860 ει
2456 3806 2616 3887 istum
2650 3823 2961 3887 sermonem,
2993 3819 3123 3887 εις.⁸
3305 3881 3317 3887 _
3346 3882 3358 3887 _
3589 3868 3608 3887 ‘

2020 3877 2133 3948 (56)
2168 3877 2298 3933 Mss.
2326 3894 2388 3930 ac
2423 3877 2635 3946 vigenti.
2667 3878 2771 3933 Sed
2798 3880 2996 3934 melius
3033 3880 3240 3935 habere
3268 3881 3528 3935 videntur

1946 3950 2102 4013 editi,
2144 3965 2176 4001 α
2222 3950 2443 4001 vivente.

2159 4020 2329 4102 Alias,
2366 4034 2615 4102 eorum...
2653 4035 2770 4088 qua:
2805 4020 3017 4102 tandem
3069 4022 3368 4076 animorum
3423 4021 3521 4094 [aL

1945 4088 2135 4160 animi]
2168 4089 2436 4160 obstrictio
2468 4097 2543 4160 cpt
2578 4089 2632 4142 in
2670 4090 2859 4159 mquali
2894 4106 3043 4154 casu,
3074 4102 3180 4145 etc.

2018 4159 2133 4232 (52)
2160 4159 2300 4225 Quin
2323 4159 2503 4232 potius
2538 4161 2824 4232 aperienda
2859 4171 2932 4213 est
2974 4162 3070 4215 hoc
3104 4163 3158 4215 in
3192 4162 3306 4215 loco
3332 4166 3525 4218 veritas

1943 4228 2132 4294 latens,
2178 4240 2285 4283 etc.
2355 4229 2859 4301 Hieronytnusilib.
2907 4247 2945 4285 ll
2995 4244 3176 4286 contra
3222 4232 3474 4300 Ruﬁnum
3504 4250 3523 4287 :

1950 4320 1967 4351 ι
1998 4304 2112 4367 Quo
2137 4315 2241 4354 non
2272 4300 3035 4383 perveniatsemelcflrenata
3049 4304 3527 4383 tenuerittts‘iPost

1944 4370 2815 4444 ext-ommunicationemliilarii,
2875 4382 2999 4444 post
3042 4373 3305 4444 Cypriani
3356 4374 3521 4444 ψευδ-

1944 4443 2261 4513 επίγραφον
2287 4441 2571 4513 haereseos,
2594 4441 2808 4506 librum,
2831 4453 2952 4513 post
2977 4441 3260 4497 Athanasii
3282 4441 3380 4497 me
3397 4446 3522 4498 dor-

1947 4512 2179 4565 mitante
2219 4512 2479 4573 lituram,
2532 4512 2699 4565 simul
2736 4522 2791 4564 et
2852 4514 3288 4580 inscriptionem,
3342 4517 3523 4581 erupit

1947 4582 2236 4650 aliquando
2285 4591 2472 4634 contra
2521 4596 2714 4650 papam
2766 4582 3146 4650 Epiphaniam,
3186 4595 3241 4639 et
3275 4586 3521 4640 dolorem

1948 4652 2189 4721 pectoris
2224 4652 2329 4715 sui,
2359 4651 2951 4723 quodemninepistola
2970 4670 3129 4723 quam
3152 4655 3216 4708 ad
3242 4653 3517 4709 Joannem

1947 4724 2259 4794 episcopum
2285 4723 2603 4794 scripserat,
2632 4721 2945 4775 haereticum
2968 4721 3171 4794 arguit,
3196 4725 3520 4794 inApologia

1946 4790 2042 4860 pro
2075 4790 2301 4859 Origene
2337 4792 2551 4861 digerit,
2585 4803 2637 4845 et
2667 4794 2751 4845 his
2781 4808 2841 4845 se
2879 4790 3221 4849 sermonibus
3272 4790 3521 4850 consola-

1951 4874 2036 4914 tur
2070 4878 2084 4915 :
2123 4862 2262 4927 Quin
2308 4867 2483 4929 potius
2518 4863 2798 4930 aperienda
2856 4876 2927 4917 est
2953 4866 3048 4918 Itoc
3068 4868 3122 4918 in
3163 4865 3276 4919 loco
3328 4867 3518 4919 veritas

1947 4932 2133 4985 latens.
2166 4933 2607 5005 ig'l’utn_prolatis
2652 4934 2735 4987 his
2766 4949 2884 5002 qua:
2914 4946 3212 5005 sequuntur
3244 4951 3417 5005 usque
3452 4938 3520 4991 ad

1949 5005 2051 5057 ista
2104 5002 2266 5056 verba
2299 5022 2312 5056 :
2344 5002 2619 5066 Quomodo
2672 5020 2793 5074 ergo
2845 5006 2943 5059 iste
2988 5002 3173 5059 inerito
3220 5002 3519 5060 audiendus

1951 5083 2047 5137 est,
2076 5090 2193 5145 cum
2233 5090 2319 5127 eos
2349 5074 2522 5141 culpat
2566 5076 2654 5145 qui
2676 5074 3036 5129 instructioni:
3065 5092 3175 5129 sua:
3206 5092 3366 5129 causa
3400 5094 3518 5143 per-

1950 5160 2121 5215 pauca
2144 5144 2280 5210 eius,
2318 5145 2617 5215 salvaﬁﬁdei
2648 5146 2824 5215 regula
2858 5159 3012 5214 atque
3056 5149 3259 5215 integra
3301 5150 3512 5215 pietate,

1951 5214 2226 5286 (egerunt?
2254 5216 2425 5284 pergit
2452 5214 2843 5285 HierOnymus:
2877 5236 2895 5267 ι
2922 5217 3022 5282 Qui
3047 5214 3175 5271 sunt
3195 5219 3302 5282 isti,
3334 5218 3425 5286 qui
3460 5220 3512 5271 in

1954 5282 2193 5339 Ecclesia
2217 5282 2491 5355 disputare
2511 5282 2669 5341 latius
2687 5287 2898 5342 solent?
2920 5288 3017 5353 Qui
3048 5288 3214 5343 libros
3240 5282 3515 5343 scribere?

1954 5355 2057 5431 Qui
2096 5365 2262 5410 totum
2291 5360 2356 5431 de
2395 5358 2629 5431 Origene
2677 5358 2969 5426 loquuntur
2996 5368 3050 5431 et
3088 5359 3374 5413 scribunt?
3408 5358 3535 5431 Qui,

1954 5427 2203 5498 dumrsua
2241 5427 2428 5481 nolunt
2466 5427 2609 5482 furta
2640 5431 2916 5498 cognosci,
2948 5438 3003 5483 et
3034 5430 3228 5498 ingrati
3283 5440 3408 5482 sunt
3459 5432 3510 5482 in

1957 5497 2297 5565 magistrum,
2332 5499 2537 5553 idcirco
2568 5497 2838 5566 simplices
2866 5504 2931 5553 ab
2975 5497 3118 5554 illius
3156 5500 3388 5554 lectione
3414 5506 3513 5554 de-

1960 5568 2201 5621 terrent?
2222 5566 2546 5639 Nominatitn
2575 5571 2739 5623 debes
2770 5570 2978 5638 dicere,
3004 5581 3058 5624 et
3089 5571 3232 5639 ipsos
3262 5572 3514 5625 homines

1957 5639 2234 5692 denotare.
2260 5638 2399 5708 Ergo
2433 5641 2574 5694 beati
2602 5641 2837 5707 episcopi
2866 5638 3207 5703 Anastasius.
3245 5652 3296 5696 et
3329 5641 3510 5695 Theo-

1959 5708 2160 5775 philus,
2196 5720 2247 5762 ct
2283 5709 2561 5772 Venerius,
2595 5720 2648 5764 et
2677 5711 3042 5774 Chromatius,
3088 5721 3138 5762 et
3192 5713 3368 5766 omnis
3394 5723 3509 5765 tam.

1961 5779 2196 5836 Orientis
2231 5797 2390 5852 quam
2438 5781 3189 5856 OccidentisCatltolicorutn
3246 5785 3505 5855 syntodus,
