4020 6306
510 263 610 321 631

1144 262 1379 320 RUFINI
1417 263 1621 319 LIBER
1658 263 1746 318 DE
1786 260 2375 320 ADULTERATIONIS
2410 257 2770 316 LIBBORUM
2806 247 3149 319 ORIGENIS.

3611 278 3711 335 652

516 382 620 435 hoc
652 378 704 433 in
731 377 851 432 loco
883 376 1086 432 veritas
1130 375 1333 435 latens.
1370 376 1487 432 Non
1533 379 1675 433 enim
1723 378 1982 448 possibile
2014 387 2097 432 est
2125 383 2170 438 Α
2207 376 2325 444 ejus
2352 376 2501 431 salva
2532 374 2655 430 fidei
2688 375 2893 447 regula,
2925 385 3084 450 atque
3114 378 3315 451 integra
3356 386 3535 454 pietate
3577 394 3706 467 lege-

513 483 623 527 tam
656 468 1066 541 iniquojudicio
1114 471 1189 523 uti
1236 484 1563 541 quemquam
1593 473 1896 538 hominum,
1935 481 1994 524 nt
2027 472 2093 525 de

510 578 675 617 causa
706 560 899 631 aequali
932 576 1039 614 non
1068 561 1351 630 aequaliter
1386 562 1610 616 sentiat.
1666 564 1771 617 Sed
1804 563 1945 631 quod
1990 578 2091 616 au-

511 666 693 710 ctores
725 654 1155 709 obtrectatorum
1186 654 1303 725 ejus
1334 655 1371 710 ii
1402 664 1527 710 sunt
1553 656 1643 726 qui
1671 656 1823 711 velin
1853 656 2090 713 Ecclesia

513 748 791 817 disputare
836 744 997 801 latius
1047 746 1243 813 solent,
1286 746 1369 802 vel
1409 748 1575 802 etiam
1607 748 1775 804 libros
1824 750 2087 815 scribere,

514 841 608 909 qui
644 850 813 894 totum
844 840 911 894 de
943 837 1176 909 Origene
1224 840 1311 894 vel
1357 840 1653 910 loquuntur
1687 841 1770 897 vel
1819 843 2088 908 scribunt,

516 930 636 1002 (55)
678 947 744 986 ne
778 947 904 999 ergo
927 931 1107 999 plures
1140 932 1377 1001 ipsorum
1428 930 1569 986 furta
1593 945 1942 1004 cognoscant.
1969 951 2092 1005 qua:

512 1022 720 1090 ittique,
760 1023 802 1075 si
841 1021 1038 1092 ingrati
1070 1022 1120 1074 in
1152 1022 1475 1091 magistrum
1506 1038 1609 1076 non
1640 1033 1841 1087 essent,
1882 1038 2087 1093 nequa-

511 1128 673 1183 quam
696 1114 987 1167 criminosa
1015 1114 1345 1178 viderentur,
1375 1114 1734 1183 simpliciores
1760 1130 2000 1185 quosque
2022 1115 2089 1170 ab

512 1204 630 1275 ejus
657 1205 897 1260 lectione
930 1205 1226 1262 deterrent.

585 1296 699 1368 (54)
729 1296 974 1366 Denique
1004 1298 1226 1366 quidam
1252 1313 1319 1353 ex
1350 1298 1503 1368 ipsis,
1539 1300 1631 1370 qui
1662 1316 1723 1356 se
1751 1300 1897 1354 velut
1921 1314 2087 1354 evan-

511 1386 804 1457 gelizandi,
834 1387 1211 1442 necessitatem
1260 1403 1359 1457 per
1412 1405 1601 1446 omnes
1651 1399 1840 1456 gentes
1891 1400 1946 1443 et
1992 1404 2089 1458 per

510 1492 700 1533 oinnes
736 1478 945 1548 linguas
977 1478 1177 1532 habere
1239 1488 1391 1549 putat
1424 1482 1492 1537 de
1528 1482 1761 1552 Origene
1792 1483 1933 1537 male
1960 1483 2079 1555 (55)

513 1570 787 1639 loquendi,
816 1586 909 1623 sex
943 1569 1111 1623 millia
1141 1569 1401 1626 librorum
1436 1572 1550 1641 ejus
1572 1590 1631 1629 se
1656 1574 1871 1646 legisse,
1903 1590 2090 1644 quam-

512 1663 741 1731 plurima
792 1662 1023 1716 fratrum
1078 1662 1429 1719 multitudine
1474 1665 1749 1730 audiente,
1800 1666 2086 1721 confessus

2194 469 2362 523 runt?

2269 560 2384 633 (56)
2412 560 2695 616 Suliiciant
2726 561 2841 616 haec
2882 562 2950 615 ad
2993 563 3378 620 ostendendum
3420 572 3625 638 qualiter
3654 580 3711 635 de

2196 652 2451 721 Origenis
2478 654 2632 710 libris
2654 654 2995 709 sentiendum
3031 654 3121 711 sit.
3157 654 3222 709 Et
3245 667 3369 726 puto
3390 663 3528 730 quod
3561 668 3714 725 omnis

2195 748 2285 817 qui
2322 762 2427 802 non
2457 746 2846 813 contentionis,
2899 747 2993 801 sed
3034 748 3279 804 veritatis
3316 753 3536 810 studium
3577 762 3716 830 gerit,

2193 841 2356 895 facile
2384 840 2469 895 his
2502 849 2612 893 tam
2645 839 2983 894 evidentibus
3009 841 3394 900 assertionibus
3424 850 3717 917 acquieScat.

2193 932 2347 998 Quod
2381 931 2424 985 si
2466 933 2587 1001 quis
2616 931 2667 984 in
2699 932 3047 986 contentione
3090 945 3185 985 sua
3228 946 3511 1003 permanet,
3538 956 3625 998 nos
3653 953 3720 999 ιι.

2193 1027 2296 1079 lem
2336 1023 2796 1079 consuetudinem
2827 1037 2933 1079 non
2966 1024 3250 1080 habemus.
3286 1026 3554 1084 Definitum
3593 1035 3721 1090 enim

2192 1124 2277 1171 est
2324 1115 2463 1184 apud
2512 1129 2631 1179 nos,
2680 1113 2953 1185 siquando
2995 1129 3119 1169 eum
3176 1115 3415 1185 legimus,
3461 1125 3723 1181 secundum

2192 1210 2367 1265 sancti
2400 1209 2647 1279 Apostoli
2689 1209 3169 1266 commonitionem
3230 1219 3407 1267 tenere
3451 1230 3560 1283 quae
3601 1216 3724 1274 bona

2193 1314 2319 1356 sunt
2342 1300 2409 1355 ”'.
2445 1301 2501 1356 Si
2531 1301 2659 1371 quid
2693 1311 2876 1356 autem
2915 1302 3194 1357 inventum
3233 1302 3389 1358 fuerit
3426 1306 3470 1359 in
3500 1307 3576 1363 bis
3595 1312 3727 1383 quod

2195 1408 2316 1448 cum
2353 1392 2458 1445 fide
2486 1392 2757 1447 catholica
2790 1409 2897 1446 non
2922 1403 3207 1458 consonat,
3247 1394 3345 1448 hoc
3383 1405 3431 1450 et
3469 1396 3531 1451 ab
3568 1398 3725 1457 lucre-

2197 1483 2320 1538 ticis
2346 1483 2689 1554 susnicamur
2724 1485 3015 1551 insertum,
3041 1494 3098 1539 et
3134 1496 3241 1539 tam
3294 1486 3357 1541 ali
3390 1488 3521 1546 illius
3552 1506 3725 1558 sensu,

2192 1592 2353 1646 quam
2390 1593 2419 1631 a
2456 1586 2638 1632 nostra
2664 1576 2765 1632 fide
2802 1577 3050 1632 ducimus
3092 1576 3354 1632 alienum.
3380 1578 3430 1632 in
3456 1597 3551 1650 quo
3574 1584 3729 1638 etiam

2190 1667 2233 1719 si
2259 1666 2516 1732 fallimur,
2546 1668 2719 1732 nihil,
2749 1677 2809 1722 ut
2842 1668 3056 1737 opinor,
3105 1669 3328 1738 periculi
3369 1670 3470 1739 (δῖ)
3506 1672 3728 1743 hujusce-

511 1761 615 1809 est.
652 1754 753 1820 Qui
787 1753 832 1807 si
864 1752 1071 1822 utique,
1101 1762 1160 1807 ut
1211 1753 1325 1823 ipse
1369 1753 1549 1809 dicere
1576 1756 1734 1821 solet,
1765 1770 1862 1824 pro
1883 1770 2088 1825 cogno-
2126 1742 2165 1797 Β
2197 1756 2339 1809 modi
2370 1770 2557 1811 errore
2582 1755 2935 1810 incurrimus.
2974 1755 3111 1809 Nam
3139 1766 3192 1810 et
3219 1756 3342 1826 ipsi,
3377 1758 3477 1810 Deo
3507 1742 3729 1828 juvante,

513 1845 729 1902 scendis
768 1845 925 1899 malis
954 1844 1071 1915 ejus
1108 1844 1341 1915 legebat,
1363 1846 1613 1901 sufﬁcere
1646 1856 1892 1916 poterant
1916 1846 1964 1899 ei
1996 1847 2092 1900 de-

511 1953 627 1993 cem
654 1938 773 1993 libri
808 1939 873 1993 ad
908 1940 1371 2009 cognoscendum,
1422 1949 1518 1993 aut
1565 1939 1757 2008 viginti
1790 1951 1963 2007 certe,
2006 1940 2092 1994 vel

511 2040 570 2084 ut
604 2031 894 2100 plurimum
950 2033 1189 2100 triginta.
1234 2033 1339 2087 Sex
1393 2032 1557 2086 millia
1593 2044 1779 2087 autem
1810 2034 1977 2088 libros
2011 2034 2090 2088 le-

511 2136 664 2191 gere,
690 2122 800 2191 jam
834 2137 939 2177 non
974 2123 1110 2178 velle
1136 2137 1471 2193 cognoscere
1498 2132 1603 2189 est,
1630 2125 1723 2178 sed
1761 2131 1929 2177 totam
1955 2138 2092 2191 pene

511 2215 675 2270 vitam
743 2219 894 2269 suam
944 2214 1243 2285 disciplinis
1307 2215 1424 2286 ejus
1501 2224 1553 2269 et
1624 2215 1818 2269 studiis
1871 2215 2087 2268 dedere.

509 2305 787 2374 Quomodo
842 2322 973 2376 ergo
1030 2307 1224 2362 merito
1270 2308 1373 2362 iste
1411 2306 1723 2362 audiendus
1783 2316 1907 2371 est,
1964 2321 2088 2360 cum

509 2414 602 2453 eos
657 2399 839 2468 culpat
879 2400 970 2469 qui
1023 2399 1400 2455 instructionis
1456 2414 1569 2454 sua:
1611 2414 1772 2453 causa
1819 2413 2085 2468 perpauca

2198 1862 2579 1917 perinanemus
2620 1847 2801 1912 illaesi,
2835 1847 3056 1902 vitando
3086 1862 3154 1902 ea
3183 1864 3301 1919 quae
3331 1859 3561 1918 suspecta
3585 1850 3732 1907 liabe-

2197 1957 2339 2007 mus,
2364 1950 2418 1995 et
2452 1939 2853 2009 improbamus,
2898 1950 2953 1995 et
2994 1951 3345 1996 accusatores
3386 1939 3596 1996 fratrum
3638 1960 3733 1999 non

2197 2030 2537 2084 inveniemur
2585 2031 2727 2100 apud
2780 2030 2979 2097 Deum,
3052 2030 3180 2101 quia
3233 2031 3426 2087 diaboli
3486 2034 3734 2103 pr0prium

2195 2121 2298 2177 hoc
2352 2137 2489 2192 opus
2546 2137 2665 2177 esse
2715 2121 2917 2177 dicitur
2973 2123 3277 2179 accusandi
3333 2122 3569 2180 fratres:
3614 2127 3736 2182 unde

2199 2225 2253 2270 et
2301 2215 2415 2285 (58)
2463 2215 2709 2270 diabolus
2747 2230 2777 2269 a
2826 2215 3172 2271 criminando
3205 2231 3399 2272 nomen
3446 2218 3734 2288 accepit":

2197 2307 2357 2361 simul
2406 2316 2463 2360 et
2524 2307 2913 2362 maledicorum
2971 2307 3303 2364 sententiam
3357 2323 3473 2376 qua:
3517 2324 3545 2363 a
3594 2325 3742 2381 regno

2198 2398 2564 2482 Dei‘separat
2621 2414 2715 2453 eos
2781 2400 2871 2469 qui
2953 2400 3088 2455 tales
3164 2408 3298 2454 sunt
3346 2400 3391 2430 “
3431 2440 3448 2465 ,
3510 2398 3739 2457 daliua-

2195 2506 2334 2544 IDUS.

556 2553 624 2622 ὀι
652 2588 671 2642 ι
702 2587 892 2644 Thess.
922 2604 976 2653 v,
1004 2589 1096 2642 ei.
1173 2590 1219 2621 οε
1253 2589 1420 2657 Apoc.
1476 2605 1581 2653 ιιι,
1639 2589 1723 2645 i0.
1800 2588 1845 2619 οε
1890 2590 1906 2641 l
1946 2588 2070 2645 Cor.
2102 2604 2176 2655 νι,
2215 2586 2302 2642 ιο.

509 2746 633 2815 quia
682 2748 798 2814 pari
841 2747 1128 2808 sententia,
1163 2746 1285 2812 quia
1334 2745 1451 2814 pari
1514 2745 1576 2799 ’et
1633 2745 1862 2813 spiritu,
1924 2743 2085 2815 illum

511 2814 824 2871 hmreticnm
856 2818 1179 2869 denuntiant
1205 2816 1436 2885 populis,
1466 2815 1615 2869 fures
1641 2816 1899 2869 librorum
1936 2814 2079 2869 illius

510 2886 781 2954 iudicandi
815 2895 943 2939 sunt
976 2904 990 2939 :
1041 2896 1097 2943 et
1143 2890 1358 2955 quando
1392 2888 1445 2940 in
1487 2886 1731 2939 ecclesiis
1768 2886 2086 2955 prmdicant,

511 2972 623 3011 non
681 2957 1086 3027 Scripturarum
1144 2957 1435 3027 mysteria,
1492 2958 1589 3011 sed
1640 2955 1891 3025 Origenis
1944 2955 2087 3009 furta

514 3027 984 3080 commemorant?
1012 3026 1124 3081 Non
1164 3024 1259 3081 tibi
1289 3028 1483 3081 suilicit
1511 3028 1713 3097 passim
1744 3024 1933 3081 contra
1965 3042 2083 3079 om-
2117 3024 2159 3080 C

515 3104 614 3151 nes
655 3099 998 3160 detractatio,
1043 3099 1143 3152 nisi
1190 3098 1500 3166 Specialiter
1534 3105 1721 3151 contra
1768 3097 1985 3150 beatum
2024 3105 2078 3150 et

517 3169 786 3235 insignem
840 3168 1095 3223 Ecclesia!
1152 3169 1487 3223 sacerdotem
1528 3168 1652 3237 styli
1707 3170 1783 3220 tui
1840 3166 2085 3221 lanceam

516 3238 759 3308 dirigas?
789 3238 919 3304 Quis
950 3249 1034 3293 est
1071 3238 1179 3304 ille,
1221 3239 1313 3307 qui
1342 3238 1487 3291 velut
1521 3238 1903 3293 necessitatem
1927 3252 2087 3291 evan-

516 3310 785 3381 gelizandi
823 3325 920 3377 per
945 3324 1135 3381 omnes
1164 3318 1352 3381 gentes
1394 3317 1450 3363 et
1493 3324 1593 3381 per
1634 3324 1828 3381 omnes
1874 3308 2085 3381 linguas

514 3378 719 3433 habere
750 3394 811 3433 se
840 3388 1016 3449 putat,
1075 3380 1139 3434 de
1184 3380 1423 3449 Origene,
1470 3379 1611 3432 male
1662 3378 2082 3447 loquendi?qui

513 3465 607 3520 sex
646 3450 809 3504 millia
842 3448 1107 3505 librorum
1136 3451 1255 3519 ejus
1299 3465 1359 3504 se
1413 3448 1625 3520 legisse,
1679 3449 2079 3520 quamplurima

512 3517 744 3574 fratrum
796 3520 1141 3575 multitudine
1167 3517 1487 3586 audiente;
1523 3517 1809 3575 confessus
1846 3518 1975 3573 est?
2020 3517 2078 3571 lu

513 3600 619 3711 qua
651 3590 994 3645 multitudine
1030 3600 1082 3645 et
1115 3602 1333 3647 caterva
1362 3590 1594 3645 fratrum
1632 3600 1687 3644 tu
1720 3604 1937 3659 quoque
1967 3604 2081 3643 ine-

514 3682 531 3711 ι
556 3661 636 3711 ius
666 3660 806 3711 eras.
841 3662 1167 3711 quandoille.
1192 3664 1243 3711 in
1267 3677 1363 3711 sua
1398 3661 1634 3711 Enistola
1670 3662 1935 3711 queritur.
1983 3674 2081 3711 ιιι-ο

514 3660 636 3715 dius
666 3660 806 3723 eras,
841 3662 1167 3730 quandoille
1192 3664 1243 3716 in
1267 3677 1363 3716 sua
1398 3661 1634 3730 Epistola
1670 3662 1935 3730 queritur,
1983 3674 2082 3730 pro

514 3730 765 3801 Origenis
788 3729 979 3786 bairesi
1010 3732 1213 3786 nefaria
1247 3748 1276 3787 a
1307 3743 1357 3786 te
1387 3729 1641 3799 dogmata
1671 3729 1788 3785 esse
1828 3732 2033 3799 prolata
2059 3729 2084 3782 ?

514 3801 737 3855 Crimini
770 3804 818 3857 ei
851 3802 1086 3856 dandum
1127 3814 1212 3858 est
1256 3817 1425 3869 quare
1456 3803 1724 3870 Graecam,
1773 3801 1988 3871 Syram,
2031 3809 2086 3855 et

514 3870 819 3943 ilcbraeam,
847 3883 902 3926 et
930 3872 1304 3943 [Egyptiacam
1332 3874 1594 3943 linguam,
1619 3888 1684 3927 ex
1714 3870 1869 3943 parte
1898 3881 1954 3943 et
1979 3872 2084 3926 La-

518 3942 685 4013 tinam
722 3943 971 3996 noverit?
1005 3942 1146 4013 Ergo
1174 3953 1229 3998 et
1251 3942 1503 4011 apostdli,
1546 3953 1601 3998 et
1642 3942 1921 4013 apostolici
1957 3943 2084 4006 viri,

516 4011 607 4081 qui
658 4011 852 4081 linguis
902 4011 1277 4080 loquebantur,
1334 4015 1387 4066 in
1441 4011 1831 4068 crimine—sunt
1863 4031 1877 4068 :
1915 4023 1969 4067 et
1999 4028 2085 4066 me

522 4079 855 4153 trilingucm,
890 4079 1149 4153 bilinguis
1178 4083 1294 4152 ipse
1331 4084 1571 4137 ridebis?
1611 4085 1683 4137 De
1718 4101 1812 4138 sex
1842 4083 2087 4137 millibus

517 4161 697 4205 autem
733 4152 1033 4219 librorum,
1070 4169 1203 4221 quos
1238 4154 1307 4208 ab
1340 4168 1403 4208 eo
1446 4155 1612 4208 lectos
1644 4169 1765 4209 esse
1798 4155 2083 4221 confingis,

516 4222 639 4291 quis
664 4225 851 4276 credet
898 4232 988 4276 aut
1037 4235 1089 4276 te
1130 4240 1318 4279 vermn
1361 4225 1621 4287 dicerem,
1670 4235 1761 4277 aut
1802 4225 1951 4278 illum
1983 4241 2083 4293 po—

517 4294 686 4347 tuisse
714 4293 1064 4349 mentiri?Si
1108 4295 1248 4349 enim
1282 4295 1544 4363 Origenes
1592 4310 1687 4349 sex
1732 4296 1895 4349 millia
1950 4295 2090 4349 seri-

517 4364 711 4431 psisset
746 4364 1028 4434 librorum,
1049 4374 1300 4434 potuerat
1326 4368 1441 4419 tieri
1475 4376 1533 4418 ut
1561 4366 1643 4419 vir
1668 4366 2087 4427 eruditissimus,

2194 2741 2491 2815 criminosi]
2522 2743 2846 2807 viderentur,
2887 2759 3049 2815 neque
3075 2745 3426 2811 simpliciores
3450 2761 3663 2815 quosque
3685 2744 3742 2799 ab

2192 2815 2307 2883 ejus
2357 2814 2578 2867 lectione
2616 2813 2968 2868 deterrerent.
3010 2813 3116 2867 Sed
3154 2830 3352 2871 omnes
3398 2813 3521 2869 mss.
3552 2813 3602 2869 et
3633 2817 3742 2870 Hie-

2202 2900 2461 2956 ronymus
2506 2885 2602 2939 lib.
2661 2901 2701 2938 ιι
2751 2887 3006 2940 adversus
3039 2884 3319 2954 Ruﬁnum,
3372 2896 3428 2939 ut
3476 2886 3528 2939 in
3581 2897 3744 2941 nostro

2204 2966 2372 3010 textu.

2267 3026 2381 3098 (54)
2420 3026 2654 3098 Denique
2678 3026 2894 3097 quidam
2926 3043 2991 3081 ex
3017 3027 3167 3098 ipsis,
3189 3026 3286 3094 qui
3310 3043 3364 3079 se
3392 3026 3744 3098 iielu-ggcvange-

2193 3095 2417 3162 lizundi,
2478 3106 2582 3152 etc.
2628 3095 3010 3152 Genebrardus
3047 3097 3362 3151 crediderat
3388 3097 3471 3151 liic
3500 3095 3743 3168 Hierony-

2186 3182 2330 3238 mum
2371 3169 2544 3221 notari
2590 3186 2602 3222 :
2643 3185 2763 3238 qua:
2791 3177 2971 3221 tamen
3005 3171 3166 3221 verba
3201 3168 3270 3221 ad
3303 3171 3512 3221 beatum
3538 3168 3748 3236 Epipha-

2185 3237 2333 3290 nium
2365 3246 2634 3307 spectant,
2663 3237 2827 3293 isicut
2858 3238 2910 3291 in
2953 3238 3222 3308 superiori
3281 3248 3408 3308 nota
3459 3241 3744 3308 ostenditur

2184 3322 2247 3379 ex
2284 3306 2758 3379 ipso'llieronyino
2788 3308 2892 3379 lib.
2945 3324 2981 3363 ιι
3023 3306 3287 3362 adversus
3322 3306 3586 3375 Ruﬁnum.
3618 3307 3746 3379 Ideni

2182 3376 2545 3449 Hieronymus
2568 3376 2753 3433 eodem
2785 3378 2879 3432 lib.
2908 3394 2969 3442 ii,
3008 3379 3167 3448 paulo
3192 3394 3358 3447 supra
3382 3380 3618 3433 dixerat:
3644 3396 3661 3428 ι
3681 3377 3751 3432 Ne
3782 3414 3793 3429 .

2188 3464 2276 3519 me
2306 3448 2485 3503 mittas
2515 3450 2581 3502 ad
2613 3464 2707 3504 sex
2740 3449 2905 3502 millia
2937 3449 3193 3504 librorum
3237 3450 3379 3517 ejus,
3403 3465 3536 3519 quos
3563 3448 3747 3519 legisse

2190 3518 2408 3572 beatum
2441 3520 2802 3590 Epiphanium
2839 3520 3177 3575 criminaris:
3225 3520 3323 3574 sed
3366 3518 3479 3590 ipsa
3512 3518 3627 3573 loca
3662 3534 3749 3574 no-

2193 3590 2361 3653 mina,
2390 3610 2410 3641 ι
2432 3600 2536 3646 etc.
2560 3592 2621 3667 Et
2660 3591 2751 3644 lib.
2776 3605 2833 3643 ιιι
2851 3608 2879 3667 _:
2901 3609 2919 3642 ι
2949 3591 3233 3667 Simulque
3254 3591 3425 3644 risum
3452 3601 3624 3667 tenere
3647 3604 3745 3667 non

2191 3673 2435 3782 Possum,
2470 3663 2611 3729 quod
2662 3678 2690 3714 a
2718 3662 2956 3731 quodam
2997 3663 3265 3729 prudente
3297 3660 3669 3724 euinmonitus,
3697 3660 3747 3713 in

2214 3732 2382 3782 audes
2438 3730 2725 3782 Eninhanii
2786 3746 3071 3782 personas.
3139 3732 3241 3782 ilic
3287 3741 3377 3782 est
3427 3731 3513 3782 ille
3565 3730 3747 3782 delirus

2214 3732 2382 3785 audes
2420 3730 2745 3803 Epiplianii’
2786 3746 3071 3799 personas.
3139 3732 3262 3803 llic_
3287 3741 3377 3803 est
3427 3731 3513 3785 ille
3565 3730 3754 3803 delirus

2192 3815 2392 3862 senex;
2415 3802 2503 3855 hic
2523 3801 3218 3870 estantbropomorpliites,
3250 3801 3346 3856 hic
3366 3804 3454 3869 qui
3482 3816 3571 3857 sex
3598 3801 3749 3855 millia

2193 3871 2447 3940 Origenis
2484 3873 2651 3927 libros
2683 3883 2733 3927 te
2762 3882 3032 3941 praesente
3071 3875 3354 3939 cantavit;
3408 3872 3498 3941 qui
3526 3871 3749 3926 omnium

2193 3944 2432 4026 gentium
2469 3943 2663 4026 linguis
2701 3942 3141 4026 priedicationem
3190 3943 3317 3997 sibi
3343 3954 3529 4026 contra
3576 3942 3751 4026 Orige-

2196 4013 2317 4066 iiem
2349 4013 2641 4081 injunctam
2686 4022 2872 4082 putat;
2917 4015 3008 4077 qui
3061 4014 3181 4069 ideo
3206 4028 3329 4067 eum
3361 4013 3462 4082 legi
3497 4014 3750 4082 prohibet,

2194 4100 2262 4137 ne
2292 4083 2379 4135 alii
2411 4087 2526 4145 ejus
2550 4084 2689 4137 furta
2721 4092 3075 4151 cognoscant,
3127 4101 3147 4135 ι
3179 4095 3283 4137 etc.

2266 4152 2377 4224 (55)
2412 4153 2577 4218 Editi,
2604 4153 2742 4206 male
2786 4155 3031 4222 loquens.
3062 4153 3230 4208 Paulo
3257 4162 3401 4223 post,
3448 4171 3541 4221 pro
3576 4168 3755 4222 cogno-

2201 4223 2408 4277 scendis
2443 4225 2598 4278 malis
2625 4226 2743 4293 ejus
2778 4224 2916 4293 ipsos
2954 4223 3247 4294 legebat....
3272 4240 3367 4277 sea:
3396 4226 3561 4278 millia
3581 4233 3757 4294 autem

2198 4295 2452 4347 librorum
2482 4297 2668 4365 legere.
2694 4294 2897 4349 Omnes
2927 4293 3055 4365 vero
3094 4311 3225 4349 mss.
3260 4296 3460 4356 nostri.
3493 4305 3546 4350 et
3574 4293 3753 4365 Hiero:

2200 4379 2395 4433 nymus
2430 4363 2590 4420 libfii
2625 4366 2874 4419 adversus
2918 4363 3190 4433 Ruﬁnum,
3229 4374 3287 4417 ut
3326 4364 3381 4418 in
3441 4375 3607 4430 textu,
3662 4363 3756 4418 nisi

518 4442 573 4487 et
604 4436 671 4487 ab
708 4433 932 4505 infantia
974 4433 1145 4490 sacris
1174 4436 1369 4489 litteris
1398 4437 1700 4500 institutus,
1735 4453 1831 4503 pro
1852 4436 2089 4489 curiosi-
2121 4438 2169 4496 Ι)
2198 4435 2342 4502 quod
2378 4436 2736 4505 Hieronymus
2768 4437 2968 4489 habeat
2992 4438 3190 4502 etiam,
3237 4451 3330 4489 sea:
3380 4437 3550 4489 millia
3594 4445 3756 4488 autem

521 4512 633 4575 tate
659 4514 711 4558 et
746 4504 973 4559 scientia
1008 4506 1226 4575 legisset
1251 4510 1449 4560 aliena.
1482 4506 1633 4572 Quod
1671 4521 1798 4560 vero
1851 4508 1939 4560 ille
1980 4522 2085 4560 non

516 4574 761 4647 scripsit,
810 4574 1082 4643 quomodo
1135 4576 1232 4632 iste
1265 4578 1441 4647 legere
1473 4577 1680 4644 potuit?
1727 4575 1965 4630 Numera
2006 4578 2091 4629 in—

517 4643 668 4717 dices
695 4645 956 4700 librorum
982 4647 1119 4715 ejus,
1156 4649 1247 4717 qui
1280 4643 1340 4700 iii
1375 4643 1534 4701 tertio
1564 4648 1836 4705 volumine
1873 4647 2090 4702 Eusebii

516 4714 571 4768 in
618 4730 726 4784 quo
766 4718 987 4783 scripsit
1014 4714 1195 4771 'vitan'i
1251 4718 1519 4787 l’ampbili
1550 4757 1566 4782 ,
1614 4720 2004 4773 continentur:
2037 4724 2093 4771 et

517 4799 625 4864 non
662 4788 795 4869 dico
818 4802 916 4841 sex
946 4788 1135 4869 millia,
1160 4790 1254 4869 sed
1284 4791 1498 4844 tertiam
1518 4798 1735 4869 partem
1782 4805 1887 4869 nonn
1910 4804 2093 4869 .repev

516 4857 653 4929 ries.
699 4857 972 4929 Habemus
1017 4859 1296 4929 epistolam
1333 4857 1629 4928 supradicti
1678 4860 1950 4928 pontiﬁcis
1976 4857 2009 4923 ,⁷
2042 4860 2096 4912 in

516 4940 621 4993 qua
644 4928 1067 4985 buiccalumniaé
1084 4940 1209 4996 tute,
1229 4931 1354 4985 dum
1376 4931 1441 4984 ad
1453 4931 1559 4984 huc
1594 4944 1745 4985 esses
1772 4930 1824 4983 in
1842 4930 2089 4991 Oriente,

517 5001 831 5071 respondet,
859 5009 913 5055 et
942 5000 1344 5071 apertissimum
1380 5000 1721 5056 mendacium
1755 5000 1924 5056 libera
1949 5002 2091 5054 veri-

519 5070 643 5121 tatis
678 5069 855 5127 fr0nte
884 5069 1149 5126 confutet.
1180 5089 1202 5124 ι

586 5137 701 5213 (55)
730 5142 985 5213 ,Editi,ne
1009 5158 1131 5212 ergo
1159 5142 1316 5212 plura
1342 5157 1527 5196 eorum
1547 5142 1696 5212 [arta
1718 5150 2097 5213 cognoscantur

514 5224 631 5279 qua:
666 5209 763 5283 [aL
800 5212 915 5285 qui]
950 5209 1248 5285 utique..."
1294 5209 1627 5283 nequaquam
1660 5209 1946 5269 criminosa
1996 5210 2091 5285 [aL

2198 4506 2453 4577 librorum
2484 4506 2673 4576 legere.
2708 4507 2777 4559 At
2804 4506 2900 4560 lib.
2940 4522 3025 4569 Ill,
3054 4507 3108 4559 in
3137 4516 3397 4560 contextu
3424 4522 3583 4577 quem
3607 4520 3756 4575 supra

2199 4576 2503 4645 attulimus,
2543 4579 2725 4643 liabet,
2757 4593 2851 4630 sea:
2884 4576 3057 4630 millia
3096 4578 3278 4631 libros.

2267 4645 2379 4715 (56)
2410 4645 2488 4701 Ita
2517 4663 2618 4702 ms.
2651 4645 2869 4717 Regius.
2894 4648 3084 4703 Czeteri
3110 4663 3236 4701 vero
3268 4664 3400 4705 mss.
3425 4650 3583 4715 alius,
3620 4646 3759 4716 Sulli-

2195 4726 2330 4789 ceret
2353 4721 2463 4771 lucc
2487 4720 2556 4771 ad
2584 4718 3031 4774 ostendendum...
3052 4718 3119 4769 Et
3140 4729 3265 4786 puto
3300 4722 3467 4789 quod,
3490 4730 3594 4775 etc.
3626 4720 3721 4771 Alii
3744 4757 3758 4780 ,

2198 4786 2445 4856 Suﬁicere
2484 4793 2597 4841 lucc
2634 4789 2896 4857 credimus
2929 4790 2997 4840 ad
3029 4786 3522 4846 ostendendum.....
3555 4789 3618 4843 Et
3643 4798 3765 4857 puto

2196 4859 2357 4928 quod,
2390 4870 2497 4912 etc.
2530 4859 2667 4913 Editi
2689 4900 2704 4923 ,
2740 4856 2985 4929 Suﬁicere
3008 4865 3119 4913 lucc
3167 4860 3237 4913 ad
3279 4856 3758 4917 ostendenduni.....

2197 4937 2323 4997 puto
2358 4945 2376 4982 :
2411 4932 2576 4998 quod,
2607 4941 2714 4985 etc.

2291 4999 2381 5071 57)
2408 5000 2537 5055 Mss.
2578 5000 2781 5066 nostri,
2811 5000 3171 5071 hujuscemodi
3201 5004 3398 5057 erroris
3417 5002 3761 5065 incurrimus;

2198 5070 2291 5126 sed
2326 5070 2611 5141 legendum
2655 5070 3027 5127 videtur'cum
3060 5071 3224 5127 editis
3253 5083 3312 5127 ut
3337 5074 3393 5128 in
3428 5083 3602 5129 textu.

2205 5141 2382 5266 ηὴξξδ)
2412 5140 2665 5208 AL“5010:;
2692 5182 2708 5212 ,
2766 5160 2799 5201 α
2852 5141 3177 5214 statim,
3232 5145 3529 5213 criminor,
3573 5142 3761 5198 calum-
