4020 6306
547 392 650 450 650

1816 395 1877 452 P.
1914 393 2228 450 DAMELIS
2265 395 2497 451 HUETII

3668 408 3768 466 641)

549 511 753 567 fessum
786 512 1056 567 scribendi
1089 493 1349 577 studium,
1386 522 1440 567 et
1476 513 1753 568 assmuam
1784 517 1929 571 circa
1955 518 2126 572 libros
2156 522 2200 577 Α
2230 519 2521 572 maximam
2553 516 2717 572 etiam
2747 514 3027 587 colligeret
3065 518 3378 572 memoriam
3420 521 3724 593 antiquitatis
3746 574 3762 599 ,

549 619 758 659 moram
784 646 800 672 ,
860 606 1106 661 eamdem
1149 606 1571 677 appellationem
1626 622 1957 666 consecutus
2000 620 2125 677 est;

547 710 710 766 supra
755 698 856 751 tria
904 698 1167 766 siquidem
1206 698 1471 754 librorum
1502 700 1672 754 millia
1718 712 1773 756 et
1805 705 2128 773 quingentos

548 786 902 857 conscripsit,
936 805 1056 842 cum
1094 789 1265 846 multo
1302 791 1486 859 plures
1516 794 1807 862 Origenem
1843 796 2128 864 scripsisse

546 879 819 947 proditum
854 881 949 946 sit,
977 881 1201 937 minime
1228 892 1407 937 autem
1442 885 1569 937 dum
1608 885 1812 938 viveret
1858 885 2127 938 Adaman-

550 974 655 1029 tius
696 985 882 1029 noster
935 974 1287 1030 Chalcenteri
1338 992 1531 1031 nomen
1584 977 1768 1046 gessit.
1810 977 2034 1031 Parihus
2059 978 2127 1033 de

546 1069 725 1123 causis
770 1068 944 1137 Apion
984 1069 1375 1138 grammaticus
1402 1109 1418 1133 ,
1467 1084 1531 1123 ac
1579 1069 1762 1123 itidem
1804 1067 2121 1139 Egyptius,

546 1171 771 1230 propter
804 1161 1121 1215 inusitatam
1161 1161 1211 1215 in
1250 1160 1533 1216 litterariis
1562 1161 1837 1216 laboribus
1868 1173 2125 1216 constan-

546 1254 697 1322 tiam,
743 1255 941 1326 μόχθος
975 1254 1301 1326 cognomine
1346 1256 1524 1310 dictus
1563 1266 1665 1310 est.
1701 1255 1809 1311 Sed
1841 1256 2121 1312 redeamus

541 1348 608 1401 ad
635 1348 993 1417 propositum.

615 1439 706 1495 IV.
743 1441 857 1511 (12)
878 1439 982 1495 Sex
1002 1440 1496 1511 prmterOrigenem
1514 1440 1896 1510 ﬁliossnscepil
1922 1441 2121 1495 Leoni-

538 1535 635 1589 des
671 1549 687 1587 :
721 1543 775 1587 al
838 1550 959 1588 cum
1010 1535 1061 1587 in
1111 1534 1206 1588 illo
1250 1534 1542 1589 admodum
1584 1534 1745 1588 etiam
1784 1544 1896 1588 tum
1951 1550 2121 1605 puero

538 1639 734 1693 magna
765 1625 832 1679 ad
874 1625 1126 1680 virtutem
1175 1624 1415 1680 eluceret
1454 1625 1661 1681 indoles
1690 1666 1705 1692 ,
1744 1640 1963 1682 omnem
2006 1627 2119 1684 fere

538 1717 711 1785 patris
748 1731 991 1772 amorem
1043 1733 1108 1772 ac
1152 1720 1395 1774 studium
1433 1719 1499 1775 ad
1544 1732 1603 1774 se
1638 1720 1924 1775 convertit.
1964 1719 2118 1776 Hunc

538 1806 723 1877 itaque
755 1809 859 1862 sibi
892 1808 1187 1865 domestica
1221 1811 1583 1875 institutione,
1617 1813 1960 1883 assiduisque
1986 1828 2118 1882 prae-

2232 620 2287 664 et
2316 609 2734 665 mathematicas
2762 608 2827 663 ad
2862 609 2978 663 haec
3038 620 3186 665 artes
3219 609 3623 683 facultatemque
3651 635 3764 675 ora-

2231 699 2427 754 toriam
2479 699 2816 769 adjungeret.
2854 696 3161 769 Applicavit
3191 698 3387 754 deinde
3413 716 3529 755 sese
3562 706 3623 757 ad
3654 707 3769 762 Am-

2230 794 2492 860 monium,
2531 801 2888 863 cognomento
2939 791 3195 855 Saccam,
3239 801 3295 846 et
3326 796 3378 845 in
3405 794 3516 864 ejus
3540 798 3774 857 exhedris

2230 888 2499 957 insignem
2559 886 2911 956 philos0phize
2964 886 3219 955 peritiam
3273 890 3623 957 comparavit,
3687 895 3769 948 sed

2233 978 2531 1034 Platonica?
2564 980 2887 1046 prtesertim,
2920 992 3039 1049 qua:
3066 986 3175 1031 tam
3214 977 3352 1033 altas
3379 977 3431 1033 in
3460 980 3572 1051 ejus
3608 983 3774 1039 animo

2228 1072 2441 1125 radices
2471 1071 2600 1140 egit,
2635 1080 2695 1125 ut
2726 1081 3139 1127 succrescentes
3180 1070 3507 1125 Christiana:
3532 1076 3773 1131 doctrinae

2224 1162 2408 1234 fruges
2446 1162 2814 1229 interlicerct;
2865 1179 2988 1217 nam
3014 1161 3283 1217 Ecclesim
3311 1164 3442 1217 scita
3475 1163 3579 1220 fere
3605 1168 3775 1236 exige-

2222 1254 2318 1312 bat
2354 1258 2420 1311 ad
2454 1272 2698 1311 normam
2724 1256 2990 1321 Platonis,
3011 1266 3064 1311 et
3084 1256 3302 1310 sincera
3326 1253 3516 1311 Christi
3539 1260 3771 1329 dogmata

2224 1348 2540 1417 Platonicis,
2575 1362 2629 1404 ut
2661 1351 2731 1403 ita
2765 1350 2941 1402 dieam
2964 1390 2979 1415 ,
3030 1347 3312 1403 coloribus
3358 1348 3633 1406 ohlinebat.
3679 1353 3768 1408 Est

2221 1443 2360 1511 apud
2386 1442 2709 1497 Wernerunt
2744 1445 2795 1497 in
2835 1441 3114 1497 Fasciculo
3150 1453 3463 1511 temperent,
3494 1444 3766 1503 Alexandri

2222 1532 2277 1587 in
2305 1532 2758 1606 Jerosolymitano
2780 1533 3093 1604 episcopatu
3120 1534 3452 1587 decessorem
3473 1531 3761 1589 Narcissum

2221 1628 2471 1699 Origenis
2494 1627 2662 1682 fuiSse
2693 1627 3031 1697 magistrum.
3066 1625 3203 1681 Tale
3227 1626 3440 1696 quidem
3468 1628 3587 1682 nihil
3616 1630 3770 1684 habet

2220 1720 2519 1782 Eusebius;
2551 1734 2722 1789 neque
2746 1728 2896 1775 certe
2918 1720 3058 1775 unde
3082 1719 3134 1774 id
3158 1719 3455 1788 sumpserit
3478 1720 3771 1790 Wernerus,

2218 1810 2559 1866 comminisci
2627 1824 2869 1879 possum.
2926 1806 3212 1864 Halloxius
3265 1807 3542 1878 Origenent
3595 1811 3771 1866 scribit

534 1901 708 1969 ceptis
740 1900 1084 1957 formandum
1128 1903 1368 1972 suscepit
1416 1902 1685 1959 Leonides
1710 1946 1724 1969 ,
1764 1904 2117 1974 animumque
2147 1887 2190 1940 Β
2220 1905 2537 1959 Pantaenum
2578 1918 2794 1974 quoque
2822 1910 3217 1974 prteceptorem
3245 1901 3512 1957 audivisse
3542 1919 3555 1968 ;
3590 1903 3666 1957 cui
3698 1904 3771 1957 uti

534 1994 723 2050 rudem
764 1995 955 2064 primis
989 1995 1183 2049 imbuit
1229 1996 1557 2053 Christianae
1615 2000 1856 2067 pietatis,
1902 1998 2114 2053 divina-

534 2102 763 2157 rumque
793 2085 952 2141 simul
982 2096 1037 2141 et
1078 2088 1419 2143 exoticarum
1468 2090 1836 2144 doctrinarum
1874 2094 2115 2146 elemen-

534 2178 602 2232 tis
633 2197 646 2232 :
676 2179 771 2233 sed
802 2179 874 2232 ita
916 2186 1091 2232 tamen
1122 2188 1179 2233 ut
1218 2180 1271 2234 in
1323 2182 1658 2250 quotidianis
1703 2184 2115 2237 exercitationi-

529 2271 655 2335 bus,
681 2272 1041 2326 humanarum
1070 2272 1374 2327 litterarum
1398 2274 1593 2330 studiis
1618 2291 1788 2331 sacrae
1815 2277 2115 2348 disciplinze

527 2365 807 2436 praeirent.
844 2364 975 2420 Erat
1004 2366 1232 2422 omnino
1262 2366 1315 2420 in
1350 2383 1522 2437 puero
1571 2367 1845 2438 ingenium
1888 2386 2115 2441 peracre

527 2467 584 2511 et
616 2456 905 2520 fervidum,
944 2458 1236 2528 singularis
1262 2460 1549 2524 memoria,
1578 2460 1820 2531 ﬂagrans
1845 2470 1901 2516 et
1927 2463 2107 2518 incre-

528 2547 696 2603 dibile
732 2549 973 2603 studium
1000 2590 1015 2616 ,
1067 2558 1126 2603 ut
1174 2551 1438 2620 quidquid
1479 2551 1585 2605 sibi
1627 2551 1935 2623 impositum
1967 2564 2113 2611 esset

528 2642 597 2694 ad
626 2641 947 2695 discendum
986 2657 1092 2694 non
1129 2651 1235 2695 tam
1270 2643 1585 2712 exciperet,
1620 2660 1782 2714 quam
1820 2649 2106 2714 arriperet,

527 2732 927 2802 docentemque
949 2743 1171 2803 patrem
1202 2734 1459 2789 discendo
1502 2746 1556 2790 et
1596 2739 1891 2805 quzerendo
1918 2739 2112 2793 defati-

527 2834 703 2892 garet.
754 2824 887 2880 Cum
927 2827 1073 2879 enim
1131 2827 1322 2881 selecti
1356 2843 1386 2883 e
1430 2828 1715 2899 Scriptura
1760 2843 1948 2887 sancta
2005 2834 2105 2889 loci

527 2916 756 2988 singulis
793 2918 1105 2988 quibusque
1141 2920 1337 2974 diebus
1376 2923 1653 2977 memoria:
1685 2926 2107 2980 commendandi

526 3007 627 3077 ipsi
657 3020 1127 3078 proponerentur,
1173 3012 1396 3080 proclivi
1446 3015 1732 3069 verborum
1790 3031 1950 3070 sensu
2000 3031 2107 3071 non

526 3109 839 3168 contentus,
868 3102 1157 3169 satagebat
1189 3101 1379 3157 subire
1414 3102 1481 3156 ad
1514 3103 1799 3170 interiora,
1832 3117 1888 3159 et
1924 3121 2108 3161 recon-

2220 1994 2583 2050 assentiamur
2617 1994 2761 2048 nulla
2803 2009 2903 2049 nos
2947 1994 3232 2049 adducunt
3264 2002 3506 2047 veterum
3550 1992 3772 2046 testimo-

2218 2089 2340 2153 nia;
2389 2086 2499 2141 imo
2530 2101 2659 2140 vero
2696 2084 2961 2155 refragari
3009 2084 3173 2139 etiam
3200 2083 3457 2138 videnlur
3483 2101 3494 2137 :
3524 2082 3779 2138 memoria}

2218 2180 2416 2250 quippe
2454 2179 2636 2248 prodit
2685 2178 2951 2232 Eusebius
2991 2175 3292 2248 Origenem
3319 2176 3479 2230 etiam
3513 2185 3615 2227 tmn
3658 2190 3770 2245 pue-

2217 2289 2336 2327 rum
2382 2272 2677 2329 Clementis
2716 2272 3021 2326 auditorem
3066 2270 3275 2335 fuisse;
3325 2279 3446 2340 post
3484 2269 3769 2323 Pancenum

2217 2375 2396 2420 autem
2428 2366 2815 2420 Alexandrina:
2858 2363 3063 2420 schola:
3112 2363 3462 2418 Clementem
3496 2362 3767 2431 praefuisse.

2215 2459 2451 2514 Docendi
2481 2459 2644 2528 igitur
2668 2473 2851 2513 curam
2885 2466 3014 2512 tunc
3043 2456 3314 2527 ahjecerit
3336 2456 3632 2519 Pantzenus,
3660 2470 3771 2509 cunt

2214 2552 2445 2621 primum
2478 2550 2752 2621 magistris
2780 2564 2913 2604 usus
2933 2560 3017 2604 est
3048 2548 3343 2619 Origenes.
3390 2548 3616 2601 Narrant
3641 2565 3762 2612 quo-

2214 2658 2317 2712 que
2349 2640 2839 2711 Magdehnrgenses
2871 2639 3021 2695 Cent.
3049 2654 3130 2707 nt,
3167 2654 3220 2693 e.
3268 2639 3355 2703 lO,
3411 2639 3551 2694 inter
3590 2654 3770 2709 prtere-

2213 2745 2397 2806 plores
2440 2731 2689 2803 Origenis
2751 2731 2983 2786 llnillum
3032 2732 3314 2788 recenseri
3358 2732 3425 2787 ab
3467 2729 3769 2801 Hieronymo

2214 2827 2264 2880 in
2310 2826 2564 2897 Apologia
2592 2828 2643 2879 in
2679 2825 2945 2894 Iluﬁnum.
2981 2824 3061 2879 Ab
3086 2824 3267 2878 Huillo
3297 2824 3512 2895 quidem
3534 2822 3766 2878 nonnulla

2212 2919 2475 2973 monitum
2504 2917 2670 2971 fuisse
2728 2916 3045 2986 Origenem,
3077 2932 3197 2985 qua:
3242 2917 3311 2970 ad
3340 2915 3598 2969 veriorem
3643 2915 3769 2970 Scri-

2211 3022 2386 3080 pturze
2440 3010 2947 3079 interpretationem
2982 3008 3350 3079 pertinerent,
3379 3020 3564 3062 narrat
3596 3005 3764 3062 Hiero-

2209 3118 2407 3174 nymus
2438 3103 2532 3158 lib.
2567 3119 2607 3171 ι,
2640 3118 2760 3173 cap.
2793 3102 2850 3156 3.
2895 3101 3051 3170 Quod
3104 3103 3147 3157 si
3182 3112 3490 3172 praeceptor
3533 3101 3773 3157 dicendus

526 3193 669 3248 ditas
704 3192 1004 3247 sententias
1040 3192 1319 3259 evolvere,
1358 3202 1685 3264 patremque
1730 3197 1950 3252 assidua
1981 3213 2175 3284 per-c
2207 3204 2329 3262 est,
2387 3194 2477 3265 qui
2530 3206 2810 3249 errantem
2863 3192 3086 3247 meliora
3141 3206 3240 3261 pro
3307 3201 3549 3262 tempore
3615 3192 3768 3246 amice

525 3286 835 3341 conlatione
871 3286 1192 3342 lacessebat.
1219 3288 1298 3340 Ac
1325 3301 1557 3356 puerum
1595 3288 1811 3357 quidem
1842 3292 2105 3347 immode-

524 3389 643 3433 rata
673 3380 905 3449 quadam
952 3379 1151 3450 ingenii
1184 3378 1432 3433 ubertate
1470 3378 1906 3448 superﬂuentem
1945 3399 2102 3438 coer-

523 3472 700 3536 cebat,
732 3471 1025 3542 palamque
1064 3472 1403 3542 castigabat;
1434 3474 1529 3529 sed
1567 3472 1777 3528 felicem
1823 3474 2104 3529 nihilomi-

524 3581 625 3621 nus
645 3566 813 3619 animi
855 3567 1091 3622 calorem
1128 3567 1325 3622 tacitus
1364 3568 1640 3623 admirans
1670 3568 1910 3624 futurum
1936 3586 2105 3640 angu-

522 3659 750 3713 rabatur
779 3668 839 3714 ut
876 3663 945 3715 ad
980 3658 1188 3728 majora
1218 3661 1491 3731 aspiraret
1515 3661 1810 3732 aliquando
1836 3703 1850 3727 ,
1885 3662 2106 3733 ﬁlioque

522 3752 758 3805 nondum
793 3750 982 3821 puberi
1014 3767 1226 3807 summa
1252 3756 1433 3810 omnia
1454 3754 1660 3824 judicio
1688 3769 1786 3810 suo
1814 3756 2101 3811 tribuebat.

522 3840 629 3895 Sed
657 3858 794 3912 quas
831 3844 1065 3898 interdiu
1095 3844 1390 3901 blanditias
1434 3846 1728 3915 prudentia
1768 3857 1823 3903 et
1864 3851 2104 3918 gravitas

522 3936 929 4000 continuerant,
963 3951 1058 3990 eas
1094 3948 1255 3991 noctu
1288 3938 1502 4008 patrius
1531 3954 1688 3993 amor
1718 3940 2099 4007 exprimebat;

497 4024 710 4081 'ferunt
752 4028 1017 4097 siquidem
1053 4028 1379 4085 dormientis
1411 4030 1718 4085 cubiculum
1756 4032 1907 4101 pueri
1958 4049 2103 4105 saepe

522 4117 828 4188 ingressum
861 4120 1103 4186 Patrem,
1157 4123 1417 4176 nudatum
1464 4121 1556 4174 ﬁlii
1595 4133 1816 4190 pectus,
1848 4126 1928 4179 sic
1977 4134 2101 4180 tan-

526 4224 688 4280 quam
733 4211 953 4281 aliquod
1012 4211 1251 4283 Spiritus
1298 4211 1472 4268 sancti
1527 4213 1861 4268 domicilium
1927 4215 2099 4272 fuisse

526 4302 936 4371 exosculatum,
986 4305 1206 4376 Deoque
1250 4317 1432 4380 grates
1485 4310 1683 4380 egisse,
1738 4314 1828 4384 qui
1879 4329 1939 4370 se
1989 4325 2098 4370 tam

524 4402 672 4459 felici
699 4404 852 4473 prole
880 4405 1144 4461 auxisset.

593 4493 661 4549 V.
733 4494 846 4567 (l3)
897 4495 1192 4567 Postquam
1251 4497 1575 4557 domesticis
1635 4503 2093 4573 prteceptionibus

2210 3289 2539 3352 submonet,
2616 3286 2862 3355 profecto
2938 3286 3250 3354 quicunque
3328 3284 3522 3339 litteris
3596 3283 3768 3339 damus

2208 3395 2428 3451 operam
2469 3380 2639 3435 nostri
2672 3377 2902 3433 invicem
2945 3386 3320 3447 prmecptores
3349 3392 3555 3440 sumus,
3592 3376 3767 3445 quippe

2208 3474 2299 3544 qui
2350 3489 2448 3528 nos
2488 3474 2719 3529 invicem
2772 3469 2991 3537 monitis
3031 3469 3289 3538 iuvamus
3328 3476 3382 3524 et
3424 3468 3676 3532 consiliis,
3718 3476 3769 3520 et

2268 3568 2410 3618 Hanc
2430 3564 2620 3618 veniam
2641 3560 2957 3629 petimusque,
2980 3560 3247 3626 damusque
3275 3558 3497 3612 vicissim
3525 3559 3639 3621 (15).

2280 3662 2365 3717 γι.
2393 3661 2506 3714 Duo
2536 3673 2696 3730 porro
2726 3657 2813 3712 hic
2841 3655 3071 3711 videnda
3114 3664 3275 3721 sunt,
3336 3666 3512 3710 utrum
3563 3656 3766 3708 Ammo-

2208 3755 2354 3809 nium
2381 3750 2653 3807 audiverit
2673 3748 2972 3819 Origenes;
3003 3757 3113 3802 tum
3140 3748 3400 3817 pluresne
3425 3746 3579 3816 hujus
3609 3745 3764 3799 nomi-

2207 3846 2294 3901 nis
2349 3858 2415 3898 ex
2463 3842 2740 3899 Ammonii
2785 3839 2970 3895 schola
3014 3839 3320 3910 prodierint
3351 3857 3365 3894 :
3397 3841 3511 3894 ha3c
3561 3838 3693 3892 enirn
3734 3849 3766 3888 a

2205 3937 2342 3992 viris
2371 3935 2601 3992 eruditis
2628 3935 2682 3988 in
2729 3942 3022 4002 utramque
3068 3942 3280 4002 partem
3323 3931 3590 4002 diSputata
3628 3935 3762 3982 sunt.

2207 4032 2448 4087 Priorem
2501 4028 2855 4098 quaastionem
2913 4028 3085 4096 agitat
3132 4023 3407 4081 Baronius
3458 4026 3525 4081 ad
3576 4036 3761 4077 annum

2202 4124 2407 4180 Christi
2431 4121 2559 4185 254,
2594 4120 2897 4190 mirarique
2928 4134 2987 4173 se
3027 4118 3157 4173 dicit
3186 4118 3277 4186 qui
3326 4118 3517 4173 audire
3552 4118 3761 4170 Ammo-

2204 4217 2352 4270 nium
2371 4214 2606 4285 potuerit
2632 4213 2894 4282 Origenes
2914 4211 3201 4265 Ammonio
3225 4210 3341 4264 fere
3366 4220 3525 4264 :etate
3553 4221 3755 4276 suppar,

2201 4318 2259 4365 et
2287 4308 2514 4362 aliorum
2548 4305 2665 4375 ipse
2698 4303 3028 4359 institutioni
3077 4311 3207 4357 ante
3239 4316 3443 4355 annum
3478 4300 3643 4355 aetatis
3671 4297 3761 4351 tri-

2201 4400 2467 4458 cesimum
2499 4395 2808 4467 praefectus.
2850 4394 3016 4461 Quasi
3064 4408 3172 4449 non
3219 4392 3303 4449 bis
3349 4408 3493 4463 saepe
3527 4388 3763 4460 tempori-

2203 4495 2322 4557 bus,
2373 4501 2432 4546 ut
2475 4489 2720 4561 pluribus
2764 4487 3114 4557 probabimus
3159 4486 3330 4550 infra,
3379 4484 3494 4553 jam
3542 4484 3762 4555 grandes

518 4587 809 4642 roboratus
844 4588 1059 4644 animus
1104 4589 1376 4659 publicam
1411 4592 1585 4648 lucem
1625 4611 1870 4664 quaerere
1907 4599 2091 4667 cmpit,

2210 4595 2329 4640 natu
2363 4584 2462 4637 viri
2493 4582 2706 4637 scholas
2735 4578 3162 4648 frequentarint;
3186 4586 3240 4631 et
3273 4577 3434 4647 huius
3457 4579 3617 4647 ipsius
3640 4578 3759 4629 Am-

520 4679 633 4750 (M)
684 4678 950 4735 Clementi
996 4682 1388 4749 Alexandrinae,
1435 4685 1527 4754 qui
1564 4684 1809 4741 Pantteni
1849 4689 2092 4744 scholam

518 4772 804 4842 regendam
836 4783 1185 4844 susceperat,
1238 4775 1292 4829 in
1336 4776 1678 4845 disciplinam
1723 4780 1954 4835 traditus
1986 4792 2091 4847 est,

516 4878 625 4934 quo
650 4864 913 4935 magistro
942 4874 1151 4920 tantum
1198 4867 1371 4923 valuit
1409 4869 1677 4940 ingeniosi
1723 4871 2089 4927 adolescentis

513 4957 862 5023 exercitatio,
911 4966 971 5013 ut
1019 4966 1217 5026 praeter
1257 4960 1457 5014 artium
1511 4976 1795 5016 sacrarum
1845 4962 2087 5033 discipli-

512 5064 663 5118 nam,
706 5052 775 5107 ad
804 5066 967 5121 quam
994 5050 1391 5111 meditationes
1417 5050 1532 5109 fere
1560 5053 1835 5109 referebat
1873 5071 2081 5121 omnes,

610 5209 697 5287 lg)
728 5211 1116 5287 Euseb.,Hist.
1141 5216 1351 5287 eadem,
1377 5213 1471 5270 lib.
1508 5232 1587 5283 vt,
1615 5230 1738 5287 cap.
1771 5215 1798 5271 1
1832 5226 1887 5273 et
1911 5218 1965 5273 2.

608 5280 695 5355 ᾌξ)
738 5283 899 5355 Idem,
925 5285 1020 5339 lib.
1053 5302 1131 5348 vt,
1170 5301 1289 5355 cap.
1321 5286 1374 5343 6.

612 5350 696 5423 Η)
741 5352 994 5408 Clementi
1040 5350 1427 5420 Alexandrino,
1467 5364 1574 5411 etc.
1603 5355 1833 5412 Videtur
1874 5360 1928 5416 in
1980 5362 2083 5418 hac

512 5422 808 5497 Clementis
847 5425 1029 5497 schola
1060 5426 1495 5497 condiscipulum
1534 5427 1792 5483 habuisse
1847 5433 2086 5487 Alexan-

512 5494 689 5568 drum,
713 5489 1226 5568 Jerosolymitanum
1277 5489 1464 5566 postea
1512 5498 1827 5568 episcopum
1853 5541 1869 5565 ,
1904 5505 2083 5556 virum

513 5563 940 5627 Sanctissimum,
971 5581 1132 5635 quem
1165 5563 1498 5622 acerrimum
1538 5563 1735 5622 deinde
1780 5563 1863 5625 sui
1892 5573 2080 5628 defen-

512 5646 690 5708 sorem
737 5644 993 5708 expertus
1037 5646 1141 5708 est.
1172 5640 1348 5694 Ambo
1393 5638 1555 5708 enim,
1591 5641 1732 5708 apud
1786 5640 2078 5697 Eusebium

516 5701 658 5755 Hist.
713 5701 1001 5765 ecclesia“.
1055 5706 1145 5777 lib.
1199 5724 1275 5772 vr,
1318 5723 1441 5777 cap.
1495 5706 1586 5763 M.
1626 5701 1981 5768 'Clementem
2027 5723 2085 5767 ut

515 5784 793 5841 parentem
822 5815 835 5836 ,
872 5784 925 5830 et
959 5775 1260 5833 conciliata:
1308 5775 1451 5833 inter
1489 5794 1549 5834 se
1598 5781 1855 5835 amicitia:
1894 5792 2085 5837 aucto-

515 5861 627 5899 rem
663 5857 977 5917 agnoscunt.
1014 5846 1210 5903 Eodem
1240 5849 1445 5905 honore
1494 5860 1550 5905 ut
1586 5850 1905 5916 magistrum
1965 5870 2081 5909 oro-

2200 4676 2371 4732 monii
2408 4672 2704 4742 discipulus
2742 4670 3010 4735 Plotinus,
3043 4669 3109 4724 ad
3144 4682 3268 4724 eum
3310 4669 3635 4724 audiendum
3672 4680 3759 4718 an-

2198 4785 2297 4825 nos
2329 4768 2516 4838 viginti
2550 4776 2673 4820 octo
2728 4776 2890 4820 natus
2948 4779 3054 4821 non
3111 4769 3427 4829 accesserit,
3484 4775 3755 4830 annosque

2197 4878 2318 4918 eum
2353 4859 2600 4915 undecim
2652 4858 2919 4914 audiverit
2952 4875 2967 4911 :
3008 4859 3165 4927 quasi
3198 4856 3607 4913 catechumenis
3632 4851 3749 4907 ﬁdei

2195 4954 2516 5008 Christiana:
2574 4952 2875 5005 rudimenta
2938 4951 3186 5017 tradere,
3251 4959 3308 5005 et
3354 4947 3749 5020 grammaticam

2202 5049 2420 5122 publice
2442 5045 2685 5117 proliteri
2714 5059 2820 5098 non
2846 5045 3084 5112 potuerit
3112 5041 3409 5111 Origenes;
3451 5043 3563 5112 ipse
3593 5038 3754 5094 succi-

2193 5211 2789 5287 sequunturPannum.
2836 5207 2916 5287 ad
2946 5208 2998 5287 id
3024 5215 3209 5287 autem
3254 5210 3395 5277 quod
3439 5201 3750 5287 objicitela-

2192 5278 2443 5346 rissimus
2480 5284 2703 5337 Huetius
2736 5295 2803 5335 ex
2839 5278 3074 5334 Eusebio
3115 5278 3403 5349 Origenent
3455 5280 3614 5349 etiarn
3644 5285 3741 5325 tum

2192 5372 2421 5431 puerum
2463 5352 2756 5431 Clementis
2798 5349 3095 5431 auditorem
3141 5346 3350 5431 fuisse;
3405 5355 3522 5431 post
3558 5346 3747 5431 Patitur-

2183 5419 2311 5484 ιίιιιη
2354 5437 2538 5479 autem
2587 5420 2969 5493 Alexandrina:
3003 5419 3202 5493 scholae
3251 5419 3581 5473 Clementem
3602 5428 3740 5493 pra!—

2184 5500 2374 5561 fuisse.
2427 5494 2715 5564 reSpontlet
2751 5490 3134 5564 Tillemontius
3170 5488 3481 5564 Paul-.entnn
3519 5484 3737 5564 quidem

2194 5550 2481 5624 id’ih‘diam
2511 5550 2812 5634 profectum
2837 5576 2961 5616 esse
2987 5560 3135 5634 circa
3167 5575 3368 5634 artuum
3407 5550 3600 5634 Christi
3630 5550 3739 5613 l89,

2190 5656 2311 5695 cum
2350 5627 2666 5708 quadrimus
2696 5632 2874 5708 adhuc
2917 5640 3051 5708 erat
3102 5630 3365 5708 Origenes
3386 5627 3537 5708 ,__sed
3581 5627 3739 5708 ipsum

2192 5699 2381 5779 postea
2417 5702 2801 5779 Alexandriam
2839 5702 3082 5779 rediisse,
3118 5711 3176 5753 ut
3203 5702 3362 5779 docet
3399 5699 3739 5763 Hieronymus

2197 5770 2248 5835 in
2284 5777 2525 5845 Catalog.
2565 5775 2745 5837 script.
2769 5772 3082 5833 ecclesiast.,
3111 5784 3242 5845 cap._

2268 5849 2380 5914 (l5)
2414 5840 2599 5903 Horat.
2642 5845 2715 5899 De
2745 5854 2823 5897 art
2849 5851 3011 5913 post,
3044 5857 3182 5897 vers.
3224 5840 3309 5894 ll.
