4020 6306
244 317 342 374 6M

1272 315 1850 375 ORICENIANORUM
1891 316 2019 374 LIB.
2062 319 2101 388 l,
2144 320 2293 378 CAP.
2337 321 2380 377 I.

3409 327 3514 383 64?.

249 435 380 493 sivis
428 434 585 491 horis
623 435 925 505 sepositum
979 435 1048 490 ad
1095 435 1427 491 audiendum
1475 437 1826 492 Ammonittm
1858 444 1905 500 Α
1934 440 2266 523 simpliciter
2292 441 2425 497 dicti
2451 459 2466 506 ;
2497 441 2729 499 alterum
2755 443 3225 516 ~Origenistarum,
3257 446 3350 515 qui
3381 447 3512 503 laedi

250 540 460 595 tempus
484 528 710 601 habere.
737 528 922 597 Neque
952 543 1078 584 vero
1103 538 1222 598 post
1247 528 1555 600 Porphyrii,
1586 531 1827 593 Eusebii,

246 622 536 692 Nicephori
580 630 636 676 et
674 621 856 677 Suidae
900 622 1293 689 testimonium,
1362 624 1493 694 quin
1538 624 1827 679 Ammonio

247 712 510 781 magistro
548 728 676 767 usus
698 712 791 779 sit,
822 720 1000 783 potest
1021 712 1278 767 dubitari.

314 804 429 861 VII.
487 806 731 876 Spissior
777 815 864 861 est
907 814 961 861 et
1000 806 1343 861 reconditior
1371 805 1542 861 altera
1572 807 1821 875 quaestio,

244 896 398 967 cujus
419 906 673 953 accurate
696 897 1064 967 pertractandi
1089 898 1430 952 commodum
1455 900 1600 954 nacti
1624 900 1820 964 locum,

244 1004 349 1046 non
414 989 820 1059 disputabimus
877 999 1087 1043 tantum
1133 988 1394 1057 pluresne
1443 990 1703 1061 Origenes
1754 1008 1821 1047 ex

239 1081 514 1139 Ammonii
558 1081 742 1137 schola
773 1080 879 1135 orti
930 1080 1062 1143 sint,
1103 1081 1200 1135 sed
1245 1081 1313 1133 ab
1358 1096 1537 1137 unone
1571 1084 1732 1137 etiam
1768 1093 1822 1139 et

240 1175 432 1230 eodem
462 1173 703 1244 Origene
731 1174 931 1244 duplex
962 1171 1397 1241 Origenistarum
1435 1174 1818 1230 haereticorum

239 1276 387 1322 secta
445 1267 689 1336 profeCta
731 1269 839 1332 sit;
887 1274 1001 1320 tum
1040 1266 1203 1321 etiam
1248 1266 1602 1335 multiplexne
1661 1268 1821 1323 fuerit

237 1357 622 1410 Adamantius.
650 1354 758 1410 Per
786 1355 917 1409 mihi
960 1368 1091 1408 sane
1135 1353 1312 1423 placet
1358 1354 1575 1410 IIenrici
1619 1354 1816 1411 Valesii

237 1449 531 1513 sententia,
557 1449 659 1504 viri
687 1448 1081 1504 ecclesiasticae
1102 1449 1256 1520 juxta
1292 1458 1348 1502 et
1382 1447 1627 1517 profanae
1673 1451 1815 1503 anti-

235 1541 461 1611 quitatis
490 1540 729 1597 litterate
751 1543 936 1612 periti.
982 1542 1033 1598 Is
1072 1545 1123 1597 in
1153 1542 1447 1598 luculentis
1486 1543 1549 1596 ad
1599 1544 1815 1598 Eusebii

236 1631 537 1686 Historia-nt
566 1634 1011 1689 adnotationibus
1042 1636 1319 1704 geminum
1359 1633 1654 1703 Origenem
1684 1636 1815 1689 Am-

234 1724 417 1779 motrio
436 1739 655 1793 operam
681 1727 747 1779 ad
766 1727 1094 1781 audiendum
1114 1728 1330 1782 dedisse
1347 1730 1563 1792 scribit.
1587 1729 1813 1785 alterum

232 1816 620 1871 Adamantium
677 1831 959 1885 nostrum;
1018 1820 1254 1875 alterum
1334 1820 1486 1874 illum
1543 1823 1634 1892 qui
1693 1839 1815 1877 cum

229 1905 508 1965 Herennio
525 1908 806 1975 etPlotino
830 1926 858 1964 a
888 1911 1318 1983 condiscipulatu
1348 1912 1638 1980 conjuncte
1664 1915 1813 1978 vixit,

226 2008 284 2054 et
310 2000 467 2070 cujus
506 2001 761 2070 frequens
806 2002 1048 2056 occurrit
1078 2006 1284 2057 mentio
1328 2005 1382 2058 in
1449 2003 1568 2057 Vita
1610 2004 1816 2059 Plotini

227 2106 257 2144 a
283 2090 596 2164 Porplryrio
617 2094 951 2164 conscripta,
978 2104 1032 2149 et
1052 2094 1105 2149 in
1134 2095 1260 2151 libri
1290 2097 1366 2150 De
1388 2096 1493 2166 ﬁne
1512 2112 1539 2149 a
1571 2097 1815 2168 Longino

227 2181 504 2239 Iucubrati
534 2185 859 2255 fragmento,
909 2186 1052 2255 quod
1083 2187 1210 2242 huic
1253 2187 1352 2257 ipsi
1404 2185 1538 2242 Vita’
1571 2188 1814 2261 Porphy-

222 2277 351 2332 rius
382 2277 636 2333 intexuit.
662 2278 928 2335 Rationes
946 2279 1151 2350 quibus
1183 2280 1237 2334 id
1266 2281 1462 2335 astruit
1500 2282 1583 2334 vir
1621 2284 1814 2339 doctus

217 2367 384 2426 brevi
412 2372 777 2442 complectar.
801 2373 1185 2427 Adamantium
1207 2373 1504 2444 Origenem
1534 2375 1809 2431 Ammonii

222 2462 533 2518 auditorem
557 2465 777 2519 multam
801 2481 864 2520 ex
900 2466 1119 2535 scriptis
1143 2466 1284 2535 apud
1312 2475 1560 2535 posteros
1582 2468 1809 2537 gloriam

214 2553 399 2611 fuisse
420 2567 776 2614 consecutum
808 2576 836 2613 a
870 2558 1176 2631 Porphyrio
1212 2567 1355 2630 apud
1404 2564 1605 2619 Euseb.
1660 2563 1803 2622 Hist.

221 2646 319 2701 lib.
353 2661 429 2711 vt,
463 2663 585 2719 cap.
618 2650 708 2714 19,
748 2652 1006 2707 traditum
1031 2662 1114 2708 est
1145 2671 1162 2723 ;
1190 2662 1245 2708 at
1270 2654 1557 2726 Origenem
1580 2657 1807 2714 alterum

213 2738 423 2797 Plotini
455 2742 699 2798 sodalem
752 2745 889 2798 nihil
922 2756 1123 2815 praeter
1152 2747 1392 2803 libellum
1450 2750 1525 2805 De
1559 2754 1810 2809 dtemoni-

220 2832 315 2885 ἔνης
336 2835 606 2903 scriptum
645 2835 935 2906 reliquisse
961 2838 1157 2894 docent
1186 2840 1351 2895 iidem
1380 2841 1708 2916 Porphyrius
1754 2856 1811 2903 et

212 2921 523 2995 Longinits.
580 2926 986 2997 lmperantibus
1025 2942 1296 3000 praeterea
1348 2933 1508 2989 Gallo
1552 2948 1605 2990 et
1649 2937 1808 2991 Volti-

218 3026 378 3079 siano
408 3023 695 3094 Origenem
732 3040 854 3079 eum
879 3066 894 3091 ,
931 3027 1021 3097 qui
1083 3027 1439 3084 Adamantius
1489 3044 1800 3102 usurpatur,

1929 533 2296 601 cognominati
2353 542 2514 599 sunt,
2545 536 2849 604 principem
2877 546 2933 592 et
2968 538 3412 605 antesignanum.
3446 536 3507 597 ld

1929 624 2102 679 miror
2138 635 2343 680 temere
2376 627 2668 684 nonnullos
2705 629 3011 696 allirmare,
3068 631 3214 700 quod
3257 629 3513 701 ignorare

1928 731 1987 772 se
2021 725 2254 773 testatur
2284 719 2621 789 Epiphanius
2645 723 2884 788 scriptor
2918 722 3414 792 locupletissimus,
3456 731 3512 777 et

1926 811 2210 882 proximus
2245 821 2551 881 temporum
2595 813 2834 868 illorum.
2881 814 3170 884 Epiphanii
3211 817 3379 870 verba
3410 829 3508 885 pa-

1926 919 2046 967 rum
2080 903 2296 958 sincere
2330 905 2566 958 reddidit
2610 906 2995 975 Augustinus.:
3029 921 3152 960 cum
3204 906 3348 959 enim
3382 921 3510 960 con-
3584 914 3585 919 ‘

1925 997 2096 1067 ceptis
2131 998 2310 1052 verbis
2344 1000 2559 1051 nescire
2603 1012 2662 1051 se
2697 998 2976 1067 professus
3024 999 3222 1054 fuisset
3266 999 3506 1069 Epipha-

1924 1087 2047 1142 nius
2092 1088 2225 1145 hazr.
2256 1090 2347 1151 65,
2380 1105 2499 1160 cap.
2541 1090 2593 1151 l,
2641 1099 2695 1143 et
2731 1091 2859 1144 liter.
2907 1091 2996 1153 64,
3048 1106 3168 1159 cap.
3204 1092 3258 1154 ὃ,
3317 1107 3385 1146 an
3438 1095 3508 1149 ab

1922 1181 2249 1235 Adamantio
2273 1182 2531 1251 Origene,
2583 1197 2653 1235 an
2696 1181 2764 1235 ab
2798 1182 2905 1236 alio
2948 1184 3143 1251 impuri
3188 1183 3508 1255 Origenistze

1923 1276 2202 1344 pr0pagati
2252 1276 2386 1339 sint,
2437 1276 2550 1329 haec
2589 1279 2661 1330 ita
2712 1276 2949 1331 reddidit
3006 1277 3365 1347 Augustinus,
3406 1278 3502 1333 lib.

1923 1364 2001 1419 De
2050 1368 2207 1428 Ιιαιν..
2268 1384 2390 1435 cap.
2435 1367 2528 1431 42,
2577 1369 2883 1440 Origeniani
2923 1386 2955 1422 a
3001 1370 3231 1440 quodam
3282 1370 3507 1442 Origene

1921 1459 2053 1512 dicti
2083 1470 2242 1523 sunt,
2285 1476 2386 1513 non
2421 1461 2485 1513 ab
2532 1461 2626 1515 illo
2656 1462 2749 1531 qui
2781 1462 2890 1530 fere
2927 1463 3170 1515 omnibus
3214 1471 3369 1517 notus
3404 1474 3503 1527 est,

1920 1551 2012 1602 sed
2040 1551 2104 1603 ab
2134 1551 2241 1605 alio
2274 1554 2447 1606 nescio
2485 1570 2609 1623 quo,
2638 1554 2703 1607 de
2749 1571 2852 1622 quo
2892 1553 2969 1607 vel
3003 1554 3354 1608 sectatoribus
3390 1555 3505 1623 ejus

1921 1640 2254 1709 Epiphanius
2311 1644 2553 1713 loquens,
2587 1657 2696 1701 etc.
2758 1646 3016 1698 Vitiatam
3074 1648 3143 1700 ab
3199 1647 3504 1716 Augustino

1920 1730 2255 1784 sententiam
2338 1747 2474 1787 nova
2545 1733 2862 1788 accessione
2927 1733 3152 1790 foedavit
3216 1735 3501 1804 Augustini

1920 1821 2113 1878 simius
2143 1820 2519 1877 Prmdestinati
2557 1834 2770 1888 auctor,
2820 1841 2979 1894 quem
3037 1827 3209 1881 edidit
3253 1826 3502 1881 Sirmon-

1919 1918 2018 1971 dus
2044 1934 2059 1982 ;
2089 1919 2168 1971 sic
2196 1919 2339 1972 enim
2374 1919 2614 1987 scripsit,
2645 1919 2778 1975 hair.
2811 1920 2881 1973 42
2907 1939 2920 1975 :
2950 1921 3426 1989 Quadragesimam
3447 1928 3498 1973 et

1916 2009 2204 2062 secundum
2238 2010 2479 2063 Itwresim
2517 2008 2825 2078 Origem'ani
2858 2009 3256 2073 inclinaverunt,
3292 2027 3324 2063 a
3361 2025 3498 2080 quo-

1918 2101 2044 2154 dam
2097 2098 2344 2169 Origene,
2392 2118 2497 2155 non
2522 2101 2614 2155 illo
2662 2102 2754 2170 qui
2787 2102 2896 2170 fere
2929 2102 3170 2155 omnibus
3198 2111 3353 2155 notus
3399 2110 3497 2162 est,

1914 2194 2007 2247 sed
2060 2194 2167 2247 alio
2201 2192 2347 2263 Syro
2381 2196 2616 2263 quodam
2661 2196 3093 2249 sceleratissimo.
3148 2193 3327 2250 Verba
3388 2196 3502 2249 hinc

1912 2285 2224 2352 Augustini,
2255 2283 2365 2339 Sed
2392 2286 2457 2338 ab
2487 2285 2598 2338 alio
2623 2287 2799 2341 nescio
2822 2302 2949 2356 quo,
2994 2287 3208 2341 videtur
3236 2285 3369 2341 falsa
3397 2286 3502 2341 hac

1914 2376 2153 2431 lectione
2180 2376 2509 2445 depravasse
2543 2395 2554 2430 :
2586 2376 2695 2433 Sed
2730 2378 2836 2431 alio
2877 2378 3016 2448 Syro
3050 2378 3300 2446 quodam.
3353 2377 3499 2433 Idem

1911 2468 2093 2537 capite
2140 2451 2391 2538 sequenti
2438 2468 2607 2523 alium
2645 2469 2805 2524 nobis
2830 2470 3073 2524 obtrudit
3097 2467 3388 2538 Origenem
3431 2465 3502 2522 ab

1909 2558 2235 2613 Adamantio
2269 2567 2461 2613 nostro
2492 2558 2791 2622 diversum,
2843 2559 3157 2626 dogmatnm
3183 2571 3373 2611 eorum
3405 2569 3503 2607 au-

1909 2660 2115 2705 ctorem
2140 2664 2374 2718 quorum
2402 2648 2780 2702 Adamantium
2820 2646 3156 2716 Epiphanius
3198 2643 3499 2701 accusavit.

1909 2737 2256 2809 Sophronius
2280 2737 2776 2808 Jerosolymitanus
2799 2738 2867 2792 ab
2896 2736 3202 2807 Epiphanio
3222 2735 3499 2800 inductus,

1908 2833 2184 2903 geminum
2217 2847 2439 2903 quoque
2473 2831 2767 2901 Origenem
2789 2870 2806 2895 ,
2841 2830 3075 2884 alterum
3106 2828 3497 2897 antiquiorem.

1907 2921 2300 2975 Adamantium
2328 2922 2561 2976 alterum
2612 2928 3010 2975 commemorat
3062 2920 3116 2973 in
3161 2918 3393 2989 epistola
3431 2920 3499 2974 ad

1910 3013 2164 3083 Sergium
2204 3032 2219 3068 :
2261 3014 2407 3084 quod
2439 3014 2821 3070 observatione
2861 3028 2960 3068 sua
2994 3013 3217 3082 dignum
3261 3009 3490 3064 Photius

214 3127 528 3171 extremum
562 3116 829 3173 clausisse
860 3117 1004 3174 diem
1041 3120 1221 3190 ρι-οάει
1253 3120 1560 3189 Eusebius;
1615 3101 1806 3196 Orige-
1834 3144 1877 3200 Ο
1910 3106 2249 3160 existimavit
2279 3106 2400 3161 cod.
2438 3106 2567 3160 251.
2617 3103 2673 3159 In
2726 3107 2916 3161 eadem
2953 3119 3115 3159 causa
3146 3114 3229 3158 est
3253 3101 3495 3157 Joannes

210 3233 344 3272 nem
380 3233 509 3272 vero
549 3218 781 3272 alterum
824 3218 930 3272 sub
972 3216 1226 3273 Gallieno
1268 3219 1465 3273 librum
1516 3225 1806 3291 quemdam

213 3311 531 3364 elaborasse
558 3310 610 3362 in
642 3310 832 3363 eadem
874 3305 1078 3363 Plotini
1098 3309 1240 3381 ,Vita
1268 3311 1529 3381 scriptum
1560 3311 1806 3385 Porphy-

214 3398 331 3453 rius
395 3397 638 3467 reliquit.
691 3397 901 3463 Quibus
959 3398 1179 3453 tertium
1248 3400 1379 3454 illud
1427 3409 1804 3471 argumentum

204 3491 379 3545 addo.
413 3487 702 3560 Origenem
736 3490 1120 3544 Adamantium
1150 3491 1437 3546 sibi‘walde
1476 3493 1803 3549 adolescenti

212 3586 500 3657 cognitum
556 3586 852 3655 aliquando
921 3584 1091 3639 fuisse
1153 3584 1489 3656 Porphyrius
1546 3588 1799 3652 tradidit;

212 3678 364 3751 quod
407 3693 513 3733 non
547 3679 779 3733 dixisset
824 3676 1091 3748 profecto,
1147 3677 1192 3732 si
1246 3678 1499 3731 diuturna
1539 3679 1639 3733 sibi
1680 3695 1802 3735 cum

204 3771 302 3827 illo
331 3779 390 3826 et
430 3779 690 3825 constans
736 3768 1145 3822 intercessisset
1191 3767 1534 3821 necessitudo
1567 3782 1580 3818 :
1616 3766 1807 3838 Orige-

215 3863 301 3919 nis
332 3874 522 3918 autem
563 3861 792 3914 alterius
830 3859 1021 3913 Romae
1066 3857 1497 3928 condiscipulum
1536 3869 1591 3913 et
1622 3873 1804 3927 aequa-

206 3958 317 4015 lem
345 3958 516 4014 fuisse
540 3956 906 4028 Porphyrium
934 3953 1209 4008 memoriae
1239 3953 1477 4023 prodidit
1502 3953 1797 4023 Eunapius.

212 4050 360 4106 Sane
391 4050 683 4119 imperium
729 4055 947 4103 tenente
990 4045 1244 4117 Philippo
1278 4046 1381 4100 iter
1407 4045 1634 4100 Romam
1668 4060 1795 4099 neu-

206 4142 425 4213 tiquam
456 4142 771 4212 suscepisse
799 4138 1086 4212 Origenem
1114 4138 1521 4207 Adamantium,
1542 4147 1597 4193 et
1631 4138 1798 4193 Roma

214 4237 441 4292 cumino
472 4252 570 4307 per
615 4236 668 4290 id
718 4244 929 4304 tempus
970 4232 1211 4288 abfuisse
1265 4232 1629 4288 certissimum
1666 4239 1795 4298 est;

212 4344 311 4385 nec
338 4332 487 4384 enim
521 4337 628 4382 tam
657 4327 873 4397 longam
910 4324 1402 4395 peregrinationem
1430 4322 1689 4379 credibile
1715 4330 1799 4378 est

207 4422 432 4477 silentio
476 4419 646 4475 fuisse
676 4412 1144 4488 prmtermissuros
1177 4416 1471 4472 Eusebium
1508 4426 1562 4471 et
1590 4414 1783 4471 Hiero-

1914 3198 2282 3254 Damascenus
2315 3199 2369 3252 in
2406 3198 2531 3254 libr.
2574 3197 2651 3252 De
2686 3197 2927 3251 Iueresib.
2979 3196 3252 3266 geminum
3286 3197 3496 3262 [ingens

1910 3290 2229 3361 Origenem,
2255 3294 2401 3348 unde
2432 3292 2678 3363 duplices
2705 3292 2812 3345 orti
2846 3291 2956 3345 sint
2989 3290 3314 3357 Origenistte
3342 3288 3492 3352 findi,

1908 3394 1963 3438 et
1999 3384 2312 3439 Adamantii
2346 3392 2670 3439 sectatores.
2698 3380 2879 3451 Atque
2902 3381 3033 3434 item
3079 3378 3255 3435 Guido
3282 3392 3496 3432 carme-

1906 3478 2027 3541 lita,
2056 3478 2306 3533 Elnensis
2329 3478 2641 3544 episcopus,
2669 3475 2761 3543 qui
2798 3475 3113 3543 ligmentum
3150 3472 3294 3525 idem
3344 3470 3486 3521 arri-

1906 3572 2025 3643 puit
2051 3572 2101 3625 in
2136 3570 2359 3626 Summa
2387 3570 2450 3623 de
2470 3570 2658 3623 lueret.
2708 3569 2888 3638 Atque
2921 3566 2997 3620 ita
3042 3565 3222 3622 duone
3258 3564 3493 3616 exstite-

1905 3666 2019 3719 rint
2048 3662 2317 3733 Origenes
2359 3661 2799 3732 Origenistarum
2830 3656 3109 3727 principes
3154 3652 3495 3708 addubitavit

1903 3753 2274 3823 Epiphanius;
2317 3759 2711 3807 asseverarunt
2750 3748 3109 3820 Augustinus,
3153 3743 3491 3813 Sophronius

1902 3857 1958 3902 et
1997 3846 2237 3902 Joannes
2278 3845 2697 3911 Damascenus;
2741 3852 2852 3897 tres
2891 3849 3072 3895 autem
3115 3838 3491 3893 ﬁnxitauctnr

1902 3937 2307 4003 Prtedestinati,
2344 3938 2586 4006 scriptor
2618 3950 2890 4004 nequam,
2927 3944 2986 3987 ut
3011 3932 3091 3986 vel
3116 3947 3182 3987 ex
3208 3945 3273 3988 eo
3310 3929 3487 4000 conji-

1901 4034 2015 4089 cias
2070 4034 2213 4102 quod
2275 4030 2465 4084 eodem
2519 4030 2698 4098 capite
2751 4024 3092 4094 Pamphilum
3149 4034 3483 4095 martyrem.

1900 4126 2215 4196 episcopum
2280 4125 2572 4194 aliquando
2617 4121 2787 4176 fuisse
2844 4120 3029 4174 tradit.
3081 4118 3236 4186 Quod
3293 4127 3481 4173 autem

1899 4219 2238 4275 asseveravit
2265 4217 2621 4288 Augustinus,
2654 4214 2875 4285 negavit
2906 4214 2958 4267 id
2987 4214 3190 4267 diserte
3215 4210 3483 4265 Baronius

1900 4314 1965 4368 ad
2018 4329 2107 4367 an.
2151 4311 2282 4376 256,
2317 4319 2372 4365 et
2415 4324 2615 4364 causas
2643 4324 2740 4362 cur
2768 4306 2965 4376 duplex
3007 4305 3299 4376 ﬁngeretur
3360 4305 3484 4358 Ori-

1900 4420 2064 4476 genes
2122 4413 2280 4458 acute
2332 4401 2743 4473 pervestigavit.
2799 4397 3132 4451 Memoratus
3190 4410 3353 4464 porro
3412 4393 3481 4447 ab

209 4532 432 4587 nymum
467 4533 481 4570 :
517 4523 571 4567 at
598 4487 890 4578 Origenem
919 4510 1152 4565 alterum
1198 4512 1262 4565 ad
1296 4510 1564 4565 Plotinum
1606 4508 1791 4563 Romae
1822 4509 1866 4563 D
1898 4497 2141 4566 Ευηθβίο
2173 4496 2226 4548 ίιι
2270 4493 2387 4587 Viri“
2423 4490 2715 4587 Ρυᾳνρίιέξῗξί
2743 4489 3006 4587 οτίξθηιεε
3030 4488 3120 4587 ille
3154 4502 3317 4587 {Illam
3340 4487 3482 4587 dixi:

208 4615 322 4661 tum
385 4605 439 4659 in
500 4605 706 4661 scholis
776 4603 988 4672 publice
1065 4604 1424 4658 disserentem
1490 4598 1790 4655 accessisse

206 4706 400 4753 auctor
440 4706 523 4752 est
558 4697 699 4751 idem
717 4693 1088 4764 Porphyrius.
1140 4693 1195 4746 ld
1236 4692 1280 4746 si
1316 4688 1789 4744 animadvertisset

206 4790 477 4847 Baronius
502 4789 637 4863 (l6),
674 4803 849 4859 neque
893 4800 1085 4843 contra
1135 4784 1355 4841 Eusebii
1388 4783 1548 4838 ﬁdem
1590 4781 1786 4851 Orige-

202 4896 327 4938 nem
376 4879 787 4943 Adamantium,
840 4892 998 4947 quem
1053 4877 1122 4930 ab
1172 4876 1282 4929 alio
1341 4889 1447 4930 non
1517 4872 1785 4939 distinxit,

205 4976 449 5033 secundo
484 4974 716 5028 Romam
747 4971 948 5027 abiisse
984 4970 1051 5025 ad
1084 4969 1387 5025 Fabianum
1432 4982 1624 5038 papam
1658 4982 1787 5036 pur-

201 5070 365 5135 gandi
399 5068 483 5124 sui
517 5081 684 5122 causa
729 5065 1119 5136 excogitasset,
1177 5075 1352 5132 neque
1389 5059 1683 5114 Posscvino
1731 5066 1786 5112 et

202 5158 449 5215 Ilatloxio
496 5158 637 5214 idem
691 5166 748 5212 ut
810 5157 1101 5211 crederent
1147 5169 1374 5210 causam
1417 5151 1783 5221 praebuisset:

201 5253 308 5307 hoc
361 5253 509 5308 enim
539 5265 679 5305 unus
730 5249 821 5304 ille
877 5247 1165 5319 Porphyrii
1222 5247 1374 5300 locus
1419 5245 1536 5297 viro
1590 5257 1783 5310 magno

198 5343 490 5413 persuasit.
520 5340 989 5407 Quemadmodum
1041 5346 1220 5392 autem
1251 5337 1386 5390 duos
1427 5332 1690 5403 Origenes
1725 5332 1779 5386 in

199 5452 368 5492 unum
402 5435 765 5491 confuderunt
792 5432 1064 5497 nonnulli,
1126 5432 1199 5484 ita
1249 5444 1315 5483 ex
1353 5443 1460 5482 uno
1491 5436 1547 5482 et
1590 5426 1781 5481 eodem

198 5531 439 5602 Origene
480 5528 741 5585 Leonida:
790 5527 902 5582 lilio
934 5527 1072 5580 duos
1122 5523 1381 5593 Origenes
1424 5521 1516 5575 alii
1562 5518 1782 5573 elIinxeo

198 5632 347 5690 runt,
374 5637 565 5679 verum
599 5620 860 5685 alterum,
900 5633 931 5673 a
982 5631 1095 5689 quo
1140 5618 1244 5672 orti
1290 5624 1417 5671 sunt
1458 5611 1780 5682 Origenistae

282 5803 384 5878 ⁸16)
420 5803 618 5860 Baron.
655 5801 721 5857 ad
750 5816 839 5856 an.
868 5797 1011 5871 9A8.~

1898 4604 2042 4653 mus,
2074 4585 2359 4656 Porphyrii
2402 4594 2458 4637 et
2487 4582 2682 4637 Amelii
2710 4580 3140 4648 condiscipulus,
3165 4579 3381 4634 idemne
3408 4579 3480 4633 sit

1897 4697 1961 4736 ae
2001 4668 2206 4735 Sodalis
2254 4677 2347 4731 ille
2371 4675 2598 4738 Plotini,
2650 4688 2719 4727 an
2743 4674 2902 4737 alius,
2933 4687 3038 4726 non
3071 4672 3207 4727 satis
3257 4680 3475 4738 exstat;

1896 4789 2020 4828 nam
2057 4771 2150 4840 qui
2181 4785 2305 4824 cum
2345 4766 2556 4821 Plotino
2580 4764 2929 4818 Ammonium
2960 4763 3165 4817 audivit
3187 4762 3476 4832 Origenes,

1898 4864 2097 4920 Plotini
2134 4861 2359 4932 aequalis
2392 4858 2496 4913 fuit
2541 4867 2597 4914 et
2627 4856 2857 4921 amicus,
2904 4872 3005 4912 nec
3046 4855 3293 4909 doctrina
3339 4853 3478 4908 infe-

1899 4959 2027 5020 rior,
2060 4965 2119 5011 ut
2143 4956 2191 5009 ei
2219 4954 2285 5007 ad
2302 4968 2362 5008 se
2384 4950 2714 5006 audiendum
2736 4949 2873 5003 forte
2892 4948 3129 5003 venienti
3146 4948 3477 5002 erubescens

1893 5056 2203 5116 assurgeret
2254 5045 2519 5112 Plotinus,
2585 5058 2685 5098 nec
2720 5056 2905 5096 coram
2954 5055 3020 5096 eo
3074 5041 3242 5093 verba
3294 5037 3476 5093 facere

1893 5140 2192 5195 sustineret
2231 5155 2244 5191 :
2276 5146 2332 5191 at
2370 5136 2619 5191 laudatus
2652 5133 2725 5188 ab
2753 5131 3001 5201 Eunapiu
3048 5129 3314 5200 Origenes
3340 5127 3476 5183 alter

1893 5231 2088 5287 Plotini
2128 5229 2370 5285 scholam
2409 5226 2624 5282 videtur
2675 5227 3057 5297 frequentasse
3084 5263 3100 5288 ,
3141 5220 3341 5291 quippe
3380 5222 3472 5292 qui

1890 5323 2182 5395 Porphyrii
2237 5334 2291 5376 et
2348 5321 2542 5376 Amelii
2600 5317 2784 5373 Roma:
2822 5312 3230 5383 condiscipulus
3288 5312 3469 5373 fuerit,

1892 5432 2123 5486 quorum
2150 5424 2444 5485 utrumque
2467 5410 2667 5466 Plotini
2697 5408 3005 5463 doctrinam
3035 5405 3221 5459 Romae
3240 5404 3474 5473 capessi-

1890 5510 2037 5565 visse
2070 5517 2306 5565 constat.
2337 5506 2394 5561 Id
2422 5507 2465 5562 si
2502 5507 2591 5567 sit,
2627 5503 2894 5573 Origenes
2933 5500 3068 5554 duos
3099 5497 3288 5553 iisdem
3334 5505 3444 5550 tem

1889 5602 2114 5676 poribus
2151 5617 2274 5659 cum
2312 5600 2527 5656 Plotino
2554 5597 2741 5655 Roma:
2786 5591 3231 5663 coniunctissime
3270 5589 3473 5644 vixisse
