4020 6306
611 159 717 214 et;
759 227 766 238 ί

1866 162 1925 217 Ρ.
1969 163 2282 219 DANIELIS
2321 164 2552 221 HUETII

3679 200 3770 257 fill

615 277 905 333 dicendum
947 287 1052 341 est,
1115 276 1344 332 alterum
1378 278 1495 347 cjus
1534 281 1988 348 condiscipulum,
2017 282 2175 336 dis‘t'i-
2206 288 2251 345 Α
2284 293 2416 338 tuszc
2459 296 2605 340 sunt.
2639 287 2963 342 Christianis
3010 289 3228 348 favebat
3263 296 3573 360 AleXandriat
3613 315 3778 373 nobilis

613 371 798 440 pulum
828 370 1080 426 altermn.
1119 368 1379 437 Quartum
1439 373 1506 427 ad
1548 374 1661 427 haec
1709 373 2024 444 Origenem,
2071 374 2176 429 1E-

614 463 854 532 gyptium
887 473 941 517 et
975 463 1170 533 ipsum,
1232 472 1394 531 atque
1446 463 1632 517 itidem
1678 466 2078 535 presbyterum,
2121 476 2178 522 et

611 552 884 608 Ammonii
913 552 1133 607 alterius
1165 554 1422 618 sodalem,
1465 569 1654 608 verum
1692 556 2021 612 Adamantio
2046 556 2174 614 Ori-

613 661 749 714 gene
781 646 1159 708 recentiorem,
1193 654 1248 698 et
1291 646 1590 701 Athanasio
1633 647 2004 704 Alexandrino
2058 651 2175 719 epi-

612 752 778 806 scopo
795 752 1054 800 corevum,
1077 752 1106 789 ιι
1131 736 1365 790 Palladio
1388 737 1438 790 in
1464 737 1744 794 Lausiacis
1798 750 1853 794 et
1872 740 2174 812 Nicephoro

613 827 822 884 Callisti
881 837 1366 882 commemoratum
1415 830 1611 882 addam
1663 848 1677 882 :
1727 830 1961 901 reliquos
2015 833 2172 900 hujus

612 919 844 973 nominis
869 917 1230 973 litteratorum
1259 919 1547 989 diligentiae
1586 922 1986 990 investigandos
2011 925 2173 979 relin-

608 1025 792 1078 quam.
826 1008 1142 1064 Cautionem
1165 1021 1424 1078 praeterea
1449 1027 1480 1063 a
1517 1014 1774 1070 studiosis
1801 1017 2044 1071 adhiberi
2077 1031 2170 1070 ve-

607 1103 723 1170 lim,
757 1119 824 1158 ne
848 1103 1279 1174 quotiescunque
1300 1107 1609 1162 Adamantii
1634 1109 1836 1163 mentio
1861 1109 1913 1161 in
1940 1109 2171 1178 scripto-

605 1197 758 1252 ribus
803 1198 1194 1254 ecclesiasticis
1227 1199 1462 1267 incidet,
1505 1203 1752 1257 eumdem
1802 1205 1982 1257 statim
2028 1205 2170 1258 lnmc

605 1291 941 1345 arbitrentur
977 1305 1099 1346 esse
1145 1307 1211 1347 ac
1249 1292 1540 1363 Origenem
1571 1313 1586 1349 ε
1619 1295 1668 1347 id
1717 1296 1859 1348 enim
1908 1296 2165 1359 nominis,

604 1391 801 1448 praeter
839 1382 993 1445 alios,
1027 1383 1239 1436 auctori
1271 1384 1482 1437 cuidam
1516 1385 1824 1440 Christiano
1855 1386 1973 1451 fuit,
2007 1405 2166 1456 quem

604 1471 673 1526 ab
701 1471 936 1540 Origene
975 1482 1134 1527 caute
1169 1474 1510 1542 distinguens
1543 1474 1936 1540 Theodoretus,
1967 1481 2168 1534 utrius-

601 1579 707 1633 que
753 1565 971 1633 scriptis
1011 1565 1077 1618 ad
1111 1566 1503 1620 contexendam
1536 1566 1911 1622 haereticarum
1953 1568 2167 1622 fabula-

605 1672 722 1709 rum
750 1656 1020 1724 epitomen
1048 1671 1201 1710 usum
1229 1670 1288 1709 se
1316 1671 1418 1709 nou
1451 1656 1615 1710 semel
1654 1659 1955 1726 protitetnr.

666 1747 782 1802 Vlll
839 1747 952 1818 (Π)
989 1747 1262 1803 Decimum
1300 1747 1414 1802 fere
1454 1757 1506 1802 et
1541 1750 1829 1816 septimum
1859 1751 2035 1805 aetatis
2065 1765 2166 1804 an-r

601 1853 731 1892 num
780 1850 1031 1910 exegerat
1077 1839 1373 1910 Origenes,
1424 1857 1546 1896 cum
1599 1843 1800 1898 Christi
1870 1844 2166 1899 Ecclesiam

601 1931 777 1985 modis
797 1933 1051 1987 omnibus
1075 1946 1284 1988 vexare
1303 1949 1586 2005 aggressus
1618 1943 1703 1989 est
1732 1935 1965 1990 Severus
1996 1937 2168 2006 impe-

602 2036 768 2082 rator.
801 2026 934 2080 Cum
963 2026 1106 2080 enim
1142 2042 1237 2096 per
1267 2036 1433 2081 totunt
1479 2029 1664 2082 orbem
1710 2044 1830 2084 sese
1855 2031 2165 2086 Christiana

601 2118 732 2172 fides
760 2117 1077 2182 ell'underet,
1128 2119 1334 2173 veritus
1382 2119 1580 2189 quippe
1625 2130 1707 2175 est
1745 2123 1827 2175 vir
1873 2133 2066 2179 cautus
2099 2139 2164 2180 ac

597 2210 825 2276 diligens
859 2225 924 2262 ne
952 2210 1078 2264 hinc
1102 2209 1279 2279 aliqua
1308 2213 1591 2266 exsisteret
1625 2228 1801 2264 rerum
1857 2216 2160 2271 conversio.

593 2300 716 2356 Toti
745 2302 926 2372 itaque
979 2302 1234 2358 Ecclesiae
1270 2305 1463 2357 bellum
1510 2315 1662 2357 atrox
1696 2306 1900 2359 indixit.
1932 2306 2162 2378 Egypto

595 2405 724 2450 tunc
759 2405 990 2464 praeerat
1020 2413 1142 2449 cum
1175 2397 1399 2466 imperio
1423 2397 1625 2461 Laetus,
1645 2399 1733 2466 qui
1765 2409 1821 2452 ut
1850 2401 2159 2466 imperatori

593 2489 752 2543 fidem
782 2504 932 2542 suam
962 2496 1246 2556 praestaret
1275 2503 1336 2541 ac
1373 2489 1730 2558 diligentiam,
1766 2491 1818 2543 itt
1871 2491 2161 2563 Egyptios

590 2579 930 2633 Christianos
957 2619 973 2643 ,
1025 2577 1116 2630 sed
1154 2579 1204 2631 in
1237 2578 1634 2632 Alexandrinos
1672 2582 1940 2649 praecipue
1989 2583 2160 2636 ferino

593 2673 697 2724 ritu
725 2671 988 2726 desaeviit.
1037 2671 1170 2725 Tum
1199 2687 1328 2726 vero
1357 2671 1647 2742 Origenem
1693 2675 1878 2738 ingens
1915 2677 2155 2746 martyrii

590 2766 786 2833 cupido
816 2765 1039 2820 incessit
1064 2805 1079 2828 ,
1111 2765 1201 2835 qui
1229 2780 1309 2830 se,
1337 2781 1458 2820 cum
1489 2766 1590 2820 hoc
1621 2767 1856 2832 fecisset,
1885 2770 2155 2838 egregium

589 2857 799 2912 scilicet
824 2859 949 2912 vita:
984 2857 1218 2913 fructum
1253 2858 1458 2928 cepisse
1497 2859 1883 2913 arbitrabatur.
1918 2861 2157 2915 Praesen-

2275 385 2329 428 et
2356 376 2606 444 opulenta
2638 377 2853 444 mulier,
2884 391 2939 434 et
2985 382 3330 440 facultatibus
3370 391 3473 445 suis
3511 395 3778 460 sublevabat

2276 465 2468 536 inopes
2493 509 2507 533 ,
2544 470 2637 524 sed
2666 472 3005 527 orthodoxos
3049 476 3123 528 ab
3169 475 3422 534 haereticis
3448 496 3612 551 parum
3639 501 3776 548 caute
3802 485 3809 504 '

2275 558 2620 614 discernebat
2655 579 2668 615 :
2699 577 2822 615 nam
2847 561 3076 617 Paulum
3106 567 3380 634 quemdam
3409 570 3771 647 Antiochenam,
3801 591 3804 594 ‘

2275 648 2416 703 inter
2441 651 2838 708 Alexandrinos
2873 653 3153 709 haereticos
3180 657 3376 724 primas
3400 669 3664 732 tenentem,
3683 685 3775 725 non

2272 742 2464 811 Opibus
2504 743 2675 796 solmn
2713 743 2890 810 fovit,
2923 746 3016 799 sed
3062 747 3200 801 domi
3246 748 3400 804 etiam
3431 765 3688 824 exceptura
3731 762 3775 816 in

2273 832 2438 887 tilium
2467 833 2765 903 adeptavit.
2795 833 3044 904 Origenis
3073 835 3159 889 illa
3193 838 3402 907 quoque
3433 857 3598 898 casum
3642 847 3777 902 misc-

2273 932 2384 976 rata
2411 963 2427 986 ,
2457 924 2606 992 pueri
2661 923 3008 993 languescere
3055 940 3158 979 non
3187 927 3313 980 sivit
3361 928 3655 985 industriam
3677 972 3692 999 ,
3731 945 3777 988 et

2270 1013 2515 1066 animum
2548 1013 2754 1066 incultu
2794 1024 3010 1082 torpere
3033 1055 3050 1078 ,
3080 1016 3174 1069 sed
3214 1017 3376 1082 victu,
3399 1021 3686 1090 ceterisque
3710 1040 3778 1076 rc.-

2273 1104 2371 1158 bus
2417 1107 2700 1159 commodc
2751 1117 2805 1160 et
2857 1106 3150 1161 liberaliter
3197 1108 3396 1163 habuit.
3448 1109 3563 1166 lude
3591 1113 3777 1181 Origeui

2270 1183 2445 1264 aliqua
2467 1213 2588 1250 cum
2619 1197 2786 1252 Paulo
2812 1199 3113 1255 intercessit
3139 1202 3485 1256 consuetudo:
3503 1203 3588 1257 sed
3611 1220 3798 1273 quam-'

2269 1287 2351 1340 vis
2377 1288 2442 1340 ad
2477 1288 2618 1342 hunc
2649 1299 2870 1360 propter
2910 1291 3272 1362 eloquentiam
3307 1294 3526 1347 homines
3553 1311 3645 1350 non
3679 1297 3774 1350 hae-

2271 1383 2422 1434 retici
2460 1382 2658 1443 modo,
2714 1385 2806 1436 sed
2856 1385 3141 1438 orthodoxi
3191 1384 3349 1438 etiam
3395 1398 3773 1450 concurrerent,

2269 1487 2540 1540 nnnquatn
2587 1475 2779 1526 adduci
2832 1475 3008 1544 potuit
3058 1474 3319 1545 Origenes
3355 1486 3406 1528 ut
3445 1479 3772 1543 precatioumn

2272 1581 2392 1617 cum
2423 1581 2489 1620 eo
2522 1567 2864 1620 consociaret
2897 1582 3052 1620 usmn
3084 1607 3100 1633 ,
3149 1567 3288 1633 quod
3337 1566 3559 1621 Ecclesia:
3593 1569 3777 1638 legibus

2201 1630 2247 1686 Β
2275 1657 2496 1710 vetitmn
2525 1673 2644 1711 esse
2678 1658 3016 1711 tneminerat.
3071 1657 3189 1711 Non
3236 1657 3418 1711 leviter
3445 1658 3521 1710 hic
3544 1659 3602 1711 ab
3628 1657 3780 1713 Euse-

2269 1748 2380 1810 bio,
2406 1763 2566 1818 quem
2598 1763 2774 1803 tamen
2803 1759 3104 1804 assectatur
3133 1749 3331 1818 palam,
3361 1751 3448 1803 sed
3475 1751 3565 1805 hoc
3591 1750 3706 1808 loco.
3727 1763 3779 1804 ut

2268 1840 2500 1903 videtur,
2550 1840 2810 1894 intellexit
2857 1855 3084 1909 parum,
3138 1840 3388 1896 dissentit
3436 1838 3774 1908 Nicephorus:

2266 1931 2490 1983 Paulum
2521 1931 2722 2001 quippe
2743 1931 2924 1986 divitis
2961 1933 3121 2000 hujus
3151 1935 3363 1984 femina:
3386 1933 3612 1984 maritmu
3637 1931 3783 1984 fuisse

2265 2021 2450 2074 scribit
2487 2021 2580 2074 lib.
2618 2037 2666 2085 v,
2702 2037 2822 2090 cap.
2853 2021 2922 2087 5;
2967 2021 3258 2092 Origenem
3306 2022 3575 2090 adoptione
3602 2020 3782 2076 lilium:

2265 2114 2405 2182 quod
2435 2129 2501 2168 ex
2528 2115 2666 2167 male
2696 2115 2936 2181 acceptis
2961 2113 3180 2169 Eusebii
3212 2114 3388 2168 verbis
3413 2114 3633 2168 sensisse
3657 2114 3781 2167 illum

2263 2204 2450 2258 statim
2498 2195 2796 2274 intelliget,
2833 2209 2920 2273 qui
2971 2207 3128 2260 verba
3175 2206 3291 2272 ejus
3336 2205 3780 2259 contenderitcutu

2262 2295 2584 2350 Eusebianis
2607 2335 2623 2358 ,
2657 2295 2736 2348 vel
2770 2295 2947 2350 Ruliui
2994 2296 3490 2366 interpretationem
3520 2310 3629 2347 cum
3660 2304 3784 2348 utro-

2261 2405 2366 2458 que
2392 2389 2699 2445 contulerit.

2331 2480 2423 2536 1X.
2483 2483 2775 2552 Acceptum
2830 2483 3236 2537 incommodum
3295 2481 3560 2552 diligentia
3614 2479 3788 2534 sarcire

2259 2578 2482 2645 cupiens
2511 2574 2793 2644 Origenes,
2821 2586 2872 2629 et
2904 2576 3176 2630 fortunam
3221 2575 3479 2629 industria
3513 2573 3790 2636 sublevare,

2261 2668 2514 2722 traditam
2549 2666 2649 2720 sibi
2685 2686 2713 2719 a
2746 2665 2905 2719 Patre
2935 2666 3324 2720 humaniorum
3361 2664 3702 2718 doctrinarum
3723 2679 3791 2716 co-

2257 2762 2552 2830 gnitionem
2584 2760 2866 2815 acerrimis
2889 2759 3080 2814 studiis
3115 2759 3402 2820 excoluit,
3436 2767 3699 2826 tantosque
3721 2755 3789 2810 fe-

2257 2854 2332 2906 cit
2375 2853 2429 2906 in
2485 2851 2854 2922 grammaticis
2899 2851 3204 2920 disciplinis
3259 2863 3605 2920 progressus,
3634 2857 3680 2899 ut
3711 2862 3790 2898 eas

589 2951 662 3003 sit
695 2949 747 3002 id
778 2958 969 3014 mater,
1001 2959 1055 3002 et
1090 2949 1343 3018 precibus
1392 2964 1454 3002 ac
1502 2951 1807 3004 rationibus
1834 2955 2149 3023 cxcogitatis

2258 2944 2471 3015 publice
2516 2944 2786 2998 docendas
2833 2942 3152 3010 susciperet.
3204 2941 3347 2995 Hinc
3405 2940 3575 3009 largus
3624 2938 3690 2991 illi
3730 2937 3786 2989 ad

491 3025 498 3033 ’
588 3042 677 3094 vix
707 3039 797 3093 lilii
831 3040 1162 3109 propositum
1197 3041 1478 3108 repressit.
1525 3040 1675 3106 Quod
1711 3043 1960 3097 omnibus
1991 3059 2151 3111 porro

588 3131 726 3184 votis
757 3131 1140 3198 concupiverat
1171 3131 1310 3183 illitis
1331 3173 1346 3195 ,
1375 3131 1428 3184 id
1460 3143 1680 3200 repente
1709 3135 1848 3202 patri
1878 3136 2149 3204 objectunt

585 3230 712 3277 est:
741 3223 831 3291 qui
869 3223 918 3275 iu
956 3223 1168 3278 vincula
1203 3223 1397 3278 Christi
1433 3225 1651 3280 nomine
1667 3225 1962 3293 conjectus,
1989 3232 2148 3283 morti

589 3313 907 3368 destinatur.
942 3313 1188 3384 Sopitum
1221 3317 1470 3387 martyrii
1507 3317 1833 3371 desiderium
1877 3320 1927 3373 in
1959 3317 2152 3390 Orige-

585 3407 671 3461 nis
695 3407 872 3459 animo
904 3407 1160 3461 excitaVit
1187 3406 1440 3462 Leonida:
1471 3409 1772 3462 constantia
1802 3449 1818 3476 ,
1853 3421 1911 3462 ιιι
1948 3411 2150 3480 quaevis

583 3499 685 3553 sibi
719 3499 899 3568 potius
955 3499 1238 3554 subeuntia
1279 3509 1546 3556 tormenta
1575 3540 1591 3564 ,
1644 3516 1804 3570 quam
1855 3517 1883 3556 a
1928 3515 2144 3573 sperata

583 3578 829 3657 martyrii
855 3588 1021 3658 gloria
1053 3589 1436 3643 discedendum
1463 3599 1694 3658 putaret.
1733 3593 1803 3645 At
1833 3603 2026 3656 mater,
2054 3595 2147 3648 ad-

583 3679 770 3733 hibitis
803 3679 1000 3732 frustra
1034 3680 1272 3744 lle'tibns,
1309 3681 1400 3735 filii
1455 3683 1712 3751 impetum
1746 3681 1976 3740 tardavit
2007 3697 2142 3752 arte,

581 3777 638 3822 et
663 3769 888 3824 occultis
918 3771 1085 3839 ipsius
1101 3773 1437 3828 vestimentis
1473 3775 1698 3829 invitum
1728 3777 1869 3831 domi
1904 3779 2141 3834 retinuit.

582 3856 772 3928 Itaque
801 3860 941 3928 quod
973 3861 1088 3928 ipse
1119 3862 1299 3917 facere
1330 3880 1434 3917 non
1468 3867 1662 3934 potuit,
1690 3866 1832 3921 Patri
1863 3881 1922 3924 ut
1944 3869 2144 3925 faceret

581 3950 881 4031 litterarum
910 3953 1371 4010 adhortationibus
1402 3968 1590 4012 auctor
1617 3959 1720 4014 fuit
1748 3976 1763 4014 :
1798 3964 1990 4031 quibus
2012 3979 2142 4018 con-

580 4029 844 4098 tirniatior
873 4043 1093 4100 eﬂ'ectus
1125 4044 1392 4102 Leonides
1418 4051 1612 4117 capitis
1645 4029 1967 4120 supplicium
1997 4055 2138 4121 tulit,

579 4147 743 4200 anno,
781 4141 840 4186 ιιι
866 4133 997 4197 dixi,
1035 4133 1220 4189 Severi
1252 4136 1484 4199 decimo,
1516 4139 1581 4192 ad
1614 4156 1644 4194 χ
1681 4139 1910 4197 Kalend.
1947 4141 2136 4208 Maias,

575 4223 644 4278 ad
671 4237 830 4291 quem
862 4224 1002 4277 diem
1036 4240 1179 4279 mors
1206 4227 1324 4296 ejus
1370 4227 1605 4282 refertur
1637 4230 1688 4283 iu
1723 4230 1963 4286 Romano
1997 4232 2140 4285 Mar-

2258 3052 2385 3091 usus
2435 3036 2558 3090 vita!
2607 3035 2946 3089 necessarios
2990 3046 3311 3101 proventus.
3360 3032 3612 3086 Ethnicos
3635 3039 3786 3084 autem

2252 3129 2388 3182 adeo
2422 3128 2665 3182 illexerat
2696 3127 2894 3181 Christi
2929 3125 3151 3194 religio,
3186 3135 3252 3178 ut
3296 3138 3439 3178 metu
3489 3122 3673 3192 fugatis
3705 3121 3790 3174 lic-

2252 3222 2431 3276 clesia:
2462 3221 2770 3274 doctoribus
2822 3217 3181 3272 .conlluerent
3226 3218 3299 3272 ad
3344 3219 3615 3287 Origeuem
3639 3216 3791 3268 adhuc

2252 3311 2645 3365 adolescentem
2673 3351 2688 3375 ,
2719 3310 2811 3363 sed
2841 3309 3085 3363 doctrina
3115 3309 3166 3362 iu
3196 3307 3562 3363 adolescentia
3606 3315 3657 3360 et
3690 3307 3789 3356 vir-

2252 3415 2365 3458 tute
2398 3404 2768 3473 con-pieuum,
2795 3401 2862 3454 ab
2885 3415 3056 3470 eoque
3082 3415 3240 3454 sacra
3280 3401 3384 3454 sibi
3431 3401 3667 3470 dogmata
3708 3411 3792 3450 ex-

2252 3496 2374 3565 poni
2424 3494 2642 3549 vellent.
2695 3493 2861 3562 Cujus
2907 3493 3256 3548 sermonibus
3308 3493 3484 3547 affecti
3536 3491 3793 3561 plerique.

2249 3587 2449 3642 Christi
2486 3598 2737 3656 suscepta
2777 3587 2899 3650 tide,
2950 3587 3000 3640 in
3036 3587 3287 3639 intitnam
3316 3586 3433 3653 ejus
3482 3583 3790 3638 familiarita-

2251 3688 2356 3731 tem
2381 3692 2498 3732 sese
2523 3676 2906 3746 adjunxerunt.
2942 3676 3125 3746 Itaque
3153 3675 3537 3732 Alexandrinus
3560 3673 3792 3728 Ecclesia:

2249 3772 2540 3840 episcopus
2587 3769 2932 3832 Demetrius.
2979 3785 3084 3823 non
3132 3769 3350 3824 felicius
3392 3767 3793 3823 Christianorum

2246 3877 2335 3916 res
2384 3862 2437 3916 in
2484 3859 2720 3932 Egypto
2769 3877 3021 3930 reparare
3069 3877 3127 3917 se
3158 3878 3323 3933 posse
3385 3859 3650 3921 credidit,
3690 3854 3794 3927 (l8)

2244 3969 2404 4024 quam
2432 3955 2477 4009 si
2528 3955 3039 4009 catechumenorum
3069 3971 3252 4009 curam
3315 3954 3404 4008 uni
3461 3950 3664 4022 Origeni
3713 3965 3797 4003 oc-

2243 4045 2472 4102 todecim
2543 4060 2713 4099 annos
2769 4056 2898 4101 nato
2952 4047 3327 4102 demandaret.
3404 4045 3658 4113 Utrasqne
3713 4043 3795 4096 hic

2243 4138 2407 4209 igitur
2457 4138 2764 4194 sustinebat
2823 4149 3046 4208 partes,
3095 4138 3424 4193 litteratoris
3472 4147 3526 4191 et
3574 4134 3794 4190 catechi-

2240 4241 2358 4286 SHE.

577 4311 861 4383 tyrologio.
893 4312 1036 4367 Bona
1071 4315 1210 4382 ejus,
1257 4317 1452 4385 quibus
1491 4317 1749 4373 familiam
1781 4322 1904 4376 dum
1937 4325 2136 4379 viveret
2169 4315 2214 4370 Β
2311 4323 2455 4377 Nova
2488 4322 2702 4377 interim
2735 4323 2941 4391 Aquilae
2970 4321 3311 4378 Alexandriae
3345 4324 3580 4394 praefecti
3621 4321 3669 4374 in
3701 4319 3793 4372 Ec-

576 4404 805 4459 honeste
855 4407 1221 4472 toleraverat,
1254 4409 1386 4464 fisco
1416 4421 1540 4465 sunt
1571 4412 1782 4466 addicta
1816 4432 1832 4470 :
1867 4426 2029 4484 atque
2062 4419 2136 4472 ita

572 4495 823 4565 Origenis
844 4539 859 4562 ,
888 4512 1012 4551 cum
1065 4508 1237 4554 matre
1269 4515 1331 4555 ac
1380 4516 1473 4557 sex
1510 4503 1748 4572 parvulis
1793 4507 2048 4563 fratribus
2083 4510 2134 4562 in

573 4601 782 4641 summa
811 4599 1052 4659 egestate
1088 4599 1143 4644 et
1171 4590 1315 4647 luctu
1363 4593 1580 4660 relicti,
1618 4611 1748 4664 opes
1780 4613 1969 4654 omnes
1997 4615 2132 4654 con-

641 4815 754 4886 (l7)
784 4815 1000 4880 Euscm,
1031 4815 1170 4871 Hist.
1201 4818 1378 4872 certes.
1405 4818 1498 4877 lih.
1535 4833 1609 4884 vl,
1637 4834 1755 4886 cap.
1785 4818 1840 4886 Ξ,
1868 4821 1930 4875 5.

641 4887 752 4960 (l8)
785 4887 958 4960 Quam
997 4891 1039 4960 si
1078 4893 1562 4960 catecltumeuornnt
1610 4907 1811 4948 curam,
1842 4905 1947 4946 etc.
1982 4889 2122 4945 liue-

526 4959 530 4966 ’
565 4952 677 5014 tius
710 4952 951 5021 sequitur
978 4958 1286 5028 ‘Eusehium
1312 5000 1327 5023 ,
1366 4963 1453 5022 qui
1492 4959 1629 5012 Hist.
1663 4960 1752 5012 lib.
1787 4977 1836 5013 vr
1863 4999 1878 5023 ,
1915 4977 2034 5028 cap.
2067 4963 2120 5023 5,

463 5023 466 5026 ’
528 5047 530 5050 '
566 5031 645 5083 ait
673 5047 689 5082 :
720 5029 875 5091 Ἔτος
899 5028 942 5080 δ’
974 5025 1106 5100 ἦγεν
1159 5027 1638 5100 ὁκτῳκαιδέκᾳτον,
1679 5030 1798 5082 καθ’
1825 5030 1853 5083 ὃ
1901 5023 1994 5082 τοῦ
2023 5031 2122 5100 τῆς

566 5099 920 5169 κατηχήσεως
977 5098 1214 5169 προέστη
1268 5097 1653 5154 διδασκαλείου.
1715 5102 1921 5153 Annum
1961 5097 2120 5166 porro

567 5174 738 5220 ωιηιιδ
769 5182 1004 5220 actarum
1032 5169 1286 5219 decimum
1329 5173 1528 5236 agebat,
1557 5180 1682 5222 tunc
1708 5187 1827 5222 cum
1870 5173 2120 5223 catechu-

564 5239 727 5309 menis
760 5238 1090 5309 instituendis
1142 5237 1413 5309 praefectus
1457 5249 1553 5292 cst.
1579 5239 1705 5309 Sed
1765 5239 2118 5309 Hieronymus

565 5303 802 5376 GatalOg.
856 5308 1097 5376 scriptor.
1142 5303 1346 5364 eam...
1373 5322 1492 5375 cap.
1527 5308 1595 5362 54
1625 5349 1639 5370 ,
1690 5320 1872 5376 aperte
1903 5303 2075 5362 innuit
2097 5349 2112 5373 ,

563 5375 814 5427 omnibus
841 5375 909 5429 ob
942 5377 1328 5442 persecutionis
1356 5390 1568 5447 metum
1597 5375 1766 5443 pulsis
1800 5395 1860 5430 ac
1896 5379 2109 5447 fugatis,

564 5459 686 5496 cum
745 5460 899 5514 nemo
946 5457 1244 5514 superesset
1305 5446 1639 5500 Alexandria:
1695 5449 1783 5514 qui
1841 5446 2112 5501 tradendis

564 5514 687 5586 fidei
718 5513 994 5586 catholica:
1014 5513 1342 5586 rudimentis
1367 5531 1586 5584 operam
1618 5513 1793 5575 daret.
1821 5516 2104 5586 Origeuem

561 5583 777 5652 quidem
807 5585 1102 5638 octodecim
1152 5601 1321 5641 annos
1354 5583 1536 5642 natum
1581 5583 1942 5657 κατηχήσεωιῐ
1967 5599 2104 5656 opus

2245 4415 2464 4469 clesiam
2492 4414 2732 4469 detonuit
2759 4415 3082 4484 persecutio,
3125 4414 3178 4467 itt
3216 4431 3395 4485 eaque
3422 4415 3675 4484 Origenes
3701 4409 3792 4462 sin-

2242 4507 2518 4577 gularibus
2552 4506 2695 4570 fidei,
2732 4507 2948 4574 pietatis
2976 4521 3039 4561 ac
3077 4510 3398 4561 constantia:
3430 4503 3794 4576 speciminibus

2241 4598 2402 4653 editis
2437 4612 2682 4668 magnam
2709 4597 2812 4652 sibi
2843 4598 2988 4653 inter
3017 4596 3360 4653 Christianos
3391 4598 3588 4652 famam
3610 4605 3662 4649 et
3680 4607 3792 4662 gra-

2225 4837 2534 4894 aggressum
2561 4820 2727 4894 fuisse
2754 4837 2769 4880 :
2796 4819 2887 4874 sed
2919 4826 3111 4894 sponte
3130 4815 3510 4894 et_necdum_a_
3533 4812 3792 4894 Demetrio

2225 4887 2560 4961 pracfectum,
2577 4893 2774 4962 quippe
2789 4887 3277 4964 qttentdlentetritis
3295 4887 3512 4964 nonnisi
3541 4887 3790 4964 postea-in

2224 4954 2289 5018 eo
2320 4979 2537 5016 munere
2550 4954 2912 5016 coiit-irritavit.
2945 4958 3078 5022 Hic,
3108 4957 3301 5026 inquit,
3328 4956 3670 5009 Alexandria?
3693 4954 3794 5004 dis-

2222 5050 2371 5102 perm
2397 5031 2654 5095 Ecclesia,
2677 5031 2876 5085 decimo
2923 5039 3104 5083 octavo
3128 5031 3298 5104 (etatis
3322 5041 3620 5104 suw'amio.
3640 5039 3796 5104 κατεη-

2223 5095 2432 5174 άήσεων
2465 5119 2595 5174 opus
2619 5117 2913 5174 aggressus,
2947 5107 3124 5174 postea
3155 5117 3184 5150 α
3215 5096 3481 5174 perusti-io
3514 5095 3630 5162 ejus
3657 5095 3791 5174 uritis

2221 5163 2459 5241 Episcopo
2491 5163 2544 5225 in
2578 5163 2748 5243 locum
2788 5163 3069 5243 Clementis
3103 5168 3463 5243 conﬁrmatus,
3492 5163 3790 5243 permultas

2222 5233 2404 5296 annos
2437 5242 2638 5310 ﬂoruit.
2687 5242 2827 5310 Qua!
2872 5240 3110 5292 narratio
3141 5233 3510 5310 _verisitttilior
3560 5233 3790 5310 videtur,

2224 5299 2768 5383 ntagisqiteEusebii
2821 5309 2989 5383 ipsius
3036 5307 3212 5383 ordini
3248 5314 3638 5383 conseptanea.

2219 5371 2361 5435 enim
2414 5371 2704 5434 verisimile
2747 5371 3206 5435 est-Demetrium
3258 5375 3352 5428 uni
3406 5371 3635 5437 Origeni
3685 5379 3790 5448 tam

2217 5466 2417 5519 paucos
2464 5465 2634 5504 annos
2680 5459 2805 5504 nato
2838 5448 3347 5505 catechumeuorum
3378 5458 3574 5497 curam
3609 5448 3790 5494 statim

2215 5521 2586 5576 demandasse.
