4020 6306
320 328 429 382 lilii

1323 328 1894 387 ORIGENIANORUM
1934 328 2059 384 LIB.
2103 330 2149 393 l,
2186 329 2339 386 CAP.
2379 329 2421 384 l.

3485 331 3589 387 6'46

323 443 455 498 tiam
531 443 763 514 peperit.
812 443 945 499 Cum
1000 445 1144 499 enim
1202 445 1543 499 traherentur
1592 445 1661 499 ad
1723 458 1908 498 necem
1935 446 1984 505 Α
2013 444 2479 512 tet-pretationem,
2513 459 2543 498 a
2574 443 2788 500 Juliana
2813 445 3103 519 Origenem
3142 448 3441 518 accepisse,
3469 466 3592 521 quae

322 546 593 608 martyres
617 537 821 592 Christi
849 577 864 602 ,
903 537 1094 591 obvios
1126 537 1576 605 amplectebatur,
1608 536 1899 592 allectaba-

324 641 412 683 tur
441 637 674 693 euntes,
725 627 1086 682 morientibus
1141 628 1363 695 aderat,
1413 639 1465 686 et
1506 638 1899 684 tormentorum

321 721 583 775 saavitiant
633 719 1054 775 allocutionibns
1110 728 1160 775 et
1206 719 1415 775 solatiis
1463 722 1697 777 levabat.
1749 723 1900 779 Unde

317 810 723 866 circumstantis
756 809 937 881 populi
962 826 1234 866 conversa
1279 812 1332 865 in
1367 827 1427 866 se
1472 813 1750 868 iracundia
1775 856 1790 877 ,
1824 814 1899 866 la-

320 900 535 969 pidibus
564 900 833 968 appetitus
860 939 876 964 ,
924 915 1048 954 cum
1108 900 1440 956 nefariorum
1495 902 1774 958 hominum
1808 905 1896 959 vix

317 992 595 1063 ell‘ugisset
624 1008 835 1058 manus,
864 995 1048 1048 statim
1075 993 1272 1049 domus
1299 995 1436 1065 ejus,
1459 1011 1617 1064 quam
1649 997 1867 1065 frequen
1886 1028 1899 1038 -

320 1083 425 1135 tari
454 1083 855 1137 catecltumcnis
902 1083 1294 1149 adverterant,
1331 1087 1556 1140 armatis
1592 1087 1897 1144 hominibus

319 1176 681 1231 circumsessa
729 1186 834 1232 est.
885 1176 1012 1230 Mihi
1076 1177 1342 1247 imprimis
1397 1195 1580 1234 eorum
1640 1183 1900 1247 probatur

318 1269 504 1337 Opinio
528 1308 543 1330 ,
588 1269 679 1338 qui
714 1270 1017 1337 tempestati
1050 1270 1175 1324 huic
1207 1272 1485 1341 egregium
1535 1271 1784 1341 Origenis
1817 1273 1898 1328 fa-

318 1359 495 1424 cinus,
538 1360 606 1414 ab
649 1358 949 1429 Epiphanio
976 1362 1108 1415 llIL’l'.
1145 1362 1232 1426 64,
1260 1376 1381 1431 cap.
1423 1365 1475 1430 1,
1510 1380 1898 1423 commemora-

319 1460 433 1503 tum
463 1450 777 1519 adjungunt,
813 1453 1027 1520 quando
1057 1468 1179 1507 eum
1215 1455 1409 1509 adraso
1448 1460 1674 1524 vertice,
1712 1460 1895 1529 quales

316 1539 695 1612 IEgyptiorum
726 1543 948 1596 deorum
989 1543 1228 1599 ministri
1276 1560 1396 1602 esse
1427 1547 1603 1603 solent
1632 1589 1647 1615 ,
1680 1553 1893 1622 profani

319 1632 601 1704 Serapidis
630 1636 887 1702 gradibus
941 1647 1245 1693 statuentes
1299 1640 1555 1706 Ethnici,
1589 1643 1893 1710 palmarum

319 1739 501 1779 ramos
526 1725 765 1795 praebere
816 1726 1095 1797 jusserunt
1142 1730 1540 1795 sacerdotibus,
1578 1735 1666 1802 qui
1696 1737 1761 1789 ad
1793 1727 1892 1791 ob-

2003 552 2065 591 ea
2103 551 2265 605 porro
2307 534 2432 604 jure
2475 539 2847 591 successionis
2878 538 2946 593 ab
2982 539 3101 609 ipso
3131 538 3460 612 Symmacho
3492 543 3590 594 ba-

2001 628 2161 682 bebat
2186 668 2202 692 ,
2241 627 2368 681 inde
2415 626 2634 698 collegit
2664 627 2925 682 Baronius
2955 644 3022 683 ex
3056 630 3124 683 iis
3157 629 3469 700 Symmachi
3519 628 3590 685 li-

2004 719 2117 773 bris
2144 718 2459 772 memoratis
2490 718 2557 773 ab
2590 718 2820 772 Eusebio
2846 735 3006 773 unum
3042 734 3164 774 emn
3202 722 3388 787 fuisse,
3419 737 3582 792 quem

2002 827 2161 864 manu
2198 808 2447 879 Origenis
2481 818 2726 862 notatum
2774 811 2909 863 vidit
2942 810 3249 879 Palladius;
3289 814 3367 866 vel
3422 814 3584 868 Com-

1999 904 2294 958 meutarios
2324 918 2514 971 nempe
2548 903 2600 955 in
2649 902 2958 959 Mattbmum
2987 947 3001 968 ,
3044 906 3126 959 vel
3170 907 3581 976 lnterpretatio—

1998 1008 2118 1048 nem
2156 994 2325 1060 ipsam
2355 993 2667 1061 Scriptum.
2702 994 2971 1049 Praeterea
3011 1012 3115 1050 non
3146 998 3252 1051 alia
3293 1000 3579 1069 Origenem

1998 1087 2064 1142 de
2115 1104 2282 1143 causa
2316 1087 2541 1143 latuisse
2572 1090 2710 1156 apud
2754 1087 3022 1143 Julianam
3056 1093 3288 1157 censuit,
3327 1108 3486 1162 quam
3517 1103 3576 1149 nt

1998 1178 2233 1248 aliquam
2263 1179 2605 1234 ethnlcorum
2642 1180 2905 1235 adversus
2953 1181 3291 1238 Christianos
3318 1200 3576 1253 persecu-

1998 1270 2193 1324 tionem
2230 1270 2514 1336 devitaret,
2564 1270 2643 1323 vel
2677 1270 2865 1326 Severi
2896 1273 3125 1335 scilicet,
3160 1274 3245 1328 vel
3276 1273 3577 1343 Maximini,

1993 1361 2080 1415 vel
2120 1362 2266 1417 Decii
2308 1383 2321 1418 :
2362 1380 2484 1419 cum
2520 1364 2796 1418 Maximini
2841 1376 3018 1420 autem
3046 1366 3127 1421 vel
3162 1367 3304 1422 Decii
3336 1378 3494 1423 aetate
3522 1371 3576 1425 lii

1990 1452 2098 1521 jam
2137 1454 2445 1523 Symmachi
2473 1454 2592 1508 libri
2624 1456 2884 1509 exiissem
2920 1456 2971 1509 in
3008 1456 3183 1511 lucem
3211 1496 3227 1521 ,
3262 1467 3314 1514 et
3358 1460 3423 1513 ad
3460 1458 3577 1514 Ori-

1997 1544 2150 1613 genis
2180 1546 2405 1613 proinde
2437 1548 2683 1601 notitiam
2717 1547 3037 1611 venissent,
3092 1557 3203 1601 tum
3238 1560 3386 1604 certe
3414 1553 3482 1605 ab
3509 1567 3576 1606 eo

1994 1634 2163 1689 fuisse
2208 1636 2455 1691 inventos
2484 1677 2498 1701 ,
2552 1637 2679 1690 dum
2733 1638 2918 1692 Severi
2952 1638 3151 1694 bellum
3186 1641 3237 1694 in
3272 1640 3572 1695 Ecclesiam

1997 1725 2245 1782 ferveret.
2303 1726 2607 1783 Halloxium
2661 1730 2826 1783 traxit
2855 1730 2906 1784 in
2939 1745 3220 1786 assensum
3259 1749 3319 1787 ea
3354 1732 3572 1788 Baronii

314 1817 495 1870 eunda
549 1832 705 1872 sacra
734 1818 1118 1881 ascendebant,
1151 1836 1259 1889 quo
1287 1838 1435 1877 more
1463 1838 1649 1879 eorum
1682 1831 1890 1895 gravis-
1928 1794 1969 1850 Β
1995 1817 2133 1870 ratio
2158 1856 2173 1880 ν
2205 1832 2367 1886 quam
2418 1819 2728 1874 accuralius
2778 1830 2956 1875 tamen
2991 1824 3361 1876 exculiamuso
3397 1820 3567 1887 Quem

314 1910 468 1961 sima:
520 1911 855 1964 cmremonia:
909 1913 1271 1968 continentur.
1322 1914 1578 1985 Acceptis
1635 1917 1729 1973 ille
1775 1920 1892 1989 pal-

316 2014 529 2052 marum
581 2000 856 2067 surculis,
905 2004 1161 2071 praesenti
1212 2006 1393 2060 animo
1442 2016 1497 2060 et
1538 2021 1758 2074 erecto,
1805 2026 1894 2066 as-

318 2097 496 2142 tantes
540 2090 646 2143 alta
679 2106 811 2146 voce
837 2092 917 2147 sic
947 2093 1215 2151 allocutus
1243 2106 1324 2151 est
1355 2115 1369 2152 :
1401 2099 1591 2152 Adeste
1611 2140 1625 2163 ,
1673 2102 1893 2170 accipite

315 2196 549 2245 ramum,
597 2200 698 2236 non
746 2187 923 2253 templi
972 2187 1129 2241 idolis
1175 2192 1489 2257 consecrati,
1538 2199 1624 2245 sed
1672 2192 1889 2250 Christi.

317 2269 525 2337 Quibus
571 2274 851 2341 gentilium
903 2277 955 2330 in
1004 2292 1064 2331 se
1114 2281 1399 2335 concitatis
1448 2284 1686 2351 animis,
1735 2286 1889 2357 fuge-

316 2378 402 2428 re,
436 2363 650 2419 latitare
675 2405 690 2432 ,
725 2375 779 2421 et
809 2366 1045 2423 latebras
1071 2370 1262 2426 crebro
1298 2388 1636 2431 commutare
1663 2390 1889 2435 coactus

308 2464 415 2510 85!.

386 2544 457 2602 X.’
481 2548 809 2606 Alexandria
836 2552 937 2607 sub
968 2551 1105 2607 idem
1128 2562 1339 2625 tempus
1363 2558 1665 2614 excessisse
1688 2559 1883 2631 ipsum,

311 2648 370 2693 et
399 2640 705 2696 Caesaream
741 2643 1096 2714 Cappadociae
1145 2647 1454 2719 confugisse
1496 2665 1683 2709 censet
1714 2655 1882 2710 Baro-

310 2735 437 2791 nitts
470 2735 537 2791 ad
564 2753 652 2791 an.
686 2736 793 2793 205
817 2778 833 2802 ,
873 2755 927 2792 n.
959 2738 990 2793 6
1017 2781 1032 2804 ,
1065 2740 1287 2797 Palladii
1322 2749 1644 2803 auctoritate
1670 2765 1886 2820 permo-

313 2836 426 2894 tus,
463 2830 551 2897 qui
576 2846 695 2901 cap.
740 2830 863 2896 147,
898 2832 1184 2904 Origenem
1213 2836 1422 2901 scribit,
1450 2854 1569 2893 cum
1600 2842 1880 2912 gentilium
1916 2865 1926 2882 ι

290 2922 654 2977 vexationem
684 2922 911 2994 fugeret,
937 2924 1198 2983 Caesareae
1228 2931 1367 3000 apud
1398 2929 1668 2987 Julianam
1712 2935 1881 3004 virgi-

306 3026 437 3065 nem
488 3011 765 3069 delituisse
809 3014 1027 3072 biennio
1054 3060 1069 3084 ,
1117 3029 1170 3074 et
1200 3021 1251 3074 in
1282 3021 1477 3076 litteris
1511 3024 1750 3079 animum
1779 3025 1879 3079 ba-

1993 1909 2187 1963 librum
2216 1910 2466 1980 Origenis
2499 1928 2657 1966 manu
2683 1922 2925 1966 notatum
2956 1914 3156 1967 vidisse
3193 1929 3253 1969 se
3280 1914 3352 1968 ait
3391 1913 3569 1968 Palla-

1992 2001 2133 2068 dius,
2154 2001 2201 2055 is
2229 2013 2349 2056 erat
2373 2002 2785 2072 antiquissimus
2821 2022 2833 2057 :
2871 2005 3015 2072 atqui
3044 2003 3343 2058 Palladium
3372 2004 3570 2058 ducen-

1995 2093 2062 2147 tis
2103 2093 2323 2148 circitcr
2368 2097 2526 2149 annis
2561 2093 2918 2165 Symmachus
2952 2095 3264 2149 antecessit.
3317 2095 3429 2166 (ΞΟ)
3479 2096 3560 2148 Αιι

1991 2199 2119 2239 vero
2165 2186 2517 2240 ducentorum
2574 2198 2838 2240 annorutn
2891 2188 3056 2241 codex
3089 2228 3105 2254 ,
3158 2188 3569 2256 antiquissimus

1988 2276 2093 2331 dici
2120 2278 2305 2347 possit,
2333 2279 2645 2333 existiment
2666 2279 2883 2343 eruditi,
2904 2280 2993 2349 qui
3011 2281 3341 2349 sciuntquol
3371 2282 3565 2334 sa-eula

1994 2366 2257 2435 ejusmodi
2293 2369 2509 2424 codices
2536 2370 2783 2425 durando
2811 2369 3028 2426 vincere
3075 2370 3215 2426 soliti
3241 2371 3371 2425 sint.
3406 2369 3565 2441 Sym—

1987 2460 2235 2514 machum
2260 2474 2390 2528 ergo
2417 2461 2556 2515 liber
2583 2461 2687 2516 iste
2715 2470 2997 2516 auctorem
3028 2476 3137 2515 non
3171 2459 3379 2515 habuit.
3419 2460 3567 2527 Quos

1986 2562 2165 2606 autem
2200 2568 2229 2606 a
2263 2549 2475 2607 Juliana
2506 2551 2818 2625 Symmachi
2850 2553 3015 2608 libros
3060 2554 3337 2623 accepisse
3372 2552 3565 2624 Orige-

1985 2661 2107 2701 nem
2157 2645 2334 2715 prodit
2366 2645 2625 2700 Eusebius
2653 2688 2667 2712 ,
2701 2645 2767 2698 ab
2799 2644 2915 2714 ipso
2965 2643 3182 2698 fuerunt
3235 2642 3565 2716 Symmacho

1984 2739 2267 2795 elaborati.
2302 2739 2382 2793 Ad
2411 2738 2525 2791 lucc
2556 2736 2658 2791 fuit
2688 2738 2945 2807 στιχηρὸς
2972 2735 3059 2789 ille
3092 2736 3259 2791 codex
3292 2751 3451 2806 quem
3476 2737 3560 2791 vi-

1984 2830 2061 2884 dit
2117 2831 2387 2885 Palladius
2438 2848 2451 2884 :
2508 2838 2565 2883 at
2617 2842 2794 2897 neque
2851 2827 3161 2898 Symmachi
3210 2827 3560 2883 Commenta-

1984 2926 2118 2987 rios,
2151 2923 2261 2992 (El)
2314 2937 2489 2991 neque
2536 2919 2829 2988 Scriptura:
2861 2918 3356 2988 lnterpretationem
3380 2960 3395 2984 ,
3447 2936 3561 2973 στι-

1982 3016 2168 3089 χηρῶς
2197 3017 2363 3071 fuisse
2395 3014 2597 3083 scripta
2629 3014 2878 3081 cuiquam
2928 3011 3063 3065 bene
3095 3026 3232 3066 sano
3264 3012 3558 3081 persuade-

302 3103 510 3159 buisse-
547 3106 748 3163 Deinde
786 3108 900 3164 haec
932 3111 1203 3168 subnectit
1235 3131 1248 3167 :
1288 3109 1457 3186 Εὗρον
1486 3116 1543 3170 δὲ
1572 3118 1746 3173 ταῦτα
1772 3118 1882 3188 ἐγὼ
1909 3137 1950 3195 C
1986 3112 2149 3163 bitur.
2182 3107 2333 3162 Alius
2374 3120 2505 3174 ergo
2539 3104 2641 3159 fuit
2688 3103 2776 3158 ille
2823 3102 3068 3158 Palladio
3102 3114 3558 3157 eommemoratus

300 3198 667 3269 γεγραμμένα
721 3202 778 3253 ἐν
817 3201 1164 3276 παλαιοτάτῳ
1203 3207 1389 3279 βιϐλίῳ
1425 3210 1685 3281 στιχηρῷ,
1745 3214 1883 3285 ὅπερ

298 3286 619 3359 ἐγέγραπτο
669 3293 813 3364 χειρὶ
854 3294 1174 3365 Ὧριγένους·
1212 3297 1369 3352 τοῦτο
1414 3300 1476 3354 τὸ
1499 3301 1700 3371 βιϐλίον
1725 3295 1882 3375 εὗρον

294 3379 422 3449 ἐγὼ
482 3383 633 3454 παρὰ
687 3384 944 3459 Ἰουλιανῇ
994 3390 1245 3461 παρθένῳ
1276 3392 1333 3446 ὲν
1375 3394 1700 3465 Καισαρείᾳ,
1746 3412 1880 3466 κρυ-

296 3474 574 3545 πτάμενος
626 3477 779 3546 κάγὼ
826 3484 952 3552 παρ’
977 3483 1136 3553 αὐτῇ,
1170 3484 1291 3553 ἥτις
1331 3485 1483 3553 ἔλεγε
1537 3488 1667 3558 παρ’
1716 3488 1879 3542 αὑτοῦ

297 3569 605 3640 Συμμάχου
655 3572 749 3625 τοῦ
786 3573 1067 3645 ἑρμηνέως
1102 3575 1208 3629 τῶν
1247 3577 1509 3631 Ἰουδαίων
1556 3580 1686 3633 αὐτὸ
1738 3581 1881 3653 είλη-

301 3661 488 3729 φέναι.
512 3663 801 3718 Manil‘cslo
827 3666 940 3718 luce
976 3666 1074 3718 sibi
1097 3678 1429 3737 repugnant:
1457 3685 1577 3722 nam
1612 3672 1655 3724 si
1683 3670 1876 3725 librum

303 3752 455 3806 illum
485 3769 645 3809 manu
676 3769 771 3809 sua
798 3757 1039 3811 exaravit
1061 3756 1341 3827 Origenes,
1374 3763 1643 3829 quomodo
1675 3762 1820 3816 illum
1847 3779 1877 3818 a

304 3842 639 3913 Symmacho
690 3845 893 3901 habere
939 3848 1114 3917 potuit
1158 3844 1423 3903 Juliana?
1460 3853 1729 3920 quomodo
1754 3868 1874 3906 eum

301 3933 445 4004 apud
473 3934 739 3990 Julianam
772 3936 1033 4006 Origenes
1060 3941 1301 4010 reperire
1326 3942 1349 3995 ?
1400 3940 1560 4012 Lege,
1587 3942 1730 4016 ἆπερ
1756 3944 1877 4012 ἐγέ-

301 4041 543 4097 γραπτο,
579 4029 833 4096 proclivia
865 4031 991 4085 lient
1016 4033 1219 4086 omnia.
1257 4031 1388 4087 Sese
1420 4033 1472 4087 in
1499 4033 1877 4103 antiquissimo

305 4117 449 4171 libro
470 4117 634 4173 verba
660 4119 775 4173 hate
801 4135 959 4174 manu
986 4120 1240 4192 Origenis
1270 4123 1473 4193 scripta
1501 4125 1768 4193 reperisse
1802 4125 1876 4179 ait

298 4205 576 4262 Palladius
614 4225 628 4263 :
662 4208 817 4263 Hune
852 4209 1042 4264 librant
1092 4214 1266 4266 inveni
1298 4213 1436 4281 apud
1465 4212 1739 4267 lulianum
1769 4217 1875 4270 vir-

298 4300 500 4367 ginem,
526 4300 580 4352 in
614 4297 854 4355 Caesarea
874 4303 1101 4368 civitate,
1126 4304 1253 4375 dum
1270 4306 1411 4372 apud
1441 4307 1607 4368 ipsam
1636 4307 1871 4372 laterem,

298 4407 420 4460 qtae
463 4390 613 4445 illum
649 4393 713 4446 ab
742 4395 857 4463 ipso
901 4394 1216 4466 Symmacho
1255 4397 1530 4466 interprete
1564 4398 1870 4452 Juda'orum

1984 3201 2143 3267 liber,
2173 3198 2262 3254 alii
2292 3198 2542 3253 Eusebio.
2574 3195 2685 3250 Nec
2720 3195 2914 3249 mirum
2948 3210 3080 3249 sane
3114 3206 3374 3262 utrosque
3402 3210 3430 3263 a
3461 3193 3558 3248 Ju-

1982 3292 2120 3347 liana
2148 3290 2422 3359 accepisse
2455 3287 2740 3356 Origenem
2772 3327 2787 3352 ,
2832 3303 2958 3341 cum
2986 3286 3281 3341 verisimile
3325 3288 3397 3341 sit
3430 3287 3554 3340 uni-

1980 3400 2191 3439 versam
2228 3382 2541 3455 Symmachi
2572 3380 2953 3433 bibliothecam
2986 3379 3051 3432 ad
3078 3377 3349 3433 Julianam
3381 3381 3554 3434 hatre-

1980 3478 2176 3532 dilario
2206 3477 2327 3544 jure
2356 3473 2669 3543 pervenisse
2693 3513 2708 3537 ,
2740 3471 2897 3539 cujus
2936 3471 3047 3538 ipsa
3088 3470 3282 3524 deinde
3336 3472 3551 3540 Origeni

1979 3574 2185 3641 copiam
2225 3571 2431 3624 fecerit.
2461 3567 2598 3622 Hinc
2636 3582 2766 3637 ergo
2818 3565 3022 3619 frustra
3069 3563 3342 3618 concludit
3387 3561 3553 3616 Baro-

1979 3666 2097 3718 nins
2127 3661 2439 3733 Symmachi
2490 3656 2996 3727 lnterpretationem
3030 3665 3084 3709 et
3120 3655 3552 3711 Commentarios

1979 3765 2105 3809 tunc
2133 3755 2200 3807 ab
2228 3749 2462 3821 Origene
2489 3750 2655 3803 fuisse
2688 3749 2958 3810 inventos,
2995 3760 3120 3802 cum
3154 3746 3439 3816 imperium
3470 3757 3549 3800 te-

1976 3855 2129 3900 neret
2158 3845 2415 3906 Severus,
2441 3851 2495 3897 et
2528 3840 2821 3895 Ecclesium
2855 3838 2995 3893 male
3018 3839 3262 3897 haberet,
3293 3848 3544 3907 propter-

1975 3952 2036 3992 ea
2064 3935 2205 4005 quod
2259 3935 2374 4005 jam
2435 3944 2546 3987 tum
2594 3932 2647 3987 in
2679 3930 2964 4001 Origenis,
3014 3930 3362 3999 omniumque
3415 3931 3548 3985 adeo

1974 4043 2165 4083 manus
2192 4038 2469 4088 venerant,
2500 4042 2620 4079 cum
2657 4023 2999 4087 Maximinus,
3030 4031 3123 4075 ant
3155 4022 3349 4075 Decius
3380 4018 3546 4075 Chri-

1972 4121 2204 4176 stianam
2242 4118 2625 4189 rempublicam
2656 4124 3047 4186 oppugnarunt.
3090 4114 3200 4184 (22)
3225 4114 3308 4168 Ae
3334 4115 3379 4167 si
3423 4114 3543 4169 fleri

1973 4228 2079 4268 non
2112 4212 2367 4282 potuerit,
2396 4220 2475 4275 ut,
2518 4208 2769 4279 quamvis
2814 4206 2924 4276 jam
2963 4206 3326 4259 innotuissent
3361 4205 3543 4261 multis

1972 4304 2053 4358 ha:
2086 4303 2486 4357 lucubrationes
2521 4297 2831 4371 Symmachi
2864 4336 2879 4359 ,
2912 4298 3084 4366 ipsum
3121 4305 3298 4349 tamen
3343 4292 3539 4362 Orige-

1974 4410 2094 4450 nem
2128 4396 2250 4450 aliis
2274 4395 2578 4449 districtum
2606 4392 2767 4445 rebus
2793 4389 3106 4460 effugerint.
3135 4389 3389 4443 Eamdem
3424 4388 3542 4459 ejus

302 4496 358 4534 se
389 4483 646 4551 accepisse
668 4485 938 4553 referebat.
966 4485 1081 4557 (l9)
1113 4486 1377 4555 Quoniam
1412 4498 1589 4543 autem
1621 4490 1745 4544 alibi
1783 4491 1871 4543 do-
1904 4485 1946 4539 ι)
1975 4484 2325 4539 Iatitationem
2376 4493 2560 4537 narrat
2613 4481 2878 4537 Eusebius
2927 4481 3067 4536 libro
3093 4497 3144 4535 vt
3174 4520 3191 4547 ,
3219 4496 3338 4551 cap.
3368 4481 3432 4545 5,
3463 4481 3543 4551 ip-

303 4581 393 4625 cet
427 4571 687 4628 Eusebius
712 4574 1021 4645 Symmachi
1049 4574 1475 4633 Commentarios
1518 4579 1570 4632 in
1620 4579 1867 4648 Evange-

303 4663 431 4719 lium
464 4664 724 4733 Matthaai,
758 4676 813 4722 et
842 4668 911 4723 ab
940 4682 1006 4723 eo
1042 4670 1417 4725 concinnatam
1457 4670 1747 4741 Scriptura:
1777 4669 1865 4725 ln-

372 4867 484 5009 (l9?
511 4867 735 4937 Euseb.,
762 4868 902 4924 Ilist.
935 4871 1119 4926 eccles.
1160 4870 1255 4926 lib.
1283 4887 1358 4934 vr,
1387 4886 1437 4928 ο.
1476 4871 1564 4925 1⁸7.

372 4938 461 5009 (20
530 4939 614 4992 An
650 4955 767 4992 vero
800 4940 1142 4995 ducentorum
1195 4957 1451 4994 armorum
1501 4957 1560 4994 co

371 4938 483 5019 (20)
530 4939 614 4992 An
637 4955 767 5019 fere
800 4940 1155 5019 tiu-centenarii
1195 4957 1451 5019 aratorum
1474 4940 1703 5019 codex“,
1730 4942 1868 5019 anti-

301 5009 582 5072 quissimus
611 5010 719 5063 dici
743 5012 924 5073 possit.
962 5010 1158 5076 Quidni
1196 5011 1219 5064 ?
1270 5009 1429 5065 Certe
1462 5011 1632 5065 Aulus
1655 5012 1861 5066 Gellius

304 5077 395 5150 qui
430 5079 661 5150 necdum
689 5080 938 5150 ducentis
963 5080 1121 5150 annis
1147 5082 1213 5134 ab
1239 5080 1387 5150 obitu
1412 5078 1618 5150 Virgilii
1663 5082 1863 5150 elapsis

304 5146 403 5202 sub
440 5147 681 5203 Adriano
707 5146 909 5219 ﬂoruit,
937 5151 1014 5203 ait
1045 5149 1137 5203 lib.
1168 5166 1205 5204 tt
1236 5149 1392 5219 Noct.
1424 5146 1611 5214 Attia,
1652 5146 1771 5219 cap‘.
1802 5151 1859 5217 '5,

305 5228 578 5271 ostensum
635 5218 734 5273 sibi
791 5217 957 5273 fuisse
1007 5219 1222 5273 Librum
1269 5218 1533 5273 [Eneidos
1580 5217 1864 5273 secundum

307 5287 560 5358 miranda:
576 5289 851 5343 vetustatis
879 5325 897 5353 ,
923 5297 1148 5356 emptum
1176 5292 1229 5343 in
1260 5289 1532 5358 sigillariis
1558 5306 1626 5343 sx
1652 5292 1825 5344 aureis
1848 5331 1863 5352 ,

306 5352 452 5425 quein
500 5359 890 5430 grammaticus
926 5352 1017 5428 qui
1060 5352 1403 5426 ostendebat,
1436 5360 1605 5429 ipsius
1659 5358 1865 5430 Virgilii

307 5442 412 5479 esse
433 5428 693 5481 credebat.
1460 5428 1466 5429 ⁷
1524 5458 1527 5459 ν

373 5496 517 5570 (ἐξ)
568 5496 750 5570 Neque
810 5495 1633 5570 Scriptumlnterpretationem
1680 5496 1867 5570 στιχη-

310 5565 419 5637 ρῶςᾴ
440 5565 601 5634 fuisse
624 5565 819 5637 scripta
848 5569 1091 5637 cuiquam
1117 5568 1242 5622 bene
1278 5565 1406 5622 sano
1442 5565 1857 5637 persuadebitur.

310 5639 368 5689 ι).
404 5634 803 5691 Βθτηθηιυεῧθ
831 5634 1169 5692 Montfaucon
1197 5638 1247 5692 in
1300 5634 1754 5693 Praelimiuaribus
1801 5638 1855 5693 in

308 5697 547 5776 llesapla
592 5706 876 5776 Origenis,
924 5717 1105 5761 monet
1153 5707 1204 5762 in
1264 5708 1369 5762 line
1412 5718 1613 5763 eatena:
1659 5708 1709 5762 in
1755 5706 1857 5764 Job

306 5774 361 5831 in
404 5776 596 5845 Anglia
639 5774 796 5833 edita:
823 5817 838 5847 ,
885 5776 1070 5836 haberi
1106 5786 1271 5837 totum
1306 5778 1497 5835 librant
1540 5777 1638 5835 Job
1671 5795 1847 5845 στιχη·

1973 4590 2199 4645 sumque
2230 4576 2303 4629 ait
2336 4590 2404 4630 ex
2433 4576 2640 4630 aedibus
2674 4573 2726 4628 in
2755 4575 2895 4629 aedes
2922 4573 3217 4644 fugientem
3248 4575 3536 4644 migrasse,

1977 4685 2082 4725 non
2119 4685 2187 4725 ex
2219 4667 2441 4723 urbibus
2477 4667 2529 4722 in
2561 4668 2758 4734 urbes;
2794 4676 2848 4721 et
2897 4676 3005 4721 tota
3053 4667 3186 4722 urbe
3227 4669 3537 4737 neutiquam

1970 4870 2083 4943 ρῶς
2137 4869 2397 4940 scriptum
2455 4868 2522 4923 ad
2576 4866 2732 4924 ﬁdem
2786 4868 2986 4925 veteris
3046 4867 3325 4938 cujusdam
3377 4868 3537 4923 codi-

1967 4958 2057 4996 (IIS.

2038 5010 2147 5081 (29.)
2179 5009 2252 5063 Ac
2273 5010 2318 5081 si
2340 5008 2455 5081 ﬁeri
2482 5025 2583 5061 non
2600 5009 2848 5081 potuerit,
2873 5019 2949 5071 ut,
2975 5011 3206 5081 quamvis
3226 5008 3343 5081 jam
3370 5007 3535 5081 inno-

1965 5078 2386 5150 tuissent_multis
2431 5079 2512 5132 Ita:
2557 5078 3334 5150 lucubrationesSymmachi,
3362 5080 3532 5150 ipsum

1964 5161 2135 5203 tamen
2168 5148 2467 5218 Origenem,
2496 5160 2599 5203 etc.
2632 5167 2653 5218 ι
2698 5148 3005 5202 Verisimile
3037 5148 3156 5203 'non
3189 5148 3416 5218 videtur,
3451 5148 3533 5202 in-

1963 5221 2084 5288 quit
2109 5215 2484 5273 Tillemontius
2536 5219 2589 5272 in
2615 5217 2763 5288 Orig.
2805 5230 2915 5272 not.
2953 5235 3026 5281 tx,
3054 5218 3338 5288 Origenem
3372 5215 3530 5287 Sym-

1966 5288 2141 5343 machi
2184 5288 2491 5343 versionem
2533 5304 2597 5341 1.x
2626 5328 2642 5349 ,
2689 5296 2815 5341 ante
2843 5303 3015 5342 annos
3048 5288 3377 5341 elaboratam
3417 5298 3525 5342 tam

1965 5372 2110 5423 sero,
2142 5359 2192 5413 id
2218 5368 2298 5413 est
2370 5372 2512 5411 anno
2538 5358 2644 5412 255
2668 5400 2683 5421 ,
2716 5357 2816 5410 sub
2848 5357 3121 5412 Maximini
3154 5358 3399 5426 imperio,
3434 5372 3526 5426 na-

1966 5437 2110 5483 ctum
2147 5443 2265 5483 esse
2299 5444 2314 5482 :
2348 5437 2629 5496 potestque
2659 5428 2941 5482 commode
2990 5425 3252 5485 Eusebius
3302 5425 3526 5495 intelligi

1968 5509 2061 5568 aut
2108 5500 2172 5553 de
2220 5499 2334 5568 ipso
2365 5498 2673 5568 Symmachi
2728 5498 3103 5568 autographo,
3137 5512 3360 5568 namiex
3408 5496 3526 5564 ipso

1970 5566 2291 5639 Symmacho
2311 5566 2436 5639 illud
2455 5566 2663 5639 Juliana
2696 5566 3012 5639 acceperat;
3043 5577 3133 5622 aut
3158 5569 3223 5623 de
3249 5567 3528 5639 Commen-

1967 5636 2105 5693 tario
2132 5642 2360 5708 quodam
2388 5638 2698 5708 Symmachi
2729 5640 2781 5709 in
2809 5636 3161 5709 Scripturam,
3179 5654 3288 5692 non
3317 5637 3383 5690 de
3408 5637 3525 5709 ejus

1962 5705 2231 5833 versioge.
2269 5727 2287 5762 ι
2322 5705 2453 5766 Vide
2482 5722 2603 5778 qua:
2635 5708 2866 5764 dicimus
2893 5705 3034 5765 infra
3070 5705 3164 5766 lib.
3199 5723 3283 5777 tu,
3309 5705 3519 5776 θερμήν,

1962 5795 2107 5833 num.

1961 5795 2107 5835 num.
