4020 6306
502 314 604 388 sti

1777 337 1838 394 P.
1875 336 2196 394 DANIELIS
2233 341 2473 400 l’lUE‘l'll

3625 365 3716 423 6l8

501 449 749 522 potuisse
782 447 1082 514 occultari.
1137 466 1244 506 non
1286 464 1417 508 vero
1463 453 1848 512 Alexandrinis
1896 457 2092 512 linibus
2119 467 2164 518 Α
2194 461 2318 517 iiinc
2349 465 2666 523 imminutos
2704 469 2781 524 rei
2826 469 3108 528 familiaris
3153 472 3440 530 lructnsnt
3483 485 3720 552 sarciret,

499 545 822 600 excessisse.
859 545 995 600 Tum
1024 548 1288 602 continuo
1324 546 1542 614 subiicit
1581 558 1660 603 tot
1692 548 1808 618 ejus
1835 551 2085 622 exemplo

499 637 568 691 ad
602 635 805 691 Christi
853 647 1033 708 partes
1065 638 1234 693 fuisse
1269 639 1534 694 adductos
1562 679 1577 704 ,
1611 651 1668 695 ut
1712 655 1997 700 crescente
2029 644 2082 697 in

499 729 623 786 dies
657 731 1171 785 catechumenorum
1203 746 1452 796 numero,
1486 747 1623 802 quos
1660 734 1758 804 ipsi
1791 737 1890 790 soli
1929 737 2085 790 insti-

495 823 725 879 tuendos
755 825 1103 878 commiserat
1150 825 1458 880 Demetrius
1513 826 1915 883 Alexandrinus
1963 831 2083 897 epi-

497 929 693 984 scopus
722 955 737 977 ,
772 915 1143 992 grammaticae
1174 915 1308 990 artis
1341 915 1678 986 professione
1707 935 1766 974 se
1793 921 2079 979 abdicave-

496 1006 588 1060 rit.
639 1006 843 1074 Quibus
899 1008 969 1061 ita
1023 1008 1091 1062 ab
1143 1008 1380 1063 Eusebio
1425 1011 1768 1078 conjunctis,
1823 1013 1944 1082 quis
1972 1025 2078 1069 tam

493 1095 867 1170 longinquum,
910 1111 1128 1169 tamque
1157 1100 1470 1154 diuturnum
1508 1101 1610 1154 iter
1639 1111 1788 1172 putet
1818 1103 2078 1159 interces-

493 1192 678 1250 sisse?
713 1193 846 1248 Cum
897 1192 1026 1247 illud
1061 1207 1193 1263 ergo
1228 1193 1457 1263 tempori
1509 1193 1639 1249 huic
1691 1195 1915 1250 minime
1947 1216 2077 1268 pos-

486 1283 565 1340 sit
617 1285 834 1356 aptari,
881 1285 1226 1341 commodius
1252 1284 1395 1340 aliud
1430 1284 1569 1340 infra
1601 1287 1840 1357 reperire
1864 1292 2079 1347 conabi-

493 1392 639 1434 mur.

560 1533 656 1592 XI.
695 1535 810 1605 (23)
844 1533 1163 1591 Conliuente
1192 1534 1243 1588 in
1271 1534 1387 1589 dies
1415 1536 1480 1588 ad
1509 1535 1821 1607 Origenem,
1858 1547 1916 1594 ut
1941 1539 2070 1609 dixi,

489 1631 802 1687 auditorum
859 1643 1094 1684 numero
1115 1669 1129 1690 ,
1157 1643 1292 1698 quos
1326 1630 1524 1697 partim
1557 1633 1928 1700 grammaticae
1959 1645 2073 1688 stu-

489 1724 661 1786 dium,
696 1723 892 1792 partim
928 1720 1257 1776 Christianae
1290 1721 1551 1775 doctrina:
1587 1723 1944 1793 percipiendae
1971 1741 2071 1780 cu-

2189 553 2523 622 prol‘essorio
2574 560 2786 613 muneri
2819 562 2978 615 utiles
3029 562 3234 628 libros,
3267 579 3484 634 quorum
3511 573 3722 637 pretiosa

2189 644 2288 714 ipsi
2322 645 2562 715 supellex
2592 659 2730 714 erat,
2761 650 3015 705 distraxit
3042 667 3258 716 omnes,
3286 668 3347 707 ac
3371 655 3566 710 diurnae
3600 674 3722 724 qna-

2187 743 2313 790 tuor
2359 738 2644 792 obolorum
2684 742 2960 808 pensionis
2993 743 3168 809 pretio
3221 744 3472 806 vendidit,
3520 746 3626 820 (24)
3669 765 3726 805 ne

2184 827 2335 898 operi
2367 844 2463 884 suo
2491 831 2824 886 destinatum
2858 833 3170 889 domestice
3214 835 3290 889 rei
3338 836 3623 892 sollicitudo
3648 854 3726 894 re-
3768 891 3772 896 .

2184 921 2451 977 traheret.
3778 937 3788 944 ‘

2255 1057 2366 1114 XII.
2395 1057 2510 1128 (9.5)
2558 1059 2637 1113 Ad
2673 1075 2856 1114 rerum
2907 1058 3211 1114 divinarum
3259 1061 3486 1115 studium
3519 1068 3726 1124 accessit

2181 1151 2345 1204 etiam
2376 1151 2638 1206 virtutum
2671 1154 2939 1221 ninnium,
2966 1171 3087 1225 qua)
3116 1165 3300 1209 essent
3332 1154 3625 1213 Christiano
3652 1164 3726 1218 di-

2181 1256 2302 1312 gnm
2324 1282 2340 1305 ,
2369 1258 2498 1297 usus
2524 1244 2798 1300 assiduus.
2837 1244 2963 1299 Dies
2989 1246 3232 1300 docendo
3258 1286 3273 1310 ,
3307 1261 3482 1304 noctes
3520 1250 3724 1320 legendo
3779 1232 3782 1234 Ὺ

2180 1333 2515 1390 conterebat.
2544 1334 2755 1405 Jejnnia
2792 1337 2974 1407 longa,
2994 1340 3167 1392 somni
3203 1339 3409 1405 breves,
3441 1358 3564 1412 quos
3585 1346 3719 1404 lunni

2181 1435 2386 1480 tantum
2413 1464 2431 1491 ,
2472 1427 2556 1480 vel
2605 1428 2658 1482 in
2695 1439 2876 1482 storea
2929 1430 3175 1499 abjcctus
3207 1432 3459 1500 capiebat.
3498 1433 3721 1506 Frigoris

2175 1519 2244 1572 ad
2276 1520 2390 1574 haec
2423 1521 2888 1588 patientissimus;
2931 1523 3040 1576 vini
3069 1563 3083 1586 ,
3116 1523 3220 1579 olei
3249 1568 3264 1592 ,
3298 1524 3606 1597 aliarumque
3634 1545 3718 1584 re-

2175 1626 2315 1676 rmn,
2347 1613 2542 1681 quibus
2574 1613 2819 1667 irritatur
2852 1617 2995 1684 gula,
3027 1626 3082 1671 et
3111 1617 3178 1670 ad
3206 1616 3434 1672 laborem
3461 1619 3715 1675 ferendum

2175 1687 2563 1760 remollescunt
2622 1707 2913 1771 homines,
2973 1707 3510 1776 abSIincntissimus,
3564 1729 3718 1782 usque

486 1817 689 1887 pidms
740 1814 1015 1869 amciebal
1043 1855 1058 1877 ’
1110 1829 1300 1884 parum
1351 1813 1453 1868 sibi
1505 1816 1798 1869 εοηνθηίτθ
1843 1818 2072 1872 πεώδη
2100 1810 2143 1865 Β
2172 1795 2307 1848 adeo
2339 1805 2398 1887 ut
2431 1807 2730 1852 tentaretur
2785 1799 3132 1865 valetudine,
3180 1811 3236 1854 et
3281 1803 3548 1857 stomacho
3587 1803 3718 1858 labo-

487 1909 706 1964 tradere
750 1907 1015 1962 elementa
1047 1905 1354 1960 litterarum
1382 1945 1398 1970 ,
1424 1907 1517 1975 qui
1561 1909 1727 1962 verbo
1761 1907 1854 1962 Dei
1891 1910 2066 1966 homi-

487 2016 616 2054 num
650 2009 860 2055 mentes
907 2007 1092 2070 posset
1139 1998 1402 2054 imbuere.
1441 1997 1804 2065 Quamobrem
1831 2003 2067 2073 abroga-

484 2092 564 2147 vit
589 2093 692 2148 sibi
738 2093 1008 2147 tradenda
1058 2091 1429 2162 grammaticae
1459 2107 1655 2148 munus
1680 2132 1696 2156 ,
1735 2104 1790 2148 et
1828 2095 1893 2148 ad
1924 2095 2066 2149 cele-

479 2181 718 2239 brandas
775 2182 1028 2238 meliores
1098 2181 1376 2238 doctrinas
1429 2197 1488 2238 se
1545 2185 1831 2240 convertit.
1883 2187 2066 2256 Atque

552 2513 666 2582 (23)
694 2515 914 2576 bnseb"
937 2512 1079 2568 llist.
1103 2512 1230 2568 eccl.
1267 2511 1362 2567 lib.
1394 2526 1472 2576 vr,
1501 2527 1623 2582 cap.
1657 2514 1710 2569 5.

579 2585 670 2654 ⁸24)
709 2584 789 2638 Ne
810 2586 953 2651 operi
987 2601 1082 2654 su_o
1127 2585 1445 2637 destinatum
1469 2584 1768 2638 domesticm
1796 2585 1874 2638 rei
1915 2584 2065 2638 solli-

479 2652 659 2710 citudo
687 2657 994 2725 retraheret.
1024 2652 1411 2725 Eusebiusait
1446 2655 1526 2725 sic
1555 2657 1735 2721 egisse
1765 2655 2060 2725 Origenem

479 2724 952 2796 prudenticonsilio
970 2739 1146 2786 usum,
1167 2739 1230 2776 ne
1247 2722 1420 2776 alieno
1437 2724 1670 2796 subsidio
1683 2741 1812 2792 opus
1828 2722 2057 2782 haberet.

494 2830 503 2845 ι
556 2794 672 2866 (25)
698 2794 778 2846 Ad
814 2810 993 2866 rerum
1032 2795 1329 2846 divinarum
1353 2795 1590 2866 studium
1613 2834 1630 2857 ,
1656 2798 1870 2849 accessit
1902 2797 2061 2850 etiam

482 2863 741 2932 uirtutum
782 2865 1038 2926 omnium,
1063 2879 1179 2934 qute
1214 2874 1381 2916 essent
1406 2863 1706 2918 Christiano
1737 2867 1929 2934 dignm,
1952 2879 2058 2920 ete.

480 2935 821 2989 Christianas
865 2934 1120 3001 Origenis
1151 2934 1383 2987 virtutes
1432 2935 1625 2988 leviter
1653 2936 1938 2989 admodum
1971 2937 2058 2990 hic

480 3005 700 3075 attingit
727 3002 974 3066 lluetius,
1017 3019 1158 3075 quas
1192 3013 1370 3058 tamen
1398 3004 1666 3059 Eusebius
1697 3015 1754 3060 et
1782 3006 1872 3059 alii
1901 3005 2060 3074 longe

475 3071 654 3130 fusius
680 3075 1012 3128 describunt.
1043 3071 1368 3142 Hujusntodi
1395 3075 1676 3142 disciplina
1700 3113 1716 3137 ,
1759 3076 1933 3144 inquit
1963 3071 2060 3130 Eu-

477 3143 663 3201 sebins
693 3147 786 3202 lib.
822 3161 872 3200 v1
893 3186 908 3210 ,
942 3160 1060 3212 cap.
1090 3145 1124 3199 5
1145 3183 1161 3209 ,
1194 3156 1241 3198 et
1267 3147 1421 3213 plane
1457 3144 1814 3214 philosophica
1836 3143 2057 3200 ratione

477 3218 704 3282 virendi,
745 3215 980 3283 pluribus
1003 3216 1242 3284 deinceps
1266 3217 1417 3268 annis
1449 3215 1528 3268 uti
1557 3216 1918 3285 perseveravit,
1951 3233 2056 3269 om-

477 3302 568 3340 nes
618 3287 931 3354 juvenilium
973 3286 1316 3355 cupiditateet
1361 3286 1630 3339 illecebras
1665 3287 1895 3354 undique
1939 3291 2058 3340 sub-

474 3369 703 3411 moeeus.
727 3357 801 3409 Ac
825 3357 1016 3409 diurno
1039 3357 1499 3427 quidemtempore
1520 3357 1854 3425 grauissimos
1875 3358 2056 3426 cujus-

474 3429 718 3495 quensodi
764 3426 1200 3481 exercitatiOnum
1250 3426 1455 3479 labores
1519 3427 1778 3480 tolerabat
1820 3441 1839 3478 .'
1886 3430 2054 3482 noctis

474 3512 595 3550 uero
625 3499 911 3550 maximam
935 3508 1137 3564 partem
1169 3496 1471 3550 divinarum
1517 3495 1916 3565 Scripturarum
1946 3510 2056 3550 stu-

471 3567 580 3620 diis
611 3567 942 3636 impendebat
964 3607 982 3632 ,
1009 3567 1351 3621 severissima:
1373 3569 1549 3636 quoad
1579 3580 1782 3635 poterat
1827 3568 2056 3636 philoso-

471 3637 610 3708 pjtite
679 3637 880 3708 legibus
945 3639 1307 3708 institutisque
1378 3638 1712 3706 semetipsum
1788 3654 2050 3692 coercens.

475 3706 678 3780 Quippe
707 3706 939 3762 interdiu
978 3710 1194 3780 quidem
1227 3707 1560 3778 jejuniorum
1588 3710 2052 3762 exercitationibus

470 3777 754 3830 insadabat
788 3794 806 3832 :
842 3777 1001 3832 noctu
1027 3795 1144 3832 vero
1184 3777 1352 3831 somni
1393 3780 1622 3846 spatium
1659 3779 2051 3844 dimetiebatur,

465 3861 694 3916 eumque
729 3865 829 3918 non
853 3849 906 3900 in
929 3859 1117 3913 strato,
1136 3854 1226 3901 sed
1259 3864 1415 3918 super
1436 3850 1576 3902 nudo
1607 3849 1717 3901 solo
1741 3865 1925 3914 capere
1945 3861 2054 3903 sat-

471 3918 678 3984 agebat.
730 3917 963 3970 Maxime
987 3933 1105 3971 rero
1147 3917 1449 3986 evangelica
1477 3919 1571 3970 illa
1605 3919 1900 3974 Set-uatoris
1953 3936 2050 3972 no-

465 3988 580 4038 stri,
600 3996 859 4054 praeepta
888 3988 1212 4058 obseruanda
1245 4004 1354 4042 esse
1379 3989 1600 4040 ducebat
1626 4029 1641 4051 ,
1665 3990 1852 4058 quibus
1884 4007 2052 4043 mone-

472 4071 610 4114 mur,
657 4067 770 4108 tum
807 4073 870 4110 ne
923 4061 1049 4110 duas
1093 4057 1297 4110 tunicas
1331 4059 1644 4123 habeamus,
1676 4057 1809 4112 nere
1855 4063 2052 4111 calcea-

467 4126 660 4179 mentis
688 4135 930 4191 utumur;
962 4137 1085 4179 tunc
1116 4143 1178 4180 ne
1209 4127 1272 4180 de
1299 4129 1533 4180 crastino
1581 4130 1804 4181 nimium
1834 4130 2050 4182 solliciti

473 4201 816 4264 nosmetipsos
846 4198 1224 4249 excruciemus.
1269 4196 1372 4252 Sed
1405 4206 1456 4249 et
1479 4196 1702 4265 majore,
1736 4215 1895 4265 quam
1920 4211 2049 4258 tetas

467 4265 690 4333 ferebat,
711 4268 877 4320 animi
904 4267 1115 4330 ardore,
1139 4269 1195 4321 in
1222 4267 1418 4337 frigore
1447 4284 1509 4320 ac
1535 4267 1770 4321 nuditate
1786 4281 2044 4337 perstans,

464 4346 519 4408 et
543 4338 897 4408 adsummum
921 4339 1228 4408 evangelica:
1253 4340 1576 4406 paupertatis
1596 4341 1798 4391 culmen
1820 4351 2046 4408 evectus,

474 4405 770 4471 familiares
829 4424 953 4460 suos
1007 4405 1202 4476 ingenti
1256 4405 1610 4462 admiratione
1669 4410 1909 4475 perculit.
1971 4405 2046 4465 At:

467 4477 661 4530 multos
680 4479 897 4548 quidem
924 4494 989 4532 ea:
1014 4479 1142 4546 ipsis
1171 4478 1466 4531 incredibili
1505 4481 1684 4531 dolore
1714 4479 1921 4547 a/fecit,
1955 4483 2046 4548 qui

2173 1895 2342 1940 raret.
2370 1885 2732 1941 Christianum
2753 1890 3134 1960 philosophum
3170 1905 3297 1944 vere
3317 1892 3556 1946 dixisses.
3574 1892 3720 1958 Cujus

2173 1988 2319 2033 tanta
2373 1977 2475 2032 fuit
2513 1979 2651 2033 inter
2688 1982 2916 2050 gentiles
2968 1983 3324 2053 philosophos
3380 1995 3432 2040 et
3486 1985 3722 2040 Christia-

2171 2087 2268 2125 nos
2298 2071 2697 2158 admirabilitas
2725 2113 2740 2134 .
2778 2084 2837 2127 ut
2859 2077 2926 2128 ad
2972 2076 3091 2146 ejus
3137 2077 3485 2132 imitationem
3514 2088 3643 2132 totos
3669 2095 3722 2132 se

2171 2176 2606 2235 componerent,
2668 2167 2950 2240 ipsiusque
3009 2170 3480 2226 adhortationibus
3539 2171 3723 2226 incensi

2165 2510 2364 2578 primas
2391 2509 2532 2562 nobis
2581 2508 2872 2579 relinquere
2913 2508 3005 2579 qui
3043 2518 3264 2576 propter
3313 2507 3404 2562 Dei
3441 2509 3490 2562 in
3532 2507 3722 2563 Christo

2163 2577 2495 2640 charitatem,
2521 2577 2762 2646 fallacem
2792 2589 2840 2631 et
2863 2577 3137 2640 qua’sitam
3167 2596 3208 2632 a
3229 2581 3484 2649 plerisque
3498 2579 3720 2646 gloriam.

2162 2661 2214 2704 et
2246 2653 2598 2718 possessiones
2633 2658 2811 2702 tantas
2834 2661 2881 2702 et
2904 2650 3208 2702 naturalem
3232 2651 3287 2703 in
3309 2651 3493 2704 liberos
3513 2667 3720 2702 amarent

2163 2721 2508 2774 conculcatis.
2556 2720 2664 2772 Sed
2713 2719 2963 2787 quamvis
2987 2721 3054 2773 ad
3101 2735 3379 2774 summum
3424 2722 3719 2788 evangelica:

2163 2791 2498 2860 paupertatis
2522 2830 2537 2852 ,
2575 2789 2626 2842 in
2663 2805 2766 2855 qua
2803 2799 3050 2843 mortuus
3085 2799 3215 2855 est,
3252 2791 3462 2844 culmen
3497 2802 3716 2854 evectus,

2166 2863 2393 2931 necdum
2421 2869 2600 2913 tamen
2633 2873 2693 2912 se
2726 2861 2860 2912 satis
2885 2875 3177 2928 pauperem
3217 2862 3517 2931 reperiebat
3545 2875 3560 2913 :
3587 2860 3719 2915 Chri-

2162 2943 2247 2984 tus
2293 2929 2550 2984 Dominus
2597 2940 2796 2992 noster.
2827 2931 3000 2998 inquit
3055 2931 3249 2984 homil.
3279 2929 3370 2986 ’16
3425 2933 3478 2986 in
3525 2931 3716 2994 Cenes.,

2164 3017 2288 3072 pag.
2323 2999 2445 3072 “l4,
2466 3000 2591 3062 105,
2627 3002 2985 3054 sacerdotibus
3011 3002 3118 3055 suis
3136 3005 3268 3070 quia
3293 3003 3716 3070 praecepitaudia-

2163 3069 2301 3126 imis.
2323 3090 2340 3142 t
2365 3069 2470 3135 Qui
2500 3088 2602 3124 non
2641 3071 3104 3132 abremtntiarerit,
3141 3073 3336 3140 inquit,
3371 3069 3596 3127 omnibus
3611 3089 3718 3142 qua:

2161 3141 2414 3211 possidet,
2442 3157 2546 3194 non
2572 3151 2733 3208 potest
2765 3157 2909 3194 meus
2925 3143 3036 3195 esse
3057 3143 3358 3206 discipulus
3382 3163 3423 3197 ι.
3447 3143 3587 3211 ιιιιιο.
3616 3141 3715 3209 m,

2159 3209 2686 3282 33).o;Contremisco
2711 3214 2820 3265 ha’c
2849 3213 3051 3267 dicens.
3074 3211 3231 3266 Meus
3264 3216 3398 3268 enim
3424 3209 3585 3282 primo
3612 3233 3714 3269 om-

2157 3283 2303 3336 nium
2326 3297 2341 3346 ;
2357 3297 2522 3344 meus,
2546 3283 2706 3348 inqua
2716 3298 2786 3341 at,
2801 3283 2908 3350 ipse
2924 3293 3204 3337 accusator
3222 3287 3437 3344 exsisto.
3452 3301 3585 3337 meas
3607 3303 3718 3338 cou-

2155 3353 2512 3406 demnationes
2525 3352 2726 3420 loquor.
2750 3351 2920 3420 Negat
2945 3351 3184 3406 Christus
3202 3371 3362 3410 suum
3377 3371 3486 3409 esse
3505 3356 3719 3420 discipu-

2156 3423 2287 3486 lum,
2307 3438 2458 3492 quem
2488 3421 2676 3476 uiderit
2698 3420 2902 3490 aliquid
2927 3424 3301 3491 possidentem,
3324 3437 3370 3479 et
3390 3442 3502 3478 eum
3520 3429 3604 3492 qui
3628 3441 3720 3477 non

2156 3493 2423 3565 renuntiat
2451 3493 2692 3545 omnibus
2724 3509 2841 3561 qua:
2866 3496 3116 3560 possidet.
3185 3493 3257 3546 Et
3315 3497 3442 3563 quid
3487 3497 3720 3565 agimus?

2158 3563 2431 3634 Quomodo
2470 3565 2579 3615 hatc
2601 3574 2690 3615 aut
2734 3565 2836 3625 ipsi
2865 3566 3106 3633 legimus,
3136 3575 3232 3617 aut
3279 3566 3484 3634 populis
3520 3563 3722 3628 exponi-

2156 3651 2290 3693 mus.
2313 3633 2413 3706 qui;
2431 3649 2532 3685 non
2551 3633 2720 3706 solum
2748 3651 2848 3686 non
2873 3648 3234 3688 renuntiamus
3263 3633 3356 3690 liis
3379 3652 3494 3706 qua:
3511 3638 3723 3704 possiae-

2154 3719 2292 3766 mus,
2323 3702 2413 3756 sed
2445 3713 2494 3757 et
2535 3704 2801 3772 acquirere
2829 3707 3072 3757 volumus
3109 3721 3172 3757 ett
3198 3722 3328 3774 qua'
3350 3702 3604 3774 nunquam
3633 3709 3720 3759 ha-

2155 3775 2361 3827 buimus
2409 3783 2688 3840 antequam
2740 3777 3032 3828 veniremus
3092 3780 3160 3827 ad
3213 3777 3534 3830 Christum?
3582 3775 3721 3829 Nun-

2154 3847 2427 3912 quidnam,
2482 3845 2609 3910 quia
2646 3859 2739 3897 nos
2778 3844 3050 3914 redarguit
3085 3849 3440 3911 conscientia,
3475 3859 3634 3916 tegere
3673 3858 3716 3899 et

2154 3930 2258 3985 non
2295 3917 2527 3985 proferre
2562 3929 2681 3985 quae
2714 3919 2908 3981 scripta
2945 3927 3065 3985 sunt
3094 3919 3423 3982 possumus?
3467 3919 3595 3972 Nolo
3620 3919 3714 3968 du-

2151 3984 2334 4052 plicati
2355 3983 2590 4056 criminis
2613 3984 2729 4056 ﬁeri
2760 4000 2899 4038 reus.
2949 3984 3232 4056 Conﬁteor,
3259 4000 3312 4040 et
3347 3988 3518 4055 palam
3539 3986 3714 4054 populo

2152 4055 2402 4106 audiente
2428 4055 2676 4122 conﬁteor
2704 4055 2816 4109 hrec
2862 4058 3059 4124 scripta
3088 4074 3225 4119 esse,
3251 4060 3465 4111 etiamsi
3503 4062 3714 4110 nondum

2149 4124 2394 4191 implesse
2418 4141 2496 4196 me
2528 4125 2666 4177 noui.
2695 4127 2800 4180 Sed
2825 4142 2889 4178 ea:
2908 4128 3004 4180 hoc
3035 4128 3222 4182 saltem
3251 4127 3558 4182 commoniti
3585 4127 3718 4196 [esti-

2152 4211 2331 4264 nemus
2364 4195 2599 4260 implere,
2667 4197 2970 4264 festinemus
3022 4199 3257 4252 transire
3302 4215 3337 4252 α
3375 4195 3714 4252 sacerdotibus

2151 4261 2676 4337 I_’haraonis,quibus
2697 4278 2907 4320 terrena
2938 4273 3191 4337 possessio
3211 4281 3313 4333 est,
3340 4272 3409 4322 ad
3439 4270 3715 4322 sacerdotes

2150 4335 2383 4409 Domini,
2421 4339 2607 4409 quibus
2646 4339 2708 4409 in
2735 4335 3030 4409 terrap—ars
3069 4355 3173 4392 non
3197 4351 3298 4404 est,
3349 4340 3534 4409 quibus
3559 4341 3714 4403 portio

2151 4405 2410 4478 Dominus
2436 4420 2530 4460 est.
2559 4407 2842 4467 Eusebius.
2870 4408 3036 4468 llist.,
3067 4411 3158 4463 lib.
3187 4425 3261 4472 vr,
3283 4405 3406 4478 cap.
3435 4411 3500 4462 ὅτ
3532 4409 3714 4461 Multos

2148 4477 2276 4529 item
2318 4493 2411 4545 per
2458 4494 2653 4540 annos,
2704 4480 2860 4531 nudis
2897 4482 3126 4548 vestigiis
3152 4477 3471 4548 ambulasse
3507 4480 3713 4543 dicitur,

469 4548 607 4599 bona
628 4547 725 4600 sua
755 4564 877 4600 cum
905 4550 1016 4616 ipso
1046 4550 1238 4618 partiri
1269 4549 1539 4620 optabant,
1579 4566 1695 4604 cum
1738 4555 1890 4602 illum
1913 4547 2047 4604 divi-
2075 4552 2121 4610 1)
2150 4549 2295 4620 nullo
2325 4550 2529 4612 penitus
2559 4551 2912 4601 calceamento
2943 4547 3088 4604 usus.
3120 4547 3253 4603 Vino
3284 4567 3510 4620 quoque,
3548 4549 3714 4604 omni-

468 4631 555 4688 nat
595 4620 986 4688 praedicationis
1028 4621 1203 4688 gratia
1243 4629 1418 4672 tantos
1448 4619 1650 4672 labores
1704 4633 2043 4674 sustinentem

463 4683 721 4742 uiderent.
761 4683 1125 4743 Verumtamen
1153 4689 1216 4743 de
1242 4691 1412 4758 vigore
1457 4691 1753 4744 tolerantite
1787 4690 1916 4742 nihil
1948 4707 2045 4743 un-

458 4772 628 4830 quam
665 4759 886 4812 remisit.
941 4760 1196 4830 Triginta
1238 4770 1422 4830 postea
1453 4761 1611 4814 annis
1642 4775 1762 4814 suse
1798 4775 1912 4829 tpse
1947 4763 2044 4813 ad-

464 4824 578 4900 huc
595 4829 645 4882 in
673 4843 968 4900 pauperum
984 4824 1264 4885 uulnerum
1291 4824 2040 4900 referebat,quemadinodnm

467 4845 645 4882 nucut
673 4845 774 4897 pan
815 4845 968 4884 erum
984 4847 1264 4885 numerum
1291 4845 2038 4900 relereuat,quernanmomtut

467 4894 740 4972 inplete:
769 4845 1151 4972 Exhortatjone
1188 4916 1282 4954 sua
1321 4902 1384 4951 ad
1414 4903 1753 4972 martyrium,
1787 4902 1874 4972 ubi
1919 4916 2038 4968 pag.

464 4964 594 5041 384,
623 4969 699 5023 ait
731 4987 745 5023 :
787 4969 968 5034 ’Ἄξιον
991 4966 1083 5023 οὖν
1112 4968 1302 5041 ὥσπερ
1327 4973 1438 5034 τοῖς
1476 4964 1952 5041 μὴ’ὲξετασθεῖτὼ
1981 4964 2040 5024 ἔν

464 5036 718 5113 βασᾲνρις
740 5041 1039 5113 κᾳὶλπόνοις
1061 5036 1408 5113 παραχώρεῐν
1442 5036 1722 5113 π’ρὼτείων
1748 5040 1885 5113 πρὸς
1915 5042 2042 5113 τοὺς

464 5122 525 5159 εν
561 5109 952 5183 ᾴρθρεμὸόλοις
1007 5112 1102 5166 καὶ
1141 5109 1403 5174 homines;
1453 5109 1903 5183 σὲρεόλωτηρίοις
1949 5111 2040 5164 καὶ

469 5178 610 5254 enipi.
647 5178 1090 5254 ξπιδειξαμένους
1125 5183 1222 5253 τὴν
1265 5178 1567 5254 ὑπομονήῷ
1598 5178 1885 5254 obsto—atat
1908 5183 2040 5254 ἡμῖν

602 5248 963 5325 πένησι,’κᾶν
1008 5248 1537 5325 μαρτύρήσωμενιό
1559 5253 1714 5321 λόγος
1751 5248 2040 5325 ὑποϐὁὺζλερ.

459 5316 1101 5395 ὲξὶρτςξσβὸιιίπρωτείὶυί
1134 5316 1283 5392 Otii»),
1311 5316 1556 5395 «abigas
1729 5324 2028 5395 é‘iXptatt;

464 5342 780 5383 ιςιστασυαι
808 5342 1088 5394 πρωτειων
1134 5342 1283 5392 υμιν,
1311 5342 1441 5386 τως,
1469 5342 1556 5376 ous
1599 5342 1695 5394 την
1729 5342 1788 5376 εν
1819 5342 1990 5395 Αριστ

464 5387 603 5468 πρὸς
618 5389 1017 5468 Θςρν-ἀγάτςην,
1037 5395 1266 5468 uacabat
1297 5396 1395 5468 τὴν
1428 5393 1710 5468 ἀπατηλήν
1738 5394 1919 5468 δόξανᾼν
1943 5342 2039 5447 χᾶ

465 5461 574 5536 τών
609 5461 814 5536 ⁸ιςεπολλῶν
832 5461 1092 5520 κριϐάνου
1099 5466 1288 5536 μένην,
1313 5461 1408 5517 uati.
1422 5468 1520 5533 τὴν
1535 5461 1809 5536 modum
1828 5466 2035 5536 κτῆσιν,

462 5530 562 5582 καὶ
587 5532 688 5602 τὴν
722 5534 856 5604 πρὸς
883 5536 1046 5588 τέκνα.
1090 5530 1491 5606 ᾧιλοὸτοργίανζ
1531 5533 1592 5586 Ut
1634 5530 1798 5604 igitur
1832 5530 2038 5599 wquum

456 5608 542 5653 est
565 5617 654 5655 eos
678 5621 766 5676 qui
793 5609 1059 5660 tormentis
1097 5617 1149 5660 et
1203 5607 1468 5662 laboribus
1495 5607 1702 5676 probati
1742 5623 1843 5658 non
1873 5617 1992 5660 sunt
2019 5646 2036 5670 ,

465 5675 664 5740 primas
692 5675 989 5748 eisrcedcre
1028 5682 1117 5746 qui
1156 5678 1388 5748 equuleis
1456 5675 1505 5732 et
1553 5677 1711 5730 variis
1752 5687 2040 5730 tormento-

464 5759 581 5796 rum
610 5746 919 5814 generibus,
951 5758 998 5800 et
1036 5755 1156 5816 igne
1195 5746 1505 5817 patientiam
1531 5748 1878 5800 exhibueruut
1911 5763 1930 5800 :
1961 5748 2038 5799 sic

454 5825 508 5870 et
545 5831 642 5872 nos
668 5833 946 5889 pauperes,
985 5821 1083 5872 etsi
1146 5829 1400 5883 martyres
1429 5821 1645 5885 erimus,
1676 5819 1813 5870 ratio
1850 5822 2037 5871 suadet

2152 4617 2255 4669 bus
2291 4621 2564 4690 animatis,
2597 4629 2643 4670 et
2678 4621 2802 4670 aliis
2846 4623 2998 4672 rebus
3047 4637 3164 4690 qua:
3203 4622 3270 4672 ad
3296 4617 3510 4674 rictum
3553 4621 3714 4672 minus

2150 4689 2637 4761 necessttritesuut.
2657 4690 2959 4742 diutissime
2987 4689 3238 4744 abstinuit
3261 4704 3278 4741 :
3314 4707 3479 4761 usque
3507 4693 3633 4761 adeo
3656 4701 3714 4761 ut

2150 4766 2327 4820 pectus
2383 4759 2546 4827 ipsius
2608 4761 2663 4811 in
2735 4761 3102 4828 grauissimam
3167 4759 3518 4815 subversionis
3563 4759 3714 4812 labis-

2151 4841 2252 4894 que
2314 4829 2598 4882 discrimen
2666 4830 2914 4902 incideret
2989 4831 3174 4902 (ϐπ-ες.
3261 4832 3516 4897 Thautn.,
3565 4830 3707 4884 Orat.

2149 4913 2422 4971 panegyr.,
2472 4910 2613 4969 part.
2661 4903 2765 4971 ι-ιι.)
2802 4900 3223 4971 Discipulos—ad
3281 4903 3532 4956 virtutem
3593 4915 3711 4969 ope-

2151 4969 2300 5042 ribus
2333 4971 2523 5039 magis,
2571 4969 2959 5042 quam'verbis
2991 4973 3268 5036 incitabat,
3325 4975 3592 5042 talemque
3632 4987 3710 5042 se:

2150 5037 2322 5107 ipsum
2361 5037 2602 5108 praebere
2638 5041 2959 5105 conabatur,
2995 5048 3208 5110 qualem
3262 5045 3445 5098 verbis
3472 5037 3590 5096 eum
3623 5040 3706 5110 qui

2149 5120 2298 5186 recte
2321 5114 2562 5186 victurus
2583 5111 2672 5186 sit,
2705 5113 3067 5175 describebat,
3086 5119 3388 5186 exemplum
3415 5126 3708 5186 proponens

2147 5181 2426 5252 sapientis.
2459 5181 2679 5252 Exunia
2699 5185 2814 5250 ejus
2836 5194 2953 5237 erat
2983 5181 3265 5247 sanctitas,
3297 5181 3435 5238 teste
3461 5181 3572 5252 ipSo
3593 5182 3709 5250 Epi-

2149 5250 2366 5323 phanio,
2405 5252 2595 5306 haares.
2617 5251 2708 5311 64.
2739 5269 2790 5320 p.
2823 5252 2948 5307 525.
3001 5255 3266 5309 Eusebius
3301 5250 3554 5323 pra-terea
3589 5254 3660 5305 ait
3691 5268 3704 5302 :

2150 5322 2460 5394 Quotidiani
2497 5323 2610 5391 ejus
2636 5337 2817 5394 iactus,
2851 5326 3137 5380 verissimae
3171 5322 3448 5394 cujusdam
3497 5324 3709 5392 philoso-

2145 5393 2282 5462 phiw
2327 5402 2375 5445 et
2411 5393 2744 5445 admirabilis
2779 5396 3073 5462 disciplima
3115 5393 3510 5448 absolutissima
3558 5405 3707 5456 opera

2146 5461 2484 5536 videbantur.
2511 5463 2797 5536 Atque,_ut
2848 5461 3001 5536 vulgo
3059 5466 3256 5519 dicitur
3301 5467 3476 5521 anulis
3522 5462 3704 5536 oratiu.

2147 5533 2268 5605 talis
2301 5533 2413 5602 ejus
2441 5534 2771 5601 vita:qualis
2810 5531 2955 5602 vita;
2996 5539 3113 5591 talis
3159 5538 3326 5590 oram
3353 5536 3464 5605 ejus
3499 5536 3614 5605 fulf-
3637 5531 3708 5605 l5"

2146 5604 2304 5673 ptitur;
2332 5614 2455 5671 post
2508 5605 2649 5658 idem
2693 5607 2974 5668 Eusebius,
3013 5605 3178 5670 Hist.,
3219 5608 3308 5658 lib.
3330 5602 3404 5671 vi,
3433 5620 3550 5673 cap.
3573 5602 3702 5654 5-5:

2147 5671 2470 5747 Hujusmodi
2509 5690 2629 5743 ergo
2645 5675 3016 5745 philosOphicte
3041 5678 3160 5730 vita:
3193 5679 3421 5745 exempla
3459 5671 3702 5747 pi'a'bwf,

2145 5759 2260 5795 cum
2283 5746 2458 5796 divina
2489 5743 2653 5798 virtus
2688 5762 2803 5800 eum
2828 5743 3127 5816 adjuvaret,
3151 5743 3408 5813 plut-esea
3443 5743 3704 5816 discipuli“,

2145 5817 2212 5867 ad
2241 5817 2588 5869 imitationem
2626 5820 2709 5872 sui
2752 5808 2934 5872 nterilo
2976 5808 3266 5888 prorocavit
3301 5835 3320 5872 :
3359 5821 3438 5870 ita'
3473 5825 3529 5866 ut
3561 5808 3700 5864 inulti
