4020 6306
274 356 375 416 6‘9

1334 356 1913 417 ORIGENlA-NORUM
1951 359 2082 419 LIB.
2128 362 2167 427 l,
2204 360 2355 417 CAP.
2399 360 2440 415 1.

3431 370 3535 427 650

274 478 507 552 palmam
566 476 811 549 martyrii
862 484 1345 544 consequerentur.
1409 476 1522 548 (26)
1590 477 1727 533 llinc
1783 480 1857 533 illi
1892 488 1933 542 Α
2035 482 2225 536 Causa:
2250 495 2349 534 cur
2389 479 2440 533 id
2480 480 2707 543 faceret,
2753 481 3057 551 complures
3108 482 3324 553 Origeni
3363 485 3530 540 fuere.

276 569 575 630 Plutarchi,
610 567 941 631 Heraclides,
986 567 1175 622 Sereni
1207 608 1223 634 ,
1282 566 1545 624 Heraides
1597 579 1652 624 et
1686 570 1857 625 llero-

273 678 366 717 nos
391 703 408 725 ,
434 676 669 731 quorum
700 670 872 715 morte
913 659 1220 716 Christiana
1266 676 1352 715 res
1385 661 1540 717 valde
1587 664 1853 719 illustrata

272 765 371 810 Cal.

343 846 482 901 XIII.
538 847 742 901 Interea
790 846 914 900 dum
973 845 1086 900 hmc
1134 857 1393 915 geruntur
1442 862 1643 917 corpus
1694 863 1852 901 suum

272 943 487 996 evirare
516 939 781 1011 Origenes
812 955 979 993 ausus
1020 951 1125 1004 est,
1152 940 1268 993 sive
1312 940 1458 995 ferro
1497 941 1736 995 exsectis
1762 958 1857 1009 ge-

273 1035 559 1098 nitalibus,
600 1044 657 1087 nt
707 1034 1055 1087 crediderunt
1099 1031 1461 1102 Hieronymus
1494 1032 1606 1103 (27)
1659 1042 1713 1087 et
1762 1031 1856 1086 Ni-

270 1128 542 1197 cephorus
566 1124 706 1192 (28),
736 1126 852 1179 sive
894 1125 1294 1179 medicamento
1320 1124 1627 1189 exsiccatis,
1655 1136 1714 1178 ut
1732 1126 1855 1179 aliis

274 1234 593 1290 persuasum
645 1228 771 1273 est:
812 1233 923 1272 rem
967 1218 1111 1270 enim
1172 1217 1505 1286 Epiphanius
1552 1218 1604 1271 in
1645 1218 1853 1271 incerto

273 1312 496 1381 reliquit
540 1310 672 1365 liter.
701 1311 795 1371 64,
830 1322 954 1377 cap.
986 1308 1043 1361 5.
1076 1307 1189 1379 (29)
1227 1307 1547 1377 Quanquam
1577 1309 1843 1363 verisimi-

280 1404 392 1457 lius
419 1412 506 1457 est
536 1402 895 1457 medicamine
918 1400 1169 1468 imposito
1212 1399 1537 1455 exstinxisse
1567 1401 1852 1470 genitalem

271 1497 401 1559 vim,
437 1510 596 1563 quam
654 1493 834 1564 gladio
881 1494 1114 1547 verenda
1171 1502 1481 1562 amputasse
1513 1511 1527 1548 :
1559 1508 1663 1547 non
1712 1492 1853 1561 quod

268 1588 597 1651 existimem,
623 1587 674 1639 id
709 1586 753 1640 si
787 1584 1022 1651 fecisset,
1054 1585 1341 1638 la:vitatem
1380 1585 1492 1639 oris
1520 1585 1852 1653 proditurum

270 1681 443 1735 fuisse
476 1678 699 1743 factum,
746 1679 890 1747 quod
940 1693 1148 1732 summa
1182 1691 1311 1732 cura
1338 1675 1608 1731 occultum
1645 1676 1846 1731 habere

272 1773 483 1840 voluit;
521 1781 727 1827 certum
759 1781 843 1826 est
873 1772 1017 1826 enim
1049 1771 1273 1826 barbam
1304 1771 1352 1824 ei
1386 1784 1489 1824 non
1526 1768 1776 1832 deﬂuere,
1806 1770 1851 1823 si

1963 575 2309 629 Ventitabaut
2344 574 2556 628 adeum
2589 572 2799 640 puellae,
2830 572 2953 627 fidei
3003 574 3326 630 Christianae
3353 589 3405 629 et
3424 589 3533 631 stn-

1959 666 2170 719 diorum
2200 665 2372 733 gratia
2414 679 2612 733 :qnam
2654 664 2927 718 hominum
2961 676 3137 720 autem
3184 668 3455 735 ingenium
3503 688 3527 721 τε

1963 757 2147 811 labore
2190 755 2429 826 proclive
2458 766 2603 809 esset
2632 756 2697 809 ad
2728 755 3002 811 libidinem
3031 758 3234 826 optime
3276 760 3516 825 intellige

1961 850 2070 912 bat,
2110 847 2509 917 verebaturque
2558 862 2624 900 ne
2657 862 2719 901 ex
2768 846 3041 917 frequenti
3092 850 3357 919 virginum
3405 866 3507 906 con

1958 940 2128 994 sortio
2160 954 2359 1008 corpus
2385 939 2437 992 in
2470 941 2587 1009 ipso
2610 938 2918 1006 iuventutis
2944 939 3085 994 ﬂexu
3112 944 3249 995 male
3278 944 3360 996 sui
3389 958 3507 997 com

1958 1046 2055 1100 pos
2095 1033 2162 1085 ad
2196 1031 2519 1099 volup'ateni
2564 1032 2956 1101 impelleretur.
2990 1032 3441 1088 Commovebatur
3468 1036 3535 1090 ad

1960 1124 2075 1177 haec
2104 1121 2266 1176 eﬂ'ato
2292 1121 2518 1185 Christi,
2551 1137 2659 1192 quo
2689 1137 2748 1176 se
2779 1125 2924 1191 ipsos
2956 1135 3178 1193 propter
3200 1126 3419 1180 cmleste
3454 1141 3536 1181 re-

1957 1230 2120 1284 gnum
2149 1216 2389 1270 evirasse
2425 1215 2711 1270 nonnullos
2750 1218 3193 1283 pronuntiaverat
3226 1220 3269 1276 ⁸.
3320 1219 3372 1272 Id
3412 1234 3534 1273 cum

1957 1315 2155 1376 praeter
2187 1322 2500 1376 germanam
2527 1310 2850 1362 sententiam
2884 1309 3207 1378 accepisset,
3241 1311 3449 1380 pravis,
3479 1320 3537 1365 ut

1958 1400 2171 1468 Opinor,
2203 1400 2461 1469 deceptus
2491 1398 2828 1454 Valesiorum
2889 1401 3272 1457 haereticorum
3314 1404 3533 1473 exposi-

1958 1491 2218 1554 tionibus,
2245 1491 2335 1559 qni
2355 1499 2569 1545 aetatem
2595 1492 2714 1560 ejus
2736 1506 3145 1563 prtccesserant,
3163 1496 3372 1566 sibique
3392 1496 3533 1551 soliti

1959 1582 2171 1636 fuerant
2212 1582 2388 1636 virilia
2427 1597 2705 1647 exsecare,
2752 1600 2886 1639 nova
2937 1587 3125 1640 istlnec
3150 1589 3200 1641 in
3242 1606 3306 1641 eo
3349 1591 3534 1659 religio

1957 1672 2201 1727 incessit.
2236 1672 2303 1727 Et
2335 1672 2447 1740 jam
2482 1673 2602 1728 aliis
2647 1675 2897 1730 inductus
2919 1676 3117 1733 Christi
3150 1682 3353 1746 verbis,
3389 1698 3418 1735 a
3454 1684 3531 1735 le-

1957 1765 2148 1834 gitimo
2181 1780 2343 1821 sensu
2379 1765 2624 1829 detortis,
2656 1768 2867 1823 unicam
2917 1772 3016 1824 sibi
3059 1781 3264 1826 tantum
3301 1775 3531 1829 habebat

268 1867 395 1933 quis
436 1836 545 1935 jam
581 1863 851 1933 vesticeps
906 1872 999 1916 aut
1051 1863 1309 1917 barbatus
1360 1862 1723 1917 exsectionem
1767 1877 1854 1931 pa-
1888 1836 1926 1889 Β
1959 1859 2217 1923 tunicam,
2241 1858 2467 1928 ahjectis
2507 1860 2913 1929 calceamentis,
2951 1865 3108 1920 nudis
3140 1866 3418 1922 incedebat
3447 1882 3532 1936 pe-

268 1956 440 2010 tiatur
472 1973 485 2010 :
515 1953 608 2008 sed
648 1964 868 2023 propter
898 1954 1181 2007 horrorem
1216 1952 1388 2016 facti;
1441 1968 1563 2006 nam
1608 1953 1732 2020 quis
1776 1955 1853 2007 ita

269 2046 327 2100 in
380 2062 440 2101 se
472 2047 691 2101 saevisse
741 2057 894 2114 putet
928 2047 1200 2099 hominem
1256 2060 1363 2099 non
1413 2046 1682 2109 insanum,
1730 2059 1851 2098 cum

268 2139 611 2194 mollioribus
638 2139 712 2193 uti
742 2148 918 2207 posset
953 2138 1226 2200 remediis,
1261 2138 1401 2191 unde
1441 2136 1581 2191 idem
1606 2152 1851 2191 commo-

268 2233 399 2285 dum
434 2231 721 2300 capiebat?
758 2229 919 2284 Certe
960 2229 1003 2283 si
1066 2228 1195 2297 quid
1243 2228 1477 2298 amplius
1525 2227 1852 2296 conjecturae

269 2324 619 2379 tribuendum
651 2333 756 2386 est,
780 2321 1014 2376 cicutam
1051 2319 1377 2388 genitalibus
1407 2320 1646 2374 illevisse
1678 2322 1852 2375 credi-

262 2416 481 2480 derim,-
517 2429 677 2484 quam
726 2414 1086 2467 Athenienses
1140 2411 1528 2479 hierophantas
1585 2411 1652 2463 ad
1700 2425 1850 2465 com-

264 2508 592 2575 pescendam
635 2505 912 2559 libidinem
939 2503 1201 2558 adhibere
1228 2502 1418 2558 solitos
1451 2504 1566 2571 ipse
1616 2504 1851 2571 prodidit

263 2599 390 2653 libr.
458 2614 527 2652 vit
573 2610 739 2652 contr.
789 2598 949 2659 Cels.,
982 2612 1128 2650 num.
1172 2597 1243 2651 43
1279 2614 1294 2651 :
1326 2596 1436 2648 Καὶ
1481 2590 1560 2659 εἷς
1591 2596 1689 2667 μέν
1715 2599 1845 2658 ’που,

264 2691 471 2760 inquit,
502 2691 628 2761 παρ’
672 2689 973 2760 Ἀθηναίοις
1005 2688 1348 2760 ἱεροφάντης,
1379 2688 1500 2741 οὐδὲ
1548 2705 1847 2741 πεπιστευ-

178 2762 185 2785 ’
262 2778 428 2849 μένος
456 2776 647 2833 ἑαυτοῦ
672 2778 773 2843 τὰς
795 2778 1085 2849 ἀρπνικὰς
1114 2777 1340 2850 ὀρέξεις,
1357 2776 1433 2840 ὡς
1450 2778 1637 2849 κύριος
1669 2777 1846 2831 αὐτῶν

258 2867 403 2925 εἶναι
430 2872 745 2942 δυνάμενος,
763 2872 858 2924 καὶ
887 2873 1107 2940 κρατεῖν
1130 2862 1310 2924 αὐτῶν
1336 2873 1393 2934 ἐς
1425 2871 1548 2923 ὅσον
1579 2869 1843 2939 βούλεται,

258 2963 616 3026 κωνειασθεὶς
672 2963 742 3017 τὰ
810 2962 1074 3033 ἀρσενικὰ
1151 2963 1289 3034 μέρη
1313 3001 1327 3025 ,
1399 2961 1636 3034 καθαρὸς
1705 2958 1842 3017 εἶναι

258 3052 543 3124 nauigaui
618 3055 759 3127 πρὸς
837 3053 936 3126 τὴν
1022 3055 1412 3125 νενομισμένην
1501 3057 1633 3123 παρ’
1683 3053 1841 3124 Ἀθη-

257 3142 436 3208 valet;
486 3145 763 3213 ἁγιστείαν
798 3160 810 3172 ⁸
846 3146 896 3198 id
954 3153 1074 3208 est,
1123 3144 1297 3197 oblitis
1350 3144 1525 3195 cicuta
1590 3143 1839 3197 masculis

257 3237 500 3303 partibus
523 3277 540 3303 ,
590 3237 907 3292 cohibenda:
934 3236 1130 3306 quippe
1161 3237 1373 3289 veneris
1402 3236 1573 3303 gratia
1601 3234 1837 3287 cicutam

256 3327 396 3384 locis
449 3327 553 3381 illis
588 3328 864 3382 admoveri
931 3327 1150 3381 tradunt
1200 3326 1577 3391 Dioscorides,
1634 3323 1726 3377 lib.
1764 3338 1838 3385 ιν,

252 3433 391 3487 cap.
453 3418 522 3472 79
559 3428 614 3472 et
655 3417 879 3484 Plinius,
925 3418 1018 3471 lib.
1045 3431 1169 3479 xxv,
1201 3432 1319 3484 cap.
1358 3415 1442 3479 15,
1478 3431 1582 3469 non
1611 3414 1838 3481 sorberi,

254 3512 339 3563 uti
371 3509 569 3564 factum
620 3509 687 3564 ab
721 3507 1095 3578 hieropliantis
1145 3517 1407 3561 memorat
1454 3506 1836 3576 Hieronymus,

253 3600 384 3655 libr.
416 3617 433 3655 ι
466 3602 585 3655 adv.
608 3600 963 3655 Iovinianum.

332 3694 355 3725 ⁸
389 3694 577 3750 Matth.
616 3710 725 3761 XIX,
755 3694 846 3749 12.

249 3808 317 3846 es:
348 3792 620 3860 gentilibus
648 3800 757 3845 tum
786 3792 839 3845 in
865 3788 1009 3843 omni
1050 3804 1234 3860 genere
1280 3788 1563 3860 doctrinm,
1609 3798 1718 3860 tum
1770 3790 1825 3842 in

250 3859 582 3930 philosophia
627 3862 1069 3931 prcestantissimi,
1113 3859 1225 3927 ejus
1268 3876 1320 3913 se
1359 3859 1657 3926 magisterio
1697 3860 1823 3931 sub—

253 3934 537 3985 mitterent.
563 3929 664 3998 Qui
695 3949 813 3985 cum
842 3930 999 3998 ﬁdem
1043 3931 1239 3984 Christi
1271 3931 1473 3982 sincere
1499 3939 1655 3998 atque
1693 3929 1825 3981 inti.

254 4020 343 4054 mo
379 4005 564 4057 mentis
591 4003 785 4071 a/fectu
817 4004 881 4053 ab
915 4003 1025 4068 ipso
1060 4001 1398 4063 accepissent,
1422 4000 1825 4071 persecutionis

251 4072 398 4126 illius
444 4069 669 4140 tempore
708 4072 1066 4125 inclaruerunt
1101 4084 1122 4124 .°
1163 4086 1325 4139 usque
1363 4069 1491 4122 adeo
1524 4080 1577 4121 ut
1606 4070 1825 4140 quidam

248 4159 317 4195 ea:
339 4144 466 4212 ipsis
491 4137 862 4210 comprehensi,
892 4141 1144 4212 martyrio
1177 4137 1437 4212 perfuncti
1461 4141 1584 4193 sint.
1620 4137 1825 4212 orum

250 4208 451 4279 primus
488 4215 585 4281 fuit
607 4208 952 4266 Plutarchus.
1003 4208 1142 4265 Huic
1179 4211 1247 4262 ad
1277 4220 1491 4281 mortem
1520 4210 1685 4281 eunti,
1711 4208 1829 4281 Ori-

250 4300 403 4351 genes
435 4280 503 4338 ad
540 4295 827 4337 extremum
862 4299 1022 4351 usque
1048 4282 1165 4336 vita:
1195 4280 1475 4351 terminum
1522 4280 1825 4351 individuus

251 4356 548 4417 adhaerens,
571 4371 760 4423 parum
786 4350 953 4419 abfuit
987 4353 1112 4421 quin
1128 4352 1192 4404 ab
1210 4350 1351 4423 illius
1369 4350 1827 4423 occidereturqui-

253 4425 365 4494 ltus,
391 4417 671 4494 utpote-qui
699 4425 835 4477 necis
855 4417 1007 4475 illius
1015 4430 1200 4494 auctor
1218 4421 1424 4486 fuisset.
1442 4417 1631 4494 Verum
1650 4419 1827 4494 diuina

256 4487 742 4549 Provid'entia'tunc
772 4509 973 4563 quoque
1000 4492 1149 4545 illum
1166 4492 1504 4563 conservavit.
1536 4487 1665 4542 Post
1698 4487 1826 4563 Plu-

253 4568 490 4641 tarchum
512 4558 857 4641 secundus-ea:
887 4558 1135 4632 Origenis
1174 4560 1451 4641 discipulis
1482 4569 1683 4629 martyr
1709 4558 1823 4641 fuit

255 4635 502 4699 Serenus,
529 4638 619 4707 qui
659 4637 840 4704 ﬁdem,
873 4631 1031 4707 quam
1085 4640 1377 4707 acceperat,
1402 4631 1523 4707 igne
1547 4631 1821 4707 exuniina-

251 4713 359 4758 tam
403 4722 463 4758 ac
497 4699 768 4773 proba-tam
807 4699 1061 4757 exhibuit.
1102 4700 1309 4773 Tertius
1341 4716 1406 4753 ea:
1428 4702 1607 4753 eadem
1629 4699 1818 4773 schola

252 4787 454 4846 martyr
475 4770 672 4831 exstitit
706 4774 1039 4838 Heraclides,
1068 4788 1131 4825 ac
1147 4772 1588 4846 deindequartus
1620 4770 1819 4835 Heron,

252 4842 409 4899 ambo
442 4851 613 4901 securi
653 4848 926 4914 percussi:
952 4846 1098 4911 prior
1126 4842 1253 4894 dum
1281 4843 1460 4914 adhuc
1498 4848 1629 4914 esset
1672 4849 1819 4914 cate-

249 4920 552 4982 chumenus,
587 4910 720 4970 allcr
746 4932 865 4968 vero
904 4910 1213 4982 neophgtus.
1271 4910 1470 4964 Prwter
1493 4912 1584 4982 hos
1603 4911 1819 4978 quintus

248 4999 312 5036 ea:
337 4988 513 5040 eodem
538 4980 803 5040 auditorio
829 4980 1143 5038 Christiana:
1184 4982 1389 5047 pietatis
1418 4980 1633 5043 athleta,
1659 4983 1821 5032 victor

252 5059 581 5110 renuntiatus
613 5064 689 5109 est
729 5054 955 5109 Serenus
1000 5054 1166 5122 priori
1219 5053 1300 5105 illi
1335 5051 1657 5122 cognominis
1682 5066 1700 5103 :
1728 5050 1818 5119 qui

248 5138 366 5195 cum
404 5128 658 5195 plurimos
705 5128 965 5180 cruciatus
1001 5121 1300 5195 fortissime
1355 5121 1670 5195 pertulisset,
1708 5132 1821 5195 tan-

246 5192 361 5246 dem
398 5190 571 5265 capite
603 5208 879 5251 truncatus
915 5190 1078 5261 fuisse
1111 5194 1329 5265 dicitur.
1360 5190 1490 5246 Sed
1535 5206 1601 5265 ea:
1634 5190 1819 5242 mulie-

249 5277 372 5317 rum
410 5263 624 5322 numero
670 5266 861 5320 Herais
901 5267 1142 5333 quantum
1197 5263 1367 5316 adhuc
1416 5263 1816 5333 catechumena,

247 5348 338 5398 per
364 5340 554 5406 ignem,
584 5348 638 5391 ut
687 5340 797 5406 ipse
833 5332 1026 5406 alicubi
1069 5335 1220 5406 dicit,
1253 5336 1563 5406 baptismum
1598 5332 1813 5398 adepta,

248 5417 312 5475 eg:
340 5404 435 5459 hac
463 5408 577 5461 luce
614 5404 872 5475 migravit.
902 5404 1454 5475 Septimusinlerjtos
1489 5410 1819 5475 recensentur

246 5469 524 5542 Basilides,
545 5479 589 5530 is
604 5469 1103 5548 qui'celeberrimam
1146 5473 1292 5525 illam
1325 5472 1708 5527 Potamiwnam
1747 5471 1815 5522 ad

249 5548 557 5611 Supplicium
592 5550 835 5601 abduxit.

337 5618 427 5676 36l
458 5620 678 5683 Euseh.,
700 5617 842 5669 Hist.
871 5614 1023 5679 eccl.,
1045 5614 1136 5667 lib.
1171 5628 1243 5677 vr,
1277 5629 1395 5684 cap.
1425 5614 1482 5678 4,
1516 5613 1567 5665 8.

319 5618 428 5753 i2?)
456 5688 700 5752 llieron.,
734 5702 820 5753 ep.
845 5686 932 5740 65.

341 5690 428 5759 27)
456 5688 700 5752 llieron.,
734 5702 820 5759 ep.
845 5686 932 5740 65.

321 5753 429 5834 (ἧς)
466 5759 714 5834 ῌίοορῇη
744 5753 836 5809 lib.
870 5772 916 5834 γε
949 5769 1074 5834 cap;-
1097 5753 1149 5807 8ο
1358 5772 1363 5779 ’
1603 5823 1614 5834 ,

324 5822 427 5900 (19)
464 5822 779 5895 Quanquam
810 5822 1138 5878 verisimilius
1172 5834 1267 5889 est,
1326 5836 1431 5881 etc.
1492 5822 1633 5893 Mihi
1659 5837 1814 5877 secus

440 5923 711 5984 Pnaoc.
753 5918 870 5981 Gn.
919 5919 1119 5980 XVII.

1857 4537 1900 4591 D

1840 5634 1845 5639 ’
1917 5614 2335 5685 sponteviolat,
2381 5613 2769 5685 vituperatione
2812 5613 3030 5685 dignum
3068 5616 3235 5670 fuisse

1966 1948 2143 2012 dibus,
2182 1964 2283 2004 nec
2317 1950 2426 2003 ullo
2458 1951 2616 2006 modo
2656 1952 2739 2005 vel
2772 1953 2823 2006 in
2848 1956 3165 2023 crastinum,
3207 1959 3289 2013 vel
3325 1960 3378 2013 in
3420 1959 3532 2014 lou-

1964 2039 2264 2106 gitudinem
2318 2040 2656 2098 consulebat.
2702 2044 2875 2097 Aliam
2927 2058 3184 2114 praeterea
3230 2050 3296 2105 de
3339 2051 3437 2106 hac
3472 2067 3531 2107 re

1952 2129 2172 2199 Origeni
2224 2130 2389 2187 fuisse
2423 2149 2645 2188 causam
2718 2137 2912 2191 scribit
2975 2139 3257 2205 Eusebius,
3311 2143 3403 2198 lib.
3442 2161 3519 2208 vt,

1952 2236 2077 2290 cap.
2109 2221 2163 2287 8,
2196 2238 2264 2278 ne
2311 2226 2518 2281 scilicet
2556 2242 2624 2281 es
2661 2230 2870 2284 crebris
2895 2232 3198 2299 puellarum
3227 2236 3291 2288 ad
3326 2252 3382 2291 se
3407 2238 3529 2290 itio-

1957 2314 2120 2369 nibus
2145 2324 2200 2369 et
2231 2316 2485 2386 alloquiis
2535 2319 2877 2375 obtrectandi
2915 2323 3255 2378 occasionem
3305 2326 3529 2381 haberet

1954 2403 2349 2463 malevolentia.
2398 2408 2470 2461 At
2538 2419 2804 2480 repugnat
2858 2413 3002 2480 quod
3056 2429 3179 2469 mox
3226 2418 3527 2487 subjungit,

1950 2510 2170 2564 operam
2198 2498 2418 2553 dedisse
2448 2498 2759 2573 Origenem,
2816 2514 2874 2558 ut
2923 2505 3126 2560 factum
3175 2507 3305 2562 illud
3342 2512 3525 2563 occul-

1953 2596 2201 2643 taretur:
2239 2604 2361 2643 nam
2398 2593 2441 2646 si
2480 2593 2793 2661 occultavit,
2854 2598 3123 2665 quomodo
3154 2614 3398 2656 rumores
3432 2603 3527 2656 ho-

1951 2679 2154 2733 minum
2181 2680 2481 2750 ignorabile
2514 2682 2721 2739 factum
2754 2687 2933 2755 sopire
2966 2689 3162 2755 potuit,
3205 2692 3347 2760 quod
3378 2694 3526 2747 evul-

1953 2773 2190 2840 gandum
2222 2785 2340 2827 erat
2369 2774 2435 2827 ad
2470 2776 2901 2832 maledicentiam
2951 2789 3005 2833 et
3048 2781 3313 2837 obscenos
3347 2800 3526 2841 runzo-

1948 2878 2035 2918 res
2078 2868 2539 2935 compescendos?
2612 2868 2695 2923 Ad
2750 2884 2951 2924 annum
3012 2870 3195 2928 Severi
3252 2877 3521 2933 decimum

1946 2966 2199 3027 quartum
2246 2960 2519 3029 pertinere
2551 2948 2668 3017 haec
2719 2962 3027 3030 suspicatur
3060 2964 3360 3022 Baronius:
3394 2986 3525 3038 quo-

1948 3065 2065 3104 rum
2100 3060 2310 3120 tempus
2340 3054 2657 3123 neutiquam
2693 3053 2961 3111 Eusebius
3002 3057 3321 3129 designavit.
3376 3062 3430 3115 l'l
3473 3064 3519 3118 si

1944 3140 2036 3203 sit,
2071 3154 2273 3194 annum
2323 3150 2450 3197 tunc
2500 3144 2672 3213 egerit
2715 3141 2976 3212 Origenes
3033 3148 3350 3204 vicesimum
3404 3151 3518 3220 pri-

1942 3246 2109 3285 mum.

2012 3321 2206 3394 Magna
2236 3339 2366 3379 vero
2416 3326 2503 3380 hic
2536 3325 2822 3382 doctorum
2859 3330 3136 3385 hominum
3184 3333 3518 3388 concertatio

1937 3425 2041 3479 est,
2064 3415 2290 3472 laudene
2314 3417 2579 3483 ejusmodi
2610 3418 2843 3486 facinus,
2871 3421 2984 3492 (30)
3024 3438 3091 3476 an
3122 3426 3520 3494 vituperatione

1939 3506 2162 3577 dignum
2204 3510 2295 3562 sit.
2326 3511 2525 3579 Aperte
2575 3513 2798 3567 damnat
2838 3514 3119 3576 Baronius,
3153 3517 3219 3569 ad
3254 3533 3345 3570 an.
3387 3514 3515 3582 9.30,

1937 3596 2225 3666 multisque
2259 3599 2586 3653 sententiam
2628 3615 2781 3654 suam
2809 3604 3145 3671 argumentis
3194 3615 3392 3667 tuetur,
3422 3604 3517 3659 sed

1932 3787 2147 3841 videtur
2169 3787 2239 3842 ob
2264 3786 2478 3841 Eusebii
2523 3789 2820 3853 silentium,
2842 3791 2931 3859 qui
2962 3799 3111 3845 certe
3137 3792 3516 3847 medicaminis

1933 3873 2108 3920 usum,
2166 3860 2210 3912 si
2274 3873 2456 3913 revera
2533 3860 2807 3932 adhibitus
2861 3862 2930 3914 ab
2997 3861 3231 3932 Origene
3298 3862 3511 3929 fuisset,

1931 3940 2436 4001 commemorasset,
2456 3944 2565 4001 quo
2597 3929 2796 4001 factum
2835 3932 3005 4001 magis
3035 3929 3340 3987 excusaret.

2003 3997 2116 4068 (50)
2150 4000 2231 4070 An
2257 3997 2633 4065 vituperatione
2658 4000 2873 4070 dignum
2896 3997 2984 4055 sit.
3008 4002 3238 4069 Legibus
3261 4004 3509 4061 civilibus

1936 4069 1987 4123 .d
2020 4069 2350 4136 prohibitum
2383 4079 2523 4134 erat,
2584 4078 2715 4123 teste
2769 4070 3032 4126 Suetonio
3087 4072 3140 4124 in
3182 4072 3508 4140 Domitiano,

1936 4140 2106 4213 Dione
2144 4140 2365 4213 Cassio,
2406 4140 2691 4213 Iib._r.xvn,
2747 4149 2801 4195 et
2845 4139 3055 4213 Justino
3102 4142 3359 4213 Martyre,
3418 4139 3508 4210 qni

1935 4208 2188 4278 Apologia
2220 4210 2274 4266 1.
2300 4225 2445 4265 num.
2480 4209 2568 4267 29.
2621 4211 2759 4264 hanc
2815 4211 2979 4266 refert
3019 4208 3297 4267 bismriain
3332 4232 3345 4268 :
3398 4208 3510 4269 Καὶ

1932 4279 2034 4353 ﬁgi-ri
2059 4296 2162 4353 ᾐτις
2206 4278 2323 4353 τῶν
2355 4280 2655 4353 ἡμετέρων,
2698 4281 2835 4353 ὑπὲρ
2867 4282 2959 4353 τοῦ
2998 4286 3180 4335 πεῖσαι
3236 4282 3396 4353 ὑμᾶς,
3426 4285 3506 4338 ὅτι

1932 4348 2200 4441 (illisa-rw
2222 4352 2352 4441 ﬁgit“:
2378 4348 2686 4441 ήξξῖσῖήρεον
2710 4352 2768 4441 ’ἡ
2804 4348 3008 4441 "atuan
3042 4353 3205 4441 μςξις.
3254 4348 3506 4439 βιϐλίδιον

1933 4420 2198 4503 ᾲνέξωξεν
2246 4420 2249 4421 ⁷
2277 4421 2335 4503 ex
2390 4420 2765 4503 ’ᾼλεξαξιδρξίᾳ
2782 4490 2805 4503 ⁸
2825 4420 3015 4503 Ignitum.
3044 4420 3053 4422 “
3084 4420 3466 4503 ἡγεμόνεύρντι
3486 4466 3501 4487 ,

1932 4489 2097 4571 ᾁξιῶν
2117 4490 2599 4571 ξπιτρέψαιαίᾳτρῴ
2620 4489 3030 4571 ῥοὺξ-διδύμςδυὲ⁵
3060 4489 3221 4571 abice;
3253 4494 3501 4571 ἁφξλείνο

1928 4561 2052 4636 ᾄνευ
2076 4562 2185 4636 γὰρ
2217 4559 2328 4636 τῆςς
2344 4559 2437 4636 τοῦ
2454 4559 3047 4636 Ᾱῄγεμόνοςᾲὲπιτροτζῇς
3068 4559 3505 4636 τοῦτογπρἀτειν

1926 4630 2328 4715 suggesting:
2360 4630 2678 4715 éxeiiarpo‘t'
2703 4630 2939 4715 ἔλεγον..
2970 4630 3079 4715 Ιςαὶ
3112 4630 3353 4715 μῃδὸλὼβ
3378 4636 3502 4715 ﬁcu:-

1925 4699 2175 4775 ληθέντὸς
2203 4699 2820 4775 ΦήλικφςΑὑποξῨρόιψαιζ
2856 4704 2939 4775 ἐφῖ
2991 4699 3183 4775 ὲᾳυιέοῦ
3243 4699 3432 4775 μείνὰς
3474 4707 3502 4758 ὁ

1923 4770 2219 4845 νεανίᾳκος,
2257 4770 2500 4845 ἠρκέσθη
2534 4774 2600 4842 τῇ
2622 4770 2823 4825 ἑαυτοῦ
2858 4773 2950 4826 καὶ
2980 4773 3086 4825 τῶν
3109 4770 3502 4845 ὁμογνωμόνων

1925 4841 2244 4915 συνειδήσει.
2270 4841 2493 4911 Jamque
2523 4841 2821 4915 nostrorum
2851 4846 3087 4913 quidam,
3125 4841 3177 4897 ut
3212 4841 3349 4899 uoltis
3378 4863 3500 4915 per-

1922 4912 2166 4964 suaderet
2213 4927 2315 4965 non
2347 4928 2471 4983 esse,
2508 4912 2985 4983 mysterium_apud
3019 4931 3109 4967 nos
3141 4912 3498 4983 promiscuum

1923 4982 2276 5054 concubitum,
2311 4981 2493 5034 obtulit
2549 4982 2780 5036 libellum
2806 4981 2975 5036 Felici
3000 4981 3338 5040 Alexandria:
3360 5002 3499 5054 pra:-

1922 5051 2075 5119 fectn,
2119 5068 2324 5124 rogans,
2344 5063 2397 5103 ut
2433 5054 2640 5124 medico
2690 5054 2963 5124 licentiam
2996 5054 3149 5107 daret
3197 5051 3369 5108 testes'
3396 5058 3498 5124 ipsi

1923 5124 2213 5176 resecandi.
2256 5121 2325 5174 1d
2357 5122 2495 5174 enim
2530 5124 2643 5176 sine
2677 5123 2911 5192 praefecti
2948 5123 3161 5178 licentia
3211 5125 3385 5193 facere
3416 5121 3495 5179 in-

1920 5194 2200 5262 terdictum
2269 5193 2367 5245 sibi
2424 5193 2567 5245 illius
2627 5195 2772 5262 urbis
2822 5195 3010 5246 medici
3061 5194 3320 5248 dicebant.
3389 5195 3493 5250 Sed

1921 5278 2039 5314 cum
2072 5260 2233 5315 Felix
2263 5263 2476 5315 omnino
2521 5260 2747 5317 scribere
2788 5264 3060 5329 noluisset,
3107 5266 3410 5319 adolescens
3440 5283 3493 5321 tn

1920 5333 2240 5387 continentia
2284 5342 2333 5386 et
2388 5334 2689 5401 virginitate
2730 5350 3063 5401 permanens,
3099 5352 3196 5388 sua
3230 5345 3277 5387 et
3312 5353 3492 5389 eorum

1916 5404 2007 5471 qui
2049 5404 2184 5456 idem
2226 5418 2287 5457 ac
2339 5403 2447 5471 ipse
2480 5404 2790 5471 sentiebant,
2848 5406 3167 5459 conscientia
3224 5416 3490 5459 contentus

1916 5473 2039 5594 {uit
2074 5472 2207 5528 Ctttn
2257 5474 2329 5527 ita
2360 5487 2419 5526 se
2458 5487 2546 5527 res
2580 5474 2851 5535 habuerit,
2907 5490 3005 5529 nec
3047 5476 3185 5529 ullus
3212 5476 3492 5531 dubitandi

1937 5557 2067 5594 oens
2104 5543 2195 5594 sit.
2232 5544 2363 5594 auin
2406 5543 2451 5594 is
2489 5553 2671 5594 neccet
2697 5545 2789 5594 aui
2829 5546 2997 5594 leuem
3029 5546 3240 5594 civilem
3292 5547 3489 5594 iustam

1937 5557 2067 5597 ocus
2104 5543 2195 5603 sit,
2232 5544 2363 5612 quin
2406 5543 2451 5597 is
2489 5553 2671 5612 peccet
2697 5545 2789 5613 qui
2829 5546 2997 5614 legem
3029 5546 3240 5601 civilem
3280 5547 3491 5669 {ustum

1937 5623 2107 5669 monte
2149 5614 2335 5669 violat.
2381 5613 2769 5669 vituperatione
2812 5615 3030 5669 dignum
3068 5616 3235 5669 fuisse
3295 5617 3489 5669 ’acinus

3303 5632 3489 5670 JCIIIUS

1917 5683 2164 5753 Origenis
2199 5684 2367 5738 libere
2414 5682 2690 5737 fatendum
2737 5698 2842 5749 εει,
2872 5682 3000 5740 licet
3040 5687 3179 5742 forte
3224 5684 3487 5753 ejusmodi

1917 5752 2002 5807 lex
2047 5753 2302 5808 Ecclesiae
2329 5768 2548 5822 quoque
2610 5757 2907 5809 canonibus
2952 5757 3183 5809 nondum
3224 5752 3283 5809 ea
3332 5766 3489 5810 anate

1917 5824 2084 5879 fuerit
2106 5826 2445 5893 continuata,
2483 5832 2539 5878 ut
2568 5822 2743 5895 colligi
2781 5840 2939 5894 posse
2975 5827 3182 5883 videtur
3214 5840 3281 5880 ex
3312 5826 3484 5881 histo-

3141 5917 3213 5975 21
