4020 6306
536 324 631 380 651
1803 331 1863 384 Ρ.
1926 331 2083 386 DANI

2186 333 2241 388 IS
2281 334 2515 392 HUETII
3630 363 3724 420 652

536 463 656 516 qua:
686 450 750 544 ad
781 463 899 502 eam
935 449 1229 544 feretque:
1263 450 1404 544 ferro
1453 450 1541 515 lit,
1566 452 1917 506 evirationem
1947 454 2108 523 perti-
2139 460 2182 514 Α
2211 472 2336 526 que,
2373 473 2438 511 ne
2485 458 2661 512 simile
2715 459 2842 527 quid
2896 459 2948 514 in
2993 475 3052 514 se
3087 462 3364 532 aliquando
3403 442 3723 544 conciperent,

535 553 684 597 nent.
715 541 912 598 Contra
962 557 1024 596 ea
1075 542 1370 607 llalloxius,
1405 559 1509 596 non
1545 557 1768 599 excusat
1803 546 1984 609 modo,
2020 549 2111 601 sed
2216 549 2564 604 vehementer
2591 552 2905 619 absterruit,
2940 569 3062 608 cum
3096 555 3213 610 aliis
3241 555 3385 620 locis,
3408 569 3511 616 tum
3530 541 3728 631 praesers

535 636 796 699 dilaudat,
849 635 942 690 lib.
982 651 1035 688 tv
1066 633 1215 704 Orig.
1239 635 1375 704 def,
1421 645 1614 704 quaest.
1655 637 1708 691 5.
1741 636 1854 706 Ego
1900 637 2110 708 singula
2215 640 2308 693 tim
2335 641 2447 695 suis
2474 642 2528 696 in
2552 641 2862 698 Matthwum
2896 644 3316 702 Commentariis.
3349 646 3508 706 Locus
3533 654 3730 716 habetur

535 730 606 784 ab
633 739 864 796 utraque
905 738 1054 795 parte
1095 728 1320 782 collecta
1357 744 1460 782 non
1502 729 1772 794 referam;
1806 730 1948 799 quod
1995 731 2112 795 ipse
2215 741 2345 784 tom.
2401 747 2498 797 xv,
2523 749 2670 787 num.
2712 735 2764 800 1,
2787 735 2842 799 2,
2883 736 2938 799 ’5,
2971 737 3004 788 4
3041 746 3092 789 et
3123 737 3176 804 5,
3216 753 3367 807 quem
3395 744 3595 802 omnino
3618 763 3730 806 con.

535 818 730 880 sentio,
754 817 938 886 paucis
957 831 1242 884 exponam.
1275 818 1494 872 Certum
1527 828 1610 872 est
1641 820 1996 873 voluntariam
2027 821 2106 874 sui
2210 823 2312 878 suli
2346 824 2525 879 velim.

535 907 705 978 ipsius
736 906 1120 972 exsectiouem,
1175 921 1294 960 eam
1327 907 1449 961 dico
1477 922 1596 976 quae
1637 907 1695 960 fit
1737 907 1936 977 gladio,
1978 908 2109 962 veti—
2283 912 2586 982 Discipulos
2617 931 2746 971 suos
2771 925 2825 972 et
2878 917 3169 972 familiares
3200 921 3397 979 facinus
3428 941 3570 982 suum
3607 929 3730 987 cela-

533 1011 644 1054 tam
679 1015 799 1054 esse
823 999 1138 1069 apcstolicis
1172 1002 1475 1055 canonibus
1499 1000 1569 1054 ‘22
1598 1011 1652 1054 et
1683 1001 1775 1056 ‘24.
1809 1003 1878 1054 At
1916 1016 2103 1055 eorum
2209 1015 2360 1061 verat
2400 1005 2682 1076 Origenes,
2719 1009 2915 1064 dubius
2944 1013 3111 1066 animi
3144 1013 3354 1070 Iaudine
3397 1018 3512 1083 sibi,
3539 1035 3601 1074 an
3627 1038 3732 1092 pro-

531 1093 690 1148 dubia
719 1103 803 1147 est
836 1093 1154 1155 auctoritas,
1197 1102 1251 1146 et
1272 1092 1487 1160 penitus
1515 1093 1582 1147 ab
1624 1092 1866 1146 Halloxio
1900 1094 2106 1162 respui-
2207 1095 2307 1151 bro
2340 1098 2637 1152 ducendum
2681 1099 2838 1154 foret.
2887 1101 3020 1156 Rem
3066 1111 3244 1158 tamen
3278 1110 3524 1177 comperit
3564 1111 3732 1167 Deme.

531 1193 639 1242 tur.
694 1181 948 1237 Eamdem
1003 1184 1278 1237 damnavit
1327 1185 1595 1239 exstincto
1629 1185 1830 1254 jamdiu
1877 1185 2107 1254 Origene
2209 1193 2363 1256 trius,
2412 1208 2571 1262 quam
2613 1193 2964 1249 vehementer
3017 1195 3310 1252 admiratus
3348 1200 3580 1269 primum,
3634 1215 3730 1262 tum

526 1272 802 1328 Nicaanum
827 1273 1140 1336 concilium,
1166 1289 1290 1328 can.
1313 1274 1364 1340 l,
1394 1275 1737 1330 damnavitet
1767 1277 2102 1341 Arelatense,
2208 1281 2454 1339 laudibus
2485 1286 2648 1338 etiam
2701 1297 3042 1354 prosecutus,
3089 1290 3424 1345 confirmavit
3455 1293 3728 1364 Origenein,

528 1381 652 1420 ean.
696 1365 746 1420 7.
783 1365 886 1437 Ipsi
941 1382 1156 1436 quoque
1214 1367 1468 1430 Eusebio,
1516 1379 1774 1438 perpetuo
1819 1368 1944 1422 licet
1983 1367 2104 1423 Ori-
2205 1383 2529 1444 strenueque
2563 1387 2871 1446 susceptum
2902 1394 3095 1433 munus
3124 1379 3287 1448 jussit
3319 1384 3590 1440 traducere.
3607 1385 3728 1442 Tum

527 1463 680 1530 genis
718 1461 1014 1524 laudatori,
1047 1463 1312 1517 vecordia
1352 1461 1512 1530 hujus
1536 1461 1984 1528 vituperationem
2022 1462 2102 1516 vis
2206 1465 2293 1519 hic
2326 1467 2558 1536 denique
2589 1469 2810 1524 remetis
2851 1469 3266 1540 impedimentis,
3303 1475 3553 1529 universos
3593 1477 3653 1531 ad
3675 1492 3730 1533 se

525 1551 770 1605 veritatis
805 1550 1091 1620 expressit.
1169 1550 1275 1606 Sed
1315 1552 1442 1621 quid
1493 1553 1666 1606 aliena
1709 1553 2098 1621 conquirimus,
2201 1560 2486 1614 erudiendi
2541 1575 2703 1616 causa
2744 1561 3020 1617 venientes
3065 1563 3214 1617 nullo
3265 1579 3417 1621 sexus
3449 1568 3730 1624 discrimine

526 1643 974 1698 cumdomeStica
1024 1643 1371 1713 suppeditent
1420 1644 1768 1699 testimonia?
1807 1645 2102 1713 Utramque
2201 1648 2439 1702 admisit.
2501 1647 2555 1702 In
2591 1664 2778 1704 eorum
2830 1659 3010 1704 autem
3066 1651 3402 1706 institutione
3445 1669 3630 1708 suntma
3677 1669 3732 1710 se

525 1735 937 1797 castrationem,
982 1745 1033 1789 et
1080 1751 1199 1804 qua:
1231 1735 1560 1798 exsectione,
1601 1745 1654 1788 et
1694 1749 1813 1804 qua:
1859 1737 2102 1790 exsicca-
2205 1740 2464 1794 tractavit
2491 1741 2788 1812 diligentia,
2836 1755 3102 1812 omneque
3125 1757 3279 1797 suum
3304 1743 3463 1796 Otium
3484 1743 3541 1797 ad
3564 1760 3730 1800 eorum

527 1833 670 1887 tione
701 1832 997 1902 perficitur,
1047 1830 1322 1884 damnavit
1365 1829 1576 1885 demum
1619 1829 1900 1902 Origenes,
1936 1830 2099 1885 alios-
2133 1817 2174 1872 Β
2207 1831 2480 1900 negotium
2508 1833 2756 1888 contulit.

1849 2114 2228 2206 CAPUT
2304 2117 2436 2203 Il.

522 2306 572 2362 I.-
601 2306 776 2364 Severi
804 2310 1138 2377 imperatoris
1177 2313 1368 2365 obitus.
1413 2311 1668 2380 Origenes
1706 2309 1927 2363 Romam
1972 2307 2439 2380 proficiscitur.ll.
2487 2309 2862 2361 Alexandriam
2898 2309 3051 2363 redit.
3085 2307 3168 2363 III.
3207 2307 3512 2380 Hebraicam
3534 2308 3741 2380 linguam

591 2381 864 2435 condiscit.
897 2381 984 2436 IV.
1009 2380 1345 2435 Ambrosium
1375 2382 1441 2434 ad
1467 2377 1666 2434 Christi
1698 2383 1856 2448 ﬁdem
1905 2380 2178 2448 conrertit.
2221 2379 2280 2431 V.
2331 2379 2636 2430 Accersitur
2679 2381 2732 2432 in
2771 2380 3038 2442 Arabiam,
3082 2381 3220 2432 redit
3262 2377 3640 2432 Alexandriam.
3665 2377 3739 2431 Vl.

592 2449 932 2504 Palazstinam
956 2451 1102 2520 petit,
1135 2453 1513 2506 Alexandriam
1542 2447 1703 2505 redit.
1730 2451 1814 2501 VlI
1854 2452 1934 2520 MA
1983 2447 2263 2502 Mammtea
2299 2451 2584 2520 accersitur
2618 2449 2996 2520 Antiochiam;
3047 2451 3422 2520 Alemandriam
3475 2452 3737 2520 revertitur.

597 2520 732 2574 VIII.
780 2517 1108 2586 Scripturam
1159 2539 1362 2574 sacram
1404 2520 1791 2573 commentariis
1825 2519 2091 2571 illustrare
2120 2521 2440 2586 aggreditur.
2488 2519 2575 2571 IX.
2611 2519 3028 2572 Commentarios
3071 2519 3434 2580 inJoannem,
3483 2517 3596 2570 etin
3625 2519 3742 2570 alios

590 2589 876 2660 Scriptura?
906 2591 1064 2660 libros
1098 2591 1328 2645 inchoat.
1361 2589 1428 2645 X.
1465 2590 1524 2642 lu
1563 2591 1814 2642 Achaiam
1845 2605 1936 2660 per
1977 2588 2319 2660 Pula’stinam
2350 2589 2722 2660 proﬁciscitur.
2760 2590 2851 2643 XI.
2884 2590 3107 2660 Athenis
3128 2592 3399 2642 discedens
3434 2588 3621 2660 Epheso
3657 2589 3742 2641 iter

590 2657 762 2714 (abet.
806 2659 918 2713 XII.
952 2659 1208 2714 (Μίδαι-ειν
1241 2664 1508 2728 presbyter
1550 2661 1665 2727 jam
1695 2669 1814 2712 ante
1850 2658 2025 2728 fuerat
2071 2659 2347 2728 ordinatus
2375 2675 2392 2722 ;
2425 2658 2747 2711 Alexandria
2785 2660 3020 2728 pellitur.
3048 2658 3178 2714 XIII.
3237 2660 3386 2722 Cum,
3417 2675 3475 2710 ne
3498 2657 3743 2711 vitiaretur

589 2733 654 2783 ab
685 2729 955 2796 {Et/tiam.
996 2731 1156 2784 idolis
1199 2725 1571 2797 sacriﬁcasset,
1635 2729 1775 2782 XIV.
1830 2725 2127 2782 Ctesaream
2165 2725 2475 2782 Palwstinw
2531 2725 2792 2785 concedit.
2836 2727 2948 2784 XV.
2993 2729 3351 2797 Confutantur
3393 2729 3638 2790 nonnulli,
3667 2729 3740 2792 qui

588 2799 960 2869 Origenenrab
1011 2799 1235 2852 Heracla
1276 2801 1597 2869 Aleasandria
1635 2801 1913 2866 depulsum
1938 2798 2102 2862 fuisse
2125 2799 2470 2869 scripserunt.
2539 2797 2671 2854 XVI.
2710 2799 3078 2852 Ecclesiastica
3120 2801 3316 2869 munia
3350 2800 3491 2861 obit;
3533 2813 3560 2848 a
3586 2800 3740 2850 multis

593 2867 797 2938 fovetur
842 2867 1114 2924 Erclcsiis.
1144 2871 1303 2924 XVII.
1368 2868 1709 2922 Palmstinam
1769 2871 2074 2936 perlustrat.
2133 2867 2335 2938 XVIII.
2371 2867 2563 2920 Utrum
2597 2869 2782 2936 viginti
2809 2878 2858 2921 et
2904 2881 3018 2921 octo
3067 2885 3239 2921 annos
3276 2868 3399 2938 Tyri
3438 2871 3738 2934 transegerit.

586 2935 728 2992 XIX.
768 2938 1078 3008 Gregorium
1106 2941 1556 3006 Tlmumaturgum
1601 2951 1648 2990 et
1683 2935 2071 2991 Athenodorum
2115 2937 2332 3006 fratres,
2366 2940 2600 3006 aliosque
2648 2935 2703 2992 in
2747 2938 2933 2993 litteris
2962 2940 3133 2994 sacris
3170 2951 3221 2993 et
3263 2935 3496 3009 profanis
3522 2939 3739 2990 instituit.

587 3009 789 3063 Isaiam
813 3023 859 3064 et
893 3009 1217 3064 Ezecliielem
1241 3009 1630 3063 commentariis
1675 3011 1905 3078 exponit.

2117 3153 2181 3167 IN—

585 3279 628 3336 1.
649 3279 760 3351 (31)
785 3280 1040 3336 Severum
1062 3279 1299 3348 interim,
1319 3296 1440 3336 cum
1461 3281 1571 3351 jam
1593 3281 1878 3352 aliquoties
1907 3282 2076 3337 inter-
2104 3298 2148 3356 ο
2185 3281 2438 3336 tiochiam
2467 3282 2564 3336 ivit
2600 3279 2906 3346 Mammzea,
2931 3294 3092 3348 quam
3112 3294 3238 3334 cum
3277 3280 3470 3334 Persas
3515 3277 3744 3333 Romanis

517 3370 680 3426 ficere
743 3371 963 3428 adortus
1013 3380 1156 3426 esset
1218 3371 1494 3427 Caracalla
1551 3371 1734 3436 (ilius,
1810 3389 1956 3427 mors
2018 3389 2085 3428 ex

511 3463 832 3532 aegritudine
878 3474 1170 3518 consecuta
1220 3471 1322 3529 est,
1357 3465 1573 3535 expleto
1615 3465 1823 3535 imperii
1880 3465 2089 3521 decimo

513 3565 703 3612 octavo
745 3570 908 3620 anno,
948 3555 1122 3609 aetatis
1157 3554 1470 3610 vicesimum
1499 3564 1711 3609 sextum
1749 3567 1943 3628 agente
1964 3557 2088 3612 Ori-

510 3664 671 3720 gene.
720 3647 819 3702 Hic
848 3656 971 3718 post
1038 3647 1242 3716 aliquot
1294 3647 1484 3702 deinde
1525 3662 1692 3701 annos
1743 3647 1967 3702 Romam
2011 3649 2090 3703 ire

507 3739 808 3804 contendit,
863 3738 1120 3792 Romanae
1164 3737 1424 3792 Ecclesiae
1475 3738 1711 3792 visendas
1753 3739 1956 3804 studio,
2000 3741 2086 3794 cui

510 3842 640 3886 tunc
672 3840 903 3900 przeerat
944 3829 1279 3902 Zcphyrinus
1315 3845 1472 3900 papa.
1509 3830 1743 3900 Tempus
1785 3833 1994 3887 itineris
2021 3835 2089 3888 ab

513 3921 748 3975 Eusebio
768 3921 1190 3988 praetermissum
1215 3920 1527 3988 caujectura
1550 3923 1764 3990 assequi
1791 3923 1972 3976 studet
1998 3923 2091 3975 Ba-

515 4013 721 4076 ronius,
755 4021 809 4065 et
847 4012 898 4065 in
945 4013 1176 4080 primum
1206 4013 1476 4080 Elagabali
1523 4013 1699 4081 rejicit
1741 4030 1966 4080 annum,
1999 4017 2089 4084 qui

513 4099 801 4172 Zephyrini
827 4102 1066 4156 decimus
1088 4112 1338 4168 octavus,
1375 4116 1429 4158 et
1461 4114 1766 4173 postremus
1794 4106 1927 4172 fuit;
1957 4123 2090 4162 cau-

512 4208 738 4264 samque
781 4193 1100 4264 profectioni
1146 4193 1478 4249 ﬂammicam
1516 4195 1806 4250 Alexandri
1862 4209 2088 4251 matrem

512 4289 725 4344 dedisse
761 4289 1089 4358 suspicatur,
1148 4304 1269 4342 cum
1301 4298 1420 4358 post
1459 4290 1780 4344 accersitum
1807 4290 1873 4343 ad
1902 4301 1961 4345 se
1988 4291 2090 4344 An-

515 4378 768 4433 tiochiam
790 4377 1100 4449 Origenem,
1127 4377 1471 4450 Elagabalum
1507 4381 1787 4448 imperium
1815 4381 2086 4437 ineuntem

512 4468 743 4522 Romam
790 4481 932 4524 esset
970 4471 1245 4526 comitata.
1272 4471 1382 4542 (5‘2)
1416 4471 1610 4526 Verum
1642 4471 1757 4525 haec
1791 4473 1949 4527 aliter
1975 4472 2086 4526 Eu-

513 4562 663 4617 sebio
687 4563 1017 4634 temporibus
1051 4565 1219 4620 divisa
1243 4575 1370 4619 sunt
1394 4582 1406 4616 :
1428 4575 1555 4619 tunc
1574 4564 1717 4618 enim
1750 4579 1779 4618 a
1811 4565 2087 4620 Mammaea

511 4655 856 4710 Antiochiam
909 4657 1136 4712 accitum
1191 4657 1357 4713 fuisse
1393 4656 1678 4728 Origenem
1725 4658 1858 4712 satis
1900 4669 2082 4726 aperte

513 4739 786 4823 Signiﬁcat
805 4793 820 4818 ,
847 4762 903 4808 et
941 4753 1160 4809 disertis
1191 4769 1404 4824 quoque
1428 4754 1611 4808 verbis
1636 4760 1752 4822 post
1781 4751 1928 4805 illum
1956 4752 2080 4805 Sui-

513 4844 759 4915 das(55),
779 4861 900 4899 cum
926 4861 1104 4899 rerum
1139 4847 1400 4914 potiretur
1430 4845 1574 4899 filius
1597 4843 1713 4912 ejus
1745 4841 2073 4898 Alexander.

513 4939 614 5006 Qui
639 4950 922 5009 postquam
961 4939 1242 5008 imperium
1280 4939 1500 5005 adeptus
1532 4947 1634 4993 est.
1665 4951 1770 4992 non
1801 4935 1933 4990 alias
1968 4937 2079 4987 An-

515 5121 596 5175 ria
624 5136 748 5176 mox
799 5135 829 5174 a
884 5120 1098 5174 .tustmo
1133 5117 1365 5188 Martyre
1390 5123 1851 5188 commemorata.
1897 5113 2078 5188 Neque

515 5192 658 5244 enim
716 5190 1008 5245 verisimile
1082 5189 1211 5242 mihi
1273 5186 1632 5254 estjnveuem
1687 5187 1848 5239 istum
1899 5186 1948 5238 id
2012 5186 2079 5237 ab

513 5261 854 5314 Alexandriae
883 5259 1114 5330 praeside
1145 5259 1536 5330 postulaturum
1589 5255 1777 5330 fuisse,
1819 5257 1964 5330 quod
1976 5270 2079 5330 ca-

515 5345 656 5384 none
674 5325 1040 5384 ecclesiastico
1073 5330 1294 5381 vetitum
1329 5329 1588 5381 novisset.
1647 5326 1912 5380 Caeterum
1952 5325 2078 5378 Ilie-

517 5414 796 5470 ronymus,
831 5401 992 5454 etiam
1035 5400 1252 5467 quando
1296 5398 1534 5470 omnium
1592 5395 1856 5470 acerrime
1889 5394 2080 5464 Orige-

515 5463 638 5525 neni
671 5471 990 5536 inseetatur,
1008 5463 1164 5538 epist.
1182 5469 1251 5524 65
1268 5471 1347 5538 ad,
1367 5467 1676 5538 Pammach.
1695 5473 1750 5538 et
1779 5463 2074 5538 Oceanum,

516 5543 583 5596 de
628 5542 769 5610 ipso,
798 5535 981 5610 tamen
1013 5535 1125 5594 hiet:
1148 5539 1237 5610 ait
1265 5537 1433 5610 {Vult
1469 5535 1658 5610 aliquis
1701 5535 1918 5610 laudare
1947 5535 2080 5610 Ori-

517 5605 717 5681 genern,
751 5609 926 5662 laudet
950 5619 1006 5681 ut
1030 5609 1209 5681 lauda.
1265 5609 1490 5681 Magnus
1529 5609 1606 5681 vir
1656 5607 1723 5681 ab
1761 5605 2008 5681 infantid
2033 5615 2080 5657 et

513 5675 626 5734 rere
652 5681 894 5748 martyris
923 5680 1087 5747 ﬁlius,
1117 5675 1451 5733 Alexandriae
1487 5675 1893 5748 ecclesiasticam
1933 5675 2086 5748 sclto-_

513 5751 619 5803 lant
678 5743 865 5810 tenuit,
923 5743 1214 5802 succedens
1261 5748 1613 5803 eruditissimo
1665 5747 1778 5799 uiro
1829 5743 2081 5798 Clementi

512 5822 830 5891 presbytero.
874 5818 1176 5888 Voluptates
1221 5823 1272 5874 in
1300 5830 1504 5874 tantum
1529 5817 1684 5887 fugit,
1736 5825 1789 5869 ut
1819 5816 1929 5868 zelo
1955 5813 2082 5879 Dei,

2193 3375 2388 3429 finibus
2413 3374 2755 3428 imminentes
2780 3373 2917 3427 bello
2947 3373 3182 3428 refutare
3205 3387 3492 3444 aggressus
3514 3381 3613 3431 est.
3633 3367 3742 3425 Hac

2190 3467 2374 3522 multis
2396 3477 2515 3536 post
2539 3465 2831 3536 Zephyrini
2861 3465 3066 3520 obitum
3094 3464 3254 3518 anhis
3290 3465 3600 3518 inciderunt.
3625 3463 3742 3516 Cum

2189 3569 2366 3613 autem
2399 3558 2694 3627 imperator
2723 3558 3062 3611 renuntiatus
3085 3563 3169 3611 est
3204 3555 3539 3625 Elagabalus,
3560 3554 3745 3608 Emesa!

2191 3651 2630 3707 commorabatur
2686 3649 2998 3714 Mammaea,
3050 3635 3229 3718 neque
3287 3651 3342 3704 in
3394 3659 3536 3704 tanta
3580 3663 3741 3702 rerum

2189 3743 2542 3798 conversione
2589 3741 2820 3795 curiosis
2847 3741 3215 3796 auditionibus
3257 3755 3477 3811 cperam
3509 3740 3628 3794 dare
3659 3753 3746 3808 po-

2193 3835 2358 3889 tuisse
2382 3833 2675 3888 verisimile
2709 3842 2812 3887 est.
2850 3832 3175 3908 Ecqtueuam
3214 3849 3384 3902 porro
3414 3848 3570 3888 causa
3603 3829 3746 3883 fuerit

2192 3925 2442 3988 Barouio,
2479 3939 2578 3979 cur
2601 3924 2862 3977 incertam
2917 3921 3258 3992 Origenianaa
3310 3925 3365 3978 in
3401 3923 3591 3978 Italiam
3632 3933 3748 3990 pro-

2191 4017 2438 4072 fectionis
2485 4016 2822 4070 occasionem
2871 4016 3422 4080 comminisceretur,
3468 4015 3737 4070 Mammtete

2191 4124 2382 4176 nempe
2428 4108 2759 4162 assectandze
2787 4107 3045 4171 studium,
3071 4123 3193 4162 cum
3231 4124 3418 4162 veram
3449 4103 3749 4176 expresserit

2190 4201 2474 4267 Eusebius,
2501 4199 2644 4256 Hist.
2684 4199 2780 4254 lib.
2805 4215 2880 4264 vr,
2935 4215 3055 4268 cap.
3090 4201 3180 4263 14,
3220 4200 3478 4254 Romanae
3513 4196 3746 4252 nimirum

2190 4293 2464 4358 Ecclesiae,
2516 4294 2784 4360 omnium,
2835 4301 2894 4347 ut
2951 4295 3063 4362 ipse
3097 4293 3314 4357 scribit,
3361 4290 3747 4360 antiquissimae,

2190 4387 2405 4456 penitus
2437 4386 2825 4455 cognoscenda:
2875 4385 3221 4452 desiderium,
3282 4402 3392 4440 non
3426 4385 3595 4441 video.
3647 4379 3748 4435 Hoc

2191 4494 2318 4548 ergo
2365 4481 2465 4533 iter
2508 4478 2692 4532 Severi
2739 4478 2882 4531 inter
2911 4477 3137 4544 obitum,
3173 4477 3262 4546 qui
3298 4493 3440 4532 anno
3478 4471 3745 4544 Zepltyrini

2192 4571 2477 4624 undecimo
2522 4570 2780 4637 contigit,
2835 4570 3106 4638 ipsiusque
3161 4568 3452 4640 Zephyrini
3511 4575 3742 4629 mortem,

2118 4695 2160 4749 ο
2191 4675 2310 4728 qua:
2337 4659 2400 4712 ad
2432 4651 2965 4729 alterum’EIagahali
2996 4675 3192 4712 artuum
3235 4659 3492 4726 pertinet,
3521 4654 3746 4711 conferre

2193 4752 2325 4806 satis
2382 4753 2778 4806 habeamusza
2829 4760 3071 4821 tempore
3108 4759 3286 4804 autem
3337 4749 3562 4818 przecise
3616 4743 3746 4799 desi-

2190 4842 2421 4912 gnando,
2471 4857 2591 4895 cum
2634 4857 2702 4896 ne
2757 4842 3084 4909 coniecturae
3113 4841 3554 4911 quidem-locum
3605 4834 3746 4889 nobis

2191 4945 2434 4992 veterum
2465 4943 2806 4990 monumenta
2841 4935 3139 5003 praebeant,
3172 4934 3563 4988 abstineamus.
3593 4926 3644 4981 Id
3699 4925 3742 4976 in

2185 5112 2274 5167 sed
2312 5121 2483 5166 tamen
2534 5129 2635 5166 non
2659 5111 2940 5165 secundum
2988 5110 3280 5174 scientiam,
3312 5111 3454 5178 [erro
3495 5114 3743 5178 truncaret

2183 5183 2457 5251 genitalia.
2511 5183 2636 5246 Ubi,
2679 5192 2737 5234 ut
2769 5182 2938 5251 vides,
2996 5181 3204 5251 facinus
3257 5173 3359 5232 non
3405 5179 3621 5251 laudat,
3660 5173 3741 5251 sed

2182 5244 2328 5315 cum,
2358 5268 2466 5320 quo
2500 5254 2566 5308 ad
2612 5244 2667 5307 id
2711 5244 2975 5319 impulsus
3025 5249 3220 5312 fuerat,
3255 5249 3467 5304 eximite
3509 5244 3743 5317 puritatis

2184 5337 2446 5377 atnorem.

2254 5391 2367 5462 (51)
2405 5392 2628 5462 Euseb.,
2655 5393 2750 5447 lib.
2775 5407 2851 5451 v1.
2880 5392 3086 5462 cap.78,
3117 5390 3204 5455 Η,
3231 5391 3321 5444 21.
3458 5457 3489 5462 __
3613 5453 3640 5462 η
3676 5452 3686 5461 ,

2253 5453 2366 5531 (52)
2412 5453 2745 5516 νενιιηιίιιωε
2782 5453 3208 5515 aliter-Eusebio
3251 5453 3739 5531 temporibus-diuisa

2186 5521 2459 5594 sunt,'etc.
2498 5532 2631 5586 Vide
2657 5533 2815 5600 paulo
2840 5531 2977 5585 infra
3021 5543 3200 5585 notam
3233 5531 3295 5584 ad
3329 5521 3474 5600 nunr.
3510 5524 3612 5587 VII,
3661 5521 3740 5573 ubi

2180 5603 2440 5672 refellitur
2471 5596 2852 5672 lluetii'opiu'to
2885 5603 2951 5658 de
2979 5615 3219 5672 tempore
3266 5613 3371 5670 quo
3420 5596 3737 5652 Mammaeam

2183 5673 2315 5727 adiit
2341 5671 2618 5741 Origenes.

2252 5744 2363 5810 (35)
2410 5740 2590 5807 S’uid.,
2615 5740 2792 5796 Lexic.
2820 5743 2884 5796 Ω.
