4020 6306
278 331 382 394 ϐετ

1336 332 1911 390 ORIGENIANOHUM
1951 332 2077 387 LIB.
2123 334 2162 396 Ι,
2204 333 2354 388 CAP.
2398 333 2457 388 ll.

3412 334 3515 387 658

279 454 561 512 ntentariis
594 454 868 512 illustrare
892 454 1153 527 Origenes
1180 470 1342 512 orsus
1386 469 1492 524 est,
1550 457 1839 529 impulsore
1870 462 1910 514 A
1941 467 1985 509 et
2015 455 2241 525 amplius
2280 457 2514 509 notarios
2537 499 2551 521 ,
2587 471 2863 523 eorumque
2902 470 3173 524 expensas,
3200 458 3512 516 et,wrarin-

275 544 589 611 Ambrosio,
625 545 717 615 qui
753 561 858 601 non
907 548 1085 601 verbis
1136 547 1456 605 incendebat
1500 551 1708 613 solum,
1745 552 1839 605 sed

275 636 581 706 sumptibus
634 638 799 693 etiam
846 640 1245 709 suppeditabat.
1294 640 1514 711 Legitur
1558 642 1701 713 apud
1732 642 1834 695 Ce-

274 729 524 795 drenum,
555 728 699 799 quod
729 737 784 785 et
810 731 877 783 sb
898 744 964 784 eo
993 741 1341 800 sumpserunt
1374 730 1571 788 Suidas
1625 741 1682 788 et
1707 733 1837 804 Gly-

274 834 389 884 cas,
410 818 701 892 Origenem
736 836 832 891 per
859 836 1123 878 annorum
1150 823 1454 879 octodecim
1475 823 1710 894 Spatium
1737 823 1839 879 Lit-

277 922 421 968 teras
454 926 642 969 sacras
677 912 845 970 fuisse
878 914 1316 987 interpretatum.
1363 914 1580 973 Minime
1623 918 1675 973 id
1720 920 1840 988 qui-

274 999 395 1054 dem
452 1003 721 1057 consentit
776 1001 993 1059 Eusebii
1054 1005 1378 1071 rationibus,
1428 1006 1519 1075 qui
1550 1004 1838 1077 Origenem

272 1092 629 1163 sexagenario
673 1094 933 1164 majorem
985 1098 1383 1153 Commentariis
1427 1101 1484 1153 in
1528 1098 1840 1155 ."lattltteum

272 1184 577 1241 illustrasse
622 1186 839 1253 scribit,
886 1188 1108 1258 triginta
1162 1189 1374 1245 scilicet
1424 1192 1603 1256 annis,
1663 1209 1839 1262 eoque

269 1275 524 1345 amplius,
549 1286 835 1349 postquam
865 1279 1203 1349 Scripturam
1254 1282 1489 1351 primum
1526 1287 1696 1354 coepit
1741 1301 1839 1339 ex-

268 1382 492 1437 ponere.
542 1369 638 1425 Sin
691 1371 764 1426 ita
818 1373 932 1428 hac
985 1373 1298 1445 accipienda
1353 1386 1573 1430 censeat
1620 1375 1836 1445 aliquis,

268 1460 426 1529 quasi
456 1462 715 1532 quidquid
768 1464 821 1518 in
858 1479 1144 1520 sacrorum
1197 1463 1542 1521 Voluminum
1580 1468 1839 1537 interpre-

270 1556 529 1610 tationem
567 1556 799 1613 diversis
845 1559 1184 1627 temporibus
1224 1559 1321 1615 otii
1370 1560 1602 1615 contulit
1647 1561 1835 1631 Orige-

268 1661 386 1713 nes,
441 1648 744 1704 octodecim
801 1664 1067 1705 annorum
1142 1653 1376 1722 spatium
1449 1655 1833 1722 exaequaverit.

269 1738 484 1809 longius
511 1739 674 1795 etiam
704 1740 1006 1805 dissentio;
1039 1742 1304 1812 ejusmodi
1345 1746 1543 1816 quippe
1568 1745 1833 1799 rationem

271 1831 586 1901 neutiquam
620 1832 744 1888 duci
797 1848 956 1903 posse
985 1834 1260 1891 existimo.
1295 1835 1463 1893 Multo
1519 1837 1832 1892 credibilius

260 1929 440 1976 estex
469 1921 605 1976 male
627 1921 768 1977 lecto
797 1923 882 1979 vel
920 1925 1190 1996 descripto
1217 1925 1509 1997 Epiphanii
1556 1926 1670 1998 (45)
1714 1926 1833 1981 loco

264 2020 631 2069 commentum
654 2014 706 2069 id
732 2015 1014 2084 prodiisse.
1046 2016 1336 2089 Postquam
1354 2020 1497 2074 enim
1520 2019 1833 2091 abOrigene

268 2104 570 2173 postulasse
597 2107 942 2164 Ambrosium
970 2109 1126 2175 dixit,
1160 2120 1221 2169 ut
1276 2125 1462 2167 sacras
1522 2112 1833 2183 Scripturas

265 2196 738 2268 interpretaretur,
769 2198 823 2253 id
849 2200 925 2255 ait
959 2199 1132 2271 ipsum
1180 2203 1233 2256 in
1267 2201 1432 2275 Tyrio
1475 2219 1688 2261 secessu
1739 2220 1834 2275 per

264 2299 392 2344 octo
420 2301 476 2345 et
501 2290 687 2362 viginti
736 2307 909 2349 annos
951 2291 1164 2349 fecisse.
1197 2293 1308 2365 (46)
1358 2296 1479 2352 Alio
1529 2296 1659 2352 item
1714 2297 1833 2352 loco

261 2380 449 2435 divina
489 2381 769 2438 Volumina
801 2382 1087 2453 Origenem
1119 2385 1246 2455 Tyri
1276 2388 1470 2443 scribit
1510 2388 1833 2459 explanasse

260 2470 359 2523 ἐπὶ
392 2469 488 2542 ἐτη
516 2478 623 2543 κη’.
652 2472 915 2529 Similiter
948 2473 1170 2541 Suidas,
1197 2477 1333 2533 alios
1363 2487 1581 2533 secutus
1601 2519 1617 2545 ,
1647 2488 1833 2534 narrat

256 2557 533 2613 Ambrosii
573 2569 761 2633 rogatu
813 2562 1128 2634 Scripturas
1170 2564 1459 2637 Origenem
1514 2569 1833 2639 explanasse

256 2651 352 2703 ἐπὶ
384 2649 479 2724 ἔτη
519 2660 610 2724 ιη’.
646 2652 808 2712 Vides
850 2672 1110 2724 germana
1142 2659 1255 2714 haac
1298 2674 1487 2714 eorum
1536 2675 1663 2717 esse
1710 2677 1832 2732 qua;

255 2746 480 2812 scripsit
530 2745 894 2818 Epiphanius;
963 2762 1321 2821 praeterquam
1375 2754 1519 2819 quod
1575 2770 1832 2811 numerus

254 2840 346 2905 κη’
407 2835 458 2890 in
516 2843 582 2908 ιη’
633 2839 1003 2909 degeneravit.
1047 2843 1122 2897 De
1180 2859 1428 2900 secessus
1476 2855 1652 2901 autem
1681 2846 1831 2918 Tyrii

255 2926 456 2992 spatio,
501 2927 646 2996 quod
703 2931 1002 2998 assignavit
1048 2933 1414 3004 Epiphanius,
1476 2939 1829 3006 qumstionem

253 3017 424 3086 paulo
457 3027 576 3089 post
606 3021 946 3079 habebimus;

1945 564 2063 601 runt
2091 564 2267 615 parem
2299 563 2573 601 numerum
2600 564 2617 600 :
2646 548 2884 617 quodque
2916 546 2996 600 his
3024 546 3197 615 majus
3219 556 3315 605 est,
3345 546 3511 598 incre-

1943 638 2095 691 dibili
2121 638 2297 693 studio
2330 639 2561 706 quotidie
2599 639 2663 691 ab
2719 654 2777 692 eo
2820 653 2946 706 opus
2988 639 3217 707 exigens.
3267 634 3417 691 Unde
3454 637 3510 689 in

1940 729 2172 798 quadam
2199 730 2422 797 epistola
2461 728 2858 799 ἐργοδιώκτην
2889 746 3003 784 eum
3049 728 3296 798 Origenes
3335 734 3508 786 uocat.

1942 820 2033 875 Sic
2062 836 2126 875 ea
2156 822 2365 889 accepit
2399 823 2685 890 interpres,
2725 821 2876 889 quasi
2911 836 3015 875 una
3044 820 3185 875 sanie
3223 819 3506 875 scribenda

1940 912 2049 965 sint
2074 912 2173 967 ista
2207 929 2221 965 :
2254 911 2321 966 In
2344 928 2447 981 qua
2479 922 2730 978 prtesente
2755 912 2979 981 Origene
3018 927 3071 965 se
3102 911 3244 981 loqui
3272 910 3326 965 in
3348 911 3510 965 eccle-

1937 1002 2017 1056 sia
2053 1004 2316 1074 signiﬁcat
2368 1005 2425 1058 in
2470 1004 2630 1074 hujus
2684 1004 3117 1067 temuletionem,
3165 1014 3275 1057 tum
3316 1003 3509 1058 deinde

1941 1092 2252 1161 apponenda
2306 1093 2373 1146 sit
2427 1093 2606 1146 τελεία
2664 1095 2889 1163 στιγμή.
2960 1091 3050 1147 Sic
3098 1095 3241 1147 enim
3296 1092 3506 1147 vertit:

1953 1185 2037 1237 Ἐν
2063 1179 2143 1247 οἷς
2176 1184 2441 1256 παρόντος
2479 1185 2782 1254 Ὠριγένους
2809 1184 2995 1236 ἑαυτὸν
3014 1182 3348 1255 ὡμιληκέναι
3371 1184 3511 1238 κατὰ

1942 1277 2171 1347 μίμησιν
2212 1276 2374 1329 αὑτοῦ
2405 1279 2463 1329 ὲν
2506 1279 2570 1347 τῇ
2622 1276 2887 1348 ἐκκλησίᾳ
2933 1276 3112 1347 δηλοί“
3169 1276 3507 1347 Ἀμϐρόσιος,

1936 1369 2114 1421 ὅντινα
2142 1368 2248 1421 ἀπὸ
2274 1368 2371 1437 τῆς
2400 1368 2605 1438 πλάνης
2629 1368 2948 1439 Μαρκίωνος
2988 1370 3067 1431 είς
3103 1368 3198 1438 τὴν
3249 1368 3509 1439 ἀληθινὴν

1936 1458 2116 1512 πίστιν
2132 1459 2451 1531 ἐπιπρέψαι
2480 1460 2820 1532 προείρηται,
2846 1460 3219 1531 προύτρέψατο
3248 1460 3506 1528 Ὠριγένει

1935 1549 2033 1614 τὰς
2057 1549 2208 1614 Θείας
2226 1552 2440 1621 ὑπομνη
2451 1550 2674 1621 ματίσαι
2695 1551 2937 1622 Γραφὰς,
2969 1551 3331 1620 παρεσχηκὼς
3359 1551 3506 1621 αὑτῷ

1937 1641 2078 1696 ἑπτὰ
2108 1642 2140 1713 ἢ
2175 1643 2270 1696 καὶ
2295 1643 2511 1705 πλείους
2537 1642 2837 1714 νοταρίους.
2873 1641 3057 1709 Neque
3085 1641 3187 1695 hac
3217 1642 3319 1695 line
3356 1643 3506 1696 stetit

1941 1731 2181 1799 malum;
2216 1734 2283 1787 ad
2335 1733 2595 1802 pristinos
2649 1734 2912 1801 siquidem
2969 1747 3186 1787 errores
3241 1747 3503 1785 novorum

1865 1808 1905 1863 Β
1938 1826 2304 1881 accessionem
2336 1825 2465 1879 fecit
2492 1823 2721 1879 Photius
2744 1865 2758 1886 .
2808 1823 2891 1877 vir
2934 1824 3171 1890 alioquin
3223 1821 3505 1876 litterariis

1935 1916 2181 1971 laudibus
2214 1915 2496 1969 abundans
2528 1935 2541 1968 ;
2574 1914 2715 1968 hunc
2746 1916 2945 1984 quippe
2970 1912 3373 1984 llieronymiani
3417 1913 3505 1965 in-

1937 2008 2191 2077 terpretis
2216 2019 2372 2075 quem
2400 2013 2617 2059 secutus
2644 2014 2756 2061 est.
2812 2005 2986 2058 locum
3051 2004 3140 2057 tali
3198 2005 3503 2058 interductu

1934 2096 2181 2154 distinxit
2211 2097 2331 2150 :‘Ev
2353 2092 2431 2159 οἷς
2458 2094 2722 2166 παρόντος
2760 2092 3066 2164 Ὠριγένους
3090 2092 3275 2145 ἑαυτὸν
3294 2091 3505 2163 ὡμιλη-

1934 2190 2086 2244 κέναι
2135 2187 2276 2242 κατὰ
2332 2187 2561 2258 μίμησιν
2613 2184 2773 2238 αὐτοῦ
2833 2187 2890 2238 ὲν
2931 2187 2997 2255 τῇ
3050 2183 3314 2255 ἐκκλησίᾳ
3357 2183 3508 2255 δηλοί

1948 2280 2289 2352 ’Λμϐρόσιος,
2319 2281 2497 2331 ὅντινα
2527 2278 2632 2331 ἀπὸ
2665 2278 2764 2347 τῆς
2810 2276 3015 2346 πλάνης
3055 2276 3376 2346 Μαρκίωνος
3425 2279 3505 2338 εἰς

1930 2375 2029 2444 τὴν
2052 2370 2306 2442 ἀληθινὴν
2327 2371 2507 2423 πίστιν
2521 2368 2842 2441 ἐπιπρέψαι
2867 2367 3212 2439 προείρηται·
3242 2366 3506 2439 προύτρὲ-

1931 2464 2068 2534 ψατο
2100 2462 2326 2534 (supple,
2371 2460 2706 2530 Ἱππόλυτος)
2752 2460 3016 2531 Ὠριγένει
3047 2458 3146 2523 τὰς
3178 2458 3329 2522 θείας
3373 2460 3506 2511 ὑπο-

1938 2556 2277 2628 μνηματίσαι
2305 2554 2549 2626 Γραφὰς,
2581 2552 2942 2626 παρεσχηκὼς
2976 2553 3123 2624 αὐτῷ
3156 2553 3312 2615 ἑπτὰ,
3345 2553 3378 2623 ῆ
3410 2553 3504 2606 καὶ

1932 2647 2153 2711 πλείους
2186 2644 2484 2716 νοταρίους.
2522 2642 2599 2697 lta
2631 2644 2824 2714 legisse
2866 2642 3114 2698 Phatium
3148 2642 3281 2712 (46⁸)
3320 2643 3501 2696 decla-

1935 2749 2055 2793 rant
2082 2740 2193 2792 haec
2223 2737 2364 2790 illius
2395 2752 2409 2789 :
2456 2736 2686 2805 Λέγεται
2723 2735 2779 2788 δὲ
2813 2736 2907 2787 καὶ
2936 2728 3089 2798 οὗτος
3135 2732 3500 2805 (Ἱππόλυτος)

1932 2828 2282 2901 προσομιλεῖν
2329 2829 2407 2900 τῷ
2451 2827 2565 2899 λαῷ
2601 2826 2743 2882 κατὰ
2784 2828 3014 2898 μίμησιν
3054 2826 3387 2897 Ὠριγένους,
3438 2821 3500 2879 οὗ

1931 2923 2025 2974 καὶ
2058 2919 2291 2992 συνήθης
2322 2919 2554 2991 μάλιστα
2582 2922 2674 2972 καὶ
2705 2917 2942 2989 ἐραστὴς
2977 2916 3087 2968 τῶν
3113 2915 3286 2983 λόγων
3322 2914 3502 2985 ὑπῆρ-

1932 3032 2045 3084 χεν,
2072 3015 2147 3078 ὼς
2174 3015 2269 3067 καὶ⁹
2292 3011 2703 3084 προτρέψασθαι
2729 3012 2911 3075 αὑτὸν,
2937 3011 3037 3082 τὴν
3070 3010 3219 3064 θείαν
3253 3010 3500 3079 ὑπομνη-

329 3108 912 3202 Scribitﬂieronymus
938 3114 1017 3170 De
1039 3118 1219 3187 script.
1246 3119 1430 3175 eccles.
1464 3122 1517 3176 in
1551 3123 1825 3196 Hippolyt.

1936 3105 2157 3177 ματίσαι
2182 3105 2425 3176 Γραφήν·
2471 3102 2886 3172 ἐγκαταστήσας
2931 3100 3079 3172 αὐτῷ
3122 3103 3218 3154 καὶ
3260 3102 3497 3171 ὑπογρα-

248 3201 606 3258 Ambrosium
626 3204 693 3259 ad
723 3203 1009 3262 Librorum
1033 3223 1313 3264 sacrorum
1331 3193 1831 3282 interpretationem

1934 3198 2067 3266 φίας
2095 3197 2234 3249 ἑπτὰ
2260 3194 2661 3266 ταχυγράφους,
2698 3194 2790 3245 καὶ
2816 3193 3034 3264 ἑτέρους
3063 3194 3345 3257 τοσούτους
3367 3193 3501 3265 γρά-

250 3291 548 3360 Origenem
604 3293 896 3363 incitasse,
946 3298 999 3353 in
1075 3301 1476 3359 aemulationem
1538 3304 1830 3378 Hippolyti,

250 3386 425 3442 editis
466 3386 578 3458 jam
632 3388 686 3442 in
738 3390 1072 3460 Scripturam
1123 3395 1373 3462 plurimis
1420 3400 1833 3456 commentariis

203 3500 225 3515 ί
248 3493 315 3547 op
336 3478 462 3533 time
478 3480 544 3534 de
557 3480 793 3537 Ecclesia
814 3484 1017 3539 meriti.
1061 3485 1444 3559 Hieronymum
1468 3489 1661 3546 fefellit
1693 3493 1831 3548 male

248 3569 567 3628 intellectus
597 3572 896 3639 Eusebius,
942 3577 1032 3646 qui
1071 3586 1192 3646 post
1244 3592 1589 3636 enumeratas
1634 3583 1830 3652 Hippo-

250 3662 353 3732 lyti
381 3663 703 3733 scriptiones
748 3668 863 3723 haec
912 3668 1188 3739 subiungit
1218 3670 1311 3728 lib.
1345 3687 1394 3724 νι
1433 3671 1599 3739 Hin.,
1632 3691 1681 3730 c.
1716 3677 1785 3732 25
1810 3697 1828 3734 :

250 3757 347 3823 Ἐξ
366 3757 575 3811 ἐκείνου
602 3758 657 3812 δὲ
681 3760 1049 3833 καὶὨριγένει
1077 3762 1183 3816 τῶν
1211 3766 1289 3827 εἰς
1318 3764 1415 3828 τὰς
1445 3764 1593 3829 θείας
1608 3766 1829 3838 Γραφὰς

254 3849 663 3921 ὑπομνημάτων
702 3852 910 3921 ἐγίνετο
941 3853 1118 3926 ἀρχὴ,
1172 3856 1493 3927 Ἀμὸροσίου
1534 3861 1591 3922 ἐς
1623 3858 1690 3912 τὰ
1727 3858 1828 3931 μά-

252 3941 412 3996 λιστα
459 3943 848 4016 παρορμῶντος
892 3947 1070 4001 αὐτόν.
1116 3948 1170 4002 Id
1225 3960 1309 4003 est
1350 3965 1363 3999 :
1398 3950 1475 4004 Ab
1517 3968 1579 4006 eo
1626 3970 1828 4025 quoque

252 4044 485 4101 tempore
517 4035 730 4105 Origeni
756 4037 811 4091 in
853 4038 1057 4093 divinas
1087 4039 1391 4108 Scripturas
1442 4046 1826 4099 commentandi

252 4125 469 4179 initium
517 4127 719 4196 factum
751 4138 846 4195 est,
882 4128 1032 4183 valde
1058 4146 1177 4184 eum
1222 4130 1470 4185 incitante
1522 4135 1822 4189 Ambrosio.

254 4216 622 4288 Hieronymus
654 4227 833 4273 autem
866 4234 1052 4274 vocem
1080 4221 1248 4286 hanc,
1278 4222 1510 4290 ἐκείνου,
1545 4240 1663 4295 qua:
1698 4241 1825 4296 per-

252 4309 465 4363 tinebat
490 4309 553 4363 ad
573 4318 804 4379 tempus,
830 4325 1112 4380 perperam
1136 4314 1202 4367 ad
1228 4312 1574 4386 Hippolytum
1602 4318 1823 4373 retulit:

251 4402 319 4454 de
347 4418 457 4471 quo
510 4403 685 4458 simile
734 4405 865 4459 nihil
914 4404 1079 4461 habet
1119 4402 1475 4476 Nicephorus.
1525 4405 1642 4462 Jam
1697 4418 1823 4464 ante

1933 3304 2129 3358 φοντας
2174 3287 2254 3349 είς
2300 3283 2494 3347 κάλλος
2518 3327 2533 3349 ,
2569 3277 2644 3337 ὧν
2694 3279 2762 3354 ἦν
2806 3285 2897 3335 καὶ
2929 3283 3028 3353 τῆς
3059 3285 3302 3354 δαπάνης
3339 3285 3499 3347 αὐτὸς

1930 3378 2192 3450 χορηγός·
2221 3378 2315 3432 καὶ
2339 3377 2511 3431 ταῦτα
2547 3376 2985 3447 ὑπηρετούμενος
3023 3376 3170 3447 αὑτῷ
3191 3415 3206 3439 ,
3253 3379 3499 3430 ἀπαιτεῖν

1930 3469 2090 3525 αὐτὸν
2116 3471 2503 3541 ἀπαραιτήτως
2527 3469 2585 3521 τὸ
2610 3468 2785 3539 ἔργον.
2820 3468 2908 3534 Ἐξ
2932 3464 2991 3521 οὗ
3024 3469 3118 3522 καὶ
3140 3466 3498 3537 ὲργοδιώκτην

1930 3565 1987 3616 ὲν
2035 3564 2133 3634 μιᾷ
2178 3562 2286 3614 τῶν
2333 3561 2628 3615 ἐπιστολῶν
2678 3561 2826 3632 παρὰ
2872 3559 3174 3631 Ὠριγένους
3212 3560 3495 3630 κληθῆναι.

1929 3656 2058 3721 Qua:
2088 3670 2209 3708 cum
2242 3668 2308 3709 ex
2336 3652 2647 3725 Hieronymi
2692 3652 2880 3708 Grazco
2922 3652 3220 3723 interprete
3259 3653 3498 3708 derivata

1928 3745 2057 3810 sint,
2084 3742 2399 3799 manifestus
2420 3750 2505 3798 est
2530 3744 2883 3812 quorumdam
2908 3756 3080 3807 error,
3105 3741 3341 3796 virorum
3363 3741 3499 3795 male

1927 3835 2306 3905 suspicacium,
2335 3833 2424 3904 qui
2461 3847 2719 3901 nuperum
2756 3847 2889 3903 opus
2938 3845 3058 3888 esse
3099 3832 3493 3901 interpretatio-

1929 3945 2048 3982 nem
2089 3928 2226 3981 hanc
2262 3925 2583 3989 coniectant.
2615 3924 2882 3979 Caeterum
2918 3924 3043 3980 hinc
3073 3923 3341 3994 aliquibus
3368 3939 3498 3994 per-

1926 4036 2144 4076 suasum
2175 4018 2275 4073 fuit
2318 4016 2662 4089 Hippolytum
2694 4015 2945 4087 Origeni,
3004 4031 3108 4072 non
3155 4017 3497 4072 Ambrosium

1928 4112 1993 4165 ad
2023 4109 2370 4181 explicandos
2391 4110 2467 4164 rei
2495 4108 2772 4164 litterariae
2802 4119 3046 4177 sumptus
3072 4117 3265 4179 praesto
3292 4106 3494 4165 fuisse:

1925 4202 2066 4271 quod
2101 4214 2262 4270 quam
2298 4214 2483 4255 verum
2517 4198 2609 4265 sit,
2639 4196 2809 4253 lector
2831 4198 3127 4263 existimet,
3156 4209 3211 4253 et
3239 4197 3501 4268 quemado

1928 4293 2140 4348 modum
2173 4290 2320 4346 falsae
2345 4290 2625 4361 opiniones
2650 4290 2803 4359 quasi
2833 4290 3154 4345 ex‘traduce
3197 4304 3495 4359 propagen-

1927 4394 2033 4441 tur.
2112 4382 2311 4439 Fraudi
2383 4382 2577 4452 quippe
2634 4381 2732 4436 fuit
2808 4380 3137 4452 Hieronymo
3210 4380 3493 4444 Eusebius,

252 4491 491 4549 anrico
523 4492 734 4551 Valesio
757 4496 810 4551 id
839 4496 1189 4552 observatum
1232 4471 1333 4553 est.
1379 4498 1591 4554 Falsam
1631 4500 1821 4556 Hiero-

1933 4477 2111 4533 Graeco
2142 4474 2420 4543 interpreti
2445 4472 2830 4541 Hieronymus,
2858 4472 3051 4527 Photio
3083 4471 3306 4527 Grmcus
3330 4472 3496 4527 inter-

253 4587 401 4655 nymi
445 4586 864 4655 explicationem
918 4604 1057 4643 nova
1117 4591 1504 4659 depravatione
1560 4595 1824 4661 pervertit

253 4684 442 4731 auctor
470 4675 674 4732 Greca:
713 4678 1177 4747 interpretationis
1216 4680 1336 4733 libri
1372 4678 1449 4733 De
1482 4682 1824 4749 scriptoribus

251 4767 639 4823 ecclesiasticis.
660 4766 784 4825 Haec
812 4770 974 4823 habet
994 4768 1356 4840 Hieronymus
1388 4788 1401 4823 :
1435 4766 1653 4837 Scripsit
1681 4771 1827 4840 (Hip-

254 4858 491 4932 polytus)
543 4861 825 4916 nonnullos
868 4863 925 4915 in
978 4860 1282 4931 Scripturas
1329 4863 1762 4926 commentarios,
1799 4877 1827 4915 c

251 4953 439 5022 quibus
469 4952 563 5006 hos
592 4953 788 5022 reperi:
817 4955 870 5005 in
903 4951 1262 5022 Ἑξαήμερον
1284 4991 1300 5006 .
1334 4991 1347 5005 .
1377 4992 1390 5006 .
1414 4990 1426 5003 .
1450 4992 1464 5007 .
1495 4949 1570 5005 De
1594 4950 1821 5015 Pascha,

251 5044 543 5101 Adversum
569 5062 743 5101 omnes
760 5049 1002 5111 htereses,
1030 5057 1077 5100 et
1105 5045 1261 5115 Πρὸς
1285 5042 1549 5115 ὁμιλιῶν,
1578 5043 1651 5098 De
1674 5046 1829 5098 laude

254 5140 466 5194 Domini
499 5137 825 5206 Saluatoris;
868 5143 924 5194 in
963 5157 1067 5210 qua
1100 5151 1354 5208 praesente
1389 5137 1617 5208 Origene
1654 5154 1708 5191 se
1751 5138 1827 5192 lo-

249 5231 344 5297 qui
384 5234 438 5284 in
498 5230 737 5285 Ecclesia
772 5232 1056 5301 significat.
1107 5229 1173 5283 In
1225 5230 1383 5299 hujus
1441 5228 1827 5283 mulationem

250 5323 583 5389 Ambrosius,
637 5338 788 5392 quem
831 5323 898 5377 de
952 5321 1237 5377 Marcionis
1277 5323 1466 5375 lueresi
1528 5321 1597 5372 ad
1655 5336 1827 5374 veram

250 5413 410 5475 fidem
434 5427 728 5469 correctum
744 5416 1001 5479 diximus,
1031 5415 1335 5468 cohortatus
1364 5423 1439 5468 est
1476 5412 1752 5483 Origenem
1775 5414 1829 5467 in

251 5502 564 5576 Scripturas
589 5507 997 5563 commentarios
1023 5506 1267 5571 scribere,
1291 5507 1524 5575 prtebens
1558 5507 1604 5559 ei
1634 5515 1826 5575 septem

326 5709 443 5779 (45)
476 5708 668 5779 Epiph.
701 5710 835 5763 liter.
866 5707 956 5772 64,
988 5720 1106 5777 cap.
1138 5708 1191 5761 5.

332 5780 443 5851 (46)
473 5778 691 5851 Epipli.,
726 5779 983 5834 Demens.
1012 5791 1054 5833 et
1074 5778 1255 5848 pond.,
1286 5795 1331 5832 ς.
1369 5778 1450 5831 ιδ.

1931 4586 2078 4642 pres,
2103 4566 2399 4624 innumeris
2431 4566 2550 4619 aliis
2578 4567 2689 4634 ipse
2716 4563 2958 4625 Pbotius.
2990 4572 3044 4617 et
3074 4578 3236 4633 quem
3282 4564 3349 4620 ab
3392 4564 3498 4618 alio

1929 4660 2295 4731 unusquisque
2329 4657 2535 4727 accepit
2577 4671 2813 4710 errorem
2837 4695 2852 4719 ,
2885 4655 3036 4711 novis
3079 4656 3274 4711 deinde
3304 4671 3496 4712 cumu-

1930 4753 2077 4810 lavit.
2123 4750 2231 4806 Sed
2283 4750 2397 4804 htec
2444 4750 2721 4804 hactenus.
2764 4745 3027 4801 Omnibus
3094 4747 3258 4817 igitur
3339 4747 3499 4801 rebus

1929 4843 2149 4913 Origeni
2183 4839 2562 4897 commodabat
2584 4838 2932 4907 Ambrosius,
2962 4847 3016 4895 et
3052 4853 3388 4909 quaecunque
3432 4840 3498 4892 ad

1934 4932 2177 5002 corporis
2212 4931 2414 4985 cultum
2443 4927 2804 4997 pertinebant,
2833 4942 2897 4983 ac
2933 4928 3110 4983 studia
3130 4968 3145 4995 ,
3178 4928 3325 4997 large
3350 4929 3496 4992 huic,

1935 5025 2088 5095 quasi
2119 5024 2323 5093 virgula
2350 5022 2552 5088 divina,
2580 5022 2646 5075 ab
2696 5033 2762 5076 eo
2811 5021 3209 5091 prabebantnr.
3250 5019 3501 5077 Notarius

1936 5121 2114 5187 itaque
2140 5117 2372 5171 habebat
2406 5114 2471 5169 ad
2506 5128 2721 5168 manum
2765 5114 2880 5183 plus
2906 5123 3145 5182 septem,
3175 5114 3266 5182 qui
3302 5113 3499 5169 dictata

1936 5227 1997 5264 ex
2027 5224 2124 5263 ore
2159 5206 2428 5277 loquentis
2458 5210 2808 5278 exciperent,
2840 5205 3060 5259 totidem
3093 5202 3342 5258 librarios
3374 5218 3498 5258 cum

1938 5302 2145 5371 puellis,
2173 5313 2292 5369 quae
2316 5310 2671 5370 properanter
2699 5297 2901 5368 scripta
2942 5296 3166 5351 nitidius
3188 5307 3498 5352 exararent.

2006 5394 2094 5447 lx.
2127 5392 2240 5465 (47)
2268 5390 2453 5462 Neque
2480 5391 2740 5447 sibi'sane
2788 5389 2887 5443 hac
2910 5386 3089 5442 oblata
3116 5387 3377 5443 facultate
3406 5388 3502 5442 de-

1940 5487 2073 5552 fuit;
2123 5484 2599 5540 beneficentissimi
2642 5482 2842 5551 quippe
2890 5480 3125 5536 hominis
3176 5479 3503 5536 liberalitate

2007 5702 2141 5773 (ιδ’)
2174 5701 2354 5767 Phot.,
2383 5700 2508 5773 cod.
2537 5700 2660 5773 εει.

2002 5771 2353 5846 (47)Ἐυεει).,
2389 5771 2594 5827 Hister.
2628 5772 2719 5829 lib.
2747 5788 2821 5840 v1,
2846 5788 2963 5843 Cap.
2994 5773 3085 5829 24.
