4020 6306
525 326 630 386 659

1791 335 1850 391 p.
1871 301 2207 390 “DANIELIS
2241 331 2479 392 auem
3634 334 3724 391 «ao

524 465 679 517 usus,
714 465 958 523 quinque
989 455 1202 524 priores
1233 453 1743 510 Commentariorum
1760 459 1814 510 in
1835 444 2096 514 Joannem
2127 462 2171 518 Α
2202 455 2642 528 frequentatione
2698 453 2844 509 aliud
2902 453 3230 509 Atheniense
3259 453 3358 509 iter
3413 455 3476 510 ab
3518 453 3738 538 Origene,

525 548 723 608 tomos,
751 552 806 597 et
838 545 1049 600 initium
1074 547 1214 602 sexti
1239 546 1583 601 Alexandria
1609 549 1710 604 hoc
1739 559 2006 624 tempore,
2041 563 2095 609 et

521 648 590 689 ex
629 634 888 700 Achaico,
923 638 1065 705 quod
1108 652 1231 692 mox
1285 653 1643 708 exponemus,
1695 643 1889 699 itinere
1927 647 2094 700 redux

522 725 846 781 elaboravit.
887 726 1022 782 Octo
1053 729 1183 784 item
1225 730 1436 800 priores
1484 734 1540 787 in
1581 731 1820 789 Genesim
1859 747 2030 792 tomos
2065 753 2096 794 e

523 819 809 872 duodecim
862 820 1138 890 confecit;
1195 822 1432 892 psalmos
1471 826 1537 878 ad
1590 827 1702 882 hac
1742 830 1988 896 exposuit
2016 830 2097 884 vi-

520 910 654 978 ginti
683 909 922 982 q’uinque
941 914 1172 983 priores,
1196 917 1445 985 quamvis
1467 916 1648 987 plures
1671 919 1834 972 etiam
1867 922 2096 976 subinde

519 1003 878 1067 enarraverit,
915 1013 974 1058 ut
998 1006 1242 1061 dicemus
1274 1005 1460 1072 infra;
1495 1018 1549 1061 et
1587 1006 1838 1063 .leremia
1878 1025 2097 1080 quoque

518 1091 939 1150 Lamentationes
982 1098 1110 1152 totis
1159 1098 1530 1154 voluminibus
1578 1101 1964 1169 interpretatus
1990 1110 2090 1156 est.

517 1187 668 1241 Adde
688 1187 854 1242 libros
879 1187 954 1242 De
971 1191 1244 1259 principiis
1275 1200 1331 1244 et
1347 1191 1712 1260 Στρωματεῒς
1733 1193 1940 1258 decem,
1960 1207 2096 1262 quos

518 1281 706 1334 eadem
745 1268 1070 1349 tempestate
1105 1281 1448 1337 Alexandria
1481 1285 1814 1352 composuit.

591 1372 657 1427 Χ.
709 1373 821 1446 (48)
847 1374 940 1429 His
965 1375 1233 1428 intentum
1275 1377 1468 1432 studiis
1503 1375 1796 1446 Origenem
1836 1377 2094 1447 interpel-

519 1467 703 1521 larunt
773 1468 983 1538 negetis
1044 1468 1447 1535 ecclesiastica,
1503 1484 1734 1538 quorum
1809 1471 1980 1540 gratia
2041 1475 2093 1524 ln

515 1556 776 1611 Achaiam
809 1558 1081 1627 profectus
1102 1569 1205 1612 est.
1238 1559 1463 1629 Negotia
1487 1560 1577 1614 illa
1601 1577 1722 1630 qua
1741 1559 1966 1625 fuerint,
1989 1575 2096 1615 non

519 1649 784 1717 expressit
817 1648 1116 1716 Eusebius;
1149 1651 1433 1718 Baronius,
1464 1653 1530 1706 ad
1565 1667 1654 1706 an.
1685 1653 1814 1718 250,
1853 1669 2001 1707 num.
2037 1653 2094 1719 '7,

521 1741 854 1810 conjecturis
887 1742 1128 1811 reperire
1156 1743 1364 1806 voluit;
1413 1757 1587 1813 eaque
1623 1746 1690 1799 de
1718 1761 1881 1799 causa
1916 1747 2095 1815 profe-

522 1844 664 1888 ctum
697 1834 748 1887 in
773 1832 1037 1888 Graciam
1060 1835 1344 1905 Origcnem
1372 1837 1600 1904 divinat,
1629 1836 1742 1907 (49)
1776 1846 1833 1890 ιιι
1864 1837 2096 1906 Nicopo-

522 1925 701 1980 litana
732 1926 984 1980 editionis
1013 1928 1160 1981 circa
1201 1928 1313 1982 hac
1345 1937 1587 1997 tempora
1613 1939 1842 1998 reperta
1875 1945 2096 1998 compos

522 2019 698 2072 tieret.
747 2016 852 2072 Sed
907 2031 1166 2088 quorsum
1217 2020 1282 2072 ad
1315 2020 1652 2090 excogitatas
1711 2020 2096 2075 descendemus

521 2106 886 2174 conjecturas,
922 2123 1044 2162 cum
1095 2109 1296 2163 veritas
1331 2110 1443 2179 ipsa
1485 2110 1660 2179 palam
1697 2112 1917 2166 exstet?
1947 2111 2094 2166 Scri-

519 2200 651 2253 bunt
683 2200 946 2269 siquidem
971 2199 1331 2271 Hieronymus
1363 2201 1437 2255 De
1460 2204 1639 2269 script.
1677 2205 1862 2258 eccles.
1894 2248 1908 2270 ,
1964 2220 2091 2274 cap.

518 2293 608 2355 65,
646 2303 700 2346 et
732 2291 957 2347 Rufinus
989 2295 1041 2346 in
1076 2293 1318 2363 Exposit.
1353 2310 1476 2363 cap.
1502 2295 1591 2357 ‘25,
1619 2295 1712 2350 lib.
1737 2313 1811 2360 vt,
1849 2296 2091 2360 Eusebii,

516 2385 737 2439 Achaia
763 2384 1030 2440 Ecclesias
1055 2385 1302 2454 plurimis
1328 2396 1454 2440 tunc
1483 2387 1784 2442 haresibus
1813 2386 1978 2442 fuisse
2001 2403 2093 2442 ve-

517 2484 704 2536 xatas;
736 2476 932 2544 quibus
953 2477 1327 2545 expugnandis
1361 2478 1611 2532 idoneum
1631 2493 1745 2548 pra
1771 2479 1983 2533 caneris
2011 2481 2088 2533 vi-

519 2581 636 2619 sum
667 2567 995 2635 Origenem;
1029 2582 1146 2621 eam
1174 2567 1253 2622 illi
1283 2583 1504 2623 causam
1544 2569 1597 2623 in
1635 2569 1897 2624 Graeciam
1926 2571 2091 2639 proli-

519 2658 758 2712 ciscendi
793 2658 982 2714 fuisse.
1018 2659 1151 2714 Illuc
1181 2675 1310 2714 vero
1339 2663 1670 2715 accersitum
1712 2663 1782 2717 ab
1804 2665 2091 2718 Ambrosio

519 2763 626 2801 non
651 2750 882 2804 absurde
905 2752 1170 2821 quispiam
1194 2752 1586 2822 suspicabitur;
1617 2769 1741 2809 nam
1758 2756 2087 2811 Alexandria

518 2841 710 2895 crebro
732 2842 969 2897 abfuisse
999 2845 1338 2899 Ambrosium
1364 2854 1575 2900 constat
1604 2858 1680 2913 et,
1702 2860 1982 2918 postquam
2003 2849 2090 2903 in-

523 2941 604 2985 ter
631 2947 724 2986 eos
765 2935 1112 2988 necessitudo
1144 2937 1470 3002 intercessu,
1525 2939 1755 2994 Athenis
1789 2939 1979 3006 fuisse,
2003 2950 2087 2994 at-

520 3039 625 3092 que
657 3025 782 3078 inde
837 3025 1045 3080 litteras
1081 3032 1145 3081 ad
1181 3027 1470 3097 Origenem
1525 3031 1738 3087 dedisse
1790 3049 1854 3088 ex
1898 3034 2090 3090 Hiero-

522 3131 683 3186 nymo
706 3117 914 3173 discere
937 3120 1065 3174 licet
1091 3122 1250 3190 epist.
1279 3120 1345 3175 l8
1367 3122 1432 3175 ad
1465 3121 1798 3180 Marcellam.
1827 3125 1952 3180 Haec
1975 3127 2089 3198 qui-

523 3211 641 3262 dem
673 3214 1045 3280 preponimus,
1081 3229 1185 3268 non
1226 3215 1542 3270 asseritnus.
1589 3215 1725 3272 llinc
1747 3219 1907 3273 etiam
1935 3221 2089 3273 habi-

522 3313 589 3356 ta
641 3305 743 3358 sibi
801 3320 920 3358 cum
971 3305 1327 3361 haresiarcha
1377 3308 1612 3377 quodam
1663 3313 2091 3367 concertationis

522 3397 801 3464 exemplar
819 3399 885 3452 ad
903 3399 1109 3454 amicos
1123 3400 1173 3454 in
1195 3399 1531 3456 Palaestinam
1552 3404 1697 3458 misit
1712 3407 2088 3469 Adamantius,

520 3492 612 3556 qui
642 3489 793 3546 falsis
821 3493 885 3546 de
926 3506 1007 3555 se,
1059 3493 1234 3563 deque
1263 3509 1327 3548 ea
1371 3495 1747 3564 disputatione
1779 3498 2090 3554 rumoribus

521 3591 856 3637 occurreret.
892 3584 1121 3640 Athenis
1150 3602 1356 3640 moram
1400 3587 1597 3644 fecisse
1641 3587 1929 3658 Origenem
1969 3606 2088 3645 cer-

523 3681 633 3724 tum
667 3681 768 3737 cst,
800 3687 963 3728 mora
997 3684 1206 3744 tempus
1257 3677 1521 3732 incertum
1551 3695 1566 3733 :
1626 3680 1856 3734 rediisse
1910 3691 2088 3736 tamen

521 3763 766 3832 sequenti
797 3778 960 3831 anno,
996 3765 1080 3820 vel
1114 3765 1332 3822 biennio
1364 3775 1506 3836 post,
1557 3768 1700 3824 inter
1729 3770 2091 3840 chronologos

522 3865 777 3909 constare
811 3857 987 3911 video.
1027 3857 1287 3926 Equidem
1312 3875 1418 3914 non
1456 3861 1623 3915 multo
1659 3863 1838 3918 minus
1869 3863 2090 3920 biennio

522 3945 735 3998 itineris
771 3945 990 4000 Achaici
1021 3955 1233 4015 tempus
1283 3948 1451 4004 fuisse
1511 3952 1812 4018 existimo;
1855 3968 1979 4007 nam
2032 3963 2090 4009 et

525 4051 621 4103 per
642 4035 981 4090 Palaestinam
1013 4037 1116 4091 iter
1147 4039 1353 4106 habuit,
1389 4041 1572 4110 ibique
1601 4053 1843 4100 moratus
1876 4056 1958 4100 est
1981 4045 2083 4100 ali-

527 4129 782 4197 quandiu,
819 4139 871 4185 et
895 4130 1128 4200 spatium
1156 4132 1374 4202 aliquod
1406 4135 1572 4188 itione
1593 4151 1654 4191 ac
1684 4137 1946 4193 reditione
1963 4154 2092 4193 con-

525 4231 794 4290 sumptum
822 4232 926 4284 est,
950 4232 1004 4276 et
1027 4223 1079 4277 in
1110 4225 1333 4288 Achaia,
1361 4240 1483 4279 cum
1502 4226 1772 4282 haereticis
1798 4229 2091 4294 velitando,

527 4325 580 4368 et
608 4314 840 4369 Athenis
862 4315 1278 4383 perlustrandis,
1312 4319 1621 4399 scholisque
1646 4319 2089 4391 philos0phorum

525 4406 938 4476 frequentandis
976 4407 1141 4477 (quod
1187 4408 1254 4462 ab
1307 4423 1371 4463 eo
1411 4409 1611 4464 factum
1661 4420 1930 4466 testantur
1960 4412 2090 4482 Epi-

525 4499 755 4564 phanius
773 4499 903 4553 har.
931 4499 1018 4554 64.
1052 4515 1171 4570 cap.
1201 4500 1252 4567 l,
1274 4510 1326 4557 et
1352 4501 1570 4558 Nicetas
1620 4502 1875 4559 Thesaur.
1909 4508 2089 4560 ortho—

524 4593 678 4645 doxa:
716 4592 839 4662 ﬁdei
889 4593 982 4647 lib.
1017 4609 1089 4658 tv,
1124 4593 1319 4651 haeres.
1354 4595 1444 4663 3i,
1472 4604 1527 4650 et
1558 4596 1663 4651 huc
1692 4600 1973 4653 commode
2000 4615 2087 4654 re-

527 4682 653 4735 ferri
695 4683 917 4752 potest),
952 4692 1035 4737 sat
1087 4683 1302 4752 longum
1333 4693 1547 4754 tempus
1575 4684 1866 4738 contritum
1920 4685 2087 4740 fuisse

525 4787 744 4829 necesse
764 4783 864 4829 est.
899 4774 1009 4829 Nec
1053 4789 1232 4830 causae
1259 4783 1341 4832 est
1393 4790 1489 4831 cur
1519 4789 1587 4830 ex
1620 4776 1718 4830 hac
1773 4775 2084 4831 scholarum

621 4935 714 5008 48)
749 4934 973 5008 Ειιεςῴ..
1018 4933 1161 5008 Hist.
1194 4937 1349 5008 ecct.,
1383 4936 1477 4992 lib.
1507 4953 1580 5002 vr,
1609 4954 1732 5008 cap.
1757 4939 1850 4993 25.

623 5003 715 5074 49)
748 5003 1238 5078 Ut,_N_icopo_litana;
1267 5007 1511 5078 editionis
1542 5003 1692 5063 circa'
1711 5011 1822 5062 Ittec
1865 5019 2099 5078 tempora

533 5087 767 5142 reperta.
811 5075 996 5132 Refert
1040 5075 1302 5130 Eusebius
1344 5075 1484 5147 Hist.
1547 5080 1643 5134 lib.
1699 5095 1770 5143 vt,
1824 5075 2086 5147 cap.'i6,

533 5163 692 5218 unam
721 5161 785 5199 ex
815 5147 986 5218 tribus
1022 5147 1308 5218 anonymis
1336 5146 1633 5218 Scriptura
1692 5146 2095 5218 interpretatio-

530 5216 696 5288 nibus
735 5216 935 5284 quibus
976 5217 1030 5269 in
1068 5214 1324 5288 ﬂeaaptis
1353 5214 1484 5271 usus
1513 5229 1598 5275 est
1627 5214 1908 5288 Origenes,
1941 5220 2097 5274 Nico-

530 5286 640 5358 poli
661 5285 814 5354 juxta
837 5288 1052 5358 Actium
1083 5286 1250 5341 fuisse
1281 5287 1576 5354 inventam,
1610 5291 1700 5346 sed
1727 5285 1976 5358 quanam
2005 5287 2118 5343 illa’

2197 552 2326 605 olim
2374 548 2721 604 adolescente
2773 547 3082 602 institutum
3119 548 3424 616 conﬁngant
3449 547 3724 617 Barouius,

2195 641 2264 695 ad
2290 655 2378 694 an.
2405 641 2533 708 232,
2567 656 2713 694 num.
2742 639 2798 704 4,
2825 649 2878 694 et
2909 639 3163 694 Petavius
3191 637 3256 692 ad
3283 637 3471 706 Epiph.
3495 639 3617 693 har.
3646 640 3727 707 64,

2197 745 2316 799 cap.
2347 731 2552 796 t;nam
2580 734 2648 786 ad
2677 730 3032 800 philosophos
3056 739 3110 784 et
3141 729 3382 783 rhetores
3403 729 3545 783 ibant
3565 729 3728 797 cujus-

2197 838 2413 892 cunque
2435 823 2613 878 atatis
2647 822 2915 885 homines,
2945 837 3122 890 neque
3162 820 3450 876 verisimile
3493 832 3573 876 est
3613 823 3724 877 Ori-

2197 929 2386 985 genem
2441 915 2812 984 philosophia,
2858 913 3295 983 reliquarumque
3351 913 3726 981 disciplinarum

2195 1021 2380 1061 amore
2403 1004 2739 1076 flagrantem,
2771 1007 2823 1060 in
2851 1022 2913 1061 ea
2944 1009 3226 1076 degentem
3263 1007 3391 1060 urbe
3418 1021 3530 1074 qua
3555 1007 3732 1061 artium

2167 1089 2170 1092 ’
2195 1101 2432 1154 οιιιιιίιιιιι
2460 1101 2728 1154 inventrix
2757 1100 3072 1164 haberetur,
3098 1110 3152 1154 et
3175 1099 3227 1152 in
3255 1114 3357 1169 qua
3384 1113 3502 1153 cum
3528 1100 3731 1164 civium,

2199 1201 2311 1246 tum
2337 1193 2670 1246 advenarum
2716 1193 3045 1262 pracipuum
3077 1201 3221 1245 esset
3240 1189 3473 1244 studium
3497 1191 3609 1244 novi
3639 1191 3734 1246 alio
3781 1245 3785 1247 .

2196 1283 2322 1349 quid
2357 1281 2440 1336 vel
2465 1282 2668 1348 dicere,
2724 1283 2807 1336 vel
2845 1281 3055 1346 audire,
3095 1289 3255 1336 atate
3292 1279 3451 1336 fuisse
3494 1281 3732 1336 absterri-

2197 1385 2308 1428 tum
2339 1377 2631 1442 quominus
2661 1375 2901 1430 civitatis
2932 1373 3334 1429 consuetudine
3357 1373 3419 1427 ad
3441 1373 3730 1442 explendam

2197 1469 2542 1536 cupiditatem
2585 1477 2856 1524 uteretur.
2892 1467 3066 1540 Supra
3101 1467 3324 1537 quidem
3364 1467 3760 1522 observavimus.

2199 1561 2477 1615 testificari
2510 1561 2897 1630 Porphyrium,
2922 1561 2988 1614 ad
3015 1560 3294 1614 Plotinum
3345 1558 3513 1613 Romae
3535 1560 3733 1629 publice

2197 1653 2482 1708 docentem
2503 1650 2796 1720 aliquando
2822 1650 3120 1704 accessisse
3142 1647 3428 1718 Origenem
3452 1651 3730 1717 quemdam,

2199 1747 2360 1801 alium
2395 1748 2463 1801 ab
2491 1744 2838 1809 Adamantio,
2884 1743 3080 1799 Plotini
3111 1743 3401 1814 aqualem,
3427 1756 3584 1812 eoque
3603 1759 3728 1798 con-

2199 1851 2382 1912 specto
2415 1842 2613 1896 victum
2654 1841 2859 1911 pudore
2888 1840 3155 1894 Plotinum
3205 1837 3417 1892 dicendi
3463 1837 3606 1892 finem
3653 1837 3724 1891 fe-

2197 1935 2358 1989 cisse.
2387 1933 2544 1987 Prius
2570 1933 2710 1988 idem
2736 1935 2942 1987 factum
2973 1933 3200 2004 legimus
3231 1947 3261 1985 a
3287 1929 3479 1993 Tullio,
3509 1929 3593 2000 qui
3629 1941 3740 1983 octo

2193 2027 2307 2098 jam
2344 2037 2399 2082 et
2427 2027 2618 2097 viginti
2651 2041 2824 2081 annos
2859 2037 3038 2090 natus,
3063 2041 3185 2080 cum
3215 2025 3401 2080 Roma
3428 2033 3565 2078 esset
3606 2023 3742 2076 bien-

2197 2121 2342 2174 nium
2373 2130 2619 2176 versatus
2657 2122 2708 2174 in
2737 2120 2947 2185 causis,
2978 2131 3033 2175 et
3077 2119 3192 2188 jam
3234 2119 3380 2173 inter
3427 2117 3616 2186 primos
3648 2113 3743 2170 Ur-

2195 2212 2278 2268 bis
2314 2225 2557 2268 oratores
2579 2224 2890 2283 poneretur,
2921 2215 3159 2268 Athenas
3207 2225 3388 2267 tamen
3447 2213 3510 2264 ad
3550 2211 3723 2264 Antio-

2191 2302 2352 2357 chum
2427 2303 2798 2371 philosophum
2856 2311 2911 2359 et
2962 2303 3298 2358 Demetrium
3369 2301 3628 2355 rhetorem
3675 2315 3730 2354 se

2193 2395 2442 2451 contulit.
2479 2395 2607 2450 Inde
2638 2397 2704 2449 ad
2738 2396 3008 2452 Asiaticos
3055 2405 3324 2458 oratores,
3358 2396 3630 2464 ipsumque
3651 2393 3734 2445 de-

2194 2504 2338 2541 mum
2370 2488 2636 2544 Melonem
2662 2504 2720 2543 se
2753 2489 3062 2559 applicavit.
3099 2489 3239 2555 Quin
3285 2499 3343 2542 et
3371 2487 3584 2542 Antonii
3621 2484 3742 2541 Gni-

2193 2578 2386 2648 phouis
2414 2578 2653 2632 scholam
2702 2578 3078 2648 frequentasse
3108 2624 3122 2646 ,
3155 2581 3329 2635 etiam
3367 2594 3490 2634 cum
3528 2588 3741 2648 praetura

2191 2669 2528 2738 fungeretur,
2561 2685 2591 2723 a
2613 2670 2873 2725 Suetonio
2909 2670 3227 2740 Tranquillo
3253 2671 3529 2741 proditum
3554 2678 3631 2724 est
3653 2668 3738 2722 lib.

2192 2763 2268 2816 De
2297 2762 2494 2817 ittustr.
2527 2773 2833 2832 grammat.,
2862 2778 2982 2834 cap.
3017 2762 3068 2819 7.
3096 2761 3240 2817 Sane
3276 2763 3333 2816 in
3386 2762 3488 2816 hac
3517 2761 3731 2816 Achaica

2189 2855 2534 2910 remansione
2576 2853 2690 2927 (50)
2734 2854 3162 2924 Nicopolilanam
3203 2855 3502 2908 editionem
3535 2861 3730 2907 nactum

2189 2943 2357 2999 fuisse
2379 2943 2663 3015 Origenem
2699 2945 2960 3001 credibile
2981 2955 3101 3011 est;
3131 2959 3360 3001 causam
3389 2945 3525 2999 hanc
3555 2943 3745 2998 itineris

2190 3037 2466 3103 habuisse,
2492 3053 2597 3092 non
2636 3039 2787 3092 item.

2265 3129 2353 3184 XI.
2381 3130 2686 3200 Digressum
2719 3131 2864 3194 inde,
2920 3131 3132 3200 Epheso
3163 3129 3453 3184 transiisse
3476 3144 3576 3183 non
3623 3142 3746 3196 pra:-

2194 3238 2275 3281 ter
2297 3225 2825 3280 verisintilitudinem
2858 3224 3004 3278 credi
3031 3233 3234 3292 potest.
3265 3222 3476 3277 Scribit
3503 3221 3746 3290 siquidem

2191 3314 2456 3386 Origenes
2483 3317 2535 3368 in
2559 3316 2787 3384 epistola
2813 3314 2879 3368 ad
2906 3315 3110 3368 amicos
3125 3313 3546 3375 Alexandrinos,
3583 3327 3636 3366 se
3664 3310 3749 3363 ali-

2191 3409 2408 3478 quando
2437 3407 2632 3475 Ephesi
2679 3407 2730 3460 in
2784 3407 3094 3461 hareticum
3128 3407 3424 3475 quemdam
3464 3406 3701 3460 incidisse
3725 3444 3741 3468 ,

2137 3551 2142 3558 ,
2191 3500 2283 3568 qui
2314 3514 2436 3552 cum
2468 3513 2536 3552 ne
2559 3501 2782 3553 verbum
2811 3497 3028 3566 quidem
3087 3511 3268 3552 secum
3297 3497 3551 3551 conferre
3595 3485 3748 3552 susti;

2191 3590 2417 3652 nuisset,
2453 3605 2512 3644 se
2537 3599 2714 3644 tamen
2745 3588 2871 3643 inde
2899 3587 3143 3658 profecto
3159 3587 3454 3643 confictam
3483 3587 3623 3642 falsa
3648 3586 3749 3641 dis-

2190 3682 2492 3753 putationis
2543 3682 2826 3738 historiam
2864 3682 3081 3737 misisse
3117 3680 3182 3735 ad
3209 3681 3532 3750 discipulos,
3597 3680 3748 3734 alios-

2190 3790 2295 3844 que
2331 3796 2342 3830 :
2372 3785 2428 3828 at
2444 3789 2568 3829 eum
2598 3774 2811 3827 demum
2835 3775 3136 3829 Antiochia
3158 3789 3324 3828 vanos
3345 3774 3501 3829 falsa
3524 3773 3748 3828 victoria

2192 3881 2439 3921 rumores
2471 3873 2840 3935 spargentem,
2878 3874 3166 3936 postquam
3213 3866 3339 3921 illuc
3375 3866 3619 3928 accessit,
3650 3878 3745 3934 pa-

2191 3959 2333 4013 blice
2367 3959 2698 4029 coarguisse,
2742 3959 3085 4028 hominisque
3102 3959 3402 4014 vanitatem
3432 3961 3743 4015 confutasse.

2191 4051 2248 4106 ld
2281 4053 2325 4106 si
2349 4053 2470 4121 quis
2505 4061 2615 4106 tum
2659 4053 2952 4123 contigisse
3007 4053 3156 4118 velit,
3208 4069 3330 4108 cum
3390 4057 3480 4112 vix
3510 4058 3558 4112 in
3609 4055 3747 4109 aliud

2194 4154 2402 4214 tempus
2457 4145 2606 4215 rejici
2643 4147 2833 4215 possit,
2867 4145 3063 4200 favebo
3119 4145 3495 4214 conjectura:
3557 4147 3648 4203 sed
3693 4153 3746 4200 et

2194 4238 2282 4293 hic
2308 4251 2522 4306 quoque
2563 4235 2829 4305 judicium
2873 4253 3031 4292 suum
3089 4240 3188 4294 sibi
3221 4239 3747 4309 unusquisqucinte-

2191 4340 2344 4395 grum
2374 4325 2592 4389 habeat,
2620 4341 2719 4379 nec
2746 4341 2938 4381 omnes
2978 4329 3120 4382 enim
3166 4327 3421 4400 Origenis
3453 4330 3750 4401 peregrina-

2193 4415 2371 4468 tiones
2418 4415 2615 4470 litteris
2649 4416 2819 4472 fuisse
2868 4417 3094 4473 traditas
3140 4419 3423 4486 existimo,
3476 4435 3596 4474 cum
3644 4418 3749 4487 ipse

2122 4537 2165 4591 Β
2196 4502 2496 4570 praesertim
2544 4503 2744 4558 alicubi
2783 4517 2841 4558 se
2881 4504 3047 4558 multa
3081 4515 3240 4560 terra
3272 4506 3390 4562 loca
3446 4520 3750 4578 peragrasse

2194 4594 2402 4646 doceat.
2435 4592 2568 4658 Qua
2598 4591 2703 4646 hoc
2733 4606 2863 4662 ergo
2889 4594 3027 4659 loco,
3053 4605 3107 4648 et
3135 4595 3263 4649 alibi
3295 4598 3496 4664 passim
3517 4595 3750 4650 dubitari.

2195 4693 2278 4738 ter
2300 4693 2680 4753 proponuntur
2701 4699 2728 4737 a
2755 4686 2933 4751 nobis,
2957 4686 3036 4740 sic
3052 4685 3222 4739 lector
3243 4685 3479 4754 accipiat
3502 4694 3745 4754 tanquam

2197 4791 2376 4831 meras
2396 4776 2759 4846 conjecturas,
2788 4777 2991 4848 aliqua,
3029 4779 3074 4834 si
3099 4777 3259 4842 forte,
3292 4776 3744 4834 verisimilitudine

2197 4950 2410 4994 constet
2436 4939 2596 4993 aliam
2629 4954 2691 4996 ex
2721 4940 2805 4993 his
2838 4938 3167 4992 editionihus
3208 4937 3555 4992 Hierichunte
3585 4935 3743 4988 fuisse

2197 5021 2464 5085 repertam
2485 5012 2823 5085 temporibus
2853 5008 3166 5085 Caracalla,
3191 5009 3350 5085 aliam
3379 5006 3614 5085 Nicopoli
3639 5006 3743 5085 .im-

2195 5077 2420 5150 perante
2437 5077 2765 5139 Alexandro,
2785 5089 2934 5132 certe
2951 5077 3358 5132 Hierichuntina
3380 5079 3542 5150 editio
3564 5077 3738 5150 quinta

2193 5148 2315 5204 esse
2341 5150 2521 5214 debet,
2555 5150 2927 5218 Nicopolitana
2965 5165 3093 5203 vero
3135 5160 3322 5213 sexta;
3353 5149 3617 5217 siquidem
3645 5148 3743 5218 ha-

2194 5221 2302 5274 bita
2341 5231 2662 5290 temporum,
2681 5215 2878 5288 quibus
2907 5220 3138 5290 inventa
3167 5229 3312 5283 sunt,
3341 5215 3564 5282 ratione,
3587 5215 3741 5290 1aliain

2193 5285 2641 5356 quintamJaliam
2676 5285 2878 5342 sextam
2914 5290 2980 5342 ab
3009 5288 3241 5359 Origene
3280 5299 3520 5343 vocatam
3584 5285 3740 5336 fuisse

530 5356 625 5415 sit,
657 5370 731 5428 an_
768 5357 972 5423 quinta,
1013 5372 1081 5411 an
1129 5366 1306 5428 sexta,
1339 5366 1394 5410 et
1422 5372 1531 5427 quo
1573 5356 1814 5427 tempore
1848 5361 2089 5425 inventa,
2187 5361 2375 5415 scribit
2401 5362 2536 5414 idem
2566 5360 2914 5428 Epiphanius.

530 5440 636 5497 non
667 5424 906 5479 adnotat.
930 5431 1136 5497 Auctor
1161 5424 1457 5497 Synapseoi
1498 5429 1641 5483 inter
1673 5424 1835 5497 opera
1862 5424 2094 5484 Athana-

531 5495 886 5568 siana‘eusa,
924 5506 977 5550 et
1006 5495 1342 5568 Epiphanius
1367 5497 1461 5552 lib.
1516 5498 1595 5553 De
1632 5495 1792 5568 pond.
1832 5509 1881 5553 et
1927 5515 2091 5554 mens.

531 5578 655 5632 cap.
692 5563 784 5638 l8,
811 5575 1018 5620 sextam
1045 5563 1184 5638 hanc
1207 5580 1328 5624 esse
1351 5563 1671 5638 pertendunt
1696 5586 1710 5629 ;
1744 5569 2097 5638 Hieronymus

534 5635 957 5706 veroquintam,
982 5645 1037 5706 et
1077 5637 1153 5691 ita
1183 5635 1406 5693 narrare
1445 5639 1616 5706 ipsum
1644 5635 2094 5706 Origeuent‘scri-

537 5703 621 5778 bit
661 5703 876 5773 Prolog.
925 5710 977 5778 in
1008 5705 1164 5778 Cant.
1209 5710 1400 5763 cantic.
1437 5703 1542 5763 Sed
1585 5703 1891 5778 Epiphanio
1929 5717 2100 5775 magis

527 5772 890 5832 adharemus.
918 5774 1052 5832 Cum
1075 5777 1220 5833 enim
1244 5787 1357 5834 tum
1386 5794 1452 5835 ex
1475 5779 1615 5851 ipso,
1632 5772 1752 5836 'tu'm
1778 5795 1842 5837 ex
1871 5772 2100 5836 Eusebio

2261 5432 2374 5501 (50)
2396 5424 2823 5501 NicOpoIitundm
2849 5430 3122 5484 editionem
3146 5440 3356 5484 nactum
3382 5424 3740 5501 fieisseAOrige-

2193 5494 2309 5572 nent
2336 5494 2583 5555 credibile
2611 5511 2710 5554 est.
2734 5500 3048 5572 Caracntlae,
3086 5502 3259 5568 inquit
3304 5494 3740 5572 Epiphaniuslib.

2193 5571 2269 5625 De
2295 5573 2450 5640 pond.
2479 5583 2525 5624 et
2546 5587 2734 5636 ntens.,
2759 5586 2878 5638 cap.
2905 5571 2992 5643 l8,
3015 5565 3243 5624 succedit
3269 5565 3567 5643 Antoninus
3596 5565 3748 5643 alia}.

2193 5631 2578 5714 qni'imperavit
2605 5631 2772 5714 annos
2801 5631 2873 5714 tv_.
2902 5631 3123 5714 Secutus
3162 5653 3236 5694 est
3285 5639 3593 5714 Aleaaftfier
3619 5631 3752 5714 Ιὶιίξιε

2199 5705 2492 5766 Mammaea
2511 5712 2661 5764 annis
2688 5728 2805 5766 xm.
2839 5711 2902 5764 In
2934 5712 3102 5764 medio
3127 5721 3411 5778 temporum
3435 5705 3676 5781 illorum,
3699 5705 3752 5751 ἐν

2203 5782 2353 5854 μέσῳ
2385 5782 2491 5837 τῶν
2525 5783 2730 5854 χρόνων
2771 5781 2999 5848 τούτων,
3026 5782 3182 5836 editio
3209 5790 3378 5845 sexta,
3409 5790 3538 5849 qua!
3571 5781 3619 5829 et
3643 5785 3749 5842 ipsa
