4020 6306
276 360 363 414 661

1324 352 1893 409 ORIGENIANORUM
1934 352 2057 406 LIB.
2103 351 2141 415 l,
2177 350 2328 406 CAP.
2365 348 2431 405 ll.

3423 339 3525 393 662

275 478 611 546 conjunctas,
630 475 797 532 solida
818 475 956 529 nulla
982 484 1031 529 et
1055 472 1319 528 constanti
1342 474 1551 527 ratione
1569 475 1841 528 Subttixas.
1878 481 1917 532 Α
1951 473 2043 524 sia:
2068 479 2341 538 postremo
2370 463 2754 520 communione
2775 472 3082 531 segregare.
3112 456 3308 511 Narrat
3327 457 3523 524 quippe

339 564 455 620 Xll.
500 564 612 637 (5i)
637 564 793 619 P‘rius
819 574 994 618 autem
1021 578 1177 631 quam
1213 562 1453 615 Athenas
1480 563 1712 625 veniret,
1744 580 1835 615 ar-

272 658 513 726 ripuerat
542 656 647 710 iter
680 670 779 724 per
833 655 1194 717 Palaestinam,
1228 664 1282 708 et
1326 653 1589 708 Czesareaa
1628 656 1696 707 ab
1725 654 1840 723 epi-

272 747 450 816 sc0pis
474 761 633 816 supra
662 743 776 813 jam
808 744 1245 799 commemoratis
1270 743 1586 799 Theoctisto
1630 754 1685 798 et
1712 746 1840 797 Aie-

272 838 479 893 xandro
514 838 579 892 ad
612 852 825 895 sacrum
862 836 1185 907 presbyterii
1211 838 1457 893 ordinem
1515 838 1693 892 fuerat
1718 854 1841 908 pro-

270 941 473 986 vectus.
491 929 773 985 Prioresne
792 930 902 999 jam
923 939 1050 984 ante
1073 930 1376 999 susceperit
1392 931 1628 995 ordines,
1649 945 1839 996 necne,

269 1039 375 1079 non
400 1023 607 1092 liquet;
644 1020 800 1076 facile
824 1022 1077 1092 equidem
1125 1022 1365 1077 adducor
1395 1032 1453 1077 ut
1482 1024 1697 1077 credam
1746 1038 1840 1092 per

272 1114 491 1178 saltum,
516 1122 574 1167 ut
598 1120 814 1173 vocant,
866 1113 1250 1183 presbyterum
1290 1112 1456 1169 fuisse
1482 1115 1787 1169 ordinatmn
1821 1156 1837 1178 ,

273 1216 432 1276 prout
464 1205 733 1275 primtevis
766 1204 1024 1260 Ecclesiae
1048 1205 1378 1271 temporibus
1415 1207 1467 1261 in
1511 1222 1663 1261 more
1692 1208 1838 1277 posi-

272 1308 382 1352 tum
414 1296 531 1351 fuit.
561 1296 615 1350 Id
640 1305 751 1350 tum
784 1295 1007 1364 contigit
1037 1311 1160 1350 cum
1197 1296 1551 1350 Antiochenat
1583 1296 1838 1351 Ecclesiae

268 1390 508 1459 regimen
534 1388 827 1457 capessivit
881 1385 1140 1455 Zebinus,
1174 1387 1379 1443 Christi
1417 1389 1674 1443 nimirum
1730 1388 1837 1444 228

268 1494 432 1542 anno,
459 1479 753 1533 Alexandri
785 1478 971 1533 Severi
1004 1494 1100 1541 vn,
1136 1478 1388 1548 Origenis
1422 1496 1577 1535 xuii.
1612 1480 1833 1535 Factum

268 1572 369 1625 hoc
400 1586 431 1624 a
459 1570 822 1625 sanctissimis
857 1571 1128 1640 episcopis
1163 1573 1214 1625 in
1246 1573 1461 1628 homine
1484 1572 1705 1628 ditionis
1729 1590 1835 1628 non

264 1679 393 1731 suae,
421 1665 521 1719 sub
553 1665 862 1720 testimonio
890 1662 1133 1735 epistola:
1159 1664 1562 1729 ecclesiasticae,
1594 1681 1699 1735 qua
1727 1668 1835 1721 dis-

266 1756 543 1811 cedentem
572 1757 874 1811 Demetrius
901 1757 1075 1811 fuerat
1126 1766 1449 1825 prosecutus
1475 1774 1489 1823 ;
1521 1768 1581 1811 ut
1612 1759 1679 1812 ad
1705 1774 1825 1812 eum

1951 560 2170 613 Photius
2199 558 2322 612 cod.
2354 556 2476 622 HS,
2524 554 2789 623 geminam
2826 552 3088 607 adversus
3120 564 3243 603 eum
3274 556 3517 602 coactam

1948 651 2118 704 luisse
2152 648 2454 718 synodum;
2492 659 2719 713 quarum
2756 643 2903 712 prior
2929 641 3201 710 episcopis
3231 638 3432 706 aliquot
3464 646 3518 691 et

1945 738 2286 808 presbyteris
2312 734 2565 801 conﬂata,
2595 749 2717 787 eum
2749 732 2975 785 docendi
3004 744 3227 784 munere
3255 728 3514 782 abdican-

1942 832 2070 884 dum
2119 841 2174 884 et
2223 827 2548 881 Alexandria
2590 824 2897 894 pellendum
2935 824 3137 886 sanxit,
3192 819 3515 891 presbyterii

1943 924 2265 993 dignitatem
2299 936 2403 974 non
2438 918 2698 983 abstulit;
2729 916 2899 969 altera
2942 930 2972 967 a
3013 914 3287 967 Demetrio
3313 928 3378 966 ex
3411 910 3514 965 ali-

1941 1024 2071 1085 quot
2099 1012 2317 1084 Egypti
2349 1011 2618 1080 episcopis
2642 1017 2831 1064 coacta
2851 1005 3143 1061 sacerdotii
3170 1019 3381 1074 quoque
3418 1005 3514 1058 ho-

1942 1122 2071 1162 nore
2121 1106 2428 1159 exuendam
2471 1102 2734 1158 decrevit.
2798 1100 2935 1154 Huic
2989 1098 3248 1152 Demetrii
3296 1099 3512 1152 decreto

1938 1200 2283 1253 consensisse
2329 1195 2637 1249 universum
2674 1193 2879 1251 orbem,
2923 1201 3143 1259 excepta
3181 1190 3464 1252 Palaestina
3495 1229 3511 1253 ,

1940 1292 2163 1354 Arabia,
2217 1289 2494 1345 thnicia
2531 1297 2585 1342 et
2615 1286 2818 1341 Achaia
2885 1284 3211 1339 testificatur
3246 1283 3510 1351 Hierony-

1938 1401 2057 1440 mus
2093 1386 2184 1439 lib.
2215 1398 2255 1439 lt
2280 1387 2333 1437 in
2358 1384 2561 1452 Ruﬁn.,
2596 1396 2715 1451 cap.
2746 1381 2798 1448 5,
2834 1395 2933 1433 nec
2958 1391 3179 1449 propter
3201 1379 3509 1448 dogmatum

1937 1479 2255 1541 novitatem,
2284 1489 2589 1541 erroresve,
2620 1476 2712 1530 sed
2770 1473 2971 1529 invidia
3027 1473 3246 1527 laudem
3294 1471 3510 1525 virtutis

1936 1572 2052 1639 ejus
2083 1568 2250 1624 fuisse
2297 1569 2577 1623 obtritam.
2630 1569 2833 1622 Auctor
2859 1581 3072 1636 quoque
3099 1565 3238 1619 idem
3264 1564 3377 1633 ipse
3403 1575 3505 1626 est,

1937 1678 2045 1716 non
2072 1661 2418 1731 presbyterio
2443 1661 2618 1714 solum
2651 1659 2935 1731 Origenem
2970 1676 2998 1712 a
3060 1656 3332 1713 Demetrio
3383 1672 3505 1711 esse

1936 1755 2265 1818 snbmotum,
2291 1755 2381 1807 sed
2401 1753 2658 1807 Ecclesiae
2678 1754 2841 1807 etiam
2865 1754 3124 1808 societate
3149 1750 3502 1820 prohibitum,

263 1845 345 1899 sui
373 1847 633 1915 purgandi
664 1861 823 1902 causa
862 1846 1142 1915 rescripsit
1187 1847 1518 1913 Alexander,
1548 1862 1832 1905 mansueto
1864 1826 1904 1881 Β
1934 1845 2399 1899 consentientibus
2431 1846 2482 1898 in
2516 1843 2569 1897 id
2601 1844 3007 1910 sacerdotibus;
3039 1854 3098 1896 ut
3146 1842 3278 1895 mihi
3313 1842 3504 1895 verisi-

264 1936 345 1989 vir
375 1936 591 2006 ingenio
629 1946 799 2007 atque
821 1937 926 1993 leni
957 1957 969 1992 :
1005 1936 1157 2005 cujus
1188 1946 1380 1993 testem
1423 1941 1613 1993 damus
1645 1939 1833 1996 Hiero-

260 2041 480 2097 nymum
518 2026 611 2081 lib.
646 2027 721 2082 De
748 2030 926 2095 script.
982 2029 1162 2084 eccles.
1217 2029 1269 2084 in
1303 2028 1453 2098 Orig.
1493 2039 1547 2084 et
1586 2030 1822 2086 Alexan-

257 2118 383 2173 dro.
412 2117 772 2184 Quamobrem
811 2120 1048 2189 episcopi
1105 2119 1323 2191 rEgypti
1363 2130 1418 2174 et
1479 2121 1826 2178 Alexandria:

259 2211 314 2262 in
355 2210 611 2280 synodica
637 2212 863 2281 epistola
896 2211 1008 2282 (52)
1038 2212 1298 2266 adversus
1343 2213 1594 2282 Origenis
1627 2215 1829 2269 doctri-

262 2318 419 2367 nam,
474 2304 915 2374 χειροτονηθέντα
966 2304 1126 2357 αὐτὸν
1181 2305 1546 2378 πρεσϐύτερον
1582 2308 1685 2360 ὑπὸ
1731 2309 1827 2379 τῆς

255 2394 549 2464 κανονικῆς
581 2412 639 2448 τε
679 2396 770 2449 καὶ
812 2397 941 2467 μιᾶς
979 2395 1158 2466 χειρὸς
1198 2395 1457 2467 ἀληθινῆς
1506 2411 1822 2468 agnoscunt.

253 2486 374 2552 Quo
430 2489 601 2557 magis
653 2489 822 2543 miror
866 2489 1157 2557 scripsisse
1210 2488 1466 2543 Pltotium
1513 2491 1636 2546 cod.
1676 2492 1777 2545 118
1807 2533 1821 2557 ,

249 2578 578 2634 Alexandria
627 2578 914 2650 Origenem
976 2581 1304 2649 profectum,
1357 2582 1559 2651 absque
1620 2582 1820 2651 proprii

250 2670 490 2743 episcOpi
553 2687 819 2728 consensu
884 2674 1589 2746 presbyterii'dignitatem
1640 2691 1822 2730 susce-

249 2762 416 2832 pisse.
439 2763 581 2818 ldem
611 2765 759 2819 addit
790 2764 917 2820 facti
942 2776 1217 2821 auctorem
1240 2765 1405 2820 fuisse
1428 2766 1818 2835 Theoctistum,

248 2855 591 2923 probatorem
625 2855 1016 2911 Alexandrum.
1060 2856 1172 2927 (5'5)
1208 2856 1335 2911 Uni.
1365 2866 1469 2920 est,
1496 2858 1600 2912 hoc
1632 2857 1820 2913 dolore

248 2948 490 3015 graviter
514 2947 721 3002 exarsit
762 2948 1089 3011 Demetrius,
1122 2959 1176 3002 et
1201 2962 1265 3002 ex
1324 2949 1524 3019 insigni
1567 2948 1818 3021 Origenis

246 3036 641 3106 gloriajamdiu
680 3037 893 3093 insinu
946 3038 1231 3093 collectum
1296 3038 1513 3095 invidiae
1546 3042 1698 3096 virus
1745 3054 1819 3098 to-

245 3143 361 3183 tum
393 3131 652 3197 evomuit,
699 3130 841 3184 unde
887 3131 1133 3200 ingentes
1182 3132 1414 3187 subinde
1449 3136 1704 3189 concitati
1734 3145 1815 3189 tu-

242 3223 447 3275 multus
481 3232 644 3276 totam
691 3222 988 3277 Ecclesiam
1044 3224 1096 3277 in
1147 3222 1412 3279 factiones
1457 3227 1809 3295 dissiparunt.

240 3310 379 3366 Nam
413 3314 645 3382 primum
675 3312 925 3383 Origenis
957 3315 1372 3379 castrationem,
1434 3318 1661 3374 mirifice
1695 3335 1722 3372 a
1753 3336 1812 3375 se

238 3414 404 3460 antea
426 3407 695 3463 laudatam
729 3416 785 3461 et
810 3407 1114 3476 probatam,
1147 3407 1355 3476 publice
1374 3406 1589 3463 dill'erre
1618 3426 1681 3464 ac
1711 3420 1812 3464 tra-

237 3495 442 3551 ducere
466 3496 651 3567 erepit,
676 3497 970 3552 Ecclesiam
992 3511 1208 3551 omnem
1236 3497 1498 3553 adversus
1520 3514 1641 3554 eum
1676 3517 1808 3556 con-

235 3589 433 3655 citare,
464 3589 607 3644 hunc
636 3589 838 3645 honore
865 3588 1156 3645 sacerdotii
1188 3587 1421 3658 privare,
1446 3601 1500 3646 et
1528 3592 1595 3647 ab
1626 3593 1808 3649 Eccle-

234 3755 288 3807 in
309 3751 466 3806 doliis
483 3752 698 3821 latebat,
722 3752 963 3823 Nicopoli
983 3763 1049 3811 ad
1070 3760 1274 3812 Actium
1294 3769 1367 3813 est
1387 3760 1614 3812 inventa.
1636 3758 1805 3811 Porro

237 3825 325 3900 lus
352 3824 550 3888 verbis,
579 3826 637 3877 ὲν
656 3825 954 3900 »μέσῳ-τῶν
977 3830 1184 3900 χρόνων
1208 3829 1434 3893 τούτων,
1474 3828 1802 3900 Epiphanius

235 3895 547 3966 yelannutn
579 3898 666 3961 qui
700 3895 905 3952 medius
928 3895 1298 3955 intercedebat
1319 3902 1387 3953 ab
1408 3895 1561 3953 initio
1577 3895 1583 3897 ⁷
1601 3898 1763 3966 Eloga
1776 3928 1798 3938 -

234 3961 346 4017 bali
370 3964 437 4044 ad
472 3965 969 4044 AlexandriAlinem,
1002 3968 1051 4044 i_d
1102 3979 1205 4044 est,
1247 3986 1443 4044 annum
1480 3969 1646 4044 ipsius
1676 3961 1801 4044 A'le-_

236 4035 436 4087 xandri
465 4051 497 4088 v
535 4035 732 4091 Christi
764 4037 890 4103 226,
942 4039 1023 4093 vel
1058 4042 1288 4094 medium
1322 4041 1481 4094 unius
1501 4035 1797 4093 Alexandri

234 4110 472 4185 tempus,
495 4105 560 4185 id
588 4116 694 4185 est,
723 4109 1063 4185 annum‘ejus
1098 4111 1309 4185 imperii
1338 4109 1669 4185 vn,__Christi

233 4174 463 4228 indicat.
494 4174 599 4231 Sed
626 4174 767 4233 recte
800 4179 1091 4244 conjiciunt
1110 4174 1395 4243 Ba'ronius,
1422 4180 1668 4245 Huctius,
1694 4178 1803 4233 Til-

234 4244 532 4317 letnontius
588 4256 642 4301 el.
696 4247 1148 4304 Monlel'alconius
1202 4253 1344 4307 hanc
1374 4244 1801 4317 Nicepolitanam

234 4316 529 4388 editionem
566 4318 839 4373 inventam
881 4322 1056 4388 potius
1106 4320 1269 4376 fuisse
1322 4336 1463 4376 anno
1492 4316 1620 4385 228,
1660 4322 1801 4388 quod

235 4384 355 4456 ipsa
378 4386 619 4442 historiae
642 4389 811 4456 series
845 4384 1060 4444 videtur
1088 4391 1347 4447 indicare.

325 4455 416 4533 ξε)
443 4457 663 4533 Euseb_.,
700 4454 898 4533 Histo_r_.
934 4460 1027 4516 lib.
1062 4476 1295 4533 vt,7cap.
1322 4462 1407 4516 25.

326 4514 416 4601 se)
439 4514 807 4601 ροηείιζιοῃι.
847 4528 908 4595 v,
942 4514 1059 4601 pag.
1097 4514 1223 4587 ὀδό.

315 4596 404 4649 ’55
444 4598 673 4664 Euseb,
717 4598 921 4653 Histor.
943 4596 1135 4655 'ecEles.
1164 4604 1255 4657 lib.
1289 4619 1364 4665 vt,
1392 4619 1510 4671 cap.
1543 4603 1604 4666 8,
1624 4613 1677 4659 et
1701 4604 1789 4657 25.

303 4600 417 4739 i54i
443 4669 615 4721 Alium
638 4669 812 4724 exsilii
838 4670 1235 4739 hujuslcausam
1259 4674 1411 4739 affert
1444 4673 1789 4739 Epiphanius,

325 4667 417 4742 54)
435 4669 615 4742 Alium
638 4669 812 4724 exsilii
838 4670 1235 4741 hujuslcausam
1259 4674 1411 4741 affert
1444 4667 1791 4742 Epiphanius,

230 4748 335 4810 etc.
367 4740 524 4810 Adeo
547 4743 691 4794 omni
722 4740 942 4810 prorsus
964 4740 1435 4799 vérisimilitddine
1462 4740 1650 4799 carere
1681 4745 1794 4798 haec

233 4808 453 4863 historia
494 4807 735 4865 Baronio
752 4812 863 4865 visa
890 4822 992 4875 est,
1028 4816 1109 4867 ’ut
1166 4814 1376 4868 dubitet
1422 4830 1487 4867 an
1530 4815 1614 4868 hic
1646 4815 1794 4868 locus

231 4878 723 4953 Epiphaniigteﬁxtui
777 4898 881 4936 non
940 4884 1010 4936 sit
1041 4883 1275 4939 insertus
1307 4893 1363 4938 et
1416 4883 1788 4953 iuterpolatus.

230 4946 429 5003 Verum
476 4951 542 5003 ad
600 4952 652 5004 id
702 4966 807 5004 non
840 4966 1059 5009 necesse
1082 4964 1166 5008 est
1199 4965 1256 5008 ut
1298 4946 1661 5010 recurranius.
1699 4954 1791 5008 Vel

227 5032 290 5072 ea
323 5019 435 5094 snla
469 5036 587 5090 qua:
617 5022 683 5075 de
706 5020 915 5078 Meletio
936 5032 994 5076 et
1020 5024 1151 5077 Ario
1202 5023 1369 5080 refert
1421 5024 1753 5094 Epiphanius
1774 5066 1788 5089 ,

230 5090 865 5163 manifestoargumento
893 5103 1016 5147 sunt
1054 5095 1227 5163 ipsum
1269 5090 1538 5149 interdum
1568 5096 1790 5149 incertis

227 5169 286 5238 et.
314 5161 460 5238 falsis
484 5162 707 5215 nimium
747 5177 805 5238 se
833 5161 1124 5238 credulum
1136 5166 1432 5238 przebuisse
1458 5166 1785 5238 rumoribus.

229 5227 357 5308 Ejus
385 5231 569 5299 itaque
594 5233 892 5308 auctoritas
919 5249 1022 5308 non
1071 5227 1293 5308 obstitit
1320 5235 1608 5305 quominus
1633 5235 1788 5308 vale-

226 5301 557 5374 sius__inera:
592 5301 785 5374 fabula:
839 5303 955 5357 loco
999 5303 1220 5360 haberet
1270 5301 1389 5361 eain
1418 5321 1578 5374 quam
1631 5305 1791 5360 affert

228 5370 408 5444 exsilii
444 5368 696 5439 Origenis
725 5388 969 5444 causam.
1004 5376 1060 5428 1⁸
1100 5375 1257 5431 Certe
1296 5368 1607 5432 auctoritati
1660 5376 1786 5444 Epi-

266 5441 412 5494 banii
457 5444 507 5495 in
544 5458 609 5495 ea
636 5457 692 5495 re
725 5443 955 5497 multqu
989 5455 1147 5499 nocet
1188 5446 1462 5501 silentium
1505 5441 1785 5499 hominum

247 5525 385 5584 onge
415 5510 533 5579 ipso
563 5511 867 5584 (laetiorum
889 5553 904 5575 ,
961 5528 1189 5584 quorum
1245 5517 1337 5570 alii
1372 5515 1659 5584 Origenem
1691 5533 1790 5571 sae-

229 5578 353 5659 culo
372 5578 565 5659 quarto
592 5591 650 5659 _et
672 5582 859 5659 quint_o_
876 5578 1517 5659 contritusincesseruni,
1548 5586 1640 5639 alii
1660 5602 1788 5656 apo-

230 5646 791 5729 logiis'del‘ettderunt.
816 5651 930 5706 Non
952 5653 1003 5729 is
1025 5653 1267 5722 profecto
1290 5667 1407 5711 erat
1435 5646 1788 5729 llieronytitus

232 5721 320 5786 qui
354 5721 562 5800 hancei
590 5721 805 5800 culpam
827 5721 1068 5800 condona
1079 5732 1178 5800 ret,
1199 5721 1785 5800 quantacunquejllant

234 5790 547 5857 pmnitentia
561 5791 801 5848 cluisset.
826 5791 992 5851 Multo
1021 5794 1199 5851 minus
1216 5790 1581 5853 condonasset
1609 5797 1783 5853 Theo-

1937 1937 2062 1992 mile
2095 1937 2187 1991 ﬁat
2215 1938 2267 1989 in
2306 1937 2511 2007 synodo
2574 1953 2602 1990 a
2658 1936 2927 1989 Demetrio
2975 1936 3193 1989 collecta
3232 1934 3500 1988 sancitum

1935 2045 2151 2099 quoque
2183 2030 2315 2084 illud
2354 2029 2540 2085 fuisse.
2569 2028 2673 2083 Sed
2701 2029 2809 2097 jam
2842 2038 2996 2082 antea
3044 2030 3216 2098 patria
3250 2041 3500 2082 excesse-

1935 2131 2018 2174 rat
2044 2136 2166 2176 cum
2198 2122 2330 2175 coiit
2359 2120 2706 2175 Demetriana
2740 2120 2828 2174 illa
2857 2120 3120 2191 synodus,
3145 2123 3500 2189 quemadmo-

1932 2214 2056 2267 dum
2093 2213 2335 2267 dicemus
2374 2213 2533 2282 paulo
2567 2223 2706 2281 post.
2738 2212 2814 2266 ita
2862 2213 3065 2266 Achaia
3098 2227 3348 2267 reversus
3377 2213 3501 2266 Ale-

1933 2304 2217 2358 xandriam
2252 2305 2608 2358 Adamantius
2636 2304 2748 2371 jam
2800 2304 3104 2374 presbyter,
3146 2302 3501 2371 pristinisque

1931 2397 2168 2449 intentus
2227 2396 2443 2461 studiis,
2496 2412 2523 2450 a
2568 2397 2788 2465 proprio
2822 2395 3072 2465 episc0p0
3119 2395 3221 2449 sibi
3263 2397 3496 2463 primum

1929 2487 2161 2553 favente,
2216 2489 2409 2544 deinde
2443 2489 2583 2542 clam
2645 2488 2940 2550 invidente,
2979 2497 3087 2540 tmn
3123 2485 3377 2540 maximis
3430 2487 3496 2539 ad

1926 2581 2182 2634 invidiam
2215 2582 2325 2634 odii
2381 2580 2542 2634 factis
2590 2581 2994 2634 accessionibus
3050 2579 3228 2648 palam
3285 2580 3496 2635 infenso

1924 2674 2181 2746 agitatus,
2217 2673 2430 2727 tandem
2467 2666 2715 2726 defessos
2745 2672 2900 2725 malis
2934 2672 3145 2739 injurias
3185 2672 3491 2734 cencessit,

1923 2767 2223 2836 patriisque
2275 2766 2496 2821 sedibus
2534 2768 2795 2819 excedere
2831 2775 3051 2817 coactus
3078 2774 3179 2817 est.
3226 2762 3491 2817 Exsilium

1921 2858 2118 2927 quippe
2152 2858 2252 2926 ipsi
2282 2857 2612 2912 decernente
2667 2857 2895 2927 synodo.
2940 2857 3083 2924 quod
3114 2856 3214 2909 sibi
3252 2869 3491 2923 praesen-

1921 2949 2089 3003 tiebat
2117 2964 2237 3003 esse
2262 2948 2565 3003 faciendum
2608 2948 2693 3002 vel
2758 2948 3025 3017 ingratiis,
3078 2956 3268 3016 Sponte
3302 2947 3491 3000 admit-

1922 3054 2036 3096 tere
2068 3042 2258 3096 maluit
2291 3061 2303 3097 :
2350 3057 2473 3096 cum
2504 3042 2804 3113 praesertim
2839 3043 3305 3112 ingravescentem
3346 3041 3486 3095 invi-

1921 3134 2062 3188 diam
2090 3135 2231 3189 l’erre
2283 3152 2387 3190 non
2429 3145 2630 3205 posset.
2672 3136 2764 3190 Sic
2794 3138 2938 3190 enim
2970 3136 3295 3190 conciliandi
3338 3142 3477 3217 sunt

1865 3219 2009 3296 "qui
2029 3228 2232 3294 jactant
2258 3238 2447 3298 sponte
2475 3228 2677 3308 abiisse
2710 3229 2906 3298 ipsum,
2933 3243 3053 3282 cum
3089 3228 3155 3281 iis
3181 3228 3272 3297 qui
3314 3226 3485 3297 patria

1919 3318 2199 3387 expulsum
2232 3330 2285 3373 et
2318 3320 2740 3373 exterminalum
2774 3318 2941 3371 fuisse
2969 3318 3177 3371 volunt.

1988 3408 2123 3463 Xlll.
2162 3409 2273 3481 (54)
2306 3410 2480 3464 Aliam
2515 3410 2687 3465 exsilii
2724 3411 2881 3476 hujus
2912 3424 3129 3463 causam
3161 3406 3318 3460 affert
3358 3406 3485 3473 Epi-

1911 3502 2144 3571 phanius
2179 3503 2310 3557 hter.
2350 3502 2417 3556 64
2443 3542 2457 3564 .
2491 3517 2609 3569 cap.
2646 3502 2713 3565 2,
2749 3503 2931 3568 aitque
2962 3499 3163 3552 eximia
3197 3498 3479 3551 ﬂorentem

1906 3595 2230 3650 eruditionis
2270 3610 2333 3649 ac
2373 3595 2682 3648 sanctitatis
2727 3594 2886 3646 laude
2934 3591 3223 3660 Origenem
3250 3633 3263 3652 ,
3311 3590 3481 3658 magi-

1910 3760 2105 3826 pbilus.
2139 3758 2308 3827 Hujus
2337 3760 2577 3814 historiae
2633 3761 2961 3815 mentionem
3020 3760 3207 3828 utique
3260 3757 3478 3813 fecisset

1908 3827 2225 3885 Vincentius
2256 3829 2586 3896 Lirinensis;
2644 3845 2819 3900 neque
2846 3832 2888 3885 si
2940 3845 3066 3883 vera
3102 3827 3310 3891 fuisset,
3346 3828 3479 3882 Poro

1905 3900 2154 3970 pbyrius,
2197 3903 2284 3969 qui
2347 3901 2643 3955 reluctante
2694 3901 2818 3954 licet
2872 3902 3099 3955 veritate
3126 3900 3471 3970 Ammonimn

1908 3969 2232 4026 Christianis
2251 3971 2467 4037 eripuit.
2492 3972 2778 4039 Origenem
2801 3972 2883 4026 eis
2915 3971 3241 4039 reliquisset.
3259 3969 3317 4023 2ο
3338 3971 3472 4035 Quis

1909 4040 2070 4094 facile
2092 4041 2193 4093 sibi
2234 4040 2559 4108 persuadeat
2589 4042 2940 4109 magistratus
2967 4038 3336 4108 et’praslectos
3351 4040 3470 4094 Ale-

1909 4111 2200 4165 xandrinos
2230 4112 2304 4179 (id
2334 4112 2476 4164 enim
2508 4112 2608 4173 eis,
2642 4126 2748 4165 non
2789 4113 3061 4166 seditiosae
3102 4111 3246 4180 'plebi
3281 4112 3468 4164 tribuit

1905 4181 2270 4247 Epiphanius)
2330 4180 2637 4235 Alexandro
2690 4183 2988 4251 imperante
3030 4180 3466 4251 Christianisque

1905 4253 2066 4306 rebus
2098 4251 2330 4314 favente,
2369 4267 2530 4306 ausos
2553 4268 2673 4306 esse
2709 4262 2816 4305 tam
2846 4252 3171 4306 horrendam
3206 4251 3313 4303 vim
3343 4250 3464 4304 Ori-

1904 4321 2024 4390 geni
2055 4322 2276 4381 inferre,
2316 4322 2430 4375 viro
2459 4331 2586 4375 tunc
2615 4324 2872 4391 temporis
2902 4321 3275 4386 celeberrimo,
3303 4335 3461 4389 quem

1903 4401 1958 4445 et
1992 4402 2229 4453 n0verat,
2258 4402 2312 4445 et
2347 4393 2564 4460 plurimi
2601 4394 2832 4447 faciebat
2870 4392 3142 4445 Mammaea
3173 4391 3463 4460 imperato-

1904 4463 1981 4516 ris
2035 4472 2206 4517 mater
2235 4459 2646 4531 potentissima?
2701 4461 2920 4516 Videtur
2949 4461 3289 4515 existimasse
3332 4459 3463 4530 Epi-

1838 4532 1878 4586 D
1908 4532 2137 4601 phanius
2169 4535 2218 4584 id
2250 4534 2560 4602 contigisse,
2593 4533 2804 4602 furente
2839 4534 3016 4600 aliqua
3047 4532 3419 4600 persecutione
3444 4574 3458 4596 ,

1903 4603 2170 4670 siquidem
2192 4601 2478 4670 ()rigenem
2503 4604 2576 4655 ait
2609 4601 2978 4657 confessorum
3004 4612 3413 4671 martyrumque
3445 4645 3459 4665 ,

1894 4672 1987 4739 qui
2025 4671 2131 4726 illis
2157 4673 2489 4740 temporibus
2535 4683 2711 4731 erant,
2743 4672 2943 4738 judicio
2984 4675 3053 4725 ab
3094 4671 3332 4727 Ecclesia
3365 4679 3460 4727 de—

1887 4742 2090 4812 jectum
2126 4756 2267 4796 esse.
2306 4742 2501 4796 Verum
2529 4742 2614 4795 vix
2648 4742 2786 4814 ullus
2831 4747 3361 4814 reperitur_martyr_
3394 4760 3459 4796 eo

1895 4815 2010 4881 ipso
2039 4822 2279 4880 tempore
2300 4827 2405 4881 quo
2430 4813 2753 4867 Alexandria
2788 4815 3012 4865 recessit
3034 4812 3311 4882 Origenes.
3337 4812 3454 4867 Jain

1891 4883 2035 4935 enim
2063 4898 2091 4935 a
2121 4882 2309 4952 viginti
2362 4883 2478 4935 fere
2518 4883 2674 4952 annis
2701 4896 2858 4936 nemo
2891 4884 3283 4951 persecutionis
3309 4882 3455 4936 sein-

1895 4952 2058 5005 tiliam
2087 4951 2313 5007 viderat.
2349 4952 2525 5007 Umnn
2556 4951 2746 5006 saltem
2796 4952 3022 5008 lluetius
3078 4952 3320 5020 proferre
3361 4956 3454 5007 de~

1892 5024 2084 5077 buerat
2116 5034 2403 5091 martyrem
2426 5038 2583 5090 quem
2612 5022 2918 5077 Alexandro
2970 5026 3266 5091 imperante
3330 5023 3450 5077 Ale-

1892 5095 2133 5147 xandriae
2191 5107 2409 5161 passum
2442 5106 2564 5145 esse
2612 5105 2759 5147 certa
2788 5103 2844 5146 et
2891 5094 3194 5147 indubitata
3233 5094 3449 5148 tradant

1892 5164 2240 5233 monimenta.
2262 5162 2495 5225 Nicetas,
2512 5161 2867 5233 Nicephorius,
2898 5164 3097 5233 aliique
3117 5165 3447 5220 recentiores

1890 5230 2062 5288 Graeci
2081 5234 2224 5303 hunc
2255 5230 2723 5303 Origenislapsum
2751 5234 2817 5285 ad
2851 5230 3447 5301 Decii'persecutionem

1890 5302 2250 5376 rejiciunt.R.
2285 5304 2341 5356 P.
2368 5302 2707 5373 Pagius’pag.
2734 5304 2861 5370 231,
2882 5303 2911 5376 ᾗ
2935 5305 2990 5367 8,
3025 5318 3130 5358 non
3152 5303 3312 5376 aliam
3340 5309 3447 5358 uti-

1888 5389 1994 5445 que
2025 5374 2128 5445 sibi
2160 5375 2445 5445 iucundam
2479 5377 2625 5445 _viam
2655 5375 2828 5438 duxit,
2861 5374 3089 5442 eamque
3118 5376 3184 5428 ab
3209 5374 3447 5445 Epipha-

1891 5444 1980 5499 nio
2010 5444 2231 5499 disertis
2260 5444 2437 5498 verbis
2476 5443 2702 5515 indicari
2741 5445 2851 5510 ait;
2884 5446 2975 5499 sed
3000 5445 3186 5498 incidit
3213 5446 3269 5498 in
3301 5443 3447 5515 Scyl-

1889 5518 1994 5567 lam
2020 5518 2233 5583 cupiens
2269 5516 2433 5567 vitare
2486 5514 2824 5584 Charybdim,
2878 5515 2951 5568 ttti
2999 5516 3193 5569 invicte
3249 5514 3446 5583 probat

1890 5584 2113 5640 Huetius
2142 5586 2297 5656 infra
2319 5600 2438 5653 cap.
2465 5585 2517 5649 4,
2550 5584 2769 5656 notaui.
2811 5586 2868 5639 ὅσ
2899 5585 3050 5651 Quod
3081 5588 3126 5639 sl
3176 5597 3444 5656 utexpro~

1890 5656 2163 5710 brantium
2196 5655 2440 5710 ludibriis
2489 5654 3050 5725 seseisubstralteret,
3083 5666 3273 5725 sponte
3318 5654 3443 5710 Alt-.-

1892 5727 2170 5779 xandriam
2200 5726 2412 5795 reliquit
2439 5738 2493 5781 et
2522 5727 2573 5779 in
2624 5724 2964 5797 Palzestinam
2998 5724 3222 5783 secessit
3253 5725 3444 5797 Orige—

1892 5812 2005 5864 nes,
2032 5806 2088 5851 ut
2122 5811 2301 5853 narrat
2328 5797 2677 5869 Epiphanius,
2707 5810 2835 5867 ergo
2860 5796 3053 5853 falsum
3088 5809 3174 5855 est
3200 5796 3374 5868 ipsum
3406 5817 3435 5851 a
