4020 6306
541 334 646 391 6C3

1814 333 1872 390 P.
1916 332 2226 388 DAMELIS
2259 328 2491 386 llUETll

3652 339 3746 392 θοι

538 459 806 508 stratuum
842 452 897 506 in
949 467 1008 507 se
1041 452 1530 508 Alexandrinorum
1562 493 1577 517 ,
1619 453 2110 523 praefectorumque
2139 459 2183 514 Α
2216 453 2307 506 lib.
2347 469 2420 517 tv,
2452 453 2585 506 hair.
2623 451 2684 505 5|
2714 492 2728 516 ,
2765 451 3058 520 contigisse
3086 451 3165 516 id,
3192 466 3312 504 cum
3343 450 3602 507 immutata
3634 471 3746 509 sen-

539 543 750 598 acuisse
766 543 1048 608 invidiam,
1070 552 1126 597 et
1155 545 1459 611 potentium
1492 544 1805 600 inimicitias
1828 561 1926 614 pro
1946 547 2106 600 Chri-

540 644 624 690 sto
656 633 982 704 appetivisse
1007 651 1022 700 ;
1051 646 1105 689 et
1137 634 1206 721 ab
1235 634 1301 688 iis
1330 637 1781 703 comprehensum
1812 636 2106 705 aliquando

541 727 596 780 in
623 741 744 780 eam
781 724 952 782 fuisse
984 726 1362 782 necessitatem
1393 725 1710 793 adductum,
1744 737 1800 780 ιιι
1832 727 1916 783 vel
1951 728 2107 784 idolis

539 819 954 873 sacrificandum
988 818 1088 873 sibi
1119 826 1294 885 esset,
1329 819 1414 874 vel
1443 818 1714 887 Ethiopis
1747 817 1956 874 libidini
1985 836 2106 873 eor-

539 924 640 976 pus
681 907 1014 964 oll'erendum
1051 923 1202 978 :qua
1258 909 1334 962 rei
1381 910 1704 979 indignitate
1749 921 2104 978 commotum,

536 999 713 1052 virum
757 998 936 1052 onia
987 1013 1096 1065 prie
1143 999 1321 1054 studio
1363 1001 1631 1056 castitatis
1680 1011 2102 1072 postputantem,

537 1105 648 1151 tam
680 1091 784 1145 leni
811 1105 870 1146 se
898 1105 962 1146 ac
985 1091 1128 1147 victo
1161 1092 1342 1147 animo
1374 1094 1701 1160 ostendisse,
1732 1102 1790 1146 ιιι
1821 1093 2101 1148 sacriﬁca-

537 1197 712 1239 turum
739 1197 798 1237 se
828 1182 1135 1250 reciperet;
1172 1197 1271 1238 nec
1305 1184 1359 1238 id
1397 1183 1595 1239 fecisse
1625 1195 1825 1247 tamen,
1849 1185 1940 1239 sed
1977 1186 2102 1241 thus

535 1277 591 1330 in
643 1288 837 1326 manus
871 1271 988 1339 ejus
1033 1273 1344 1340 impositum
1379 1275 1446 1328 ab
1495 1276 1800 1332 astantibus
1839 1277 1890 1330 in
1924 1277 2100 1347 ignem

538 1367 702 1422 fuisse
728 1379 1016 1420 excussum
1066 1365 1240 1436 (addit
1272 1366 1486 1420 Nicetas
1522 1366 1675 1422 Thes.
1730 1369 1938 1422 orthod.
1973 1369 2098 1436 ﬁdei

538 1522 810 1580 Demetrio
842 1519 1120 1590 expulsum
1153 1519 1340 1587 fuisse,
1367 1522 1512 1590 quod
1537 1532 1710 1575 tamen
1738 1521 1979 1575 melioris
2006 1539 2104 1577 no—

538 1605 603 1649 tat
634 1603 885 1647 auctores
920 1589 1192 1663 referunt.
1208 1590 1359 1659 Quod
1387 1589 1432 1646 Si
1463 1591 1591 1645 illud
1637 1593 1905 1663 prtecipne
1951 1591 2104 1663 flagi-

537 1667 671 1719 tium
703 1675 880 1716 causae
916 1659 1017 1731 fuit
1042 1675 1137 1712 cur
1165 1662 1455 1715 damnatus
1481 1670 1536 1714 et
1582 1659 1876 1715 sacerdotii
1923 1659 2108 1731 digni-

539 1744 651 1788 tate
683 1742 879 1788 exutus
914 1729 1078 1801 fuerit
1108 1746 1137 1782 a
1167 1732 1419 1795 concilio,
1449 1731 1523 1784 uti
1552 1742 1706 1799 putat
1737 1729 2104 1801 Iluetius,—qui

541 1805 654 1858 fieri
683 1803 857 1871 potuit
886 1809 944 1853 ιιι
977 1799 1327 1871 Jcrosolymis
1357 1803 1597 1868 ignotum
1633 1800 1794 1871 fuerit
1837 1799 2105 1870 ejusmodi

537 1870 770 1933 crimen,
809 1885 929 1940 cum
963 1871 1089 1924 illuc
1121 1870 1266 1924 venit
1295 1871 1604 1940 Origenes?
1632 1871 1692 1926 4ο
1743 1870 1940 1925 Narrat
1970 1871 2109 1926 Plio-

540 1946 646 1998 tins
665 1943 784 1996 cod.
809 1942 828 1993 1
849 1939 930 2004 18,
951 1942 1216 2008 genuinam
1245 1939 1502 1995 adversus
1524 1957 1647 1995 eum
1673 1954 1913 1996 coactam
1944 1942 2112 1999 fuisse

538 2014 1076 2084 synodumiqnarum
1105 2012 1252 2084 prior
1281 2011 1546 2082 epiSt'ttpiS
1571 2012 1777 2081 aliquot
1805 2023 1858 2065 et
1885 2015 2111 2084 presby-

541 2081 670 2138 teris
703 2081 928 2136 conflata
961 2096 1081 2134 eum
1125 2081 1350 2136 docendi
1387 2097 1608 2136 munere
1661 2083 2021 2137 abdicandum
2050 2081 2111 2138 et

538 2152 868 2233 Alexandria
925 2151 1234 2233 pellendum
1268 2151 1470 2233 sapxit,
1492 2231 1500 2233 _
1523 2153 1844 2233 presbyterii
1879 2152 2110 2223 dignita-

541 2233 644 2276 tcm
680 2238 782 2275 non
821 2220 1061 2290 abstulit.
1097 2220 1204 2274 Cur
1233 2220 1348 2274 non'
1386 2221 1630 2282 abstulit,
1667 2220 1788 2275 cum
1834 2236 1897 2275 ea
1942 2220 2108 2290 poena

537 2293 742 2348 delicto
765 2289 1090 2358 huiusmodi,
1123 2291 1320 2345 fatente
1358 2295 1588 2358 ipsumet
1627 2291 1842 2354 lluetio,
1892 2289 2108 2359 aposto-

541 2363 664 2417 licis
691 2361 990 2417 rationibus
1049 2361 1424 2431 irrogaretnr?
1453 2359 1733 2427 Quomodo
1768 2361 2064 2417 Palaestinae
2092 2403 2107 2427 ,

537 2434 786 2496 Arabiar,
858 2431 1149 2486 l’limntcia:
1200 2444 1257 2486 et
1312 2433 1530 2485 Achaiae
1567 2431 1820 2485 Ecclesia:
1855 2432 2110 2500 praesules

538 2503 655 2574 eius
694 2518 916 2574 causam
959 2501 1373 2574 suscepissent,
1431 2502 1760 2574 pt-a:_dit-a_ttdi
1816 2517 2008 2574 nmnus
2034 2504 2107 2574 ei

544 2571 959 2632 :Timmisissent,
998 2571 1209 2639 aliaque
1259 2572 1552 2626 sacerdotii
1600 2572 1682 2624 sui
1736 2572 1917 2624 munia
1957 2572 2110 2628 obire

537 2641 957 2711 permisissent?
989 2641 1215 2694 Fallitur
1247 2641 1474 2696 Huetius
1502 2657 1624 2711 cum
1657 2641 1736 2696 ait
1765 2656 1832 2696 ex
1868 2639 2106 2710 Epipha-

537 2710 629 2767 fi‘o
663 2725 914 2767 constare
976 2712 1254 2765 dubitasse
1307 2722 1511 2764 tantum
1543 2710 1832 2781 Origenem
1895 2711 2112 2766 idolola-

539 2785 772 2838 triamne
811 2783 1141 2844 admitteret,
1192 2783 1256 2834 ad
1289 2781 1503 2836 facinus
1529 2797 1634 2834 non
1669 2783 1892 2835 omnino
1918 2797 2110 2851 perve-

541 2853 707 2907 nisse.
761 2852 838 2906 En
877 2852 988 2918 ipsa
1041 2851 1325 2923 Epipltanii
1375 2853 1542 2923 verba
1569 2851 1737 2923 _:_Tti'iv
1784 2853 2108 2923 ἀμφοτέρων

539 2923 909 2994 προτεθέντων
969 2919 1116 2994 uorti)
1163 2921 1520 2994 πραγμάτων,
1561 2920 1720 2994 θῦσαι
1761 2919 1957 2994 μᾶλλον
1992 2919 2107 2976 ἐλό-

545 2990 725 3062 μὲνος,
751 2994 812 3044 οὐ
838 2992 955 3065 -μὴν
986 2990 1051 3065 ΔδΑὲ
1086 2990 1525 3065 ἑ-ξουήσίᾳήγνώμῃ
1545 2990 1795 3065 -μᾶλλςνί,
1819 2993 1986 3065 τοῦτο
2011 2996 2109 3047 ἐπ-

539 3061 802 3135 ὲτὲλεσεν,
821 3061 894 3125 ὡς
915 3061 1080 3135 ergng
1097 3061 1485 3135 ᾄδιτᾳιλόγοςλ
1499 3061 1620 3118 ’ἀλλ’
1633 3063 1817 3135 ἐπειδὴ
1831 3064 1963 3128 ὅλως
1983 3065 2109 3118 καθ-

539 3080 802 3126 ετεΑεσεν,
821 3080 894 3125 ως
916 3080 1080 3124 ποΑυς
1097 3080 1276 3131 ᾳοιται
1299 3080 1356 3115 1.0
1395 3080 1452 3125 ος
1473 3082 1485 3094 ο
1509 3080 1618 3118 αλλ’
1633 3080 1817 3135 επειοη
1831 3080 1963 3128 ouo;
1983 3080 2105 3118 καυ-

537 3134 856 3206 ῳμολόγησε
895 3133 1052 3206 τᾳῦτο
1098 3133 1345 3206 ξῐρᾷξαιη
1359 3080 1610 3203 istem;
1645 3135 1734 3206 ἐπὶ
1767 3137 1925 3206 χεῖρα.
1943 3135 2105 3192 αὑτοῦ

537 3205 772 3268 λίϐανον,
802 3207 880 3268 εἰς
909 3204 1005 3274 τὴν
1037 3203 1130 3255 τοῦ
1166 3203 1350 3276 βρυμοῦ
1380 3206 1553 3276 πυρὰν
1580 3203 1865 3275 καθῆκάνί
1889 3205 2131 3261 Duobus-

541 3277 646 3336 illis
673 3276 973 3342 propositis,
1035 3274 1334 3342 sacriﬁcare
1389 3274 1595 3328 maluit.
1640 3274 1950 3340 Quanquam
2000 3293 2102 3330 non

540 3347 747 3397 omnino
808 3355 991 3408 sponte
1025 3343 1156 3396 illud
1213 3361 1308 3397 sua
1363 3347 1670 3414 pra'stitisse
1697 3346 1845 3414 vulgo
1870 3347 2103 3411 dicitur;

539 3417 627 3468 sed
653 3416 740 3468 ubi
763 3415 920 3467 semel
951 3416 1046 3467 hoc
1083 3431 1136 3468 se
1161 3431 1268 3469 esse
1299 3414 1561 3484 facturum
1593 3432 1836 3469 assensus
1861 3429 1956 3481 est,
1985 3417 2103 3468 thus

539 3488 592 3537 in
619 3501 806 3538 manus
857 3485 998 3538 illius
1030 3485 1329 3554 impositum
1361 3488 1417 3539 in
1441 3485 1731 3554 subjectum
1765 3503 1873 3541 arte
1931 3487 2104 3554 focum

539 3557 831 3609 excussisse
864 3555 1077 3624 gentiles
1111 3569 1377 3608 asserunt.
1417 3559 1468 3609 Id
1493 3571 1620 3622 ergo
1646 3557 1801 3610 unice
1831 3558 1958 3610 dicit
1983 3556 2106 3624 Epi-

541 3628 794 3695 phanins,
819 3628 1095 3679 dubitasse
1118 3627 1403 3681 nonnullos
1434 3643 1498 3679 an
1536 3637 1816 3694 postquam
1847 3627 2104 3696 Origenes

540 3698 970 3750 sacrificaturum
1003 3712 1062 3750 se
1090 3713 1209 3751 esse
1233 3713 1490 3750 assensus
1513 3710 1614 3758 est,
1646 3696 1874 3766 ipsemet
1903 3699 2026 3749 thus
2050 3699 2100 3748 in

539 3769 715 3836 ignem
745 3783 852 3818 arae
884 3767 1188 3833 impositum
1217 3768 1479 3836 injecerit.
1514 3768 1586 3821 De
1615 3783 1839 3821 assensu
1871 3776 2101 3825 constat;

541 3838 686 3906 atqui
742 3837 1044 3892 aswnsisse
1098 3838 1230 3891 satis
1259 3848 1377 3891 erat.
1420 3849 1474 3890 ut
1506 3839 1836 3905 ptenitentia:
1870 3837 2095 3905 publica:

541 3907 922 3976 subjiceretur,
959 3922 1020 3960 ac
1057 3911 1283 3973 proinde
1331 3909 1624 3962 sacerdotii
1653 3909 1918 3976 dignitate
1951 3909 2098 3961 exci-

580 3986 713 4039 et'el,
741 3993 860 4046 cum
886 3974 1144 4043 Origenes
1170 3980 1284 4046 ipse
1307 3979 1444 4033 libro
1472 3978 1628 4032 tertio
1657 3974 1838 4030 contra
1863 3976 2100 4041 Celsum,

543 4061 689 4100 num.
727 4045 814 4108 51,
844 4061 963 4114 pag.
995 4047 1119 4110 482,
1146 4045 1294 4100 dicat
1320 4048 1652 4115 ptienitentite
1682 4049 1902 4115 publica:
1937 4050 2104 4102 obno-

547 4117 664 4168 xios
689 4131 751 4167 ea
781 4125 990 4188 tantum
1025 4118 1332 4170 conditione
1363 4120 1552 4188 recipi,
1595 4129 1654 4171 ut
1684 4121 1939 4187 quoniam
1967 4119 2100 4188 lapsi

544 4197 668 4240 sant
701 4185 1059 4239 excludantur
1087 4187 1138 4237 in
1172 4197 1443 4252 posterum
1477 4185 1562 4240 'ab
1589 4185 1837 4253 omnibus
1862 4185 2094 4254 dignita-

545 4255 688 4309 tibus
720 4267 773 4309 et
805 4254 1212 4323 magistratibus
1234 4258 1636 4312 ecclesiasticis.
1672 4257 1823 4322 Quod
1865 4261 1908 4313 si
1946 4258 2102 4313 Nice.

543 4337 629 4380 tas
671 4327 803 4379 dicit
835 4325 1122 4393 Origenem
1175 4333 1456 4380 immutata
1509 4331 1774 4381 sententia
1822 4345 2102 4383 revocasse

545 4396 892 4466 promissum,
927 4412 1098 4464 coque
1130 4407 1276 4450 stare
1324 4399 1678 4461 detrectasse,
1719 4399 1901 4452 statim
1953 4401 2102 4454 addit

543 4481 689 4538 eum,
715 4482 837 4538 cum
865 4475 1164 4538 urgeretur,
1198 4469 1246 4538 id
1274 4478 1449 4521 tamen
1483 4468 1817 4538 praestitisse.
1850 4470 1905 4523 5·
1929 4470 2096 4522 'l‘anta

2134 3172 2176 3231 C

2213 545 2378 599 tentia
2397 557 2587 598 revoca
2599 553 2679 596 ret
2694 545 3042 612 promissmn,
3060 557 3229 611 eoque
3245 552 3390 595 stare
3403 541 3746 614 detrectaret):

2214 637 2341 691 hinc
2366 635 2539 704 ipsum
2577 642 2722 688 tanta
2750 648 3029 703 aspersum
3051 647 3173 688 esse
3193 632 3436 699 infamia,
3459 642 3514 688 ut
3537 632 3751 691 Ecclesia

2167 775 2170 778 .
2213 727 2572 796 depelleretur
2606 742 2622 792 ;
2673 741 2904 795 cumque
2939 725 3207 790 ludibria,
3254 734 3310 780 et
3336 725 3601 780 oculorum
3633 741 3751 781 con-

2205 821 2447 886 jectum,
2487 817 2686 888 quibus
2735 827 2795 870 ut
2845 814 3130 870 idololatra
3179 815 3582 881 destinabatur,
3626 814 3754 872 ferre

2215 927 2322 966 non
2369 919 2582 980 posset,
2626 909 2840 964 invidia:
2892 908 3219 964 detestandae
3262 908 3432 978 gratia
3476 907 3752 964 Casaream

2211 1001 2616 1069 commigrasse.
2651 998 2878 1054 Constat
2927 1007 3078 1054 certe
3118 1014 3184 1054 ex
3227 998 3417 1052 eodem
3450 997 3752 1068 Epiphanio,

2210 1093 2488 1148 dubitasse
2521 1100 2728 1146 tantum
2757 1090 3045 1162 Origenem
3073 1089 3500 1146 idololatriamne
3524 1091 3746 1145 admitte-

2211 1195 2314 1250 ret,
2341 1184 2410 1238 ad
2437 1182 2648 1239 facinus
2679 1198 2786 1237 non
2829 1182 3054 1239 omnino
3098 1179 3448 1252 pervenisse;
3481 1195 3594 1250 qua:
3641 1194 3752 1234 cum

2210 1274 2474 1328 dubitatio
2515 1273 2722 1328 crimen
2779 1283 2959 1327 tamen
3014 1271 3129 1340 ipsa
3177 1270 3270 1334 sit,
3323 1268 3436 1341 (55)
3483 1270 3751 1324 admissum

2209 1365 2518 1420 humanitus
2541 1375 2822 1434 peccatum
2849 1363 3164 1433 tempestiva
3196 1371 3254 1414 et
3280 1361 3480 1415 salubri
3507 1362 3754 1430 pinuiten-

2211 1520 2320 1599 sibi‘
2345 1530 2722 1599 proposuerat.
2745 1518 2801 1572 7°
2823 1518 2912 1571 Ait
2930 1517 3367 1599 Origenentpost
3393 1533 3540 1599 suum
3563 1517 3751 1599 lapsum

2209 1601 2267 1646 et
2297 1588 2620 1646 Alexandria
2653 1591 2952 1643 discessum
3009 1588 3060 1643 in
3103 1588 3352 1642 notitiam
3387 1588 3639 1644 Ambrosii
3671 1607 3752 1647 ve-

2209 1663 2387 1722 nisse;
2422 1663 2544 1716 huic
2595 1662 2692 1730 ipsi
2730 1669 2786 1713 ut
2813 1659 3058 1730 haeresim
3086 1657 3328 1725 ejuraret
3360 1669 3625 1730 auctorem
3656 1677 3745 1715 ex-

2218 1732 2448 1797 stitisse;
2475 1727 2820 1785 Ambrosium
2851 1727 2918 1782 ab
2941 1728 3170 1799 Origene
3202 1729 3580 1799 postulassent
3607 1729 3746 1786 Scri-

2142 1829 2184 1885 B
2210 1811 2393 1871 ploras
2425 1802 2524 1885 sibi
2577 1797 3062 1885 interpretatione
3083 1801 3446 1885 patefaceret;
3488 1797 3746 1885 03158080)

2221 1886 2352 1924 vero
2391 1882 2450 1926 nt
2477 1870 2715 1925 hortanti
2752 1869 3039 1924 Ambrosio
3074 1885 3174 1938 pro
3222 1883 3292 1922 eo
3338 1880 3499 1938 atque
3527 1870 3596 1924 illi
3627 1887 3749 1926 con-

2215 1941 2468 2012 gruebat,
2500 1942 2853 1998 satisfaceret.
2884 1940 3194 2012 universam
3237 1939 3574 2012 ﬁeripturam
3601 1940 3752 1996 inter-

2213 2008 2515 2078 pretatione
2556 2027 2654 2066 sua
2687 2021 2742 2066 et
2774 2010 3114 2076 expositione
3147 2008 3428 2064 declarare
3453 2011 3748 2069 instituisse.

2213 2082 2366 2148 Quod
2394 2099 2514 2136 cum
2548 2082 2768 2134 omnino
2795 2080 2986 2132 falsum
3027 2095 3148 2133 esse
3189 2089 3436 2145 constet,
3468 2081 3627 2145 major
3661 2085 3752 2138 erit

2211 2167 2390 2219 error,
2422 2155 2464 2207 si
2503 2153 2617 2205 hinc
2664 2160 2784 2219 post
2821 2149 3105 2204 Decianam
3133 2151 3567 2219 persecutionem
3593 2156 3752 2207 couti—

2212 2218 2756 2290 gisse’existimavit.
2815 2221 2879 2274 8°
2916 2220 3175 2289 Origenes
3234 2218 3378 2274 forte
3432 2221 3612 2287 viginti
3645 2235 3756 2277 octo

2213 2292 2488 2362 mensibus
2507 2291 2629 2362 Tyri
2652 2308 2753 2362 non
2780 2300 3144 2362 commoratus
3164 2299 3276 2350 est,
3301 2299 3356 2343 et
3379 2299 3548 2343 tamen
3575 2292 3617 2362 si
3641 2294 3758 2348 fides

2211 2373 2294 2416 est
2330 2360 2627 2430 Epiphanio
2655 2361 2748 2414 lib.
2778 2360 2852 2413 De
2877 2366 3038 2428 ponit.
3071 2372 3116 2412 et
3152 2376 3346 2421 mens.,
3394 2375 3511 2427 pag.
3543 2361 3656 2424 175,
3697 2364 3758 2416 ab

2210 2433 2326 2494 ejus
2358 2433 2690 2487 Alexandria
2744 2432 2985 2486 discessu
3017 2441 3069 2484 et
3101 2440 3391 2498 postquam
3441 2431 3754 2498 aliquantum

2214 2507 2467 2570 temporis
2497 2504 2837 2568 consumpsit
2859 2499 3213 2569 Jerosolymis
3241 2512 3303 2554 et
3359 2499 3631 2562 Caesareis,
3685 2506 3745 2556 vi-

2211 2573 2345 2638 ginti
2379 2582 2501 2626 octo
2531 2572 2687 2626 annis
2734 2573 2784 2625 in
2811 2585 3025 2625 secessu
3058 2570 3222 2642 Tyrio
3273 2571 3754 2642 sacrteScripturai

2210 2659 2430 2709 operam
2471 2643 2636 2697 dedit.
2681 2643 2944 2695 Praeterea
2979 2638 3118 2708 quis'
3145 2638 3290 2709 fe_rat
3323 2638 3662 2709 Epiphaniam
3686 2643 3757 2695 di-

2212 2697 2421 2766 centem
2446 2713 2604 2766 Decio
2625 2713 2946 2781 imperatore
2965 2697 3308 2765 Alexandria:
3328 2697 3567 2766 noritisse
3581 2709 3754 2781 Orige-

2213 2799 2354 2844 nem,
2374 2799 2496 2836 cum
2507 2782 2615 2850 jam
2635 2784 2933 2852 imperante
2947 2781 3188 2852 Septimo
3201 2782 3431 2842 Severo.
3449 2795 3480 2834 ι.
3497 2782 3602 2836 fere
3617 2782 3758 2838 antiis

2209 2863 2337 2905 ante
2363 2851 2581 2909 Decium
2600 2895 2616 2920 ,
2655 2851 2845 2921 magna
2877 2851 3044 2916 fuerit
3075 2851 3334 2920 Origenis
3371 2852 3648 2907 celebritas
3672 2892 3687 2916 ,
3708 2863 3756 2909 et

2207 2923 2395 2991 viginti
2436 2933 2560 2978 ante
2600 2924 2815 2979 Decium
2881 2924 3038 2976 annis
3087 2921 3456 2992 Alexandria,
3502 2938 3753 2992 nunquam

2212 2993 2336 3046 illuc
2374 3007 2721 3058 reversurus,
2751 2991 3121 3047 excessisset?
3151 2991 3312 3056 Quod
3361 2994 3404 3046 si
3436 3006 3532 3061 pro
3572 2991 3754 3045 Severo

2210 3063 2413 3118 dixeris
2453 3064 2778 3133 imprudenti
2835 3065 3112 3130 irrepsisse
3160 3061 3420 3125 Decium,
3463 3078 3557 3133 cur
3598 3064 3754 3116 adhuc

2212 3132 2540 3203 Epiphanius
2568 3133 2662 3189 lib.
2699 3133 2775 3189 De
2801 3135 2962 3202 pond.
2995 3144 3043 3187 et
3076 3148 3236 3203 mens.
3257 3172 3273 3195 ,
3327 3149 3450 3203 pag.
3484 3132 3612 3199 174,
3639 3135 3756 3186 θυι-ιε

2210 3202 2322 3272 ρδίι
2365 3204 2652 3271 Origenem
2699 3205 2764 3258 ab
2811 3205 3152 3270 imperatoris
3189 3202 3340 3255 Decii
3387 3202 3656 3270 tempore,
3695 3204 3754 3258 ad

2207 3275 2415 3330 Gallum
2446 3286 2500 3328 et
2533 3273 2901 3339 Volusianum,
2947 3283 3006 3327 et
3037 3273 3173 3326 ultra
3220 3272 3516 3326 ﬂoruisse?
3545 3272 3639 3329 Ubi
3668 3275 3754 3327 duo

2208 3345 2325 3412 plex
2365 3360 2540 3412 error,
2577 3361 2698 3398 cum
2735 3343 2926 3397 Decius
2953 3358 3050 3410 pro
3090 3342 3294 3412 Severo
3329 3345 3542 3411 ponitur
3571 3357 3621 3397 et
3652 3346 3755 3397 Uri-

2207 3411 2360 3483 genis
2391 3431 2538 3469 mors
2583 3419 2720 3467 ultra
2753 3416 3038 3480 imperium
3071 3411 3211 3468 Galli
3255 3425 3312 3467 et
3347 3415 3608 3467 Volusiani
3644 3417 3754 3482 I'cjl-

2206 3488 2366 3540 citur.
2401 3485 2542 3555 Ergo
2575 3500 2682 3552 quo
2707 3485 2882 3538 serius
2909 3484 3188 3555 diﬂ'eretur
3217 3484 3470 3554 Origenis
3497 3486 3670 3553 lapsus
3693 3487 3755 3538 ad

2209 3555 2438 3609 Deciana
2468 3554 2728 3623 tempora,
2770 3571 2834 3608 eo
2863 3554 3061 3620 majora
3100 3564 3392 3622 suppetent
3431 3569 3746 3623 argumenta,

2205 3624 2399 3690 quibus
2435 3627 2656 3680 evidens
2693 3628 2781 3678 fiet
2829 3625 2984 3692 plane
3026 3625 3209 3677 rudem
3239 3633 3296 3677 et
3329 3625 3677 3695 peregrinum
3705 3626 3753 3676 in

2207 3695 2456 3764 Origenis
2491 3696 2596 3748 vita
2627 3697 2796 3748 fuisse
2828 3695 3204 3763 Epiphanium.
3238 3695 3298 3748 9°
3325 3694 3515 3748 Mirum
3551 3709 3648 3748 non
3681 3705 3758 3748 est

2205 3767 2247 3817 si
2280 3765 2546 3834 ejusmodi
2589 3766 2826 3820 fabulam
2871 3766 3068 3818 veteris
3119 3765 3406 3833 scriptoris
3449 3766 3756 3819 auctoritate

2204 3838 2384 3888 nixam
2431 3847 2617 3904 postea
2667 3837 2996 3904 reliquorum
3041 3834 3356 3889 GNBCOI‘UIII
3395 3835 3756 3905 vulgusrnullo

2204 3906 2454 3960 examine
2482 3907 2728 3974 arripuit.
2752 3909 2910 3960 Certe
2935 3906 3076 3958 illius
3100 3906 3302 3958 mentio
3335 3906 3397 3960 fit
3417 3904 3549 3975 apud
3572 3904 3753 3958 Neme-

2204 3976 2367 4039 sinm,
2413 3980 2506 4030 sed
2546 3977 2728 4044 procul
2764 3976 2926 4030 dubio
2971 3993 3085 4028 eam
3119 3977 3170 4028 ιιι
3217 3975 3515 4044 Epiphanio
3545 3975 3750 4041 legerat.

2205 4044 2319 4114 μειϐ
2369 4047 2505 4100 adde
2555 4047 2695 4114 quod
2746 4045 3024 4100 Neniesi'ns
3052 4044 3234 4110 exigui
3276 4048 3562 4100 admodum
3591 4052 3670 4099 est
3700 4047 3752 4104 in

2203 4113 2441 4170 Ecclesia
2488 4113 2777 4186 ponderis,
2827 4125 2881 4168 et
2927 4120 2992 4170 de
3043 4124 3284 4183 tempore
3325 4131 3438 4184 quo
3468 4115 3756 4186 vixitrnibil

2203 4188 2338 4240 certi
2380 4187 2484 4240 huc
2513 4203 2680 4255 usque
2719 4198 3051 4256 compertum
3085 4196 3187 4241 est.
3223 4185 3300 4256 (a)
3341 4187 3576 4255 Scripsit
3600 4185 3756 4240 Justi-

2203 4260 2398 4311 nianus
2434 4257 2591 4310 idolis
2638 4258 2976 4311 sacrificasse
3022 4258 3309 4324 Origencm
3345 4257 3566 4310 Christo
3607 4257 3756 4310 abne-

2204 4340 2348 4396 gato,
2378 4328 2536 4396 idque
2567 4327 2722 4380 fateri
2760 4330 3006 4396 proprios
3032 4327 3144 4393 ejus
3191 4337 3540 4380 sectatores:
3573 4339 3625 4379 at
3669 4343 3755 4380 au-

2203 4399 2431 4451 ctoritas
2467 4397 2757 4451 Justiniani
2780 4435 2795 4460 ,
2825 4397 2952 4451 licet
2978 4401 3134 4450 aliter
3163 4399 3365 4450 sentiat
3406 4397 3641 4458 Iluetius,
3671 4413 3757 4466 pa-

2208 4483 2324 4520 rum
2373 4469 2514 4521 valet
2562 4471 2627 4520 ad
2674 4466 2937 4536 ejusmodi
2992 4469 3270 4521 historiam
3317 4471 3751 4520 continuandam.

543 4518 599 4590 in
619 4518 900 4607 Origenis‘
923 4518 1137 4605 satis
1152 4518 1374 4607 usque
1396 4518 1915 4602 Etu'ceTti—oiifiiiia's,
1939 4518 2096 4593 ait}
2132 4518 2174 4572 θ
2207 4518 2482 4591 Leana;
2501 4518 2841 4606 isyz'....1:.*.;;
2859 4518 3088 4593 saeta;
3107 4518 3652 4604 causaecausae
3679 4518 3754 4589 re;

545 4604 847 4678 ltujusntodi
880 4604 1061 4675 flagitii
1097 4623 1218 4661 reus
1246 4604 1454 4674 fuisset,
1482 4620 1631 4662 certo
1656 4610 1912 4663 allirmari
1935 4621 2099 4678 queat

545 4677 783 4729 futurum
815 4675 979 4730 fuisse
1007 4689 1062 4729 ut
1087 4693 1358 4746 nunquam
1387 4695 1451 4732 ex
1484 4680 1626 4731 illius
1658 4681 1915 4733 memoria
1950 4675 2099 4733 caci-

544 4747 716 4800 disset
748 4745 834 4798 ille
860 4747 1047 4814 psalmi
1093 4745 1240 4802 locus
1281 4749 1330 4801 in
1365 4765 1524 4817 quem
1560 4747 1911 4818 Jerosolyniis
1960 4753 2097 4803 inci-

543 4819 702 4889 disse
722 4818 914 4879 fertur,
945 4827 1000 4869 et
1028 4819 1127 4869 sibi
1168 4829 1426 4887 perpetuo
1469 4819 1837 4889 interdixisset
1881 4831 1934 4873 et
1959 4836 2096 4889 prae-

545 4887 814 4940 dicatione
840 4897 894 4938 et
921 4889 1322 4954 Scriptnrarum
1357 4888 1819 4955 interpretatione.
1849 4887 2011 4944 Certe
2044 4893 2096 4944 in

542 4973 606 5010 ea
636 4972 800 5026 quam
823 4957 1106 5009 Ambrosio
1130 4970 1181 5008 et
1225 4957 1534 5012 Protulecto
1559 4959 1704 5010 misit
1722 4963 1863 5013 circa
1899 4977 2097 5016 annum

541 5025 668 5102 255,
699 5025 1086 5102 Επιιυτιαλιὶυιιε
1111 5030 1179 5102 ad
1198 5030 1548 5102 Inartyrium,
1579 5030 1857 5102 pristinam
1889 5032 2100 5102 idolola-

546 5098 661 5150 trite
717 5113 828 5150 suae
861 5099 1076 5162 culpam
1126 5095 1319 5152 deﬂere
1357 5095 1468 5149 'non
1503 5095 1788 5152 omisisset.
1823 5101 1880 5153 6°
1907 5099 2098 5154 Mirum

543 5182 674 5218 sanie
704 5167 962 5232 ejusmodi
990 5167 1199 5219 facinus
1219 5168 1304 5219 uni
1345 5168 1483 5220 inter
1506 5178 1711 5221 veteres
1731 5180 1917 5222 notum
1937 5173 2099 5224 fuisse

547 5235 866 5309 Epiphanio,
892 5239 981 5304 qui
1041 5236 1257 5309 aliunde
1285 5253 1370 5309 res
1401 5252 1520 5305 quae
1548 5241 1616 5309 ad
1657 5237 1907 5309 Origenis
1934 5243 2097 5294 νίιιιιιι

543 5306 834 5368 pertinent,
866 5323 1052 5375 parum
1089 5308 1255 5360 scisse
1296 5308 1528 5362 videtur.
1559 5306 1828 5376 Nusquam
1856 5313 2100 5367 meminit

548 5377 1197 5449 Detinetrianzeaoversus
1231 5393 1352 5449 eum
1387 5380 1774 5444 persecutionis
1800 5420 1815 5442 ,
1874 5395 1970 5433 nec
2009 5395 2100 5449 ge-

546 5444 926 5516 miniesynodi
959 5463 1187 5513 quarum
1241 5448 1411 5499 alti-ra
1459 5449 1654 5501 exsilio
1693 5450 1893 5516 pulsus,
1929 5444 2098 5505 altera

544 5513 866 5588 sacerdotio“
898 5526 950 5567 et
1001 5516 1238 5570 Ecclesia
1293 5516 1388 5577 fuit
1442 5513 1735 5582 abdicatus,
1795 5535 2098 5588 quanquam

544 5583 808 5649 ejusmodi
841 5583 981 5654 facta
1006 5602 1127 5639 sese
1157 5599 1348 5654 sponte
1367 5588 1666 5641 oll'crcbant
1699 5583 1985 5643 inserenda
2034 5590 2090 5642 li-

544 5654 640 5705 bro
673 5668 777 5719 quo
822 5653 1108 5724 Origenem
1165 5670 1418 5724 tanquam
1475 5659 1783 5719 litt-reticuit:
1817 5662 2099 5715 traducere

621 5795 694 5858 tu)
736 5791 934 5845 Contil.
971 5803 1010 5848 t.
1040 5794 1098 5857 Υ,
1127 5812 1178 5867 p.
1206 5795 1326 5859 664.

2205 4608 2474 4662 centiores
2502 4608 2698 4679 Graeci,
2717 4624 2905 4662 omnes
2931 4609 3148 4679 Origeni
3183 4609 3554 4672 inl‘ensissimi,
3586 4619 3752 4673 aperte

2206 4689 2499 4744 sequuntur
2525 4677 2907 4746 Epiphanium.
2935 4677 3051 4733 bed
3081 4679 3197 4747 ejus
3222 4679 3395 4731 errori
3425 4681 3627 4747 pondus
3657 4693 3749 4728 non

2206 4749 2355 4800 addit
2377 4750 2687 4815 sequacium
2713 4766 2992 4812 numerus,
3009 4751 3100 4819 qui
3123 4751 3280 4817 longo
3306 4760 3430 4818 post
3461 4749 3609 4801 illum
3629 4759 3750 4800 tent-

2204 4833 2335 4888 pore
2365 4820 2634 4888 vixerunt.

2273 4886 2386 4957 (55)
2420 4886 2719 4942 Admissum
2749 4889 3054 4944 humanitus
3085 4897 3352 4957 peccatum
3379 4887 3667 4958 tempestiva
3705 4895 3746 4939 et

2205 4959 2406 5011 satubn’
2455 4960 2756 5026 pandentia
2800 4964 3117 5015 emendasse.
3171 4959 3266 5014 ﬂis
3304 4969 3452 5014 certe
3503 4964 3747 5027 repugnat

2206 5030 2346 5096 quod
2378 5030 2456 5100 ait
2480 5030 2594 5100 ipse
2624 5028 2884 5100 Origenes
2914 5031 2966 5084 in
3007 5031 3232 5100 epistola
3263 5031 3331 5084 ad
3373 5029 3575 5084 amicos
3603 5042 3747 5100 quos

2205 5102 2328 5151 dam
2357 5097 2754 5154 Alexandrinos
2791 5101 2947 5170 paulo
2978 5097 3260 5170 postquam
3291 5100 3607 5154 Alexandria
3638 5097 3742 5151 exi-

2207 5169 2342 5241 i_sse_t
2371 5171 2570 5239 scripta
2589 5209 2604 5232 ,
2629 5186 2734 5239 qua
2753 5211 2772 5239 ,
2801 5181 2936 5225 teste
2964 5169 3292 5241 Hieronymo
3348 5173 3441 5226 tib.
3476 5186 3512 5224 tt
3552 5170 3742 5241 adem.

2206 5238 2412 5306 Ruﬁn.,
2442 5238 2776 5294 Demetrium.
2798 5241 3020 5306 lacerat,
3052 5252 3107 5296 et
3141 5238 3192 5295 in
3219 5243 3498 5310 episcopos
3520 5251 3574 5292 et
3601 5239 3744 5310 cleri-

2207 5325 2299 5362 cos
2327 5311 2429 5364 sibi
2473 5311 2726 5366 adversos
2756 5313 3061 5378 invehitur,
3091 5321 3147 5366 et
3178 5309 3379 5366 frustra
3406 5309 3478 5366 ab
3503 5309 3743 5378 Ecclesiis

2207 5382 2731 5452 exi-ommunicatum
2777 5397 2899 5436 esse
2935 5397 2994 5436 se
3026 5377 3174 5436 dicit.
3217 5381 3495 5452 Repugnal
3527 5391 3579 5434 et
3613 5377 3740 5448 quod

2207 5452 2280 5501 ait
2308 5452 2362 5503 in
2394 5449 2717 5518 Pra'fatt'one
2762 5462 2889 5507 tona
2925 5454 2986 5506 Vl
3019 5457 3074 5506 in
3111 5449 3400 5519 Joannem,
3443 5467 3600 5519 quem
3645 5460 3742 5502 non

2208 5519 2375 5579 multo
2417 5531 2536 5590 post
2578 5536 2741 5590 quam
2784 5525 3108 5579 Alexandria
3140 5523 3440 5578 Caesaream
3487 5520 3740 5589 migravit,

2207 5594 2384 5662 denuo
2433 5606 2658 5646 exorsus
2695 5602 2811 5659 est,
2855 5612 2919 5649 eo
2962 5597 3104 5662 quod
3139 5596 3370 5662 priorem
3411 5595 3740 5662 scriptione“!

2205 5659 2532 5717 Alexandria
2563 5662 2846 5722 discedens
2873 5659 3054 5722 secum
3091 5659 3194 5721 non
3227 5659 3568 5735 asportasset.
3607 5660 3741 5722 Jam,
