4020 6306
258 316 358 371 665

1307 312 1878 370 ontcENtANoauu
1920 290 2044 370 LIB.
2088 315 2125 380 ι,
2164 314 2314 368 car.
2356 313 2421 370 ll.

3379 313 3488 367 1166

260 438 324 487 lia
365 432 723 498 emendasse;
758 446 856 487 nec
901 432 1044 487 Petri
1080 432 1283 500 lapsum
1318 431 1653 487 solummodo
1676 473 1692 495 ,
1725 433 1817 486 sed
1851 443 1893 495 Α
1923 431 2187 487 dubitavit
2226 430 2490 485 Baronius
2531 469 2546 493 ,
2574 429 2639 482 ad
2668 444 2754 480 an.
2790 429 2929 493 253,
2968 444 3115 482 num.
3170 428 3271 482 118
3295 470 3309 492 ,
3341 424 3493 495 cujus

261 524 522 593 lacrymas
547 525 717 578 etiam
743 540 807 578 ac
831 524 1067 578 dolorem
1094 531 1532 590 reprresentasse.
1553 522 1821 589 Quemad-

260 614 474 668 modum
501 625 679 669 autem
709 614 927 685 Origeni
954 615 1018 668 ad
1045 613 1345 681 hujusmodi
1395 613 1657 683 ﬂagitium
1685 631 1822 683 prte-

260 709 353 762 ivit
381 708 599 772 Petrus,
619 710 689 763 ita
713 708 1018 763 Marcellino
1042 722 1189 778 papa:
1216 716 1484 776 uterque:
1507 709 1650 764 hunc
1675 711 1820 764 enim

259 799 514 869 templum
556 798 728 855 Vestae
778 814 900 853 cum
954 798 1284 854 Diocletiano
1338 799 1640 870 ingressum
1697 800 1822 856 thus

254 892 519 947 obtulisse
538 892 654 961 ejus
676 895 891 948 nomine
910 893 1169 961 inscripta
1188 896 1320 947 Acta
1349 904 1636 948 testantur.
1668 894 1820 959 Quod

258 984 443 1038 lletnm
473 995 646 1039 tamen
675 995 728 1039 et
775 985 970 1039 falsum
1016 1000 1138 1039 esse
1183 987 1461 1040 contendit
1490 986 1824 1055 Augustinus

256 1078 507 1131 adversus
549 1077 867 1131 l’etilianum
904 1062 1235 1133 Donatist‘am
1272 1076 1408 1145 (56).
1452 1077 1519 1131 Et
1551 1090 1608 1132 ut
1637 1093 1819 1132 verum

257 1170 361 1234 sit,
415 1170 556 1222 hunc
598 1170 854 1238 martyrio
901 1169 1064 1238 paulo
1098 1179 1221 1237 post
1261 1184 1469 1223 summa
1520 1169 1822 1224 constantia

258 1269 509 1328 suscepto
537 1259 713 1314 scelus
743 1274 1027 1327 reparasse
1051 1270 1255 1317 certum
1283 1268 1383 1315 est.
1411 1259 1547 1313 Tam
1583 1260 1824 1314 luculen-

260 1352 326 1406 tis
352 1362 533 1405 autem
560 1352 727 1420 signis
750 1352 1118 1420 paenitentiam
1148 1368 1302 1407 suam
1324 1352 1585 1422 Origenes
1616 1351 1826 1420 publice

261 1452 493 1498 testatus
519 1452 624 1507 est,
649 1453 703 1496 ut
730 1443 796 1496 ab
822 1443 1015 1497 otiosis
1043 1442 1269 1498 subinde
1295 1443 1604 1498 hominibus
1626 1458 1824 1512 suppo-

257 1536 395 1591 situs
443 1535 605 1589 fuerit
647 1536 784 1591 liber
814 1535 887 1591 De
920 1537 1225 1605 panitentia
1257 1535 1506 1605 Origenis
1530 1576 1545 1599 ,
1580 1552 1738 1605 quem
1772 1536 1823 1590 in

260 1628 692 1696 apocryphorum
733 1642 953 1683 censum
998 1627 1249 1682 Gelasius
1290 1642 1427 1696 papa
1468 1628 1655 1693 retulit
1689 1626 1821 1699 (57).

260 1720 313 1774 ls
344 1729 525 1773 tamen
576 1717 713 1773 liber
737 1719 802 1773 ad
835 1734 993 1789 quem
1022 1718 1286 1787 pertineat
1315 1716 1565 1788 Origenis
1592 1717 1823 1787 lapsura,

1924 519 2066 577 enim
2097 537 2217 577 sese
2240 521 2489 577 criminis
2519 534 2666 573 reum
2697 519 2795 573 hoc
2822 520 2960 575 libro
2982 521 3189 589 peragit
3211 521 3492 574 Adaman-

1927 617 2054 681 tius,
2093 616 2181 670 vix
2212 616 2279 669 ad
2329 630 2447 669 eam
2494 629 2653 685 quam
2686 624 2980 669 tractamus
3015 612 3295 683 Epiphanii
3329 612 3492 666 histu-

1926 706 2060 761 riam
2107 715 2285 775 potest
2323 706 2740 761 accommodari.
2770 706 2848 758 Ac
2889 704 3017 759 illud
3049 704 3312 774 praecipue
3340 701 3490 773 ﬂagi—

1927 799 2058 853 tium
2093 814 2275 854 causa:
2306 798 2473 853 fuisse
2505 799 2778 863 existimo,
2808 796 3158 866 quamobrem
3184 796 3489 851 sacerdotio

1923 902 1978 946 et
2004 891 2241 947 Ecclesia
2268 891 2544 946 abdicatus
2572 891 2751 957 fuerit,
2780 905 2844 944 ea
2886 889 3150 958 siquidem
3194 902 3352 958 pcena
3399 888 3491 942 de-

1924 984 2050 1040 licto
2104 984 2409 1055 huiusmodi
2474 985 2786 1053 apostolicis
2840 984 3141 1038 canonibus
3201 984 3489 1051 irrogatur.

1924 1075 2031 1131 Nec
2063 1077 2256 1130 mirum
2294 1078 2363 1130 ab
2395 1076 2515 1131 aliis
2556 1077 2729 1146 ipsum
2773 1074 3020 1130 ecclesiis
3057 1073 3289 1142 benigne
3330 1072 3494 1126 fuisse

1926 1178 2231 1238 susceptura
2260 1186 2273 1222 :
2302 1168 2411 1240 (58)
2451 1179 2650 1237 quanta
2679 1167 2819 1221 enim
2856 1167 3184 1233 indulgentia
3213 1175 3267 1219 et
3311 1165 3491 1220 chari-

1926 1271 2038 1314 tate
2063 1260 2450 1314 adhiberentur
2474 1260 2601 1315 olim
2624 1259 2941 1322 Christiani,
2965 1260 3054 1328 qui
3082 1268 3202 1327 post
3222 1258 3492 1325 ejnratum
3531 1314 3534 1317 ,

1926 1349 2238 1403 inﬁrmitate
2281 1349 2443 1404 animi
2484 1364 2549 1403 ac
2595 1350 2817 1403 mollitie
2854 1349 3127 1403 Christum
3178 1346 3493 1418 paenitentia

1926 1439 2069 1492 ducti
2098 1443 2163 1493 ad
2206 1440 2485 1495 meliorem
2521 1450 2753 1493 mentem
2788 1447 3255 1504 converterentur,
3284 1438 3494 1492 discere

1926 1529 2050 1584 licet
2073 1529 2182 1600 (59)
2209 1546 2275 1585 ex
2299 1531 2523 1600 epistola
2550 1531 2788 1601 Dionysii
2809 1529 3155 1583 Alexandrini
3180 1531 3243 1583 ad
3269 1526 3491 1582 Fabium

1928 1624 2235 1693 episc0pum
2257 1625 2671 1688 Antiochenam,
2691 1634 2875 1678 contra
2896 1623 3179 1678 Novatum.
3207 1623 3318 1694 (60)
3341 1622 3492 1689 Quod

1929 1716 1972 1770 si
1998 1716 2227 1786 suscepti
2257 1724 2462 1770 tantum
2493 1719 2560 1772 ab
2595 1716 2853 1787 episcopo
2882 1733 2988 1772 non
3032 1734 3131 1774 suo
3167 1716 3491 1788 presbyterii

263 1901 460 1967 inquit,
492 1902 559 1954 ad
590 1902 826 1971 quintum
850 1919 1007 1970 usque
1046 1912 1260 1967 tomum,
1288 1904 1520 1970 quamvis
1549 1902 1818 1958 adversari
1851 1894 1890 1947 Β
1924 1911 2093 1958 tentes
2144 1901 2523 1957 reconciliare.
2585 1900 2913 1971 Martyribns
2964 1917 3090 1956 vero
3155 1903 3491 1960 intercedere

264 1971 413 2027 nobis
458 1973 715 2024 videretur
756 1974 1085 2026 Alexandria:
1126 1973 1348 2039 procella
1375 2010 1392 2035 ,
1440 1988 1557 2041 qua:
1586 1989 1825 2027 concessa

264 2041 435 2109 fuere,
463 2042 623 2093 locuti
646 2058 845 2108 sumus,
883 2041 1010 2095 Jesu
1040 2044 1334 2110 increpante
1375 2054 1547 2095 ventos
1582 2051 1628 2094 et
1661 2045 1827 2098 undas

265 2112 452 2163 maris.
488 2110 569 2164 Ea:
588 2111 682 2164 hoc
716 2127 837 2164 casu
862 2114 1142 2180 progressi,
1168 2129 1233 2165 ea;
1254 2110 1483 2180 zEgypto
1516 2111 1622 2164 Deo
1640 2128 1730 2165 nas
1760 2116 1827 2166 li-

267 2181 501 2247 berante,
523 2181 611 2250 qui
640 2183 821 2233 eduxit
853 2182 1097 2249 populum
1120 2198 1269 2235 suum
1299 2198 1362 2233 ea:
1386 2198 1446 2234 ea
1465 2198 1483 2234 :
1514 2182 1699 2235 deinde
1726 2185 1829 2236 ini-

270 2252 406 2303 mico
442 2249 751 2320 (Demetrio)
785 2252 1029 2304 adversus
1066 2267 1157 2304 nos
1194 2253 1520 2320 acerbissime
1567 2263 1829 2319 pugnante

267 2334 363 2385 per
398 2337 523 2374 suas
571 2319 738 2373 novas
777 2321 995 2382 litteras,
1035 2337 1205 2373 revera
1243 2319 1523 2387 Evangelia
1568 2322 1825 2386 inimicas,

269 2405 545 2458 omnesque
583 2388 801 2458 {Egypti
846 2399 1013 2444 ventos
1060 2391 1303 2443 adversus
1353 2406 1446 2443 nos
1513 2393 1826 2456 concitante,

266 2467 412 2512 stare
445 2476 526 2513 me
565 2463 730 2526 magis
769 2460 1148 2513 adhortabatur
1184 2460 1319 2511 ratio
1363 2460 1432 2512 ad
1478 2472 1756 2527 certamen,
1782 2475 1828 2517 et

268 2544 476 2598 servare
498 2531 981 2597 praestantissimum
1007 2531 1103 2582 mei
1123 2542 1341 2597 partem,
1359 2546 1518 2597 quam
1538 2532 1830 2598 importune

269 2597 584 2669 conjungere
612 2610 889 2654 restantem
917 2598 1262 2669 Scripturam,
1300 2610 1577 2666 antequam
1613 2597 1829 2657 rationis

267 2668 539 2722 discursus
580 2671 1009 2737 tranquillitatem
1036 2668 1305 2734 reciperet,
1342 2686 1402 2721 ne
1454 2670 1586 2737 forte
1630 2674 1830 2738 cogita—

268 2739 438 2791 tiones
476 2754 651 2801 pravo!
696 2741 1063 2793 inualescerent
1106 2741 1160 2791 in
1202 2739 1432 2791 animam
1472 2741 1628 2791 etiam
1666 2757 1831 2795 meam

268 2808 556 2875 procellam
586 2808 831 2863 inducere
852 2849 864 2862 .
884 2851 898 2863 .
918 2846 934 2861 .
962 2848 975 2861 .
1010 2806 1167 2861 Nunc
1193 2826 1307 2861 vero
1332 2810 1539 2876 quando
1559 2811 1828 2864 adversum

268 2894 365 2930 nos
404 2878 581 2946 ignitis
611 2880 816 2947 sagittce
860 2879 1035 2931 multa:
1074 2894 1218 2931 vante
1259 2878 1467 2946 fuerunt
1518 2879 1694 2947 factm,
1727 2880 1831 2934 Deo

265 2948 391 3019 illas
419 2949 790 3016 exstinguente,
820 2958 868 3003 et
914 2959 1121 3001 assueta
1154 2950 1328 3001 anima
1363 2961 1537 3001 nostra
1569 2950 1649 3001 his
1670 2991 1684 3015 ,
1716 2966 1832 3019 quae

265 3017 490 3071 caelestis
515 3020 766 3071 sermonis
804 3034 963 3071 causa
992 3020 1310 3086 contingunt,
1356 3020 1491 3087 ferre
1521 3017 1833 3087 cogittur‘fa-

264 3089 424 3140 cilius
473 3088 638 3156 [actas
671 3089 923 3149 insidias,
964 3088 1118 3141 veluti
1169 3087 1491 3157 aliquantum
1542 3090 1831 3143 serenitatis

267 3160 434 3220 nacti,
464 3172 565 3227 non
612 3159 832 3224 amplius
882 3158 1173 3226 di/ferentes
1220 3159 1418 3213 dictare
1444 3157 1675 3211 volumus
1719 3175 1834 3227 qua:

268 3238 493 3285 restant,
525 3226 687 3279 Deum
713 3230 1013 3295 magistrum
1040 3232 1094 3279 in
1139 3228 1326 3279 animm
1351 3239 1539 3280 nostrce
1567 3228 1721 3296 adyto
1748 3246 1833 3297 pe-

268 3298 465 3350 netrali
492 3297 815 3349 insonantem
836 3299 1013 3350 adesse
1042 3305 1329 3361 precantes.
1358 3308 1412 3349 ut
1436 3298 1592 3363 ﬁdem
1614 3300 1837 3366 accipiat

268 3378 541 3419 structura
570 3368 918 3423 enarrationis
945 3366 1212 3434 Evangelii
1241 3370 1527 3420 secundum
1554 3367 1836 3424 Joannem.

276 3438 341 3490 Si
369 3438 510 3489 enim
536 3437 846 3490 idololatria:
875 3452 997 3489 reus
1025 3437 1213 3490 luisset
1235 3437 1495 3504 Origenes
1521 3455 1532 3489 :
1559 3440 1599 3488 si
1631 3439 1699 3490 ob
1720 3454 1837 3491 eam

273 3521 498 3560 causam
542 3509 731 3559 luisset
767 3505 1016 3560 Demetrii
1062 3507 1525 3574 cumplurimnquc
1558 3508 1838 3575 episcopo-

274 3592 402 3627 rum
432 3575 635 3640 jutlicio
667 3576 737 3629 ab
772 3576 1015 3629 Ecclesia.
1037 3577 1446 3643 sacerdotioque
1489 3576 1763 3643 dejectns;
1795 3579 1838 3632 si

270 3646 506 3719 denique
535 3655 799 3712 paenitens
824 3684 839 3709 ,
871 3645 1108 3719 nunquid
1139 3647 1214 3699 ita
1255 3646 1459 3699 locutus
1487 3644 1719 3719 fuisset?
1745 3645 1836 3702 Ju-

275 3716 428 3769 tlicet
455 3732 637 3783 arquos
672 3731 847 3769 rerum
876 3717 1195 3768 aestimator.

350 3784 463 3855 (56)
489 3782 801 3855 Augustin,
838 3785 913 3837 De
948 3786 1088 3855 unic.
1118 3784 1383 3850 baptism,
1418 3782 1659 3855 capclﬁ.

352 3852 462 3924 (57)
489 3854 691 3917 σθω...
725 3856 780 3908 in
814 3871 957 3907 conc.
993 3852 1140 3906 Rom.
1174 3870 1203 3906 κ
1226 3893 1242 3918 ,
1276 3865 1408 3922 part.
1452 3871 1491 3917 I,
1527 3854 1648 3907 dist.
1689 3856 1768 3910 15.

350 3926 462 3995 (58)
494 3927 701 3989 Quanta
742 3927 876 3977 enim
906 3924 1230 3993 indulgentia
1258 3935 1303 3977 et
1339 3925 1594 3976 charitute
1626 3926 1840 3978 adhibe-

275 4009 463 4048 rentur
483 3997 603 4047 olim
639 3994 947 4055 Christiani,
978 3997 1135 4063 qui...
1164 3996 1361 4046 discere
1388 3995 1499 4047 licet
1535 4009 1599 4046 ex
1624 3997 1840 4059 epistula

276 4066 541 4132 Dionysii,
570 4076 675 4117 etc.
716 4065 837 4118 Haec
876 4074 1001 4116 sunt
1032 4066 1261 4133 Dionysii
1300 4068 1458 4133 verba
1497 4081 1509 4116 :
1547 4064 1708 4115 Αὐτοὶ
1736 4065 1843 4118 τοί-

275 4153 373 4190 νυν
402 4136 450 4186 οἱ
486 4134 618 4186 θεῖοι
642 4135 911 4205 μάρτυρες
939 4135 1066 4205 παρ’
1097 4132 1321 4205 ήμίνιοὶ
1357 4132 1450 4185 νῦν
1476 4134 1570 4205 τοῦ
1605 4134 1840 4204 Χριστοῦ

278 4205 535 4275 πάρεδροι
687 4203 783 4275 τῆς
814 4203 1082 4275 βασιλςίας
1108 4204 1271 4256 αὑτοῦ
1295 4203 1535 4275 κοινωνοί
1553 4221 1565 4233 °
1594 4203 1684 4258 καὶ
1710 4206 1841 4272 μέτ-

275 4272 389 4357 οχοι
424 4272 523 4345 τῆς
560 4272 801 4357 κρίσεώς,
829 4272 1148 4357 abstraham}
1194 4273 1597 4357 συνδικαζοντξς
1659 4275 1835 4357 αὐτῇ·

277 4343 385 4400 τῶν
396 4343 912 4417 πᾼαραῖγεπτωκρτων
939 4343 1179 4417 ἀδελφῶν
1195 4362 1370 4417 λτινας,
1395 4345 1709 4417 ὑπευθύνοις
1732 4343 1843 4408 τοῖς

280 4417 386 4469 τῶν
428 4414 628 4471 Θ,ῡσιῶν
673 4415 979 4484 ὲγκλῂμασι
1012 4414 1362 4483 γενομένους,
1410 4415 1803 4484 προσελάϐοντο
1825 4432 1838 4444 ο

283 4487 371 4570 mi:
401 4485 498 4554 τὴν
527 4484 855 4570 ἐπιστροφὴν
884 4484 975 4536 καὶ
998 4485 1279 4570 pater/054v
1312 4485 1489 4570 αὐξῶν
1526 4484 1738 4570 tam-.59,
1760 4486 1842 4570 ὅξ-

282 4557 415 4637 ξιὶτήν
440 4553 497 4637 es
528 4553 780 4637 γενέσθαι
811 4553 1117 4633 δυναμένην
1147 4554 1224 4637 τεί)
1244 4553 1339 4637 Qui]
1380 4554 1681 4637 ﬁoplopévr’u
1714 4555 1843 4608 καθ-

278 4624 398 4679 όλοο
438 4625 527 4677 τὸν
560 4626 785 4680 θάνατον
822 4625 913 4677 τοῦ
953 4624 1271 4694 ἀμαρτωλοῦ
1303 4625 1375 4685 ὡς
1403 4625 1501 4694 τὴν
1533 4624 1835 4694 μετάνοιαν,

278 4696 691 4764 δοκιμάσαντες,
741 4694 1072 4765 εἰσεδέξαντο
1120 4697 1212 4747 καὶ
1266 4695 1565 4765 συνήγαγον
1589 4696 1683 4749 καὶ
1716 4713 1841 4748 συν-

282 4763 511 4836 έστησαν
531 4782 543 4794 ·
581 4765 673 4819 καὶ
699 4763 1010 4836 προσευχῶν
1038 4766 1219 4828 αὐτοῖς
1239 4766 1331 4817 καὶ
1366 4763 1659 4819 ἑστιάσεων
1693 4769 1837 4818 ἐκοι-

281 4834 543 4906 νώνησαν.
580 4834 771 4906 Eadem
811 4836 1042 4906 Dionysii
1086 4841 1247 4889 verba
1286 4836 1464 4906 refert
1504 4837 1840 4904 Nicephorus

283 4905 460 4972 cap.’4
483 4944 497 4967 ,
524 4921 641 4972 qua:
669 4905 880 4975 Langus
928 4905 1003 4975 ita
1041 4907 1199 4958 vertit
1223 4924 1236 4959 :
1274 4905 1559 4973 Explorata
1586 4907 1839 4972 patientia

282 4986 433 5043 atque
463 4972 825 5042 comprobata]
858 4978 913 5028 in
949 4972 1240 5028 Ecclesium
1285 4972 1372 5028 eos
1415 4977 1761 5040 admiserunt,
1790 4985 1839 5029 et

282 5052 345 5095 ad
388 5045 526 5098 hunc
555 5045 764 5096 modum
800 5046 1011 5110 receptis
1048 5046 1216 5097 locum
1242 5061 1394 5097 suum
1425 5046 1698 5097 dederant.
1736 5046 1838 5098 Eu-

285 5114 401 5167 dem
444 5118 601 5167 modo
632 5114 1149 5182 Christophorsonus
1195 5116 1572 5182 interpretatus
1597 5127 1718 5168 est:
1746 5114 1838 5168 lie-

285 5185 478 5247 eipiunt
509 5185 561 5236 in
598 5182 905 5247 Ecclesium,
945 5197 1222 5238 conventus
1265 5200 1381 5235 cum
1417 5183 1521 5237 illis
1549 5186 1834 5250 celebrant,

286 5252 459 5305 ineunt
489 5254 808 5316 societatem,
844 5263 946 5305 etc.
970 5255 1169 5307 Eodem
1199 5255 1355 5312 etiam
1385 5268 1544 5309 sensu
1572 5255 1684 5308 hare
1715 5255 1833 5308 Dio-

286 5323 426 5391 nysii
458 5324 618 5375 verba
647 5324 942 5390 intelligere
974 5326 1060 5377 hic
1094 5325 1300 5376 videtur
1331 5322 1576 5377 Huetius.
1606 5322 1709 5378 Sed
1738 5325 1836 5378 ali-

286 5390 365 5444 ter
390 5390 654 5445 Valesius.
694 5411 712 5442 ι
757 5393 902 5446 llanc
935 5395 1429 5460 interpretationem
1466 5394 1695 5462 probare
1726 5412 1830 5449 non

283 5476 500 5527 possum
530 5499 545 5522 ,
583 5462 751 5527 inquit
786 5462 902 5514 Not.
942 5462 991 5515 in
1024 5461 1115 5517 lib.
1148 5477 1193 5514 vt
1225 5462 1565 5517 Hist.eccles.
1596 5464 1833 5527 Eusebii,

286 5546 404 5598 pag.
437 5531 560 5583 152.
595 5532 872 5602 Quomodo
897 5532 1038 5602 enim
1074 5546 1340 5600 martyres
1378 5536 1468 5602 qui
1516 5536 1567 5587 in
1615 5550 1833 5590 carcere

289 5603 601 5654 tenebantur
629 5600 871 5665 astricti,
928 5601 1103 5667 lapsos
1137 5602 1187 5653 in
1229 5600 1520 5657 Ecclesium
1550 5605 1833 5659 admittere

290 5670 575 5737 poterant?
604 5671 752 5723 Adde
780 5672 918 5738 quod
950 5686 1057 5723 non
1086 5671 1134 5724 id
1161 5670 1300 5738 juris
1324 5677 1663 5740 competebat
1692 5692 1830 5728 inar-

293 5740 516 5809 tyribus,
546 5742 640 5795 sed
663 5740 760 5794 soli
790 5740 1059 5811 episcopo,
1084 5743 1232 5810 cujus
1261 5743 1489 5798 alliciunt
1520 5755 1637 5799 erat
1661 5752 1831 5816 νωιιί-

1924 3646 2118 3709 ΔΙωιιιν.
2147 3646 2556 3703 Vide—canones
2586 3648 2645 3700 11
2672 3686 2688 3711 ,
2730 3647 2796 3699 12
2824 3659 2879 3699 et
2919 3646 2985 3700 l5
3024 3649 3234 3700 concilii

1936 1983 2139 2027 tantum
2174 1989 2270 2037 pro
2296 1972 2480 2039 lapsis,
2513 1981 2564 2023 et
2606 1973 3071 2025 connnendutitias
3115 1972 3324 2027 litteras
3358 1979 3496 2029 scri—

1935 2042 2059 2097 bere
2092 2042 2304 2097 licebat.
2324 2044 2556 2111 Apparet
2580 2041 2741 2110 igitnr
2763 2042 2843 2111 ita
2860 2043 3172 2096 vertendum
3203 2058 3321 2098 esse
3353 2046 3493 2102 hunc

1938 2111 2170 2183 Dionysii
2190 2109 2384 2183 locum'
2407 2109 2462 2165 ut
2490 2109 2746 2163 vertimus
2771 2128 2783 2163 :
2808 2109 3068 2183 Ca'terum
3090 2116 3141 2165 hi
3166 2114 3327 2166 divini
3346 2132 3491 2167 mar-

1936 2180 2085 2252 tyres'
2109 2182 2197 2249 qui
2224 2197 2362 2252 nunc
2391 2197 2674 2234 assessores
2699 2191 2819 2233 sunt
2845 2180 3063 2246 Christi,
3090 2193 3139 2235 et
3168 2185 3308 2251 regni
3349 2185 3491 2240 illius

1936 2251 2220 2315 consortes,
2252 2268 2315 2303 ac
2336 2251 2528 2321 judicii
2560 2252 2836 2318 participes
2866 2267 2971 2303 una
3002 2269 3117 2304 cum
3144 2254 3252 2318 ipso
3275 2255 3490 2321 judica-

1936 2322 2042 2392 turi
2065 2337 2083 2374 :
2110 2323 2234 2374 dum
2273 2321 2365 2392 hic
2384 2320 2525 2389 apud
2556 2336 2647 2392 nos
2699 2331 2883 2384 essent,
2916 2322 3166 2389 quosdam
3191 2339 3217 2375 e
3240 2320 3491 2392 fratribus

1935 2390 2125 2459 lapsos,
2177 2400 2227 2444 et
2259 2390 2412 2443 idolis
2440 2390 2767 2456 sacriﬁcasse
2807 2395 3062 2445 convictos
3083 2433 3097 2457 ,
3124 2390 3491 2459 susceperunt:

1933 2471 1981 2514 et
2028 2461 2409 2514 conversionem
2450 2460 2660 2529 illorum
2702 2476 2764 2513 ac
2809 2463 3159 2528 paenitentiam
3210 2474 3495 2529 cernentes,

1935 2547 2050 2583 cum
2078 2531 2398 2599 judicassent
2427 2546 2539 2602 eam
2573 2528 2776 2595 placere
2796 2546 2943 2596 posse
2974 2532 3053 2584 illi
3086 2533 3174 2602 qui
3209 2528 3496 2600 peccatoris

1934 2598 2285 2667 ptenitentiam
2311 2598 2506 2652 mavult
2535 2614 2689 2668 quant
2712 2609 2949 2665 mortem,
2974 2617 3058 2653 eos
3090 2598 3412 2655 admiserunt
3448 2614 3496 2655 et

1936 2671 2247 2738 collegerunt
2271 2686 2290 2734 ,'
2322 2678 2477 2739 atque
2511 2670 2564 2722 in
2599 2681 2782 2722 coetum
2808 2687 2958 2723 suum
2996 2683 3292 2737 receperunt
3320 2687 3337 2733 ,°
3364 2682 3413 2724 et
3441 2675 3495 2726 in

1936 2741 2261 2793 orationibus
2312 2756 2373 2792 ac
2424 2739 2538 2792 cibo
2598 2754 2716 2792 cum
2769 2740 2954 2793 iisdem
3022 2741 3494 2795 communicatum.

1937 2810 2257 2880 Quanquam
2305 2825 2405 2862 vox
2451 2808 2781 2879 συνέστησαν
2823 2811 2980 2863 aliter
3021 2811 3184 2864 etiam
3241 2810 3498 2879 explicari

1938 2879 2136 2948 porest,
2182 2881 2389 2946 passive
2437 2879 2645 2933 scilicet
2691 2895 2790 2947 pro
2837 2881 2993 2933 simul
3041 2882 3358 2934 consistere.
3408 2881 3499 2932 Sic

1938 2949 2391 3020 Dionysiusapnd
2430 2948 2714 3002 Eusebium
2745 2950 2796 3001 in
2835 2950 2928 3005 lib.
2961 2966 3065 3013 vn,
3096 2965 3212 3018 cap.
3247 2950 3282 3003 9
3304 2990 3318 3011 ,
3347 2951 3497 3020 μόλις

1938 3019 2467 3091 παρακαλούμενος.
2489 3020 2803 3091 συνεστᾶναι
2854 3022 2971 3083 ταῖς
3026 3019 3356 3091 προσευχαῖς
3414 3023 3499 3074 ἀν·

1939 3089 2138 3160 ἔχεται.
2185 3089 2621 3160 EtEuscbius_ill
2650 3089 2742 3143 lib.
2782 3105 2854 3160 vi,
2879 3106 2999 3160 cap.
3030 3089 3099 3152 2‘,
3124 3093 3196 3160 de
3224 3091 3452 3160 Origene
3478 3111 3491 3144 :

1936 3158 2275 3232 οὐδεπώποτε
2331 3158 2665 3232 προύτράπῃ-
2699 3159 2837 3213 κατὰ
2881 3159 2994 3232 τὴν
3018 3159 3180 3231 εὐχὴν
3219 3158 3366 3232 αὺτῷ
3401 3179 3495 3215 συ-

1941 3231 2165 3301 στῆναι.
2184 3249 2201 3280 ι
2231 3231 2391 3301 Addit
2418 3231 2866 3301 postea_Yalesiiis
2889 3246 2904 3282 :
2928 3248 2947 3280 ι
2981 3231 3177 3298 Duplex
3200 3242 3313 3285 erat
3341 3231 3459 3285 com
3480 3260 3492 3272 -

1943 3299 2123 3353 inunio
2157 3300 2209 3353 in
2247 3300 2484 3353 Ecclesia
2516 3316 2530 3352 :
2566 3299 2669 3351 alia
2715 3300 2978 3353 orationis
2998 3339 3013 3362 ,
3043 3302 3144 3353 alia
3174 3315 3491 3355 sacramen-

1945 3378 2140 3422 torum.
2176 3371 2237 3422 Et
2274 3371 2576 3423 orationum
2603 3369 2818 3437 quidem
2849 3371 3153 3423 communio
3184 3370 3494 3435 paenitenti-

1941 3440 2040 3493 bus
2102 3450 2218 3508 post
2264 3449 2468 3494 certum
2514 3439 2766 3506 temporis
2814 3439 3043 3506 spatium
3090 3439 3484 3506 indulgebatnr.

1938 3510 2255 3563 Communia
2285 3525 2409 3562 vero
2438 3509 2676 3575 corporis
2705 3508 2901 3561 Christi
2937 3510 3146 3561 nonnisi
3177 3508 3487 3562 reconcilia-

1943 3582 2011 3656 tis
2043 3580 2378 3656 postlongas
2416 3578 2749 3656 paenitentiae
2764 3578 3488 3656 moras_taiideiirimpertie-

3319 3661 3490 3700 ICIBIII.

1943 3717 2017 3772 Ex
2053 3718 2247 3785 quibus
2277 3727 2528 3787 apparet,
2560 3719 2990 3770 communionem
3017 3719 3272 3771 orationis
3314 3720 3490 3787 ρωηῑτ

1945 3789 2179 3841 ινηιώιιε
2221 3786 2387 3841 fuisse
2430 3789 2673 3840 ultinmm
2712 3796 2766 3840 et
2806 3788 3105 3854 proximum
3152 3788 3377 3856 gradum
3424 3786 3490 3856 ad

1941 3858 2370 3923 communionem
2402 3873 2677 3911 sacrorum
2706 3858 3102 3926 mysteriorum.
3130 3854 3195 3910 Et
3228 3858 3342 3911 haec
3368 3854 3491 3923 qni-

1941 3929 2059 3981 dem
2094 3929 2160 3980 de
2190 3930 2565 3981 communione
2596 3928 2808 3995 publica
2840 3926 3179 3995 intelligenda
3210 3934 3357 3989 sunt,
3381 3939 3488 3993 qua

1942 3999 2337 4051 concedebatur
2367 3998 2767 4064 paenitentibus,
2793 4007 2848 4049 ut
2879 3996 3053 4063 palam
3077 4012 3196 4050 cum
3223 3995 3368 4049 omni
3393 4008 3490 4063 po-

1942 4066 2066 4133 pulo
2101 4067 2155 4119 in
2195 4067 2419 4121 ecclesia
2453 4077 2686 4123 orarent.
2731 4065 2835 4120 Sed
2870 4069 2921 4118 in
2956 4066 3054 4118 hoc
3098 4066 3334 4135 Dionysii
3368 4066 3489 4118 loco

1942 4137 2008 4189 de
2047 4137 2250 4205 privata
2299 4137 2673 4190 communione
2712 4151 2890 4191 sermo
2931 4148 3049 4200 est,
3086 4150 3246 4203 quam
3278 4137 3433 4189 video
3462 4152 3493 4189 a

1943 4208 2212 4262 nonnullis
2240 4207 2494 4261 confundi
2539 4222 2659 4259 cum
2714 4205 2945 4275 publica.
3001 4206 3270 4260 Privatam
3313 4214 3490 4258 autem

1941 4278 2369 4331 connnunionem
2400 4291 2559 4340 voco,
2592 4292 2711 4343 quae
2740 4293 2771 4328 a
2802 4276 3049 4343 privatis,
3092 4291 3196 4329 non
3221 4282 3397 4327 autem
3426 4275 3495 4326 ab

1942 4347 2192 4414 episcopo
2212 4387 2227 4410 ,
2259 4346 2411 4414 cujus
2443 4347 2493 4398 id
2530 4347 2618 4413 jus
2667 4344 3103 4413 pontiﬁciumque
3143 4352 3260 4398 erat
3285 4384 3300 4408 ,
3331 4353 3495 4397 certa:

1943 4430 2185 4482 persona:
2208 4418 2621 4470 concedebatur.
2649 4416 2886 4482 Exempli
2911 4418 3101 4483 gratia,
3126 4417 3341 4483 quando
3361 4429 3460 4465 con
3475 4441 3494 4452 -

1946 4484 2176 4539 l'essores
2202 4497 2253 4540 et
2277 4495 2541 4554 martyres
2568 4486 2743 4552 lapsos
2776 4486 3214 4538 intercessionem
3239 4500 3303 4537 ac
3331 4485 3493 4536 mise-

1948 4556 2232 4609 ricordiam
2255 4556 2490 4623 ipsorum
2516 4556 2864 4622 implorantes
2884 4554 3111 4623 benigne
3130 4555 3489 4623 excipiebant,

1943 4635 1997 4678 et
2026 4636 2083 4678 ut
2114 4640 2215 4678 una
2244 4640 2429 4679 secum
2460 4624 2623 4676 Deum
2652 4632 2892 4685 orarent,
2929 4625 3326 4691 permittebant.
3368 4623 3491 4677 llaec

1944 4696 2250 4749 communio
2276 4694 2443 4748 liceta
2468 4694 2791 4761 martyribus
2812 4701 2864 4743 et
2886 4694 3213 4763 presbyteris
3234 4692 3495 4763 (plerique

1943 4766 2088 4818 enim
2120 4774 2414 4833 martyrum
2432 4772 2585 4817 erant
2604 4778 2667 4815 ex
2691 4762 2856 4829 clero)
2878 4763 3041 4830 lapsis
3064 4762 3251 4817 luisset
3269 4764 3493 4833 indulta,

1944 4834 2079 4888 nihil
2109 4830 2386 4903 juris'illis
2420 4834 2577 4886 dabat
2605 4850 2618 4885 :
2647 4836 2739 4886 sed
2762 4841 2969 4884 tantum
3003 4833 3172 4886 instar
3198 4830 3491 4903 praejudicii

1943 4916 2080 4967 erat,
2109 4901 2166 4958 ut
2195 4902 2264 4957 ab
2285 4905 2536 4972 episcopo
2576 4912 2758 4970 postea
2791 4903 3203 4956 admitterentur
3226 4905 3291 4956 ad
3321 4901 3493 4972 publi-

1944 4988 2063 5027 cam
2105 4974 2157 5026 in
2191 4970 2413 5026 ecclesia
2445 4970 2702 5025 orationis
2752 4973 3204 5026 cernitimtionem.
3243 4973 3313 5025 De
3353 4970 3493 5036 ejus-

1945 5045 2086 5096 tnodi
2119 5046 2322 5112 privata
2361 5045 2735 5096 communione
2765 5043 3136 5112 intelligendus
3165 5052 3247 5095 est
3281 5040 3493 5093 Eusebii

1939 5112 2091 5167 locus
2121 5111 2193 5166 fin
2244 5114 2338 5167 lib.
2378 5126 2425 5167 vr
2454 5149 2469 5175 ,
2512 5129 2633 5181 cap.
2666 5114 2702 5165 2
2730 5116 2794 5165 de
2839 5111 3072 5181 Origene
3096 5152 3111 5176 ,
3145 5126 3301 5179 quctn
3336 5114 3491 5178 paulo

1938 5192 2065 5237 aute
2089 5185 2247 5237 citavi
2276 5200 2290 5248 ;
2326 5192 2380 5237 et
2406 5187 2541 5237 alter
2570 5180 2622 5236 in
2650 5182 2745 5238 lib.
2777 5197 2854 5246 tv,
2894 5197 3014 5248 cap.
3046 5180 3114 5237 M
3142 5198 3157 5246 ;
3192 5183 3313 5234 item
3347 5183 3490 5234 locus
3526 5202 3539 5248 ε

1936 5253 2175 5322 ejusdem
2206 5240 2422 5311 Eusebii
2457 5254 2508 5306 in
2537 5253 2628 5307 lib.
2663 5268 2738 5318 rt,
2762 5240 2879 5321 cap.
2907 5240 3001 5315 43,
3026 5267 3093 5306 ex
3118 5240 3342 5322 epistola
3365 5250 3489 5304 Cor-
3521 5240 3567 5308 ἐί.

1937 5320 2062 5376 nelii
2100 5340 2248 5392 papa:
2272 5364 2288 5389 ,
2316 5324 2403 5376 ubi
2432 5328 2495 5376 de
2526 5323 2705 5393 Moyse
2734 5320 3079 5392 presbytero,
3113 5324 3200 5391 qui
3233 5320 3489 5393 Novatia-

1944 5409 2069 5445 num
2101 5410 2129 5446 a
2163 5396 2537 5447 communione
2558 5392 2652 5447 sua
2686 5394 2899 5462 repulit.
2929 5392 3055 5445 Item
3090 5393 3237 5462 locus
3252 5392 3488 5462 _Sulp_icti

1944 5464 2131 5517 Severi
2160 5464 2215 5517 in
2242 5463 2331 5515 lib.
2365 5479 2423 5516 ιιι
2462 5464 2536 5515 De
2567 5464 2672 5516 vita
2702 5459 2764 5517 SI
2812 5463 3051 5516 Martini.
3088 5460 3216 5516 Vide
3246 5459 3340 5516 Fr.
3373 5460 3487 5514 Flo-

1939 5542 2144 5588 rentem
2180 5536 2246 5587 ad
2281 5534 2487 5587 titulum
2516 5533 2569 5598 7,
2593 5536 2659 5586 de
2693 5533 3035 5586 translatione
3056 5533 3312 5602 episcopi.
3346 5548 3367 5582 ο

2005 5603 2119 5673 (59)
2156 5604 2308 5671 Apud
2344 5605 2565 5666 Euseb.,
2596 5602 2797 5656 Hister.
2834 5606 2987 5663 eccl.,
3025 5606 3116 5657 lib.
3150 5619 3226 5667 vi,
3249 5618 3370 5669 cap.
3401 5602 3486 5659 42.

2008 5678 2117 5743 (ϋο)
2149 5673 2298 5739 Quod
2325 5676 2368 5726 si
2412 5676 2632 5739 suscepti
2668 5686 2867 5725 tantum
2904 5682 2967 5725 ab
3007 5690 3240 5742 episcopo
3270 5688 3371 5725 non
3399 5689 3485 5726 suc

1934 5746 2235 5816 presbyterii
2265 5746 2448 5812 [uisset
2479 5760 2613 5806 rcus,
2639 5760 2753 5799 eum
2784 5761 2882 5797 non
2914 5760 3017 5800 tam
3045 5760 3212 5800 severe
3234 5752 3486 5797 tractatu-
