4020 6306
523 323 623 382 6C7

1786 314 1845 368 P.
1887 310 2200 368 DANIELIS
2232 305 2465 364 HUETII

3615 306 3705 365 668

523 440 717 498 fuisset
746 456 890 506 reus,
911 455 1034 495 eum
1064 454 1168 492 non
1199 448 1306 491 tam
1330 449 1518 492 severe
1545 443 1901 489 tractaturum
1927 433 2095 488 fuisse
2125 437 2167 493 Α
2198 430 2458 494 plaribus.
2488 438 2631 478 anno
2660 419 2952 477 Alexandri
2981 431 3094 482 xtl,
3123 418 3200 474 vel
3234 434 3313 486 xi,
3342 429 3398 474 ut
3429 421 3572 478 habet
3593 424 3710 481 sca-

523 532 854 588 Demetrium
907 530 1166 586 credibile
1223 536 1342 591 est,
1377 541 1500 582 cum
1562 526 1861 595 przesertim
1923 526 2094 594 ipsius

521 625 990 682 commendatione
1020 623 1188 677 fretus
1218 623 1284 675 ad
1323 637 1446 676 eum
1486 636 1545 676 se
1581 619 1884 690 promoveri
1921 617 2094 688 digni-

523 717 650 774 tatis
674 717 895 787 gradum
922 729 1112 784 passus
1138 713 1348 769 fuisset.
1379 713 1595 766 Minime
1623 725 1752 766 vero
1778 708 1905 764 facti
1933 709 2094 776 hujus

521 809 882 866 narrationem
912 809 978 862 ab
1004 806 1232 861 Eusebio
1260 805 1507 860 consulto
1536 803 1957 873 praetermissam
1992 816 2083 869 pu-

521 911 654 964 tem,
679 912 736 956 ut
775 898 1088 954 idololatria:
1115 898 1344 954 crimine
1377 898 1634 951 liberaret
1663 895 1976 964 Origenem,
2009 891 2092 945 vel

518 995 662 1065 quod
712 992 1028 1061 poenitentia
1072 992 1276 1045 elutum
1327 989 1611 1059 postmodo
1659 987 1921 1056 flagitium
1952 984 2091 1038 obli-

516 1085 660 1139 vioni
699 1085 1016 1138 tradendum
1051 1092 1309 1151 putaret;
1342 1080 1454 1152 (61)
1483 1081 1576 1136 sed
1600 1081 1744 1148 quod
1785 1093 1870 1132 res
1899 1075 2091 1146 Orige-

516 1179 602 1230 nis
639 1178 858 1246 proprio
891 1186 946 1230 et
974 1175 1249 1228 luculento
1280 1173 1546 1243 Apologia:
1593 1187 1754 1241 opere
1794 1169 1904 1239 jam
1933 1180 2090 1224 antea

517 1268 708 1323 fuisset
745 1269 1096 1338 complexus,
1137 1267 1187 1320 in
1231 1265 1471 1320 Historia
1513 1271 1691 1318 autem
1725 1265 1943 1318 duceret
1975 1277 2093 1315 esse

515 1361 690 1416 obiter
734 1361 1098 1436 attingendas.
1130 1359 1258 1413 Inde
1298 1360 1468 1412 tacuit
1517 1357 1775 1411 eximium
1811 1355 1980 1418 illud.
2030 1368 2093 1407 ac

515 1453 660 1508 omni
692 1452 851 1507 laude
881 1452 1104 1520 dignum
1150 1451 1398 1522 Origenis
1433 1450 1639 1503 facinus
1670 1447 1834 1519 (quod
1870 1448 1920 1500 in
1954 1449 2090 1501 idem

516 1543 770 1598 incidisse
834 1552 1044 1611 tempus
1093 1543 1368 1597 memoriae
1437 1539 1712 1595 mandavit
1769 1537 1986 1593 Nicetas
2039 1539 2089 1591 in

517 1630 670 1685 Thes.
700 1631 911 1685 orlhod.
939 1631 1034 1700 ﬁd.
1065 1633 1186 1686 libr.
1221 1648 1306 1697 iv,
1353 1632 1484 1685 hau.
1521 1631 1614 1699 51)
1641 1671 1656 1696 ,
1686 1631 1899 1700 quando
1937 1631 2090 1696 juxta

514 1722 892 1793 Egyptiorum
930 1725 1273 1780 sacerdotum
1307 1738 1510 1778 morem
1547 1738 1575 1775 a
1609 1721 1898 1792 gentilibus
1929 1722 2092 1773 adra-

2195 520 2459 586 ligeriana
2473 516 2724 572 Chronici
2761 515 2919 584 hujus
2944 515 3131 570 editio.
3161 514 3235 569 Ex
3261 515 3343 569 his
3367 513 3711 571 ballucinatum

2194 613 2368 682 liquet
2394 608 2779 680 Epiphanium,
2813 607 2903 677 qui
2944 606 3229 676 Origenem
3271 605 3552 675 imperante
3574 606 3716 661 Decio

2192 700 2532 758 Alexandria:
2563 697 2822 755 claruisse
2850 697 3068 766 scripsit
3103 697 3234 750 hazr.
3262 694 3358 759 64,
3385 708 3496 763 cap.
3524 694 3582 758 l,
3609 711 3716 749 cam

2193 807 2466 864 nunquam
2501 805 2624 845 eum
2664 789 2894 859 posthac
2941 788 3068 841 illuc
3098 801 3394 856 regressum
3431 785 3583 840 fuisse
3608 801 3720 840 con-

2193 896 2318 940 stet.
2344 883 2681 952 Quapropter
2703 879 2941 934 concedo
2965 879 3017 932 in
3041 878 3244 932 Petavii
3275 879 3597 941 sententiam,
3623 876 3721 948 (61)

2196 975 2379 1031 Severi
2411 988 2603 1029 nomen
2630 971 2779 1026 Decii
2815 969 3029 1024 nomine
3057 981 3332 1038 perperam
3367 966 3431 1020 ab
3454 965 3721 1035 Epiphanio

2192 1075 2584 1123 commutatum
2634 1061 2930 1133 opinantis.
2978 1056 3359 1115 Vehementius
3391 1057 3542 1110 etiam
3575 1055 3724 1108 hallu-

2193 1161 2432 1216 cinatum
2470 1166 2690 1213 constat
2723 1156 3088 1210 Abrahamum
3137 1151 3432 1205 Scultetutn
3464 1146 3602 1219 (65),
3643 1149 3724 1217 qui

2193 1252 2474 1321 Origenem
2523 1256 2749 1315 narrat,
2802 1257 3089 1318 postquam
3144 1240 3460 1298 Alexandria
3511 1241 3628 1294 exiit
3675 1250 3727 1295 ut

2194 1343 2401 1399 aemulis
2448 1342 2701 1402 cederet,
2727 1353 2792 1394 eo
2840 1347 3155 1392 revocatum
3186 1345 3372 1387 omnes
3413 1344 3563 1386 sacra:
3589 1332 3722 1385 Scri-

2194 1447 2362 1510 ptura:
2397 1436 2562 1489 libros
2587 1433 2890 1486 illustrasse
2918 1424 3355 1483 commentariis.

2262 1527 2402 1582 XIV.
2451 1525 2703 1595 Confugit
2739 1537 2871 1592 ergo
2913 1520 3219 1574 Caesaream
3257 1517 3321 1570 ad
3367 1514 3722 1580 Tbeoctistum,

2193 1620 2530 1690 benigneque
2559 1619 2626 1671 ab
2657 1629 2722 1670 eo
2751 1626 2803 1670 et
2846 1611 3139 1667 liberaliter
3165 1619 3441 1678 exceptus,
3464 1618 3512 1663 et
3537 1608 3597 1662 ab
3619 1625 3725 1661 om-

2195 1713 2351 1767 nibus
2400 1710 2613 1779 injuriis
2655 1717 2709 1760 et
2763 1703 3109 1760 contumeliis
3143 1702 3439 1772 prohibitus
3473 1709 3563 1754 est.
3599 1698 3725 1754 Hinc

515 1789 639 1879 sus,
663 1789 729 1870 ad
765 1816 946 1869 fanum
977 1818 1254 1886 Serapidis
1282 1789 1633 1872 Christianos.
1654 1829 1843 1869 omnes
1869 1812 1933 1867 ad
1966 1828 2083 1883 pro-

2197 1819 2329 1858 nova
2359 1799 2591 1857 suﬂ‘usus
2656 1796 3028 1852 malevolentia
3073 1793 3377 1849 Demetrius
3401 1789 3597 1861 Egypti
3625 1793 3728 1859 epi-

515 1913 854 1976 puguandum
904 1907 1104 1961 Christi
1159 1923 1351 1961 nomen
1401 1908 1549 1962 clara
1602 1922 1736 1963 voce
1778 1905 2088 1960 concitavit.

514 2001 727 2056 Falsam
760 2016 922 2068 porro
949 2009 1002 2055 et
1033 1999 1318 2054 confictam
1356 2015 1477 2054 esse
1506 1998 1847 2070 Origeniana:
1877 1996 2093 2050 idolola-

516 2093 633 2145 tria:
667 2091 970 2156 historiam,
1001 2105 1066 2144 ac
1093 2091 1392 2160 Epiphanio
1420 2092 1490 2144 ab
1517 2091 1692 2144 aliena
1727 2106 1886 2143 manu
1921 2089 2093 2141 inser-

516 2195 622 2238 tam
667 2185 936 2253 pertendit
985 2183 1285 2248 Baronius,
1334 2183 1398 2236 ad
1462 2199 1552 2237 an.
1584 2183 1727 2247 255,
1782 2197 1927 2234 nmn.
1965 2181 2091 2246 19.0,

513 2275 851 2344 plurimaque
873 2274 1114 2344 congerit
1143 2275 1194 2328 in
1227 2289 1346 2328 eam
1372 2274 1723 2334 sententiam,
1764 2271 1874 2342 (6-2)
1911 2286 2031 2339 qu:e
2061 2284 2092 2332 a

512 2363 732 2419 Petavio
748 2364 959 2418 erudite
979 2361 1257 2426 confutata
1283 2363 1452 2418 habes
1468 2365 1516 2416 in
1534 2362 2089 2416 Animadversionibus

517 2452 933 2524 Epiphanianis.
972 2454 1106 2509 Rem
1155 2454 1243 2508 alii
1274 2456 1517 2508 tribuunt
1551 2453 1696 2507 Decii
1741 2454 2088 2521 temporibus.

511 2547 638 2604 llaec
668 2549 806 2603 infra
839 2549 1212 2618 expendamus
1246 2549 1592 2602 accuratius:
1628 2551 1722 2601 sed
1761 2547 1812 2602 iit
1840 2557 2088 2601 anteces-

512 2657 630 2696 sum
659 2641 954 2696 asserimus
982 2655 1156 2710 neque
1183 2655 1280 2694 nos
1307 2640 1496 2693 horum
1526 2638 1794 2707 opinioni,
1818 2639 1902 2694 vel
1933 2639 2090 2693 Baro.

513 2732 584 2785 nii
608 2730 933 2798 conjecturae
955 2729 1204 2784 assentiri
1229 2745 1406 2799 posse.
1455 2728 1565 2801 (65)
1597 2729 1745 2785 Fidei
1773 2745 1988 2800 quoque
2011 2731 2091 2784 in-

511 2823 819 2891 tegritatem
852 2826 902 2875 iu
939 2821 1092 2874 libris
1123 2821 1394 2890 plerisque
1418 2863 1432 2888 ,
1461 2837 1524 2874 ac
1554 2837 1619 2876 eo
1651 2823 1949 2891 praesertim
1997 2823 2086 2888 qui

511 2924 598 2969 est
627 2913 703 2966 De
736 2914 1002 2982 principiis
1032 2952 1048 2978 ,
1082 2913 1149 2966 ah
1191 2911 1427 2984 Origene
1457 2913 1710 2968 violatam
1740 2913 1789 2965 id
1832 2913 2089 2981 temporis

511 3015 861 3073 conquestum
907 3006 1077 3062 fuisse
1121 3006 1454 3061 Demetrium
1513 3017 1934 3060 consentaneum
1981 3015 2084 3074 est,

511 3098 710 3167 quippe
733 3097 822 3167 qui
855 3099 1034 3152 omnia
1065 3099 1322 3154 adversus
1346 3114 1466 3153 eum
1495 3106 1809 3169 argumenta
1845 3098 2087 3152 Studiose

2196 1910 2385 1965 scopos
2412 1933 2428 1955 ,
2477 1902 2534 1946 ut
2570 1891 2716 1956 dixi,
2760 1890 2813 1944 in
2857 1889 3119 1961 synodum
3156 1887 3334 1956 cogit,
3369 1882 3730 1952 Origenemque

2194 1986 2528 2059 presbyterio
2565 1983 2836 2051 abjudicat
2855 2021 2871 2046 ,
2923 1991 2976 2035 et
3005 1983 3072 2034 ab
3100 1978 3362 2034 Ecclesia:
3391 1977 3632 2032 societate
3658 1991 3733 2030 se-

2189 2079 2387 2150 juugit,
2417 2078 2668 2131 universo
2693 2075 3076 2143 propemodum
3103 2072 3240 2125 orbe
3271 2072 3532 2124 decretum
3560 2084 3733 2138 appro-

2194 2173 2352 2226 bante
2387 2180 2442 2224 et
2471 2169 2848 2224 confirmante.
2888 2167 3155 2219 Ardentes
3204 2178 3419 2234 quoque
3445 2163 3496 2216 in
3537 2177 3648 2215 eum
3683 2169 3734 2215 et

2192 2263 2463 2318 aculeatas
2493 2274 2905 2331 quoquoversus
2953 2257 3329 2313 disseminavit
3372 2255 3571 2309 litteras
3607 2273 3618 2308 :
3650 2253 3734 2309 sed

2193 2355 2426 2410 hominis
2458 2353 2748 2408 iracundia:
2777 2353 2934 2407 simul
2965 2361 3020 2407 et
3050 2351 3191 2414 vitae,
3211 2350 3422 2414 eodem,
3443 2355 3499 2401 ut
3520 2348 3731 2410 videtur,

2191 2466 2297 2520 quo
2325 2448 2570 2503 discessit
2603 2448 2862 2516 Origenes
2891 2462 3054 2512 anno,
3087 2447 3249 2500 linem
3275 2455 3476 2497 matura
3505 2457 3637 2495 mors
3659 2455 3735 2510 po-

2191 2539 2298 2590 suit
2336 2537 2386 2589 in
2425 2535 2652 2606 ejusque
2683 2535 3053 2602 episcopatum
3087 2531 3344 2586 Heraclas
3371 2528 3614 2584 suffectus
3642 2537 3730 2580 est.

2191 2629 2314 2684 [hec
2342 2644 2406 2684 eo
2432 2627 2622 2682 ordine
2655 2635 2844 2679 narrat
2888 2623 3152 2679 Eusebius
3197 2623 3253 2676 in
3291 2620 3554 2686 Historia,
3582 2636 3676 2688 quo
3708 2634 3734 2673 a

2190 2720 2346 2776 nobis
2375 2721 2644 2787 descripta
2676 2727 2834 2782 sunt;
2866 2715 3026 2770 aliter
3055 2715 3107 2769 in
3139 2713 3420 2779 Chronico,
3453 2713 3502 2767 in
3526 2727 3622 2782 quo
3645 2712 3735 2765 Deo

2190 2813 2368 2866 metrii
2387 2826 2531 2866 mors
2558 2809 2806 2880 Origcnis
2837 2808 3038 2863 exitum
3071 2816 3183 2862 toto
3210 2806 3439 2861 biennio
3462 2804 3732 2874 praevertit,

2189 2905 2328 2974 quod
2361 2903 2672 2974 neutiquam
2699 2909 2843 2956 stare
2873 2909 3068 2972 potest.

2260 2995 2375 3050 XV.
2405 2994 2562 3049 Certe
2588 3034 2606 3059 ,
2653 3011 2720 3049 ne
2753 2993 2884 3064 quid
2935 2991 3266 3048 dissimulem
3298 3030 3316 3055 ,
3350 2989 3646 3046 Gennadius
3686 2986 3733 3042 in

2188 3090 2310 3145 libr.
2341 3089 2419 3144 De
2448 3089 2545 3144 vir.
2574 3088 2770 3142 illum.
2797 3130 2812 3155 ,
2857 3101 2977 3158 cap.
3025 3087 3095 3142 3'5
3116 3131 3130 3154 ,
3175 3086 3372 3140 scribit
3412 3082 3734 3154 Theophilum

511 3190 812 3258 colligeret.
862 3190 1188 3246 Alexandria
1241 3193 1424 3260 itaque
1471 3151 1785 3245 θιίιῖιίιιαιυε
1826 3190 2087 3260 Origenes
2113 3151 2154 3208 δ
2188 3181 2610 3238 Alexandrinum
2641 3180 2952 3250 episcopum
2999 3177 3289 3233 tradidisse
3340 3193 3442 3230 non
3488 3191 3518 3229 α
3547 3191 3598 3228 se
3623 3172 3736 3228 Ori-

513 3281 816 3336 Czesareatn
849 3280 1124 3337 Stratonis
1153 3283 1461 3346 concessit,
1506 3279 1690 3350 ibique
1725 3280 1907 3336 sedem
1942 3282 2082 3344 fixit,

511 3387 654 3426 anno
683 3372 859 3426 aetatis
893 3387 1041 3436 va1,
1072 3372 1273 3427 Christi
1304 3372 1428 3435 2M,
1461 3372 1753 3426 Alexandri
1796 3371 1983 3425 Severi
2013 3388 2082 3438 x;

510 3457 598 3512 vel
623 3467 681 3512 ut
709 3460 866 3513 estin
892 3461 1166 3515 nonnullis
1194 3460 1408 3515 Eusebii
1444 3461 1749 3526 codicibus,
1769 3471 1823 3516 et
1854 3462 1904 3514 iit
1938 3459 2087 3515 Nice-

511 3551 702 3621 phoro,
745 3563 800 3608 et
830 3553 885 3607 in
914 3553 1235 3642 quibusdam
1280 3553 1571 3611 Eusebiani
1610 3553 1858 3608 Chronici
1893 3569 2080 3609 exem-

509 3793 626 3832 rttm
655 3777 820 3848 fuisse
859 3779 1174 3832 Demetrium
1206 3779 1451 3834 credibile
1497 3789 1602 3844 est,
1641 3791 1746 3834 etc.
1781 3780 1951 3835 Esto:
1984 3781 2075 3835 sed

510 3849 633 3903 ﬁdei
665 3849 879 3916 quoque
922 3849 1283 3919 integritatem
1321 3853 1370 3902 in
1415 3850 1569 3904 libris
1595 3850 1867 3919 plerisque
1893 3865 1977 3912 ac,
2013 3866 2078 3905 eo

510 3920 844 3990 praesertim,
872 3920 961 3990 qui
993 3930 1077 3972 est
1123 3919 1196 3972 De
1223 3921 1491 3990 principiis
1511 3959 1526 3986 ,
1561 3923 1629 3973 ab
1658 3920 1889 3990 Origene
1915 3922 2083 3975 viola-

512 3998 622 4040 tam
651 3989 700 4040 id
727 3989 984 4058 temporis
1007 4001 1359 4057 conquestum
1393 3989 1561 4044 fuisse
1593 3989 1918 4044 Demetrium
1951 4006 2080 4045 cou-

510 4067 828 4128 sentaneum
859 4069 964 4120 est,
988 4068 1044 4112 ut
1075 4061 1189 4128 ipse
1217 4058 1378 4128 paulo
1401 4068 1522 4128 post
1548 4061 1624 4113 ait
1650 4060 1896 4115 Huetius.
1927 4061 2076 4128 Quod

509 4141 642 4201 sane
690 4127 962 4201 Demetrio
1003 4129 1136 4201 satis
1187 4127 1346 4201 erat,
1397 4127 1454 4182 ut
1486 4131 1803 4201 expinsigni
1833 4127 2080 4201 Origebis

509 4195 678 4267 gloria
708 4197 911 4266 jamdiu
943 4199 994 4251 itt
1021 4199 1139 4252 sinu
1167 4199 1455 4254 collectum
1483 4199 1694 4253 invidiae
1719 4195 1872 4256 virus
1901 4195 2074 4256 totum

509 4281 805 4350 evomeret,
829 4282 1061 4340 eumque
1086 4277 1194 4323 tam
1224 4285 1411 4325 severe
1444 4271 1710 4324 tractandi
1739 4287 1923 4326 ansam
1955 4274 2078 4328 inde

508 4349 793 4406 arriperet.

578 4409 690 4481 (61)
743 4409 848 4464 Sed
885 4409 1022 4481 quod
1065 4427 1144 4465 res
1191 4409 1427 4481 Origenis
1470 4410 1678 4480 proprio
1732 4422 1779 4465 et
1817 4413 2077 4468 luculento

2183 3290 2372 3346 genem
2402 3275 2631 3344 primum
2651 3313 2667 3340 ,
2695 3272 2784 3326 sed
2815 3271 2878 3325 ab
2904 3273 3133 3343 antiquis
3163 3270 3445 3334 Patribus,
3469 3277 3513 3322 et
3535 3267 3738 3322 maxime

2185 3366 2411 3422 Heracla
2448 3366 2609 3437 fuisse
2659 3374 2708 3420 et
2743 3383 2776 3418 a
2796 3365 3118 3435 presbyterio
3147 3363 3399 3433 ejectum,
3429 3373 3474 3440 et
3502 3362 3562 3416 de
3589 3360 3736 3414 eccle-

2181 3462 2263 3516 sia
2297 3460 2526 3530 pulsum,
2561 3469 2608 3512 et
2643 3459 2706 3512 de
2741 3458 2949 3512 civitate
2971 3458 3230 3527 fugatum.
3270 3456 3386 3529 (66)
3413 3456 3549 3511 Idem
3595 3456 3739 3510 habet

2181 3554 2414 3624 scriptor
2453 3552 2588 3608 Vita:
2610 3549 2670 3608 S.
2690 3550 2968 3607 Pachomii
2995 3550 3128 3622 (67),
3164 3559 3218 3607 et
3243 3550 3475 3621 epistola
3499 3547 3734 3620 synodica

2185 3781 2444 3851 synodus,
2473 3789 2582 3851 tum
2609 3793 2674 3833 ex
2703 3777 2876 3851 ipsius
2907 3774 3172 3851 Origenis
3191 3777 3432 3851 epistola
3453 3779 3521 3851 ad
3554 3777 3739 3851 amicos

2189 3848 2448 3921 quosdam
2472 3849 2893 3921 Alexandrinos,
2912 3848 3268 3921 ubiqueritur
3289 3849 3736 3921 quodadversarii

2189 3918 2293 3986 sui,
2323 3936 2386 3976 ac
2417 3921 2656 3975 haeretici
2685 3920 2936 3988 quidam,
2972 3919 3167 3986 aliique
3208 3920 3450 3974 nonnulli
3490 3918 3738 3988 Ecclesias

2187 3991 2514 4045 conturbare
2529 3987 2791 4053 volentes,
2814 3989 2979 4043 libros
3001 4003 3128 4043 suos
3153 3989 3572 4044 adulterassent.
3595 3987 3738 4042 lianc

2183 4063 2346 4115 etiam
2417 4070 2640 4131 propter
2693 4060 3343 4131 dogmatumnovitatem
3396 4071 3450 4114 et
3508 4060 3735 4131 haeresim

2183 4129 2496 4186 damnatum
2527 4130 2692 4185 fuisse
2715 4131 2967 4184 dicebant
2991 4129 3110 4200 ejus
3139 4130 3347 4184 inimici
3383 4139 3539 4184 aetate
3557 4129 3738 4200 Hiero-

2185 4203 2328 4272 nymi
2355 4243 2370 4266 ,
2399 4201 2854 4272 quemadmodum
2902 4199 3274 4272 ipse'testatur
3315 4201 3666 4272 Hieronymus
3691 4199 3739 4252 in

2185 4269 2676 4341 epistola—quadam
2699 4271 2764 4324 ad
2791 4269 3035 4341 Paulam,
3065 4270 3216 4336 cujus
3247 4269 3568 4339 particulam
3596 4269 3739 4322 aﬂ‘ert

2185 4341 2411 4396 Rufinus
2436 4339 2529 4396 lib.
2568 4357 2604 4394 ιι
2652 4339 2900 4394 Invectiv.
2955 4339 3098 4394 Idem
3134 4343 3290 4394 docet
3330 4341 3554 4409 epistola
3585 4355 3739 4410 syno-

2185 4413 2302 4482 dica
2331 4418 2704 4482 episc0porutu
2736 4411 2955 4482 [Egypti
2988 4420 3149 4480 atque
3186 4411 3530 4482 Alexandriae
3550 4451 3567 4477 ,
3597 4411 3740 4482 cujus

508 4474 783 4554 Apologia:
811 4474 962 4554 opere
982 4552 989 4554 ν
995 4480 1111 4554 jam
1138 4474 1306 4535 antea'
1325 4474 1506 4550 fuisset
1536 4474 1858 4548 complexus,
1885 4495 1990 4539 etc.
2021 4483 2078 4538 Si
2109 4474 2158 4532 D
2185 4474 2545 4554 fragmentum
2578 4474 3175 4554 adducitwlt'tst_in_iauu_s
3204 4482 3255 4534 in
3278 4481 3516 4554 epistola
3549 4474 3613 4536 ad
3642 4474 3738 4534 Kle-

509 4549 774 4618 praecipue
795 4551 864 4602 ob
889 4549 1206 4605 idololatriae
1237 4549 1480 4615 crimen,
1521 4561 1577 4604 ut
1619 4555 1888 4618 pertendit
1932 4555 2076 4608 liue-

511 4623 648 4682 tius,
677 4620 978 4694 sacerdotio
1007 4633 1061 4694 et
1089 4622 1329 4694 Ecclesia
1349 4623 1638 4694 abdiCatus
1667 4621 1856 4694 fuisset
1888 4623 2078 4694 Orige-

509 4703 626 4750 nes,
654 4690 1154 4764 _m_iuime_profecto
1183 4691 1310 4747 facti
1349 4692 1512 4761 hujus
1541 4693 1908 4750 narrationem
1941 4690 2079 4764 prai-

510 4761 831 4835 termisisset
864 4761 1167 4835 Eusebius.
1219 4766 1470 4835 Attamen
1511 4778 1597 4835 _ne
1644 4764 1808 4817 ullum
1857 4761 2076 4835 quidem

511 4831 732 4907 hujusce
758 4831 943 4907 flagitii
978 4835 1196 4887 verbum
1225 4834 1275 4886 in
1303 4833 1557 4903 Apologia
1579 4849 1674 4888 sua
1708 4831 1904 4907 fecisse
1929 4836 2079 4890 vide-

509 4910 612 4952 tur.
654 4899 955 4954 Illudenim
982 4945 996 4967 ,
1030 4907 1071 4955 si
1105 4899 1582 4958 coiittiteti'torasset
1607 4944 1621 4965 ,
1656 4915 1806 4959 certe
1851 4905 2075 4961 Pbotius

505 4973 748 5042 quiem].
773 4972 979 5035 l-l8,ex
1007 4973 1118 5042 ipsa
1153 4975 1239 5026 illa
1266 4972 1517 5041 Apologia
1547 4974 1710 5028 refert
1735 4979 1875 5030 unde
1901 4979 2078 5032 omnis

508 5041 561 5094 in
593 5041 879 5123 Origenem
906 5057 936 5096 a
970 5041 1241 5098 lleiuetrio
1270 5045 1501 5097 excitata
1551 5042 1721 5100 fuerit
1759 5057 2073 5115 tempestas,

505 5127 610 5165 non
637 5125 924 5168 01111815861..

576 5182 687 5251 (62)
715 5183 845 5247 Qua:
877 5201 908 5237 a
939 5185 1154 5238 Petavio
1179 5184 1382 5237 erudite
1423 5185 1696 5254 confutata
1741 5187 1898 5241 habes
1923 5230 1938 5253 ,
1965 5197 2071 5244 etc.

507 5251 740 5325 Levibus
791 5255 1080 5325 admodum
1125 5255 1457 5325 argutneutis
1501 5251 1784 5312 veritatem
1838 5251 2076 5313 historiae

507 5323 747 5400 vindicat
791 5323 1083 5380 Petavius:
1128 5323 1248 5396 quae
1289 5325 1334 5380 si
1376 5339 1498 5380 cum
1557 5328 1759 5383 nostris
1801 5329 2072 5395 conferas,

507 5402 970 5465 contutugruuut.
1806 5454 1818 5465 ,

578 5461 690 5530 (65)
719 5460 872 5514 Fidei
898 5465 1476 5541 qaoqueintegritalem
1513 5467 1567 5541 in
1604 5469 1753 5541 libris
1787 5460 2070 5541 plerisque,

505 5551 568 5588 ac
605 5549 664 5588 eo
705 5537 990 5612 praesertim
1027 5537 1118 5612 qui
1166 5546 1238 5589 est
1276 5539 1350 5592 De
1387 5538 1701 5612 principiis,
1741 5537 1804 5612 ab
1851 5537 2076 5608 Urioene

512 5614 755 5659 .wtatam
784 5604 838 5654 id
872 5605 1116 5676 temporis
1157 5619 1490 5676 conquestum
1536 5604 1702 5676 [hisee
1752 5604 2073 5665 Demetrium

506 5683 910 5746 consentaneum
935 5684 1032 5727 est.
1063 5673 1193 5746 Illud
1232 5673 1448 5746 quidem
1480 5673 1670 5734 eruere
1711 5681 1835 5735 licet
1867 5691 1978 5734 tum
2006 5697 2068 5733 ex

508 5747 575 5813 iis
621 5759 740 5816 quae
790 5743 1049 5801 adversus
1103 5743 1390 5816 Origeuein
1439 5748 1678 5806 decrevrt
1731 5754 2070 5807 Demetriana

2180 4550 2329 4615 nam,
2355 4557 2496 4622 quod
2527 4551 2687 4620 paulo
2717 4552 2854 4604 infra
2883 4552 3103 4605 exhibet
3133 4550 3377 4607 Huetius.

2249 4622 2361 4691 (64)
2392 4623 2569 4677 Severi
2600 4638 2786 4676 nomen
2819 4622 2958 4676 Decii
2984 4623 3210 4687 nomine,
3235 4633 3340 4678 etc.
3365 4623 3734 4691 Verumtamen

2179 4689 2512 4763 Epiphanius
2545 4693 2636 4746 lib.
2670 4692 2743 4745 De
2766 4695 2995 4763 pond.et
3019 4707 3206 4756 meam,
3246 4709 3378 4763 pag.
3405 4689 3527 4757 174,
3553 4693 3735 4760 Orige-

2181 4761 2301 4817 nem
2329 4765 2395 4818 ab
2428 4763 2777 4832 imperatoris,
2801 4762 2943 4816 Decii
2975 4772 3238 4828 tempore,
3255 4765 3321 4816 ad
3344 4761 3556 4817 Gallum
3582 4777 3738 4830 usque

2179 4843 2233 4889 et
2261 4833 2634 4897 Volusiauum,
2665 4843 2721 4886 et
2745 4833 2882 4886 ultra
2908 4833 3156 4886 lloruisse
3181 4833 3389 4887 scribit.
3425 4833 3522 4888 Ubi
3551 4835 3736 4900 duplex

2178 4919 2353 4970 error,
2383 4919 2507 4958 cum
2543 4902 2739 4958 Decius
2773 4918 2868 4971 pro
2900 4905 3100 4957 Severo
3138 4903 3378 4972 ponitur,
3410 4905 3470 4958 et"
3500 4903 3736 4972 Origenis

2178 4990 2323 5030 mors
2372 4976 2512 5028 ultra
2559 4974 2847 5042 imperium
2886 4973 3021 5028 Galli
3059 4983 3114 5027 et
3159 4971 3431 5044 Volusiani
3482 4971 3732 5044 rejicitur.

2179 5045 2330 5111 Quod
2361 5055 2676 5113 argumento
2703 5053 2786 5098 est
2825 5057 2929 5097 non
2975 5043 3300 5112 imprudenti
3352 5043 3568 5098 Decium
3603 5045 3731 5096 irre~

2178 5117 2352 5184 psisse
2380 5131 2477 5185 pro
2513 5113 2734 5176 Severo,
2761 5115 2853 5167 sed
2897 5115 2970 5167 ita
3018 5115 3312 5185 credidisse
3358 5115 3732 5185 Epiphaniutu,

2177 5183 2416 5254 adeoque
2439 5186 2622 5239 rudem
2638 5195 2692 5237 et
2713 5185 3058 5255 peregrinatur
3082 5185 3134 5238 in
3149 5183 3398 5255 Origenis
3415 5183 3519 5239 vita
3541 5183 3729 5238 fuisse:

2177 5257 2318 5325 quod
2332 5252 2482 5310 'inl'ra
2511 5252 2722 5325 fatetur
2741 5255 2854 5322 ipse
2877 5252 3121 5325 ﬂuetius.

2248 5326 2358 5398 (65)
2409 5327 2540 5449 Aibr.
2579 5323 2752 5382 Scult.
2801 5326 2856 5378 in
2887 5322 3108 5378 Medati.
3140 5325 3298 5382 theol.
3339 5323 3594 5390 Patrum,
3643 5323 3729 5378 lib.

2248 5411 2406 5449 .can.
2481 5434 2496 5448 .

2174 5411 2250 5462 vl,
2285 5411 2406 5462 cap.
2442 5411 2496 5449 ι.

2247 5413 2536 5538 (ἕὲ)ρὶάιέηι
2567 5465 2723 5538 habet
2755 5466 2981 5538 scriptor
3029 5461 3162 5538 Viue
3205 5465 3266 5522 S.
3299 5463 3594 5538 Pachomii.
3630 5461 3724 5538 Ol)-

2176 5533 2376 5591 servari
2407 5537 2567 5591 velim
2596 5537 2645 5588 in
2685 5533 2801 5588 Vita
2819 5533 2879 5592 S.
2922 5534 3190 5590 Pachomii
3217 5554 3246 5591 a
3276 5537 3529 5592 Bollaudo
3552 5535 3730 5589 Latine

2175 5609 2314 5662 edita
2343 5609 2410 5662 M
2436 5607 2579 5671 Maii,
2611 5605 2850 5660 Heraclze
2876 5607 3204 5662 mentionem
3232 5625 3337 5662 non
3371 5621 3506 5664 esse.

2245 5677 2357 5748 (67)
2394 5676 2493 5732 Vit.
2521 5675 2687 5748 Parcit.
2713 5675 2802 5731 lib.
2839 5693 2876 5740 ι,
2903 5692 2957 5746 p.
2985 5677 3090 5733 125
3104 5678 3258 5746 Boll.,
3291 5695 3376 5734 xiv
3407 5677 3549 5742 Mai.,
3580 5673 3686 5746 521
3713 5688 3728 5739 ;

2175 5747 2379 5806 Concil.
2412 5760 2539 5804 tom.
2575 5747 2635 5815 V,
2667 5762 2788 5819 pag.
2820 5748 2944 5804 660.
