4020 6306
275 336 379 393 669

1331 343 1904 405 ORIGENIANORUM
1943 348 2072 405 LIB.
2112 352 2155 416 I,
2192 349 2343 407 CAP.
2384 348 2451 408 II.

3402 351 3506 408 670

250 452 647 522 episcoporum
664 455 904 528 Egypti,
928 458 1082 528 cujus
1113 445 1475 532 fragmentum
1501 465 1657 522 affert
1682 467 1844 523 Justi-
1874 475 1919 531 Α
1946 470 2258 540 gnationem
2289 486 2317 525 a
2346 470 2618 527 Demetrio
2651 444 2863 529 litteras
2890 473 3090 542 scripta
3116 487 3178 527 ea
3211 486 3372 542 quam
3397 472 3507 527 dixi

274 544 469 599 nianus
503 546 555 599 in
586 549 813 616 epistola
836 551 903 603 ad
928 550 1157 605 Menam.
1184 551 1355 608 Verba
1389 557 1503 612 haec
1531 570 1682 613 sunt:
1716 562 1839 633 Ἀρ-

271 634 501 706 ξαμένου
523 636 632 708 γὰρ
648 640 811 692 αὑτοῦ
829 640 1175 713 βλασφήμους
1200 645 1413 715 ὁμιλίας
1428 650 1655 719 ὁμιλεῖν,
1674 654 1702 705 ὁ
1717 656 1837 706 κατ’

267 727 443 780 ἐκεῖνο
477 731 784 803 μακαρίτης
820 733 1088 804 Ἡρακλᾶς
1134 737 1163 787 ὁ
1197 738 1508 806 ἐπίσκοπος,
1534 742 1609 805 ὡς
1633 744 1835 817 ἀροτὴρ

266 821 361 875 καὶ
388 821 769 907 ᾲμπελουργὸς
800 825 1095 897 φιλαλήθης
1121 826 1215 881 τοῦ
1244 831 1343 901 τῆς
1378 832 1705 905 Ἐκκλησίας
1726 856 1834 907 χω-

267 902 707 984 ρίον’τυγχάνων,
733 917 797 968 ὲκ
827 916 993 987 μέσου
1029 918 1122 971 τοῦ
1157 921 1331 985 καλοῦ
1355 924 1497 977 σίτου
1530 927 1712 981 τοῦτον
1749 930 1836 996 ὲξ-

264 1002 488 1068 ἐτιλεν,.
504 1007 578 1070 ὠς
609 1008 702 1061 τοῦ
734 1009 968 1081 πονηροῦ
1003 1009 1238 1074 ζιζανεου
1272 1014 1397 1069 ὄντα
1433 1018 1663 1090 ἀληθῶς.
1703 1020 1834 1075 Cum

263 1098 402 1150 enim
428 1098 614 1165 impias
643 1103 906 1156 orationes
947 1103 1138 1158 habere
1170 1110 1421 1174 coepisset.
1448 1112 1611 1165 beatie
1640 1131 1835 1168 memo-

261 1187 363 1241 ria:
400 1186 658 1245 Heraclas
698 1195 987 1264 episcopus,
1030 1200 1120 1265 qui
1157 1210 1281 1254 tunc
1308 1203 1550 1270 florebat,
1579 1216 1831 1274 tanquam

263 1290 448 1333 arator
483 1290 533 1335 et
553 1285 745 1339 vinitor
779 1289 1010 1342 veritatis
1040 1292 1306 1345 studiosus
1332 1295 1671 1349 ecclesiastici
1693 1301 1829 1366 agri,

261 1389 379 1427 eum
412 1391 439 1428 e
464 1376 632 1429 medio
664 1378 896 1446 pulchrae
920 1383 1122 1449 segetis,
1173 1384 1248 1437 sic
1288 1396 1537 1457 tanquam
1572 1406 1688 1443 vere
1713 1407 1829 1444 ma-

260 1466 368 1519 lam
394 1468 654 1523 zizaniam
680 1471 869 1527 evellit.
896 1472 1100 1540 Quibus
1125 1477 1226 1531 alia
1256 1493 1419 1532 causa
1454 1496 1553 1534 cur
1578 1483 1829 1549 expulsus

258 1559 426 1614 fuerit
449 1559 708 1630 Origenes
734 1577 931 1634 praeter
960 1569 1267 1636 superiores
1309 1570 1553 1625 affertur.
1591 1572 1701 1645 (68)
1736 1575 1829 1628 Est

257 1652 436 1707 simile
464 1656 739 1725 quidpiam
782 1659 923 1728 apud
968 1659 1187 1715 Petrum
1245 1662 1667 1717 Alexandrinum
1709 1666 1821 1733 epi-

254 1759 478 1816 scopum
528 1750 581 1804 in
628 1748 991 1823 Mystagogia,
1028 1753 1182 1820 cujus
1240 1756 1561 1822 particulam
1613 1772 1826 1826 quoque

1943 567 2011 617 ad
2042 566 2244 619 amicos
2282 565 2543 632 quosdam
2583 580 2711 619 suos
2739 565 3119 620 Alexandriam
3168 564 3395 634 epistola
3424 564 3508 617 Iu-

1939 656 2182 711 culenter
2215 658 2534 712 confutavit.
2571 657 2626 711 In
2667 673 2769 726 qua
2809 658 3018 713 etiamsi
3045 658 3343 712 maledictis
3375 658 3503 711 abs-

1938 748 2110 802 tinere
2156 764 2214 803 se
2264 749 2401 803 velle
2442 749 2699 813 declarat,
2768 764 2961 818 aspere
3016 759 3195 804 tamen
3224 760 3277 804 et
3305 749 3504 803 acerbe

1937 838 2290 905 Demetrium,
2323 842 2480 909 eique
2524 843 2922 896 consentientes
2966 844 3246 897 adversum
3289 856 3348 896 se
3390 840 3501 908 epi-

1936 942 2129 997 scopos
2180 931 2513 999 perstringit,
2564 938 2617 983 et
2665 928 2864 982 illatam
2898 929 2996 983 sibi
3054 929 3497 997 injuriam,.inﬁi-

1937 1034 2157 1092 ctosque
2190 1023 2675 1077 anathematismos
2711 1021 2928 1076 refellit.
2963 1021 3073 1075 Nec
3102 1022 3275 1074 minus
3299 1022 3368 1076 ob
3400 1022 3498 1077 De-

1938 1113 2117 1167 metrii
2170 1114 2390 1166 decreta
2426 1122 2479 1166 et
2525 1112 2923 1166 Alexandrinas
2956 1111 3191 1181 synodos
3246 1109 3498 1164 ecclesia-

1934 1203 2088 1256 sticis
2124 1202 2323 1256 muniis
2354 1202 2637 1256 defunctus
2675 1210 2788 1267 est;
2823 1202 3053 1254 docebat
3097 1200 3331 1270 publice,
3366 1200 3495 1254 etin

1931 1294 2155 1348 ecclesia
2216 1295 2282 1347 de
2342 1296 2504 1348 rebus
2552 1296 2725 1348 sacris
2767 1294 2835 1347 ad
2877 1295 3127 1362 populum
3160 1294 3491 1357 disserebat;

1931 1394 2091 1455 atque
2119 1386 2233 1439 haec
2267 1401 2370 1439 non
2402 1385 2753 1441 Caesariensis
2783 1386 3019 1453 episcopi
3053 1386 3231 1449 modo,
3258 1394 3310 1438 et
3343 1383 3500 1439 .lero—

1931 1477 2239 1547 solymitani
2281 1478 2570 1546 permissu,
2609 1478 2701 1531 sed
2729 1477 2881 1543 jussu
2918 1477 3114 1541 etiam;
3146 1477 3236 1544 qui
3266 1477 3330 1530 ad
3354 1476 3497 1531 hunc

1932 1585 2092 1624 unum
2124 1569 2418 1638 Scriptura:
2450 1584 2619 1623 sacra:
2651 1567 3069 1635 interpretanda:
3101 1583 3296 1620 munus
3340 1569 3495 1621 detu-

1928 1659 2129 1714 ierunt.
2164 1660 2297 1715 Cum
2333 1661 2474 1714 enim
2516 1664 2566 1714 in
2616 1662 2733 1731 ejus
2778 1678 2938 1717 causa
2973 1663 3138 1716 variae
3188 1671 3369 1716 essent
3403 1677 3495 1715 va-

1931 1752 2136 1807 riorum
2168 1753 2471 1818 sententiae,
2499 1754 2737 1822 duasque
2767 1755 2911 1809 velut
2942 1755 2993 1808 in
3024 1764 3207 1824 partes
3242 1758 3492 1809 universa

254 1842 451 1895 recitat
482 1840 813 1899 Justinianus
848 1847 899 1899 in
934 1849 1118 1901 eadem
1143 1848 1365 1916 epistola
1392 1863 1407 1901 :
1454 1849 1518 1902 Τί
1561 1824 1822 1915 δὲίεῐτέω,
1857 1824 1900 1879 Β
1928 1842 2151 1897 abiisset
2174 1844 2417 1898 Ecclesia
2438 1884 2453 1908 ,
2483 1844 2708 1899 infensis
2737 1845 2962 1914 reliquis
2995 1846 3351 1913 patrocinium
3377 1845 3493 1910 ejus

254 1932 468 2002 inquit,
523 1935 794 2006 Ἠρακλᾶν
833 1938 925 1991 καὶ
984 1940 1295 2011 Δημήτριον
1343 1942 1468 2005 τοὺς
1525 1943 1826 2014 μακαρίους

250 2024 586 2090 ἐπισκόπους
617 2044 630 2092 ;
678 2028 822 2092 οἵους
854 2033 1192 2102 πειρασμοὺς
1239 2033 1549 2104 ὑπέστησαν
1598 2034 1701 2087 ὑπὸ
1732 2034 1822 2088 τοῦ

256 2114 518 2187 μανὲντος
563 2118 886 2188 Ὠριγένους,
928 2123 1020 2175 καὶ
1050 2122 1213 2175 αὐτοῦ
1244 2124 1517 2194 σχίσματα
1541 2124 1824 2195 βάλλοντος

251 2212 315 2264 ὲν
330 2215 397 2282 τῇ
416 2213 728 2286 Ἑκκλησίᾳ,
758 2216 825 2268 τὰ
849 2216 952 2279 ἓως
983 2218 1221 2287 σήμερον
1250 2220 1493 2289 ταραχὰς
1521 2221 1654 2291 αὐτῇ
1684 2221 1824 2290 ἐγεί-

258 2316 459 2371 ραντα·
503 2302 639 2367 Quid
680 2316 855 2358 autem
900 2307 1069 2359 dicam
1101 2306 1385 2361 Heraclam
1429 2321 1474 2363 et
1506 2311 1822 2365 Demetrium

250 2391 433 2445 beatos
467 2396 734 2463 episcopos
772 2397 797 2449 ?
828 2396 1021 2462 Quales
1054 2400 1361 2454 tentationes
1393 2402 1456 2453 ab
1480 2402 1668 2457 insano
1700 2402 1823 2456 Ori-

248 2498 380 2552 gene
393 2484 538 2547 passi
556 2496 698 2550 sunt,
713 2503 829 2540 cum
842 2499 888 2541 et
912 2489 1131 2542 dissidia
1156 2500 1343 2543 sereret
1362 2492 1413 2543 in
1435 2489 1687 2555 Ecclesia,
1706 2510 1822 2560 qua:

248 2574 321 2626 ad
351 2576 485 2629 lianc
514 2593 675 2647 usque
703 2579 837 2631 diem
878 2579 1054 2632 turbas
1084 2579 1139 2633 in
1180 2597 1239 2633 ea
1279 2580 1573 2634 excitarunt
1600 2580 1626 2632 .9
1658 2580 1819 2634 Deni-

247 2682 356 2737 que
376 2668 657 2735 Eusebius,
686 2679 744 2724 ut
773 2671 885 2740 jam
920 2686 949 2725 a
977 2687 1061 2726 me
1092 2682 1332 2726 notatum
1362 2680 1464 2736 est,
1487 2672 1538 2724 in
1563 2670 1818 2726 Chronico

250 2761 539 2831 Origenem
567 2763 843 2819 exsulasse
874 2765 1065 2835 ﬁngit,
1097 2765 1313 2819 biennio
1372 2775 1652 2835 postquam
1698 2766 1815 2833 epi-

246 2871 447 2925 scopus
500 2868 715 2912 creatus
755 2868 837 2913 est
894 2858 1169 2914 Heraclas.
1213 2858 1324 2930 (69)
1350 2859 1530 2914 Facile
1572 2858 1817 2929 equidem

244 2950 501 3005 existimo
534 2939 787 3005 Demetrii
823 2951 1084 3005 adversus
1123 2949 1407 3019 Origenem
1440 2954 1658 3006 decreto
1689 2954 1819 3006 asti-

245 3041 490 3111 pulatum
534 3041 699 3095 fuisse
745 3040 1025 3095 Heraclam
1068 3041 1247 3094 adhuc
1296 3042 1711 3112 presbyterum,
1764 3051 1818 3098 et

247 3132 410 3189 simul
444 3141 502 3187 ut
545 3133 915 3204 episc0patum
964 3132 1186 3201 adeptus
1225 3141 1348 3197 est,
1390 3133 1690 3189 decessoris
1736 3134 1814 3188 sui
1844 3174 1885 3232 ϐ

247 3228 603 3284 conﬁrmasse
644 3228 902 3290 edictum,
931 3236 985 3279 et
1024 3227 1312 3295 quominus
1351 3228 1731 3281 restitueretur
1763 3230 1813 3282 in

244 3317 521 3387 integrum
547 3316 808 3384 Origenes
848 3316 1226 3385 impedivisse:
1262 3317 1335 3369 ait
1367 3317 1561 3385 quippe
1592 3315 1815 3372 Pitolius

242 3410 371 3466 cod.
409 3409 550 3473 IIS,
597 3409 775 3462 edicto
810 3407 1067 3461 Demetrii
1116 3407 1503 3476 subscripsisse
1550 3418 1814 3477 quotquot

242 3503 349 3571 ipsi
369 3500 591 3571 Origeni
615 3509 775 3554 antea
798 3498 1075 3567 suifragati
1106 3498 1341 3552 fuerant.
1370 3499 1565 3553 Verum
1596 3514 1813 3567 persua-

242 3592 362 3646 deri
398 3608 504 3644 non
535 3588 893 3660 possum‘jam
931 3599 1041 3642 tum
1070 3588 1266 3648 abiisse
1312 3591 1660 3655 Demetrium,
1690 3606 1810 3643 cum

243 3676 576 3737 Alexandria
611 3681 853 3749 dejeclus
879 3690 961 3734 est
988 3679 1265 3749 Origenes,
1300 3693 1351 3736 et
1379 3697 1476 3735 cur
1507 3682 1815 3751 expellere-

245 3785 337 3828 tur
366 3782 640 3826 auctorem
688 3772 856 3826 fuisse
900 3771 1178 3826 Heraciam
1205 3813 1219 3836 ,
1258 3782 1445 3826 contra
1493 3773 1810 3827 Eusebianze

245 3864 504 3919 Historiae
537 3864 999 3928 testiﬁcationem,
1033 3873 1088 3917 ct
1130 3862 1436 3932 llieronymi
1466 3864 1589 3918 libr.
1622 3880 1656 3918 II
1689 3866 1831 3931 adv.

243 3956 425 4027 Ruﬁn.
454 3998 470 4024 ,
500 3971 620 4025 cap.
658 3956 691 4009 5
718 3996 733 4021 ,
784 3966 839 4011 et
889 3958 1057 4025 ipsius
1106 3957 1265 4010 etiam
1309 3957 1557 4027 Origenis
1582 4001 1595 4023 ,
1628 3960 1716 4027 qui
1756 3959 1808 4011 in

244 4050 466 4119 epiStola
495 4051 560 4103 ad
585 4050 788 4104 amicos
808 4048 1207 4103 Alexandrinos
1226 4058 1349 4117 post
1370 4048 1620 4102 exsilium
1642 4050 1809 4118 ipsius

243 4145 447 4213 scripta
470 4182 486 4209 ,
516 4144 846 4198 Demetrium
880 4142 1125 4212 aliosque
1168 4124 1456 4198 adversum
1486 4160 1544 4197 se
1575 4157 1808 4201 consen-

244 4236 443 4290 tientes
468 4235 767 4290 ulciscitur.

319 4326 459 4382 XVI.
494 4328 608 4399 (70)
647 4328 935 4398 Postquam
988 4342 1053 4382 ex
1104 4326 1210 4382 hoc
1242 4327 1466 4382 tumultu
1504 4329 1806 4385 Caesaream

243 4436 364 4476 sese
388 4423 590 4491 recepit
619 4420 899 4490 Origenes,
924 4419 1079 4475 fama:
1100 4437 1209 4475 sua:
1237 4431 1312 4476 tot
1333 4422 1620 4476 calumniis
1641 4437 1809 4492 appe-

245 4515 355 4569 titae
382 4514 674 4581 consuluit,
707 4523 763 4570 et
814 4515 1110 4571 submissas
1166 4516 1220 4571 in
1259 4517 1493 4572 nominis
1521 4517 1603 4572 sui
1633 4531 1804 4586 oppu-

1925 1952 1988 1991 ac
2049 1936 2411 1991 defensionem
2470 1938 2798 2004 Palaestina,
2856 1938 3129 1994 Phoenicia
3193 1947 3246 1992 et
3292 1938 3490 1991 Arabia

1925 2038 2281 2097 susceperunt
2312 2044 2578 2096 :quarum
2610 2030 2934 2083 auctoritate
2955 2031 3123 2085 fretus
3157 2046 3275 2084 sese
3309 2045 3492 2084 sacer-

1924 2119 2069 2173 dotio
2111 2136 2173 2174 ac
2210 2121 2470 2175 Ecclesia:
2530 2121 2916 2175 communione
2955 2123 3221 2176 excidisse
3270 2123 3492 2176 minime

1927 2220 2078 2264 ratus
2112 2221 2217 2276 est,
2242 2222 2295 2266 et
2325 2212 2467 2266 inter
2490 2226 2583 2267 eas
2619 2213 2844 2281 gradum
2880 2229 3038 2270 suum
3074 2229 3136 2268 ac
3168 2213 3487 2282 dignitatem

1922 2302 2171 2357 oblitittit.

1996 2392 2158 2450 XVII.
2190 2392 2581 2464 Jerosolymam
2614 2410 2831 2465 quoque
2877 2396 3065 2450 iisdem
3103 2396 3322 2450 circiter
3356 2408 3490 2450 tem-

1924 2488 2141 2554 poribus
2179 2486 2329 2549 adiit,
2364 2488 2564 2540 Christi
2611 2486 3091 2556 apostolorumque
3150 2490 3365 2542 visurus
3398 2502 3489 2541 ve-

1921 2578 2100 2647 stigia.
2138 2578 2252 2649 (7i)
2278 2579 2350 2632 lbi
2387 2580 2732 2633 vehementer
2753 2579 2821 2632 ab
2850 2594 2915 2632 eo
2953 2579 3107 2647 petiit
3144 2581 3487 2634 sacerdotum

1921 2670 2202 2739 collegium
2232 2670 2366 2739 (72),
2399 2681 2458 2723 ut
2503 2672 2555 2724 in
2589 2671 2819 2725 ecclesia
2868 2671 3027 2724 verba
3065 2671 3304 2735 iaceret;
3341 2686 3490 2724 cum-

1920 2775 2025 2831 que
2053 2761 2159 2814 vim
2204 2765 2269 2816 ad
2302 2763 2697 2830 impetrandum
2732 2762 3116 2830 propemodum
3160 2762 3486 2816 adhiberent

1920 2856 2013 2923 qui
2053 2865 2321 2924 praeerant
2372 2855 2564 2921 sacris,
2598 2870 2888 2923 assurgens
2929 2857 3020 2911 ille
3045 2865 3320 2923 assumpto
3348 2855 3488 2908 libro

1922 2947 2060 3001 unde
2111 2946 2211 3001 sibi
2258 2957 2628 3015 argumentum
2679 2948 2955 3020 deligeret,
2994 2951 3044 3003 iu
3097 2949 3241 3002 hunc
3288 2948 3488 3018 epsal-

1921 3054 2007 3092 tuo
2038 3054 2189 3102 thx,
2240 3053 2452 3093 versum
2499 3038 2639 3094 forte
2699 3040 2888 3095 incidit
2930 3061 2943 3097 :
2984 3041 3255 3096 Peccatori
3309 3052 3485 3095 autem

1919 3128 2053 3184 dixit
2091 3130 2231 3185 Deus
2257 3149 2274 3186 :
2300 3130 2476 3196 Quare
2503 3141 2557 3183 tu
2584 3148 2803 3186 enarras
2824 3133 3067 3203 justitias
3100 3150 3263 3196 meas,
3298 3142 3347 3185 et
3390 3149 3487 3187 as-

1916 3224 2079 3275 sumis
2110 3232 2480 3277 testamentum
2511 3240 2682 3276 meum
2732 3241 2823 3292 per
2868 3242 2925 3279 os
2974 3227 3166 3279 tuum?
3193 3225 3307 3290 Quo
3347 3225 3486 3279 reci-

1917 3325 2050 3381 tato,
2081 3316 2240 3384 quasi
2276 3332 2371 3370 sua
2404 3316 2507 3371 sibi
2556 3332 2585 3369 a
2634 3316 2743 3371 Deo
2769 3318 2992 3385 perﬁdia
3038 3319 3483 3386 exprobraretur,

1917 3407 1968 3460 in
2002 3417 2178 3460 tantos
2210 3408 2387 3462 luctus
2434 3407 2645 3471 incidit,
2677 3418 2732 3460 ut
2766 3409 3072 3462 astantibus
3105 3408 3369 3461 universis
3406 3408 3483 3459 la-

1914 3514 2127 3568 crymas
2154 3509 2449 3553 excuteret.
2492 3499 2626 3552 Cum
2662 3514 2791 3553 vero
2829 3514 2887 3555 se
2937 3499 3228 3567 aliquando
3254 3498 3480 3563 Christi,

1914 3590 2392 3660 apostolorumque
2415 3592 2779 3660 perlustrasse
2810 3592 3036 3661 vestigia
3067 3591 3479 3660 signiﬁcaverit,

1914 3691 2046 3736 tom.
2084 3698 2133 3737 vr
2184 3684 2241 3737 in
2294 3684 2483 3747 Joan.,
2514 3698 2660 3737 num.
2696 3683 2788 3747 24,
2825 3698 2949 3753 pag.
2985 3683 3113 3745 I40,
3149 3684 3233 3737 Itis
3276 3692 3482 3750 tempo-

1914 3777 2064 3831 ribus
2092 3779 2141 3831 id
2168 3777 2328 3830 tribui
2355 3793 2510 3847 posse
2539 3793 2843 3832 censemus.
2869 3778 2993 3833 lnde
3020 3793 3148 3832 vero
3177 3794 3283 3833 non
3312 3778 3481 3833 multo

1910 3880 2031 3942 post
2058 3870 2332 3940 digressus
2351 3880 2454 3925 est.

1982 3963 2167 4018 XVIII.
2202 3963 2402 4018 Scribit
2433 3962 2767 4033 Epiphanius
2802 3964 2933 4018 hxr.
2962 3963 3054 4030 64,
3089 3981 3208 4034 cap.
3236 3965 3290 4032 5,
3320 3974 3374 4020 et
3402 3964 3481 4020 De

1908 4057 2068 4126 poud.
2102 4068 2148 4110 et
2185 4073 2373 4123 mens.,
2411 4072 2540 4126 cap.
2577 4057 2664 4120 I8,
2696 4055 2900 4127 Tyrum
2932 4060 3269 4112 concessisse
3304 4058 3478 4128 ipsqu

1910 4158 2033 4217 post
2077 4148 2589 4219 Jerosolymitanum
2620 4148 2741 4212 iter,
2771 4158 2939 4217 atque
2981 4149 3056 4203 ibi
3086 4164 3181 4217 per
3211 4165 3479 4203 annorum

1908 4252 2032 4298 octo
2061 4251 2115 4297 et
2148 4241 2338 4310 viginti
2382 4242 2671 4295 decursum
2726 4240 2778 4318 in
2842 4240 3283 4309 interpretandis,
3327 4241 3479 4307 juxta

1908 4333 2179 4388 Ambrosii
2231 4332 2525 4402 postulata,
2577 4332 2878 4400 Scripturis
2920 4334 3089 4385 otium
3140 4348 3295 4386 suum
3344 4348 3479 4386 con-

1909 4426 2227 4497 sumpsisse.
2266 4425 2513 4479 Dicerem
2565 4436 2881 4495 corruptum
2934 4441 2963 4479 a
3012 4424 3253 4479 librariis
3303 4440 3480 4478 nume-

1910 4531 2051 4581 rum,
2084 4515 2185 4570 nisi
2223 4514 2431 4571 duobus
2464 4515 2603 4582 apud
2628 4512 2990 4584 Epiphaniutn
3017 4514 3152 4569 locis
3188 4514 3488 4593 haberetur

311 4745 421 4816 (68)
449 4744 764 4808 Combeiis.,
790 4744 903 4797 Act.
931 4744 993 4798 V.
1032 4744 1172 4799 Petr.
1204 4760 1256 4814 p.
1280 4746 1421 4813 205;
1455 4745 1655 4799 Concil.
1676 4753 1806 4799 tom.
1844 4740 1886 4795 ι)
1918 4743 2247 4816 Demetriani
2275 4743 2487 4798 concilii
2523 4744 2662 4816 actis
2685 4743 3091 4816 subscripsisse.
3116 4743 3274 4800 Certe
3290 4746 3477 4801 nullibi

235 4814 307 4879 Ὗ,
324 4814 458 4879 pag.
492 4816 617 4870 652.

317 4834 648 4956 (ἓῗρῗῬΡὲεἶῖε
680 4886 929 4954 equidem
983 4887 1224 4956 existimo
1281 4886 1527 4956 Demetrii
1560 4886 1810 4939 adversus

250 4955 524 5025 Origenem
562 4956 768 5010 decreto
810 4955 1154 5022 astipulatum
1182 4955 1346 5023 fuisse
1370 4955 1676 5019 Heraclam,
1702 4966 1809 5009 etc.

244 5026 297 5079 Id
331 5037 387 5079 ut
416 5029 662 5079 crederet
691 5027 913 5080 liuetius
942 5026 1203 5079 adductus
1243 5035 1325 5079 est
1372 5026 1509 5078 male
1541 5026 1812 5079 intellecto

244 5096 342 5149 hoc
374 5096 551 5150 Pltotii
588 5097 703 5148 loco
735 5098 856 5150 cod.
893 5096 993 5148 iI8
1020 5114 1033 5149 :
1078 5096 1201 5149 Ἀλλ
1231 5096 1323 5164 ὅγε
1354 5096 1660 5165 Δημήτριος
1694 5096 1809 5165 ἅμα

243 5169 379 5220 τισὶν
442 5167 756 5230 ἐπισκόποις
809 5167 1153 5234 Αἰγυπτίοις,
1206 5166 1301 5219 καὶ
1356 5167 1453 5236 τῆς
1517 5165 1811 5236 ἱερωσύνης

244 5236 572 5309 ἀπεκήρυξε,
605 5236 1126 5309 συνυπογραψάντων
1157 5238 1359 5309 καὶ-’τῇ
1408 5236 1675 5304 ἀποφάσει
1703 5237 1809 5289 τῶν

247 5305 555 5379 συμψῆφων
590 5307 750 5379 Ῠαὺτῴ
788 5305 1184 5377 γεγενημένωνἶ
1257 5305 1445 5361 Verum
1512 5309 1805 5379 Demetrius

246 5376 351 5431 una
374 5376 497 5430 cum
540 5376 761 5447 Ai'gypti
793 5376 1046 5443 episcopis
1085 5379 1310 5446 aliquot,
1350 5376 1641 5430 sacerdotio
1684 5393 1809 5446 quo-

244 5463 340 5515 que
386 5450 539 5501 illum
587 5450 900 5516 abjudicat,
939 5447 1376 5501 subscribentibus
1427 5447 1587 5499 etiam
1634 5450 1802 5500 edicto

243 5519 388 5581 huic,
416 5531 662 5586 quotquot
700 5528 853 5571 antea
879 5518 1162 5585 su/fragati
1188 5518 1235 5571 ei
1271 5518 1513 5584 fuissent.
1545 5517 1597 5568 In
1632 5533 1698 5570 eo
1742 5532 1800 5572 se

245 5590 419 5655 decipi
454 5604 645 5657 passus
681 5599 783 5651 est,
812 5594 952 5655 quod
1002 5602 1185 5658 vocem
1238 5587 1386 5658 αὐτῷ
1415 5589 1480 5639 ad
1510 5586 1798 5658 Origenem

244 5655 472 5722 deferat,
494 5674 615 5713 cum
646 5660 710 5710 ad
745 5658 1068 5711 Demetrium
1098 5655 1373 5711 referenda
1402 5658 1493 5712 sit.
1515 5655 1624 5709 Hoc
1656 5659 1797 5713 enim

244 5741 407 5781 unum
462 5730 539 5782 ait
596 5729 838 5790 Photius,
886 5736 1147 5796 quotquot
1199 5730 1393 5796 prioris
1440 5727 1795 5780 Detuetrianae

244 5798 430 5867 synodi
484 5800 703 5857 decreto
743 5798 1197 5868 subscripseraut,
1230 5798 1443 5855 eosdem
1480 5797 1792 5867 posterioris

1919 4815 2058 4879 apud
2113 4813 2491 4886 Hieronymum
2540 4814 2765 4886 legimus
2811 4813 3137 4886 ab_Heracla
3187 4818 3476 4886 quidquam

1919 4892 2103 4938 contra
2134 4882 2425 4953 Origenetn
2457 4882 2636 4937 actum
2669 4882 2851 4937 fuisse.
2882 4883 3075 4952 Ecquis
3101 4882 3242 4938 enim
3281 4882 3479 4940 iii—cre-

1918 4954 2009 5007 dat
2039 4954 2104 5007 de
2133 4952 2381 5017 Heracla,
2411 4970 2572 5024 quettt
2625 4953 2885 5023 Origenes
2943 4970 3037 5023 per
3091 4956 3304 5021 triginta
3368 4958 3479 5010 fere

1919 5039 2091 5077 annos
2121 5024 2440 5093 discipulum
2475 5025 2734 5077 habuerat
2772 5042 2785 5077 :
2820 5025 2905 5079 cui
2940 5026 3267 5077 Alexandria
3311 5028 3481 5080 disce-

1920 5093 2050 5164 dens
2079 5096 2422 5148 cateclieticae
2453 5095 2651 5148 scholae
2689 5110 2883 5149 munus
2932 5095 3167 5163 reliquit,
3205 5105 3258 5147 et
3286 5098 3374 5164 qui
3405 5098 3477 5149 si-

1919 5162 2191 5232 bimetipsi
2222 5165 2533 5233 subrogavit
2564 5164 2874 5235 Dionysium
2927 5164 3175 5232 Origenis
3210 5162 3372 5218 etiam
3397 5166 3479 5219 di-

1915 5235 2214 5288 scinttlutn?

2012 5304 2104 5373 70)
2142 5301 2425 5374 Postquam
2477 5320 2540 5357 ea:
2595 5306 2691 5356 hoc
2754 5305 2979 5357 tumultu
3014 5304 3336 5367 Cresaream,
3361 5316 3465 5361 etc.

1914 5374 2066 5440 Quod
2104 5384 2215 5429 toto
2271 5377 2322 5428 in
2390 5376 2554 5428 hocce
2606 5374 2832 5427 articulo
2877 5377 2951 5427 ait
2983 5375 3226 5438 Iluetius,
3256 5377 3474 5431 tutnime
3572 5436 3575 5437 ν

1912 5456 2060 5515 certe
2108 5446 2347 5501 cohaeret
2380 5462 2503 5499 cum
2535 5446 2785 5515 Origenis
2812 5443 3015 5515 ﬂagitio
3048 5455 3103 5498 et
3131 5448 3470 5514 pcenitentia,

1910 5525 1967 5568 ut
1992 5514 2101 5585 jam
2135 5516 2389 5585 diximus.

1978 5584 2093 5655 (7i)
2122 5584 2150 5637 1
2160 5586 2209 5638 bi
2238 5586 2560 5639 vehementer
2585 5586 2649 5638 ab
2680 5601 2738 5637 eo
2765 5586 2916 5653 petiit
2950 5585 3280 5640 sacerdotum
3311 5585 3473 5641 colle-

1904 5656 2069 5724 gium,
2099 5665 2202 5709 etc.
2237 5655 2360 5711 Haec
2405 5671 2471 5711 ex
2521 5657 2709 5709 iisdem
2738 5658 2962 5722 impuris
2995 5658 3231 5711 fontibus
3257 5672 3321 5712 ae
3352 5655 3474 5713 Ori-

1909 5727 2071 5799 geu_is
2090 5726 2403 5799 idololatriae
2433 5728 2711 5799 historiam
2756 5726 2938 5799 hausit
2967 5725 3322 5799 Epiphanius.

1969 5794 2082 5867 (72)
2118 5796 2306 5868 Epiph.
2332 5798 2463 5853 hmr.
2490 5796 2576 5861 6i,
2617 5810 2732 5865 cap.
2766 5797 2820 5852 2.
