4020 6306
532 389 636 444 675
1656 335 1661 339 ’
1799 376 1860 431 P.
1903 374 2119 430 DANIEI

2129 376 2218 432 QIS
2256 375 2492 436 HUE'I‘II
3627 392 3716 448 676

531 511 713 581 gorius
767 506 1059 578 Nyssenus,
1122 515 1356 570 eumque
1415 515 1482 554 ex
1538 498 1706 553 variis
1764 506 1819 552 et
1873 495 2100 552 incertis
2131 498 2380 568 Apsisse
2409 514 2468 554 se
2496 499 2579 555 vel
2612 500 2877 558 recitasse
2934 501 3204 573 agnoscit,
3235 517 3401 573 neque
3439 519 3721 576 quamquam

528 602 870 658 ethnicorum
926 594 1370 668 philosophorum
1399 591 1468 645 de
1509 590 1618 645 Deo
1657 589 1943 644 sententiis
1989 589 2104 644 veri
2208 592 2530 645 recitantem
2583 592 2822 657 audisse,
2853 594 3216 662 praeterquam
3266 595 3584 650 admirandos
3625 599 3728 654 illos

530 693 625 747 Dei
663 688 908 744 notitiam
957 685 1202 739 hausisse
1243 682 1572 736 testificatur
1603 680 1655 734 in
1699 679 1821 732 Vita
1867 676 2108 748 Gregorii
2206 680 2372 747 viros,
2413 696 2556 738 verae
2615 685 2972 756 philosophiae
3033 695 3322 753 amatores,
3372 687 3730 755 condiscipulos

532 779 940 847 T-haumaturgi,
973 792 1100 847 pag.
1131 774 1255 829 559.
1305 774 1499 828 Mirum
1533 788 1660 828 vero
1686 772 1976 841 scripsisse
1999 771 2106 826 Bea-
2206 787 2401 842 nempe
2453 789 2600 838 suos,
2654 775 2906 845 Origenis
2955 777 3140 832 itidem
3199 776 3483 832 auditores.
3538 775 3732 833 Minime

530 875 653 929 dam
682 873 795 944 (79)
844 871 1040 925 litteris
1079 869 1362 922 institutos
1389 867 1456 921 ab
1508 863 1742 934 Origene
1785 863 2104 932 Gregorium
2207 876 2339 916 vero
2365 878 2422 916 se
2446 863 2564 918 illos
2591 863 2836 918 dicentes
2855 880 2952 934 per
2973 865 3281 919 octennium
3313 864 3515 920 audisse
3543 863 3730 933 signiti-

529 978 586 1024 et
608 966 1044 1027 Athenodorum,
1073 964 1378 1029 imperante
1401 958 1677 1014 Gordiano
1703 973 1716 1009 :
1747 957 1942 1010 mirum
1972 971 2108 1025 qun-
2207 963 2315 1018 cat,
2343 955 2437 1008 sed
2489 969 2594 1008 non
2647 956 2812 1009 alium
2847 971 3173 1025 quemquam
3208 970 3301 1024 per
3330 955 3618 1010 octennium
3650 969 3735 1007 au-

529 1075 636 1129 que
667 1055 1008 1113 existimasse
1038 1052 1418 1107 Casaubonum
1457 1049 1596 1117 (80),
1626 1048 2105 1118 diligentissimum
2210 1045 2380 1100 disse.
2437 1045 2644 1101 Scribit
2697 1030 3038 1114 Nicephorius
3091 1045 3232 1102 Hist.
3289 1044 3380 1099 lib.
3428 1059 3478 1110 v,
3513 1059 3621 1114 cap.
3652 1043 3731 1107 20,

526 1160 675 1206 certe
703 1149 898 1215 virum,
943 1140 1039 1217 per
1074 1159 1247 1199 annos
1290 1143 1440 1212 ipsos
1469 1151 1592 1196 octo
1633 1139 1856 1210 Origeni
1884 1154 2103 1208 operam
2208 1134 2548 1205 Dionysium,
2609 1153 2735 1192 eum
2783 1137 2874 1206 qui
2943 1135 3185 1190 Heraclea
3230 1134 3360 1189 etin
3413 1133 3582 1188 schola
3607 1144 3657 1188 et
3685 1133 3731 1188 in

527 1243 740 1298 dedisse
765 1237 1117 1307 Gregorium,
1149 1235 1234 1289 vel
1265 1234 1483 1304 spretis,
1519 1233 1604 1287 vel
1654 1233 1977 1288 inconsultis
2007 1232 2106 1287 Eu-
2206 1227 2516 1295 episcopatu
2543 1228 2912 1283 Alexandrino
2936 1241 3218 1281 successor
3245 1225 3365 1288 fuit,
3397 1225 3494 1280 hoc
3521 1235 3733 1293 tempore

526 1335 680 1390 sebio
727 1341 783 1386 et
821 1331 1154 1398 Hieronymo
1178 1369 1196 1394 ,
1235 1329 1326 1397 qui
1371 1326 1797 1395 quinquennium
1846 1326 2108 1379 duntaxat
2205 1318 2368 1372 etiam
2405 1319 2727 1376 Adamantio
2764 1329 3093 1391 praeceptore
3123 1334 3245 1374 esse
3297 1333 3462 1372 usum.
3495 1316 3732 1372 Eusebius

527 1424 830 1494 assignant.
873 1418 1089 1476 Homini
1127 1431 1325 1486 nempe
1367 1417 1524 1470 valde
1549 1416 1754 1485 alioqui
1805 1414 2103 1484 perspicaci
2207 1417 2377 1473 certe,
2406 1425 2566 1478 quem
2595 1427 2759 1464 unum
2813 1411 2902 1466 hic
2941 1411 3155 1465 videtur
3187 1417 3475 1463 assectatus
3499 1407 3732 1477 Nicepho-

527 1515 782 1585 imposuit
813 1514 964 1568 locus
997 1513 1099 1566 iste
1125 1509 1372 1577 Gregorii
1405 1509 1574 1573 ipsius
1606 1508 1753 1579 (8i):
1796 1505 1957 1559 Ἀλλὰ
2010 1505 2106 1558 καὶ
2207 1516 2324 1568 rus,
2389 1501 2705 1574 Dionysium
2758 1503 3107 1559 Alexandriae
3171 1501 3416 1570 Origenis
3460 1501 3726 1554 auditorem

524 1606 790 1677 ὀκταέτης
839 1621 923 1675 μοι
973 1602 1162 1674 χρόνος
1205 1593 1359 1663 οὗτος
1413 1599 1534 1670 ἤδη,
1571 1596 1628 1664 ἐξ
1675 1592 1736 1651 οὗ
1786 1596 1909 1650 οὔτε
1945 1594 2106 1656 αὐτὸς

2207 1590 2376 1648 fuisse
2427 1594 2614 1660 docet;
2647 1595 2910 1650 (ζεῦξαι-ειη
2941 1608 3071 1648 vero
3103 1591 3274 1646 fuisse
3312 1591 3500 1656 itidem,
3528 1592 3575 1645 id
3613 1606 3730 1646 vero

525 1697 694 1752 εἰπών
713 1713 789 1762 τι,
821 1690 1096 1765 ἦγράψας
1126 1691 1283 1759 λόγον
1300 1690 1423 1743 τινὰ
1454 1686 1626 1758 μέγαν
1658 1685 1692 1756 ἢ
1725 1684 1938 1756 μικρὸν,
1970 1682 2106 1744 ὅλως

2206 1686 2347 1753 apud
2382 1701 2506 1740 eum
2546 1703 2812 1756 nusquam
2847 1687 3107 1756 reperias.
3143 1688 3214 1739 At
3242 1699 3345 1738 non
3389 1683 3603 1738 docendo
3651 1699 3731 1740 so-

525 1767 808 1860 τυγχάνωο
845 1784 968 1839 οὕτε
1008 1784 1167 1838 ἄλλου
1206 1781 1413 1854 ἤκουσά
1430 1797 1547 1844 του,
1585 1778 1692 1849 ἰδίᾳ
1718 1773 2102 1848 γράφοντος,ἢ

2208 1772 2337 1839 lum,
2352 1774 2443 1828 sed
2469 1775 2754 1830 scribendo
2776 1776 2938 1829 etiam
2961 1791 3056 1843 pro
3080 1790 3232 1828 more
3255 1787 3353 1828 suo
3373 1771 3565 1839 publice
3585 1774 3729 1842 prod-

523 1853 858 1948 λέκξολιτος,ἢ
907 1877 1001 1930 καὶ
1047 1875 1282 1945 δημοσίᾳ
1323 1871 1732 1941 πανηγυρικοὺς
1770 1867 1960 1935 λόγους
2009 1865 2104 1918 καὶ

2148 1853 2178 1907 Β
2207 1879 2325 1919 esse
2394 1867 2446 1918 in
2496 1868 2597 1920 hoc
2642 1865 2960 1922 Caesariensi
3010 1880 3234 1922 secessu
3265 1864 3514 1933 Origenes
3555 1872 3735 1934 satage-

523 1968 915 2038 ἁγωνιστικοὺς
965 1965 1358 2036 παρεχομένου,
1403 1963 1482 2015 ὅτι
1515 1959 1735 2032 μὴ·τῶν
1783 1955 2100 2029 θαυμασίων

2209 1956 2300 2012 bat
2329 1976 2343 2012 :
2370 1957 2524 2013 Isaia:
2549 1959 2750 2028 quippe
2782 1971 2837 2013 et
2868 1957 3166 2015 Ezechielis
3196 1956 3447 2014 vaticinia
3464 1966 3578 2012 tunc
3603 1971 3734 2013 coui-

525 2064 731 2118 τούτων
772 2060 1002 2133 ἀνδρῶν,
1028 2058 1136 2112 τῶν
1181 2057 1278 2129 τὴν
1307 2055 1475 2126 καλὴν
1507 2052 1823 2124 φιλοσοφίαν
1851 2053 2100 2104 ἀσπασα-

1240 2075 1278 2129 ιν
1307 2055 1475 2126 καλὴν
1507 2052 1823 2124 φιλοσοφίαν
1851 2053 2100 2104 ὰσπασα-
2209 2051 2489 2105 mentariis
2519 2050 2827 2107 illustravit.

537 2157 737 2227 μένων.
771 2155 854 2209 Ab
888 2163 1012 2208 octo
1057 2151 1217 2204 annis
1247 2161 1551 2204 sermonem
1594 2145 1801 2201 nullum
1837 2143 1922 2198 vel
1960 2142 2097 2198 scri-
2838 2137 2847 2147 '

1824 2402 2205 2494 CAPUT
2280 2403 2472 2492 III.

518 2596 562 2652 I.
591 2597 891 2651 Alexandro
950 2596 1138 2652 Severo
1177 2595 1409 2650 succedit
1459 2594 1803 2650 Maximinus.
1841 2593 2028 2664 Sexta,
2056 2594 2366 2664 persecutio.
2416 2593 2480 2648 II.
2529 2591 2814 2663 Gregorius
2862 2603 2912 2649 et
2953 2595 3328 2650 Athenodorus
3375 2594 3739 2651 Neoctesareant

593 2677 850 2736 repetunt.
903 2666 1154 2736 Origenes
1203 2665 1498 2720 Caesaream
1524 2666 1870 2733 Cappadociae
1913 2663 2391 2736 adiFirmilianum
2423 2665 2676 2735 confugit,
2724 2665 2855 2736 latet
2896 2667 3036 2734 apud
3081 2666 3382 2736 lulianum.
3411 2665 3490 2719 Ill.
3527 2666 3740 2734 Hexapla

588 2733 822 2790 inchoat.
860 2738 947 2791 IV.
985 2735 1176 2790 Scribit
1206 2736 1395 2788 librant
1429 2738 1501 2788 De
1551 2737 1833 2806 martyrio.
1870 2733 2302 2806 VarMaaiminus
2347 2737 2502 2800 perit,
2543 2733 2775 2788 succedit
2813 2733 3134 2789 Gordianus.
3167 2733 3260 2789 VI.
3295 2735 3534 2804 Origenes
3576 2733 3738 2790 iterum

589 2809 817 2860 Athenas
844 2807 1217 2875 proficiscitur,
1238 2806 1569 2859 Ambrosium
1590 2805 1753 2860 obiter
1779 2807 1892 2859 adit
1929 2805 2273 2868 Nicomediae,
2321 2806 2538 2875 Athenis
2571 2807 2786 2858 absolvit
2818 2807 3250 2860 Commentarios
3278 2823 3398 2860 suos
3429 2807 3478 2859 in
3505 2806 3738 2860 JOauuent

589 2885 640 2930 et
666 2881 716 2929 in
745 2874 1102 2939 Ezecliielem,
1124 2879 1256 2930 alios
1296 2875 1506 2928 inchoat
1547 2876 1604 2929 in
1647 2876 1927 2930 Canticum
1949 2876 2304 2930 canticorum.
2344 2877 2448 2929 V‘II.
2477 2874 2774 2930 Caesaream
2807 2875 3069 2930 Stratonis
3112 2879 3318 2941 repetit,
3346 2875 3740 2930 Commentarios

590 2947 646 3001 in
687 2946 972 3000 Canticum
994 2947 1236 3008 absolvit,
1267 2945 1641 3017 Firniilianum
1667 2948 1851 3000 iterum
1899 2946 1954 3017 in
1989 2945 2340 3017 disciplinam
2370 2948 2576 3017 recipit.
2607 2945 2736 3002 VIII.
2761 2949 2844 3017 ῥά
2877 2947 3286 3017 convincenda":
3311 2946 3500 3016 Berylli
3527 2947 3737 2998 hrrresim

587 3017 834 3070 Bostram
877 3020 1180 3081 accersitur,
1209 3019 1262 3070 in
1298 3014 1644 3070 Pala'stinam
1670 3019 1821 3071 redit.
1856 3015 1947 3070 IX.
1975 3015 2094 3070 Obit
2129 3014 2450 3079 Gordianus,
2475 3014 2704 3070 succedit
2751 3015 3048 3082 Philippus.
3095 3015 3162 3070 X.
3203 3014 3472 3069 Utrum—tt
3515 3016 3739 3084 Dionysio

588 3086 946 3141 Alexandrino
977 3098 1304 3156 oppugnatus
1338 3086 1496 3156 fuerit
1525 3086 1796 3156 Origenes.
1841 3087 1930 3142 XI.
1963 3085 2212 3152 Origenes
2241 3089 2584 3155 sexagenario
2625 3086 2799 3156 major
2836 3087 3017 3156 scribit
3043 3098 3227 3140 contra
3269 3086 3498 3149 Celsum,
3542 3089 3590 3138 in
3619 3087 3742 3139 Mat-

590 3159 809 3220 thwum,
857 3166 907 3210 et
942 3148 1698 3224 inidubdecim'PrOphettis;
1747 3159 1872 3212 item
1913 3148 2216 3210 innumeras
2255 3148 2522 3220 episiolas.
2562 3156 2673 3210 XII.
2706 3148 2912 3210 'Utrum
2966 3155 3246 3225 Philippus
3287 3148 3567 3223 imperator
3602 3156 3741 3223 fuerit

586 3227 942 3297 Christianus.
988 3227 1120 3282 XIII.
1152 3226 1415 3280 Homilias
1437 3244 1558 3280 suas
1591 3236 1700 3280 tum
1730 3226 2179 3297 primumriexcipi
2213 3231 2416 3293 patitur
2438 3226 2716 3296 Origenes,
2746 3227 2871 3294 ﬁdei
2907 3244 3016 3282 sua:
3061 3231 3441 3295 professionem
3494 3227 3641 3278 mittit
3680 3226 3739 3297 ad

585 3296 886 3351 Fabianum
927 3314 1116 3365 papam
1159 3305 1209 3349 et
1261 3298 1395 3351 alios
1428 3299 1715 3366 episwpos.
1765 3297 1905 3352 XIV.
1967 3296 2194 3350 Vocatur
2251 3299 2320 3350 ad
2373 3300 2652 3351 concilium
2701 3299 2950 3352 adversus
2991 3300 3223 3352 Arabum
3266 3300 3543 3361 lateresim,‘
3583 3296 3741 3350 scribit

584 3371 831 3423 adversus
873 3367 1198 3421 Helcesaitas
1225 3384 1246 3433 ;
1284 3368 1576 3438 Appellitas
1601 3369 1876 3439 proﬂigat.

584 3591 628 3646 I.
666 3592 801 3646 Dum
845 3589 932 3645 his
969 3591 1232 3647 intentum
1254 3591 1497 3646 animum
1520 3590 1682 3646 habet
1706 3589 2088 3659 Adamantius,
2119 3596 2162 3655 C
2195 3606 2487 3663 aggressus
2531 3599 2636 3655 est,
2677 3603 2740 3645 ae
2805 3589 3145 3646 Christianos
3203 3590 3566 3660 potissimum.
3611 3585 3744 3655 Quos

511 3700 685 3742 casus
718 3696 803 3742 est
831 3702 952 3740 cum
983 3685 1263 3740 Mammaea
1295 3694 1473 3740 matre
1496 3685 1804 3739 Alexander
1835 3683 2092 3750 Severus,
2198 3701 2316 3742 cum
2342 3703 2462 3743 esse
2506 3687 2699 3742 fuisset
2725 3703 2915 3758 passus
2944 3687 3280 3750 Alexander,
3326 3689 3560 3743 funditus
3583 3687 3744 3742 delere

513 3787 636 3847 post
671 3776 1112 3830 administratum
1146 3776 1305 3830 anuis
1330 3776 1591 3831 tredecim
1631 3775 1893 3845 singulari
1920 3776 2097 3830 conti-
2194 3779 2519 3834 Maximinus
2556 3780 2784 3849 optavit.
2821 3779 3026 3834 Bellum
3065 3791 3218 3835 atrox
3277 3781 3458 3850 itaque
3509 3777 3744 3834 Ecclesia:

514 3869 698 3922 nentia
726 3877 780 3921 et
809 3868 1066 3937 aequitate
1097 3868 1404 3936 imperium.
1448 3867 1681 3921 Sceleris
1709 3878 1896 3922 auctor
1922 3865 2092 3920 Maxi-
2197 3868 2444 3936 infertur,
2491 3870 2844 3940 neglectaque
2884 3868 3322 3925 Christianorum
3369 3870 3538 3939 vulgo,
3579 3882 3746 3923 sacer-

514 3959 717 4022 minus,
751 3960 911 4014 homo
935 3968 1095 4031 gente
1124 3976 1187 4012 ac
1222 3957 1462 4012 moribus
1491 3959 1774 4020 barbarus,
1805 3960 1855 4013 in
1873 3958 2089 4013 demor-
2197 3962 2350 4016 dotes
2382 3963 2542 4016 morti
2595 3976 2660 4016 ac.
2703 3962 2967 4032 supplicio
3008 3963 3380 4028 destinantur,
3409 3974 3464 4017 ut
3499 3960 3744 4017 detractis

517 4051 594 4106 tui
644 4052 818 4106 locum
852 4053 1118 4107 sutl‘eetus
1146 4063 1254 4120 est,
1287 4052 1372 4106 cui
1411 4065 1510 4105 nec
1538 4050 1801 4107 obtulisse
1835 4060 2085 4115 mortem,
2193 4054 2460 4108 columnis
2494 4053 2762 4110 labefacta
2791 4057 2934 4111 aedes
2960 4065 3259 4113 corrueret.
3293 4056 3372 4124 Id,
3398 4056 3477 4110 vel
3498 4055 3561 4109 ob
3590 4066 3742 4106 unum

514 4153 572 4200 et
621 4144 674 4198 in
717 4144 835 4213 ejus
886 4145 1202 4215 dignitatem
1258 4144 1529 4199 involasse
1581 4153 1894 4208 contentus,
1942 4144 2084 4212 piam
2192 4147 2428 4201 maxime
2459 4145 2771 4214 Origenem,
2806 4147 3019 4202 consilii
3042 4147 3212 4203 fuisse
3244 4156 3558 4217 susceptum
3591 4143 3748 4199 refert

514 4237 701 4305 optimi
733 4237 1072 4307 imperatoris
1092 4236 1372 4301 familiam,
1414 4246 1470 4293 et
1495 4251 1844 4306 quoscunque
1866 4235 2084 4301 charos,
2192 4235 2419 4290 Orosius
2449 4236 2544 4292 lib.
2575 4252 2670 4301 vn,
2705 4253 2826 4308 cap.
2863 4238 2965 4302 I9;
3021 4249 3079 4292 et
3113 4249 3233 4308 post
3265 4255 3396 4294 eum
3448 4239 3583 4294 Beda
3622 4236 3743 4306 (δί),

513 4329 640 4384 dum
667 4342 811 4386 esset
841 4331 894 4384 in
932 4330 1087 4396 vivis,
1135 4331 1424 4396 habuerat,
1453 4329 1630 4384 ferino
1662 4329 1766 4383 ritu
1818 4329 2082 4384 devexare
2190 4327 2528 4398 Freculphus
2567 4326 2764 4384 Chron.
2812 4338 2942 4384 tom.
2971 4329 3034 4390 II.
3064 4330 3158 4385 lib.
3193 4347 3275 4397 Ill,
3305 4346 3361 4385 c.
3401 4331 3455 4398 2,
3485 4338 3539 4385 et
3564 4327 3773 4396 Mariae

513 4491 794 4546 medicina:
823 4492 1060 4544 studiosa
1083 4492 1333 4562 juventus
1369 4493 1682 4563 confluebat,
1718 4492 1882 4548 fuisse
1906 4507 2092 4549 versa-
2201 4493 2328 4547 tiam
2378 4505 2754 4563 amoremque
2820 4491 3121 4547 instillavit.
3177 4491 3409 4546 Videtur
3464 4491 3738 4562 Nyssenus,

513 4570 651 4622 ttuu,
681 4577 745 4614 ac
779 4562 1007 4633 demum
1041 4561 1280 4633 omnibus
1310 4561 1581 4632 sapientia:
1628 4563 1927 4632 disciplinis
1958 4580 2081 4630 per-
2199 4580 2318 4617 cum
2361 4561 2680 4633 Gregorium
2717 4562 2921 4632 legeret
2944 4563 3112 4618 fuisse
3138 4563 3390 4633 Origeuis
3414 4561 3737 4633 discipulum,

513 4633 679 4708 cursis
708 4633 972 4708 incidisse-
993 4631 1048 4685 in
1078 4630 1456 4708 Firmilianum
1479 4630 1772 4708 quemdam
1799 4635 2100 4708 patricium.
2191 4633 2335 4708 hunc
2361 4630 2501 4708 _ver6_
2535 4630 2882 4687 Alexandria?
2905 4630 3562 4708 docttisse,_e}iistimasse
3593 4630 3740 4708 isthic

513 4701 894 4768 Cappadocem,
925 4703 1075 4772 eique
1127 4706 1294 4758 animi
1323 4707 1404 4758 sui
1437 4700 1716 4758 consilium
1753 4700 1814 4757 ac
1846 4707 1968 4757 vita:
1995 4700 2100 4755 in-'
2191 4705 2243 4755 in
2283 4703 2538 4772 Origeuis
2589 4717 2720 4773 eum
2765 4703 3022 4759 transisse
3066 4700 3428 4773 disciplinam.
3478 4701 3668 4773 Verum
3698 4700 3738 4757 si

510 4773 784 4844 stitutunt,
837 4782 894 4826 ut
931 4777 1137 4844 amico,
1185 4776 1494 4844 patefecisse
1518 4816 1532 4836 ,
1586 4775 1723 4844 quod
1773 4773 1971 4828 scilicet
2009 4774 2078 4826 ad
2188 4771 2569 4844 Alexandriam
2586 4772 2656 4844 iit
2684 4771 3000 4844 Gregorius.
3030 4771 3313 4844 probabile
3360 4785 3447 4827 est
3476 4772 3736 4841 (quoniam

514 4840 680 4895 Deum
737 4843 957 4896 intentos
987 4842 1103 4911 jam
1137 4840 1345 4899 haberet
1391 4847 1579 4899 mentis
1598 4840 1831 4898 oculos:
1859 4858 2080 4914 cumque
2117 4903 2152 4914 ἢ
2186 4843 2259 4898 ibi
2297 4843 2680 4914 philosophica
2718 4840 2891 4898 studia
2925 4840 3191 4899 tractasse
3234 4845 3457 4912 dicitur)
3505 4840 3738 4912 Origenis

510 4917 660 4986 paria
690 4914 868 4967 animo
897 4903 1349 4986 agiiareconsilia
1390 4916 1737 4986 cognovisset,
1771 4915 1952 4968 relicto
1978 4903 2082 4967 om-
2115 4903 2158 4958 Ι)
2185 4903 2412 4986 consilio
2458 4903 2584 4986 ill-uc
2606 4913 2894 4986 “Caesarea
2942 4917 3084 4968 circa
3117 4931 3317 4968 annum
3349 4903 3459 4986 235
3486 4903 3738 4983 quo'tetn-

513 4985 566 5035 ni
593 4995 823 5038 externa:
854 4984 1197 5052 philosophia:
1243 4982 1468 5046 studiof
1492 4985 1770 5038 accessisse
1811 5001 1917 5037 una
1959 5001 2078 5039 cum
2188 4998 2316 5049 pore
2347 4983 2561 5038 furebat
2605 4982 2885 5038 Maximini
2918 4988 3242 5052 persecutio,
3273 5000 3394 5039 cum
3436 4982 3602 5038 fratre
3625 4996 3736 5036 eum

511 5053 606 5106 ille
642 5061 707 5106 ad
735 5071 853 5108 eum
875 5055 963 5122 qui
1008 5055 1117 5124 illo,
1143 5069 1370 5122 tempore
1399 5056 1818 5109 Christianorum
1841 5054 2077 5123 philoso-
2185 5069 2308 5124 esse
2333 5054 2654 5122 profectum,
2684 5066 2740 5108 ut
2767 5066 3048 5124 perspecta
3079 5057 3151 5110 ibi
3179 5055 3610 5110 Christianorum
3635 5053 3739 5124 phi-

510 5125 648 5196 phia:
662 5126 899 5191 princeps
923 5134 1058 5189 erat,
1085 5123 1362 5195 Origenem
1391 5127 1648 5189 videlicet,
1675 5122 1848 5194 cujus,
1873 5136 2079 5192 propter
2185 5123 2534 5196 losopborum
2593 5125 2873 5193 disciplina
2897 5122 2911 5124 “
2931 5137 2985 5180 et
3035 5137 3222 5181 sancta
3255 5127 3377 5180 vita:
3429 5128 3657 5183 ratione,
3684 5122 3733 5174 in

511 5194 730 5259 scripta,
764 5197 909 5263 fama
956 5194 1196 5248 celebris
1223 5208 1358 5249 erat.
1409 5196 1464 5249 In
1518 5212 1582 5250 ea
1615 5204 1794 5249 autem
1829 5197 2077 5252 oratione
2185 5194 2548 5264 suscipiendae
2586 5196 2708 5248 fidei
2756 5197 3028 5250 desiderio
3069 5198 3228 5252 ambo
3257 5198 3733 5254 contirmarentur;

510 5277 670 5328 quam
699 5265 945 5320 Cresarea
979 5267 1255 5335 rediturus
1283 5267 1334 5319 in
1373 5267 1604 5334 patriam
1641 5267 1706 5319 ad
1741 5266 1915 5335 ipsum
1953 5264 2076 5321 Ori-
2185 5265 2417 5335 indeque
2472 5281 2574 5319 una
2619 5280 2738 5319 cum
2796 5278 2988 5321 sancto
3033 5265 3368 5332 Firmiliano,
3408 5264 3733 5334 postmodum

508 5347 698 5408 geriem
759 5336 946 5408 habuit
998 5333 1465 5408 Gregorius,nou
1524 5336 1702 5389 innuit
1740 5333 1798 5408 se
1836 5337 2076 5408 _At_henis
2184 5333 2447 5408 Caesarea:
2504 5339 2555 5389 in
2591 5336 2931 5404 Cappadocia
2981 5340 3259 5408 episcopo,
3298 5339 3350 5391 in
3389 5333 3733 5408 Palaestinam

509 5403 808 5469 habitasse,
832 5407 927 5459 sed
955 5403 1242 5458 admodum
1291 5406 1690 5460 adolescentem
1745 5407 1795 5476 in
1835 5405 2074 5460 Palaesti-
2183 5408 2250 5458 ad
2277 5406 2562 5476 Origenem
2597 5403 2742 5460 circa
2773 5423 2971 5463 annum
3016 5403 3266 5473 '257,'vel
3311 5404 3438 5470 238,
3481 5415 3733 5465 reversos,

509 5488 633 5526 nam
663 5476 958 5542 profectum
991 5491 1112 5528 cum
1133 5491 1320 5530 sorore
1339 5491 1457 5543 quae
1473 5482 1538 5528 ad
1576 5477 1752 5529 virmn
1771 5474 2069 5531 Palaestina:
2176 5474 2444 5544 baptismo
2473 5492 2593 5532 esse
2624 5478 2841 5533 tinctos.

509 5545 753 5615 praesidis
810 5560 1138 5599 assessorem
1189 5547 1460 5601 tendebat.
1494 5547 1701 5601 Iudicat
1748 5547 1940 5601 deinde
1988 5562 2068 5607 se.
2249 5547 2358 5615 (79)
2396 5547 2557 5612 Beda,
2581 5546 2654 5600 De
2675 5564 2765 5601 sex
2791 5559 2931 5604 aetat.
2966 5550 3170 5613 mundi,
3197 5550 3250 5604 in
3277 5547 3570 5604 Gordiano.

509 5614 704 5690 nemo
737 5617 1202 5690 praete_rita_._recta
1260 5619 1488 5690 venisse
1515 5617 1838 5690 Ctesaream,
1889 5617 2072 5690 ibique
2249 5613 2361 5688 (80)
2395 5618 2634 5672 Casaub.
2667 5618 2720 5672 iu
2778 5617 2911 5677 Not.
2953 5623 3022 5674 ad
3065 5637 3251 5690 paneg.
3296 5619 3514 5688 Gregor.
3563 5613 3733 5671 Thau-

508 5684 560 5756 iu
592 5683 879 5754 Origenem
907 5685 1182 5749 incidisse,
1215 5689 1304 5756 qui
1333 5688 1379 5741 ei
1411 5689 1606 5741 deinde
1630 5697 1683 5740 et
1718 5702 1823 5740 una
1863 5683 2073 5742 scilicet
2178 5683 2307 5740 mat.

508 5754 665 5832 fratri
698 5764 888 5832 auctor
917 5756 1018 5809 fuit
1052 5767 1108 5832 ut
1129 5754 1482 5832 philosophia
1511 5759 1703 5832 darent
1730 5771 1971 5832 operam,
2007 5772 2073 5812 ac
2250 5757 2364 5832 (δυ
2391 5757 2814 5832 Greg.:l‘litttlm.
2854 5763 2908 5814 in
2938 5759 3170 5832 Paneg.,
3200 5777 3255 5814 n.
3289 5760 3344 5814 I.

508 5765 665 5808 Iratrt
698 5765 888 5810 auctor
917 5765 1018 5809 luit
1052 5767 1108 5809 ut
1129 5765 1482 5826 philosomiim
1511 5765 1703 5811 darent
1730 5771 1971 5824 operam,
2007 5772 2073 5812 ac
2273 5765 2364 5820 δι)
2394 5765 2557 5827 Greg.
2585 5765 2814 5814 'l‘haum.
2854 5765 2908 5814 in
2938 5765 3166 5832 Paneg.,
3200 5777 3255 5814 n.
3289 5765 3344 5814 I.

505 5828 708 5882 setteim
741 5825 950 5881 illorum
986 5827 1184 5891 animis
1224 5829 1547 5883 Christiana:
1600 5827 1877 5898 religionis
1918 5833 2064 5885 uoti-
2250 5765 2362 5900 ἕξω)
2388 5827 2528 5886 Beda
2561 5829 2636 5884 De
2660 5846 2752 5884 sea;
2783 5834 3010 5901 wtatib.,
3043 5837 3095 5887 in
3122 5831 3436 5887 Maximino.
