4020 6306
254 399 356 457 6'17

1307 398 1879 457 ORIGENIANORUM
1916 400 2107 469 LlBJ,
2145 401 2294 462 CAP.
2340 403 2429 460 lll.

3398 409 3504 469 678

253 536 349 575 nus
400 520 600 577 Scotus
644 521 709 576 ad
755 538 846 576 an.
897 520 1097 577 Christi
1143 520 1267 575 259.
1322 520 1553 585 Idcirco,
1610 524 1828 592 opinor,
1861 532 1906 584 A
1934 523 2216 579 succisivis
2252 524 2403 579 horis
2434 526 2582 579 varia
2611 526 2783 594 ipsum
2818 528 3150 596 exemplaria
3181 528 3341 584 simul
3373 546 3503 584 con-

249 613 387 683 quod
420 613 579 681 hujus
610 615 880 685 praecipue
916 614 1135 681 pietate,
1168 614 1406 682 scriptis,
1445 617 1817 682 concionibus,

248 716 301 761 et
357 707 609 776 exemplo
648 706 954 761 Christiana
1001 707 1132 762 fides
1190 724 1445 777 magnum
1475 709 1588 780 jam
1641 711 1819 767 incre-

246 807 486 851 mentum
512 801 834 868 accepisset,
864 810 917 853 et
940 813 1104 867 porro
1135 812 1363 870 captura
1393 804 1690 881 videretur.

312 888 375 944 ll.
402 890 673 961 lngruenti
710 892 950 961 periculo
980 892 1101 962 fuga
1134 909 1194 949 se
1224 896 1481 950 subduxit
1527 897 1814 967 Origenes,

245 982 356 1056 (83)
384 1000 506 1038 cum
566 985 726 1054 paulo
773 996 899 1039 ante
933 985 1276 1055 Gregorium,
1309 997 1366 1041 et
1404 989 1812 1045 Athenodorum

243 1084 362 1144 post
390 1084 612 1130 exactos
649 1078 702 1130 in
758 1077 1014 1133 exhedris
1067 1078 1182 1131 suis
1233 1093 1406 1132 annos
1456 1081 1696 1148 quinque
1758 1081 1811 1134 in

240 1169 474 1238 patriam
511 1169 777 1223 redituros
808 1184 838 1222 a
862 1184 920 1223 se
942 1168 1233 1224 amisisset.
1273 1169 1339 1223 Et
1376 1179 1487 1224 tum
1523 1173 1589 1225 ad
1623 1171 1816 1226 Firmi-

242 1261 444 1315 liannm
494 1260 756 1315 Caesareae
813 1260 1166 1330 Cappadociae
1224 1263 1558 1331 episcopum,
1597 1279 1809 1317 summa

244 1354 345 1409 sibi
390 1356 789 1409 necessitudine
816 1357 1146 1419 devinctum,
1171 1364 1282 1409 tota
1330 1372 1451 1409 cum
1492 1355 1810 1410 Firmiliano

241 1442 506 1498 invitante
534 1460 654 1498 eum
692 1444 1057 1514 Cappadocia,
1089 1444 1290 1514 fugisse
1317 1447 1484 1501 certis
1511 1448 1812 1501 rationibus

239 1537 304 1590 ad
336 1537 663 1591 credendum
691 1538 837 1591 ducti
872 1552 1079 1591 sumus.
1129 1536 1262 1591 Cum
1313 1540 1458 1593 enim
1494 1541 1809 1608 probaveri-

238 1639 357 1678 mus
406 1639 568 1693 supra
608 1624 660 1678 in
697 1625 898 1695 quintze
923 1627 1316 1695 persecutionis
1349 1639 1589 1698 tempora
1625 1620 1806 1699 fugam

239 1713 378 1768 hanc
402 1714 599 1768 cadere
620 1715 933 1783 neutiquam
962 1731 1143 1783 posse,
1170 1726 1419 1785 superest
1466 1726 1524 1771 ut
1558 1718 1624 1772 ad
1678 1733 1806 1773 Sex-

236 1813 369 1871 tam,
406 1821 526 1875 qua:
552 1805 651 1860 fuit
673 1805 967 1872 Maximini,
999 1808 1084 1863 vel
1107 1813 1172 1863 ad
1193 1809 1476 1865 Decianam
1514 1810 1800 1866 referatur.

231 1898 399 1968 Atqui
445 1898 640 1953 Decius
676 1899 950 1954 biennium
1002 1916 1106 1954 non
1165 1901 1397 1970 explevit
1448 1902 1500 1956 in
1552 1902 1799 1970 imperio,

231 1990 436 2059 diuque
464 1992 658 2058 etiam,
704 1991 831 2047 dum
863 2009 1044 2048 rerum
1079 1995 1282 2057 potitus
1320 2004 1424 2059 est,
1468 1995 1521 2048 in
1574 1995 1803 2050 vinculis

232 2082 336 2136 fuit
365 2082 660 2153 Origenes;
684 2098 809 2138 cum
840 2092 954 2139 toto
986 2084 1206 2140 biennio
1228 2085 1337 2139 illic
1362 2086 1501 2153 apud
1529 2084 1800 2141 Julianam

228 2173 475 2239 latuerit,
514 2185 571 2228 ut
601 2176 860 2246 scriptum
893 2187 977 2231 est
1021 2192 1049 2229 a
1084 2176 1345 2231 Palladio.
1375 2177 1610 2232 Omnino
1642 2178 1803 2247 igitur

230 2266 287 2318 in
320 2265 594 2319 Maximini
628 2268 1057 2335 persecutionem
1091 2268 1281 2323 incidit
1306 2269 1657 2323 Caesariensis
1702 2268 1801 2322 iste

225 2371 499 2411 secessus.
530 2357 901 2411 Firmilianum
926 2374 1160 2427 quoque,
1195 2374 1317 2412 cum
1352 2359 1514 2413 rebus
1543 2359 1656 2426 ipse
1688 2360 1801 2414 suis

222 2449 541 2502 consuleret
584 2448 672 2519 (ad
723 2450 979 2505 Ecclesize
1031 2450 1228 2518 quippe
1279 2451 1535 2521 prmsides
1583 2452 1799 2520 pctissi-

222 2558 376 2596 mum
402 2544 703 2612 pertinebat
733 2544 1073 2616 periculum),
1094 2546 1291 2600 alicubi
1325 2545 1566 2612 latuisse,
1595 2554 1646 2599 et
1675 2561 1793 2599 cum

222 2634 461 2704 Origene
500 2634 749 2701 fortasse,
787 2636 1047 2691 credibile
1076 2647 1179 2703 est,
1210 2649 1492 2706 postquam
1542 2652 1792 2692 securum

223 2728 270 2781 ci
301 2728 442 2796 apud
465 2725 736 2781 Julianam
764 2728 1061 2798 perfugium
1097 2731 1415 2799 assignavit.
1451 2728 1577 2782 Hanc
1619 2729 1788 2782 abun-

225 2819 362 2876 dans
392 2819 607 2889 opibus,
649 2836 847 2891 easque
888 2821 939 2874 in
972 2821 1225 2876 Ecclesia:
1251 2822 1533 2878 commoda
1567 2824 1792 2894 profun-

226 2911 356 2966 dere
397 2911 579 2975 solita,
612 2927 820 2965 summa
854 2911 1179 2967 liberalitate
1233 2914 1507 2970 hominem
1540 2917 1605 2970 de
1637 2932 1792 2987 repu-

224 3002 365 3056 blica
395 3001 701 3057 Christiana
727 3003 929 3070 optime
956 3004 1208 3057 meritmn
1233 3006 1510 3073 complexa
1540 3016 1651 3072 est;
1696 3025 1793 3066 nec

222 3094 456 3164 hospitio
477 3094 688 3162 excepit
712 3093 907 3160 solum,
934 3094 1025 3148 sed
1048 3094 1369 3151 bibliotheca
1405 3100 1595 3163 etiam,
1628 3115 1789 3169 quam

1925 614 2191 679 tendisse,
2219 615 2314 684 qui
2335 614 2493 671 labor
2518 615 2584 669 ad
2610 618 2889 672 condenda
2922 618 3163 689 Hexapla
3192 630 3312 676 erat
3335 623 3499 680 veluti

1923 706 2270 778 παρασκευή.

1990 797 2082 852 IV.
2128 798 2448 854 Ambrosius
2482 799 2699 856 interim
2720 800 2833 869 jam
2869 816 3031 872 supra
3065 804 3222 860 nobis
3255 821 3498 863 comme-

1920 901 2184 955 moratus,
2234 900 2288 947 et
2333 892 2686 947 Caesariensis
2724 894 2981 949 Ecclesiae
3036 898 3319 968 presbyter
3366 900 3499 955 Pro-

1922 989 2172 1046 toctetus,
2224 981 2488 1052 ﬂagrante
2538 984 2638 1038 hac
2697 986 3078 1052 persecutione
3118 991 3492 1058 comprehensi

1918 1082 1972 1127 ει
2003 1073 2055 1127 in
2080 1076 2378 1127 custodiam
2408 1076 2518 1130 acti
2553 1088 2698 1130 sunt.
2731 1077 2992 1143 Quamvis
3036 1089 3217 1136 autem
3262 1084 3361 1151 ipsi
3400 1100 3496 1154 per

1918 1182 1976 1221 se
2000 1168 2204 1220 ChriSti
2242 1183 2460 1221 causam
2495 1179 2903 1237 pr0pugnarent
2931 1171 3183 1238 viriliter,
3233 1191 3338 1229 non
3373 1191 3488 1231 me-

1915 1257 2175 1311 diocriter
2233 1266 2412 1311 tamen
2456 1270 2746 1329 utrumque
2796 1262 3148 1318 conﬁrmavit
3202 1265 3489 1334 Origenes,

1913 1350 2081 1404 misso
2114 1365 2276 1404 aureo
2320 1350 2520 1416 libello,
2550 1368 2658 1420 quo
2692 1354 2757 1406 ad
2794 1354 3113 1424 martyrium
3143 1372 3236 1411 eos
3276 1370 3358 1412 est
3397 1362 3493 1414 ad-

1914 1441 2180 1495 hortatus.
2212 1440 2438 1497 Librum
2477 1445 2622 1496 hunc
2652 1442 2818 1511 igitur
2838 1444 2890 1497 in
2912 1443 3233 1502 Caesariensi
3267 1448 3492 1506 latibulo

1913 1536 2175 1603 scriptum
2224 1533 2390 1593 fuisse
2437 1537 2629 1591 merito
2681 1538 2929 1591 videmur
2976 1538 3247 1606 conjicere
3307 1558 3320 1594 :
3377 1559 3489 1614 quo

1909 1640 2038 1679 vero
2069 1627 2371 1681 destinatus
2434 1626 2618 1694 fuerit,
2680 1644 2773 1682 seu
2813 1629 3011 1698 quibus
3068 1631 3121 1684 in
3171 1631 3304 1688 locis
3356 1638 3484 1690 torti

1910 1716 2116 1772 fuerint
2164 1718 2487 1775 Ambrosius
2536 1730 2592 1775 et
2647 1718 3016 1786 Protoctetus,
3072 1724 3121 1776 id
3171 1725 3484 1794 conjectura

1913 1811 2126 1879 assequi
2154 1810 2312 1865 facile
2345 1829 2455 1868 non
2496 1822 2599 1868 est.
2628 1812 2721 1867 Sic
2758 1829 2852 1868 eos
2894 1815 3191 1884 alloquitur
3222 1817 3486 1887 Origenes

1914 1901 1963 1953 in
1993 1915 2081 1965 eo,
2120 1902 2187 1957 de
2219 1918 2324 1972 quo
2354 1905 2672 1972 quaerimus,
2718 1905 2898 1959 libello
2935 1924 3085 1960 lllllil.
3128 1907 3191 1959 41
3228 1926 3239 1961 :
3273 1906 3485 1971 Παῦλος

1912 1992 2011 2062 μὲν
2057 1992 2282 2061 λεγέτω,
2317 1995 2366 2046 εἰ
2420 1994 2560 2048 κατὰ
2604 1995 2912 2067 ἄνθρωπον,
2973 1997 3385 2070 ἐθηριομάχησα
3424 2001 3482 2053 ἐν

1918 2088 2162 2159 Ἐφέσῳ·
2219 2093 2379 2161 ἡμεῖς
2410 2093 2484 2156 δὲ,
2521 2096 2568 2145 εἰ
2606 2094 2747 2147 κατὰ
2778 2095 3087 2166 ἄνθρωπον,
3122 2098 3393 2171 ἀνῃρέθην
3422 2101 3482 2153 ὲν
3576 2138 3583 2143 -

1904 2182 2201 2256 Γερμανίᾳ.
2244 2203 2263 2236 ι
2325 2186 2476 2239 Dicat
2505 2186 2724 2257 quidem
2768 2187 3017 2245 Paulus:
3060 2188 3115 2244 Si
3149 2190 3475 2256 (secundum

1906 2274 2285 2344 hominem)ad
2310 2277 2513 2331 bestias
2535 2278 2765 2349 pugnavi
2792 2278 2986 2347 Ephesi
3020 2280 3063 2347 ‘;
3116 2297 3216 2337 nos
3240 2293 3419 2337 autem
3458 2299 3474 2335 :

1903 2366 1959 2421 Si
1990 2367 2311 2438 (secundum
2340 2369 2641 2439 hominem)
2672 2370 2984 2426 interfectus
3017 2385 3135 2426 sum
3170 2373 3222 2427 in
3249 2374 3478 2429 Germa-

1902 2456 2011 2510 nia.
2050 2477 2068 2510 »
2101 2457 2272 2527 Loqui
2334 2458 2625 2529 Origenem
2661 2474 2727 2515 ex
2768 2462 3041 2516 Ambrosii
3082 2474 3136 2518 et
3175 2464 3473 2520 Protocteti

1899 2564 2128 2619 persona
2169 2550 2516 2606 manifestum
2544 2563 2664 2618 est;
2698 2553 2902 2607 nullum
2930 2555 3046 2624 ipse
3078 2557 3341 2625 siquidem
3376 2559 3479 2612 hoc

1900 2652 2141 2712 tempore
2180 2646 2472 2698 discrimen
2517 2646 2673 2704 adiit.
2710 2645 2846 2712 Quid
2878 2646 2947 2700 sit
2973 2656 3152 2701 autem
3186 2647 3473 2704 Germania

1899 2734 2015 2801 illa,
2050 2751 2244 2805 magna
2279 2737 2603 2806 dijudicalio
2629 2746 2732 2791 εει.
2771 2736 3070 2791 Addubitat
3110 2738 3351 2795 Ortelius
3380 2756 3476 2793 an-

1899 2841 2002 2879 non
2035 2825 2327 2891 Germania
2363 2829 2435 2882 sit
2479 2827 2914 2896 Germanopolis,
2956 2845 3115 2895 quam
3152 2830 3203 2883 in
3236 2829 3470 2899 Paphla-

1895 2933 2092 2988 gonum
2142 2920 2560 2975 mediterraneis
2615 2920 2847 2974 collocat
2895 2922 3218 2977 Ptolemazus
3271 2922 3468 2992 Geogr.

1896 3009 1990 3064 lib.
2026 3024 2079 3073 ν,
2110 3025 2231 3078 cap.
2272 3010 2787 3082 6.Germanopolim
2822 3024 3003 3067 autem
3055 3014 3299 3091 eamdem
3350 3030 3472 3070 esse

1893 3105 2201 3173 suspicatur
2228 3118 2291 3157 ac
2322 3102 2819 3173 Germanicopolim
2854 3103 3012 3159 Plinii
3046 3105 3180 3175 (86),
3206 3106 3257 3160 in
3283 3106 3471 3178 Bithy-

223 3189 696 3244 instructissimam
726 3202 754 3241 a
782 3186 1104 3259 Symmacho
1129 3188 1479 3247 haereditario
1503 3190 1624 3261 jure
1649 3193 1789 3249 obti-
1814 3210 1855 3267 ο
1894 3195 1981 3247 nia
2013 3194 2077 3247 ad
2108 3208 2257 3247 mare
2284 3194 2465 3247 sitam.
2499 3194 2634 3248 Falli
2668 3196 2817 3248 illum
2849 3205 2957 3248 tam
2989 3198 3125 3260 scio,
3155 3212 3317 3265 quam
3355 3201 3469 3253 scio

222 3285 400 3337 nebat.

293 3373 375 3427 Ill.
413 3373 526 3428 Illic
566 3372 776 3443 insigne
809 3370 1169 3440 Hexaplorum
1203 3381 1467 3442 opustum
1498 3374 1789 3431 inchoasse

222 3463 511 3533 Origenem
565 3463 838 3528 existimo,
891 3464 1186 3516 maximam
1247 3473 1462 3519 nactum
1520 3465 1783 3519 librorum

218 3556 627 3625 supellectilem.
679 3566 733 3611 et
757 3555 1261 3624 interpretationum
1293 3559 1593 3625 prmsertim
1630 3559 1785 3613 Scri-

219 3660 410 3718 pturaa,
445 3664 578 3717 quas
625 3649 676 3703 in
739 3664 867 3704 suos
896 3663 1026 3704 usus
1073 3649 1353 3720 collegisse
1394 3647 1781 3720 Symmachum

218 3741 510 3795 verisimile
540 3750 646 3807 est,
679 3756 799 3795 cum
836 3742 948 3819 ipse
982 3756 1133 3793 suam
1170 3741 1479 3795 adornaret.
1512 3740 1629 3794 Jam
1672 3743 1784 3811 pri-

220 3848 357 3889 mum
391 3835 605 3902 quidem
649 3850 836 3888 eorum
878 3833 1297 3900 descriptionem
1331 3834 1513 3888 animo
1557 3835 1782 3904 praefor-

219 3941 415 3988 masse,
445 3940 566 3978 cum
598 3934 917 3979 versaretur
962 3924 1329 3988 Alexandria},
1380 3925 1779 3994 nonnullasque

220 4020 284 4071 ad
311 4019 360 4072 id
398 4019 694 4088 Scriptura:
740 4020 1220 4087 interpretationes
1248 4019 1534 4087 collegisse
1563 4029 1617 4073 et
1648 4036 1779 4074 con-

216 4112 397 4167 tulisse
438 4112 744 4181 signiticare
774 4112 983 4166 videtur
1020 4111 1304 4177 Eusebius,
1342 4111 1483 4165 Hist.
1537 4127 1655 4183 cap.
1692 4112 1775 4174 16,

209 4217 347 4270 quas
393 4213 447 4256 et
499 4202 709 4269 magnis
759 4201 931 4268 ipsum
991 4202 1301 4270 sumptibus
1354 4199 1650 4253 redemisse
1702 4203 1777 4253 ait

208 4294 567 4363 Hieronymus
603 4292 753 4361 Apol.
791 4292 846 4345 in
879 4291 1082 4360 Ruﬁn.,
1117 4292 1209 4346 lib.
1244 4307 1305 4356 ll,
1339 4306 1459 4361 cap.
1494 4292 1545 4346 9.
1596 4291 1776 4345 Caesa-

206 4400 312 4438 rea;
339 4399 466 4437 vero
486 4383 839 4453 Cappadociae
860 4383 1001 4435 serio
1031 4398 1250 4435 manum
1286 4384 1433 4450 Operi
1465 4382 1774 4435 admovisse

203 4489 357 4546 puto,
389 4477 515 4548 Tyri
553 4477 768 4546 penitus
808 4475 1130 4530 absolvisse.
1184 4475 1261 4527 Ex
1299 4490 1405 4543 quo
1448 4474 1767 4543 intelligitur

1894 3300 1977 3338 me
2010 3286 2215 3339 vivere.
2246 3285 2452 3341 Catena
2488 3297 2644 3341 vetus
2673 3288 2863 3342 Gratca
2920 3290 2973 3341 in
3019 3288 3308 3359 Evangelia
3351 3292 3469 3344 lau-

1889 3376 1980 3429 dat
2025 3376 2283 3430 Severum
2336 3378 2737 3433 Antiochenum
2797 3380 2849 3431 in
2899 3377 3072 3448 Opere
3101 3382 3167 3433 ad
3202 3380 3465 3434 Thomam

1888 3468 2192 3522 Germania:
2225 3469 2562 3540 episcopum.
2610 3471 2750 3525 Hinc
2790 3471 2985 3548 aliquis
3018 3472 3311 3540 conjecerit
3344 3488 3461 3526 eam

1887 3575 2006 3614 esse
2036 3559 2439 3616 Germaniciam
2489 3577 2609 3632 qua:
2666 3563 3041 3632 Euphratesiaa
3084 3563 3217 3617 urbs
3248 3572 3332 3617 est
3380 3579 3465 3617 ar-

1884 3654 2326 3723 chiepisc0palis,
2384 3655 2740 3710 Antiochenaz
2784 3654 2999 3707 subdita
3054 3654 3331 3709 Ecclesim.
3394 3655 3463 3708 At

1883 3743 2174 3799 Germania
2215 3745 2527 3814 metropolis
2551 3755 2656 3811 est,
2692 3745 3313 3815 Constantinopolitanae
3360 3747 3462 3801 Ec-

1883 3835 2064 3889 clesiae
2122 3834 2387 3903 subjecta,
2449 3835 2641 3891 ordine
2691 3835 2780 3899 68,
2836 3835 2989 3904 juxta
3051 3836 3457 3907 Dispositioncm

1882 3927 2079 3998 Leonis
2125 3926 2439 3996 Philosophi
2474 3944 2594 3998 quae
2631 3929 2773 3998 juris
2805 3927 3255 3984 Graeco-Romani
3296 3930 3460 3983 colle-

1889 3994 2053 4074 ctioni
2079 3994 2509 4074 Leunelanianze—
2534 3994 2735 4076 inserta
2772 4030 2853 4075 est
2877 4019 3014 4091 (87),
3051 4029 3105 4074 et
3154 4021 3220 4074 ad
3255 4022 3455 4075 calcent

1881 4111 2005 4166 libri
2063 4110 2140 4165 De
2191 4113 2370 4183 officiis
2416 4114 2965 4183 Constantinopoleos
3004 4113 3221 4184 Georgii
3264 4114 3455 4171 Codini

1877 4213 1965 4257 cst
1992 4212 2215 4258 attexta.
2250 4203 2306 4259 In
2350 4205 2518 4260 altera
2575 4222 2703 4262 vero
2758 4206 3042 4273 Palaeologi
3079 4206 3449 4272 DispositiOne,

1878 4314 1997 4366 qua:
2028 4299 2265 4368 priorem
2303 4300 2445 4353 hanc
2474 4298 2679 4368 excipit
2718 4298 2771 4353 in
2825 4299 3013 4352 eodem
3043 4297 3237 4352 Codini
3289 4298 3448 4359 libro.

1877 4392 1954 4445 sic
1991 4392 2259 4446 habetur:
2300 4391 2359 4444 'O
2391 4391 2647 4461 Γερμξου,
2675 4389 2768 4444 καὶ
2804 4390 2942 4443 αὐτὰ
2987 4389 3062 4456 ξζ¹
3094 4389 3222 4443 ὄντα
3256 4390 3332 4443 00'
3361 4409 3452 4460 γε-

1875 4486 2117 4554 γόνασιν.
2163 4485 2301 4540 Hinc
2357 4495 2581 4555 apparet
2630 4485 2913 4555 legendum
2961 4484 3232 4555 Γερμίων,
3288 4494 3450 4554 atque

202 4569 489 4639 Epiphaﬂii
542 4570 699 4634 ι’θῑίο,
736 4568 863 4640 Tyri
913 4583 974 4621 ea
1026 4568 1298 4622 elabora“!
1357 4566 1522 4621 inisse
1572 4565 1769 4620 ιθδιῖίῖ·
1803 4561 1850 4615 Ῑ)
1875 4576 2016 4629 idem
2042 4591 2166 4631 esse
2194 4574 2412 4631 Germia
2444 4590 2507 4628 ac
2531 4573 2900 4628 Germaniam.
2936 4574 3155 4628 Germia
3187 4586 3365 4629 autem
3397 4578 3447 4628 in

200 4663 398 4727 cautis,
427 4663 529 4716 hoc
561 4670 662 4724 est,
689 4661 884 4729 partim
916 4659 1066 4730 Tyri,
1106 4660 1305 4729 partim
1340 4659 1392 4713 in
1432 4661 1496 4713 iis
1527 4659 1683 4722 locis,
1713 4660 1764 4711 in

199 4753 394 4821 quibus
422 4767 627 4807 moram
657 4752 783 4805 fecit
817 4750 1075 4821 Origenes
1107 4749 1300 4819 viginti
1331 4758 1454 4803 octo
1491 4763 1758 4803 annorum

198 4846 451 4907 decursu,
515 4858 650 4912 quos
697 4843 825 4913 Tyri
878 4852 1029 4896 actos
1078 4841 1413 4910 Epiphanius
1463 4841 1574 4911 (84)
1619 4841 1757 4895 falso

199 4934 582 4989 arbitrabatur.
614 4934 737 4988 Haec
788 4948 815 4986 a
852 4934 1007 4987 nobis
1063 4934 1446 4987 tractabuntur
1500 4933 1752 4987 inferius.

197 5025 489 5081 Commode
519 5042 648 5080 vero
684 5027 748 5079 ad
776 5042 891 5080 eam
942 5025 1377 5079 lucubrationem
1432 5023 1621 5079 referri
1664 5041 1760 5092 po-

199 5128 298 5172 test
334 5120 478 5187 quod
508 5119 586 5185 de}
615 5132 673 5171 se
714 5120 845 5171 dicit
874 5117 1160 5185 Origenes,
1198 5116 1338 5186 apud
1370 5116 1591 5169 Suidatn
1618 5117 1760 5183 (85),

195 5212 408 5267 solitum
438 5227 557 5266 esse
577 5212 698 5275 sibi,
727 5211 785 5264 ὲν
811 5212 1021 5281 καιροῖς
1054 5210 1289 5273 ἀνέσεως
1318 5209 1634 5279 φιλολογεῖν,
1670 5212 1760 5263 καὶ

194 5300 454 5373 ἀκριϐοῦν
491 5299 558 5354 τὰ
608 5300 948 5372 ἀντίγραφα·
1001 5299 1159 5354 facile
1219 5302 1365 5355 enim
1432 5304 1762 5368 persuadeor

265 5395 287 5426 ⁸
316 5394 478 5449 lCor.
507 5410 596 5458 xv,
621 5395 712 5449 52..
1176 5402 1181 5407 ’

247 5515 373 5584 ’(85)
404 5513 542 5584 Cum
586 5513 742 5583 paulo
788 5524 908 5566 ante
981 5510 1292 5581 Gregorium
1345 5523 1393 5566 et
1443 5502 1749 5584 Athenodo:

192 5582 329 5649 nam,
356 5582 468 5639 etc.
506 5582 810 5638 Verisimile
842 5597 946 5636 non
995 5592 1077 5636 est
1105 5584 1216 5651 jam
1265 5591 1375 5635 tum
1428 5584 1481 5636 in
1517 5582 1749 5649 patriam

191 5658 413 5710 rediisse
446 5655 762 5725 Gregorium
789 5664 843 5708 et
870 5653 986 5722 ejus
1017 5651 1271 5725 fratrem.
1292 5651 1552 5707 Videntur
1575 5652 1752 5725 potius

190 5726 347 5779 ambo
369 5720 756 5780 Alexandriam
800 5720 1083 5794 migrasse,
1116 5723 1309 5794 deinde
1339 5733 1552 5775 mortuo
1580 5720 1748 5794 hlaxi-

193 5795 337 5849 mino
365 5798 430 5850 ad
460 5797 769 5861 Origenem,
803 5808 868 5850 ac
886 5792 1116 5849 demum
1141 5792 1205 5847 ad
1231 5794 1457 5861 patriam
1495 5792 1746 5847 rediisse.

193 5862 323 5921 Vide
352 5876 503 5922 notas
534 5860 600 5921 77
630 5875 686 5922 ει
715 5864 801 5919 78.

1874 4664 2084 4721 Galatia
2120 4665 2356 4720 secunda
2396 4680 2491 4718 seu
2546 4662 2785 4718 Salutari
2833 4662 3175 4717 constituunt
3226 4663 3449 4717 Notitiw

1868 4769 2085 4825 veteres,
2115 4766 2170 4812 et
2204 4757 2346 4811 inter
2370 4754 2879 4825 archiepiscopatus
2928 4755 3332 4825 αὐτοκεφάλους
3362 4773 3447 4811 re-

1869 4848 2071 4903 ferunt.
2098 4848 2203 4903 Sed
2236 4848 2320 4902 his
2352 4855 2620 4916 repugnat
2644 4846 2833 4901 eadem
2882 4845 3080 4903 Leonis
3106 4848 3397 4916 Dispositio
3423 4861 3443 4911 ,-

1870 4957 1991 4995 nam
2029 4948 2316 5009 postquam
2359 4937 2707 5006 metropoles,
2752 4946 2808 4993 et.
2850 4938 2902 4992 in
2962 4939 3036 4995 iis
3084 4939 3439 4995 Germaniam

1870 5032 2166 5098 recensuit,
2196 5030 2475 5101 subjungit
2513 5031 3042 5102 archiepiscopatus,
3074 5041 3127 5085 et
3173 5033 3316 5084 inter
3344 5046 3438 5084 eos

1867 5122 2098 5178 Germiis
2133 5124 2427 5178 secundum
2465 5123 2638 5176 locum
2672 5124 2933 5191 assignat.
2962 5124 3103 5189 Quid
3124 5123 3294 5193 igitur
3324 5133 3435 5178 sta-

1870 5223 2038 5279 tuam,
2078 5227 2183 5266 non
2230 5214 2409 5267 habeo
2445 5235 2455 5266 ;
2486 5227 2641 5265 suum
2678 5212 2974 5281 unicuique
3020 5213 3267 5282 relinquo
3295 5213 3436 5284 judi-

1870 5304 2037 5369 cium,
2066 5306 2240 5359 satius
2269 5304 2476 5357 ducens
2506 5302 2663 5358 silere
2692 5303 2745 5358 in
2781 5318 2838 5358 re
2885 5304 3120 5369 incerta,
3147 5320 3311 5374 quam
3341 5321 3435 5359 va-

1924 5513 2031 5587 (δῷ)
2072 5513 2268 5583 Epiph.
2297 5513 2427 5568 hzer.
2462 5513 2555 5577 6i,
2595 5530 2645 5567 c.
2679 5514 2734 5577 5,
2765 5524 2821 5568 et
2857 5514 2929 5569 De
2963 5517 3125 5583 pond.
3153 5527 3201 5573 et
3233 5533 3429 5587 metm.

1851 5600 1899 5640 c.
1940 5585 2028 5639 l8.

1943 5654 2031 5725 85)
2067 5652 2262 5725 Suidas
2292 5655 2347 5725 in
2381 5652 2529 5724 Orig.

1944 5722 2031 5786 86)
2059 5722 2230 5792 Ριὶηε,
2267 5724 2363 5777 lib.
2390 5739 2459 5789 .v,
2481 5722 2610 5792 Vcap.
2641 5724 2731 5777 3:2.

1920 5790 2153 5866 (37).!us
2180 5790 2572 5859 (timeo-Rom,
2606 5806 2739 5850 tum.
2772 5793 2810 5862 1,
2847 5795 2936 5851 lib.
2972 5811 3028 5855 tt.
