  <div class='ocr_page' id='page_1' title='image "/cluster/home/n/w/nwhite01/storage/ocr_20150623/17/mdp.39015031604831/345.png"; bbox 0 0 4020 6306; ppageno 0'>
   <div class='ocr_carea' id='block_1_1' title="bbox 538 402 642 457">
    <p class='ocr_par' dir='ltr' id='par_1_1' title="bbox 538 402 642 457">
     <span class='ocr_line' id='line_1_1' title="bbox 538 402 642 457; baseline -0.01 0"><span class='ocrx_word' id='word_1_1' title='bbox 538 402 642 457; x_wconf 70' lang='grc' dir='ltr'><strong>6ῗ9</strong></span> 
     </span>
    </p>
   </div>
   <div class='ocr_carea' id='block_1_2' title="bbox 1798 391 2481 452">
    <p class='ocr_par' dir='ltr' id='par_1_2' title="bbox 1798 391 2481 452">
     <span class='ocr_line' id='line_1_2' title="bbox 1798 391 2481 452; baseline -0.007 0"><span class='ocrx_word' id='word_1_2' title='bbox 1798 396 1856 452; x_wconf 86' lang='grc' dir='ltr'><strong>Ρ.</strong></span> <span class='ocrx_word' id='word_1_3' title='bbox 1903 394 2212 450; x_wconf 77' lang='lat' dir='ltr'><strong>DANIELIS</strong></span> <span class='ocrx_word' id='word_1_4' title='bbox 2250 391 2481 449; x_wconf 84' lang='lat' dir='ltr'><strong>HUETII</strong></span> 
     </span>
    </p>
   </div>
   <div class='ocr_carea' id='block_1_3' title="bbox 3638 397 3734 451">
    <p class='ocr_par' dir='ltr' id='par_1_3' title="bbox 3638 397 3734 451">
     <span class='ocr_line' id='line_1_3' title="bbox 3638 397 3734 451; baseline 0.073 -7"><span class='ocrx_word' id='word_1_5' title='bbox 3638 397 3734 451; x_wconf 55' lang='lat' dir='ltr'><strong>ore</strong></span> 
     </span>
    </p>
   </div>
   <div class='ocr_carea' id='block_1_4' title="bbox 539 511 3737 592">
    <p class='ocr_par' dir='ltr' id='par_1_4' title="bbox 539 511 3737 592">
     <span class='ocr_line' id='line_1_4' title="bbox 539 511 3737 592; baseline -0.005 -10"><span class='ocrx_word' id='word_1_6' title='bbox 539 541 635 582; x_wconf 85' lang='lat' dir='ltr'><strong>nas</strong></span> <span class='ocrx_word' id='word_1_7' title='bbox 665 537 721 581; x_wconf 91' lang='lat' dir='ltr'><strong>et</strong></span> <span class='ocrx_word' id='word_1_8' title='bbox 746 526 925 580; x_wconf 82' lang='lat' dir='ltr'><strong>futiles</strong></span> <span class='ocrx_word' id='word_1_9' title='bbox 953 522 1296 592; x_wconf 75' lang='lat' dir='ltr'><strong>conjecturas</strong></span> <span class='ocrx_word' id='word_1_10' title='bbox 1319 532 1642 589; x_wconf 88' lang='lat' dir='ltr'><strong>proponere.</strong></span> <span class='ocrx_word' id='word_1_11' title='bbox 1671 519 1825 586; x_wconf 85' lang='lat' dir='ltr'><strong>Quod</strong></span> <span class='ocrx_word' id='word_1_12' title='bbox 1877 519 1922 573; x_wconf 90' lang='lat' dir='ltr'><strong>si</strong></span> <span class='ocrx_word' id='word_1_13' title='bbox 1961 520 2100 573; x_wconf 90' lang='lat' dir='ltr'><strong>iute-</strong></span> <span class='ocrx_word' id='word_1_14' title='bbox 2126 524 2171 580; x_wconf 80' lang='grc' dir='ltr'>Α</span> <span class='ocrx_word' id='word_1_15' title='bbox 2204 531 2343 570; x_wconf 83' lang='lat' dir='ltr'><strong>nius.</strong></span> <span class='ocrx_word' id='word_1_16' title='bbox 2381 516 2450 569; x_wconf 83' lang='lat' dir='ltr'><strong>At</strong></span> <span class='ocrx_word' id='word_1_17' title='bbox 2479 527 2600 568; x_wconf 91' lang='lat' dir='ltr'><strong>cum</strong></span> <span class='ocrx_word' id='word_1_18' title='bbox 2635 511 2880 566; x_wconf 60' lang='lat' dir='ltr'><strong>Caesarea</strong></span> <span class='ocrx_word' id='word_1_19' title='bbox 2929 511 3285 580; x_wconf 64' lang='lat' dir='ltr'><strong>Cappadociae</strong></span> <span class='ocrx_word' id='word_1_20' title='bbox 3319 511 3615 573; x_wconf 86' lang='lat' dir='ltr'><strong>discederet.</strong></span> <span class='ocrx_word' id='word_1_21' title='bbox 3651 514 3737 568; x_wconf 65' lang='lat' dir='ltr'><strong>Nic</strong></span> 
     </span>
    </p>
   </div>
   <div class='ocr_carea' id='block_1_5' title="bbox 536 610 2098 689">
    <p class='ocr_par' dir='ltr' id='par_1_5' title="bbox 536 610 2098 689">
     <span class='ocr_line' id='line_1_5' title="bbox 536 610 2098 689; baseline -0.01 -16"><span class='ocrx_word' id='word_1_22' title='bbox 536 633 632 689; x_wconf 84' lang='lat' dir='ltr'><strong>gra</strong></span> <span class='ocrx_word' id='word_1_23' title='bbox 658 622 964 685; x_wconf 74' lang='lat' dir='ltr'><strong>superesset</strong></span> <span class='ocrx_word' id='word_1_24' title='bbox 1005 614 1090 667; x_wconf 90' lang='lat' dir='ltr'><strong>illa</strong></span> <span class='ocrx_word' id='word_1_25' title='bbox 1119 612 1314 666; x_wconf 86' lang='lat' dir='ltr'><strong>Leonis</strong></span> <span class='ocrx_word' id='word_1_26' title='bbox 1343 610 1706 673; x_wconf 76' lang='grc' dir='ltr'><strong>Διατύπωσις,</strong></span> <span class='ocrx_word' id='word_1_27' title='bbox 1733 624 1831 662; x_wconf 89' lang='lat' dir='ltr'><strong>nec</strong></span> <span class='ocrx_word' id='word_1_28' title='bbox 1852 618 2098 662; x_wconf 59' lang='lat' dir='ltr'><strong>extrema</strong></span> 
     </span>
    </p>
   </div>
   <div class='ocr_carea' id='block_1_6' title="bbox 539 702 2102 779">
    <p class='ocr_par' dir='ltr' id='par_1_6' title="bbox 539 702 2102 779">
     <span class='ocr_line' id='line_1_6' title="bbox 539 702 2102 779; baseline -0.008 -15"><span class='ocrx_word' id='word_1_29' title='bbox 539 712 618 766; x_wconf 87' lang='lat' dir='ltr'><strong>sui</strong></span> <span class='ocrx_word' id='word_1_30' title='bbox 648 720 800 779; x_wconf 85' lang='lat' dir='ltr'><strong>parte</strong></span> <span class='ocrx_word' id='word_1_31' title='bbox 830 709 1015 761; x_wconf 89' lang='lat' dir='ltr'><strong>fuisset</strong></span> <span class='ocrx_word' id='word_1_32' title='bbox 1045 704 1310 765; x_wconf 88' lang='lat' dir='ltr'><strong>mutilata,</strong></span> <span class='ocrx_word' id='word_1_33' title='bbox 1338 706 1387 757; x_wconf 92' lang='lat' dir='ltr'><strong>in</strong></span> <span class='ocrx_word' id='word_1_34' title='bbox 1414 721 1516 773; x_wconf 90' lang='lat' dir='ltr'><strong>qna</strong></span> <span class='ocrx_word' id='word_1_35' title='bbox 1573 702 1864 768; x_wconf 86' lang='lat' dir='ltr'><strong>unicuique</strong></span> <span class='ocrx_word' id='word_1_36' title='bbox 1906 709 2102 752; x_wconf 72' lang='lat' dir='ltr'><strong>nietro-</strong></span> 
     </span>
    </p>
   </div>
   <div class='ocr_carea' id='block_1_7' title="bbox 535 790 2102 872">
    <p class='ocr_par' dir='ltr' id='par_1_7' title="bbox 535 790 2102 872">
     <span class='ocr_line' id='line_1_7' title="bbox 535 790 2102 872; baseline -0.009 -17"><span class='ocrx_word' id='word_1_37' title='bbox 535 802 642 872; x_wconf 86' lang='lat' dir='ltr'><strong>poli</strong></span> <span class='ocrx_word' id='word_1_38' title='bbox 665 801 938 855; x_wconf 77' lang='lat' dir='ltr'><strong>attributze</strong></span> <span class='ocrx_word' id='word_1_39' title='bbox 960 797 1228 850; x_wconf 72' lang='lat' dir='ltr'><strong>dimceses</strong></span> <span class='ocrx_word' id='word_1_40' title='bbox 1252 797 1698 855; x_wconf 88' lang='lat' dir='ltr'><strong>recensebantur,</strong></span> <span class='ocrx_word' id='word_1_41' title='bbox 1733 792 1847 862; x_wconf 87' lang='lat'><strong>(88)</strong></span> <span class='ocrx_word' id='word_1_42' title='bbox 1873 790 2102 846; x_wconf 83' lang='lat' dir='ltr'><strong>Genna-</strong></span> 
     </span>
    </p>
   </div>
   <div class='ocr_carea' id='block_1_8' title="bbox 532 885 2102 959">
    <p class='ocr_par' dir='ltr' id='par_1_8' title="bbox 532 885 2102 959">
     <span class='ocr_line' id='line_1_8' title="bbox 532 885 2102 959; baseline -0.006 -13"><span class='ocrx_word' id='word_1_43' title='bbox 532 893 641 946; x_wconf 73' lang='lat' dir='ltr'><strong>nize</strong></span> <span class='ocrx_word' id='word_1_44' title='bbox 669 893 828 945; x_wconf 82' lang='lat' dir='ltr'><strong>situm</strong></span> <span class='ocrx_word' id='word_1_45' title='bbox 857 888 1016 944; x_wconf 82' lang='lat' dir='ltr'><strong>facile</strong></span> <span class='ocrx_word' id='word_1_46' title='bbox 1041 902 1531 959; x_wconf 75' lang='lat' dir='ltr'><strong>cognosceremus.</strong></span> <span class='ocrx_word' id='word_1_47' title='bbox 1563 888 1736 957; x_wconf 86' lang='lat' dir='ltr'><strong>Atque</strong></span> <span class='ocrx_word' id='word_1_48' title='bbox 1769 886 1883 940; x_wconf 85' lang='lat' dir='ltr'><strong>haec</strong></span> <span class='ocrx_word' id='word_1_49' title='bbox 1917 885 2102 938; x_wconf 89' lang='lat' dir='ltr'><strong>hacte-</strong></span> 
     </span>
    </p>
   </div>
   <div class='ocr_carea' id='block_1_9' title="bbox 537 999 660 1040">
    <p class='ocr_par' dir='ltr' id='par_1_9' title="bbox 537 999 660 1040">
     <span class='ocr_line' id='line_1_9' title="bbox 537 999 660 1040; baseline -0.033 0"><span class='ocrx_word' id='word_1_50' title='bbox 537 999 660 1040; x_wconf 87' lang='lat' dir='ltr'><strong>nus.</strong></span> 
     </span>
    </p>
   </div>
   <div class='ocr_carea' id='block_1_10' title="bbox 607 1067 2105 1144">
    <p class='ocr_par' dir='ltr' id='par_1_10' title="bbox 607 1067 2105 1144">
     <span class='ocr_line' id='line_1_10' title="bbox 607 1067 2105 1144; baseline -0.005 -16"><span class='ocrx_word' id='word_1_51' title='bbox 607 1073 669 1129; x_wconf 73' lang='grc' dir='ltr'>ν.</span> <span class='ocrx_word' id='word_1_52' title='bbox 695 1073 957 1144; x_wconf 72' lang='lat' dir='ltr'><strong>Origenes</strong></span> <span class='ocrx_word' id='word_1_53' title='bbox 999 1073 1054 1126; x_wconf 92' lang='lat' dir='ltr'><strong>in</strong></span> <span class='ocrx_word' id='word_1_54' title='bbox 1085 1070 1312 1126; x_wconf 70' lang='lat' dir='ltr'><strong>Julianae</strong></span> <span class='ocrx_word' id='word_1_55' title='bbox 1333 1069 1654 1122; x_wconf 77' lang='lat' dir='ltr'><strong>Bibliotheca</strong></span> <span class='ocrx_word' id='word_1_56' title='bbox 1673 1067 1857 1122; x_wconf 89' lang='lat' dir='ltr'><strong>tandiu</strong></span> <span class='ocrx_word' id='word_1_57' title='bbox 1892 1068 2105 1122; x_wconf 88' lang='lat' dir='ltr'><strong>videtur</strong></span> 
     </span>
    </p>
   </div>
   <div class='ocr_carea' id='block_1_11' title="bbox 536 1159 2102 1235">
    <p class='ocr_par' dir='ltr' id='par_1_11' title="bbox 536 1159 2102 1235">
     <span class='ocr_line' id='line_1_11' title="bbox 536 1159 2102 1235; baseline -0.006 -14"><span class='ocrx_word' id='word_1_58' title='bbox 536 1165 816 1222; x_wconf 84' lang='lat' dir='ltr'><strong>delituisse</strong></span> <span class='ocrx_word' id='word_1_59' title='bbox 867 1165 1044 1235; x_wconf 81' lang='lat' dir='ltr'><strong>quoad</strong></span> <span class='ocrx_word' id='word_1_60' title='bbox 1107 1165 1244 1220; x_wconf 78' lang='lat' dir='ltr'><strong>vixit</strong></span> <span class='ocrx_word' id='word_1_61' title='bbox 1289 1163 1632 1217; x_wconf 81' lang='lat' dir='ltr'><strong>Maximinus.</strong></span> <span class='ocrx_word' id='word_1_62' title='bbox 1674 1160 1726 1216; x_wconf 91' lang='lat' dir='ltr'><strong>ls</strong></span> <span class='ocrx_word' id='word_1_63' title='bbox 1759 1160 1974 1214; x_wconf 90' lang='lat' dir='ltr'><strong>demum</strong></span> <span class='ocrx_word' id='word_1_64' title='bbox 2035 1159 2102 1212; x_wconf 90' lang='lat' dir='ltr'><strong>ad</strong></span> 
     </span>
    </p>
   </div>
   <div class='ocr_carea' id='block_1_12' title="bbox 537 1248 2101 1324">
    <p class='ocr_par' dir='ltr' id='par_1_12' title="bbox 537 1248 2101 1324">
     <span class='ocr_line' id='line_1_12' title="bbox 537 1248 2101 1324; baseline -0.005 -16"><span class='ocrx_word' id='word_1_65' title='bbox 537 1255 835 1324; x_wconf 82' lang='lat' dir='ltr'><strong>Aquileiam</strong></span> <span class='ocrx_word' id='word_1_66' title='bbox 864 1269 962 1324; x_wconf 89' lang='lat' dir='ltr'><strong>per</strong></span> <span class='ocrx_word' id='word_1_67' title='bbox 990 1253 1280 1308; x_wconf 88' lang='lat' dir='ltr'><strong>militarem</strong></span> <span class='ocrx_word' id='word_1_68' title='bbox 1307 1251 1596 1306; x_wconf 89' lang='lat' dir='ltr'><strong>tumultum</strong></span> <span class='ocrx_word' id='word_1_69' title='bbox 1629 1265 1752 1303; x_wconf 84' lang='lat' dir='ltr'><strong>cum</strong></span> <span class='ocrx_word' id='word_1_70' title='bbox 1788 1249 1894 1303; x_wconf 76' lang='lat' dir='ltr'><strong>liiio</strong></span> <span class='ocrx_word' id='word_1_71' title='bbox 1923 1248 2101 1318; x_wconf 91' lang='lat' dir='ltr'><strong>periit,</strong></span> 
     </span>
    </p>
   </div>
   <div class='ocr_carea' id='block_1_13' title="bbox 538 1342 2103 1414">
    <p class='ocr_par' dir='ltr' id='par_1_13' title="bbox 538 1342 2103 1414">
     <span class='ocr_line' id='line_1_13' title="bbox 538 1342 2103 1414; baseline -0.004 -14"><span class='ocrx_word' id='word_1_72' title='bbox 538 1361 683 1400; x_wconf 79' lang='lat' dir='ltr'><strong>anno</strong></span> <span class='ocrx_word' id='word_1_73' title='bbox 717 1346 930 1414; x_wconf 92' lang='lat' dir='ltr'><strong>imperii</strong></span> <span class='ocrx_word' id='word_1_74' title='bbox 972 1346 1133 1398; x_wconf 88' lang='lat' dir='ltr'><strong>tertio</strong></span> <span class='ocrx_word' id='word_1_75' title='bbox 1191 1360 1206 1397; x_wconf 90' lang='lat'><strong>:</strong></span> <span class='ocrx_word' id='word_1_76' title='bbox 1265 1359 1372 1412; x_wconf 90' lang='lat' dir='ltr'><strong>quo</strong></span> <span class='ocrx_word' id='word_1_77' title='bbox 1412 1343 1657 1397; x_wconf 90' lang='lat' dir='ltr'><strong>recidunt</strong></span> <span class='ocrx_word' id='word_1_78' title='bbox 1701 1342 1865 1395; x_wconf 66' lang='lat' dir='ltr'><strong>variae</strong></span> <span class='ocrx_word' id='word_1_79' title='bbox 1916 1356 2103 1395; x_wconf 90' lang='lat' dir='ltr'><strong>eorum</strong></span> 
     </span>
    </p>
   </div>
   <div class='ocr_carea' id='block_1_14' title="bbox 543 1433 2104 1505">
    <p class='ocr_par' dir='ltr' id='par_1_14' title="bbox 543 1433 2104 1505">
     <span class='ocr_line' id='line_1_14' title="bbox 543 1433 2104 1505; baseline -0.005 -11"><span class='ocrx_word' id='word_1_80' title='bbox 543 1439 856 1503; x_wconf 75' lang='lat' dir='ltr'><strong>sententiae,</strong></span> <span class='ocrx_word' id='word_1_81' title='bbox 882 1452 1109 1505; x_wconf 91' lang='lat' dir='ltr'><strong>quorum</strong></span> <span class='ocrx_word' id='word_1_82' title='bbox 1135 1436 1224 1489; x_wconf 89' lang='lat' dir='ltr'><strong>alii</strong></span> <span class='ocrx_word' id='word_1_83' title='bbox 1247 1450 1341 1505; x_wconf 92' lang='lat' dir='ltr'><strong>per</strong></span> <span class='ocrx_word' id='word_1_84' title='bbox 1367 1435 1662 1498; x_wconf 88' lang='lat' dir='ltr'><strong>biennium,</strong></span> <span class='ocrx_word' id='word_1_85' title='bbox 1692 1450 1786 1504; x_wconf 91' lang='lat' dir='ltr'><strong>per</strong></span> <span class='ocrx_word' id='word_1_86' title='bbox 1815 1433 2104 1488; x_wconf 89' lang='lat' dir='ltr'><strong>triennium</strong></span> 
     </span>
    </p>
   </div>
   <div class='ocr_carea' id='block_1_15' title="bbox 540 1526 2106 1598">
    <p class='ocr_par' dir='ltr' id='par_1_15' title="bbox 540 1526 2106 1598">
     <span class='ocr_line' id='line_1_15' title="bbox 540 1526 2106 1598; baseline -0.002 -14"><span class='ocrx_word' id='word_1_87' title='bbox 540 1531 655 1594; x_wconf 84' lang='lat' dir='ltr'><strong>alii,</strong></span> <span class='ocrx_word' id='word_1_88' title='bbox 671 1537 807 1584; x_wconf 88' lang='lat' dir='ltr'><strong>teste</strong></span> <span class='ocrx_word' id='word_1_89' title='bbox 821 1527 963 1582; x_wconf 84' lang='lat' dir='ltr'><strong>Julio</strong></span> <span class='ocrx_word' id='word_1_90' title='bbox 979 1529 1281 1597; x_wconf 83' lang='lat' dir='ltr'><strong>Capitolino</strong></span> <span class='ocrx_word' id='word_1_91' title='bbox 1297 1526 1429 1598; x_wconf 89' lang='lat'><strong>(89),</strong></span> <span class='ocrx_word' id='word_1_92' title='bbox 1447 1526 1793 1581; x_wconf 77' lang='lat' dir='ltr'><strong>Maximinum</strong></span> <span class='ocrx_word' id='word_1_93' title='bbox 1813 1527 2106 1595; x_wconf 85' lang='lat' dir='ltr'><strong>imperasse</strong></span> 
     </span>
    </p>
   </div>
   <div class='ocr_carea' id='block_1_16' title="bbox 539 1617 2107 1676">
    <p class='ocr_par' dir='ltr' id='par_1_16' title="bbox 539 1617 2107 1676">
     <span class='ocr_line' id='line_1_16' title="bbox 539 1617 2107 1676; baseline -0.002 -2"><span class='ocrx_word' id='word_1_94' title='bbox 539 1623 744 1676; x_wconf 89' lang='lat' dir='ltr'><strong>volunt.</strong></span> <span class='ocrx_word' id='word_1_95' title='bbox 778 1619 1072 1674; x_wconf 83' lang='lat' dir='ltr'><strong>Maximino</strong></span> <span class='ocrx_word' id='word_1_96' title='bbox 1104 1619 1368 1672; x_wconf 82' lang='lat' dir='ltr'><strong>successit</strong></span> <span class='ocrx_word' id='word_1_97' title='bbox 1388 1618 1716 1673; x_wconf 82' lang='lat' dir='ltr'><strong>Gordianus.</strong></span> <span class='ocrx_word' id='word_1_98' title='bbox 1743 1617 1931 1671; x_wconf 84' lang='lat' dir='ltr'><strong>Annus</strong></span> <span class='ocrx_word' id='word_1_99' title='bbox 1950 1617 2107 1672; x_wconf 88' lang='lat' dir='ltr'><strong>Chri-</strong></span> 
     </span>
    </p>
   </div>
   <div class='ocr_carea' id='block_1_17' title="bbox 539 1710 2105 1782">
    <p class='ocr_par' dir='ltr' id='par_1_17' title="bbox 539 1710 2105 1782">
     <span class='ocr_line' id='line_1_17' title="bbox 539 1710 2105 1782; baseline -0.004 -13"><span class='ocrx_word' id='word_1_100' title='bbox 539 1715 608 1770; x_wconf 86' lang='lat' dir='ltr'><strong>sti</strong></span> <span class='ocrx_word' id='word_1_101' title='bbox 651 1723 778 1767; x_wconf 90' lang='lat' dir='ltr'><strong>tunc</strong></span> <span class='ocrx_word' id='word_1_102' title='bbox 807 1713 1070 1782; x_wconf 78' lang='lat' dir='ltr'><strong>agebatur</strong></span> <span class='ocrx_word' id='word_1_103' title='bbox 1097 1710 1222 1776; x_wconf 73' lang='lat'><strong>257,</strong></span> <span class='ocrx_word' id='word_1_104' title='bbox 1255 1711 1507 1781; x_wconf 87' lang='lat' dir='ltr'><strong>Origenis</strong></span> <span class='ocrx_word' id='word_1_105' title='bbox 1547 1727 1616 1765; x_wconf 83' lang='grc' dir='ltr'><strong>ιιι</strong></span> <span class='ocrx_word' id='word_1_106' title='bbox 1643 1729 1659 1778; x_wconf 87' lang='lat'>;</span> <span class='ocrx_word' id='word_1_107' title='bbox 1682 1710 1980 1764; x_wconf 79' lang='lat' dir='ltr'><strong>Romanam</strong></span> <span class='ocrx_word' id='word_1_108' title='bbox 2006 1710 2105 1763; x_wconf 82' lang='lat' dir='ltr'><strong>Ee-</strong></span> 
     </span>
    </p>
   </div>
   <div class='ocr_carea' id='block_1_18' title="bbox 541 1799 2105 1873">
    <p class='ocr_par' dir='ltr' id='par_1_18' title="bbox 541 1799 2105 1873">
     <span class='ocr_line' id='line_1_18' title="bbox 541 1799 2105 1873; baseline -0.003 -14"><span class='ocrx_word' id='word_1_109' title='bbox 541 1803 762 1860; x_wconf 83' lang='lat' dir='ltr'><strong>clesiain</strong></span> <span class='ocrx_word' id='word_1_110' title='bbox 813 1803 1033 1873; x_wconf 91' lang='lat' dir='ltr'><strong>regebat</strong></span> <span class='ocrx_word' id='word_1_111' title='bbox 1071 1802 1365 1864; x_wconf 85' lang='lat' dir='ltr'><strong>Fabianus,</strong></span> <span class='ocrx_word' id='word_1_112' title='bbox 1399 1802 1453 1856; x_wconf 85' lang='lat' dir='ltr'><strong>in</strong></span> <span class='ocrx_word' id='word_1_113' title='bbox 1501 1802 1676 1856; x_wconf 90' lang='lat' dir='ltr'><strong>locum</strong></span> <span class='ocrx_word' id='word_1_114' title='bbox 1713 1799 1899 1855; x_wconf 83' lang='lat' dir='ltr'><strong>Anteri</strong></span> <span class='ocrx_word' id='word_1_115' title='bbox 1939 1799 2105 1855; x_wconf 77' lang='lat' dir='ltr'><strong>sulfe-</strong></span> 
     </span>
    </p>
   </div>
   <div class='ocr_carea' id='block_1_19' title="bbox 2201 601 3743 672">
    <p class='ocr_par' dir='ltr' id='par_1_19' title="bbox 2201 601 3743 672">
     <span class='ocr_line' id='line_1_19' title="bbox 2201 601 3743 672; baseline 0 -11"><span class='ocrx_word' id='word_1_116' title='bbox 2201 607 2503 661; x_wconf 89' lang='lat' dir='ltr'><strong>comediam</strong></span> <span class='ocrx_word' id='word_1_117' title='bbox 2560 604 2737 659; x_wconf 90' lang='lat' dir='ltr'><strong>obiter</strong></span> <span class='ocrx_word' id='word_1_118' title='bbox 2801 601 3005 658; x_wconf 77' lang='lat' dir='ltr'><strong>adiisse</strong></span> <span class='ocrx_word' id='word_1_119' title='bbox 3054 602 3336 672; x_wconf 83' lang='lat' dir='ltr'><strong>probabile</strong></span> <span class='ocrx_word' id='word_1_120' title='bbox 3379 613 3494 669; x_wconf 90' lang='lat' dir='ltr'><strong>est,</strong></span> <span class='ocrx_word' id='word_1_121' title='bbox 3553 606 3743 661; x_wconf 89' lang='lat' dir='ltr'><strong>visendi</strong></span> 
     </span>
    </p>
   </div>
   <div class='ocr_carea' id='block_1_20' title="bbox 2201 694 3746 763">
    <p class='ocr_par' dir='ltr' id='par_1_20' title="bbox 2201 694 3746 763">
     <span class='ocr_line' id='line_1_20' title="bbox 2201 694 3746 763; baseline 0.001 -13"><span class='ocrx_word' id='word_1_122' title='bbox 2201 698 2470 751; x_wconf 84' lang='lat' dir='ltr'><strong>Ambrosii</strong></span> <span class='ocrx_word' id='word_1_123' title='bbox 2517 709 2701 756; x_wconf 88' lang='lat' dir='ltr'><strong>causa,</strong></span> <span class='ocrx_word' id='word_1_124' title='bbox 2742 694 2834 763; x_wconf 88' lang='lat' dir='ltr'><strong>qui</strong></span> <span class='ocrx_word' id='word_1_125' title='bbox 2889 694 3178 763; x_wconf 90' lang='lat' dir='ltr'><strong>impiorum</strong></span> <span class='ocrx_word' id='word_1_126' title='bbox 3236 695 3468 748; x_wconf 76' lang='lat' dir='ltr'><strong>vinculis</strong></span> <span class='ocrx_word' id='word_1_127' title='bbox 3530 696 3746 763; x_wconf 77' lang='lat' dir='ltr'><strong>elapsus,</strong></span> 
     </span>
    </p>
   </div>
   <div class='ocr_carea' id='block_1_21' title="bbox 2203 784 3753 855">
    <p class='ocr_par' dir='ltr' id='par_1_21' title="bbox 2203 784 3753 855">
     <span class='ocr_line' id='line_1_21' title="bbox 2203 784 3753 855; baseline 0.001 -14"><span class='ocrx_word' id='word_1_128' title='bbox 2203 802 2409 841; x_wconf 90' lang='lat' dir='ltr'><strong>moram</strong></span> <span class='ocrx_word' id='word_1_129' title='bbox 2436 789 2490 840; x_wconf 87' lang='lat' dir='ltr'><strong>in</strong></span> <span class='ocrx_word' id='word_1_130' title='bbox 2520 799 2583 840; x_wconf 87' lang='lat' dir='ltr'><strong>ea</strong></span> <span class='ocrx_word' id='word_1_131' title='bbox 2619 787 2752 841; x_wconf 91' lang='lat' dir='ltr'><strong>urbe</strong></span> <span class='ocrx_word' id='word_1_132' title='bbox 2781 800 2904 840; x_wconf 93' lang='lat' dir='ltr'><strong>cum</strong></span> <span class='ocrx_word' id='word_1_133' title='bbox 2941 785 3190 840; x_wconf 83' lang='lat' dir='ltr'><strong>Marcella</strong></span> <span class='ocrx_word' id='word_1_134' title='bbox 3225 784 3460 855; x_wconf 75' lang='lat' dir='ltr'><strong>conjuge</strong></span> <span class='ocrx_word' id='word_1_135' title='bbox 3492 800 3553 840; x_wconf 89' lang='lat' dir='ltr'><strong>ac</strong></span> <span class='ocrx_word' id='word_1_136' title='bbox 3583 785 3753 844; x_wconf 87' lang='lat' dir='ltr'><strong>liberis</strong></span> 
     </span>
    </p>
   </div>
   <div class='ocr_carea' id='block_1_22' title="bbox 2204 876 3750 949">
    <p class='ocr_par' dir='ltr' id='par_1_22' title="bbox 2204 876 3750 949">
     <span class='ocr_line' id='line_1_22' title="bbox 2204 876 3750 949; baseline 0.001 -16"><span class='ocrx_word' id='word_1_137' title='bbox 2204 878 2440 934; x_wconf 81' lang='lat' dir='ltr'><strong>faciebat</strong></span> <span class='ocrx_word' id='word_1_138' title='bbox 2488 896 2503 934; x_wconf 90' lang='lat'><strong>:</strong></span> <span class='ocrx_word' id='word_1_139' title='bbox 2547 879 2768 949; x_wconf 89' lang='lat' dir='ltr'><strong>(liberos</strong></span> <span class='ocrx_word' id='word_1_140' title='bbox 2808 877 3040 947; x_wconf 90' lang='lat' dir='ltr'><strong>quippe,</strong></span> <span class='ocrx_word' id='word_1_141' title='bbox 3094 877 3410 947; x_wconf 77' lang='lat' dir='ltr'><strong>coniugem,</strong></span> <span class='ocrx_word' id='word_1_142' title='bbox 3464 876 3651 933; x_wconf 86' lang='lat' dir='ltr'><strong>fratres</strong></span> <span class='ocrx_word' id='word_1_143' title='bbox 3691 895 3750 935; x_wconf 87' lang='lat' dir='ltr'><strong>ac</strong></span> 
     </span>
    </p>
   </div>
   <div class='ocr_carea' id='block_1_23' title="bbox 2203 971 3757 1038">
    <p class='ocr_par' dir='ltr' id='par_1_23' title="bbox 2203 971 3757 1038">
     <span class='ocr_line' id='line_1_23' title="bbox 2203 971 3757 1038; baseline 0 -12"><span class='ocrx_word' id='word_1_144' title='bbox 2203 985 2418 1026; x_wconf 87' lang='lat' dir='ltr'><strong>sorores</strong></span> <span class='ocrx_word' id='word_1_145' title='bbox 2458 971 2643 1025; x_wconf 86' lang='lat' dir='ltr'><strong>habuit</strong></span> <span class='ocrx_word' id='word_1_146' title='bbox 2682 972 2998 1026; x_wconf 80' lang='lat' dir='ltr'><strong>Ambrosius</strong></span> <span class='ocrx_word' id='word_1_147' title='bbox 3039 987 3054 1023; x_wconf 88' lang='lat'><strong>:</strong></span> <span class='ocrx_word' id='word_1_148' title='bbox 3099 971 3234 1024; x_wconf 90' lang='lat' dir='ltr'><strong>obiit</strong></span> <span class='ocrx_word' id='word_1_149' title='bbox 3267 976 3446 1024; x_wconf 87' lang='lat' dir='ltr'><strong>autem</strong></span> <span class='ocrx_word' id='word_1_150' title='bbox 3486 972 3757 1038; x_wconf 87' lang='lat' dir='ltr'><strong>superstite</strong></span> 
     </span>
    </p>
   </div>
   <div class='ocr_carea' id='block_1_24' title="bbox 2204 1058 3758 1129">
    <p class='ocr_par' dir='ltr' id='par_1_24' title="bbox 2204 1058 3758 1129">
     <span class='ocr_line' id='line_1_24' title="bbox 2204 1058 3758 1129; baseline -0.001 -14"><span class='ocrx_word' id='word_1_151' title='bbox 2204 1059 2460 1129; x_wconf 75' lang='lat' dir='ltr'><strong>Origene,</strong></span> <span class='ocrx_word' id='word_1_152' title='bbox 2501 1059 2740 1128; x_wconf 85' lang='lat' dir='ltr'><strong>vitioque</strong></span> <span class='ocrx_word' id='word_1_153' title='bbox 2777 1060 2878 1128; x_wconf 90' lang='lat' dir='ltr'><strong>ipsi</strong></span> <span class='ocrx_word' id='word_1_154' title='bbox 2907 1075 2938 1114; x_wconf 91' lang='lat' dir='ltr'><strong>a</strong></span> <span class='ocrx_word' id='word_1_155' title='bbox 2985 1058 3166 1114; x_wconf 88' lang='lat' dir='ltr'><strong>multis</strong></span> <span class='ocrx_word' id='word_1_156' title='bbox 3209 1059 3394 1112; x_wconf 90' lang='lat' dir='ltr'><strong>datum</strong></span> <span class='ocrx_word' id='word_1_157' title='bbox 3433 1069 3614 1112; x_wconf 86' lang='lat' dir='ltr'><strong>narrat</strong></span> <span class='ocrx_word' id='word_1_158' title='bbox 3646 1059 3758 1114; x_wconf 89' lang='lat' dir='ltr'><strong>Hie-</strong></span> 
     </span>
    </p>
   </div>
   <div class='ocr_carea' id='block_1_25' title="bbox 2203 1151 3759 1223">
    <p class='ocr_par' dir='ltr' id='par_1_25' title="bbox 2203 1151 3759 1223">
     <span class='ocr_line' id='line_1_25' title="bbox 2203 1151 3759 1223; baseline -0.001 -15"><span class='ocrx_word' id='word_1_159' title='bbox 2203 1167 2462 1223; x_wconf 88' lang='lat' dir='ltr'><strong>ronymus</strong></span> <span class='ocrx_word' id='word_1_160' title='bbox 2498 1151 2638 1222; x_wconf 88' lang='lat'><strong>(90),</strong></span> <span class='ocrx_word' id='word_1_161' title='bbox 2673 1153 2814 1219; x_wconf 90' lang='lat' dir='ltr'><strong>quod</strong></span> <span class='ocrx_word' id='word_1_162' title='bbox 2841 1151 3000 1205; x_wconf 88' lang='lat' dir='ltr'><strong>amici</strong></span> <span class='ocrx_word' id='word_1_163' title='bbox 3051 1152 3214 1216; x_wconf 83' lang='lat' dir='ltr'><strong>senis,</strong></span> <span class='ocrx_word' id='word_1_164' title='bbox 3267 1159 3324 1206; x_wconf 91' lang='lat' dir='ltr'><strong>et</strong></span> <span class='ocrx_word' id='word_1_165' title='bbox 3378 1151 3619 1218; x_wconf 85' lang='lat' dir='ltr'><strong>pauperis</strong></span> <span class='ocrx_word' id='word_1_166' title='bbox 3660 1165 3759 1206; x_wconf 88' lang='lat' dir='ltr'><strong>mo-</strong></span> 
     </span>
    </p>
   </div>
   <div class='ocr_carea' id='block_1_26' title="bbox 2203 1243 3756 1314">
    <p class='ocr_par' dir='ltr' id='par_1_26' title="bbox 2203 1243 3756 1314">
     <span class='ocr_line' id='line_1_26' title="bbox 2203 1243 3756 1314; baseline 0 -16"><span class='ocrx_word' id='word_1_167' title='bbox 2203 1245 2351 1298; x_wconf 89' lang='lat' dir='ltr'><strong>riens</strong></span> <span class='ocrx_word' id='word_1_168' title='bbox 2382 1259 2487 1299; x_wconf 94' lang='lat' dir='ltr'><strong>non</strong></span> <span class='ocrx_word' id='word_1_169' title='bbox 2516 1245 2586 1300; x_wconf 85' lang='lat' dir='ltr'><strong>sit</strong></span> <span class='ocrx_word' id='word_1_170' title='bbox 2627 1245 2988 1314; x_wconf 88' lang='lat' dir='ltr'><strong>recordatus.)</strong></span> <span class='ocrx_word' id='word_1_171' title='bbox 3041 1243 3175 1298; x_wconf 85' lang='lat' dir='ltr'><strong>llinc</strong></span> <span class='ocrx_word' id='word_1_172' title='bbox 3227 1244 3493 1298; x_wconf 85' lang='lat' dir='ltr'><strong>eruditam</strong></span> <span class='ocrx_word' id='word_1_173' title='bbox 3528 1244 3664 1297; x_wconf 89' lang='lat' dir='ltr'><strong>illam</strong></span> <span class='ocrx_word' id='word_1_174' title='bbox 3697 1245 3756 1298; x_wconf 87' lang='lat' dir='ltr'><strong>ad</strong></span> 
     </span>
    </p>
   </div>
   <div class='ocr_carea' id='block_1_27' title="bbox 2202 1334 3755 1406">
    <p class='ocr_par' dir='ltr' id='par_1_27' title="bbox 2202 1334 3755 1406">
     <span class='ocr_line' id='line_1_27' title="bbox 2202 1334 3755 1406; baseline 0 -16"><span class='ocrx_word' id='word_1_175' title='bbox 2202 1334 2515 1390; x_wconf 83' lang='lat' dir='ltr'><strong>Africanum</strong></span> <span class='ocrx_word' id='word_1_176' title='bbox 2541 1336 2688 1391; x_wconf 85' lang='lat' dir='ltr'><strong>dedit</strong></span> <span class='ocrx_word' id='word_1_177' title='bbox 2719 1335 3029 1406; x_wconf 88' lang='lat' dir='ltr'><strong>epistolam,</strong></span> <span class='ocrx_word' id='word_1_178' title='bbox 3057 1351 3160 1406; x_wconf 91' lang='lat' dir='ltr'><strong>qua</strong></span> <span class='ocrx_word' id='word_1_179' title='bbox 3189 1335 3460 1390; x_wconf 68' lang='lat' dir='ltr'><strong>Susanna:</strong></span> <span class='ocrx_word' id='word_1_180' title='bbox 3491 1336 3755 1390; x_wconf 91' lang='lat' dir='ltr'><strong>historiam</strong></span> 
     </span>
    </p>
   </div>
   <div class='ocr_carea' id='block_1_28' title="bbox 2205 1429 3757 1508">
    <p class='ocr_par' dir='ltr' id='par_1_28' title="bbox 2205 1429 3757 1508">
     <span class='ocr_line' id='line_1_28' title="bbox 2205 1429 3757 1508; baseline 0 -24"><span class='ocrx_word' id='word_1_181' title='bbox 2205 1429 2400 1485; x_wconf 85' lang='lat' dir='ltr'><strong>frustra</strong></span> <span class='ocrx_word' id='word_1_182' title='bbox 2439 1431 2510 1485; x_wconf 88' lang='lat' dir='ltr'><strong>ab</strong></span> <span class='ocrx_word' id='word_1_183' title='bbox 2557 1445 2624 1508; x_wconf 85' lang='lat' dir='ltr'><strong>eo</strong></span> <span class='ocrx_word' id='word_1_184' title='bbox 2659 1431 3025 1500; x_wconf 87' lang='lat' dir='ltr'><strong>impugnatam</strong></span> <span class='ocrx_word' id='word_1_185' title='bbox 3076 1430 3393 1490; x_wconf 82' lang='lat' dir='ltr'><strong>confirmat,</strong></span> <span class='ocrx_word' id='word_1_186' title='bbox 3440 1443 3689 1497; x_wconf 87' lang='lat' dir='ltr'><strong>suamque</strong></span> <span class='ocrx_word' id='word_1_187' title='bbox 3711 1431 3757 1483; x_wconf 89' lang='lat' dir='ltr'><strong>ei</strong></span> 
     </span>
    </p>
   </div>
   <div class='ocr_carea' id='block_1_29' title="bbox 2206 1521 3760 1593">
    <p class='ocr_par' dir='ltr' id='par_1_29' title="bbox 2206 1521 3760 1593">
     <span class='ocr_line' id='line_1_29' title="bbox 2206 1521 3760 1593; baseline -0.001 -15"><span class='ocrx_word' id='word_1_188' title='bbox 2206 1524 2364 1578; x_wconf 77' lang='lat' dir='ltr'><strong>[idem</strong></span> <span class='ocrx_word' id='word_1_189' title='bbox 2397 1535 2450 1579; x_wconf 92' lang='lat' dir='ltr'><strong>et</strong></span> <span class='ocrx_word' id='word_1_190' title='bbox 2480 1527 2856 1579; x_wconf 85' lang='lat' dir='ltr'><strong>auctoritatem</strong></span> <span class='ocrx_word' id='word_1_191' title='bbox 2889 1523 3089 1576; x_wconf 89' lang='lat' dir='ltr'><strong>asserit</strong></span> <span class='ocrx_word' id='word_1_192' title='bbox 3129 1521 3270 1593; x_wconf 82' lang='grc'><strong>(91).</strong></span> <span class='ocrx_word' id='word_1_193' title='bbox 3315 1521 3654 1576; x_wconf 83' lang='lat' dir='ltr'><strong>Atheniensis</strong></span> <span class='ocrx_word' id='word_1_194' title='bbox 3678 1523 3760 1577; x_wconf 53' lang='lat' dir='ltr'><strong>iti-</strong></span> 
     </span>
    </p>
   </div>
   <div class='ocr_carea' id='block_1_30' title="bbox 2206 1615 3757 1686">
    <p class='ocr_par' dir='ltr' id='par_1_30' title="bbox 2206 1615 3757 1686">
     <span class='ocr_line' id='line_1_30' title="bbox 2206 1615 3757 1686; baseline 0 -18"><span class='ocrx_word' id='word_1_195' title='bbox 2206 1616 2350 1669; x_wconf 88' lang='lat' dir='ltr'><strong>neris</strong></span> <span class='ocrx_word' id='word_1_196' title='bbox 2386 1615 2663 1686; x_wconf 87' lang='lat' dir='ltr'><strong>ignoratur</strong></span> <span class='ocrx_word' id='word_1_197' title='bbox 2700 1631 2903 1671; x_wconf 85' lang='lat' dir='ltr'><strong>causa:</strong></span> <span class='ocrx_word' id='word_1_198' title='bbox 2940 1615 3070 1670; x_wconf 92' lang='lat' dir='ltr'><strong>illud</strong></span> <span class='ocrx_word' id='word_1_199' title='bbox 3124 1615 3352 1679; x_wconf 87' lang='lat' dir='ltr'><strong>scimus,</strong></span> <span class='ocrx_word' id='word_1_200' title='bbox 3379 1615 3592 1684; x_wconf 88' lang='lat' dir='ltr'><strong>optimis</strong></span> <span class='ocrx_word' id='word_1_201' title='bbox 3621 1631 3757 1682; x_wconf 92' lang='lat' dir='ltr'><strong>eum,</strong></span> 
     </span>
    </p>
   </div>
   <div class='ocr_carea' id='block_1_31' title="bbox 2205 1707 3760 1778">
    <p class='ocr_par' dir='ltr' id='par_1_31' title="bbox 2205 1707 3760 1778">
     <span class='ocr_line' id='line_1_31' title="bbox 2205 1707 3760 1778; baseline 0.003 -19"><span class='ocrx_word' id='word_1_202' title='bbox 2205 1707 2443 1773; x_wconf 87' lang='lat' dir='ltr'><strong>quamliu</strong></span> <span class='ocrx_word' id='word_1_203' title='bbox 2499 1708 2552 1762; x_wconf 91' lang='lat' dir='ltr'><strong>in</strong></span> <span class='ocrx_word' id='word_1_204' title='bbox 2601 1709 2701 1762; x_wconf 86' lang='lat' dir='ltr'><strong>hac</strong></span> <span class='ocrx_word' id='word_1_205' title='bbox 2775 1707 2908 1762; x_wconf 89' lang='lat' dir='ltr'><strong>urbe</strong></span> <span class='ocrx_word' id='word_1_206' title='bbox 2970 1707 3228 1778; x_wconf 85' lang='lat' dir='ltr'><strong>agitavit,</strong></span> <span class='ocrx_word' id='word_1_207' title='bbox 3295 1707 3760 1763; x_wconf 76' lang='lat' dir='ltr'><strong>exercitationibus</strong></span> 
     </span>
    </p>
   </div>
   <div class='ocr_carea' id='block_1_32' title="bbox 2206 1797 3759 1867">
    <p class='ocr_par' dir='ltr' id='par_1_32' title="bbox 2206 1797 3759 1867">
     <span class='ocr_line' id='line_1_32' title="bbox 2206 1797 3759 1867; baseline 0.003 -19"><span class='ocrx_word' id='word_1_208' title='bbox 2206 1797 2374 1850; x_wconf 88' lang='lat' dir='ltr'><strong>otium</strong></span> <span class='ocrx_word' id='word_1_209' title='bbox 2411 1813 2566 1852; x_wconf 90' lang='lat' dir='ltr'><strong>suum</strong></span> <span class='ocrx_word' id='word_1_210' title='bbox 2611 1797 3045 1867; x_wconf 85' lang='lat' dir='ltr'><strong>consumpsisse;</strong></span> <span class='ocrx_word' id='word_1_211' title='bbox 3102 1812 3228 1852; x_wconf 90' lang='lat' dir='ltr'><strong>nam</strong></span> <span class='ocrx_word' id='word_1_212' title='bbox 3277 1797 3517 1867; x_wconf 90' lang='lat' dir='ltr'><strong>inceptos</strong></span> <span class='ocrx_word' id='word_1_213' title='bbox 3551 1799 3601 1851; x_wconf 87' lang='lat' dir='ltr'><strong>in</strong></span> <span class='ocrx_word' id='word_1_214' title='bbox 3630 1798 3759 1853; x_wconf 66' lang='lat' dir='ltr'><strong>Exeo</strong></span> 
     </span>
    </p>
   </div>
   <div class='ocr_carea' id='block_1_33' title="bbox 542 1885 3759 1965">
    <p class='ocr_par' dir='ltr' id='par_1_33' title="bbox 542 1885 3759 1965">
     <span class='ocr_line' id='line_1_33' title="bbox 542 1885 3759 1965; baseline -0.002 -14"><span class='ocrx_word' id='word_1_215' title='bbox 542 1907 686 1962; x_wconf 86' lang='lat' dir='ltr'><strong>ctus,</strong></span> <span class='ocrx_word' id='word_1_216' title='bbox 721 1897 813 1965; x_wconf 90' lang='lat' dir='ltr'><strong>qui</strong></span> <span class='ocrx_word' id='word_1_217' title='bbox 869 1896 1192 1950; x_wconf 86' lang='lat' dir='ltr'><strong>Pontianum</strong></span> <span class='ocrx_word' id='word_1_218' title='bbox 1246 1907 1559 1962; x_wconf 83' lang='lat' dir='ltr'><strong>exceperat,</strong></span> <span class='ocrx_word' id='word_1_219' title='bbox 1602 1907 1726 1948; x_wconf 93' lang='lat' dir='ltr'><strong>eum</strong></span> <span class='ocrx_word' id='word_1_220' title='bbox 1780 1901 2008 1960; x_wconf 90' lang='lat' dir='ltr'><strong>uterque</strong></span> <span class='ocrx_word' id='word_1_221' title='bbox 2050 1891 2103 1945; x_wconf 92' lang='lat' dir='ltr'><strong>in</strong></span> <span class='ocrx_word' id='word_1_222' title='bbox 2135 1888 2177 1942; x_wconf 86' lang='grc' dir='ltr'>Β</span> <span class='ocrx_word' id='word_1_223' title='bbox 2205 1886 2418 1941; x_wconf 76' lang='lat' dir='ltr'><strong>chielem</strong></span> <span class='ocrx_word' id='word_1_224' title='bbox 2449 1885 2866 1942; x_wconf 82' lang='lat' dir='ltr'><strong>Commentarios</strong></span> <span class='ocrx_word' id='word_1_225' title='bbox 2895 1888 3126 1944; x_wconf 88' lang='lat' dir='ltr'><strong>absolvit</strong></span> <span class='ocrx_word' id='word_1_226' title='bbox 3180 1889 3351 1957; x_wconf 87' lang='lat' dir='ltr'><strong>(quod</strong></span> <span class='ocrx_word' id='word_1_227' title='bbox 3383 1903 3524 1941; x_wconf 93' lang='lat' dir='ltr'><strong>anno</strong></span> <span class='ocrx_word' id='word_1_228' title='bbox 3551 1904 3759 1960; x_wconf 81' lang='lat' dir='ltr'><strong>sexage-</strong></span> 
     </span>
    </p>
   </div>
   <div class='ocr_carea' id='block_1_34' title="bbox 543 1984 2109 2056">
    <p class='ocr_par' dir='ltr' id='par_1_34' title="bbox 543 1984 2109 2056">
     <span class='ocr_line' id='line_1_34' title="bbox 543 1984 2109 2056; baseline -0.003 -16"><span class='ocrx_word' id='word_1_229' title='bbox 543 1986 816 2040; x_wconf 76' lang='lat' dir='ltr'><strong>Maximiui</strong></span> <span class='ocrx_word' id='word_1_230' title='bbox 845 1988 1220 2056; x_wconf 82' lang='lat' dir='ltr'><strong>persecutione</strong></span> <span class='ocrx_word' id='word_1_231' title='bbox 1255 1986 1538 2040; x_wconf 90' lang='lat' dir='ltr'><strong>tolerasset</strong></span> <span class='ocrx_word' id='word_1_232' title='bbox 1571 1984 1922 2054; x_wconf 88' lang='lat' dir='ltr'><strong>martyrium;</strong></span> <span class='ocrx_word' id='word_1_233' title='bbox 1958 1991 2109 2052; x_wconf 87' lang='lat' dir='ltr'><strong>post-</strong></span> 
     </span>
    </p>
   </div>
   <div class='ocr_carea' id='block_1_35' title="bbox 542 2074 2110 2146">
    <p class='ocr_par' dir='ltr' id='par_1_35' title="bbox 542 2074 2110 2146">
     <span class='ocr_line' id='line_1_35' title="bbox 542 2074 2110 2146; baseline -0.001 -16"><span class='ocrx_word' id='word_1_234' title='bbox 542 2092 704 2146; x_wconf 86' lang='lat' dir='ltr'><strong>quam</strong></span> <span class='ocrx_word' id='word_1_235' title='bbox 737 2078 827 2131; x_wconf 88' lang='lat' dir='ltr'><strong>hic</strong></span> <span class='ocrx_word' id='word_1_236' title='bbox 854 2078 1170 2132; x_wconf 79' lang='lat' dir='ltr'><strong>sexennium</strong></span> <span class='ocrx_word' id='word_1_237' title='bbox 1185 2077 1423 2143; x_wconf 90' lang='lat' dir='ltr'><strong>circiter,</strong></span> <span class='ocrx_word' id='word_1_238' title='bbox 1455 2090 1694 2129; x_wconf 88' lang='lat' dir='ltr'><strong>mensem</strong></span> <span class='ocrx_word' id='word_1_239' title='bbox 1719 2074 1808 2129; x_wconf 78' lang='lat' dir='ltr'><strong>ille</strong></span> <span class='ocrx_word' id='word_1_240' title='bbox 1823 2075 2110 2130; x_wconf 84' lang='lat' dir='ltr'><strong>admodum</strong></span> 
     </span>
    </p>
   </div>
   <div class='ocr_carea' id='block_1_36' title="bbox 549 2165 1655 2237">
    <p class='ocr_par' dir='ltr' id='par_1_36' title="bbox 549 2165 1655 2237">
     <span class='ocr_line' id='line_1_36' title="bbox 549 2165 1655 2237; baseline 0.002 -17"><span class='ocrx_word' id='word_1_241' title='bbox 549 2181 718 2221; x_wconf 92' lang='lat' dir='ltr'><strong>unum</strong></span> <span class='ocrx_word' id='word_1_242' title='bbox 749 2182 1020 2223; x_wconf 91' lang='lat' dir='ltr'><strong>summum</strong></span> <span class='ocrx_word' id='word_1_243' title='bbox 1057 2165 1425 2237; x_wconf 83' lang='lat' dir='ltr'><strong>pontiﬁcatum</strong></span> <span class='ocrx_word' id='word_1_244' title='bbox 1461 2167 1655 2222; x_wconf 89' lang='lat' dir='ltr'><strong>tenuit.</strong></span> 
     </span>
    </p>
   </div>
   <div class='ocr_carea' id='block_1_37' title="bbox 614 2256 2118 2328">
    <p class='ocr_par' dir='ltr' id='par_1_37' title="bbox 614 2256 2118 2328">
     <span class='ocr_line' id='line_1_37' title="bbox 614 2256 2118 2328; baseline -0.003 -13"><span class='ocrx_word' id='word_1_245' title='bbox 614 2259 701 2315; x_wconf 82' lang='lat' dir='ltr'><strong>Vl.</strong></span> <span class='ocrx_word' id='word_1_246' title='bbox 737 2259 845 2317; x_wconf 83' lang='lat' dir='ltr'><strong>Nos</strong></span> <span class='ocrx_word' id='word_1_247' title='bbox 880 2259 986 2315; x_wconf 91' lang='lat' dir='ltr'><strong>illis</strong></span> <span class='ocrx_word' id='word_1_248' title='bbox 1019 2259 1346 2328; x_wconf 89' lang='lat' dir='ltr'><strong>temporibus</strong></span> <span class='ocrx_word' id='word_1_249' title='bbox 1380 2258 1607 2313; x_wconf 89' lang='lat' dir='ltr'><strong>alteram</strong></span> <span class='ocrx_word' id='word_1_250' title='bbox 1653 2257 1906 2326; x_wconf 85' lang='lat' dir='ltr'><strong>Origenis</strong></span> <span class='ocrx_word' id='word_1_251' title='bbox 1950 2256 2118 2311; x_wconf 86' lang='lat' dir='ltr'><strong>Athe-</strong></span> 
     </span>
    </p>
   </div>
   <div class='ocr_carea' id='block_1_38' title="bbox 544 2351 2120 2422">
    <p class='ocr_par' dir='ltr' id='par_1_38' title="bbox 544 2351 2120 2422">
     <span class='ocr_line' id='line_1_38' title="bbox 544 2351 2120 2422; baseline -0.003 -15"><span class='ocrx_word' id='word_1_252' title='bbox 544 2353 785 2408; x_wconf 88' lang='lat' dir='ltr'><strong>niensem</strong></span> <span class='ocrx_word' id='word_1_253' title='bbox 843 2351 1328 2422; x_wconf 88' lang='lat' dir='ltr'><strong>peregrinationem</strong></span> <span class='ocrx_word' id='word_1_254' title='bbox 1389 2351 1656 2421; x_wconf 84' lang='lat' dir='ltr'><strong>assignari</strong></span> <span class='ocrx_word' id='word_1_255' title='bbox 1717 2363 1877 2419; x_wconf 87' lang='lat' dir='ltr'><strong>posse</strong></span> <span class='ocrx_word' id='word_1_256' title='bbox 1927 2363 2120 2404; x_wconf 86' lang='lat' dir='ltr'><strong>cense-</strong></span> 
     </span>
    </p>
   </div>
   <div class='ocr_carea' id='block_1_39' title="bbox 619 2589 2108 2665">
    <p class='ocr_par' dir='ltr' id='par_1_39' title="bbox 619 2589 2108 2665">
     <span class='ocr_line' id='line_1_39' title="bbox 619 2589 2108 2665; baseline -0.005 -17"><span class='ocrx_word' id='word_1_257' title='bbox 619 2593 728 2665; x_wconf 73' lang='grc'><strong>(88)</strong></span> <span class='ocrx_word' id='word_1_258' title='bbox 766 2591 1046 2665; x_wconf 63' lang='lat' dir='ltr'><strong>Germania</strong></span> <span class='ocrx_word' id='word_1_259' title='bbox 1081 2590 1250 2665; x_wconf 71' lang='lat' dir='ltr'><strong>situm</strong></span> <span class='ocrx_word' id='word_1_260' title='bbox 1293 2590 1447 2658; x_wconf 74' lang='lat' dir='ltr'><strong>facile</strong></span> <span class='ocrx_word' id='word_1_261' title='bbox 1491 2603 1932 2665; x_wconf 70' lang='lat' dir='ltr'><strong>cognosceremus.</strong></span> <span class='ocrx_word' id='word_1_262' title='bbox 1959 2605 2016 2665; x_wconf 38' lang='grc' dir='ltr'>ἰ.</span> <span class='ocrx_word' id='word_1_263' title='bbox 2046 2589 2108 2642; x_wconf 80' lang='lat' dir='ltr'><strong>Et</strong></span> 
     </span>
    </p>
   </div>
   <div class='ocr_carea' id='block_1_40' title="bbox 547 2658 2105 2732">
    <p class='ocr_par' dir='ltr' id='par_1_40' title="bbox 547 2658 2105 2732">
     <span class='ocr_line' id='line_1_40' title="bbox 547 2658 2105 2732; baseline -0.004 -14"><span class='ocrx_word' id='word_1_264' title='bbox 547 2658 668 2731; x_wconf 77' lang='lat' dir='ltr'><strong>ego,</strong></span> <span class='ocrx_word' id='word_1_265' title='bbox 713 2665 887 2732; x_wconf 90' lang='lat' dir='ltr'><strong>inquit</strong></span> <span class='ocrx_word' id='word_1_266' title='bbox 921 2660 1288 2732; x_wconf 77' lang='lat' dir='ltr'><strong>Westhenins,</strong></span> <span class='ocrx_word' id='word_1_267' title='bbox 1326 2670 1570 2732; x_wconf 76' lang='lat' dir='ltr'><strong>conatus</strong></span> <span class='ocrx_word' id='word_1_268' title='bbox 1614 2673 1730 2732; x_wconf 86' lang='lat' dir='ltr'><strong>sum</strong></span> <span class='ocrx_word' id='word_1_269' title='bbox 1773 2658 1971 2732; x_wconf 53' lang='lat' dir='ltr'><strong>{inquid</strong></span> <span class='ocrx_word' id='word_1_270' title='bbox 2005 2659 2105 2732; x_wconf 85' lang='lat' dir='ltr'><strong>im-</strong></span> 
     </span>
    </p>
   </div>
   <div class='ocr_carea' id='block_1_41' title="bbox 551 2727 2110 2798">
    <p class='ocr_par' dir='ltr' id='par_1_41' title="bbox 551 2727 2110 2798">
     <span class='ocr_line' id='line_1_41' title="bbox 551 2727 2110 2798; baseline 0.001 -16"><span class='ocrx_word' id='word_1_271' title='bbox 551 2727 802 2798; x_wconf 50' lang='lat' dir='ltr'><strong>piindere&#39;</strong></span> <span class='ocrx_word' id='word_1_272' title='bbox 832 2733 992 2797; x_wconf 80' lang='lat' dir='ltr'><strong>ltnjus</strong></span> <span class='ocrx_word' id='word_1_273' title='bbox 1048 2735 1119 2783; x_wconf 86' lang='lat' dir='ltr'><strong>rei</strong></span> <span class='ocrx_word' id='word_1_274' title='bbox 1177 2730 1565 2792; x_wconf 81' lang='lat' dir='ltr'><strong>ili!ucidalioni,</strong></span> <span class='ocrx_word' id='word_1_275' title='bbox 1600 2729 1692 2781; x_wconf 90' lang='lat' dir='ltr'><strong>sed</strong></span> <span class='ocrx_word' id='word_1_276' title='bbox 1741 2727 1873 2780; x_wconf 87' lang='lat' dir='ltr'><strong>nihil</strong></span> <span class='ocrx_word' id='word_1_277' title='bbox 1907 2729 2110 2783; x_wconf 79' lang='lat' dir='ltr'><strong>certius</strong></span> 
     </span>
    </p>
   </div>
   <div class='ocr_carea' id='block_1_42' title="bbox 557 2798 2106 2870">
    <p class='ocr_par' dir='ltr' id='par_1_42' title="bbox 557 2798 2106 2870">
     <span class='ocr_line' id='line_1_42' title="bbox 557 2798 2106 2870; baseline -0.003 -14"><span class='ocrx_word' id='word_1_278' title='bbox 557 2804 793 2868; x_wconf 85' lang='lat' dir='ltr'><strong>reperire</strong></span> <span class='ocrx_word' id='word_1_279' title='bbox 837 2801 1004 2870; x_wconf 91' lang='lat' dir='ltr'><strong>potui.</strong></span> <span class='ocrx_word' id='word_1_280' title='bbox 1041 2799 1222 2863; x_wconf 79' lang='grc' dir='ltr'><strong>Τάξις,</strong></span> <span class='ocrx_word' id='word_1_281' title='bbox 1255 2816 1347 2853; x_wconf 91' lang='lat' dir='ltr'><strong>seu</strong></span> <span class='ocrx_word' id='word_1_282' title='bbox 1388 2798 1668 2870; x_wconf 83' lang='lat' dir='ltr'><strong>dispositio</strong></span> <span class='ocrx_word' id='word_1_283' title='bbox 1706 2799 2106 2870; x_wconf 75' lang='lat' dir='ltr'><strong>patriarclialis.</strong></span> 
     </span>
    </p>
   </div>
   <div class='ocr_carea' id='block_1_43' title="bbox 553 2865 2109 2944">
    <p class='ocr_par' dir='ltr' id='par_1_43' title="bbox 553 2865 2109 2944">
     <span class='ocr_line' id='line_1_43' title="bbox 553 2865 2109 2944; baseline -0.003 -20"><span class='ocrx_word' id='word_1_284' title='bbox 553 2865 658 2944; x_wconf 85' lang='lat' dir='ltr'><strong>qua</strong></span> <span class='ocrx_word' id='word_1_285' title='bbox 723 2865 1152 2944; x_wconf 77' lang='lat' dir='ltr'><strong>metropolitanis</strong></span> <span class='ocrx_word' id='word_1_286' title='bbox 1219 2879 1273 2922; x_wconf 89' lang='lat' dir='ltr'><strong>et</strong></span> <span class='ocrx_word' id='word_1_287' title='bbox 1344 2865 1651 2944; x_wconf 35' lang='lat' dir='ltr'><strong>(pisctipis.</strong></span> <span class='ocrx_word' id='word_1_288' title='bbox 1689 2866 1832 2944; x_wconf 56' lang='lat' dir='ltr'><strong>ordo</strong></span> <span class='ocrx_word' id='word_1_289' title='bbox 1898 2865 2109 2920; x_wconf 68' lang='lat' dir='ltr'><strong>sedendi</strong></span> 
     </span>
    </p>
   </div>
   <div class='ocr_carea' id='block_1_44' title="bbox 559 2937 2104 3006">
    <p class='ocr_par' dir='ltr' id='par_1_44' title="bbox 559 2937 2104 3006">
     <span class='ocr_line' id='line_1_44' title="bbox 559 2937 2104 3006; baseline -0.004 -12"><span class='ocrx_word' id='word_1_290' title='bbox 559 2937 883 3006; x_wconf 70' lang='lat' dir='ltr'><strong>assignatur,</strong></span> <span class='ocrx_word' id='word_1_291' title='bbox 901 2937 1130 3006; x_wconf 26' lang='lat' dir='ltr'><strong>venrpori</strong></span> <span class='ocrx_word' id='word_1_292' title='bbox 1162 2937 1425 2992; x_wconf 84' lang='lat' dir='ltr'><strong>canonum</strong></span> <span class='ocrx_word' id='word_1_293' title='bbox 1452 2937 1703 2992; x_wconf 70' lang='lat' dir='ltr'><strong>Ecclesiae</strong></span> <span class='ocrx_word' id='word_1_294' title='bbox 1728 2938 1930 2990; x_wconf 68' lang='lat' dir='ltr'><strong>Graeca!</strong></span> <span class='ocrx_word' id='word_1_295' title='bbox 1953 2953 2104 2990; x_wconf 88' lang='lat' dir='ltr'><strong>com-</strong></span> 
     </span>
    </p>
   </div>
   <div class='ocr_carea' id='block_1_45' title="bbox 557 3006 2104 3078">
    <p class='ocr_par' dir='ltr' id='par_1_45' title="bbox 557 3006 2104 3078">
     <span class='ocr_line' id='line_1_45' title="bbox 557 3006 2104 3078; baseline -0.004 -13"><span class='ocrx_word' id='word_1_296' title='bbox 557 3013 825 3066; x_wconf 74' lang='lat' dir='ltr'><strong>mentario</strong></span> <span class='ocrx_word' id='word_1_297' title='bbox 848 3011 1044 3078; x_wconf 87' lang='lat' dir='ltr'><strong>duplici</strong></span> <span class='ocrx_word' id='word_1_298' title='bbox 1068 3008 1288 3062; x_wconf 67' lang='lat' dir='ltr'><strong>Zonarae</strong></span> <span class='ocrx_word' id='word_1_299' title='bbox 1313 3020 1365 3060; x_wconf 85' lang='lat' dir='ltr'><strong>et</strong></span> <span class='ocrx_word' id='word_1_300' title='bbox 1386 3007 1721 3061; x_wconf 88' lang='lat' dir='ltr'><strong>Balsamonis</strong></span> <span class='ocrx_word' id='word_1_301' title='bbox 1747 3006 2013 3078; x_wconf 82' lang='lat' dir='ltr'><strong>illustrato</strong></span> <span class='ocrx_word' id='word_1_302' title='bbox 2038 3009 2104 3060; x_wconf 84' lang='lat' dir='ltr'><strong>ad</strong></span> 
     </span>
    </p>
   </div>
   <div class='ocr_carea' id='block_1_46' title="bbox 555 3076 2102 3148">
    <p class='ocr_par' dir='ltr' id='par_1_46' title="bbox 555 3076 2102 3148">
     <span class='ocr_line' id='line_1_46' title="bbox 555 3076 2102 3148; baseline -0.001 -16"><span class='ocrx_word' id='word_1_303' title='bbox 555 3083 759 3134; x_wconf 76' lang='lat' dir='ltr'><strong>calcem</strong></span> <span class='ocrx_word' id='word_1_304' title='bbox 801 3076 1031 3148; x_wconf 75' lang='lat' dir='ltr'><strong>atliecta,</strong></span> <span class='ocrx_word' id='word_1_305' title='bbox 1069 3087 1120 3132; x_wconf 85' lang='lat' dir='ltr'><strong>cl</strong></span> <span class='ocrx_word' id='word_1_306' title='bbox 1151 3079 1218 3131; x_wconf 83' lang='lat' dir='ltr'><strong>ab</strong></span> <span class='ocrx_word' id='word_1_307' title='bbox 1270 3079 1570 3130; x_wconf 83' lang='lat' dir='ltr'><strong>Enimundo</strong></span> <span class='ocrx_word' id='word_1_308' title='bbox 1615 3078 1885 3148; x_wconf 80' lang='lat' dir='ltr'><strong>Bonelidio</strong></span> <span class='ocrx_word' id='word_1_309' title='bbox 1919 3076 2014 3130; x_wconf 90' lang='lat' dir='ltr'><strong>lih.</strong></span> <span class='ocrx_word' id='word_1_310' title='bbox 2064 3093 2102 3130; x_wconf 94' lang='lat' dir='ltr'><strong>ll</strong></span> 
     </span>
    </p>
   </div>
   <div class='ocr_carea' id='block_1_47' title="bbox 552 3145 2106 3214">
    <p class='ocr_par' dir='ltr' id='par_1_47' title="bbox 552 3145 2106 3214">
     <span class='ocr_line' id='line_1_47' title="bbox 552 3145 2106 3214; baseline -0.006 -7"><span class='ocrx_word' id='word_1_311' title='bbox 552 3153 701 3207; x_wconf 86' lang='lat' dir='ltr'><strong>Juris</strong></span> <span class='ocrx_word' id='word_1_312' title='bbox 734 3145 1008 3204; x_wconf 77' lang='lat' dir='ltr'><strong>orientalis</strong></span> <span class='ocrx_word' id='word_1_313' title='bbox 1055 3150 1288 3209; x_wconf 82' lang='lat' dir='ltr'><strong>inserta,</strong></span> <span class='ocrx_word' id='word_1_314' title='bbox 1342 3150 1479 3200; x_wconf 88' lang='lat' dir='ltr'><strong>inter</strong></span> <span class='ocrx_word' id='word_1_315' title='bbox 1514 3145 1834 3214; x_wconf 86' lang='lat' dir='ltr'><strong>nictropnles</strong></span> <span class='ocrx_word' id='word_1_316' title='bbox 1883 3161 2106 3200; x_wconf 85' lang='lat' dir='ltr'><strong>numero</strong></span> 
     </span>
    </p>
   </div>
   <div class='ocr_carea' id='block_1_48' title="bbox 561 3215 2107 3290">
    <p class='ocr_par' dir='ltr' id='par_1_48' title="bbox 561 3215 2107 3290">
     <span class='ocr_line' id='line_1_48' title="bbox 561 3215 2107 3290; baseline -0.004 -14"><span class='ocrx_word' id='word_1_317' title='bbox 561 3239 705 3276; x_wconf 78' lang='lat' dir='ltr'><strong>vait</strong></span> <span class='ocrx_word' id='word_1_318' title='bbox 779 3221 927 3290; x_wconf 88' lang='lat' dir='ltr'><strong>ponit</strong></span> <span class='ocrx_word' id='word_1_319' title='bbox 978 3220 1075 3290; x_wconf 78' lang='grc' dir='ltr'><strong>τὴν</strong></span> <span class='ocrx_word' id='word_1_320' title='bbox 1136 3218 1460 3288; x_wconf 83' lang='grc' dir='ltr'><strong>Γερμανίαν,</strong></span> <span class='ocrx_word' id='word_1_321' title='bbox 1491 3215 1882 3290; x_wconf 78' lang='lat' dir='ltr'><strong>Germaniam:</strong></span> <span class='ocrx_word' id='word_1_322' title='bbox 1929 3227 1983 3270; x_wconf 92' lang='lat' dir='ltr'><strong>at</strong></span> <span class='ocrx_word' id='word_1_323' title='bbox 2028 3218 2107 3270; x_wconf 84' lang='lat' dir='ltr'><strong>in-</strong></span> 
     </span>
    </p>
   </div>
   <div class='ocr_carea' id='block_1_49' title="bbox 561 3288 2112 3360">
    <p class='ocr_par' dir='ltr' id='par_1_49' title="bbox 561 3288 2112 3360">
     <span class='ocr_line' id='line_1_49' title="bbox 561 3288 2112 3360; baseline -0.003 -16"><span class='ocrx_word' id='word_1_324' title='bbox 561 3305 644 3346; x_wconf 88' lang='lat' dir='ltr'><strong>ter</strong></span> <span class='ocrx_word' id='word_1_325' title='bbox 687 3288 1179 3360; x_wconf 81' lang='lat' dir='ltr'><strong>archiepiscopatus</strong></span> <span class='ocrx_word' id='word_1_326' title='bbox 1222 3293 1402 3343; x_wconf 80' lang='lat' dir='ltr'><strong>sedem</strong></span> <span class='ocrx_word' id='word_1_327' title='bbox 1443 3301 1687 3357; x_wconf 84' lang='lat' dir='ltr'><strong>quartam</strong></span> <span class='ocrx_word' id='word_1_328' title='bbox 1727 3288 1966 3360; x_wconf 45' lang='lat' dir='ltr'><strong>assignat</strong></span> <span class='ocrx_word' id='word_1_329' title='bbox 1997 3291 2112 3360; x_wconf 54' lang='grc' dir='ltr'><strong>[τοῖς</strong></span> 
     </span>
    </p>
   </div>
   <div class='ocr_carea' id='block_1_50' title="bbox 560 3357 2114 3434">
    <p class='ocr_par' dir='ltr' id='par_1_50' title="bbox 560 3357 2114 3434">
     <span class='ocr_line' id='line_1_50' title="bbox 560 3357 2114 3434; baseline -0.003 -20"><span class='ocrx_word' id='word_1_330' title='bbox 560 3363 834 3434; x_wconf 78' lang='grc' dir='ltr'><strong>Γερμίοις,</strong></span> <span class='ocrx_word' id='word_1_331' title='bbox 865 3357 919 3414; x_wconf 79' lang='lat' dir='ltr'><strong>et</strong></span> <span class='ocrx_word' id='word_1_332' title='bbox 959 3361 1272 3434; x_wconf 74' lang='lat' dir='ltr'><strong>vicesimam</strong></span> <span class='ocrx_word' id='word_1_333' title='bbox 1325 3371 1574 3434; x_wconf 75' lang='lat' dir='ltr'><strong>octavam</strong></span> <span class='ocrx_word' id='word_1_334' title='bbox 1628 3361 1696 3434; x_wconf 72' lang='grc' dir='ltr'><strong>τῇ</strong></span> <span class='ocrx_word' id='word_1_335' title='bbox 1741 3357 2114 3434; x_wconf 36' lang='grc' dir='ltr'><strong>Γέρμῃκριιω</strong></span> 
     </span>
    </p>
   </div>
   <div class='ocr_carea' id='block_1_51' title="bbox 560 3427 2117 3486">
    <p class='ocr_par' dir='ltr' id='par_1_51' title="bbox 560 3427 2117 3486">
     <span class='ocr_line' id='line_1_51' title="bbox 560 3427 2117 3486; baseline -0.002 -1"><span class='ocrx_word' id='word_1_336' title='bbox 560 3427 886 3486; x_wconf 81' lang='lat' dir='ltr'><strong>coiiiirniant</strong></span> <span class='ocrx_word' id='word_1_337' title='bbox 930 3429 1361 3482; x_wconf 86' lang='lat' dir='ltr'><strong>observationem</strong></span> <span class='ocrx_word' id='word_1_338' title='bbox 1417 3429 1488 3483; x_wconf 92' lang='lat' dir='ltr'><strong>cl.</strong></span> <span class='ocrx_word' id='word_1_339' title='bbox 1524 3427 1701 3482; x_wconf 39' lang='lat' dir='ltr'><strong>l‘luctii</strong></span> <span class='ocrx_word' id='word_1_340' title='bbox 1753 3443 1784 3481; x_wconf 88' lang='lat' dir='ltr'><strong>e</strong></span> <span class='ocrx_word' id='word_1_341' title='bbox 1816 3427 2036 3481; x_wconf 65' lang='lat' dir='ltr'><strong>Cddino</strong></span> <span class='ocrx_word' id='word_1_342' title='bbox 2063 3437 2117 3482; x_wconf 90' lang='lat' dir='ltr'><strong>et</strong></span> 
     </span>
    </p>
   </div>
   <div class='ocr_carea' id='block_1_52' title="bbox 561 3496 2116 3568">
    <p class='ocr_par' dir='ltr' id='par_1_52' title="bbox 561 3496 2116 3568">
     <span class='ocr_line' id='line_1_52' title="bbox 561 3496 2116 3568; baseline -0.004 -12"><span class='ocrx_word' id='word_1_343' title='bbox 561 3503 754 3556; x_wconf 62' lang='lat' dir='ltr'><strong>Leonis</strong></span> <span class='ocrx_word' id='word_1_344' title='bbox 786 3498 1023 3563; x_wconf 80' lang='grc' dir='ltr'><strong>διατάξει</strong></span> <span class='ocrx_word' id='word_1_345' title='bbox 1081 3500 1320 3552; x_wconf 78' lang='lat' dir='ltr'><strong>allatam.</strong></span> <span class='ocrx_word' id='word_1_346' title='bbox 1359 3497 1750 3568; x_wconf 85' lang='lat' dir='ltr'><strong>Antiquissima</strong></span> <span class='ocrx_word' id='word_1_347' title='bbox 1792 3497 1883 3568; x_wconf 69' lang='lat' dir='ltr'><strong>illa</strong></span> <span class='ocrx_word' id='word_1_348' title='bbox 1927 3496 2116 3562; x_wconf 76' lang='lat' dir='ltr'><strong>Dispo-</strong></span> 
     </span>
    </p>
   </div>
   <div class='ocr_carea' id='block_1_53' title="bbox 558 3564 2114 3638">
    <p class='ocr_par' dir='ltr' id='par_1_53' title="bbox 558 3564 2114 3638">
     <span class='ocr_line' id='line_1_53' title="bbox 558 3564 2114 3638; baseline -0.003 -13"><span class='ocrx_word' id='word_1_349' title='bbox 558 3575 678 3626; x_wconf 82' lang='lat' dir='ltr'><strong>sitio</strong></span> <span class='ocrx_word' id='word_1_350' title='bbox 729 3587 758 3624; x_wconf 89' lang='lat' dir='ltr'><strong>a</strong></span> <span class='ocrx_word' id='word_1_351' title='bbox 808 3570 1076 3624; x_wconf 83' lang='lat' dir='ltr'><strong>Guilelmo</strong></span> <span class='ocrx_word' id='word_1_352' title='bbox 1105 3570 1395 3638; x_wconf 85' lang='lat' dir='ltr'><strong>Beveregio</strong></span> <span class='ocrx_word' id='word_1_353' title='bbox 1447 3564 1680 3623; x_wconf 55' lang='lat' dir='ltr'><strong>in&#39;notis</strong></span> <span class='ocrx_word' id='word_1_354' title='bbox 1718 3569 1783 3638; x_wconf 86' lang='lat' dir='ltr'><strong>ad</strong></span> <span class='ocrx_word' id='word_1_355' title='bbox 1821 3564 2114 3638; x_wconf 86' lang='lat' dir='ltr'><strong>Pandeclas</strong></span> 
     </span>
    </p>
   </div>
   <div class='ocr_carea' id='block_1_54' title="bbox 559 3637 2116 3709">
    <p class='ocr_par' dir='ltr' id='par_1_54' title="bbox 559 3637 2116 3709">
     <span class='ocr_line' id='line_1_54' title="bbox 559 3637 2116 3709; baseline -0.005 -13"><span class='ocrx_word' id='word_1_356' title='bbox 559 3643 836 3696; x_wconf 77' lang='lat' dir='ltr'><strong>canonicos</strong></span> <span class='ocrx_word' id='word_1_357' title='bbox 868 3639 1164 3694; x_wconf 71' lang='lat' dir='ltr'><strong>ercorum</strong></span> <span class='ocrx_word' id='word_1_358' title='bbox 1197 3637 1417 3694; x_wconf 76' lang='lat' dir='ltr'><strong>Omnia:</strong></span> <span class='ocrx_word' id='word_1_359' title='bbox 1439 3640 1630 3703; x_wconf 83' lang='lat' dir='ltr'><strong>editas,</strong></span> <span class='ocrx_word' id='word_1_360' title='bbox 1660 3637 1861 3709; x_wconf 84' lang='lat' dir='ltr'><strong>publici</strong></span> <span class='ocrx_word' id='word_1_361' title='bbox 1887 3637 2116 3705; x_wconf 89' lang='lat' dir='ltr'><strong>primum</strong></span> 
     </span>
    </p>
   </div>
   <div class='ocr_carea' id='block_1_55' title="bbox 561 3707 2120 3782">
    <p class='ocr_par' dir='ltr' id='par_1_55' title="bbox 561 3707 2120 3782">
     <span class='ocr_line' id='line_1_55' title="bbox 561 3707 2120 3782; baseline -0.003 -18"><span class='ocrx_word' id='word_1_362' title='bbox 561 3716 700 3782; x_wconf 85' lang='lat' dir='ltr'><strong>juris</strong></span> <span class='ocrx_word' id='word_1_363' title='bbox 729 3711 901 3775; x_wconf 86' lang='lat' dir='ltr'><strong>facta;</strong></span> <span class='ocrx_word' id='word_1_364' title='bbox 931 3727 1033 3777; x_wconf 89' lang='lat' dir='ltr'><strong>qua</strong></span> <span class='ocrx_word' id='word_1_365' title='bbox 1074 3725 1270 3782; x_wconf 67' lang='lat' dir='ltr'><strong>nunties</strong></span> <span class='ocrx_word' id='word_1_366' title='bbox 1311 3709 1636 3782; x_wconf 73' lang='lat' dir='ltr'><strong>metropnles</strong></span> <span class='ocrx_word' id='word_1_367' title='bbox 1661 3707 1736 3762; x_wconf 52' lang='lat' dir='ltr'><strong>&#39;et</strong></span> <span class='ocrx_word' id='word_1_368' title='bbox 1764 3707 2120 3782; x_wconf 66' lang='lat' dir='ltr'><strong>episcopatus</strong></span> 
     </span>
    </p>
   </div>
   <div class='ocr_carea' id='block_1_56' title="bbox 553 3778 2119 3848">
    <p class='ocr_par' dir='ltr' id='par_1_56' title="bbox 553 3778 2119 3848">
     <span class='ocr_line' id='line_1_56' title="bbox 553 3778 2119 3848; baseline -0.004 -14"><span class='ocrx_word' id='word_1_369' title='bbox 553 3778 800 3848; x_wconf 75' lang='lat' dir='ltr'><strong>&#39;quinqne</strong></span> <span class='ocrx_word' id='word_1_370' title='bbox 836 3781 1156 3848; x_wconf 74' lang='lat' dir='ltr'><strong>patriai-elus</strong></span> <span class='ocrx_word' id='word_1_371' title='bbox 1199 3779 1462 3843; x_wconf 78' lang='lat' dir='ltr'><strong>lloinano,</strong></span> <span class='ocrx_word' id='word_1_372' title='bbox 1495 3778 2119 3848; x_wconf 77' lang='lat' dir='ltr'><strong>Constantinopolitano,</strong></span> 
     </span>
    </p>
   </div>
   <div class='ocr_carea' id='block_1_57' title="bbox 564 3847 2122 3916">
    <p class='ocr_par' dir='ltr' id='par_1_57' title="bbox 564 3847 2122 3916">
     <span class='ocr_line' id='line_1_57' title="bbox 564 3847 2122 3916; baseline -0.004 -11"><span class='ocrx_word' id='word_1_373' title='bbox 564 3847 920 3910; x_wconf 73' lang='lat' dir='ltr'><strong>Antiocheno.</strong></span> <span class='ocrx_word' id='word_1_374' title='bbox 974 3851 1344 3902; x_wconf 77' lang='lat' dir='ltr'><strong>Alexandrino</strong></span> <span class='ocrx_word' id='word_1_375' title='bbox 1383 3861 1438 3904; x_wconf 90' lang='lat' dir='ltr'><strong>et</strong></span> <span class='ocrx_word' id='word_1_376' title='bbox 1495 3847 1952 3916; x_wconf 77' lang='lat' dir='ltr'><strong>.Ierosolymitano</strong></span> <span class='ocrx_word' id='word_1_377' title='bbox 1999 3847 2122 3899; x_wconf 55' lang='lat' dir='ltr'><strong>sub-</strong></span> 
     </span>
    </p>
   </div>
   <div class='ocr_carea' id='block_1_58' title="bbox 559 3916 2122 3990">
    <p class='ocr_par' dir='ltr' id='par_1_58' title="bbox 559 3916 2122 3990">
     <span class='ocr_line' id='line_1_58' title="bbox 559 3916 2122 3990; baseline -0.003 -18"><span class='ocrx_word' id='word_1_378' title='bbox 559 3923 687 3990; x_wconf 81' lang='lat' dir='ltr'><strong>jecti</strong></span> <span class='ocrx_word' id='word_1_379' title='bbox 752 3931 1002 3973; x_wconf 70' lang='lat' dir='ltr'><strong>acum-ate</strong></span> <span class='ocrx_word' id='word_1_380' title='bbox 1068 3930 1453 3990; x_wconf 77' lang='lat' dir='ltr'><strong>recensentur,</strong></span> <span class='ocrx_word' id='word_1_381' title='bbox 1511 3916 1848 3990; x_wconf 70' lang='lat' dir='ltr'><strong>Germaniam</strong></span> <span class='ocrx_word' id='word_1_382' title='bbox 1901 3917 2122 3969; x_wconf 89' lang='lat' dir='ltr'><strong>omnino</strong></span> 
     </span>
    </p>
   </div>
   <div class='ocr_carea' id='block_1_59' title="bbox 565 3986 2119 4060">
    <p class='ocr_par' dir='ltr' id='par_1_59' title="bbox 565 3986 2119 4060">
     <span class='ocr_line' id='line_1_59' title="bbox 565 3986 2119 4060; baseline -0.003 -17"><span class='ocrx_word' id='word_1_383' title='bbox 565 3986 802 4060; x_wconf 68' lang='lat' dir='ltr'><strong>praeterit</strong></span> <span class='ocrx_word' id='word_1_384' title='bbox 844 4009 856 4044; x_wconf 89' lang='lat'><strong>:</strong></span> <span class='ocrx_word' id='word_1_385' title='bbox 885 4000 942 4042; x_wconf 90' lang='lat' dir='ltr'><strong>ut</strong></span> <span class='ocrx_word' id='word_1_386' title='bbox 982 3988 1164 4042; x_wconf 88' lang='lat' dir='ltr'><strong>mn!tts</strong></span> <span class='ocrx_word' id='word_1_387' title='bbox 1184 4001 1378 4060; x_wconf 76' lang='lat' dir='ltr'><strong>postea</strong></span> <span class='ocrx_word' id='word_1_388' title='bbox 1408 3989 1566 4040; x_wconf 87' lang='lat' dir='ltr'><strong>annis</strong></span> <span class='ocrx_word' id='word_1_389' title='bbox 1591 3986 1972 4060; x_wconf 78' lang='lat' dir='ltr'><strong>demuni_iitter</strong></span> <span class='ocrx_word' id='word_1_390' title='bbox 2007 4001 2119 4060; x_wconf 79' lang='lat' dir='ltr'><strong>nte-</strong></span> 
     </span>
    </p>
   </div>
   <div class='ocr_carea' id='block_1_60' title="bbox 567 4054 2121 4126">
    <p class='ocr_par' dir='ltr' id='par_1_60' title="bbox 567 4054 2121 4126">
     <span class='ocr_line' id='line_1_60' title="bbox 567 4054 2121 4126; baseline -0.004 -14"><span class='ocrx_word' id='word_1_391' title='bbox 567 4054 804 4126; x_wconf 79' lang='lat' dir='ltr'><strong>irnpoles‘</strong></span> <span class='ocrx_word' id='word_1_392' title='bbox 837 4067 1142 4125; x_wconf 76' lang='lat' dir='ltr'><strong>coeptatam</strong></span> <span class='ocrx_word' id='word_1_393' title='bbox 1177 4054 1346 4110; x_wconf 79' lang='lat' dir='ltr'><strong>fuisse</strong></span> <span class='ocrx_word' id='word_1_394' title='bbox 1411 4072 1630 4111; x_wconf 87' lang='lat' dir='ltr'><strong>necesse</strong></span> <span class='ocrx_word' id='word_1_395' title='bbox 1672 4058 1760 4111; x_wconf 88' lang='lat' dir='ltr'><strong>sit.</strong></span> <span class='ocrx_word' id='word_1_396' title='bbox 1811 4054 2018 4110; x_wconf 81' lang='lat' dir='ltr'><strong>Rursus</strong></span> <span class='ocrx_word' id='word_1_397' title='bbox 2070 4055 2121 4126; x_wconf 88' lang='lat' dir='ltr'><strong>in</strong></span> 
     </span>
    </p>
   </div>
   <div class='ocr_carea' id='block_1_61' title="bbox 564 4125 2124 4192">
    <p class='ocr_par' dir='ltr' id='par_1_61' title="bbox 564 4125 2124 4192">
     <span class='ocr_line' id='line_1_61' title="bbox 564 4125 2124 4192; baseline -0.006 -7"><span class='ocrx_word' id='word_1_398' title='bbox 564 4125 746 4185; x_wconf 82' lang='lat' dir='ltr'><strong>codice</strong></span> <span class='ocrx_word' id='word_1_399' title='bbox 791 4144 1052 4182; x_wconf 86' lang='lat' dir='ltr'><strong>canonum</strong></span> <span class='ocrx_word' id='word_1_400' title='bbox 1092 4127 1340 4181; x_wconf 75' lang='lat' dir='ltr'><strong>Ecclesia:</strong></span> <span class='ocrx_word' id='word_1_401' title='bbox 1385 4126 1650 4192; x_wconf 71' lang='lat' dir='ltr'><strong>Africana:</strong></span> <span class='ocrx_word' id='word_1_402' title='bbox 1703 4129 1840 4180; x_wconf 87' lang='lat' dir='ltr'><strong>inter</strong></span> <span class='ocrx_word' id='word_1_403' title='bbox 1885 4125 2124 4182; x_wconf 89' lang='lat' dir='ltr'><strong>subseri-</strong></span> 
     </span>
    </p>
   </div>
   <div class='ocr_carea' id='block_1_62' title="bbox 567 4196 2123 4268">
    <p class='ocr_par' dir='ltr' id='par_1_62' title="bbox 567 4196 2123 4268">
     <span class='ocr_line' id='line_1_62' title="bbox 567 4196 2123 4268; baseline 0 -20"><span class='ocrx_word' id='word_1_404' title='bbox 567 4202 778 4268; x_wconf 80' lang='lat' dir='ltr'><strong>ptiones</strong></span> <span class='ocrx_word' id='word_1_405' title='bbox 815 4201 1190 4266; x_wconf 80' lang='lat' dir='ltr'><strong>episcoporum</strong></span> <span class='ocrx_word' id='word_1_406' title='bbox 1222 4213 1447 4268; x_wconf 79' lang='lat' dir='ltr'><strong>numero</strong></span> <span class='ocrx_word' id='word_1_407' title='bbox 1480 4212 1570 4250; x_wconf 85' lang='lat' dir='ltr'><strong>vut</strong></span> <span class='ocrx_word' id='word_1_408' title='bbox 1601 4208 1681 4249; x_wconf 89' lang='lat' dir='ltr'><strong>est</strong></span> <span class='ocrx_word' id='word_1_409' title='bbox 1702 4207 1756 4249; x_wconf 91' lang='lat' dir='ltr'><strong>et</strong></span> <span class='ocrx_word' id='word_1_410' title='bbox 1789 4196 1938 4268; x_wconf 66' lang='lat' dir='ltr'><strong>haec:</strong></span> <span class='ocrx_word' id='word_1_411' title='bbox 1977 4196 2123 4250; x_wconf 79' lang='grc' dir='ltr'><strong>Κάν-</strong></span> 
     </span>
    </p>
   </div>
   <div class='ocr_carea' id='block_1_63' title="bbox 563 4266 2124 4340">
    <p class='ocr_par' dir='ltr' id='par_1_63' title="bbox 563 4266 2124 4340">
     <span class='ocr_line' id='line_1_63' title="bbox 563 4266 2124 4340; baseline -0.002 -17"><span class='ocrx_word' id='word_1_412' title='bbox 563 4266 704 4333; x_wconf 79' lang='grc' dir='ltr'><strong>διδος</strong></span> <span class='ocrx_word' id='word_1_413' title='bbox 754 4268 1055 4340; x_wconf 83' lang='grc' dir='ltr'>Γερμανίας</span> <span class='ocrx_word' id='word_1_414' title='bbox 1103 4269 1212 4340; x_wconf 65' lang='lat' dir='ltr'><strong>soi;</strong></span> <span class='ocrx_word' id='word_1_415' title='bbox 1268 4267 1499 4340; x_wconf 81' lang='grc' dir='ltr'>παροῦσι</span> <span class='ocrx_word' id='word_1_416' title='bbox 1535 4266 1964 4340; x_wconf 64' lang='grc' dir='ltr'><strong>Δπεπραγμένθιις</strong></span> <span class='ocrx_word' id='word_1_417' title='bbox 2019 4269 2124 4320; x_wconf 88' lang='grc' dir='ltr'><strong>ὑπ-</strong></span> 
     </span>
    </p>
   </div>
   <div class='ocr_carea' id='block_1_64' title="bbox 571 4336 2123 4412">
    <p class='ocr_par' dir='ltr' id='par_1_64' title="bbox 571 4336 2123 4412">
     <span class='ocr_line' id='line_1_64' title="bbox 571 4336 2123 4412; baseline -0.001 -20"><span class='ocrx_word' id='word_1_418' title='bbox 571 4336 1443 4412; x_wconf 38' lang='grc' dir='ltr'><strong>έγραψα.’βαιιιιὶαηι-(ἱετηιαὶιιω</strong></span> <span class='ocrx_word' id='word_1_419' title='bbox 1491 4337 1571 4412; x_wconf 55' lang='lat' dir='ltr'><strong>his</strong></span> <span class='ocrx_word' id='word_1_420' title='bbox 1619 4336 1787 4412; x_wconf 57' lang='lat' dir='ltr'><strong>gestis</strong></span> <span class='ocrx_word' id='word_1_421' title='bbox 1823 4340 2123 4403; x_wconf 77' lang='lat' dir='ltr'><strong>subscripsi.</strong></span> 
     </span>
    </p>
   </div>
   <div class='ocr_carea' id='block_1_65' title="bbox 568 4405 2124 4476">
    <p class='ocr_par' dir='ltr' id='par_1_65' title="bbox 568 4405 2124 4476">
     <span class='ocr_line' id='line_1_65' title="bbox 568 4405 2124 4476; baseline -0.003 -12"><span class='ocrx_word' id='word_1_422' title='bbox 568 4405 788 4464; x_wconf 73' lang='lat' dir='ltr'><strong>Licetne</strong></span> <span class='ocrx_word' id='word_1_423' title='bbox 839 4411 960 4463; x_wconf 81' lang='lat' dir='ltr'><strong>hinc</strong></span> <span class='ocrx_word' id='word_1_424' title='bbox 991 4408 1317 4462; x_wconf 83' lang='lat' dir='ltr'><strong>concludere</strong></span> <span class='ocrx_word' id='word_1_425' title='bbox 1343 4411 1503 4461; x_wconf 87' lang='lat' dir='ltr'><strong>etiam</strong></span> <span class='ocrx_word' id='word_1_426' title='bbox 1533 4405 1881 4461; x_wconf 76' lang='lat' dir='ltr'><strong>Germaniam</strong></span> <span class='ocrx_word' id='word_1_427' title='bbox 1930 4421 2124 4476; x_wconf 90' lang='lat' dir='ltr'><strong>qnam-</strong></span> 
     </span>
    </p>
   </div>
   <div class='ocr_carea' id='block_1_66' title="bbox 567 4477 2125 4546">
    <p class='ocr_par' dir='ltr' id='par_1_66' title="bbox 567 4477 2125 4546">
     <span class='ocr_line' id='line_1_66' title="bbox 567 4477 2125 4546; baseline -0.001 -13"><span class='ocrx_word' id='word_1_428' title='bbox 567 4486 688 4534; x_wconf 81' lang='lat' dir='ltr'><strong>daui</strong></span> <span class='ocrx_word' id='word_1_429' title='bbox 723 4484 773 4532; x_wconf 91' lang='lat' dir='ltr'><strong>in</strong></span> <span class='ocrx_word' id='word_1_430' title='bbox 808 4483 986 4532; x_wconf 81' lang='lat' dir='ltr'><strong>Africa</strong></span> <span class='ocrx_word' id='word_1_431' title='bbox 1019 4477 1224 4531; x_wconf 80' lang='lat' dir='ltr'><strong>fuisse?</strong></span> <span class='ocrx_word' id='word_1_432' title='bbox 1257 4479 1550 4532; x_wconf 84' lang='lat' dir='ltr'><strong>Audiamus</strong></span> <span class='ocrx_word' id='word_1_433' title='bbox 1575 4477 1701 4544; x_wconf 92' lang='lat' dir='ltr'><strong>quid</strong></span> <span class='ocrx_word' id='word_1_434' title='bbox 1735 4479 1816 4528; x_wconf 87' lang='lat' dir='ltr'><strong>vir</strong></span> <span class='ocrx_word' id='word_1_435' title='bbox 1854 4478 2125 4546; x_wconf 87' lang='lat' dir='ltr'><strong>amplissi-</strong></span> 
     </span>
    </p>
   </div>
   <div class='ocr_carea' id='block_1_67' title="bbox 2215 1976 3766 2049">
    <p class='ocr_par' dir='ltr' id='par_1_67' title="bbox 2215 1976 3766 2049">
     <span class='ocr_line' id='line_1_67' title="bbox 2215 1976 3766 2049; baseline -0.001 -15"><span class='ocrx_word' id='word_1_436' title='bbox 2215 1978 2352 2034; x_wconf 88' lang='lat' dir='ltr'><strong>simo</strong></span> <span class='ocrx_word' id='word_1_437' title='bbox 2394 1976 2598 2033; x_wconf 89' lang='lat' dir='ltr'><strong>factum</strong></span> <span class='ocrx_word' id='word_1_438' title='bbox 2649 1979 2904 2034; x_wconf 86' lang='lat' dir='ltr'><strong>Erasmus</strong></span> <span class='ocrx_word' id='word_1_439' title='bbox 2951 1979 3064 2049; x_wconf 72' lang='lat'><strong>(92)</strong></span> <span class='ocrx_word' id='word_1_440' title='bbox 3112 1979 3419 2033; x_wconf 85' lang='lat' dir='ltr'><strong>arbitratur</strong></span> <span class='ocrx_word' id='word_1_441' title='bbox 3461 1994 3527 2033; x_wconf 77' lang='lat' dir='ltr'><strong>ex</strong></span> <span class='ocrx_word' id='word_1_442' title='bbox 3591 1977 3766 2042; x_wconf 83' lang='lat' dir='ltr'><strong>Suida,</strong></span> 
     </span>
    </p>
   </div>
   <div class='ocr_carea' id='block_1_68' title="bbox 2221 2070 3770 2142">
    <p class='ocr_par' dir='ltr' id='par_1_68' title="bbox 2221 2070 3770 2142">
     <span class='ocr_line' id='line_1_68' title="bbox 2221 2070 3770 2142; baseline 0.002 -17"><span class='ocrx_word' id='word_1_443' title='bbox 2221 2080 2438 2125; x_wconf 88' lang='lat' dir='ltr'><strong>auctore</strong></span> <span class='ocrx_word' id='word_1_444' title='bbox 2465 2070 2664 2124; x_wconf 83' lang='lat' dir='ltr'><strong>nullius</strong></span> <span class='ocrx_word' id='word_1_445' title='bbox 2699 2071 2882 2140; x_wconf 90' lang='lat' dir='ltr'><strong>pretii,</strong></span> <span class='ocrx_word' id='word_1_446' title='bbox 2919 2072 3008 2141; x_wconf 93' lang='lat' dir='ltr'><strong>qui</strong></span> <span class='ocrx_word' id='word_1_447' title='bbox 3042 2086 3108 2127; x_wconf 76' lang='lat' dir='ltr'><strong>es</strong></span> <span class='ocrx_word' id='word_1_448' title='bbox 3157 2071 3386 2127; x_wconf 85' lang='lat' dir='ltr'><strong>Eusebii</strong></span> <span class='ocrx_word' id='word_1_449' title='bbox 3413 2072 3601 2142; x_wconf 90' lang='lat' dir='ltr'><strong>pannis</strong></span> <span class='ocrx_word' id='word_1_450' title='bbox 3636 2073 3770 2142; x_wconf 90' lang='lat' dir='ltr'><strong>prius</strong></span> 
     </span>
    </p>
   </div>
   <div class='ocr_carea' id='block_1_69' title="bbox 2219 2160 3770 2236">
    <p class='ocr_par' dir='ltr' id='par_1_69' title="bbox 2219 2160 3770 2236">
     <span class='ocr_line' id='line_1_69' title="bbox 2219 2160 3770 2236; baseline 0 -18"><span class='ocrx_word' id='word_1_451' title='bbox 2219 2160 2471 2232; x_wconf 86' lang='lat' dir='ltr'><strong>Origenis</strong></span> <span class='ocrx_word' id='word_1_452' title='bbox 2495 2163 2750 2234; x_wconf 91' lang='lat' dir='ltr'><strong>elogium,</strong></span> <span class='ocrx_word' id='word_1_453' title='bbox 2777 2165 2831 2218; x_wconf 94' lang='lat' dir='ltr'><strong>in</strong></span> <span class='ocrx_word' id='word_1_454' title='bbox 2856 2179 2964 2233; x_wconf 93' lang='lat' dir='ltr'><strong>quo</strong></span> <span class='ocrx_word' id='word_1_455' title='bbox 2993 2167 3265 2236; x_wconf 85' lang='lat' dir='ltr'><strong>scriptum</strong></span> <span class='ocrx_word' id='word_1_456' title='bbox 3304 2165 3409 2220; x_wconf 89' lang='lat' dir='ltr'><strong>hoc</strong></span> <span class='ocrx_word' id='word_1_457' title='bbox 3439 2174 3631 2229; x_wconf 81' lang='lat' dir='ltr'><strong>exstat,</strong></span> <span class='ocrx_word' id='word_1_458' title='bbox 3661 2179 3770 2233; x_wconf 88' lang='lat' dir='ltr'><strong>per-</strong></span> 
     </span>
    </p>
   </div>
   <div class='ocr_carea' id='block_1_70' title="bbox 2225 2255 3767 2325">
    <p class='ocr_par' dir='ltr' id='par_1_70' title="bbox 2225 2255 3767 2325">
     <span class='ocr_line' id='line_1_70' title="bbox 2225 2255 3767 2325; baseline -0.003 -13"><span class='ocrx_word' id='word_1_459' title='bbox 2225 2255 2434 2312; x_wconf 86' lang='lat' dir='ltr'><strong>turbate</strong></span> <span class='ocrx_word' id='word_1_460' title='bbox 2478 2264 2533 2311; x_wconf 90' lang='lat' dir='ltr'><strong>et</strong></span> <span class='ocrx_word' id='word_1_461' title='bbox 2567 2256 2919 2325; x_wconf 88' lang='lat' dir='ltr'><strong>incomposite</strong></span> <span class='ocrx_word' id='word_1_462' title='bbox 2948 2259 3201 2325; x_wconf 89' lang='lat' dir='ltr'><strong>consuit),</strong></span> <span class='ocrx_word' id='word_1_463' title='bbox 3241 2267 3309 2311; x_wconf 80' lang='lat' dir='ltr'><strong>et</strong></span> <span class='ocrx_word' id='word_1_464' title='bbox 3345 2257 3622 2312; x_wconf 87' lang='lat' dir='ltr'><strong>Canticum</strong></span> <span class='ocrx_word' id='word_1_465' title='bbox 3650 2271 3767 2311; x_wconf 90' lang='lat' dir='ltr'><strong>can-</strong></span> 
     </span>
    </p>
   </div>
   <div class='ocr_carea' id='block_1_71' title="bbox 2230 2346 3763 2420">
    <p class='ocr_par' dir='ltr' id='par_1_71' title="bbox 2230 2346 3763 2420">
     <span class='ocr_line' id='line_1_71' title="bbox 2230 2346 3763 2420; baseline 0.001 -20"><span class='ocrx_word' id='word_1_466' title='bbox 2230 2347 2453 2403; x_wconf 91' lang='lat' dir='ltr'><strong>ticorum</strong></span> <span class='ocrx_word' id='word_1_467' title='bbox 2486 2347 2908 2420; x_wconf 75' lang='lat' dir='ltr'><strong>expositionibus</strong></span> <span class='ocrx_word' id='word_1_468' title='bbox 2940 2346 3207 2404; x_wconf 90' lang='lat' dir='ltr'><strong>illustrare</strong></span> <span class='ocrx_word' id='word_1_469' title='bbox 3239 2349 3483 2403; x_wconf 88' lang='lat' dir='ltr'><strong>instituit</strong></span> <span class='ocrx_word' id='word_1_470' title='bbox 3510 2365 3523 2402; x_wconf 92' lang='lat'><strong>:</strong></span> <span class='ocrx_word' id='word_1_471' title='bbox 3557 2362 3763 2418; x_wconf 82' lang='lat' dir='ltr'><strong>quarum</strong></span> 
     </span>
    </p>
   </div>
   <div class='ocr_carea' id='block_1_72' title="bbox 2219 2589 3761 2662">
    <p class='ocr_par' dir='ltr' id='par_1_72' title="bbox 2219 2589 3761 2662">
     <span class='ocr_line' id='line_1_72' title="bbox 2219 2589 3761 2662; baseline 0 -18"><span class='ocrx_word' id='word_1_472' title='bbox 2219 2591 2567 2662; x_wconf 13' lang='lat' dir='ltr'><strong>Epiphanius,</strong></span> <span class='ocrx_word' id='word_1_473' title='bbox 2601 2591 2652 2645; x_wconf 94' lang='lat' dir='ltr'><strong>in</strong></span> <span class='ocrx_word' id='word_1_474' title='bbox 2705 2593 2984 2654; x_wconf 78' lang='lat' dir='ltr'><strong>Ancorato,</strong></span> <span class='ocrx_word' id='word_1_475' title='bbox 3040 2601 3093 2645; x_wconf 91' lang='lat' dir='ltr'><strong>et</strong></span> <span class='ocrx_word' id='word_1_476' title='bbox 3143 2590 3350 2660; x_wconf 86' lang='lat' dir='ltr'><strong>Georg.</strong></span> <span class='ocrx_word' id='word_1_477' title='bbox 3395 2589 3668 2662; x_wconf 79' lang='lat' dir='ltr'><strong>Syucellus</strong></span> <span class='ocrx_word' id='word_1_478' title='bbox 3715 2592 3761 2645; x_wconf 92' lang='lat' dir='ltr'><strong>in</strong></span> 
     </span>
    </p>
   </div>
   <div class='ocr_carea' id='block_1_73' title="bbox 2209 2659 3758 2730">
    <p class='ocr_par' dir='ltr' id='par_1_73' title="bbox 2209 2659 3758 2730">
     <span class='ocr_line' id='line_1_73' title="bbox 2209 2659 3758 2730; baseline -0.002 -15"><span class='ocrx_word' id='word_1_479' title='bbox 2209 2659 2638 2730; x_wconf 67' lang='lat' dir='ltr'><strong>Chronographia</strong></span> <span class='ocrx_word' id='word_1_480' title='bbox 2669 2675 2788 2730; x_wconf 88' lang='lat' dir='ltr'><strong>pag.</strong></span> <span class='ocrx_word' id='word_1_481' title='bbox 2807 2662 2874 2714; x_wconf 78' lang='grc'><strong>47</strong></span> <span class='ocrx_word' id='word_1_482' title='bbox 2895 2677 2909 2723; x_wconf 92' lang='lat'><strong>;</strong></span> <span class='ocrx_word' id='word_1_483' title='bbox 2933 2663 3221 2716; x_wconf 80' lang='lat' dir='ltr'><strong>Carnarius</strong></span> <span class='ocrx_word' id='word_1_484' title='bbox 3245 2659 3521 2729; x_wconf 77' lang='lat' dir='ltr'><strong>interpres</strong></span> <span class='ocrx_word' id='word_1_485' title='bbox 3545 2661 3758 2729; x_wconf 82' lang='lat' dir='ltr'><strong>Epipha-</strong></span> 
     </span>
    </p>
   </div>
   <div class='ocr_carea' id='block_1_74' title="bbox 2215 2728 3758 2797">
    <p class='ocr_par' dir='ltr' id='par_1_74' title="bbox 2215 2728 3758 2797">
     <span class='ocr_line' id='line_1_74' title="bbox 2215 2728 3758 2797; baseline -0.001 -13"><span class='ocrx_word' id='word_1_486' title='bbox 2215 2732 2288 2784; x_wconf 93' lang='lat' dir='ltr'><strong>nii</strong></span> <span class='ocrx_word' id='word_1_487' title='bbox 2347 2728 2636 2785; x_wconf 78' lang='lat' dir='ltr'><strong>Carmanos</strong></span> <span class='ocrx_word' id='word_1_488' title='bbox 2674 2728 2868 2784; x_wconf 79' lang='lat' dir='ltr'><strong>vertit.</strong></span> <span class='ocrx_word' id='word_1_489' title='bbox 2919 2731 3099 2797; x_wconf 90' lang='lat' dir='ltr'><strong>Itaque</strong></span> <span class='ocrx_word' id='word_1_490' title='bbox 3152 2743 3282 2785; x_wconf 82' lang='lat' dir='ltr'><strong>sunt.</strong></span> <span class='ocrx_word' id='word_1_491' title='bbox 3332 2728 3517 2785; x_wconf 67' lang='lat' dir='ltr'><strong>incola:</strong></span> <span class='ocrx_word' id='word_1_492' title='bbox 3555 2728 3758 2784; x_wconf 77' lang='lat' dir='ltr'><strong>Carma-</strong></span> 
     </span>
    </p>
   </div>
   <div class='ocr_carea' id='block_1_75' title="bbox 2212 2799 3762 2872">
    <p class='ocr_par' dir='ltr' id='par_1_75' title="bbox 2212 2799 3762 2872">
     <span class='ocr_line' id='line_1_75' title="bbox 2212 2799 3762 2872; baseline 0.001 -18"><span class='ocrx_word' id='word_1_493' title='bbox 2212 2801 2331 2872; x_wconf 70' lang='lat' dir='ltr'><strong>nire,</strong></span> <span class='ocrx_word' id='word_1_494' title='bbox 2380 2800 2477 2870; x_wconf 85' lang='grc' dir='ltr'><strong>τῆς</strong></span> <span class='ocrx_word' id='word_1_495' title='bbox 2520 2799 2862 2872; x_wconf 77' lang='grc' dir='ltr'>Καρμανίας,</span> <span class='ocrx_word' id='word_1_496' title='bbox 2897 2801 3354 2872; x_wconf 16' lang='lat' dir='ltr'><strong>regionisﬁinter</strong></span> <span class='ocrx_word' id='word_1_497' title='bbox 3405 2801 3668 2872; x_wconf 72' lang='lat' dir='ltr'><strong>Persidem</strong></span> <span class='ocrx_word' id='word_1_498' title='bbox 3713 2810 3762 2856; x_wconf 87' lang='lat' dir='ltr'><strong>et</strong></span> 
     </span>
    </p>
   </div>
   <div class='ocr_carea' id='block_1_76' title="bbox 2211 2869 3759 2940">
    <p class='ocr_par' dir='ltr' id='par_1_76' title="bbox 2211 2869 3759 2940">
     <span class='ocr_line' id='line_1_76' title="bbox 2211 2869 3759 2940; baseline 0.001 -18"><span class='ocrx_word' id='word_1_499' title='bbox 2211 2870 2411 2923; x_wconf 88' lang='lat' dir='ltr'><strong>l-ndiam</strong></span> <span class='ocrx_word' id='word_1_500' title='bbox 2436 2869 2580 2931; x_wconf 67' lang='lat' dir='ltr'><strong>sine,</strong></span> <span class='ocrx_word' id='word_1_501' title='bbox 2610 2869 2769 2939; x_wconf 82' lang='lat' dir='ltr'><strong>quam</strong></span> <span class='ocrx_word' id='word_1_502' title='bbox 2794 2869 3110 2924; x_wconf 59' lang='lat' dir='ltr'><strong>Ptolemaeus</strong></span> <span class='ocrx_word' id='word_1_503' title='bbox 3137 2870 3226 2924; x_wconf 91' lang='lat' dir='ltr'><strong>lib.</strong></span> <span class='ocrx_word' id='word_1_504' title='bbox 3252 2887 3336 2936; x_wconf 79' lang='lat' dir='ltr'><strong>vr,</strong></span> <span class='ocrx_word' id='word_1_505' title='bbox 3371 2885 3422 2926; x_wconf 89' lang='lat' dir='ltr'><strong>c.</strong></span> <span class='ocrx_word' id='word_1_506' title='bbox 3468 2871 3502 2925; x_wconf 90' lang='lat'><strong>8</strong></span> <span class='ocrx_word' id='word_1_507' title='bbox 3543 2869 3759 2940; x_wconf 53' lang='lat' dir='ltr'><strong>Geogra.</strong></span> 
     </span>
    </p>
   </div>
   <div class='ocr_carea' id='block_1_77' title="bbox 2213 2940 3761 3010">
    <p class='ocr_par' dir='ltr' id='par_1_77' title="bbox 2213 2940 3761 3010">
     <span class='ocr_line' id='line_1_77' title="bbox 2213 2940 3761 3010; baseline 0.003 -19"><span class='ocrx_word' id='word_1_508' title='bbox 2213 2940 2660 3010; x_wconf 10' lang='lat' dir='ltr'><strong>pliiwgdescribit.</strong></span> <span class='ocrx_word' id='word_1_509' title='bbox 2706 2941 2852 2994; x_wconf 83' lang='lat' dir='ltr'><strong>Hanc</strong></span> <span class='ocrx_word' id='word_1_510' title='bbox 2874 2941 3224 3010; x_wconf 79' lang='lat' dir='ltr'><strong>Carmaniam</strong></span> <span class='ocrx_word' id='word_1_511' title='bbox 3253 2941 3514 3010; x_wconf 80' lang='lat' dir='ltr'><strong>observat</strong></span> <span class='ocrx_word' id='word_1_512' title='bbox 3570 2941 3761 2995; x_wconf 67' lang='lat' dir='ltr'><strong>Mimans</strong></span> 
     </span>
    </p>
   </div>
   <div class='ocr_carea' id='block_1_78' title="bbox 2207 3007 3756 3078">
    <p class='ocr_par' dir='ltr' id='par_1_78' title="bbox 2207 3007 3756 3078">
     <span class='ocr_line' id='line_1_78' title="bbox 2207 3007 3756 3078; baseline 0 -15"><span class='ocrx_word' id='word_1_513' title='bbox 2207 3007 2260 3063; x_wconf 85' lang='lat' dir='ltr'><strong>iit</strong></span> <span class='ocrx_word' id='word_1_514' title='bbox 2340 3007 2703 3078; x_wconf 84' lang='lat' dir='ltr'><strong>Topographia</strong></span> <span class='ocrx_word' id='word_1_515' title='bbox 2775 3009 3126 3064; x_wconf 76' lang='lat' dir='ltr'><strong>ecclesiastica</strong></span> <span class='ocrx_word' id='word_1_516' title='bbox 3205 3012 3375 3066; x_wconf 87' lang='lat' dir='ltr'><strong>etiam</strong></span> <span class='ocrx_word' id='word_1_517' title='bbox 3438 3009 3756 3063; x_wconf 83' lang='lat' dir='ltr'><strong>Germaniam</strong></span> 
     </span>
    </p>
   </div>
   <div class='ocr_carea' id='block_1_79' title="bbox 2210 3078 3765 3150">
    <p class='ocr_par' dir='ltr' id='par_1_79' title="bbox 2210 3078 3765 3150">
     <span class='ocr_line' id='line_1_79' title="bbox 2210 3078 3765 3150; baseline 0.001 -18"><span class='ocrx_word' id='word_1_518' title='bbox 2210 3080 2410 3150; x_wconf 83' lang='lat' dir='ltr'><strong>vocari,</strong></span> <span class='ocrx_word' id='word_1_519' title='bbox 2457 3090 2512 3132; x_wconf 81' lang='lat' dir='ltr'><strong>et</strong></span> <span class='ocrx_word' id='word_1_520' title='bbox 2569 3079 2864 3150; x_wconf 77' lang='lat' dir='ltr'><strong>Salinasius</strong></span> <span class='ocrx_word' id='word_1_521' title='bbox 2924 3083 3065 3150; x_wconf 87' lang='lat' dir='ltr'><strong>apud</strong></span> <span class='ocrx_word' id='word_1_522' title='bbox 3125 3078 3398 3147; x_wconf 90' lang='lat' dir='ltr'><strong>Solinum,</strong></span> <span class='ocrx_word' id='word_1_523' title='bbox 3452 3081 3672 3134; x_wconf 86' lang='lat' dir='ltr'><strong>Plinium</strong></span> <span class='ocrx_word' id='word_1_524' title='bbox 3715 3093 3765 3134; x_wconf 90' lang='lat' dir='ltr'><strong>et</strong></span> 
     </span>
    </p>
   </div>
   <div class='ocr_carea' id='block_1_80' title="bbox 2134 3149 3758 3244">
    <p class='ocr_par' dir='ltr' id='par_1_80' title="bbox 2134 3149 3758 3244">
     <span class='ocr_line' id='line_1_80' title="bbox 2134 3149 3758 3244; baseline -0.001 -40"><span class='ocrx_word' id='word_1_525' title='bbox 2134 3187 2174 3244; x_wconf 60' lang='grc' dir='ltr'>Ο</span> <span class='ocrx_word' id='word_1_526' title='bbox 2209 3149 2536 3244; x_wconf 58' lang='grc' dir='ltr'><strong>Μητρίθιῃιηι</strong></span> <span class='ocrx_word' id='word_1_527' title='bbox 2593 3149 2890 3244; x_wconf 44' lang='grc' dir='ltr'>ϐίψθιιειιιιΑ</span> <span class='ocrx_word' id='word_1_528' title='bbox 2923 3149 2984 3244; x_wconf 60' lang='lat' dir='ltr'><strong>illl&#39;</strong></span> <span class='ocrx_word' id='word_1_529' title='bbox 3031 3153 3344 3244; x_wconf 69' lang='lat' dir='ltr'><strong>veterrimis</strong></span> <span class='ocrx_word' id='word_1_530' title='bbox 3383 3152 3758 3244; x_wconf 72' lang='lat' dir='ltr'><strong>exemplaribus</strong></span> 
     </span>
    </p>
   </div>
   <div class='ocr_carea' id='block_1_81' title="bbox 2215 3219 3763 3285">
    <p class='ocr_par' dir='ltr' id='par_1_81' title="bbox 2215 3219 3763 3285">
     <span class='ocr_line' id='line_1_81' title="bbox 2215 3219 3763 3285; baseline -0.001 -11"><span class='ocrx_word' id='word_1_531' title='bbox 2215 3237 2343 3274; x_wconf 90' lang='lat' dir='ltr'><strong>mss.</strong></span> <span class='ocrx_word' id='word_1_532' title='bbox 2407 3219 2742 3274; x_wconf 80' lang='lat' dir='ltr'><strong>Germaniam</strong></span> <span class='ocrx_word' id='word_1_533' title='bbox 2799 3234 2893 3284; x_wconf 89' lang='lat' dir='ltr'><strong>pro</strong></span> <span class='ocrx_word' id='word_1_534' title='bbox 2943 3219 3251 3285; x_wconf 81' lang='lat' dir='ltr'><strong>Carmania,</strong></span> <span class='ocrx_word' id='word_1_535' title='bbox 3308 3225 3438 3276; x_wconf 88' lang='lat' dir='ltr'><strong>item</strong></span> <span class='ocrx_word' id='word_1_536' title='bbox 3504 3219 3763 3274; x_wconf 82' lang='lat' dir='ltr'><strong>Germani-</strong></span> 
     </span>
    </p>
   </div>
   <div class='ocr_carea' id='block_1_82' title="bbox 2214 3289 3766 3360">
    <p class='ocr_par' dir='ltr' id='par_1_82' title="bbox 2214 3289 3766 3360">
     <span class='ocr_line' id='line_1_82' title="bbox 2214 3289 3766 3360; baseline 0 -17"><span class='ocrx_word' id='word_1_537' title='bbox 2214 3307 2330 3343; x_wconf 84' lang='lat' dir='ltr'><strong>cum</strong></span> <span class='ocrx_word' id='word_1_538' title='bbox 2395 3305 2490 3360; x_wconf 79' lang='lat' dir='ltr'><strong>pro</strong></span> <span class='ocrx_word' id='word_1_539' title='bbox 2546 3289 2873 3360; x_wconf 45' lang='grc' dir='ltr'><strong>(ΣανηυιηὶεοΔ</strong></span> <span class='ocrx_word' id='word_1_540' title='bbox 2919 3292 3122 3356; x_wconf 89' lang='lat' dir='ltr'><strong>scripta</strong></span> <span class='ocrx_word' id='word_1_541' title='bbox 3182 3295 3408 3360; x_wconf 89' lang='lat' dir='ltr'><strong>reperit.</strong></span> <span class='ocrx_word' id='word_1_542' title='bbox 3471 3291 3596 3360; x_wconf 72' lang='lat' dir='ltr'><strong>Vide</strong></span> <span class='ocrx_word' id='word_1_543' title='bbox 3646 3289 3766 3343; x_wconf 86' lang='lat' dir='ltr'><strong>Pli—</strong></span> 
     </span>
    </p>
   </div>
   <div class='ocr_carea' id='block_1_83' title="bbox 2216 3357 3767 3431">
    <p class='ocr_par' dir='ltr' id='par_1_83' title="bbox 2216 3357 3767 3431">
     <span class='ocr_line' id='line_1_83' title="bbox 2216 3357 3767 3431; baseline -0.001 -19"><span class='ocrx_word' id='word_1_544' title='bbox 2216 3365 2362 3414; x_wconf 87' lang='lat' dir='ltr'><strong>nian.</strong></span> <span class='ocrx_word' id='word_1_545' title='bbox 2396 3357 2662 3431; x_wconf 53' lang='grc' dir='ltr'><strong>ξιξξενεὶε.</strong></span> <span class='ocrx_word' id='word_1_546' title='bbox 2722 3360 2776 3413; x_wconf 79' lang='lat' dir='ltr'><strong>in</strong></span> <span class='ocrx_word' id='word_1_547' title='bbox 2801 3357 3097 3431; x_wconf 22' lang='lat' dir='ltr'><strong>#Solinam,</strong></span> <span class='ocrx_word' id='word_1_548' title='bbox 3132 3357 3278 3431; x_wconf 78' lang='lat' dir='ltr'><strong>pag.</strong></span> <span class='ocrx_word' id='word_1_549' title='bbox 3347 3361 3472 3416; x_wconf 70' lang='lat'><strong>240.</strong></span> <span class='ocrx_word' id='word_1_550' title='bbox 3530 3359 3612 3414; x_wconf 83' lang='lat' dir='ltr'><strong>Nil</strong></span> <span class='ocrx_word' id='word_1_551' title='bbox 3680 3361 3767 3412; x_wconf 86' lang='lat' dir='ltr'><strong>ad-</strong></span> 
     </span>
    </p>
   </div>
   <div class='ocr_carea' id='block_1_84' title="bbox 2217 3428 3767 3500">
    <p class='ocr_par' dir='ltr' id='par_1_84' title="bbox 2217 3428 3767 3500">
     <span class='ocr_line' id='line_1_84' title="bbox 2217 3428 3767 3500; baseline -0.001 -15"><span class='ocrx_word' id='word_1_552' title='bbox 2217 3433 2338 3485; x_wconf 87' lang='lat' dir='ltr'><strong>dam</strong></span> <span class='ocrx_word' id='word_1_553' title='bbox 2381 3429 2446 3484; x_wconf 87' lang='lat' dir='ltr'><strong>de</strong></span> <span class='ocrx_word' id='word_1_554' title='bbox 2473 3428 3081 3500; x_wconf 63' lang='lat' dir='ltr'><strong>Germania_Eur0p2a,</strong></span> <span class='ocrx_word' id='word_1_555' title='bbox 3114 3429 3179 3485; x_wconf 90' lang='lat' dir='ltr'><strong>de</strong></span> <span class='ocrx_word' id='word_1_556' title='bbox 3219 3428 3336 3499; x_wconf 80' lang='lat' dir='ltr'><strong>qua</strong></span> <span class='ocrx_word' id='word_1_557' title='bbox 3386 3431 3640 3500; x_wconf 78' lang='lat' dir='ltr'><strong>Origenes</strong></span> <span class='ocrx_word' id='word_1_558' title='bbox 3686 3431 3767 3484; x_wconf 86' lang='lat' dir='ltr'><strong>hic</strong></span> 
     </span>
    </p>
   </div>
   <div class='ocr_carea' id='block_1_85' title="bbox 2219 3498 3767 3569">
    <p class='ocr_par' dir='ltr' id='par_1_85' title="bbox 2219 3498 3767 3569">
     <span class='ocr_line' id='line_1_85' title="bbox 2219 3498 3767 3569; baseline -0.003 -15"><span class='ocrx_word' id='word_1_559' title='bbox 2219 3501 2527 3567; x_wconf 86' lang='lat' dir='ltr'><strong>neutiquam</strong></span> <span class='ocrx_word' id='word_1_560' title='bbox 2588 3501 2718 3568; x_wconf 87' lang='lat' dir='ltr'><strong>agit.</strong></span> <span class='ocrx_word' id='word_1_561' title='bbox 2770 3498 3009 3564; x_wconf 86' lang='lat' dir='ltr'><strong>Interim,</strong></span> <span class='ocrx_word' id='word_1_562' title='bbox 3067 3498 3614 3569; x_wconf 21' lang='lat' dir='ltr'><strong>qttam’Germaniam</strong></span> <span class='ocrx_word' id='word_1_563' title='bbox 3677 3500 3767 3552; x_wconf 83' lang='grc' dir='ltr'><strong>ἰη-</strong></span> 
     </span>
    </p>
   </div>
   <div class='ocr_carea' id='block_1_86' title="bbox 2220 3569 3767 3639">
    <p class='ocr_par' dir='ltr' id='par_1_86' title="bbox 2220 3569 3767 3639">
     <span class='ocr_line' id='line_1_86' title="bbox 2220 3569 3767 3639; baseline 0.001 -17"><span class='ocrx_word' id='word_1_564' title='bbox 2220 3581 2302 3623; x_wconf 89' lang='lat' dir='ltr'><strong>ter</strong></span> <span class='ocrx_word' id='word_1_565' title='bbox 2349 3573 2527 3637; x_wconf 86' lang='lat' dir='ltr'><strong>plures</strong></span> <span class='ocrx_word' id='word_1_566' title='bbox 2579 3571 2694 3623; x_wconf 88' lang='lat' dir='ltr'><strong>illas</strong></span> <span class='ocrx_word' id='word_1_567' title='bbox 2731 3569 2988 3638; x_wconf 86' lang='lat' dir='ltr'><strong>intelligat</strong></span> <span class='ocrx_word' id='word_1_568' title='bbox 3031 3571 3312 3639; x_wconf 79' lang='lat' dir='ltr'><strong>Origenes,</strong></span> <span class='ocrx_word' id='word_1_569' title='bbox 3373 3572 3502 3624; x_wconf 87' lang='lat' dir='ltr'><strong>mihi</strong></span> <span class='ocrx_word' id='word_1_570' title='bbox 3541 3570 3767 3638; x_wconf 83' lang='lat' dir='ltr'><strong>judicare</strong></span> 
     </span>
    </p>
   </div>
   <div class='ocr_carea' id='block_1_87' title="bbox 2219 3639 3764 3709">
    <p class='ocr_par' dir='ltr' id='par_1_87' title="bbox 2219 3639 3764 3709">
     <span class='ocr_line' id='line_1_87' title="bbox 2219 3639 3764 3709; baseline -0.002 -15"><span class='ocrx_word' id='word_1_571' title='bbox 2219 3656 2325 3694; x_wconf 90' lang='lat' dir='ltr'><strong>non</strong></span> <span class='ocrx_word' id='word_1_572' title='bbox 2359 3655 2644 3708; x_wconf 65' lang='lat' dir='ltr'><strong>praesumo.</strong></span> <span class='ocrx_word' id='word_1_573' title='bbox 2680 3639 2875 3694; x_wconf 77' lang='lat' dir='ltr'><strong>Lector</strong></span> <span class='ocrx_word' id='word_1_574' title='bbox 2905 3641 3150 3694; x_wconf 88' lang='lat' dir='ltr'><strong>eruditus</strong></span> <span class='ocrx_word' id='word_1_575' title='bbox 3182 3641 3371 3709; x_wconf 84' lang='lat' dir='ltr'><strong>eligat,</strong></span> <span class='ocrx_word' id='word_1_576' title='bbox 3401 3657 3557 3709; x_wconf 88' lang='lat' dir='ltr'><strong>quam</strong></span> <span class='ocrx_word' id='word_1_577' title='bbox 3597 3654 3764 3693; x_wconf 89' lang='lat' dir='ltr'><strong>rerum</strong></span> 
     </span>
    </p>
   </div>
   <div class='ocr_carea' id='block_1_88' title="bbox 2219 3710 3768 3780">
    <p class='ocr_par' dir='ltr' id='par_1_88' title="bbox 2219 3710 3768 3780">
     <span class='ocr_line' id='line_1_88' title="bbox 2219 3710 3768 3780; baseline 0 -18"><span class='ocrx_word' id='word_1_578' title='bbox 2219 3711 2950 3780; x_wconf 76' lang='lat' dir='ltr'><strong>gestarqucircumstantiis</strong></span> <span class='ocrx_word' id='word_1_579' title='bbox 2983 3715 3303 3780; x_wconf 89' lang='lat' dir='ltr'><strong>cognoverit</strong></span> <span class='ocrx_word' id='word_1_580' title='bbox 3335 3710 3768 3766; x_wconf 84' lang='lat' dir='ltr'><strong>convenientissi-</strong></span> 
     </span>
    </p>
   </div>
   <div class='ocr_carea' id='block_1_89' title="bbox 2221 3778 3767 3842">
    <p class='ocr_par' dir='ltr' id='par_1_89' title="bbox 2221 3778 3767 3842">
     <span class='ocr_line' id='line_1_89' title="bbox 2221 3778 3767 3842; baseline 0 -10"><span class='ocrx_word' id='word_1_581' title='bbox 2221 3796 2388 3832; x_wconf 89' lang='lat' dir='ltr'><strong>mam.</strong></span> <span class='ocrx_word' id='word_1_582' title='bbox 2422 3799 2439 3830; x_wconf 76' lang='grc' dir='ltr'><strong>ι</strong></span> <span class='ocrx_word' id='word_1_583' title='bbox 2474 3778 2594 3833; x_wconf 70' lang='lat' dir='ltr'><strong>llaec</strong></span> <span class='ocrx_word' id='word_1_584' title='bbox 2667 3779 3032 3834; x_wconf 83' lang='lat' dir='ltr'><strong>Westhenius.</strong></span> <span class='ocrx_word' id='word_1_585' title='bbox 3059 3778 3157 3833; x_wconf 40' lang='lat' dir='ltr'><strong>&quot;At</strong></span> <span class='ocrx_word' id='word_1_586' title='bbox 3193 3781 3600 3842; x_wconf 80' lang='lat' dir='ltr'><strong>&#39;I‘illemontius,</strong></span> <span class='ocrx_word' id='word_1_587' title='bbox 3647 3788 3767 3832; x_wconf 93' lang='lat' dir='ltr'><strong>tom.</strong></span> 
     </span>
    </p>
   </div>
   <div class='ocr_carea' id='block_1_90' title="bbox 2226 3848 3766 3919">
    <p class='ocr_par' dir='ltr' id='par_1_90' title="bbox 2226 3848 3766 3919">
     <span class='ocr_line' id='line_1_90' title="bbox 2226 3848 3766 3919; baseline -0.002 -17"><span class='ocrx_word' id='word_1_588' title='bbox 2226 3849 2293 3902; x_wconf 86' lang='grc' dir='ltr'><strong>ΙΙΙ</strong></span> <span class='ocrx_word' id='word_1_589' title='bbox 2352 3849 2725 3903; x_wconf 84' lang='lat' dir='ltr'><strong>Illemoriarum</strong></span> <span class='ocrx_word' id='word_1_590' title='bbox 2763 3851 2832 3902; x_wconf 84' lang='lat' dir='ltr'><strong>ad</strong></span> <span class='ocrx_word' id='word_1_591' title='bbox 2873 3851 3153 3903; x_wconf 79' lang='lat' dir='ltr'><strong>ecclesiast.</strong></span> <span class='ocrx_word' id='word_1_592' title='bbox 3208 3848 3442 3917; x_wconf 81' lang='lat' dir='ltr'><strong>Histor.,</strong></span> <span class='ocrx_word' id='word_1_593' title='bbox 3498 3865 3611 3919; x_wconf 88' lang='lat' dir='ltr'><strong>pag.</strong></span> <span class='ocrx_word' id='word_1_594' title='bbox 3648 3848 3766 3911; x_wconf 69' lang='lat'><strong>272,</strong></span> 
     </span>
    </p>
   </div>
   <div class='ocr_carea' id='block_1_91' title="bbox 2224 3920 3761 3988">
    <p class='ocr_par' dir='ltr' id='par_1_91' title="bbox 2224 3920 3761 3988">
     <span class='ocr_line' id='line_1_91' title="bbox 2224 3920 3761 3988; baseline -0.001 -17"><span class='ocrx_word' id='word_1_595' title='bbox 2224 3921 2450 3971; x_wconf 88' lang='lat' dir='ltr'><strong>miratur</strong></span> <span class='ocrx_word' id='word_1_596' title='bbox 2482 3935 2740 3988; x_wconf 85' lang='lat' dir='ltr'><strong>quorsum</strong></span> <span class='ocrx_word' id='word_1_597' title='bbox 2768 3921 2834 3972; x_wconf 88' lang='lat' dir='ltr'><strong>de</strong></span> <span class='ocrx_word' id='word_1_598' title='bbox 2873 3921 2972 3974; x_wconf 86' lang='lat' dir='ltr'><strong>hac</strong></span> <span class='ocrx_word' id='word_1_599' title='bbox 3012 3920 3302 3974; x_wconf 89' lang='lat' dir='ltr'><strong>Germania</strong></span> <span class='ocrx_word' id='word_1_600' title='bbox 3339 3931 3420 3976; x_wconf 93' lang='lat' dir='ltr'><strong>tot</strong></span> <span class='ocrx_word' id='word_1_601' title='bbox 3463 3928 3761 3973; x_wconf 88' lang='lat' dir='ltr'><strong>moveantur</strong></span> 
     </span>
    </p>
   </div>
   <div class='ocr_carea' id='block_1_92' title="bbox 2224 3988 3761 4060">
    <p class='ocr_par' dir='ltr' id='par_1_92' title="bbox 2224 3988 3761 4060">
     <span class='ocr_line' id='line_1_92' title="bbox 2224 3988 3761 4060; baseline -0.001 -20"><span class='ocrx_word' id='word_1_602' title='bbox 2224 3989 2578 4051; x_wconf 73' lang='lat' dir='ltr'><strong>dillirultates,</strong></span> <span class='ocrx_word' id='word_1_603' title='bbox 2620 3991 2772 4058; x_wconf 87' lang='lat' dir='ltr'><strong>quasi</strong></span> <span class='ocrx_word' id='word_1_604' title='bbox 2804 3989 2857 4044; x_wconf 86' lang='lat' dir='ltr'><strong>id</strong></span> <span class='ocrx_word' id='word_1_605' title='bbox 2879 3991 3021 4058; x_wconf 88' lang='lat' dir='ltr'><strong>quod</strong></span> <span class='ocrx_word' id='word_1_606' title='bbox 3045 3993 3120 4044; x_wconf 91' lang='lat' dir='ltr'><strong>ait</strong></span> <span class='ocrx_word' id='word_1_607' title='bbox 3149 3991 3434 4060; x_wconf 84' lang='lat' dir='ltr'><strong>Origenes,</strong></span> <span class='ocrx_word' id='word_1_608' title='bbox 3463 3990 3524 4044; x_wconf 86' lang='lat' dir='ltr'><strong>de</strong></span> <span class='ocrx_word' id='word_1_609' title='bbox 3548 3988 3761 4044; x_wconf 89' lang='lat' dir='ltr'><strong>Germa-</strong></span> 
     </span>
    </p>
   </div>
   <div class='ocr_carea' id='block_1_93' title="bbox 2225 4060 3766 4130">
    <p class='ocr_par' dir='ltr' id='par_1_93' title="bbox 2225 4060 3766 4130">
     <span class='ocr_line' id='line_1_93' title="bbox 2225 4060 3766 4130; baseline -0.002 -18"><span class='ocrx_word' id='word_1_610' title='bbox 2225 4062 2310 4112; x_wconf 88' lang='lat' dir='ltr'><strong>nia</strong></span> <span class='ocrx_word' id='word_1_611' title='bbox 2357 4060 2619 4128; x_wconf 64' lang='lat' dir='ltr'><strong>Europma</strong></span> <span class='ocrx_word' id='word_1_612' title='bbox 2654 4077 2774 4130; x_wconf 62' lang='lat' dir='ltr'><strong>non</strong></span> <span class='ocrx_word' id='word_1_613' title='bbox 2825 4061 2993 4130; x_wconf 88' lang='lat' dir='ltr'><strong>possit</strong></span> <span class='ocrx_word' id='word_1_614' title='bbox 3050 4061 3293 4130; x_wconf 89' lang='lat' dir='ltr'><strong>intelligi,</strong></span> <span class='ocrx_word' id='word_1_615' title='bbox 3351 4064 3437 4115; x_wconf 91' lang='lat' dir='ltr'><strong>ubi</strong></span> <span class='ocrx_word' id='word_1_616' title='bbox 3478 4061 3766 4130; x_wconf 80' lang='lat' dir='ltr'><strong>imperator</strong></span> 
     </span>
    </p>
   </div>
   <div class='ocr_carea' id='block_1_94' title="bbox 2225 4127 3763 4196">
    <p class='ocr_par' dir='ltr' id='par_1_94' title="bbox 2225 4127 3763 4196">
     <span class='ocr_line' id='line_1_94' title="bbox 2225 4127 3763 4196; baseline -0.001 -15"><span class='ocrx_word' id='word_1_617' title='bbox 2225 4130 2486 4182; x_wconf 78' lang='lat' dir='ltr'><strong>Salutatus</strong></span> <span class='ocrx_word' id='word_1_618' title='bbox 2521 4141 2605 4184; x_wconf 86' lang='lat' dir='ltr'><strong>est</strong></span> <span class='ocrx_word' id='word_1_619' title='bbox 2653 4127 2979 4183; x_wconf 71' lang='lat' dir='ltr'><strong>Maximinus</strong></span> <span class='ocrx_word' id='word_1_620' title='bbox 3021 4140 3076 4185; x_wconf 89' lang='lat' dir='ltr'><strong>et</strong></span> <span class='ocrx_word' id='word_1_621' title='bbox 3122 4127 3358 4184; x_wconf 56' lang='lat' dir='ltr'><strong>ubi&#39;diu</strong></span> <span class='ocrx_word' id='word_1_622' title='bbox 3409 4128 3539 4185; x_wconf 90' lang='lat' dir='ltr'><strong>bella</strong></span> <span class='ocrx_word' id='word_1_623' title='bbox 3568 4127 3763 4196; x_wconf 86' lang='lat' dir='ltr'><strong>gessit.</strong></span> 
     </span>
    </p>
   </div>
   <div class='ocr_carea' id='block_1_95' title="bbox 2224 4196 3764 4271">
    <p class='ocr_par' dir='ltr' id='par_1_95' title="bbox 2224 4196 3764 4271">
     <span class='ocr_line' id='line_1_95' title="bbox 2224 4196 3764 4271; baseline -0.001 -19"><span class='ocrx_word' id='word_1_624' title='bbox 2224 4197 2340 4252; x_wconf 86' lang='lat' dir='ltr'><strong>Mos</strong></span> <span class='ocrx_word' id='word_1_625' title='bbox 2371 4200 2513 4271; x_wconf 89' lang='lat' dir='ltr'><strong>enim</strong></span> <span class='ocrx_word' id='word_1_626' title='bbox 2548 4201 2618 4253; x_wconf 87' lang='lat' dir='ltr'><strong>illi</strong></span> <span class='ocrx_word' id='word_1_627' title='bbox 2651 4213 2770 4271; x_wconf 88' lang='lat' dir='ltr'><strong>erat</strong></span> <span class='ocrx_word' id='word_1_628' title='bbox 2806 4199 3293 4271; x_wconf 17' lang='lat' dir='ltr'><strong>testeillerodiano,</strong></span> <span class='ocrx_word' id='word_1_629' title='bbox 3340 4215 3466 4271; x_wconf 86' lang='lat' dir='ltr'><strong>pag.</strong></span> <span class='ocrx_word' id='word_1_630' title='bbox 3505 4198 3623 4271; x_wconf 67' lang='lat'><strong>592,</strong></span> <span class='ocrx_word' id='word_1_631' title='bbox 3648 4196 3764 4271; x_wconf 78' lang='grc'><strong>595,</strong></span> 
     </span>
    </p>
   </div>
   <div class='ocr_carea' id='block_1_96' title="bbox 2226 4269 3768 4338">
    <p class='ocr_par' dir='ltr' id='par_1_96' title="bbox 2226 4269 3768 4338">
     <span class='ocr_line' id='line_1_96' title="bbox 2226 4269 3768 4338; baseline -0.003 -15"><span class='ocrx_word' id='word_1_632' title='bbox 2226 4283 2292 4323; x_wconf 80' lang='lat' dir='ltr'><strong>ex</strong></span> <span class='ocrx_word' id='word_1_633' title='bbox 2321 4269 2692 4324; x_wconf 83' lang='lat' dir='ltr'><strong>remotissimis</strong></span> <span class='ocrx_word' id='word_1_634' title='bbox 2706 4270 2917 4338; x_wconf 89' lang='lat' dir='ltr'><strong>imperii</strong></span> <span class='ocrx_word' id='word_1_635' title='bbox 2938 4270 3133 4325; x_wconf 80' lang='lat' dir='ltr'><strong>finibus</strong></span> <span class='ocrx_word' id='word_1_636' title='bbox 3153 4269 3518 4325; x_wconf 78' lang='lat' dir='ltr'><strong>nobilissimos</strong></span> <span class='ocrx_word' id='word_1_637' title='bbox 3538 4269 3768 4322; x_wconf 81' lang='lat' dir='ltr'><strong>homines</strong></span> 
     </span>
    </p>
   </div>
   <div class='ocr_carea' id='block_1_97' title="bbox 2227 4338 3770 4410">
    <p class='ocr_par' dir='ltr' id='par_1_97' title="bbox 2227 4338 3770 4410">
     <span class='ocr_line' id='line_1_97' title="bbox 2227 4338 3770 4410; baseline -0.002 -17"><span class='ocrx_word' id='word_1_638' title='bbox 2227 4341 2294 4393; x_wconf 86' lang='lat' dir='ltr'><strong>ad</strong></span> <span class='ocrx_word' id='word_1_639' title='bbox 2328 4354 2385 4393; x_wconf 90' lang='lat' dir='ltr'><strong>se</strong></span> <span class='ocrx_word' id='word_1_640' title='bbox 2408 4352 2658 4410; x_wconf 81' lang='lat' dir='ltr'><strong>evocare,</strong></span> <span class='ocrx_word' id='word_1_641' title='bbox 2699 4349 2755 4394; x_wconf 92' lang='lat' dir='ltr'><strong>ut</strong></span> <span class='ocrx_word' id='word_1_642' title='bbox 2789 4355 2886 4408; x_wconf 89' lang='lat' dir='ltr'><strong>per</strong></span> <span class='ocrx_word' id='word_1_643' title='bbox 2925 4341 3116 4396; x_wconf 90' lang='lat' dir='ltr'><strong>itinera</strong></span> <span class='ocrx_word' id='word_1_644' title='bbox 3153 4341 3452 4410; x_wconf 87' lang='lat' dir='ltr'><strong>ignominia</strong></span> <span class='ocrx_word' id='word_1_645' title='bbox 3504 4351 3555 4393; x_wconf 92' lang='lat' dir='ltr'><strong>et</strong></span> <span class='ocrx_word' id='word_1_646' title='bbox 3589 4338 3770 4410; x_wconf 86' lang='lat' dir='ltr'><strong>labori-</strong></span> 
     </span>
    </p>
   </div>
   <div class='ocr_carea' id='block_1_98' title="bbox 2230 4408 3772 4479">
    <p class='ocr_par' dir='ltr' id='par_1_98' title="bbox 2230 4408 3772 4479">
     <span class='ocr_line' id='line_1_98' title="bbox 2230 4408 3772 4479; baseline -0.003 -17"><span class='ocrx_word' id='word_1_647' title='bbox 2230 4410 2331 4463; x_wconf 86' lang='lat' dir='ltr'><strong>bus</strong></span> <span class='ocrx_word' id='word_1_648' title='bbox 2382 4408 2678 4475; x_wconf 85' lang='lat' dir='ltr'><strong>confectos,</strong></span> <span class='ocrx_word' id='word_1_649' title='bbox 2733 4411 3072 4478; x_wconf 85' lang='lat' dir='ltr'><strong>postmodum</strong></span> <span class='ocrx_word' id='word_1_650' title='bbox 3131 4408 3243 4479; x_wconf 76' lang='lat' dir='ltr'><strong>ipse</strong></span> <span class='ocrx_word' id='word_1_651' title='bbox 3302 4425 3417 4464; x_wconf 60' lang='lat' dir='ltr'><strong>Sua}</strong></span> <span class='ocrx_word' id='word_1_652' title='bbox 3457 4409 3686 4479; x_wconf 62' lang='lat' dir='ltr'><strong>avaritia;</strong></span> <span class='ocrx_word' id='word_1_653' title='bbox 3723 4414 3772 4458; x_wconf 90' lang='lat' dir='ltr'><strong>et</strong></span> 
     </span>
    </p>
   </div>
   <div class='ocr_carea' id='block_1_99' title="bbox 2230 4478 3766 4549">
    <p class='ocr_par' dir='ltr' id='par_1_99' title="bbox 2230 4478 3766 4549">
     <span class='ocr_line' id='line_1_99' title="bbox 2230 4478 3766 4549; baseline -0.003 -17"><span class='ocrx_word' id='word_1_654' title='bbox 2230 4479 2534 4549; x_wconf 75' lang='lat' dir='ltr'><strong>crudelitati</strong></span> <span class='ocrx_word' id='word_1_655' title='bbox 2560 4481 2882 4534; x_wconf 86' lang='lat' dir='ltr'><strong>immolaret.</strong></span> <span class='ocrx_word' id='word_1_656' title='bbox 2917 4479 3053 4546; x_wconf 86' lang='lat' dir='ltr'><strong>Quid</strong></span> <span class='ocrx_word' id='word_1_657' title='bbox 3091 4478 3218 4549; x_wconf 87' lang='lat' dir='ltr'><strong>ergo</strong></span> <span class='ocrx_word' id='word_1_658' title='bbox 3258 4492 3413 4534; x_wconf 88' lang='lat' dir='ltr'><strong>ve&#39;tat</strong></span> <span class='ocrx_word' id='word_1_659' title='bbox 3443 4478 3766 4549; x_wconf 77' lang='lat' dir='ltr'><strong>Ambrosium</strong></span> 
     </span>
    </p>
   </div>
   <div class='ocr_carea' id='block_1_100' title="bbox 3691 4548 3718 4576">
    <p class='ocr_par' dir='ltr' id='par_1_100' title="bbox 3691 4548 3718 4576">
     <span class='ocr_line' id='line_1_100' title="bbox 3691 4548 3718 4576; baseline 0 0"><span class='ocrx_word' id='word_1_660' title='bbox 3691 4548 3718 4576; x_wconf 59' lang='grc' dir='ltr'><strong>1Ι</strong></span> 
     </span>
    </p>
   </div>
   <div class='ocr_carea' id='block_1_101' title="bbox 569 4545 3770 4617">
    <p class='ocr_par' dir='ltr' id='par_1_101' title="bbox 569 4545 3770 4617">
     <span class='ocr_line' id='line_1_101' title="bbox 569 4545 3770 4617; baseline 0 -16"><span class='ocrx_word' id='word_1_661' title='bbox 569 4565 711 4614; x_wconf 86' lang='lat' dir='ltr'><strong>nius,</strong></span> <span class='ocrx_word' id='word_1_662' title='bbox 739 4551 976 4614; x_wconf 85' lang='lat' dir='ltr'><strong>mihique</strong></span> <span class='ocrx_word' id='word_1_663' title='bbox 1021 4549 1207 4602; x_wconf 84' lang='lat' dir='ltr'><strong>multis</strong></span> <span class='ocrx_word' id='word_1_664' title='bbox 1247 4549 1554 4601; x_wconf 88' lang='lat' dir='ltr'><strong>nominibus</strong></span> <span class='ocrx_word' id='word_1_665' title='bbox 1590 4545 2118 4602; x_wconf 80' lang='lat' dir='ltr'><strong>honorandusHen-</strong></span> <span class='ocrx_word' id='word_1_666' title='bbox 2151 4550 2196 4606; x_wconf 85' lang='grc' dir='ltr'>ῐ)</span> <span class='ocrx_word' id='word_1_667' title='bbox 2226 4559 2280 4600; x_wconf 92' lang='lat' dir='ltr'><strong>ct</strong></span> <span class='ocrx_word' id='word_1_668' title='bbox 2307 4547 2668 4602; x_wconf 84' lang='lat' dir='ltr'><strong>Protoctetum</strong></span> <span class='ocrx_word' id='word_1_669' title='bbox 2699 4553 2762 4602; x_wconf 90' lang='lat' dir='ltr'><strong>ad</strong></span> <span class='ocrx_word' id='word_1_670' title='bbox 2787 4565 2907 4603; x_wconf 90' lang='lat' dir='ltr'><strong>eum</strong></span> <span class='ocrx_word' id='word_1_671' title='bbox 2939 4545 3139 4617; x_wconf 80' lang='lat' dir='ltr'><strong>pariter</strong></span> <span class='ocrx_word' id='word_1_672' title='bbox 3155 4545 3420 4604; x_wconf 68' lang='lat' dir='ltr'><strong>adduetos</strong></span> <span class='ocrx_word' id='word_1_673' title='bbox 3443 4548 3638 4602; x_wconf 86' lang='lat' dir='ltr'><strong>fuisse?</strong></span> <span class='ocrx_word' id='word_1_674' title='bbox 3670 4548 3770 4602; x_wconf 67' lang='lat' dir='ltr'><strong>Cae-</strong></span> 
     </span>
    </p>
   </div>
   <div class='ocr_carea' id='block_1_102' title="bbox 568 4618 2122 4686">
    <p class='ocr_par' dir='ltr' id='par_1_102' title="bbox 568 4618 2122 4686">
     <span class='ocr_line' id='line_1_102' title="bbox 568 4618 2122 4686; baseline -0.001 -14"><span class='ocrx_word' id='word_1_675' title='bbox 568 4621 717 4673; x_wconf 84' lang='lat' dir='ltr'><strong>rieus</strong></span> <span class='ocrx_word' id='word_1_676' title='bbox 773 4618 1050 4681; x_wconf 78' lang='lat' dir='ltr'><strong>.lustcllus,</strong></span> <span class='ocrx_word' id='word_1_677' title='bbox 1102 4619 1154 4671; x_wconf 91' lang='lat' dir='ltr'><strong>in</strong></span> <span class='ocrx_word' id='word_1_678' title='bbox 1206 4618 1573 4683; x_wconf 87' lang='lat' dir='ltr'><strong>pulcherrimo</strong></span> <span class='ocrx_word' id='word_1_679' title='bbox 1631 4626 1792 4686; x_wconf 91' lang='lat' dir='ltr'><strong>atque</strong></span> <span class='ocrx_word' id='word_1_680' title='bbox 1838 4618 2122 4672; x_wconf 84' lang='lat' dir='ltr'><strong>utilissimo</strong></span> 
     </span>
    </p>
   </div>
   <div class='ocr_carea' id='block_1_103' title="bbox 569 4687 2122 4758">
    <p class='ocr_par' dir='ltr' id='par_1_103' title="bbox 569 4687 2122 4758">
     <span class='ocr_line' id='line_1_103' title="bbox 569 4687 2122 4758; baseline 0 -18"><span class='ocrx_word' id='word_1_681' title='bbox 569 4704 732 4756; x_wconf 68' lang='lat' dir='ltr'><strong>opt-re</strong></span> <span class='ocrx_word' id='word_1_682' title='bbox 779 4690 1106 4741; x_wconf 76' lang='lat' dir='ltr'><strong>Bibliotheca:</strong></span> <span class='ocrx_word' id='word_1_683' title='bbox 1154 4689 1416 4742; x_wconf 67' lang='lat' dir='ltr'><strong>canonica?</strong></span> <span class='ocrx_word' id='word_1_684' title='bbox 1467 4699 1594 4758; x_wconf 88' lang='lat' dir='ltr'><strong>t_0m.</strong></span> <span class='ocrx_word' id='word_1_685' title='bbox 1639 4688 1679 4749; x_wconf 92' lang='lat' dir='ltr'><strong>l,</strong></span> <span class='ocrx_word' id='word_1_686' title='bbox 1715 4703 1834 4758; x_wconf 83' lang='lat' dir='ltr'><strong>pag.</strong></span> <span class='ocrx_word' id='word_1_687' title='bbox 1879 4687 2004 4747; x_wconf 72' lang='grc'><strong>412,</strong></span> <span class='ocrx_word' id='word_1_688' title='bbox 2057 4689 2122 4751; x_wconf 78' lang='lat' dir='ltr'><strong>ad</strong></span> 
     </span>
    </p>
   </div>
   <div class='ocr_carea' id='block_1_104' title="bbox 570 4755 2124 4821">
    <p class='ocr_par' dir='ltr' id='par_1_104' title="bbox 570 4755 2124 4821">
     <span class='ocr_line' id='line_1_104' title="bbox 570 4755 2124 4821; baseline -0.001 -9"><span class='ocrx_word' id='word_1_689' title='bbox 570 4755 687 4812; x_wconf 70' lang='lat' dir='ltr'><strong>lure</strong></span> <span class='ocrx_word' id='word_1_690' title='bbox 735 4759 984 4812; x_wconf 80' lang='lat' dir='ltr'><strong>observet</strong></span> <span class='ocrx_word' id='word_1_691' title='bbox 1037 4776 1050 4811; x_wconf 88' lang='lat'><strong>:</strong></span> <span class='ocrx_word' id='word_1_692' title='bbox 1122 4758 1391 4810; x_wconf 75' lang='lat' dir='ltr'><strong>Candidus</strong></span> <span class='ocrx_word' id='word_1_693' title='bbox 1457 4755 1806 4821; x_wconf 48' lang='lat' dir='ltr'><strong>German‘itcf</strong></span> <span class='ocrx_word' id='word_1_694' title='bbox 1855 4758 2124 4811; x_wconf 71' lang='lat' dir='ltr'><strong>Candidus</strong></span> 
     </span>
    </p>
   </div>
   <div class='ocr_carea' id='block_1_105' title="bbox 569 4825 2120 4896">
    <p class='ocr_par' dir='ltr' id='par_1_105' title="bbox 569 4825 2120 4896">
     <span class='ocr_line' id='line_1_105' title="bbox 569 4825 2120 4896; baseline 0.001 -16"><span class='ocrx_word' id='word_1_695' title='bbox 569 4831 838 4896; x_wconf 77' lang='lat' dir='ltr'><strong>episcopus</strong></span> <span class='ocrx_word' id='word_1_696' title='bbox 901 4828 1222 4881; x_wconf 81' lang='lat' dir='ltr'><strong>Abitinensis</strong></span> <span class='ocrx_word' id='word_1_697' title='bbox 1277 4826 1799 4881; x_wconf 80' lang='lat' dir='ltr'><strong>Germanicianorum</strong></span> <span class='ocrx_word' id='word_1_698' title='bbox 1854 4825 2120 4881; x_wconf 78' lang='lat' dir='ltr'><strong>Ecclesiw.</strong></span> 
     </span>
    </p>
   </div>
   <div class='ocr_carea' id='block_1_106' title="bbox 568 4897 2125 4966">
    <p class='ocr_par' dir='ltr' id='par_1_106' title="bbox 568 4897 2125 4966">
     <span class='ocr_line' id='line_1_106' title="bbox 568 4897 2125 4966; baseline -0.001 -15"><span class='ocrx_word' id='word_1_699' title='bbox 568 4901 710 4951; x_wconf 66' lang='lat' dir='ltr'><strong>Sunt</strong></span> <span class='ocrx_word' id='word_1_700' title='bbox 742 4909 916 4951; x_wconf 87' lang='lat' dir='ltr'><strong>autem</strong></span> <span class='ocrx_word' id='word_1_701' title='bbox 945 4900 1284 4952; x_wconf 75' lang='lat' dir='ltr'><strong>Abitiuenses</strong></span> <span class='ocrx_word' id='word_1_702' title='bbox 1338 4897 1532 4950; x_wconf 78' lang='lat' dir='ltr'><strong>Africa:</strong></span> <span class='ocrx_word' id='word_1_703' title='bbox 1560 4902 1805 4966; x_wconf 85' lang='lat' dir='ltr'><strong>populus,</strong></span> <span class='ocrx_word' id='word_1_704' title='bbox 1840 4913 1994 4961; x_wconf 63' lang='lat' dir='ltr'><strong>cuius</strong></span> <span class='ocrx_word' id='word_1_705' title='bbox 2026 4899 2125 4949; x_wconf 80' lang='lat' dir='ltr'><strong>ali-</strong></span> 
     </span>
    </p>
   </div>
   <div class='ocr_carea' id='block_1_107' title="bbox 570 4968 2128 5036">
    <p class='ocr_par' dir='ltr' id='par_1_107' title="bbox 570 4968 2128 5036">
     <span class='ocr_line' id='line_1_107' title="bbox 570 4968 2128 5036; baseline -0.001 -17"><span class='ocrx_word' id='word_1_706' title='bbox 570 4970 781 5033; x_wconf 73' lang='lat' dir='ltr'><strong>quoties</strong></span> <span class='ocrx_word' id='word_1_707' title='bbox 809 4971 1133 5021; x_wconf 83' lang='lat' dir='ltr'><strong>rnentioncm</strong></span> <span class='ocrx_word' id='word_1_708' title='bbox 1169 4969 1293 5021; x_wconf 83' lang='lat' dir='ltr'><strong>facit</strong></span> <span class='ocrx_word' id='word_1_709' title='bbox 1318 4969 1649 5036; x_wconf 82' lang='lat' dir='ltr'><strong>Augustinus</strong></span> <span class='ocrx_word' id='word_1_710' title='bbox 1680 4968 1814 5020; x_wconf 87' lang='lat' dir='ltr'><strong>libro</strong></span> <span class='ocrx_word' id='word_1_711' title='bbox 1860 4983 1917 5020; x_wconf 89' lang='grc' dir='ltr'><strong>ιιι</strong></span> <span class='ocrx_word' id='word_1_712' title='bbox 1944 4969 2128 5020; x_wconf 85' lang='lat' dir='ltr'><strong>adver-</strong></span> 
     </span>
    </p>
   </div>
   <div class='ocr_carea' id='block_1_108' title="bbox 567 5036 2124 5103">
    <p class='ocr_par' dir='ltr' id='par_1_108' title="bbox 567 5036 2124 5103">
     <span class='ocr_line' id='line_1_108' title="bbox 567 5036 2124 5103; baseline -0.003 -11"><span class='ocrx_word' id='word_1_713' title='bbox 567 5057 658 5092; x_wconf 81' lang='lat' dir='ltr'><strong>sus</strong></span> <span class='ocrx_word' id='word_1_714' title='bbox 697 5039 1126 5090; x_wconf 78' lang='lat' dir='ltr'><strong>Pnrmenianum.</strong></span> <span class='ocrx_word' id='word_1_715' title='bbox 1165 5037 1219 5090; x_wconf 94' lang='lat' dir='ltr'><strong>In</strong></span> <span class='ocrx_word' id='word_1_716' title='bbox 1265 5038 1452 5090; x_wconf 86' lang='lat' dir='ltr'><strong>iisdem</strong></span> <span class='ocrx_word' id='word_1_717' title='bbox 1481 5036 1683 5090; x_wconf 81' lang='lat' dir='ltr'><strong>Conon.</strong></span> <span class='ocrx_word' id='word_1_718' title='bbox 1740 5037 1884 5088; x_wconf 75' lang='lat' dir='ltr'><strong>Eccl.</strong></span> <span class='ocrx_word' id='word_1_719' title='bbox 1933 5037 2124 5103; x_wconf 63' lang='lat' dir='ltr'><strong>Atria,</strong></span> 
     </span>
    </p>
   </div>
   <div class='ocr_carea' id='block_1_109' title="bbox 573 5107 2130 5178">
    <p class='ocr_par' dir='ltr' id='par_1_109' title="bbox 573 5107 2130 5178">
     <span class='ocr_line' id='line_1_109' title="bbox 573 5107 2130 5178; baseline 0.001 -19"><span class='ocrx_word' id='word_1_720' title='bbox 573 5126 695 5176; x_wconf 82' lang='lat' dir='ltr'><strong>pag.</strong></span> <span class='ocrx_word' id='word_1_721' title='bbox 721 5109 846 5172; x_wconf 68' lang='lat'><strong>384,</strong></span> <span class='ocrx_word' id='word_1_722' title='bbox 870 5108 1009 5178; x_wconf 59' lang='lat'><strong>385,</strong></span> <span class='ocrx_word' id='word_1_723' title='bbox 1043 5109 1279 5173; x_wconf 88' lang='lat' dir='ltr'><strong>alibique</strong></span> <span class='ocrx_word' id='word_1_724' title='bbox 1306 5109 1364 5159; x_wconf 92' lang='lat' dir='ltr'><strong>lit</strong></span> <span class='ocrx_word' id='word_1_725' title='bbox 1396 5108 1595 5178; x_wconf 89' lang='lat' dir='ltr'><strong>mentio</strong></span> <span class='ocrx_word' id='word_1_726' title='bbox 1636 5107 1734 5177; x_wconf 80' lang='grc' dir='ltr'><strong>τῆς</strong></span> <span class='ocrx_word' id='word_1_727' title='bbox 1758 5107 1880 5169; x_wconf 82' lang='grc' dir='ltr'>νέας</span> <span class='ocrx_word' id='word_1_728' title='bbox 1915 5107 2130 5178; x_wconf 84' lang='grc' dir='ltr'>Γερμα-</span> 
     </span>
    </p>
   </div>
   <div class='ocr_carea' id='block_1_110' title="bbox 572 5176 2130 5243">
    <p class='ocr_par' dir='ltr' id='par_1_110' title="bbox 572 5176 2130 5243">
     <span class='ocr_line' id='line_1_110' title="bbox 572 5176 2130 5243; baseline 0.001 -14"><span class='ocrx_word' id='word_1_729' title='bbox 572 5178 688 5240; x_wconf 77' lang='grc' dir='ltr'><strong>νοῦ,</strong></span> <span class='ocrx_word' id='word_1_730' title='bbox 749 5179 914 5231; x_wconf 76' lang='lat' dir='ltr'><strong>A&#39;ovw</strong></span> <span class='ocrx_word' id='word_1_731' title='bbox 969 5176 1287 5239; x_wconf 77' lang='lat' dir='ltr'><strong>Germauiw,</strong></span> <span class='ocrx_word' id='word_1_732' title='bbox 1341 5177 1479 5229; x_wconf 87' lang='lat' dir='ltr'><strong>unde</strong></span> <span class='ocrx_word' id='word_1_733' title='bbox 1532 5176 1770 5243; x_wconf 81' lang='lat' dir='ltr'><strong>proclive</strong></span> <span class='ocrx_word' id='word_1_734' title='bbox 1811 5180 1953 5231; x_wconf 82' lang='lat' dir='ltr'><strong>l&#39;orct</strong></span> <span class='ocrx_word' id='word_1_735' title='bbox 1994 5176 2130 5233; x_wconf 7' lang='lat' dir='ltr'><strong>icun-</strong></span> 
     </span>
    </p>
   </div>
   <div class='ocr_carea' id='block_1_111' title="bbox 566 5246 2128 5318">
    <p class='ocr_par' dir='ltr' id='par_1_111' title="bbox 566 5246 2128 5318">
     <span class='ocr_line' id='line_1_111' title="bbox 566 5246 2128 5318; baseline 0.002 -21"><span class='ocrx_word' id='word_1_736' title='bbox 566 5249 747 5318; x_wconf 62' lang='lat' dir='ltr'><strong>jicere</strong></span> <span class='ocrx_word' id='word_1_737' title='bbox 783 5248 916 5301; x_wconf 85' lang='lat' dir='ltr'><strong>duas</strong></span> <span class='ocrx_word' id='word_1_738' title='bbox 961 5249 1128 5300; x_wconf 85' lang='lat' dir='ltr'><strong>fuisse</strong></span> <span class='ocrx_word' id='word_1_739' title='bbox 1154 5246 1469 5300; x_wconf 83' lang='lat' dir='ltr'><strong>Germanias</strong></span> <span class='ocrx_word' id='word_1_740' title='bbox 1523 5249 1573 5299; x_wconf 91' lang='lat' dir='ltr'><strong>in</strong></span> <span class='ocrx_word' id='word_1_741' title='bbox 1618 5249 1798 5301; x_wconf 78' lang='lat' dir='ltr'><strong>Africa</strong></span> <span class='ocrx_word' id='word_1_742' title='bbox 1839 5263 1852 5299; x_wconf 90' lang='lat'>:</span> <span class='ocrx_word' id='word_1_743' title='bbox 1906 5247 2128 5301; x_wconf 87' lang='lat' dir='ltr'><strong>alteram</strong></span> 
     </span>
    </p>
   </div>
   <div class='ocr_carea' id='block_1_112' title="bbox 573 5317 2127 5384">
    <p class='ocr_par' dir='ltr' id='par_1_112' title="bbox 573 5317 2127 5384">
     <span class='ocr_line' id='line_1_112' title="bbox 573 5317 2127 5384; baseline 0.001 -17"><span class='ocrx_word' id='word_1_744' title='bbox 573 5317 892 5383; x_wconf 70' lang='lat' dir='ltr'><strong>simplii-iter</strong></span> <span class='ocrx_word' id='word_1_745' title='bbox 917 5323 995 5370; x_wconf 88' lang='lat' dir='ltr'><strong>sic</strong></span> <span class='ocrx_word' id='word_1_746' title='bbox 1027 5319 1221 5368; x_wconf 76' lang='lat' dir='ltr'><strong>dictaui</strong></span> <span class='ocrx_word' id='word_1_747' title='bbox 1244 5321 1518 5381; x_wconf 78' lang='lat' dir='ltr'><strong>;altera:u,</strong></span> <span class='ocrx_word' id='word_1_748' title='bbox 1543 5319 1685 5384; x_wconf 90' lang='lat' dir='ltr'><strong>quod</strong></span> <span class='ocrx_word' id='word_1_749' title='bbox 1715 5332 1902 5370; x_wconf 86' lang='lat' dir='ltr'><strong>recens</strong></span> <span class='ocrx_word' id='word_1_750' title='bbox 1918 5321 2127 5372; x_wconf 79' lang='lat' dir='ltr'><strong>condita</strong></span> 
     </span>
    </p>
   </div>
   <div class='ocr_carea' id='block_1_113' title="bbox 572 5383 2127 5455">
    <p class='ocr_par' dir='ltr' id='par_1_113' title="bbox 572 5383 2127 5455">
     <span class='ocr_line' id='line_1_113' title="bbox 572 5383 2127 5455; baseline 0.003 -19"><span class='ocrx_word' id='word_1_751' title='bbox 572 5402 740 5447; x_wconf 77' lang='lat' dir='ltr'><strong>esset,</strong></span> <span class='ocrx_word' id='word_1_752' title='bbox 765 5402 953 5439; x_wconf 89' lang='lat' dir='ltr'><strong>novam</strong></span> <span class='ocrx_word' id='word_1_753' title='bbox 983 5388 1324 5454; x_wconf 85' lang='lat' dir='ltr'><strong>appellatam.</strong></span> <span class='ocrx_word' id='word_1_754' title='bbox 1358 5383 1677 5448; x_wconf 83' lang='lat' dir='ltr'><strong>Herodotus,</strong></span> <span class='ocrx_word' id='word_1_755' title='bbox 1706 5389 1798 5440; x_wconf 89' lang='lat' dir='ltr'><strong>lib.</strong></span> <span class='ocrx_word' id='word_1_756' title='bbox 1826 5401 1863 5447; x_wconf 90' lang='lat' dir='ltr'><strong>t.</strong></span> <span class='ocrx_word' id='word_1_757' title='bbox 1889 5404 2007 5455; x_wconf 87' lang='lat' dir='ltr'><strong>pag.</strong></span> <span class='ocrx_word' id='word_1_758' title='bbox 2041 5388 2127 5450; x_wconf 82' lang='lat'><strong>60,</strong></span> 
     </span>
    </p>
   </div>
   <div class='ocr_carea' id='block_1_114' title="bbox 577 5455 2132 5523">
    <p class='ocr_par' dir='ltr' id='par_1_114' title="bbox 577 5455 2132 5523">
     <span class='ocr_line' id='line_1_114' title="bbox 577 5455 2132 5523; baseline 0.001 -15"><span class='ocrx_word' id='word_1_759' title='bbox 577 5455 774 5508; x_wconf 75' lang='lat' dir='ltr'><strong>Persia:</strong></span> <span class='ocrx_word' id='word_1_760' title='bbox 827 5457 1048 5522; x_wconf 89' lang='lat' dir='ltr'><strong>populus</strong></span> <span class='ocrx_word' id='word_1_761' title='bbox 1107 5471 1369 5508; x_wconf 79' lang='lat' dir='ltr'><strong>enarratis</strong></span> <span class='ocrx_word' id='word_1_762' title='bbox 1416 5456 1492 5508; x_wconf 86' lang='lat' dir='ltr'><strong>sic</strong></span> <span class='ocrx_word' id='word_1_763' title='bbox 1530 5456 1809 5523; x_wconf 87' lang='lat' dir='ltr'><strong>loquitur:</strong></span> <span class='ocrx_word' id='word_1_764' title='bbox 1845 5458 2024 5510; x_wconf 81' lang='grc' dir='ltr'>Ἀλλοι</span> <span class='ocrx_word' id='word_1_765' title='bbox 2075 5457 2132 5509; x_wconf 80' lang='grc' dir='ltr'>δὲ</span> 
     </span>
    </p>
   </div>
   <div class='ocr_carea' id='block_1_115' title="bbox 577 5523 2134 5598">
    <p class='ocr_par' dir='ltr' id='par_1_115' title="bbox 577 5523 2134 5598">
     <span class='ocr_line' id='line_1_115' title="bbox 577 5523 2134 5598; baseline 0.001 -22"><span class='ocrx_word' id='word_1_766' title='bbox 577 5523 782 5593; x_wconf 78' lang='grc' dir='ltr'>Πέρσαι</span> <span class='ocrx_word' id='word_1_767' title='bbox 806 5525 1075 5598; x_wconf 40' lang='grc' dir='ltr'>εξᾳὶνιοῖδε</span> <span class='ocrx_word' id='word_1_768' title='bbox 1133 5524 1884 5598; x_wconf 33' lang='grc' dir='ltr'><strong>ΠανθήλαιοιηΔηρουσιαῖοι,</strong></span> <span class='ocrx_word' id='word_1_769' title='bbox 1924 5528 2134 5598; x_wconf 75' lang='grc' dir='ltr'><strong>Γερμά-</strong></span> 
     </span>
    </p>
   </div>
   <div class='ocr_carea' id='block_1_116' title="bbox 579 5592 2132 5661">
    <p class='ocr_par' dir='ltr' id='par_1_116' title="bbox 579 5592 2132 5661">
     <span class='ocr_line' id='line_1_116' title="bbox 579 5592 2132 5661; baseline 0.003 -16"><span class='ocrx_word' id='word_1_770' title='bbox 579 5592 702 5645; x_wconf 69' lang='grc' dir='ltr'>νιοι.</span> <span class='ocrx_word' id='word_1_771' title='bbox 767 5596 872 5646; x_wconf 84' lang='lat' dir='ltr'><strong>Alii</strong></span> <span class='ocrx_word' id='word_1_772' title='bbox 926 5593 1107 5648; x_wconf 80' lang='lat' dir='ltr'><strong>Persa:</strong></span> <span class='ocrx_word' id='word_1_773' title='bbox 1164 5598 1216 5647; x_wconf 78' lang='lat' dir='ltr'><strong>lii</strong></span> <span class='ocrx_word' id='word_1_774' title='bbox 1279 5592 1397 5648; x_wconf 78' lang='lat' dir='ltr'><strong>siml</strong></span> <span class='ocrx_word' id='word_1_775' title='bbox 1479 5592 1787 5661; x_wconf 46' lang='lat' dir='ltr'><strong>Pant&#39;ltelwi,</strong></span> <span class='ocrx_word' id='word_1_776' title='bbox 1851 5592 2132 5659; x_wconf 48' lang='lat' dir='ltr'><strong>Deru&#39;siwi,</strong></span> 
     </span>
    </p>
   </div>
   <div class='ocr_carea' id='block_1_117' title="bbox 582 5663 2135 5734">
    <p class='ocr_par' dir='ltr' id='par_1_117' title="bbox 582 5663 2135 5734">
     <span class='ocr_line' id='line_1_117' title="bbox 582 5663 2135 5734; baseline 0.003 -20"><span class='ocrx_word' id='word_1_777' title='bbox 582 5664 881 5734; x_wconf 67' lang='lat' dir='ltr'><strong>Germanii.</strong></span> <span class='ocrx_word' id='word_1_778' title='bbox 936 5665 1197 5718; x_wconf 80' lang='lat' dir='ltr'><strong>Eusebius</strong></span> <span class='ocrx_word' id='word_1_779' title='bbox 1259 5666 1312 5718; x_wconf 92' lang='lat' dir='ltr'><strong>in</strong></span> <span class='ocrx_word' id='word_1_780' title='bbox 1369 5663 1664 5728; x_wconf 76' lang='lat' dir='ltr'><strong>Chronico,</strong></span> <span class='ocrx_word' id='word_1_781' title='bbox 1719 5682 1772 5734; x_wconf 92' lang='lat' dir='ltr'><strong>p.</strong></span> <span class='ocrx_word' id='word_1_782' title='bbox 1829 5667 1934 5728; x_wconf 84' lang='lat' dir='ltr'><strong>ll,</strong></span> <span class='ocrx_word' id='word_1_783' title='bbox 1996 5667 2135 5720; x_wconf 88' lang='lat' dir='ltr'><strong>inter</strong></span> 
     </span>
    </p>
   </div>
   <div class='ocr_carea' id='block_1_118' title="bbox 581 5733 2136 5806">
    <p class='ocr_par' dir='ltr' id='par_1_118' title="bbox 581 5733 2136 5806">
     <span class='ocr_line' id='line_1_118' title="bbox 581 5733 2136 5806; baseline 0.005 -26"><span class='ocrx_word' id='word_1_784' title='bbox 581 5736 801 5806; x_wconf 69' lang='lat' dir='ltr'><strong>pupillus</strong></span> <span class='ocrx_word' id='word_1_785' title='bbox 851 5733 1152 5806; x_wconf 82' lang='lat' dir='ltr'><strong>Orientales</strong></span> <span class='ocrx_word' id='word_1_786' title='bbox 1184 5751 1213 5788; x_wconf 82' lang='lat' dir='ltr'><strong>a</strong></span> <span class='ocrx_word' id='word_1_787' title='bbox 1261 5738 1421 5789; x_wconf 71' lang='lat' dir='ltr'><strong>Semo</strong></span> <span class='ocrx_word' id='word_1_788' title='bbox 1458 5733 1762 5802; x_wconf 80' lang='lat' dir='ltr'><strong>progenitos</strong></span> <span class='ocrx_word' id='word_1_789' title='bbox 1817 5738 1978 5789; x_wconf 80' lang='lat' dir='ltr'><strong>refert</strong></span> <span class='ocrx_word' id='word_1_790' title='bbox 2004 5735 2136 5806; x_wconf 88' lang='grc' dir='ltr'><strong>Γερ-</strong></span> 
     </span>
    </p>
   </div>
   <div class='ocr_carea' id='block_1_119' title="bbox 582 5802 2137 5872">
    <p class='ocr_par' dir='ltr' id='par_1_119' title="bbox 582 5802 2137 5872">
     <span class='ocr_line' id='line_1_119' title="bbox 582 5802 2137 5872; baseline 0.004 -19"><span class='ocrx_word' id='word_1_791' title='bbox 582 5804 801 5868; x_wconf 67' lang='grc' dir='ltr'>μανοὺς,</span> <span class='ocrx_word' id='word_1_792' title='bbox 862 5802 1150 5856; x_wconf 76' lang='lat' dir='ltr'><strong>Germanos</strong></span> <span class='ocrx_word' id='word_1_793' title='bbox 1195 5819 1211 5854; x_wconf 91' lang='lat'><em>:</em></span> <span class='ocrx_word' id='word_1_794' title='bbox 1269 5817 1322 5858; x_wconf 87' lang='lat' dir='ltr'><strong>et</strong></span> <span class='ocrx_word' id='word_1_795' title='bbox 1379 5815 1498 5872; x_wconf 85' lang='lat' dir='ltr'><strong>post</strong></span> <span class='ocrx_word' id='word_1_796' title='bbox 1554 5821 1675 5858; x_wconf 87' lang='lat' dir='ltr'><strong>cum</strong></span> <span class='ocrx_word' id='word_1_797' title='bbox 1735 5807 1875 5860; x_wconf 88' lang='lat' dir='ltr'><strong>idem</strong></span> <span class='ocrx_word' id='word_1_798' title='bbox 1934 5802 2137 5860; x_wconf 81' lang='lat' dir='ltr'><strong>faeiunt</strong></span> 
     </span>
    </p>
   </div>
   <div class='ocr_carea' id='block_1_120' title="bbox 2231 4619 3766 4692">
    <p class='ocr_par' dir='ltr' id='par_1_120' title="bbox 2231 4619 3766 4692">
     <span class='ocr_line' id='line_1_120' title="bbox 2231 4619 3766 4692; baseline 0.001 -23"><span class='ocrx_word' id='word_1_799' title='bbox 2231 4619 2688 4692; x_wconf 69' lang='lat' dir='ltr'><strong>terum_l£ce|esi:e</strong></span> <span class='ocrx_word' id='word_1_800' title='bbox 2732 4621 3084 4692; x_wconf 69' lang='lat' dir='ltr'><strong>Caesariensis</strong></span> <span class='ocrx_word' id='word_1_801' title='bbox 3115 4623 3396 4692; x_wconf 83' lang='lat' dir='ltr'><strong>presbyter</strong></span> <span class='ocrx_word' id='word_1_802' title='bbox 3439 4620 3766 4692; x_wconf 60' lang='lat' dir='ltr'><strong>lfrotoctenis</strong></span> 
     </span>
    </p>
   </div>
   <div class='ocr_carea' id='block_1_121' title="bbox 2224 4685 3771 4760">
    <p class='ocr_par' dir='ltr' id='par_1_121' title="bbox 2224 4685 3771 4760">
     <span class='ocr_line' id='line_1_121' title="bbox 2224 4685 3771 4760; baseline 0.002 -22"><span class='ocrx_word' id='word_1_803' title='bbox 2224 4689 2362 4760; x_wconf 85' lang='lat' dir='ltr'><strong>apud</strong></span> <span class='ocrx_word' id='word_1_804' title='bbox 2388 4685 2768 4760; x_wconf 83' lang='lat' dir='ltr'><strong>Hieronymum</strong></span> <span class='ocrx_word' id='word_1_805' title='bbox 2799 4692 2849 4742; x_wconf 93' lang='lat' dir='ltr'><strong>in</strong></span> <span class='ocrx_word' id='word_1_806' title='bbox 2875 4685 3130 4760; x_wconf 50' lang='lat' dir='ltr'><strong>Catalogf</strong></span> <span class='ocrx_word' id='word_1_807' title='bbox 3148 4685 3328 4759; x_wconf 53' lang='lat' dir='ltr'><strong>scrip&#39;t.</strong></span> <span class='ocrx_word' id='word_1_808' title='bbox 3367 4690 3573 4753; x_wconf 76' lang='lat' dir='ltr'><strong>eceles.,</strong></span> <span class='ocrx_word' id='word_1_809' title='bbox 3601 4687 3682 4740; x_wconf 86' lang='lat' dir='ltr'><strong>tibi</strong></span> <span class='ocrx_word' id='word_1_810' title='bbox 3713 4689 3771 4741; x_wconf 87' lang='lat' dir='ltr'><strong>de</strong></span> 
     </span>
    </p>
   </div>
   <div class='ocr_carea' id='block_1_122' title="bbox 2225 4758 3770 4826">
    <p class='ocr_par' dir='ltr' id='par_1_122' title="bbox 2225 4758 3770 4826">
     <span class='ocr_line' id='line_1_122' title="bbox 2225 4758 3770 4826; baseline 0.001 -20"><span class='ocrx_word' id='word_1_811' title='bbox 2225 4758 2530 4826; x_wconf 68' lang='grc' dir='ltr'>ᾼιιιὺιυδιο,</span> <span class='ocrx_word' id='word_1_812' title='bbox 2549 4758 2770 4814; x_wconf 83' lang='lat' dir='ltr'><strong>vocatur</strong></span> <span class='ocrx_word' id='word_1_813' title='bbox 2785 4758 3176 4814; x_wconf 78' lang='lat' dir='ltr'><strong>&#39;l‘lieoctistus.t</strong></span> <span class='ocrx_word' id='word_1_814' title='bbox 3203 4758 3530 4814; x_wconf 65' lang='lat' dir='ltr'><strong>Ambrosius</strong></span> <span class='ocrx_word' id='word_1_815' title='bbox 3557 4772 3770 4826; x_wconf 80' lang='lat' dir='ltr'><strong>primum</strong></span> 
     </span>
    </p>
   </div>
   <div class='ocr_carea' id='block_1_123' title="bbox 2227 4825 3771 4900">
    <p class='ocr_par' dir='ltr' id='par_1_123' title="bbox 2227 4825 3771 4900">
     <span class='ocr_line' id='line_1_123' title="bbox 2227 4825 3771 4900; baseline -0.012 -4"><span class='ocrx_word' id='word_1_816' title='bbox 2227 4825 2590 4900; x_wconf 59' lang='grc' dir='ltr'><strong>Μωόίίηίίιθδς</strong></span> <span class='ocrx_word' id='word_1_817' title='bbox 2629 4831 2819 4900; x_wconf 81' lang='lat' dir='ltr'><strong>deinde</strong></span> <span class='ocrx_word' id='word_1_818' title='bbox 2851 4832 2916 4882; x_wconf 91' lang='lat' dir='ltr'><strong>ab</strong></span> <span class='ocrx_word' id='word_1_819' title='bbox 2943 4829 3174 4900; x_wconf 90' lang='lat' dir='ltr'><strong>Origene</strong></span> <span class='ocrx_word' id='word_1_820' title='bbox 3199 4839 3504 4892; x_wconf 80' lang='lat' dir='ltr'><strong>correctus,</strong></span> <span class='ocrx_word' id='word_1_821' title='bbox 3534 4825 3771 4900; x_wconf 75' lang='lat' dir='ltr'><strong>Ecclesia:</strong></span> 
     </span>
    </p>
   </div>
   <div class='ocr_carea' id='block_1_124' title="bbox 2227 4897 3768 4970">
    <p class='ocr_par' dir='ltr' id='par_1_124' title="bbox 2227 4897 3768 4970">
     <span class='ocr_line' id='line_1_124' title="bbox 2227 4897 3768 4970; baseline 0.005 -21"><span class='ocrx_word' id='word_1_822' title='bbox 2227 4897 2883 4970; x_wconf 67' lang='lat' dir='ltr'><strong>diacouus,conl&#39;essi0uis</strong></span> <span class='ocrx_word' id='word_1_823' title='bbox 2915 4897 3202 4954; x_wconf 70' lang='lat' dir='ltr'><strong>Dominica:</strong></span> <span class='ocrx_word' id='word_1_824' title='bbox 3223 4900 3388 4970; x_wconf 89' lang='lat' dir='ltr'><strong>gloria</strong></span> <span class='ocrx_word' id='word_1_825' title='bbox 3413 4899 3636 4968; x_wconf 88' lang='lat' dir='ltr'><strong>insignis</strong></span> <span class='ocrx_word' id='word_1_826' title='bbox 3663 4897 3768 4970; x_wconf 66' lang='grc' dir='ltr'><strong>ιαμ,</strong></span> 
     </span>
    </p>
   </div>
   <div class='ocr_carea' id='block_1_125' title="bbox 2228 4965 3770 5040">
    <p class='ocr_par' dir='ltr' id='par_1_125' title="bbox 2228 4965 3770 5040">
     <span class='ocr_line' id='line_1_125' title="bbox 2228 4965 3770 5040; baseline -0.002 -22"><span class='ocrx_word' id='word_1_827' title='bbox 2228 4967 2312 5018; x_wconf 92' lang='lat' dir='ltr'><strong>cui</strong></span> <span class='ocrx_word' id='word_1_828' title='bbox 2356 4981 2450 5040; x_wconf 88' lang='lat' dir='ltr'><strong>pro</strong></span> <span class='ocrx_word' id='word_1_829' title='bbox 2501 4966 3183 5040; x_wconf 43' lang='lat' dir='ltr'><strong>&#39;l‘heoctisto“presbytero</strong></span> <span class='ocrx_word' id='word_1_830' title='bbox 3227 4965 3369 5023; x_wconf 74' lang='lat' dir='ltr'><strong>iiber</strong></span> <span class='ocrx_word' id='word_1_831' title='bbox 3411 4965 3660 5038; x_wconf 71' lang='lat' dir='ltr'><strong>Origenis</strong></span> <span class='ocrx_word' id='word_1_832' title='bbox 3703 4965 3770 5016; x_wconf 86' lang='lat' dir='ltr'><strong>De</strong></span> 
     </span>
    </p>
   </div>
   <div class='ocr_carea' id='block_1_126' title="bbox 2231 5037 3766 5110">
    <p class='ocr_par' dir='ltr' id='par_1_126' title="bbox 2231 5037 3766 5110">
     <span class='ocr_line' id='line_1_126' title="bbox 2231 5037 3766 5110; baseline -0.002 -22"><span class='ocrx_word' id='word_1_833' title='bbox 2231 5037 2770 5105; x_wconf 80' lang='lat' dir='ltr'><strong>martyrioseribitur.</strong></span> <span class='ocrx_word' id='word_1_834' title='bbox 2785 5057 2804 5091; x_wconf 73' lang='grc' dir='ltr'><strong>ι</strong></span> <span class='ocrx_word' id='word_1_835' title='bbox 2830 5037 2955 5092; x_wconf 89' lang='lat' dir='ltr'><strong>Mihi</strong></span> <span class='ocrx_word' id='word_1_836' title='bbox 2977 5037 3106 5093; x_wconf 84' lang='lat' dir='ltr'><strong>sane</strong></span> <span class='ocrx_word' id='word_1_837' title='bbox 3122 5055 3430 5110; x_wconf 88' lang='lat' dir='ltr'><strong>persuasum</strong></span> <span class='ocrx_word' id='word_1_838' title='bbox 3445 5051 3526 5092; x_wconf 88' lang='lat' dir='ltr'><strong>est</strong></span> <span class='ocrx_word' id='word_1_839' title='bbox 3541 5049 3766 5110; x_wconf 80' lang='lat' dir='ltr'><strong>errorem</strong></span> 
     </span>
    </p>
   </div>
   <div class='ocr_carea' id='block_1_127' title="bbox 2228 5105 3767 5179">
    <p class='ocr_par' dir='ltr' id='par_1_127' title="bbox 2228 5105 3767 5179">
     <span class='ocr_line' id='line_1_127' title="bbox 2228 5105 3767 5179; baseline -0.002 -19"><span class='ocrx_word' id='word_1_840' title='bbox 2228 5121 2349 5160; x_wconf 86' lang='lat' dir='ltr'><strong>esse</strong></span> <span class='ocrx_word' id='word_1_841' title='bbox 2371 5113 2800 5173; x_wconf 83' lang='lat' dir='ltr'><strong>aitianuensium,</strong></span> <span class='ocrx_word' id='word_1_842' title='bbox 2830 5112 2920 5177; x_wconf 91' lang='lat' dir='ltr'><strong>qui</strong></span> <span class='ocrx_word' id='word_1_843' title='bbox 2955 5105 3244 5179; x_wconf 82' lang='lat' dir='ltr'><strong>genuinam</strong></span> <span class='ocrx_word' id='word_1_844' title='bbox 3277 5108 3581 5179; x_wconf 80' lang='lat' dir='ltr'><strong>Hieronymi</strong></span> <span class='ocrx_word' id='word_1_845' title='bbox 3607 5105 3767 5179; x_wconf 69' lang='lat' dir='ltr'><strong>lectio-</strong></span> 
     </span>
    </p>
   </div>
   <div class='ocr_carea' id='block_1_128' title="bbox 2231 5173 3768 5250">
    <p class='ocr_par' dir='ltr' id='par_1_128' title="bbox 2231 5173 3768 5250">
     <span class='ocr_line' id='line_1_128' title="bbox 2231 5173 3768 5250; baseline -0.001 -23"><span class='ocrx_word' id='word_1_846' title='bbox 2231 5191 2352 5250; x_wconf 85' lang='lat' dir='ltr'><strong>nem</strong></span> <span class='ocrx_word' id='word_1_847' title='bbox 2392 5193 2411 5227; x_wconf 84' lang='grc' dir='ltr'><strong>ι</strong></span> <span class='ocrx_word' id='word_1_848' title='bbox 2443 5181 2530 5232; x_wconf 90' lang='lat' dir='ltr'><strong>cui</strong></span> <span class='ocrx_word' id='word_1_849' title='bbox 2556 5190 2610 5231; x_wconf 90' lang='lat' dir='ltr'><strong>et</strong></span> <span class='ocrx_word' id='word_1_850' title='bbox 2639 5173 3324 5250; x_wconf 53' lang='lat' dir='ltr'><strong>l’rotoc_t&#39;eto&#39;presbytero,</strong></span> <span class='ocrx_word' id='word_1_851' title='bbox 3365 5198 3384 5230; x_wconf 75' lang='grc' dir='ltr'><strong>ι</strong></span> <span class='ocrx_word' id='word_1_852' title='bbox 3417 5173 3686 5250; x_wconf 71' lang='lat' dir='ltr'><strong>verterunt</strong></span> <span class='ocrx_word' id='word_1_853' title='bbox 3721 5173 3768 5223; x_wconf 87' lang='lat' dir='ltr'><strong>in</strong></span> 
     </span>
    </p>
   </div>
   <div class='ocr_carea' id='block_1_129' title="bbox 2232 5245 3766 5319">
    <p class='ocr_par' dir='ltr' id='par_1_129' title="bbox 2232 5245 3766 5319">
     <span class='ocr_line' id='line_1_129' title="bbox 2232 5245 3766 5319; baseline -0.001 -21"><span class='ocrx_word' id='word_1_854' title='bbox 2232 5245 2411 5319; x_wconf 78' lang='lat' dir='ltr'><strong>istam,</strong></span> <span class='ocrx_word' id='word_1_855' title='bbox 2455 5268 2473 5299; x_wconf 73' lang='grc' dir='ltr'><strong>ι</strong></span> <span class='ocrx_word' id='word_1_856' title='bbox 2513 5250 2599 5319; x_wconf 87' lang='lat' dir='ltr'><strong>cui</strong></span> <span class='ocrx_word' id='word_1_857' title='bbox 2658 5265 2753 5319; x_wconf 87' lang='lat' dir='ltr'><strong>pro</strong></span> <span class='ocrx_word' id='word_1_858' title='bbox 2813 5245 3516 5319; x_wconf 60' lang='lat' dir='ltr'><strong>Theoctisto&#39;preshytero.</strong></span> <span class='ocrx_word' id='word_1_859' title='bbox 3557 5265 3576 5297; x_wconf 74' lang='grc' dir='ltr'><strong>ι</strong></span> <span class='ocrx_word' id='word_1_860' title='bbox 3606 5246 3766 5319; x_wconf 51' lang='lat' dir='ltr'><strong>pro!</strong></span> 
     </span>
    </p>
   </div>
   <div class='ocr_carea' id='block_1_130' title="bbox 2233 5313 3763 5390">
    <p class='ocr_par' dir='ltr' id='par_1_130' title="bbox 2233 5313 3763 5390">
     <span class='ocr_line' id='line_1_130' title="bbox 2233 5313 3763 5390; baseline -0.003 -23"><span class='ocrx_word' id='word_1_861' title='bbox 2233 5316 2358 5390; x_wconf 83' lang='lat' dir='ltr'><strong>inde</strong></span> <span class='ocrx_word' id='word_1_862' title='bbox 2390 5313 2702 5373; x_wconf 75' lang='lat' dir='ltr'><strong>manifestus</strong></span> <span class='ocrx_word' id='word_1_863' title='bbox 2724 5323 2999 5390; x_wconf 55' lang='lat' dir='ltr'><strong>cst,.quod</strong></span> <span class='ocrx_word' id='word_1_864' title='bbox 3037 5337 3140 5374; x_wconf 90' lang='lat' dir='ltr'><strong>non</strong></span> <span class='ocrx_word' id='word_1_865' title='bbox 3175 5313 3457 5373; x_wconf 65' lang='lat' dir='ltr'><strong>Ambrosio</strong></span> <span class='ocrx_word' id='word_1_866' title='bbox 3483 5333 3578 5390; x_wconf 84' lang='lat' dir='ltr'><strong>pro</strong></span> <span class='ocrx_word' id='word_1_867' title='bbox 3606 5313 3763 5390; x_wconf 75' lang='lat' dir='ltr'><strong>Ther</strong></span> 
     </span>
    </p>
   </div>
   <div class='ocr_carea' id='block_1_131' title="bbox 2239 5387 3765 5459">
    <p class='ocr_par' dir='ltr' id='par_1_131' title="bbox 2239 5387 3765 5459">
     <span class='ocr_line' id='line_1_131' title="bbox 2239 5387 3765 5459; baseline -0.001 -21"><span class='ocrx_word' id='word_1_868' title='bbox 2239 5387 2426 5445; x_wconf 88' lang='lat' dir='ltr'><strong>ctisto.</strong></span> <span class='ocrx_word' id='word_1_869' title='bbox 2457 5390 2550 5441; x_wconf 89' lang='lat' dir='ltr'><strong>sed</strong></span> <span class='ocrx_word' id='word_1_870' title='bbox 2584 5391 2813 5456; x_wconf 87' lang='lat' dir='ltr'><strong>utrique,</strong></span> <span class='ocrx_word' id='word_1_871' title='bbox 2841 5387 3137 5444; x_wconf 55' lang='lat' dir='ltr'><strong>&#39;Ambrosio</strong></span> <span class='ocrx_word' id='word_1_872' title='bbox 3174 5394 3446 5459; x_wconf 13' lang='lat' dir='ltr'><strong>neinperet</strong></span> <span class='ocrx_word' id='word_1_873' title='bbox 3479 5389 3765 5459; x_wconf 66' lang='lat' dir='ltr'><strong>Protoctelo</strong></span> 
     </span>
    </p>
   </div>
   <div class='ocr_carea' id='block_1_132' title="bbox 2233 5458 3764 5580">
    <p class='ocr_par' dir='ltr' id='par_1_132' title="bbox 2233 5458 3764 5580">
     <span class='ocr_line' id='line_1_132' title="bbox 2233 5458 3764 5580; baseline -0.005 -72"><span class='ocrx_word' id='word_1_874' title='bbox 2233 5460 2556 5580; x_wconf 62' lang='lat' dir='ltr'><strong>Bleshytero</strong></span> <span class='ocrx_word' id='word_1_875' title='bbox 2578 5473 2726 5512; x_wconf 86' lang='lat' dir='ltr'><strong>suam</strong></span> <span class='ocrx_word' id='word_1_876' title='bbox 2762 5466 2826 5513; x_wconf 80' lang='lat' dir='ltr'><strong>ad</strong></span> <span class='ocrx_word' id='word_1_877' title='bbox 2862 5465 3179 5531; x_wconf 72' lang='lat' dir='ltr'><strong>martyrium</strong></span> <span class='ocrx_word' id='word_1_878' title='bbox 3219 5458 3534 5531; x_wconf 80' lang='grc' dir='ltr'>παραίνεσιν</span> <span class='ocrx_word' id='word_1_879' title='bbox 3580 5458 3764 5509; x_wconf 83' lang='lat' dir='ltr'><strong>miserit</strong></span> 
     </span>
     <span class='ocr_line' id='line_1_133' title="bbox 2286 5541 2514 5580; baseline 0.004 -4"><span class='ocrx_word' id='word_1_880' title='bbox 2286 5541 2514 5580; x_wconf 71' lang='lat' dir='ltr'><strong>rigenes.</strong></span> 
     </span>
    </p>
   </div>
   <div class='ocr_carea' id='block_1_133' title="bbox 2286 5541 2514 5592">
    <p class='ocr_par' dir='ltr' id='par_1_133' title="bbox 2286 5541 2514 5592">
     <span class='ocr_line' id='line_1_134' title="bbox 2286 5541 2514 5592; baseline 0.004 -16"><span class='ocrx_word' id='word_1_881' title='bbox 2286 5541 2514 5592; x_wconf 72' lang='lat' dir='ltr'><strong>rigenes.</strong></span> 
     </span>
    </p>
   </div>
   <div class='ocr_carea' id='block_1_134' title="bbox 2305 5594 3393 5666">
    <p class='ocr_par' dir='ltr' id='par_1_134' title="bbox 2305 5594 3393 5666">
     <span class='ocr_line' id='line_1_135' title="bbox 2305 5594 3393 5666; baseline 0.004 -17"><span class='ocrx_word' id='word_1_882' title='bbox 2305 5597 2414 5664; x_wconf 86' lang='lat'><strong>(89)</strong></span> <span class='ocrx_word' id='word_1_883' title='bbox 2445 5594 2550 5666; x_wconf 62' lang='lat' dir='ltr'><strong>Jul.</strong></span> <span class='ocrx_word' id='word_1_884' title='bbox 2581 5596 2809 5664; x_wconf 87' lang='lat' dir='ltr'><strong>Capitol.</strong></span> <span class='ocrx_word' id='word_1_885' title='bbox 2840 5600 2891 5650; x_wconf 84' lang='lat' dir='ltr'><strong>in</strong></span> <span class='ocrx_word' id='word_1_886' title='bbox 2922 5599 3140 5653; x_wconf 74' lang='lat' dir='ltr'><strong>Maxim.</strong></span> <span class='ocrx_word' id='word_1_887' title='bbox 3162 5611 3207 5653; x_wconf 87' lang='lat' dir='ltr'><strong>et</strong></span> <span class='ocrx_word' id='word_1_888' title='bbox 3244 5599 3393 5653; x_wconf 88' lang='lat' dir='ltr'><strong>Balb.</strong></span> 
     </span>
    </p>
   </div>
   <div class='ocr_carea' id='block_1_135' title="bbox 2306 5664 3586 5738">
    <p class='ocr_par' dir='ltr' id='par_1_135' title="bbox 2306 5664 3586 5738">
     <span class='ocr_line' id='line_1_136' title="bbox 2306 5664 3586 5738; baseline 0.003 -20"><span class='ocrx_word' id='word_1_889' title='bbox 2306 5671 2417 5738; x_wconf 56' lang='lat' dir='ltr'><strong>(illi)</strong></span> <span class='ocrx_word' id='word_1_890' title='bbox 2447 5664 2784 5738; x_wconf 79' lang='lat' dir='ltr'><strong>llieronym.,</strong></span> <span class='ocrx_word' id='word_1_891' title='bbox 2825 5669 2895 5721; x_wconf 83' lang='lat' dir='ltr'><strong>De</strong></span> <span class='ocrx_word' id='word_1_892' title='bbox 2919 5683 3097 5738; x_wconf 78' lang='lat' dir='ltr'><strong>script.</strong></span> <span class='ocrx_word' id='word_1_893' title='bbox 3120 5671 3323 5734; x_wconf 51' lang='lat' dir='ltr'><strong>eodem,</strong></span> <span class='ocrx_word' id='word_1_894' title='bbox 3353 5665 3586 5738; x_wconf 86' lang='lat' dir='ltr'><strong>cap.</strong></span> 
     </span>
    </p>
   </div>
   <div class='ocr_carea' id='block_1_136' title="bbox 2310 5737 3570 5811">
    <p class='ocr_par' dir='ltr' id='par_1_136' title="bbox 2310 5737 3570 5811">
     <span class='ocr_line' id='line_1_137' title="bbox 2310 5737 3570 5811; baseline 0.006 -27"><span class='ocrx_word' id='word_1_895' title='bbox 2310 5737 2421 5811; x_wconf 68' lang='lat' dir='ltr'><strong>(Oi)</strong></span> <span class='ocrx_word' id='word_1_896' title='bbox 2452 5737 2668 5811; x_wconf 67' lang='lat' dir='ltr'><strong>lﬂuseb.,</strong></span> <span class='ocrx_word' id='word_1_897' title='bbox 2703 5737 2900 5811; x_wconf 75' lang='lat' dir='ltr'><strong>llis-tor.</strong></span> <span class='ocrx_word' id='word_1_898' title='bbox 2925 5737 3072 5811; x_wconf 44' lang='lat' dir='ltr'><strong>ccci},</strong></span> <span class='ocrx_word' id='word_1_899' title='bbox 3115 5743 3206 5811; x_wconf 72' lang='lat' dir='ltr'><strong>lib.</strong></span> <span class='ocrx_word' id='word_1_900' title='bbox 3243 5757 3312 5802; x_wconf 87' lang='lat' dir='ltr'><strong>vi,</strong></span> <span class='ocrx_word' id='word_1_901' title='bbox 3343 5759 3460 5811; x_wconf 84' lang='lat' dir='ltr'><strong>cap.</strong></span> <span class='ocrx_word' id='word_1_902' title='bbox 3481 5737 3570 5792; x_wconf 72' lang='grc'><strong>52.</strong></span> 
     </span>
    </p>
   </div>
   <div class='ocr_carea' id='block_1_137' title="bbox 2310 5805 3316 5880">
    <p class='ocr_par' dir='ltr' id='par_1_137' title="bbox 2310 5805 3316 5880">
     <span class='ocr_line' id='line_1_138' title="bbox 2310 5805 3316 5880; baseline 0.004 -23"><span class='ocrx_word' id='word_1_903' title='bbox 2310 5805 2420 5876; x_wconf 72' lang='grc'><strong>(92)</strong></span> <span class='ocrx_word' id='word_1_904' title='bbox 2459 5808 2664 5860; x_wconf 72' lang='lat' dir='ltr'><strong>brasin.</strong></span> <span class='ocrx_word' id='word_1_905' title='bbox 2701 5809 2754 5860; x_wconf 85' lang='lat' dir='ltr'><strong>in</strong></span> <span class='ocrx_word' id='word_1_906' title='bbox 2783 5824 2980 5862; x_wconf 73' lang='lat' dir='ltr'><strong>centur.</strong></span> <span class='ocrx_word' id='word_1_907' title='bbox 3020 5810 3138 5862; x_wconf 84' lang='lat' dir='ltr'><strong>libr.</strong></span> <span class='ocrx_word' id='word_1_908' title='bbox 3171 5809 3316 5880; x_wconf 84' lang='lat' dir='ltr'><strong>Orig.</strong></span> 
     </span>
    </p>
   </div>
  </div>
