4020 6306
307 256 404 312 681

1369 235 1940 306 ΟΒΙΟΕΝῙΑΝΟΒΗΜ
1973 243 2100 301 LIB.
2140 243 2182 308 Ι,
2228 243 2379 299 CAP.
2416 239 2506 297 Ill.

3469 243 3575 299 (38?.

309 377 546 442 quinque
601 380 775 424 tomos
827 369 883 424 in
941 382 1004 424 ea
1061 366 1360 422 elaboravit
1409 367 1536 422 sede
1569 383 1582 430 ;
1649 365 1884 434 reliquos
1913 373 1959 427 Α
1988 360 2185 417 ﬂorens
2211 359 2457 430 Beryllus
2493 355 2605 429 (99)
2635 356 3330 427 Bostrenoruniepiscepus
3368 354 3424 411 in
3458 358 3576 413 lia:-

308 461 530 518 io'iidcin
576 461 841 516 Caesarea:
895 458 1168 516 Stratonis
1210 457 1470 513 confecit.
1543 457 1698 512 Circa
1747 457 1886 510 hanc

306 571 522 626 quoque
556 562 932 624 tempestatem
970 551 1295 622 jampridem
1329 548 1599 604 inchoatis
1631 549 1686 601 in
1714 546 1885 600 Joan-

307 665 419 702 nem
447 645 858 701 Commentariis
895 644 1054 698 linem
1091 644 1418 713 imposuisse
1452 641 1749 695 verisimile
1776 650 1882 703 est,

304 751 362 795 ut
393 739 532 794 infra
562 737 863 794 ostendam.
892 737 1144 789 Animum
1179 746 1394 803 tempus
1424 733 1738 788 Atheniensi
1760 734 1884 787 huic

307 847 470 887 morm
523 828 714 886 tribuit
785 825 1085 890 Halluxiiis,
1152 841 1254 881 nec
1303 826 1656 892 contradico;
1723 826 1885 880 liceat

305 922 465 980 modo
529 920 819 990 unicuique
873 918 1144 988 judicium
1204 916 1348 971 aliud
1403 927 1468 970 ex
1527 931 1588 971 re
1641 915 1879 986 capienti

303 1013 613 1071 dissentire.

376 1102 626 1176 νίψει)
653 1101 939 1175 Pristinam
965 1101 1148 1172 itaque
1171 1101 1378 1167 "sedem,
1397 1101 1700 1158 Caesaream
1729 1102 1883 1157 Siras

305 1197 450 1251 tonis
487 1195 649 1264 longo
678 1203 797 1262 post
824 1199 1074 1262 tempore
1095 1189 1355 1261 Origenes
1374 1191 1610 1261 repetiit,
1629 1201 1792 1260 atque
1810 1189 1880 1246 ibi

302 1295 614 1357 susceptum
654 1283 1167 1338 Commentariorum
1213 1285 1267 1336 in
1311 1282 1588 1337 Canticum
1633 1297 1770 1352 Opus
1815 1282 1882 1336 ad

300 1380 504 1434 exitum
527 1379 696 1434 duxit.
717 1378 1003 1433 Falluntur
1025 1387 1205 1430 autem
1228 1374 1721 1445 Magdeburgenses
1743 1374 1879 1446 (93):,

300 1485 426 1524 cum
477 1470 628 1524 aiunt
673 1468 960 1540 scripsisse
1015 1466 1277 1531 Suidam,
1335 1465 1625 1535 Origenem
1677 1479 1879 1518 annum

300 1563 480 1618 aetatis
510 1577 621 1618 sua:
648 1561 824 1632 egisse
870 1559 1289 1629 sexagesimum,
1333 1573 1458 1613 cum
1499 1572 1563 1612 ea
1595 1555 1881 1611 Commen-

301 1653 442 1707 taria
482 1656 735 1708 eitararet
765 1669 780 1706 :
814 1649 921 1706 tale
952 1649 1098 1704 enim
1129 1649 1427 1720 quidquam
1477 1649 1618 1719 apud
1657 1646 1878 1704 Suidain

1993 454 2156 510 resim
2187 453 2367 520 lapsus
2401 460 2521 518 est;
2555 465 2676 505 cum
2703 449 2999 515 Christum,
3039 460 3330 520 antequam
3364 449 3560 504 hnina-

1992 564 2061 602 no
2086 562 2206 602 sese
2247 546 2482 614 illigaret
2528 543 2766 612 corpori,
2808 543 2938 598 nihil
2973 544 3228 600 habuisse
3260 544 3566 613 proprium.

1991 641 2084 695 sed
2129 641 2295 694 Deum
2345 641 2628 694 divinitate
2673 649 2897 710 paterna
2948 646 3181 703 tantum,
3217 653 3319 689 non
3352 640 3562 706 propria

1991 748 2055 786 ac
2085 747 2182 786 sua
2222 731 2389 786 fuisse
2441 733 2679 789 doceret.
2726 733 2897 800 Quam
2948 729 3193 785 haeresim
3227 729 3425 783 deinde
3477 729 3566 781 in-

1989 824 2251 876 stauravit
2281 839 2346 877 ac
2379 824 2732 894 propugnavit
2751 820 3568 892 Sabeiiius.Episcoposadver-

1988 931 2106 970 sum
2139 930 2200 970 se
2253 918 2556 988 complures
2591 917 2836 989 Beryllus
2864 917 3075 972 nefario
3106 916 3358 984 dogmate
3385 913 3567 967 conci-

1988 1008 2084 1062 vit.
2139 1006 2389 1063 Bostram
2446 1009 2523 1064 illi
2575 1010 2629 1064 in
2679 1011 2948 1081 synodum
3009 1017 3227 1073 coeunt,
3271 1007 3566 1076 multisque

1989 1096 2263 1154 hominem
2299 1100 2703 1157 velitationibus
2735 1101 3074 1156 adoriuntur.
3130 1097 3185 1152 ld
3220 1112 3342 1151 cum
3377 1110 3564 1165 parum

1988 1191 2325 1260 procederet,
2364 1193 2432 1248 ad
2473 1191 2890 1264 expugnandam
2926 1190 3162 1248 hominis
3201 1187 3565 1260 pervicaciam

1987 1285 2286 1340 accersitus
2337 1293 2420 1341 est
2471 1286 2777 1356 Origenes;
2835 1287 2890 1341 in
2943 1285 3060 1356 ejus
3106 1283 3309 1353 quippe
3371 1278 3567 1349 peritia

1987 1376 2167 1430 omnia
2204 1378 2304 1432 sibi
2339 1378 2598 1448 proclivia
2649 1378 2766 1434 fore
2813 1379 3108 1450 sperabant
3132 1390 3342 1439 omnes,
3369 1382 3425 1428 et
3450 1373 3566 1442 ejus

1988 1468 2233 1522 consiliis
2287 1470 2736 1540 acquiescebant.
2791 1468 3188 1540 Frequentibus
3231 1465 3320 1520 ille
3374 1465 3567 1519 adver-

1989 1575 2108 1614 sum
2135 1561 2420 1618 haereticos
2455 1575 2508 1618 et
2540 1562 2754 1619 Judtcos
2803 1559 3259 1632 disputationibus
3284 1560 3396 1629 jam
3438 1561 3566 1611 ante

1987 1651 2280 1718 exercitus,
2335 1652 2605 1726 Beryllum
2644 1665 2853 1708 summa
2910 1650 3247 1705 humanitate
3285 1662 3350 1701 ac
3391 1647 3566 1700 dexte-

299 1759 572 1816 nusquam
606 1745 864 1813 reperias.
898 1743 993 1799 Est
1024 1743 1165 1814 apud
1204 1741 1588 1813 Hieronymum
1617 1740 1752 1812 (94),
1789 1755 1881 1796 ve-
1915 1755 1955 1811 B
1987 1745 2148 1799 ritate
2175 1761 2468 1815 aggressus
2524 1756 2628 1814 est,
2665 1747 2938 1816 variisque
2971 1759 3132 1814 super
3166 1741 3281 1811 ejus
3311 1738 3561 1794 doctrina

300 1843 448 1895 uisse
471 1839 844 1894 Firmilianum
875 1837 1141 1895 Caesarem
1185 1835 1540 1906 Cappadociae
1566 1835 1879 1906 episcopum

298 1932 368 1985 ad
399 1931 708 2001 Origenem,
747 1941 842 1999 per
885 1943 1105 1983 causam
1158 1927 1403 1983 locorum
1457 1935 1791 1992 sanctorum,
1827 1935 1883 1979 ut

300 2025 442 2093 apud
474 2036 597 2076 eum
639 2019 898 2088 majorem
955 2019 1248 2090 Scriptura:
1283 2029 1486 2073 sanetae
1537 2029 1881 2089 compararet

271 2175 276 2184 __
300 2115 574 2179 notitiam,
595 2129 718 2169 cum
748 2115 920 2182 ipsum
951 2122 1108 2167 antea
1133 2114 1182 2165 in
1211 2111 1548 2181 Cappadocia
1577 2112 1668 2166 diu
1695 2125 1879 2166 secum

304 2209 604 2264 habuisset.
640 2208 709 2263 At
742 2207 1036 2277 Gregorius
1079 2203 1355 2274 Nyssenus
1381 2205 1499 2276 (95)
1530 2205 1582 2259 in
1631 2203 1881 2274 Oi'igeiiis

299 2303 651 2374 disciplinain.
677 2313 948 2372 receptum
995 2301 1164 2356 fuisse
1215 2310 1405 2356 narrat
1443 2315 1568 2356 cum
1614 2299 1880 2372 Gregorio

298 2394 705 2464 'l‘hauiuaturgo
728 2393 1126 2458 Firmilianiiin,
1155 2394 1446 2450 Patricium
1476 2395 1875 2464 Cappadocem,

295 2485 538 2539 nondum
589 2485 923 2553 episcopum.
981 2483 1077 2538 Bis
1134 2486 1317 2554 itaque
1365 2485 1588 2556 Origeni
1624 2488 1880 2541 erudiens

294 2575 426 2629 dum
452 2589 571 2642 sese
601 2575 880 2629 tradiderit
903 2573 1288 2643 Firmilianus;
1327 2577 1558 2646 primum
1587 2588 1876 2646 antequam

294 2666 578 2732 Ecclesiae,
615 2676 778 2736 atque
809 2667 944 2722 adeo
977 2667 1195 2724 Christo
1228 2684 1423 2725 nomen
1470 2669 1741 2733 dedisset;
1780 2669 1878 2723 ite-

295 2774 440 2821 rum.
475 2768 756 2829 postquam
797 2775 862 2814 ex
896 2759 1068 2813 altero
1123 2759 1440 2815 Atheniensi
1482 2760 1675 2815 itinere
1701 2760 1877 2814 Caesa-

295 2865 447 2905 ream
492 2850 764 2907 Stratonis
807 2865 1058 2906 reversus
1103 2860 1207 2906 est.
1243 2850 1356 2922 (96)
1390 2850 1525 2906 Rem
1569 2860 1748 2906 autem
1801 2851 1875 2905 ita

295 2953 488 2998 narrat
516 2941 782 2999 Eusebius
808 2943 944 3016 (97),
976 2953 1034 2999 ut
1063 2959 1093 2999 a
1130 2953 1321 2999 neutro
1354 2945 1657 3000 dissentiat.

370 3031 502 3090 Vill.
540 3032 653 3105 (98)
689 3033 1008 3089 Eruditione
1035 3049 1130 3105 per
1151 3034 1294 3090 idem
1329 3043 1538 3105 tempus
1565 3044 1620 3089 et
1653 3035 1869 3107 ingenio

367 3191 759 3265 (92‘)4ij3useb.,
789 3191 992 3265 Hister.
1026 3192 1177 3258 eccl.,
1210 3193 1306 3247 lib.
1338 3209 1410 3256 vi,
1439 3207 1561 3263 cap.
1594 3191 1684 3248 52.

374 3263 488 3332 (95)
519 3263 766 3332 Magdeh.
790 3272 934 3317 cent.
968 3264 1022 3326 5,
1050 3279 1171 3332 cap.
1205 3265 1290 3318 ili.
1585 3304 1594 3313 .

392 3335 481 3392 94)
515 3331 732 3387 Hieron.
760 3334 934 3387 Catul.
965 3331 1143 3404 script.
1174 3336 1380 3404 eccles.,
1418 3349 1539 3404 cap.
1572 3331 1664 3389 54.

392 3337 481 3392 94)
515 3337 732 3387 Hieron.
760 3337 934 3387 Catul.
965 3337 1143 3398 script.
1174 3337 1380 3397 eccles.,
1418 3349 1462 3388 c:

367 3337 483 3474 i95)
511 3405 738 3474 Gregor.
771 3405 998 3474 Nyssen.
1034 3402 1141 3457 Vit.
1181 3403 1462 3474 Tiiaumat.

365 3471 484 3546 (96)
517 3471 644 3527 Rcui
680 3471 852 3528 autem
883 3476 960 3527 ita
992 3486 1174 3528 narrat
1207 3471 1502 3546 Eusebius,
1532 3484 1634 3531 etc.
1686 3473 1874 3546 Hiero-

293 3545 464 3617 nyino
496 3547 711 3617 quidem
745 3546 1017 3617 consent_it
1061 3545 1362 3608 Eusebius;
1413 3546 1506 3617 sed
1554 3561 1725 3617 neque
1757 3545 1868 3617 hic,

293 3613 475 3686 neque
506 3613 713 3685 uspiam
743 3616 919 3669 innuit
949 3614 1341 3686 Firmiliauuni
1367 3616 1518 3684 prius
1553 3613 1719 3670 fuisse
1745 3613 1868 3670 Oris

292 3684 451 3757 genis
489 3684 829 3757 discipulum,
883 3701 945 3740 ac
989 3687 1213 3757 proinde
1242 3702 1270 3738 a
1301 3684 1550 3756 Nysscno
1581 3687 1869 3757 dissentire

292 3755 530 3812 videtur.
583 3755 783 3811 Deinde
829 3757 1056 3810 multum
1103 3755 1358 3827 Nysseno
1403 3756 1866 3827 nocetiGregorii

294 3830 478 3898 ipsius
502 3831 602 3881 hac
647 3830 714 3881 de
754 3842 809 3879 re
842 3827 1116 3898 silentium
1138 3825 1164 3892 ;’
1197 3829 1417 3896 etquod
1453 3828 1529 3881 ait
1571 3825 1863 3898 Nyssenus,

293 3897 674 3953 Firinilianuin
708 3912 811 3951 una
853 3914 973 3951 cum
999 3897 1262 3968 Gregorio
1292 3897 1636 3952 Alexandriae
1664 3899 1712 3951 in
1747 3897 1868 3950 Ori-

294 3970 453 4039 genis
489 3969 701 4023 venisse
731 3969 1096 4039 disciplinain,
1133 3985 1161 4021 a
1195 3968 1599 4036 Thauinaturgo
1633 3969 1750 4038 ipso
1785 3984 1867 4021 re-

294 4038 527 4102 fellitur,
579 4041 670 4107 qui
721 4039 887 4093 reiert
919 4055 978 4093 se
1019 4038 1215 4109 Beryto
1272 4041 1564 4108 praeterita,
1603 4049 1744 4093 recta
1778 4053 1872 4092 ve-

295 4113 445 4164 nisse
473 4110 777 4164 Czesaream
808 4111 894 4163 tibi
926 4111 977 4163 in
1004 4109 1291 4177 Origeneni
1323 4109 1536 4172 incidit,
1560 4121 1614 4164 et
1638 4109 1723 4163 tibi
1753 4115 1873 4179 post

297 4182 594 4235 multorum
628 4195 892 4233 annorum
939 4182 1078 4248 apud
1120 4182 1264 4233 illiiiti
1305 4181 1662 4247 disciplinain,
1715 4193 1873 4250 pane-

295 4253 536 4324 gyricain
567 4250 872 4324 orationem
921 4252 970 4303 in
1015 4251 1129 4318 ejus
1158 4252 1366 4306 laudem
1409 4251 1620 4314 habuit,
1653 4265 1778 4306 cum
1817 4251 1869 4304 in

295 4321 529 4390 patriam
564 4321 795 4390 reditum
820 4333 1061 4388 pararet.

366 4392 481 4463 (97)
519 4391 739 4463 Euseb,
775 4389 916 4444 Hist.
941 4395 1092 4454 eccl.,
1120 4392 1224 4463 lib.)
1245 4407 1320 4450 vi.
1352 4407 1402 4447 c.
1434 4391 1505 4446 26
1532 4390 1693 4446 et27.

365 4461 478 4534 (98)
513 4461 901 4534 l_deiii,_lib._vi,
933 4480 1051 4533 cap.
1082 4464 1152 4516 ΞΟ
1181 4461 1235 4516 et
1271 4463 1361 4517 33.

367 4527 480 4605 (99)
508 4527 753 4601 Beryllus
799 4527 1174 4605 Bostrei'iorum
1228 4539 1498 4602 episcopus
1541 4533 1603 4605 in
1633 4533 1874 4605 Iiwresim

297 4602 475 4671 lapsus
517 4613 630 4690 ‘est,
687 4613 796 4656 etc.
840 4604 1050 4690 Eusebii
1091 4605 1252 4690 verba
1321 4616 1446 4690 sunt
1476 4623 1488 4657 :
1520 4603 1623 4690 Τὸν
1677 4604 1876 4690 ἐκκλη-

301 4673 573 4727 σιαστικὸν
625 4673 1019 4745 παρεκτρέπων
1078 4674 1298 4736 κανόνα,
1350 4673 1474 4737 ξένα
1501 4674 1620 4727 τινὰ
1647 4674 1745 4744 τῆς
1786 4673 1875 4728 πί-

301 4744 878 4826 στεως-παρεισφέρείν
909 4746 1197 4826 ὲπςειρᾷτοο
1239 4745 1330 4826 τὸν
1365 4745 1590 4817 Σωτῆρα
1614 4751 1730 4826 ,καὶ
1760 4745 1874 4826 Κύῖ

303 4831 412 4888 ρ-ιφν
467 4815 625 4888 ήμῷν
686 4815 862 4883 λέγειν
920 4815 1140 4888 τολμῶν
1199 4816 1272 4888 μὴ
1319 4815 1721 4888 πρφῡςρέσζτάναι
1757 4817 1873 4888 κατ’

304 4885 433 4960 ςδίαν
461 4885 1029 4960 οὐσίας-περττγρᾳφὴν
1053 4885 1281 4960 πρὸ
1308 4885 1386 4960 sli;
1410 4885 1730 4960 divepibitouq
1758 4887 1876 4939 ἑπι-

300 4955 495 5029 ᾅημίας
521 4973 542 5029 '_
573 4957 709 5028 μηδὲ
894 4955 1123 5029 θεόῖτητὰ.
1173 4955 1306 5011 ἰδίαν
1333 4955 1665 5029 ἔχειν,’ἁλλ’
1705 4960 1877 5028 ἐμπο-

300 5025 648 5101 λιτενομένίην
671 5025 822 5100 abici}?
855 5029 1022 5100 μόνην
1040 5025 1150 5098 ’τὴν
1178 5025 1469 5101 πατρωὲήν.
1523 5030 1604 5082 Ad
1637 5025 1872 5101 litteram

301 5099 434 5152 verti
470 5110 688 5167 potest:
729 5116 748 5150 ‹
784 5099 1225 5154 Ecclesiasticam
1254 5099 1575 5168 pervertens
1607 5099 1870 5168 regulam,

302 5181 436 5221 nova
472 5171 719 5238 quaedam
770 5183 825 5226 et
880 5172 1057 5224 aliena
1093 5186 1122 5224 a
1154 5171 1260 5224 tide
1309 5171 1576 5224 catholica
1620 5170 1876 5223 inducere

300 5248 526 5294 conatus
549 5250 634 5296 est
663 5258 676 5295 :
713 5255 879 5296 ausus
919 5257 1163 5296 asserere
1198 5241 1483 5294 Dominum
1517 5255 1581 5293 ac
1621 5239 1872 5293 Salvato-

302 5319 412 5362 rein
451 5319 716 5376 nostrum,
750 5322 1042 5380 antequam
1085 5311 1226 5366 inter
1269 5312 1514 5365 homines
1543 5319 1871 5374 versaretur,

302 5391 404 5432 non
438 5381 745 5437 substitisse
771 5384 1064 5436 secundum
1099 5383 1332 5451 propria:
1378 5382 1694 5435 substantia:
1722 5380 1874 5435 dilic-

302 5451 566 5522 rentiam;
621 5468 720 5506 nec
765 5454 1063 5522 propriam,
1120 5455 1212 5506 sed
1273 5462 1553 5519 paternam
1610 5455 1874 5522 duntaxat

303 5519 638 5577 divinitatem
669 5525 724 5576 in
767 5519 824 5576 si:
868 5519 1190 5577 residentem
1224 5523 1440 5576 habere.
1483 5542 1502 5575 ι
1537 5520 1738 5583 Οὐσίας
1783 5539 1874 5574 πε-

305 5593 539 5664 ριγραφὴ
572 5594 706 5648 nihil
733 5595 877 5648 aliud
908 5604 988 5647 est
1010 5632 1024 5655 ,
1063 5609 1223 5664 quam
1261 5595 1578 5648 substantia:
1622 5594 1873 5646 dilferen-

306 5661 785 5738 tiaIi‘tonerrahat
815 5666 979 5733 igitur
1010 5663 1272 5738 Beryiitis,
1303 5681 1424 5718 cum
1446 5664 1721 5738 Christum
1748 5675 1872 5717 ante

306 5735 731 5790 incarnationem
785 5752 891 5789 non
940 5737 1250 5789 substitisse
1289 5738 1586 5789 secundum
1620 5735 1870 5788 substan-

619 5831 890 5892 Pnnou.
925 5832 1043 5893 Gtt.
1085 5828 1280 5890 XVII.

1987 1836 2187 1892 habitis
2217 1840 2582 1906 sermonibus,
2625 1837 3027 1909 deprehensum
3071 1835 3286 1890 tandem
3321 1847 3562 1888 errorem

1985 1931 2324 1998 argumentis
2367 1932 2436 1985 ita
2483 1932 2751 2002 coarguit,
2796 1939 2855 1985 ut
2900 1937 3022 1985 eum
3055 1929 3272 1999 penitus
3325 1925 3566 1993 eiuraret

1985 2019 2247 2093 Beryllus,
2303 2037 2530 2092 seseque
2571 2025 2723 2079 bonae
2767 2023 2934 2078 menti
2989 2022 3202 2078 restitui
3264 2030 3562 2091 pateretur.

1984 2113 2100 2179 Qua
2139 2129 2195 2168 re
2223 2127 2290 2169 ex
2321 2125 2451 2170 voto
2479 2117 2754 2182 coniecta,
2790 2117 2844 2170 in
2882 2114 3224 2170 Palaestinam
3259 2115 3378 2169 sine
3411 2128 3562 2168 mora

1983 2205 2243 2274 Origenes
2283 2221 2342 2263 se
2380 2211 2604 2277 recepit.
2633 2209 2816 2279 Neque
2842 2223 2975 2263 sane
3005 2209 3138 2262 tanti
3171 2206 3422 2263 beneﬁcii
3451 2220 3566 2260 me-

1985 2298 2233 2360 moriam,
2285 2299 2376 2364 qui
2408 2300 2508 2354 fuit
2537 2301 2775 2356 hominis
2821 2299 3238 2368 candor,’apud
3291 2313 3416 2354 sese
3450 2298 3565 2352 diu-

1985 2389 2243 2444 turnitate
2275 2393 2627 2446 extabescere
2655 2409 2849 2462 passus
2883 2404 2966 2449 est
3006 2393 3281 2466 Beryllus;
3318 2392 3412 2447 sed
3439 2407 3564 2450 eam

1982 2481 2340 2548 sequentibus
2390 2483 2589 2538 deinde
2641 2486 2799 2540 annis
2852 2487 3098 2551 recoluit,
3144 2497 3199 2542 et
3251 2485 3464 2556 scriptis
3495 2490 3564 2539 ad

1980 2571 2271 2642 Origenem
2327 2574 2568 2643 epistolis
2625 2585 2853 2632 testatus
2906 2587 3008 2632 est.
3049 2577 3173 2632 llaec
3203 2593 3326 2634 cum
3369 2578 3564 2648 synodi

1981 2666 2137 2731 actis,
2201 2666 2433 2736 aliisque
2481 2667 2640 2738 hujus
2686 2668 2787 2723 viri
2820 2670 3182 2724 monumentis
3227 2668 3394 2724 multo
3443 2677 3564 2737 post

1980 2768 2209 2815 servatae
2235 2769 2292 2815 et
2336 2761 2615 2816 doctorum
2667 2760 2896 2816 lectione
2936 2771 3208 2831 usurpatae
3261 2770 3422 2826 sunt;
3465 2760 3562 2815 sed

1983 2854 2240 2923 temporis
2269 2854 2484 2909 demum
2516 2863 2792 2910 vetuState
2824 2854 3239 2909 interciderunt.

2050 2945 2142 3002 lX.
2188 2945 2379 3002 Annus
2410 2946 2611 3003 Christi
2663 2947 2792 3012 2M,
2846 2950 2939 3017 qui
3003 2946 3107 3002 fuit
3152 2945 3407 3018 Origenis
3440 2962 3556 3011 Lix,

1979 3037 2258 3093 Gordiano
2318 3046 2529 3093 sextum
2587 3037 2699 3108 jam
2758 3053 2958 3092 annum
3021 3038 3308 3108 imperanti
3373 3037 3560 3094 feralis

1901 3197 1945 3257 α
1981 3193 2069 3249 tite
2102 3192 2462 3249 differentiam
2498 3193 2730 3258 dicebat,
2761 3194 2800 3247 si
2829 3194 3016 3259 οὐσίας
3054 3197 3271 3252 nomine
3297 3197 3557 3252 substan-

1982 3265 2110 3318 tiam
2144 3280 2556 3335 nonpersonain
2609 3266 2981 3335 intelligebat;
3037 3281 3211 3335 neque
3258 3267 3399 3320 enim
3447 3267 3552 3321 alia

1978 3344 2065 3389 est
2094 3328 2394 3407 substantia
2426 3333 2624 3398 Patris.
2651 3336 2755 3388 alia
2785 3328 2910 3390 Filii
2942 3328 3092 3389 {non
3123 3328 3340 3391 errabat
3368 3337 3555 3407 utique

1979 3420 2102 3460 cum
2145 3405 2430 3460 Dominum
2483 3418 2723 3460 nostrum
2759 3423 2863 3460 non
2921 3407 3123 3460 habere
3177 3409 3391 3460 dicebat
3425 3405 3560 3475 pro-

1997 3477 2153 3529 iriam
2183 3477 2460 3538 deitatem,
2501 3479 2595 3530 sed
2628 3486 2835 3530 tantum
2871 3487 3146 3546 paternam
3175 3479 3226 3530 in
3252 3478 3370 3546 ipso
3401 3479 3558 3532 inha-

1997 3493 2153 3529 H‘Ialll
2183 3493 2460 3538 deitatem,
2501 3493 2595 3530 seu
2628 3493 2835 3530 tantum
2871 3493 3146 3546 paternam
3175 3493 3226 3530 in
3253 3493 3370 3546 ipso
3401 3493 3554 3532 inna-

1978 3493 2257 3600 iiitantein.
2293 3545 2476 3614 Neque
2503 3548 2645 3600 enini
2676 3547 2891 3616 propria
2943 3555 3026 3601 est
3066 3547 3321 3602 divinitas
3353 3547 3554 3612 Patris,

1979 3616 2196 3685 propria
2227 3615 2386 3683 Filii;
2421 3617 2515 3669 sed
2549 3633 2649 3668 una
2679 3615 2977 3686 eademque
3008 3627 3092 3670 est
3119 3617 3299 3670 Patris
3339 3633 3402 3671 ac
3429 3618 3555 3674 Filii

1975 3703 2039 3741 ac
2073 3687 2307 3755 Spiritus
2337 3689 2509 3740 sancti
2541 3688 2797 3741 divinitas
2828 3705 2840 3740 :
2872 3687 3071 3755 alioqui
3101 3697 3211 3742 tres
3238 3697 3424 3741 essent
3455 3691 3554 3754 dii,

1978 3774 2080 3811 non
2111 3773 2247 3811 unus
2272 3757 2431 3812 Deus.
2468 3759 2539 3810 Ita
2571 3758 2615 3810 si
2642 3760 2812 3812 sensit
2839 3757 3100 3828 Beryllus,
3138 3760 3408 3812 immerito
3441 3759 3558 3812 cul-

1977 3841 2133 3896 patur
2193 3829 2337 3896 quod
2393 3829 2822 3883 ecclesiasticam
2890 3830 3216 3896 pervertet-it
3269 3828 3551 3899 regulam:

1978 3900 2086 3952 iino
2135 3899 2422 3952 Arianismi
2479 3913 2626 3952 reum
2678 3914 2739 3954 se
2789 3901 3108 3968 proditipse
3163 3899 3449 3966 Eusebius,
3493 3902 3550 3955 'si

1978 3971 2155 4024 lia-.ci-e
2188 3981 2344 4023 vocat
2401 3983 2537 4022 noi'a
2575 3977 2630 4023 et
2661 3971 2728 4025 ab
2790 3969 3062 4024 catholica
3117 3969 3222 4025 iide
3246 3971 3420 4025 aliena
3458 3971 3556 4024 do-

1976 4051 2180 4111 gmata.
2241 4039 2434 4095 Verum
2479 4040 2766 4094 admodum
2816 4041 3094 4110 probabile
3148 4051 3229 4096 est
3279 4041 3550 4111 Berylluni

1950 4110 2159 4182 ebciav
2191 4111 2464 4182 accepisse
2492 4125 2588 4178 pro
2614 4125 2866 4180 persona,
2912 4127 3063 4166 more
3091 4114 3171 4166 sui
3201 4110 3408 4176 saeculi,
3445 4127 3553 4182 quo

1972 4180 2129 4234 οὐσία
2158 4193 2212 4235 et
2258 4177 2576 4246 ὑτὲόστασις,
2607 4177 2747 4237 inter
2773 4197 2832 4236 se
2870 4182 3360 4236 confundebantur.
3395 4177 3554 4237 Erra-

1977 4256 2067 4306 bat
2097 4252 2260 4323 igitur
2299 4252 2562 4321 Beryllus,
2598 4255 2691 4322 qui
2748 4253 3025 4308 Christum
3060 4264 3186 4306 ante
3217 4253 3552 4306 incarnatio-

1977 4338 2098 4376 nem
2128 4323 2324 4376 nullam
2361 4325 2588 4391 propria:
2618 4339 2864 4391 persona:
2893 4323 3254 4376 diiferentiam
3294 4323 3552 4378 habuisse

1904 4425 1947 4479 ι)
1977 4393 2209 4479 dicebat.
2236 4394 2392 4448 Certe
2421 4394 2793 4479 Hieronymus
2820 4395 2871 4479 in
2905 4393 3160 4479 Catalggo
3193 4394 3444 4479 “scriptor.
3473 4410 3553 4476 ec:

1982 4464 2288 4526 clesiastic.,
2341 4481 2460 4531 cap.
2504 4467 2594 4525 60,
2627 4463 2734 4518 non
2781 4465 2832 4517 id
2876 4466 3018 4532 quod
3048 4463 3310 4518 Eusebius
3337 4465 3551 4519 crimini

1983 4536 2146 4606 vertit
2182 4535 2439 4606 Beryilo;
2478 4535 2572 4587 sed
2614 4534 2664 4587 id
2716 4534 2889 4606 solum
2925 4537 3144 4606 asserit,
3187 4533 3457 4606 Berylluni
3496 4537 3550 4590 in

1984 4605 2234 4658 haeresim
2282 4605 2556 4669 incidisse,
2599 4623 2618 4655 ι
2652 4619 2772 4673 quae
2824 4605 3098 4658 Christum
3133 4616 3260 4658 ante
3298 4605 3552 4661 incarna-

1985 4676 2183 4746 tionem
2217 4685 2392 4744 negat.
2433 4693 2451 4726 ι
2488 4675 2560 4746 De
2585 4675 2775 4729 hazresi
2805 4674 3000 4746 Beryili
3047 4675 3430 4746 intelligendus
3468 4686 3553 4731 est

1982 4743 2232 4814 Origenis
2255 4742 2402 4800 locus
2435 4747 2486 4798 in
2512 4742 2923 4799 Commentariis
2943 4745 3198 4813 Epistula:
3228 4742 3319 4800 'nd
3354 4746 3549 4810 Titum,

1982 4817 2074 4884 qui
2107 4817 2186 4870 sic
2219 4817 2423 4886 habet:
2457 4833 2476 4868 i
2534 4817 2638 4870 Sed
2695 4826 2748 4870 et
2803 4831 2895 4870 eos
2926 4818 3017 4886 qui
3057 4819 3326 4870 hominem
3365 4819 3552 4870 dicunt

1985 4887 2268 4940 Dominum
2311 4885 2496 4942 Jesum
2542 4885 2955 4956 praecognituni’
2981 4901 3037 4942 et
3078 4889 3548 4954 praedestinatum,

1983 4957 2074 5025 qui
2112 4969 2236 5010 ante
2263 4960 2554 5012 adventum
2584 4959 2855 5012 carnalem
2886 4959 3316 5012 substantialiter
3342 4968 3396 5009 et
3431 4973 3551 5024 pro-

1983 5029 2102 5096 prie
2156 5045 2259 5082 non
2311 5028 2605 5092 exstiterit,
2657 5032 2749 5084 sed
2793 5032 2936 5097 quod
2970 5031 3129 5083 homo
3164 5039 3323 5080 natus
3371 5025 3550 5080 Patris

1981 5100 2151 5152 solani
2182 5099 2232 5152 in
2255 5114 2313 5153 se
2344 5100 2594 5153 habuerit
2624 5100 2904 5162 deitatem,
2927 5112 2994 5151 ne
3021 5102 3164 5168 ipsos
3186 5100 3402 5166 quidem
3432 5100 3552 5151 sine

1982 5172 2224 5237 periculo
2253 5169 2511 5224 Ecclesia:
2548 5170 2770 5224 sociari.
2817 5190 2835 5222 ι
2880 5168 3120 5222 Habt-tur
3161 5169 3247 5223 hic
3293 5170 3440 5222 iocus
3497 5172 3547 5222 in

1979 5241 2314 5309 Apologetico
2349 5239 2612 5309 Pamphili
2637 5257 2730 5308 pro
2757 5241 2931 5309 0rig.,
2961 5253 3012 5292 c.
3049 5240 3100 5302 I,
3130 5257 3184 5309 p.
3213 5237 3307 5291 ἓξ.
3361 5238 3550 5292 Memi-

1983 5312 2062 5365 nit
2094 5313 2256 5364 etiain
2299 5310 2612 5366 Gennadius
2655 5312 2705 5364 in
2739 5311 2877 5364 libro
2916 5310 2990 5363 De
3019 5313 3349 5379 dogmatibus
3389 5311 3546 5372 eccl.,

1980 5396 2099 5452 Cap.
2124 5381 2159 5434 4
2188 5398 2244 5434 :t
2284 5381 2467 5451 Neque
2497 5382 2576 5452 sic
2607 5391 2690 5436 est
2727 5392 2886 5436 natus
2917 5395 2985 5434 ex
3018 5378 3258 5450 Virgine,
3294 5391 3349 5432 iit
3381 5391 3436 5434 et
3465 5382 3547 5452 «ἱίτ

1982 5450 2220 5506 vinitatis
2264 5450 2476 5506 initium
2521 5450 2683 5507 homo
2730 5453 3004 5506 nascendo
3049 5453 3341 5521 acceperit,
3393 5450 3547 5519 quasi

1981 5533 2269 5591 antequam
2308 5531 2626 5578 nasceretur
2647 5540 2710 5577 ex
2751 5523 2990 5592 Virgine,
3039 5522 3177 5576 Deus
3225 5538 3328 5577 non
3364 5521 3546 5584 fuerit,

1980 5601 2500 5657 SicutArtenion,ct
2565 5594 2825 5665 Beryllus,
2881 5603 2933 5648 et
2994 5592 3281 5648 Marcellus
3345 5594 3546 5647 decue.

1983 5672 2107 5718 i'util
2142 5686 2160 5716 ι

3187 5830 3266 5886 22
