4020 6306
520 271 620 348 sas

1782 263 1843 320 P.
1886 258 2204 316 DANIELIS
2244 260 2473 317 HUETil
3659 276 3751 330 πεί

520 400 616 453 τηε,
644 414 658 460 ς
702 411 824 451 nam
857 402 1141 465 ροευιηῃπη
1177 392 1294 458 ejus
1345 392 1523 445 locum
1560 404 1657 459 per
1684 405 1949 444 summam
1979 404 2100 460 per—
2135 394 2176 447 Α
2205 387 2419 455 penitus
2446 386 2618 443 fuisse
2646 386 2995 456 consopilas;
3036 384 3355 459 Dionysium
3378 404 3502 446 vero
3534 390 3753 449 Det-aeta.

523 491 703 543 Iidiam
750 487 951 542 invasit
998 485 1292 555 Philippus,
1321 485 1484 539 vitam
1527 484 1574 538 ei
1611 483 1795 540 statim
1828 484 1942 553 pari
1978 497 2098 536 scc-

523 585 634 639 lere
688 581 961 637 exhausit.
1020 579 1123 633 Sed
1176 586 1437 648 concepta
1490 577 1729 633 facinora
1780 576 2096 645 paenitentia

522 676 862 738 emendasse,
898 684 952 728 et
995 672 1059 725 ad
1113 672 1312 729 Christi
1349 686 1567 741 quoque
1619 681 1799 740 partes
1838 671 2099 725 transisse

523 770 770 823 historici
799 768 1016 837 quidam
1046 766 1365 829 Christiani,
1400 766 1476 820 uti
1503 780 1627 819 mox
1663 764 1860 819 dicturi
1887 780 2093 829 sumus,

521 863 899 933 prodiderunt.
926 860 1055 913 lhut
1081 868 1184 925 est,
1212 859 1428 912 tertium
1453 856 1565 925 jam
1622 855 1831 924 imperii
1856 870 1920 909 eo
1944 869 2100 926 agen-

524 965 577 1007 te
606 967 804 1007 annum
843 950 1101 1004 Eccleziaa
1150 947 1530 1003 Alexandrinae
1569 943 2095 999 administrationem

523 1045 810 1117 capessivit
845 1043 1135 1113 Dionysius
1178 1041 1293 1104 ille,
1322 1054 1482 1109 quem
1529 1038 1869 1093 Alexandria:
1904 1035 2096 1107 Orige-

523 1152 618 1191 nes
648 1136 934 1205 przeceptis
966 1135 1095 1187 olim
1152 1131 1560 1194 informaverat,
1623 1138 1838 1184 mortuo
1871 1127 2096 1185 Heracla

523 1228 777 1300 Origenis
809 1238 862 1281 et
901 1227 1016 1295 ipso
1038 1223 1322 1294 discipulo,
1360 1230 1647 1292 postquam
1670 1219 2095 1274 Alexandrinum

521 1323 889 1390 episcopatum
944 1334 1040 1385 per
1085 1317 1280 1370 multos
1324 1330 1497 1370 annos
1548 1314 1743 1399 tenuit.
1816 1314 2095 1368 Annorum

520 1414 821 1469 octodecim
845 1424 1124 1465 numerum
1145 1408 1335 1463 deﬁnit
1354 1406 1620 1462 Eusebius
1650 1406 1701 1460 in
1724 1404 1981 1460 Chronico
1999 1404 2095 1475 (1).

521 1509 792 1567 sexdecim
816 1509 871 1560 in
913 1505 1145 1558 Historia
1177 1516 1196 1553 :
1228 1516 1414 1554 verum
1450 1516 1548 1570 pro
1573 1498 1888 1564 ἑκκαίδεκα,
1919 1498 2097 1566 aliqua

522 1600 857 1671 exemplaria
903 1595 1205 1665 praetulisse
1254 1593 1464 1657 ἕνδεκα,
1503 1591 1586 1645 vel
1619 1593 1689 1645 ita
1726 1600 1872 1645 certe
1904 1589 2098 1661 legisse

523 1698 849 1764 interpretes
888 1690 1121 1758 aliquos,
1172 1701 1236 1739 ex
1285 1685 1351 1738 iis
1401 1684 1568 1752 liquet
1612 1682 1810 1750 quzein
1851 1681 1903 1735 id
1936 1695 2098 1751 argu-

2200 496 2571 536 successorem
2618 479 2839 549 Origeni
2888 481 3319 538 infcnsissimum
3356 498 3415 538 se
3462 486 3753 553 praebuisse.

2201 572 2277 644 (5)
2329 573 2506 643 Supra
2555 574 2988 629 demonstratum
3043 589 3073 628 a
3116 573 3277 631 nobis
3327 585 3412 629 est
3476 578 3761 634 testimonio

2199 665 2496 730 Gennadii,
2556 664 2700 721 Petri
2765 666 3151 731 Alexandrini,
3212 666 3458 733 epistolae
3508 672 3760 738 synodica-

2199 757 2575 828 A'Igyptiorum
2628 759 2939 826 prmsulum,
2998 768 3054 815 et
3099 758 3308 821 Photii,
3359 774 3465 813 non
3527 762 3674 817 aliter
3712 765 3759 820 in

2200 851 2485 920 Origenem
2522 850 2823 904 animatum
2861 848 3029 905 fuisse
3073 849 3387 916 Heraclam,
3437 866 3500 905 ac
3532 854 3759 911 decesso-

2201 958 2313 998 rem
2353 942 2519 1009 ipsius
2566 941 2922 996 Demetrium.
2964 941 3197 997 Causam
3236 957 3372 997 vero
3399 958 3497 997 cur
3532 947 3760 1003 eumdem

2200 1052 2230 1090 a
2264 1035 2516 1107 Dionysio
2548 1044 2914 1105 oppugnatum
2951 1034 3197 1089 crederet
3227 1035 3518 1102 Baronius,
3571 1039 3680 1093 sive
3703 1055 3761 1095 ex

2201 1130 2548 1194 auctoritate,
2576 1131 2690 1183 sive
2729 1144 2796 1184 ex
2823 1130 3303 1186 verisimilitudine
3330 1132 3553 1200 petitam
3581 1134 3763 1194 addere

2201 1219 2415 1284 debuit;
2449 1236 2571 1289 qttte
2597 1231 2745 1275 certe
2774 1220 2921 1274 nulla
2942 1231 3050 1276 est.
3078 1221 3275 1276 Merito
3303 1223 3486 1292 itaque
3510 1224 3644 1283 hanc
3660 1228 3764 1298 ejus

2198 1311 2509 1382 opinionem
2549 1312 2856 1382 repudiavit
2904 1312 3182 1369 Halloxius
3213 1315 3318 1385 (6),
3355 1324 3410 1371 et
3458 1316 3764 1390 Origenem,

2200 1409 2376 1474 quoad
2415 1405 2571 1469 vixit,
2602 1420 2949 1475 summopere
2984 1421 3011 1459 a
3046 1406 3306 1479 Dionysio
3328 1410 3692 1480 observatum,
3715 1424 3767 1469 et

2199 1506 2319 1559 post
2353 1505 2579 1552 mortem
2606 1496 2769 1552 etiam
2795 1496 3069 1552 laudatum
3096 1497 3267 1555 fuisse
3290 1502 3606 1569 contendit;
3637 1506 3766 1576 quod

2199 1597 2255 1643 et
2282 1604 2381 1644 nos
2411 1587 2551 1643 infra
2583 1591 2965 1659 ostendemus.

2272 1679 2363 1734 XI.
2393 1678 2470 1749 (7)
2503 1680 2770 1736 Czeterum
2799 1683 3159 1753 sexagenario
3180 1684 3298 1752 jam
3328 1685 3501 1751 major
3522 1686 3765 1761 Origenes

524 1742 846 1764 ...η-γη---
893 1742 914 1743 κν
981 1742 994 1758 .
1112 1742 1120 1747 .
1458 1742 1469 1752 .
1632 1742 1642 1750 .
2000 1742 2028 1751 _
2402 1742 2409 1749 .
2451 1742 2462 1749 .
2934 1742 2964 1753 ν
3180 1742 3199 1752 ,
3415 1742 3431 1751 ,
3540 1742 3543 1743 ν

521 1799 764 1843 mentum
802 1784 1020 1853 scripsit
1048 1777 1436 1847 Daroninsﬁ).
1480 1777 1733 1831 Errorem
1767 1774 1885 1843 ipse
1914 1774 1970 1827 in
2000 1788 2099 1827 nu-
2132 1742 2173 1797 Β
2203 1773 2342 1828 haud
2394 1774 2613 1843 segnius
2652 1790 2834 1829 rerum
2882 1776 3189 1832 divinarum
3249 1781 3554 1848 satagebat,
3605 1799 3765 1853 neque

522 1894 731 1935 merum
783 1878 927 1931 hunc
976 1873 1262 1944 irrepsisse
1297 1870 1454 1934 vidit,
1488 1877 1543 1923 et
1569 1883 1634 1922 ex
1683 1863 1916 1922 Eusebio
1964 1878 2098 1933 qna-

524 1972 824 2027 tuordecim
876 1967 1066 2023 saltem
1121 1964 1279 2018 annis
1328 1963 1381 2015 in
1427 1959 1796 2014 Alexandrina
1834 1958 2094 2012 cathedra

523 2062 807 2118 lieraclam
845 2059 1046 2114 sedisse
1092 2053 1381 2111 conclusit.
1420 2052 1584 2106 Plane
1631 2066 1815 2104 verum
1857 2059 1941 2105 est
1971 2049 2097 2103 totis

522 2154 832 2225 quindecim
860 2152 1065 2205 sedisse
1096 2147 1284 2212 annis;
1344 2162 1469 2201 nam
1503 2147 1572 2200 ab
1611 2157 1754 2197 anno
1804 2140 2095 2197 Alexandri

522 2247 757 2307 decimo,
785 2259 892 2312 quo
923 2257 1061 2295 anno
1095 2238 1346 2310 ponimus
1377 2236 1714 2307 acquievisse
1740 2233 2095 2296 Demetrium,

522 2341 589 2392 ad
624 2336 852 2405 Philippi
883 2334 1129 2395 tertitnn,
1166 2329 1307 2400 pleni
1344 2328 1655 2398 quindecim
1697 2326 1823 2380 anni
1858 2324 2096 2379 interce-

523 2433 675 2484 dunt.
707 2426 1005 2482 Dicendum
1045 2436 1177 2492 ergo
1213 2419 1522 2490 quindecim
1550 2417 1604 2472 in
1638 2416 1957 2486 pontificatu
1989 2424 2099 2469 tra-

521 2522 700 2576 ductis
726 2520 907 2582 aunis,
959 2516 1171 2569 decimo
1212 2521 1366 2567 sexto
1408 2509 1692 2565 lleraclam
1728 2516 1934 2562 naturae
1963 2522 2096 2563 con-

521 2614 773 2668 cessisse.
808 2611 881 2664 lta
930 2606 1337 2677 intelligendum
1383 2603 1513 2675 puto
1560 2600 1855 2657 Eusebium
1892 2619 1906 2655 :
1938 2610 2098 2670 atque

520 2708 564 2759 si
605 2712 754 2759 recte
791 2700 1131 2769 conjicimus,
1179 2713 1245 2752 eo
1276 2697 1392 2767 ipso
1420 2709 1564 2750 anno
1594 2692 1903 2748 Demetrius
1948 2693 2099 2748 obie-

524 2800 614 2859 rit,
649 2810 760 2865 quo
806 2793 1070 2862 Origenes
1098 2789 1394 2860 A‘ngptum
1429 2785 1668 2856 reliquit.
1704 2784 1844 2839 Hinc
1884 2798 2099 2855 quoque

524 2882 839 2936 manifestus
871 2878 1159 2946 Nicephori
1207 2876 1283 2949 (5)
1311 2890 1485 2939 error,
1535 2875 1624 2944 qui
1668 2882 1789 2943 post
1826 2874 2096 2928 decimum

524 2972 743 3027 tertium
797 2969 1144 3040 episcopatus
1194 2982 1393 3022 annum
1465 2967 1767 3035 imperante
1818 2964 2096 3029 Gordiano

522 3065 809 3120 lleraclam
859 3061 1157 3117 decessisse
1218 3060 1426 3116 scribit.
1488 3060 1557 3113 At
1629 3057 1872 3130 Scaliger
1901 3058 1979 3130 (4)
2008 3058 2097 3114 lric

522 3154 781 3212 memoria
805 3154 1014 3222 lapsum
1035 3150 1316 3207 contendit
1339 3150 1655 3214 Eusebium,
1674 3148 1898 3218 ejusque
1921 3148 2097 3204 adhae-

524 3256 607 3301 ret
633 3245 915 3309 Chronico,
946 3244 1088 3313 quod
1128 3257 1270 3297 anno
1316 3240 1547 3311 Philippi
1584 3241 1776 3311 quinto
1809 3242 2095 3311 episcopa-

523 3347 637 3390 t-um
677 3334 1103 3407 Alexandrinum
1134 3348 1163 3386 a
1197 3330 1456 3403 Dionysio
1487 3331 1679 3385 initum
1717 3330 1881 3387 fuisse
1911 3334 2088 3386 docet.

520 3430 576 3483 Id
606 3442 672 3483 ex
702 3427 976 3483 constanti
1011 3426 1272 3480 duntaxat
1302 3424 1547 3479 codicum
1578 3439 1846 3478 consensu
1882 3424 2095 3493 probat,

519 3521 613 3589 qui
677 3521 757 3575 sic
808 3520 1027 3574 habent.
1068 3518 1243 3574 Futile
1292 3528 1673 3587 argumentum
1722 3518 1929 3583 :quasi
1988 3533 2093 3573 non

524 3611 774 3668 Historia:
824 3612 1142 3668 Eusebi-ana:
1192 3614 1407 3668 codices
1455 3613 1610 3667 tertio
1665 3612 1894 3681 Philippi
1954 3626 2096 3664 anno

520 3719 837 3762 constanter
864 3722 1081 3777 quoque
1115 3706 1165 3762 id
1190 3707 1494 3777 assignent.
1521 3706 1683 3761 Certe
1712 3707 1754 3760 si
1784 3722 1848 3759 ex
1880 3704 2095 3759 Eusebii

520 3801 781 3853 Chronico
828 3799 1145 3867 castiganda
1203 3808 1285 3853 est
1336 3798 1455 3868 ejus
1511 3796 1769 3859 Historia,
1823 3798 2097 3851 sexcentis

521 3893 819 3962 castigetur
848 3891 1008 3955 locis,
1039 3892 1095 3945 in
1140 3891 1342 3961 quibus
1371 3890 1717 3945 dissentiunt.
1774 3888 1867 3944 Vel
1904 3890 1956 3943 in
1995 3890 2095 3944 hoc

521 3983 764 4037 l'leraclae
814 3968 1080 4037 annorum
1115 3981 1453 4054 ἐπιλογισμῷ
1482 3982 1695 4036 ἰιιίιίιιιη
1733 3982 1850 4050 ejus
1885 3980 2099 4051 episco-

521 4088 680 4144 patus
722 4076 936 4131 confert
969 4074 1271 4130 Chronicon
1312 4076 1367 4129 in
1421 4090 1620 4130 annum
1670 4074 1962 4128 Alexandri
2007 4088 2098 4128 no-

522 4184 686 4234 num;
741 4170 945 4224 exitum
992 4166 1243 4236 Origenis
1294 4182 1361 4221 ex
1399 4166 1730 4221 Alexandria
1772 4167 1822 4219 in
1872 4166 2096 4221 undeci-

521 4278 699 4329 mum;
730 4276 851 4316 cum
875 4261 1043 4315 exitui
1081 4258 1334 4330 Origenis
1362 4276 1562 4315 annum
1621 4260 1912 4314 Alexandri
1948 4260 2095 4314 deci-

522 4372 667 4410 mum
721 4352 1274 4422 ascribatlﬂiston‘a,
1336 4362 1391 4410 et
1436 4362 1559 4425 post
1605 4353 1845 4423 ejusdem
1888 4354 2094 4408 exitum

2201 1866 2371 1919 ullum
2419 1866 2536 1922 fere
2583 1865 2981 1922 intermittebat
3013 1871 3181 1937 diem,
3220 1872 3360 1940 quin
3411 1873 3495 1927 vel
3526 1874 3587 1927 ad
3612 1890 3765 1946 popu-

2200 1958 2308 2013 lum
2338 1958 2404 2013 de
2429 1958 2537 2013 Deo
2586 1961 2750 2033 verba
2787 1961 3014 2027 faceret,
3049 1964 3131 2018 vel
3186 1964 3481 2032 scriberet,
3522 1968 3601 2022 vel
3638 1968 3767 2040 lege-

2200 2059 2301 2113 ret,
2333 2047 2416 2104 vel
2444 2048 2867 2119 colloqueretur.
2896 2053 3085 2108 Testes
3117 2063 3251 2108 sunt
3275 2055 3427 2108 omni
3463 2070 3628 2110 sacrae
3650 2073 3765 2113 eru-

2200 2141 2422 2197 ditionis
2476 2140 2626 2211 fruge
2676 2143 2859 2199 referti
2905 2145 3022 2200 libri
3055 2157 3242 2199 contra
3294 2144 3533 2210 Celsum,
3586 2149 3775 2221 quibus.

2200 2229 2447 2302 Epicurei
2515 2236 2773 2304 sophistae
2837 2236 3197 2303 petulantiam
3266 2238 3544 2293 Ambrosii
3616 2256 3765 2298 suasu

2200 2329 2449 2382 contudit
2505 2330 2770 2399 (quosque
2821 2331 3098 2386 Gordiano
3177 2332 3491 2407 imperante
3551 2334 3766 2403 scriptos

2200 2418 2337 2473 falso
2378 2419 2659 2477 Marianus
2706 2423 2901 2478 Scotus
2936 2424 3010 2495 (8)
3047 2425 3411 2493 existimavit,
3463 2440 3519 2485 et
3547 2444 3762 2499 quorum

2201 2511 2633 2569 lucubrationem
2665 2516 2731 2569 ad
2762 2529 2963 2570 annum
2996 2515 3101 2571 257
3133 2535 3425 2589 perperam
3461 2522 3641 2577 retulit
3669 2522 3765 2575 Da-

2202 2603 2292 2657 vid
2334 2603 2638 2659 Blondellus
2669 2604 2767 2677 (9),
2801 2620 3145 2676 summopere
3187 2608 3345 2677 licet,
3375 2610 3427 2663 in
3474 2623 3533 2663 re
3557 2624 3764 2679 prteser-

2204 2694 2297 2749 tim
2325 2697 2729 2768 chronologica,
2755 2706 2951 2752 cautus
2977 2708 3032 2753 et
3065 2699 3339 2769 diligens;
3377 2714 3539 2770 atque
3570 2703 3639 2754 ita
3668 2707 3767 2754 toto

2201 2789 2478 2844 aberravit
2523 2790 2820 2853 decennio,
2871 2791 3068 2861 quippe
3125 2793 3217 2862 qui
3280 2794 3488 2847 obitum
3537 2792 3767 2862 Origenis

2200 2894 2341 2935 anno
2364 2879 2469 2935 256
2498 2881 2869 2951 assignasset),
2900 2891 3061 2936 testes
3090 2882 3231 2938 docti
3282 2885 3334 2938 in
3379 2882 3675 2938 Matt/imum
3717 2892 3766 2938 et

2200 2976 2255 3026 in
2323 2973 2612 3043 Pmphetas
2655 2969 2735 3028 ἰιι
2788 2972 3200 3040 Commentarii;
3256 2986 3432 3031 testes
3487 2977 3767 3030 innumera:

2124 3086 2166 3143 ε
2199 3068 2267 3122 ad
2298 3067 2478 3121 varios
2503 3068 2722 3137 scriptte
2752 3068 3027 3137 Epistolas,
3060 3084 3201 3139 quas
3228 3071 3531 3140 plusquam
3564 3079 3764 3124 centum

2201 3159 2558 3229 undecunque
2592 3169 2781 3215 nactas
2827 3160 3119 3230 collegerat
3154 3169 3254 3215 aeta
3270 3172 3325 3218 te
3357 3178 3452 3217 sua
3494 3162 3762 3227 Eusebius,

2201 3248 2337 3304 etin
2391 3248 2559 3303 libros
2604 3249 2925 3320 digesserat.
2968 3251 3081 3321 (10)
3115 3249 3239 3306 Illas
3293 3268 3558 3307 annorum
3610 3251 3765 3306 series

2200 3342 2553 3412 consumpsit.

2272 3432 2386 3488 XII.
2416 3435 2591 3503 Atque
2623 3433 2826 3487 utinam
2877 3432 2961 3487 vel
2992 3434 3111 3488 duae
3136 3434 3237 3490 illae
3270 3444 3620 3507 superessent
3658 3434 3763 3502 epi-

2199 3526 2371 3591 stolae,
2423 3541 2559 3595 quas
2611 3526 2677 3579 ad
2730 3524 3036 3595 Philippum
3088 3527 3506 3591 imperatorem.
3558 3525 3764 3596 ejusque

2199 3631 2422 3671 uxorem
2481 3615 2738 3670 Severam
2780 3619 3077 3686 Augustam
3125 3620 3375 3688 scripsit.
3438 3619 3571 3674 Hinc
3623 3626 3762 3673 certo

2199 3711 2394 3782 conjici
2442 3719 2646 3780 posset,
2698 3724 2896 3765 verene
2932 3710 3148 3764 Christo
3184 3712 3538 3775 adhaeserunt,
3586 3725 3763 3780 quem-

2200 3803 2486 3858 admodum
2516 3803 2585 3856 ab
2615 3802 2930 3857 auctoribus
2969 3802 3297 3858 Christianis
3351 3804 3609 3872 proditum
3638 3810 3715 3855 est
3744 3817 3759 3853 :

2199 3911 2265 3949 an
2295 3912 2323 3949 a
2358 3892 2685 3950 Christianis
2728 3894 2975 3963 partibus
3005 3891 3209 3948 fuerint
3251 3894 3447 3960 alieni,
3478 3893 3611 3965 quod
3640 3908 3759 3963 per-

2184 3987 2392 4043 suadet
2443 3984 2785 4041 ethnicorum
2828 3991 3112 4040 auctorum
3141 3986 3208 4041 de
3236 4002 3380 4042 nova
3410 3988 3475 4041 ab
3504 3987 3564 4041 iis
3586 3998 3759 4040 susce-

2197 4090 2288 4151 pta
2323 4078 2582 4149 religione
2607 4077 2881 4133 silentium
2906 4094 2921 4136 :
2972 4086 3028 4133 et
3051 4077 3347 4133 multorum
3377 4087 3625 4149 praeterea
3654 4085 3759 4132 tum

2198 4171 2663 4233 Christianorum,
2709 4179 2821 4223 tum
2871 4169 3213 4224 ethnicorum
3242 4185 3563 4233 consensus,
3590 4184 3618 4223 a
3650 4168 3761 4239 qul-

2198 4265 2299 4320 bus
2333 4265 2541 4335 primus
2590 4262 2732 4315 inter
2793 4262 3149 4331 imperatores
3182 4260 3461 4319 Christum
3505 4263 3760 4334 professos

2199 4355 2588 4414 Constantinus
2632 4353 2957 4407 celebratur.
3025 4354 3136 4423 Ego
3184 4356 3406 4424 quidem
3466 4368 3756 4427 magnorum

521 4443 814 4500 decessisse
851 4440 1181 4498 Demetrium
1213 4444 1503 4515 significet,
1554 4460 1676 4499 eum
1711 4444 1798 4499 cui
1832 4443 2092 4499 Heraclas
2126 4445 2172 4502 D
2202 4452 2440 4505 virorum
2474 4447 2758 4503 sententiis
2787 4463 2967 4503 meum
2996 4463 3211 4518 quoque
3233 4449 3498 4518 judicium
3519 4490 3533 4515 ,
3561 4446 3759 4519 quando

522 4539 799 4595 successit.

592 4631 659 4687 Χ.
692 4632 958 4687 Baronius
989 4632 1054 4685 ad
1079 4645 1280 4684 annum
1326 4628 1454 4695 248,
1492 4645 1641 4685 num.
1682 4632 1734 4696 i,
1781 4630 1998 4703 Origeni
2036 4633 2091 4688 in

522 4726 769 4782 omnibus
802 4726 1084 4781 ileraclam
1135 4725 1335 4781 favisse
1365 4725 1576 4790 scribit,
1613 4736 1773 4794 atque
1807 4726 1929 4781 ideo
1968 4739 2089 4798 post

521 4820 776 4875 Demetrii
818 4827 1046 4873 mortem
1101 4818 1350 4873 concitas
1406 4817 1667 4871 adversus
1714 4832 1835 4871 eum
1900 4820 2085 4875 turbas

590 5049 660 5116 (Ι)
691 5046 910 5109 Enseb.,
950 5045 1089 5098 llist.
1122 5045 1272 5109 eccl.,
1301 5044 1394 5098 lib.
1422 5059 1494 5107 vt,
1530 5058 1653 5116 cap,
1685 5042 1774 5098 55.

588 5114 665 5181 (τὶ)
704 5117 898 5170 liarou.
932 5118 993 5167 ad
1024 5132 1109 5168 an.
1142 5117 1267 5178 248,
1296 5131 1442 5168 num.
1473 5117 1494 5168 1
1532 5124 1586 5169 et
1613 5114 1668 5167 5.

502 5200 507 5205 '
589 5189 666 5251 (5)
698 5187 950 5254 Nicepb.,
981 5187 1070 5238 lib.
1105 5202 1158 5245 ν,
1192 5203 1311 5251 cap.
1340 5185 1432 5238 26.

530 5257 667 5355 nidi)
696 5252 896 5326 Scalig.
940 5258 1302 5310 Animadvers.
1332 5257 1387 5307 in
1418 5252 1614 5308 Chron.
1650 5253 1847 5308 Euseb.
1871 5255 1933 5308 ad
1962 5273 2089 5310 ann.

524 5327 678 5378 2264.

592 5396 671 5465 (5)
702 5396 875 5462 Supra
921 5399 1329 5449 demonstratum
1390 5412 1421 5447 a
1472 5396 1616 5448 nobis
1668 5406 1741 5449 est
1794 5398 2089 5450 testimonio

526 5465 808 5527 Gennadii,
843 5477 947 5519 etc.
985 5467 1289 5521 Verisimile
1322 5475 1531 5521 nonest
1561 5466 1855 5535 quidquam
1893 5469 1959 5519 ab
1988 5465 2095 5520 He-

527 5537 665 5589 racla
694 5544 880 5586 contra
909 5535 1195 5604 Origeuetn
1244 5546 1425 5590 actum
1468 5535 1656 5600 fuisse,
1699 5547 1755 5588 ut
1789 5537 1900 5604 jam
1932 5552 2091 5605 supra

526 5606 857 5659 ostendimus
889 5604 940 5660 in
975 5621 1092 5673 cztp.
1120 5606 1174 5668 2,
1211 5623 1264 5661 Il.
1307 5607 1394 5661 15.

592 5675 923 5779 (ὕζὲιυειολ.
982 5675 1167 5729 Natat.
1237 5682 1303 5730 ad
1355 5676 1571 5743 Origen.
1639 5676 1839 5744 defens.
1906 5676 1998 5733 lib.
2052 5694 2091 5742 ι,

525 5760 636 5814 Cap.
666 5750 753 5797 :12.

2206 4560 2292 4599 me
2326 4558 2411 4597 res
2456 4542 2506 4595 id
2533 4541 2806 4604 admonet,
2861 4539 3223 4610 interponam.
3278 4541 3336 4595 Si
3386 4540 3593 4612 publice
3618 4537 3759 4593 Chri-

2203 4637 2505 4693 stianorum
2535 4632 2692 4687 fidem
2722 4630 2998 4702 professus
3028 4631 3215 4687 fuisset
3244 4632 3551 4704 Philippus,
3582 4631 3758 4686 verisi-

2203 4727 2329 4783 mile
2388 4723 2576 4793 ntique
2633 4738 2739 4778 non
2771 4732 2854 4778 est
2913 4722 3176 4779 tacituros
3230 4725 3280 4779 id
3334 4726 3501 4781 fuisse
3531 4724 3757 4781 ethnicos

2197 4818 2511 4887 scriptores,
2542 4814 2888 4884 futuramque
2916 4815 2990 4870 rei
3034 4814 3216 4883 hujus,
3254 4817 3394 4872 sicut
3423 4818 3544 4884 fuit,
3570 4817 3753 4871 obscu—

2276 5046 2355 5116 (7)
2386 5046 2608 5109 Euseb.,
2638 5044 2847 5116 Histor.
2872 5044 3023 5111 eccl.,
3053 5047 3144 5100 lib.
3181 5063 3255 5112 vr,
3284 5063 3401 5116 cap.
3430 5046 3518 5101 56.

2274 5114 2350 5187 ('8)
2380 5116 2605 5187 Marian.
2639 5114 2789 5187 Scot.
2821 5118 2886 5187 ad
2912 5133 2999 5169 an.
3032 5116 3233 5171 Christi
3258 5114 3383 5171 242.

2272 5184 2562 5308 (9")Blont1.
2597 5186 2693 5240 lib.
2724 5184 2776 5238 in
2810 5184 3221 5240 lllustramentis
3251 5188 3421 5256 famil.
3446 5195 3666 5240 contror.
3693 5185 3747 5235 dt

2272 5276 2314 5308 ιε
2334 5277 2401 5308 ι..
2437 5273 2486 5308 C.
2560 5296 2575 5308 .

2199 5258 2401 5320 ΕιιεΙι.,
2437 5273 2486 5309 c.
2517 5258 2575 5310 ὁ.

2273 5327 2388 5399 (10)
2433 5326 2568 5380 Illas
2638 5328 3114 5399 annorumﬂseries
3162 5328 3498 5399 consumpsit.
3564 5323 3745 5399 "arum

2200 5394 2500 5468 fragmenta
2527 5399 2769 5466 qumdam
2800 5397 3068 5451 edidimus
3091 5400 3245 5453 initio
3278 5394 3454 5452 tomiol
3476 5394 3749 5468 quasdam-

2201 5464 2311 5536 (ιιιὲ
2346 5464 2617 5537 integras;
2652 5482 2715 5521 ac
2766 5470 2990 5538 proinde
3034 5486 3138 5523 non
3185 5485 3373 5522 omnes
3424 5464 3743 5538 intercidere.

2198 5535 2383 5608 Neque
2425 5535 2591 5592 etiam
2634 5535 2823 5608 oumes
2852 5538 2954 5591 illae
2993 5539 3253 5606 epistolae,
3295 5552 3439 5608 quas
3485 5535 3754 5600 collegerat

2198 5606 2484 5673 Eusebius,
2536 5608 2604 5663 ab
2635 5606 2870 5678 Origene
2904 5611 3260 5679 sexagenario
3314 5606 3417 5679 inaj
3438 5619 3531 5659 ore
3562 5608 3759 5679 script?!

2197 5689 2347 5741 sunt,
2372 5688 2429 5731 ut
2463 5686 2611 5749 patet
2661 5674 2950 5737 ex'nostra
2984 5674 3169 5735 in'bas
3220 5674 3493 5749 epistolas
3537 5674 3758 5729 admoui-

2199 5751 2365 5803 tione.
