4020 6306
304 291 406 351 685

1359 292 1938 366 ontcENtANonusi
1979 300 2106 366 LIB.
2148 311 2186 373 ι,
2226 310 2377 367 CAP.
2419 310 2506 367 ιιι.

3457 310 3561 367 686

300 441 410 481 ram
446 424 652 483 famam
681 440 739 484 et
760 430 1047 485 incertam.
1070 430 1177 485 Nec
1206 429 1372 485 multo
1394 430 1745 512 verisimilius
1775 440 1878 494 est,
1911 435 1957 491 Α
1986 447 2111 500 pum
2149 434 2217 487 ab
2247 433 2492 513 Ecclesia
2532 439 2807 502 segregat,
2837 441 3190 503 veterumque
3216 430 3559 488 Christiano-

295 519 338 574 si
365 519 715 576 Christianus
743 539 849 577 non
876 522 1083 585 fuisset.
1112 523 1163 577 id
1189 522 1529 590 proditurum
1556 523 1872 592 Eusebium,

296 612 628 681 temporibus
656 601 763 669 illis
800 615 1126 684 proximum,
1159 631 1280 669 cum
1309 624 1599 685 utramque
1649 632 1772 671 eum
1812 602 1877 670 ad

294 703 598 775 Philippum
626 714 680 761 et
719 706 977 761 Severam
1006 706 1075 760 ab
1119 700 1353 777 Origene
1383 707 1642 776 scriptam
1673 710 1879 776 episto-

296 798 398 851 lam
431 798 633 853 vidisse
673 808 907 866 coustet,
949 814 1112 869 quam
1165 814 1273 853 non
1322 800 1510 868 paucis
1551 810 1672 869 post
1706 801 1875 855 Euse-

295 888 442 943 bium
474 888 634 943 annis
664 889 864 944 vidisse
900 906 1119 961 quoque
1150 890 1495 946 Vincentium
1531 890 1874 946 Lirinensem

295 979 529 1034 solerter
560 979 915 1048 deprehendit
964 980 1231 1037 Baronius
1262 981 1401 1051 (11).
1440 980 1551 1053 (12)
1590 982 1682 1037 Sic
1711 983 1877 1052 igitur

296 1071 494 1135 sentio,
539 1070 742 1126 Christi
798 1072 971 1128 sacris
1021 1089 1052 1128 a
1098 1073 1342 1128 Fabiano
1408 1089 1547 1143 papa
1603 1074 1874 1129 initiatum

294 1162 460 1218 fuisse
489 1162 814 1233 Philippum,
846 1164 941 1219 sed
975 1165 1210 1230 occulte,
1247 1166 1410 1236 idque
1439 1164 1579 1220 clam
1624 1166 1875 1221 ethnicos

296 1256 566 1321 habuisse,
605 1270 672 1311 ne
713 1255 844 1326 quid
893 1256 1019 1310 inde
1067 1272 1157 1312 res
1195 1272 1305 1312 sua:
1354 1255 1667 1311 detrimenti
1719 1272 1872 1324 cape-

294 1355 435 1407 rent,
466 1361 602 1414 quas
624 1346 869 1414 pristinae
900 1346 1179 1417 religionis
1209 1348 1434 1415 ejurataz
1466 1349 1609 1405 fama
1642 1346 1873 1405 forsitan

291 1438 690 1493 conturbasset.
725 1437 862 1493 Hinc
896 1439 965 1493 ab
995 1440 1230 1496 ethnicis
1258 1442 1621 1513 scriptoribus
1646 1444 1872 1498 tacitum

292 1531 424 1586 illud
457 1542 559 1597 est,
592 1547 620 1585 a
644 1531 973 1587 Christianis
1005 1533 1363 1590 celebratum.
1407 1534 1559 1602 Quod
1594 1544 1774 1590 autem
1805 1551 1871 1605 ex

291 1624 524 1680 Eusebio
554 1625 669 1694 (15)
713 1623 874 1693 objici
933 1634 1131 1697 potest,
1166 1626 1376 1697 publice
1414 1643 1537 1683 eum
1585 1628 1638 1683 in
1686 1627 1872 1685 Eccle-

293 1718 429 1770 siam
456 1716 525 1770 ab
554 1716 810 1786 episcopo
854 1716 926 1787 (is
954 1717 1053 1772 fuit
1081 1716 1338 1788 Babylas)
1395 1717 1714 1786 admissum,
1746 1735 1873 1789 pre-

1982 538 2103 600 rum
2138 526 2517 597 auctoritatem
2552 523 2858 593 proculcat,
2913 539 3019 578 uno
3064 522 3167 578 hoc
3212 523 3364 579 nisus
3396 537 3559 593 argu-

1981 624 2186 681 mento,
2251 614 2392 685 quod
2460 614 2708 686 iniuriam
2755 614 2974 669 Christo
3025 614 3251 678 faciunt,
3295 614 3387 685 qui
3462 616 3558 668 ho-

1984 692 2182 773 minem
2246 724 2503 777 nequam,
2569 717 2626 763 et
2679 705 2892 762 Domini
2955 708 3036 762 sui
3106 707 3557 769 interfectorem,

1978 788 2351 855 Christianum
2394 799 2510 853 ausi
2561 808 2688 854 sunt
2743 800 2947 855 dicere.
2999 794 3074 855 Ac
3131 800 3175 854 si
3232 798 3365 855 nulli
3418 799 3557 854 inter

1979 877 2321 949 Christianos
2367 892 2582 949 scelesti
2627 891 2964 963 reperiantur
2996 911 3008 946 :
3039 908 3103 948 ac
3156 894 3200 947 si
3242 892 3557 963 nequissimi

1980 998 2085 1037 non
2138 982 2335 1037 fuerint
2368 983 2725 1053 imperatores
2758 985 2978 1052 quidam
3035 983 3355 1039 Christiani.
3406 983 3552 1037 Prte-

1981 1086 2129 1129 terea
2162 1073 2397 1129 nondum
2429 1074 2802 1130 Christianum
2830 1072 2999 1131 fuisse
3031 1074 3345 1145 Philippum
3377 1075 3556 1130 docui-

1981 1178 2119 1243 mus,
2157 1178 2279 1216 cum
2316 1161 2526 1233 flagitia
2573 1164 2689 1220 haec
2731 1166 2975 1221 admisit.
3029 1160 3139 1221 Nec
3199 1167 3330 1220 mihi
3387 1168 3556 1237 magis

1977 1251 2121 1307 Petri
2151 1252 2382 1307 Halloxii
2426 1252 2537 1325 (I7)
2579 1256 2844 1326 probatur
2872 1255 3182 1325 conjectura
3213 1274 3227 1323 ;
3264 1273 3386 1313 cum
3430 1260 3557 1315 Ori-

1977 1360 2168 1414 genem
2199 1361 2262 1401 ex
2291 1361 2357 1401 eo
2383 1346 2493 1417 jam
2533 1358 2782 1418 tempore
2827 1363 2935 1419 quo
2966 1343 3219 1403 Arabiam
3271 1350 3556 1420 petiverat.

1980 1433 2228 1507 Philippo
2260 1438 2602 1509 imperatori,
2629 1448 2821 1510 utpote
2853 1434 3044 1506 Arabi,
3075 1451 3130 1496 et
3162 1436 3374 1498 Bostris
3408 1454 3557 1510 nato,

1980 1526 2148 1583 fuisse
2206 1531 2487 1601 COgnitum
2538 1533 2873 1602 suspicatur.
2952 1533 2999 1586 A
3070 1528 3556 1605 puerosiquidem

1981 1619 2167 1675 relicto
2197 1622 2375 1689 patrio
2408 1622 2525 1677 solo
2572 1624 2625 1677 in
2682 1623 2930 1677 militiam
2983 1624 3262 1693 profertus
3312 1626 3557 1681 creditur

1980 1710 2282 1781 Philippus.
2324 1712 2391 1767 Et
2433 1722 2492 1767 ut
2530 1713 2770 1768 nondum
2810 1715 2983 1784 patria
3017 1717 3372 1782 excessisset,
3423 1732 3556 1786 quo-

291 1809 567 1864 cationum
590 1785 918 1879 participem
947 1810 1119 1866 fuisse
1164 1785 1362 1867 factum
1386 1856 1398 1874 ,
1446 1785 1873 1882 postquam-cri-
1908 1785 1949 1843 Β
1980 1819 2102 1859 nam
2135 1816 2460 1874 argumento
2494 1807 2710 1876 probari
2766 1817 2945 1877 potest
2998 1808 3272 1865 hominem
3316 1810 3556 1867 obscuro

292 1904 440 1956 mina
483 1901 765 1957 confessus
812 1903 866 1959 in
905 1903 1282 1974 paenitentiam
1324 1902 1572 1958 ordinem
1620 1906 1875 1960 redactus

289 2005 409 2061 est;
453 1995 504 2049 id
528 2008 658 2049 sane
690 1995 1224 2049 animadvertendum
1267 2005 1444 2051 estex
1483 1995 1692 2052 incerta
1722 1997 1877 2053 audi-

293 2087 444 2141 tione
469 2087 771 2142 Eusebium
793 2087 1059 2143 retulisse.
1093 2087 1391 2142 Antiochia:
1428 2096 1691 2158 praeterea
1741 2106 1873 2145 con-

296 2180 482 2248 tigisse
510 2178 683 2234 fertur
713 2178 861 2243 illud,
890 2180 979 2233 ubi
1004 2179 1267 2234 florebant
1300 2194 1384 2234 res
1410 2178 1869 2245 Christianorum.

294 2272 491 2338 quibus
520 2281 628 2325 tum
664 2281 894 2341 praeerat
923 2272 1206 2341 cpiscopus
1227 2272 1494 2344 Babyias;
1528 2273 1581 2327 in
1611 2277 1875 2331 extremis

292 2363 545 2419 videlicet
576 2363 831 2418 Romanae
871 2364 1095 2419 ditionis
1138 2363 1275 2428 oris,
1323 2364 1567 2433 procula
1603 2365 1874 2424 Romano-

291 2467 413 2508 rum
445 2464 763 2526 conspectu,
811 2470 946 2525 quos
992 2472 1104 2526 prae
1131 2456 1343 2511 caeteris
1372 2457 1635 2525 ejusmodi
1664 2456 1875 2515 facinus

290 2555 509 2616 poterat
563 2562 927 2603 commovere.
962 2546 1077 2603 Huc
1115 2549 1328 2603 accedit
1384 2549 1438 2603 in
1478 2550 1659 2605 medio
1712 2551 1875 2606 Chri-

290 2639 591 2695 stianorum
626 2650 789 2707 coetu,
827 2640 1047 2695 conscio
1094 2656 1214 2694 cum
1248 2641 1434 2709 paucis
1462 2641 1739 2713 episcopo,
1773 2644 1875 2699 im-

289 2742 596 2803 peratorem
627 2731 786 2786 facile
815 2731 1041 2787 delitere
1084 2730 1347 2799 potuisse,
1394 2742 1599 2788 mutata
1629 2743 1782 2791 veste
1811 2744 1868 2803 et

289 2824 657 2894 imperatoriis
687 2824 986 2894 insignibus
1021 2824 1300 2881 detractis.

361 2916 477 2987 (14)
495 2916 609 2971 Sub
629 2917 741 2987 ipsa
761 2918 924 2987 porro
943 2917 1152 2985 imperii
1172 2920 1252 2971 sui
1272 2919 1423 2974 initia
1444 2919 1643 2993 Christi
1668 2921 1839 2977 doctri
1853 2952 1873 2962 -

292 3024 415 3061 nam
437 3008 744 3076 amplexum
767 3008 935 3066 fuisse
956 3009 1260 3083 Philippum
1283 3028 1349 3067 ex
1370 3013 1637 3084 eoliquet,
1654 3015 1796 3084 quod
1816 3015 1871 3069 in

1974 1892 2097 1954 loco
2128 1907 2334 1962 natum,
2368 1910 2422 1953 et
2450 1900 2679 1955 fortuna:
2708 1900 2908 1964 tenuis,
2937 1901 2991 1955 in
3020 1903 3270 1958 notitiam
3306 1898 3557 1976 Origenis

1979 1991 2216 2057 venisse,
2253 1992 2353 2046 viri
2391 1993 2599 2062 magnis
2642 1993 2705 2045 de
2736 1992 2897 2047 rebus
2936 1993 3001 2048 ad
3046 1995 3166 2050 haec
3214 1994 3331 2051 loca
3382 1997 3554 2063 missi,

1977 2089 2031 2134 et
2064 2080 2649 2153 gravissimisuegotiis
2680 2081 2954 2136 districti?
2993 2080 3129 2149 Quid
3159 2093 3243 2138 est
3272 2084 3556 2154 hariolari,

1977 2174 2021 2227 si
2055 2174 2158 2229 hoc
2189 2190 2294 2229 non
2333 2175 2450 2228 est?
2502 2170 2721 2230 Minime
2767 2184 2946 2228 autem
2992 2176 3233 2231 omnium
3261 2179 3556 2235 audiendus

1981 2266 2061 2320 vir
2102 2267 2367 2334 eruditus,
2414 2267 2504 2334 qui
2545 2267 2596 2319 in
2645 2267 3092 2324 Adnobationibus
3149 2270 3218 2322 ad
3289 2266 3555 2340 Nicepho-

1979 2374 2096 2411 rum
2127 2358 2241 2428 (18)
2282 2349 2524 2413 Fabiano
2553 2373 2705 2429 papa:
2735 2359 2945 2425 tribuit,
2968 2360 3111 2429 quod
3149 2376 3256 2415 uno
3286 2377 3557 2417 consensu

1976 2449 2237 2506 Leontius
2277 2451 2677 2514 Autiocbenus,
2714 2450 3159 2520 Chrysostomus,
3193 2461 3248 2507 et
3277 2468 3343 2507 ex
3381 2446 3557 2508 Leon-

1979 2543 2052 2597 tio
2082 2542 2332 2597 Chronici
2367 2542 2719 2596 Alexandrini
2746 2552 2942 2596 auctor
2972 2542 3190 2614 Babyla:
3219 2539 3548 2600 tribuerunt.

1975 2634 2093 2691 Non
2118 2636 2231 2706 jam
2265 2635 2483 2704 disputo
2512 2650 2774 2690 verumne
2804 2636 2874 2691 sit
2903 2638 3045 2705 quod
3082 2620 3354 2706 conjectat
3381 2637 3554 2692 Baro—

1977 2727 2118 2794 nius,
2155 2727 2460 2797 Philippum
2491 2728 2792 2797 Augustum
2829 2743 2952 2783 cum
2986 2728 3234 2801 Philippo
3268 2732 3555 2803 Augustali

1974 2818 2197 2892 [Egypti
2247 2820 2505 2891 prazfeCto
2550 2818 2805 2876 confundi
2840 2820 2970 2876 :hic
3023 2832 3174 2877 certe
3216 2812 3395 2878 locum
3422 2864 3439 2891 ,
3476 2826 3555 2879 uti

1976 2913 2181 2968 fatetur
2223 2915 2371 2984 ipse,
2422 2913 2623 2968 habere
2678 2914 2729 2968 id
2786 2915 3101 2984 neutiquam
3166 2925 3385 2985 potest;
3446 2933 3554 2973 nou

1976 3007 2177 3077 idcirco
2202 3016 2437 3072 tantum,
2465 3008 2610 3078 quod
2650 3006 2787 3080 duas
2828 3006 2949 3062 illas
2988 3006 3250 3087 Origenis
3296 3009 3554 3087 epistolas

289 3111 492 3155 emtum
524 3100 959 3157 Christianorum
985 3105 1096 3174 jam
1125 3116 1345 3159 creatus
1372 3106 1673 3176 imperator
1698 3108 1866 3177 recipi
1896 3141 1939 3199 α
1973 3100 2182 3154 Viderat
2216 3092 2480 3154 Eusebius
2507 3117 2521 3167 ;
2547 3099 2639 3154 θεά
2664 3098 2831 3154 ηιυιῐο
2859 3098 3029 3170 magis
3053 3100 3221 3169 (100d.
3249 3102 3554 3183 imperante

288 3194 649 3263 postulaverit
681 3194 1009 3262 Antiochiae,
1051 3211 1159 3266 quo
1191 3198 1407 3253 nonnisi
1444 3210 1564 3268 post
1591 3189 1942 3271 arreptum:
1979 3189 2203 3255 Severo.
2258 3192 2521 3262 martyrio
2587 3203 2939 3261 εοηευηιριυε
2984 3192 3062 3247 ἐίι
3114 3191 3394 3264 Philippus
3463 3195 3553 3252 ille

288 3301 486 3342 recens
514 3288 801 3357 imperium
831 3304 952 3344 sese
983 3305 1212 3359 usquam
1247 3290 1497 3346 contulit.
1523 3290 1870 3361 Quaecunque

285 3388 472 3431 autem
515 3381 775 3435 adversus
823 3380 974 3452 hanc,
1012 3383 1333 3437 sententiam
1378 3392 1695 3452 argumenta
1744 3399 1870 3454 pro-

284 3467 397 3524 fert
437 3468 701 3526 Baronius
763 3471 897 3543 (l5),
963 3482 1023 3528 ut
1088 3474 1381 3542 postremis
1434 3474 1648 3544 imperii
1711 3475 1869 3531 annis

284 3562 509 3619 Cbrism
546 3579 737 3619 nomen
786 3564 1094 3637 Philippum
1148 3567 1363 3623 dedisse
1404 3567 1639 3635 probet,
1682 3583 1748 3623 ex
1804 3568 1872 3625 iis

285 3669 410 3723 quae
469 3655 704 3712 (Ii-ximus
768 3656 927 3713 facile
986 3658 1329 3713 refelluntur.
1396 3658 1615 3714 Cadunt
1679 3659 1868 3715 itidem

286 3748 652 3813 pronuntiata:
700 3749 755 3802 in
792 3763 914 3803 eam
955 3765 1067 3804 rem
1112 3766 1141 3804 a
1184 3749 1463 3819 Scaligero
1514 3749 1624 3821 (16)
1680 3749 1864 3822 κυρίαι

284 3838 455 3903 ὄὸξαιο
487 3842 565 3895 sic
614 3842 757 3896 enim
798 3840 959 3896 effata
993 3842 1110 3911 ejus
1156 3840 1388 3912 appello,
1423 3842 1620 3912 quibus
1654 3841 1863 3912 Philip-

358 3958 474 4099 (Il;
501 3957 696 4014 Baron.
732 3958 795 4013 ad
824 3974 916 4013 an.
954 3959 1082 4024 246,
1112 3976 1259 4014 num.
1288 3954 1342 4016 8.

360 4030 450 4099 (ιε
500 4029 590 4084 Sic
614 4031 778 4098 igitur
801 4032 987 4094 sentio,
1015 4029 1216 4085 Christi
1243 4048 1342 4084 sar:

360 4028 473 4100 (12)
500 4029 590 4084 Sic
614 4031 778 4098 igitur
801 4032 987 4100 sentio,
1015 4029 1216 4085 Christi
1243 4030 1407 4084 sacris
1432 4048 1465 4083 a
1496 4028 1739 4084 Fabiano
1769 4041 1865 4100 pa-

287 4117 354 4166 pa
392 4101 663 4171 initiatum
712 4100 877 4166 fuisse
928 4099 1247 4170 Philippum.
1279 4100 1378 4155 llic
1412 4100 1591 4171 aliqua
1616 4116 1682 4155 ex
1710 4099 1865 4169 parte

286 4170 533 4239 sequitur
582 4169 807 4241 Iluetius
836 4175 968 4225 Acta
1031 4169 1111 4226 S.
1148 4171 1345 4234 Pontii,
1378 4169 1516 4240 qua!
1556 4170 1863 4241 Philippum

291 4247 513 4294 narrant
539 4256 567 4292 a
628 4242 688 4296 S.
731 4239 922 4297 Pontio
958 4243 1023 4295 ad
1056 4241 1257 4297 Christi
1314 4239 1472 4295 fidem
1526 4239 1865 4294 fuisse‘con-

292 4326 527 4373 versum,
572 4312 700 4365 dum
735 4312 841 4364 ludi
895 4312 1189 4367 saeculares
1239 4312 1364 4366 anni
1416 4312 1581 4367 Urbis
1633 4311 1866 4365 condita:

291 4381 559 4453 millesimi
583 4393 899 4453 agerentur,
926 4392 980 4436 et
1006 4398 1034 4435 a
1060 4381 1305 4437 Fabiano
1336 4398 1471 4453 papa
1502 4382 1858 4453 baptizatum.

290 4452 394 4505 Sed
418 4452 639 4523 jamdiu
661 4454 775 4507 hzec
798 4453 931 4507 Acta
979 4454 1046 4509 ab
1092 4452 1416 4508 eruditisut
1441 4456 1622 4522 spuria
1651 4461 1705 4506 et
1734 4452 1868 4515 licti-

291 4523 365 4576 tia
402 4524 779 4592 reprobantur.

361 4592 473 4664 (15)
505 4594 727 4654 Euseb.,
759 4592 967 4652 Histor.
998 4594 1150 4659 each,
1184 4594 1278 4648 lib.
1309 4609 1383 4656 vt,
1412 4609 1528 4659 cap.
1559 4593 1649 4647 34.
1682 4654 1691 4664 ἑ

363 4662 476 4732 (14)
544 4664 655 4719 Sub
701 4665 821 4732 ipsa
859 4679 1017 4730 porro
1054 4667 1259 4733 imperii
1316 4666 1398 4717 sui
1452 4665 1608 4718 initia
1667 4662 1864 4717 Christi

291 4734 583 4788 doctrinam
608 4735 904 4800 amplexum
930 4734 1094 4804 fuisse
1129 4732 1438 4803 Philippum
1477 4750 1543 4788 ea:
1581 4750 1640 4788 eo
1682 4733 1862 4804 liquet,

290 4812 448 4873 quod,
486 4814 590 4859 etc.
624 4804 699 4858 Eu
734 4807 844 4872 ipsa
883 4805 1099 4859 Eusebii
1130 4807 1326 4865 verba,
1372 4820 1435 4859 ex
1485 4804 1682 4873 quibus
1726 4803 1865 4859 male

295 4876 375 4945 hic
405 4874 678 4945 concludit
706 4875 927 4929 Huetius
950 4894 963 4927 :
983 4875 1182 4928 Τοῦτον
1198 4875 1418 4943 κατέχει
1436 4874 1590 4942 λόγος
1605 4874 1866 4945 Χριστια-

292 4943 378 5018 γὺν
400 4941 548 5011 ὄντα,
565 4947 635 5018 γὲν
668 4946 850 5018 ἡμέρᾳ
872 4946 970 5018 τῆς
991 4946 1228 5018 ὑστάτης
1256 4941 1366 5018 rei?
1380 4941 1863 5018 rediga‘rtdvvuxi-

291 5014 400 5088 50;,
425 5018 535 5088 ab);
558 5017 651 5088 ἐπὶ
684 5014 795 5087 τῆξ
814 5014 1111 5088 ἐκκλησίας
1142 5014 1316 5086 εὐχῶν
1348 5016 1427 5086 τῷ
1457 5014 1652 5088 πλήθει
1693 5033 1862 5088 pesq-

296 5078 435 5155 σχεῖν
465 5085 716 5160 ὲρελῆσᾳι
740 5078 852 5140 οὐ
891 5078 1153 5160 πρότερὸν
1310 5078 1434 5160 ὑπδά
1455 5078 1563 5160 1:0}-
1606 5078 1861 5160 ’ςηύιξεάδε

270 5158 631 5229 ,προεστῶτος
662 5156 1031 5229 ἐπιτραπῆναι
1063 5156 1382 5218 ”’“εἰσ6αλείν,
1410 5158 1442 5228 ἢ
1467 5156 1864 5229 ἐξομολογήσα-

360 5245 433 5301 at,
471 5229 565 5281 καὶ
590 5230 700 5301 τοῖς
732 5227 801 5281 ἐν’
826 5227 1264 5301 παραπτώμασιν
1308 5227 1735 5301 ὲξετέιιξομζιὲνοις2
1756 5244 1862 5301 Δμε·

292 5300 503 5370 τᾳνοίας
528 5316 586 5351 τε
624 5298 803 5370 χώραν
823 5296 1080 5370 ἶσχὴυσιν.
1101 5296 1304 5363 ’ἑαυτὸν
1346 5296 1637 5370 καταλέξαι
1657 5314 1669 5327 ⁸
1690 5296 1861 5361 ἄλλως

294 5367 397 5442 id?
426 5369 581 5442 Nlalt
604 5367 738 5442 πὸτξἶ
758 5367 1099 5442 πρὸξαύτοῦ,
1127 5371 1201 5442 μὴ
1220 5371 1340 5442 οὐχὶ
1361 5369 1517 5423 τοῦτο
1534 5370 1856 5442 πσιήσᾳντα,

291 5436 380 5511 διᾷ
428 5436 628 5504 item;
674 5439 780 5492 τῶν
806 5436 951 5493 ’κατ’
1011 5436 1201 5511 αὐτόν’
1229 5436 1405 5505 alsia;
1435 5436 1854 5511 παραδεχθῇναιν

293 5509 383 5586 κα).
440 5510 803 5586 arctoam-7]an
836 5528 899 5576 γε
928 5510 1242 5586 προβύμῳςη
1260 5509 1525 5586 λέγετοιι(
1550 5511 1610 5586 ’τιὸ
1639 5510 1858 5586 Ῑνῄσιον

295 5581 381 5653 δαὶ
430 5580 672 5653 abluas
698 5580 797 5651 τῆς
834 5580 981 5653 napi.
1022 5580 1117 5653 τὸν
1161 5581 1302 5634 θεῖον
1356 5582 1520 5651 φόϐον
1565 5580 1857 5642 διαθέσεως

294 5647 467 5723 ξργοις
503 5647 1008 5723 ὲπιδεδειξλμένοιὶεί
1038 5652 1189 5707 Hunc
1231 5647 1415 5721 utpote
1460 5653 1855 5723 Christianum.

297 5718 431 5775 fama
448 5724 538 5777 est
571 5724 623 5776 in
651 5718 919 5793 postrema
951 5721 1171 5777 Pascha:
1193 5718 1771 5793 vigiliaprecatiouum
1801 5720 1853 5793 in

298 5793 515 5847 ecclesia
546 5790 865 5863 participem
899 5793 1059 5849 simul
1086 5808 1224 5868 cum
1251 5790 1477 5864 ireliq’uo
1507 5791 1705 5866 pupula
1737 5790 1851 5846 fieri

1978 3281 2295 3352 Augustalis
2329 3282 2658 3352 praefectus;
2707 3282 2776 3337 a-b
2811 3282 3043 3338 Eusebio
3074 3293 3256 3339 autem
3285 3301 3554 3343 memora-

1980 3384 2089 3429 tum
2132 3374 2359 3445 Philippi
2414 3374 2642 3446 Augusti
2702 3373 2934 3441 facinus,
2979 3376 3098 3443 ipso
3119 3375 3233 3446 jam
3265 3378 3551 3446 imperium

1977 3467 2173 3537 adepto
2229 3468 2435 3523 editum
2494 3468 2585 3522 sit.
2642 3466 2835 3521 Exstat
2887 3466 3015 3520 hinc
3065 3466 3232 3521 etiam
3282 3468 3552 3523 meritone

1979 3557 2263 3626 scripserit
2283 3557 2615 3626 Pomponius
2644 3555 2846 3621 Latus,
2876 3553 3209 3629 Philippum,
3252 3568 3309 3612 ut
3348 3558 3551 3627 scelera

1980 3658 2200 3719 tegeret,
2244 3650 2447 3704 cultum
2486 3647 2780 3704 Christiani
2832 3648 3070 3703 nominis
3104 3648 3410 3706 simulasse.
3444 3650 3551 3707 Sed

1975 3752 2317 3813 revertamur
2348 3743 2414 3796 ad
2446 3742 2807 3812 propositum.

2043 3835 2181 3901 XIII.
2212 3834 2326 3907 (19)
2362 3833 2473 3889 Hac
2497 3834 2733 3904 primum
2767 3842 3086 3907 tempestate
3118 3834 3371 3890 homilias
3397 3851 3547 3901 suas,

1977 3954 2215 4011 voluisse
2248 3971 2262 4008 :
2292 3954 2385 4008 sed
2410 3952 2721 4023 episcopum
2741 3953 2834 4023 qui
2855 3962 2987 4007 tunc
3018 3952 3271 4009 Ecclesiae
3294 3966 3548 4023 praeerat,

1977 4042 2080 4081 non
2118 4026 2269 4097 prius
2308 4024 2382 4077 illi
2418 4024 2622 4097 aditum
2658 4025 3009 4097 permisisse,_
3034 4038 3196 4092 quam
3250 4025 3550 4097 confessio-

1976 4113 2097 4152 nent
2118 4094 2395 4167 scelerum
2442 4096 2684 4167 fecisset,
2722 4096 2895 4164 iisque
2920 4094 3015 4167 qui
3054 4094 3369 4167 humanitus
3410 4097 3551 4167 lapsi

1974 4168 2211 4229 fuerant,
2261 4174 2316 4219 et
2364 4165 2415 4219 iu
2472 4166 2849 4233 pmuitentium
2904 4166 3096 4221 ordine
3137 4166 3377 4228 stabant,
3424 4165 3548 4224 sése

1975 4237 2333 4308 adjunxissct.
2403 4234 2610 4305 Quippe
2659 4236 2730 4289 ob
2779 4235 2973 4308 multa
3020 4251 3141 4307 quae
3197 4237 3549 4308 commiserat

1973 4305 2247 4368 crimina,
2301 4320 2579 4376 nunquam
2642 4307 2869 4360 omnino
2927 4306 2995 4360 ab
3039 4305 3300 4376 episcopo
3357 4305 3549 4364 fuisset

1975 4377 2266 4449 admissus,
2300 4375 2400 4430 nisi
2431 4378 2483 4431 id
2518 4376 2668 4432 orins
2711 4376 2950 4431 fecisset.
2983 4376 3056 4449 Et
3080 4375 3389 4449 imperator
3420 4378 3546 4449 qui-

1974 4450 2095 4503 dem
2134 4448 2380 4519 libenter
2436 4463 2845 4519 optempeiasse
2876 4448 3110 4519 VOICJIIII‘,
3161 4447 3545 4519 sincerumque

1901 4498 1947 4556 υ
1973 4498 2381 4588 assignauit
2417 4498 2681 4588 gregna
2695 4498 2937 4571 ipsa;
2956 4498 3083 4588 p.12
3096 4498 3544 4588 transigiggi;

1970 4586 2303 4643 declarasse.
2338 4605 2358 4639 ›
2426 4586 2596 4642 Porro
2653 4603 2723 4643 ex
2779 4588 2881 4641 hac
2943 4587 3160 4642 Eusebii
3225 4586 3545 4645 narratione

1971 4658 2161 4727 liquet,
2222 4657 2529 4728 Philippum
2580 4674 2689 4713 non
2744 4658 2963 4727 quidem
3016 4659 3318 4727 postulasse
3372 4671 3429 4713 ut
3487 4660 3541 4715 iu

1967 4728 2624 4783 ctBIumeristianornm
2652 4728 3011 4796 reciperetur,
3030 4730 3122 4783 sed
3148 4729 3258 4797 jam
3286 4729 3544 4785 Christia-

1969 4815 2097 4871 num
2142 4798 2378 4853 voluisse
2434 4798 2807 4871 precationum
2851 4798 2902 4851 iu
2950 4797 3192 4871 Ecclesia
3220 4802 3540 4871 participem

1968 4870 2129 4924 fieri:
2165 4883 2338 4937 neque
2378 4868 2621 4941 proinde
2644 4868 2743 4923 sub
2793 4870 2905 4941 ipsa
2963 4870 3173 4937 imperii
3215 4868 3495 4941 suiriuitia
3521 4912 3539 4939 ,

1966 4941 2059 4993 sed
2101 4951 2393 5008 antequam
2435 4939 2721 5007 imperiunt
2766 4939 3163 5009 adipisceretur
3201 4940 3402 4994 Christi
3443 4943 3541 4995 do-

1966 5014 2196 5065 ctrinam
2239 5012 2349 5078 jam
2398 5010 2704 5079 amplexum
2749 5026 2872 5065 eum
2928 5010 3097 5064 fuisse
3133 5029 3147 5065 :
3179 5010 3325 5078 quod
3371 5011 3536 5063 etiam

1969 5091 2238 5152 testantur
2270 5081 2530 5152 Leontius
2576 5081 2947 5135 Autiocheuus
2968 5121 2982 5140 .
3028 5080 3455 5152 Chrysostomus
3485 5094 3540 5136 et

1964 5167 2028 5206 ex
2069 5151 2294 5206 Leontio
2323 5149 2645 5204 Chronicum
2695 5149 3155 5205 Alexandrinum.
3198 5149 3327 5204 Vide
3378 5151 3538 5205 Tille-

1967 5223 2255 5288 montium,
2296 5220 2439 5274 Hist.
2477 5222 2724 5291 imperat.
2776 5231 2905 5275 tom.
2938 5220 3023 5286 Ill,
3060 5221 3185 5275 Not.
3225 5222 3277 5275 ιιι
3304 5220 3533 5292 Philipp.

1966 5307 2083 5362 pag.
2120 5292 2224 5347 645
2260 5303 2312 5347 et
2342 5308 2494 5361 seqq.

2033 5362 2146 5432 (i5)
2178 5363 2400 5427 B.trou.,
2431 5363 2498 5415 ad
2521 5378 2611 5416 an.
2632 5362 2758 5429 246,
2795 5378 2944 5416 num.
2966 5362 3023 5427 ‘2,
3053 5363 3087 5418 3
3119 5374 3173 5417 et
3202 5363 3252 5418 4.

1960 5434 2144 5556 22(ἐξ)
2176 5435 2376 5503 Scalig.
2406 5438 2460 5487 in
2487 5434 2736 5487 Animad.
2770 5436 2823 5486 in
2872 5432 3071 5488 Chron.
3100 5434 3296 5488 Euseb.
3339 5435 3405 5488 ad
3438 5449 3530 5489 an.

2032 5574 2144 5644 (I7)
2174 5573 2393 5647 illallox.
2432 5572 2582 5647 Orig.
2617 5574 2950 5647 defens._iib.
2984 5591 3023 5641 i,
3056 5589 3180 5647 cap.
3214 5574 3300 5631 18.

2032 5647 2143 5715 (1-8)
2174 5645 2397 5714 Niceph.
2432 5645 2526 5715 lib.
2567 5661 2619 5705 v,
2649 5660 2771 5713 cap.
2804 5645 2895 5699 25.
3126 5645 3141 5647 ί
3302 5692 3305 5695 .

2031 5714 2142 5787 (19)
2172 5716 2392 5782 Euseb.,
2426 5714 2632 5771 Hister.
2664 5717 2817 5781 eet-1.,
2861 5717 2950 5772 lib.
2991 5733 3065 5786 vr,
3099 5733 3218 5788 cap.
3250 5716 3341 5772 56.
