4020 6306
536 380 640 436 687

1800 376 1862 433 P.
1905 377 2221 434 DANIELIS
2259 379 2492 436 HUET‘II

3647 386 3742 443 688

531 514 668 569 quas
695 494 812 553 fere
835 495 1075 566 quotidie
1098 495 1153 549 in
1180 488 1424 550 Ecclesia
1460 491 1691 549 habebat
1726 509 1791 548 ex
1828 505 2094 564 tempore,
2125 505 2171 557 Α
2269 495 2407 551 XIV.
2443 495 2554 567 (2i)
2582 495 2651 550 At
2685 496 2922 552 nondum
2952 495 3122 552 etiam
3144 494 3493 553 Adamantius
3525 503 3743 556 vacatio-

530 608 559 646 a
612 589 839 645 notariis
889 588 1029 642 inter
1081 584 1508 641 concionandum
1570 585 1745 654 excipi
1780 598 1984 653 passus
2013 594 2098 640 est

528 670 813 753 Origenes,
857 680 998 750 quod
1049 687 1207 733 antea
1260 692 1537 746 nunquam
1587 675 1701 733 fieri
1746 678 2094 748 permiserat.

530 776 665 830 lline
707 788 902 828 nomen
937 771 1054 841 ejus
1094 770 1268 840 magis
1316 770 1591 840 magisque
1630 769 2014 825 celebrabatur
2041 771 2094 825 in

529 866 683 931 dies;
718 863 808 918 sed
836 863 909 917 ita
941 871 1117 915 tamen
1175 871 1233 914 ut
1267 875 1480 915 summa
1523 858 1825 914 alliceretur
1855 860 2096 915 admira-

530 959 677 1011 tione
703 971 732 1009 a
763 946 1049 1023 plurimis;
1081 967 1113 1007 a
1139 951 1438 1016 nonnullis,
1480 960 1539 1005 ut
1583 952 1719 1005 varii
1757 966 1878 1007 esse
1919 950 2095 1006 solent

526 1047 801 1102 hominum
855 1059 1090 1107 sensus,
1150 1043 1526 1098 infamaretur.
1579 1043 1781 1097 Ansam
1824 1040 2095 1112 praecipue

531 1140 735 1194 dabant
766 1135 1282 1207 reprehensionibus
1314 1135 1525 1189 erudita
1550 1135 1790 1203 quidem,
1824 1148 1928 1189 nou
1962 1134 2094 1189 satis

525 1236 704 1282 tamen
734 1227 993 1282 meditate
1032 1223 1234 1295 scripta
1269 1238 1456 1294 opera,
1501 1233 1556 1278 et
1604 1223 1661 1277 in
1696 1232 1940 1279 secretos
1979 1221 2095 1277 fere

521 1319 797 1374 elaborata
824 1318 976 1385 usus,
999 1334 1063 1372 ac
1102 1317 1322 1372 incaute
1350 1320 1528 1371 tamen
1561 1316 1833 1386 evulgata.
1883 1314 2095 1385 Oppor-

525 1419 653 1462 tuna
700 1407 821 1463 hinc
863 1419 1023 1462 erant
1068 1406 1313 1463 sinistris
1341 1406 1720 1461 haereticorum
1765 1406 2093 1474 interpreta-

524 1496 792 1560 tionibus.
839 1498 892 1550 et
925 1500 1068 1565 saepe
1108 1495 1195 1550 vel
1233 1496 1298 1550 ad
1331 1493 1674 1550 conﬂandam
1703 1494 1923 1564 Origeui
1953 1492 2095 1547 inri-

522 1590 690 1654 diam,
725 1603 965 1658 eumque
997 1584 1147 1643 fals'is
1169 1586 1501 1642 criminibus
1526 1584 2093 1650 circumveniendum,

524 1680 607 1735 vel
641 1681 707 1735 ad
739 1681 1092 1751 quaerendum
1124 1672 1353 1733 nefariis
1382 1676 1726 1745 dominatibus
1749 1673 2091 1744 Splendidam

522 1773 884 1845 patrociniqu
916 1770 1387 1827 adulterabantur.
1428 1768 1524 1824 Cui
1560 1769 1702 1823 malo
1730 1777 1790 1822 ut
1832 1776 2091 1823 occurre-

2202 602 2322 642 nem
2354 603 2384 641 a
2414 583 2694 642 laboribus
2734 587 2941 644 habuit.
2979 587 3180 643 Esorta
3216 588 3417 657 quippe
3448 601 3577 643 nova
3618 594 3745 659 apud

2194 677 2404 733 Arabes
2431 676 2658 741 haeresi,
2691 690 2811 745 quae
2852 678 3089 733 animam
3116 679 3299 733 statim
3350 680 3379 731 ε
3432 688 3600 734 morte
3634 693 3745 734 cum

2197 766 2521 835 corporibus
2550 765 2825 836 exstingui
2848 805 2864 829 ,
2893 766 3059 835 atque
3088 767 3274 823 itidem
3311 770 3433 822 cum
3455 768 3753 838 corporibus

2198 856 2251 910 in
2296 860 2538 911 extrema
2572 857 2660 911 die
2708 859 3003 912 excitatum
3047 858 3114 913 iri
3158 859 3466 926 sciscebat,
3516 869 3747 914 coactum

2195 949 2379 1003 statim
2415 959 2497 1004 est
2545 949 2800 1020 frequens
2850 950 3166 1016 concilium,
3224 952 3295 1006 ad
3343 951 3501 1020 idque
3560 952 3751 1007 accitus

2194 1040 2459 1111 Origenes
2524 1030 2811 1098 haereticos
2870 1042 3142 1098 rationum
3207 1055 3433 1097 suarum
3484 1044 3749 1097 momentis

2195 1136 2469 1190 convictos
2507 1140 2563 1190 et
2600 1142 2891 1206 oppressos
2930 1136 2996 1189 ad
3043 1135 3321 1191 meliorem
3370 1145 3598 1191 mentem
3644 1146 3739 1191 tra-

2195 1225 2367 1282 duxit.
2404 1224 2528 1280 Pari
2564 1224 2779 1297 quoque
2811 1226 3081 1281 felicitate
3103 1224 3527 1282 Helcesaitarum
3566 1228 3754 1283 doctri-

2195 1330 2342 1383 nam,
2369 1332 2395 1369 a
2428 1316 2591 1385 Papia
2629 1318 2848 1372 Achaiae
2876 1320 3202 1389 presbytero
3227 1317 3357 1372 olim
3387 1328 3510 1373 cum
3535 1319 3749 1388 primum

2193 1408 2429 1464 oriretur
2484 1418 2888 1478 expugnatam,
2949 1419 3076 1465 tunc
3136 1418 3505 1465 renascentem
3560 1412 3750 1478 denuo,

2194 1513 2299 1552 non
2326 1498 2803 1568 congressionibus
2831 1508 2887 1552 et
2916 1499 3227 1568 colloquiis,
3251 1499 3346 1552 sed
3384 1499 3593 1566 scriptis
3628 1513 3749 1554 con-

2146 1620 2153 1639 ς
2195 1591 2356 1646 ludit.
2420 1591 2625 1646 Auctor
2678 1588 3051 1645 Theodoretus
3084 1589 3223 1660 (εἳ),
3270 1590 3363 1660 qui
3397 1589 3512 1645 iure
3556 1588 3747 1646 habet:

2191 1680 2349 1735 Κατὰ
2395 1682 2598 1753 ταύτης
2644 1682 2743 1753 τῆς
2786 1682 3049 1754 αἱρέσεως
3106 1682 3397 1753 Ὧριγένης
3437 1682 3749 1753 συνέγραψεν

2191 1772 2403 1843 ἀληθῶς
2445 1790 2462 1802 ·
2500 1773 2859 1844 συνεκρότησε
2918 1772 2974 1825 δὲ
3032 1773 3201 1845 αὐτὴν
3281 1773 3641 1846 Ἀλκιϐιάδης,
3692 1776 3749 1841 ἐξ

520 1875 628 1929 ret,
682 1878 850 1934 seque
905 1864 1007 1919 hac
1066 1863 1377 1933 suspicione
1422 1859 1717 1925 evolveret,
1780 1856 2082 1913 consultqu

2205 1865 2505 1936 Ἀπαμείας
2552 1868 2649 1937 τῆς
2687 1866 2887 1937 Συρίας
2930 1864 3273 1937 ὁρμώμενος.
3311 1864 3607 1935 Legendum
3642 1866 3745 1921 for-

518 1955 642 2012 fore
677 1966 826 2011 ratus
856 1963 940 2010 est
968 1969 1119 2009 suam
1148 1953 1213 2009 de
1254 1951 1384 2018 Deo,
1419 1951 1692 2020 rebusque
1732 1950 1933 2005 divinis
1968 1962 2093 2004 sen-

522 2048 747 2103 tentiam
785 2047 966 2102 missis
1009 2045 1075 2101 ad
1115 2043 1417 2100 Fabianum
1473 2059 1669 2115 papam
1716 2042 1958 2111 aliosque
1996 2044 2091 2095 an-

519 2141 714 2196 tistites
740 2139 985 2210 epistolis
1014 2136 1257 2208 profiteri
1278 2175 1295 2203 ,
1331 2145 1387 2191 et
1419 2137 1464 2192 si
1493 2135 1622 2205 quid
1650 2134 1943 2189 scribendo
1961 2147 2089 2203 pec-

515 2242 777 2296 caverat,
838 2241 1055 2285 matura
1107 2229 1433 2301 paenitentia
1495 2226 1812 2283 emendare.
1882 2224 2090 2281 Causas

515 2324 694 2377 autem
749 2320 1083 2378 temeritatis
1135 2321 1323 2378 retulit
1374 2321 1426 2375 in
1488 2318 1879 2381 Ambrosium,
1944 2318 2089 2387 quod

516 2422 729 2472 secreto
746 2415 890 2471 edita
930 2415 986 2469 in
1013 2414 1286 2485 publicum
1331 2412 1667 2484 protulisset.
1715 2409 1959 2465 Gravem
2000 2408 2090 2465 hic

521 2502 753 2561 Eusebio
783 2507 960 2561 dicam
991 2504 1241 2575 impingit
1269 2500 1537 2558 Barouius
1562 2501 1703 2569 (20),
1736 2499 1881 2570 quod
1913 2514 2084 2569 repu-

517 2595 720 2656 distam
750 2596 890 2652 hanc
916 2612 947 2651 a
973 2595 1219 2650 Fabiano
1243 2595 1641 2666 professionem
1669 2592 1815 2657 ﬁdei,
1832 2600 1887 2645 et
1912 2588 2088 2661 ipsum

515 2691 583 2745 ad
627 2706 853 2745 causam
888 2688 1171 2743 dicendam
1213 2687 1449 2741 accitum
1491 2685 1661 2741 fuisse
1695 2683 1920 2739 Romam
1964 2679 2088 2738 Ori-

513 2796 706 2852 genem
735 2780 860 2837 dolo
895 2779 1038 2835 malo
1064 2779 1377 2846 reticuerit;
1422 2780 1517 2834 sed
1550 2778 1661 2845 jam
1691 2790 1853 2846 supra
1881 2776 1948 2829 ab
1986 2773 2089 2828 hac

512 2855 727 2927 Barcini
776 2870 1050 2926 calumnia
1108 2870 1395 2926 Eusebium
1461 2868 1858 2924 vindicavimus
1904 2886 1919 2922 :
1961 2879 2085 2920 nam

513 2961 642 3030 quid
686 2962 789 3017 hac
821 2957 1162 3033 professione
1196 2960 1397 3017 factum
1442 2961 1514 3016 sit
1555 2961 1822 3014 incertum
1864 2965 1951 3012 est
1976 2996 1991 3023 ,
2032 2964 2089 3011 et

512 3050 801 3106 admodum
834 3049 1002 3108 semel
1034 3051 1259 3108 Romam
1309 3050 1471 3108 ivisse
1502 3050 1798 3120 Origenem
1844 3046 2088 3104 certissi-

518 3150 663 3196 nium
694 3153 797 3197 est.

2193 1964 2358 2020 tasse,
2407 1957 2778 2029 συνεκράτησε
2812 1974 2826 1987 ·
2860 1959 2939 2012 sic
2982 1959 3127 2011 enim
3171 1959 3239 2013 de
3277 1958 3466 2012 eadem
3512 1972 3567 2012 re
3607 1957 3749 2014 Nice-

2191 2042 2392 2111 phorus
2448 2040 2563 2113 (25)
2594 2060 2607 2097 :
2638 2044 2780 2097 κατὰ
2820 2045 2876 2098 δὲ
2925 2045 3130 2117 ταύτης
3177 2047 3276 2100 καὶ
3328 2046 3656 2119 Ἀλκιϐιάδης
3698 2048 3755 2114 ἐξ

2201 2133 2501 2205 ’Δπαμειας
2541 2135 2638 2206 τῆς
2679 2136 2879 2207 Συρίας
2900 2137 3191 2209 πάμπολλα
3233 2140 3539 2208 ἠγωνίσατο
3567 2155 3581 2170 ο
3622 2140 3755 2213 Ὠρι-

2189 2227 2353 2298 γένης
2392 2227 2451 2281 δὲ
2483 2230 2596 2292 τοῖς
2633 2229 2752 2282 κατ’
2783 2229 2953 2302 αὐτῆς
2984 2229 3229 2301 ἐλέγχοις
3265 2232 3541 2304 ἠρίστευε.
3581 2230 3750 2299 Quan-

2189 2334 2351 2388 qua-m
2394 2319 2530 2374 nihil
2592 2317 2804 2376 affirmo
2847 2338 2862 2375 :
2913 2336 3040 2375 natu
3105 2322 3404 2393 Nicephori
3461 2323 3751 2378 auctoritati

2188 2424 2382 2481 parum
2437 2410 2640 2469 tribuo.
2704 2410 2991 2468 Geminam
3044 2414 3182 2468 hanc
3226 2414 3300 2468 ab
3340 2414 3571 2484 Origene
3596 2414 3748 2469 victo-

2188 2502 2326 2556 riam
2357 2500 2480 2557 dolo
2521 2500 2663 2557 malo
2686 2501 2908 2557 reticuit
2951 2502 3219 2575 Gvorgius
3255 2502 3569 2575 Syncellus,
3607 2504 3745 2560 Grae-

2187 2596 2377 2649 corum
2430 2597 2672 2651 omnium
2744 2610 2951 2651 morem
3022 2595 3076 2650 in
3135 2597 3481 2667 suggillando
3535 2596 3755 2669 Origene

2187 2696 2429 2742 secutus.
2480 2684 2593 2741 Nec
2622 2686 2914 2741 absurdum
2947 2685 3180 2742 fortasse
3216 2688 3386 2742 fuerit
3419 2688 3605 2743 iisdem
3628 2704 3745 2745 con-

2182 2775 2411 2847 jungere
2482 2775 2817 2847 temporibus
2866 2775 3221 2846 Apellitarum
3276 2778 3749 2849 profligationem,

2185 2883 2321 2939 quos
2374 2881 2472 2937 per
2511 2866 2794 2924 Orientem
2832 2880 3143 2939 grassantes
3193 2870 3448 2925 coercuit
3488 2868 3750 2941 Origenes.

2184 2968 2240 3017 et
2265 2975 2361 3032 per
2389 2960 2632 3032 singulas
2662 2974 2907 3032 quasque
2939 2961 3100 3017 urbes
3140 2962 3459 3018 insectatus
3492 2962 3755 3018 contioni-

2186 3053 2292 3109 bus
2327 3054 2606 3123 repressit.

1598 3404 1977 3527 CAPUT
2050 3402 2671 3511 QUARTUM.
2718 3540 2726 3548 .

508 3598 550 3659 I.
611 3596 888 3672 Philippus
951 3602 1241 3670 imperator
1297 3600 1652 3672 interﬁcitur,
1687 3601 2018 3672 Subrogatur
2067 3595 2278 3672 Decius.
2315 3598 2548 3672 Septima
2593 3599 2900 3672 persecutia.
2939 3599 3035 3672 All.
3097 3599 3358 3672 Origenes

3411 3616 3506 3669 pro
3549 3600 3749 3654 Christo

577 3659 912 3741 gravissimos
936 3659 1203 3741 cruciatus
1237 3659 1473 3725 sustine}.
1508 3670 1593 3727 lll.
1623 3671 1842 3725 Librum
1861 3659 1944 3725 De
1979 3659 2449 3741 martyrio_scribit
2479 3670 2547 3741 ad
2579 3659 2697 3741 eum
2729 3668 3014 3741 Dionysius
3046 3659 3463 3724 Alexandrinus.
3508 3670 3590 3723 lV.
3625 3668 3740 3725 Ori-

611 3745 720 3797 enis
746 3745 1020 3798 modestia.
1057 3740 1249 3796 Utrum
1272 3744 1341 3795 ad
1375 3742 1643 3795 vitandum
1665 3742 1933 3810 ᾸέιΙιὶορὶε
1960 3751 2203 3811 stuprum
2236 3737 2430 3811 Christi
2458 3738 2613 3811 [idem
2636 3737 2957 3811 ejurarit,iet
2987 3756 3089 3811 qua
3118 3741 3172 3811 id
3196 3750 3433 3811 tempore
3458 3742 3738 3811 contigerit.

611 3760 720 3797 ems
746 3758 1020 3798 madestta.
1057 3758 1249 3796 υιηιηῑ
1272 3758 1341 3795 αα
1375 3758 1643 3795 vttanaum
1665 3758 1933 3810 Αιυιιοριε
1960 3758 2203 3806 ειιιρηιηι
2236 3758 2430 3791 μην-τευ
2458 3758 2613 3805 [mem
2636 3758 2883 3808 έναι-ατη,
2910 3758 2957 3793 et
2987 3758 3089 3811 quo
3118 3758 3170 3792 ta
3196 3758 3433 3805 tempore
3458 3758 3537 3793 C0)

574 3758 644 3868 ζ.
687 3812 1001 3883 Castigatur
1034 3813 1334 3883 critical-um
1379 3806 2082 3883 nonnullorunt_temeritas.
2120 3804 2205 3859 Vl.
2255 3807 2464 3862 Mortuo
2512 3810 2688 3883 Decio,
2727 3810 2950 3883 vingulis
3001 3809 3225 3883 soluitur
3257 3808 3537 3883 Origenes.

3638 3813 3745 3863 ccio

576 3876 857 3935 δυσεξάαηῖ
905 3882 1090 3936 Gallus
1121 3893 1170 3935 et
1215 3878 1555 3934 Volusianus.
1595 3880 1698 3936 VII.
1739 3880 1860 3935 Obit
1906 3880 2171 3949 Origenes
2203 3893 2343 3949 anno
2390 3879 2557 3933 atatis
2612 3892 2761 3933 thx.
2804 3876 3035 3935 Pereunt
3065 3878 3251 3933 Gallus
3282 3876 3381 3949 εί
3415 3880 3739 3933 Volusianus.

588 3950 717 4004 VIII.
768 3952 1008 4021 Elogium
1048 3950 1312 4020 Origeuis.
1351 3950 1440 4008 IX.
1471 3951 1737 4020 Sepelitur
1766 3950 1907 4021 Tyri.
1955 3944 2107 4005 Vana
2136 3944 2201 3999 de
2231 3946 2345 4016 ejus
2371 3949 2542 4002 salute
2562 3951 2784 4019 quwstt‘o
2806 3952 3249 4017 praetermittitur.
3281 3947 3354 4005 Χ.
3385 3949 3561 4020 Ipsius
3587 3949 3734 4003 disci-

573 4022 684 4090 puli
717 4031 1066 4075 recensentur.

2090 4112 2161 4128 -ῌ

575 4259 614 4316 l.
655 4259 771 4331 (26)
817 4258 1109 4329 Triplicem
1159 4258 1323 4323 hanc,
1377 4272 1537 4326 quam
1569 4258 1814 4327 proxime
1835 4261 2139 4320 comtue-C
2169 4256 2450 4313 secutione
2523 4257 2776 4328 princeps
2842 4254 3097 4312 occubuit
3156 4258 3441 4317 Fabianus
3506 4258 3735 4333 pontifex

504 4350 856 4416 moravimus,
878 4349 1140 4403 adversus
1173 4356 1583 4401 succrescentes
1613 4347 1851 4401 haereses
1881 4346 2074 4403 velita-

502 4445 707 4498 tionem
756 4442 969 4496 videtur
1000 4440 1262 4511 Origenes
1296 4439 1610 4494 exercuisse
1654 4438 1944 4508 postremis
1980 4440 2073 4493 im-

503 4531 637 4603 perii
671 4530 899 4599 Philippi
931 4532 1133 4595 anuis;
1174 4528 1288 4600 (25)
1322 4528 1412 4597 qui
1449 4544 1574 4582 cum
1618 4530 1909 4599 septimum
1955 4528 2073 4597 jam

498 4637 702 4677 annum
759 4637 936 4677 rerum
987 4623 1271 4692 potiretur,
1307 4622 1457 4677 Decii
1498 4621 1686 4676 fraude
1725 4622 1952 4676 Verona:
1998 4623 2073 4676 ab

498 4716 744 4769 exercitu
773 4714 1096 4770 interfectus
1137 4726 1239 4769 est.
1277 4713 1615 4784 Subrogatur
1642 4715 1691 4766 iu
1723 4713 1841 4781 ejus
1883 4713 2060 4767 locum

499 4804 723 4869 Decius,
756 4800 851 4875 qui
881 4816 939 4860 ut
965 4806 1018 4860 in
1053 4805 1281 4876 Philippi
1315 4806 1633 4861 memoriam
1663 4805 1915 4860 incensus
1942 4815 2062 4860 erat

492 4897 639 4960 odio,
673 4897 1128 4959 Christianorum,
1158 4913 1295 4967 quos
1318 4900 1465 4953 visus
1490 4904 1611 4952 erat
1636 4897 1843 4951 charos
1866 4896 2064 4951 habere

492 4984 769 5055 Philippus
801 4987 929 5040 dum
957 4986 1181 5047 viveret.
1215 5000 1303 5040 res
1329 4994 1572 5051 vastare,
1608 5000 1674 5039 ac
1701 5000 1898 5040 nomen
1940 4985 2064 5039 fun-

502 5077 645 5129 ditus
682 5075 863 5134 delere
890 5076 1198 5132 constituit.
1227 5076 1283 5131 ln
1311 5077 1587 5131 teterrima
1613 5075 1713 5131 hac
1738 5075 1899 5146 igitur
1943 5091 2068 5147 per-

587 5205 679 5276 20)
703 5206 894 5265 Baro".
932 5212 1005 5266 ad
1031 5226 1122 5267 att.
1148 5210 1271 5271 948.
1304 5227 1451 5265 num.
1486 5212 1537 5270 ι.
1574 5208 1629 5263 2.

586 5277 675 5344 2|)
709 5281 932 5345 Euseb.,
962 5280 1162 5334 Histor.
1193 5281 1345 5343 εδει..
1384 5282 1476 5335 lib.
1504 5297 1711 5349 vr,c:tp.
1737 5281 1827 5344 57,
1856 5280 1947 5335 38.

567 5348 681 5420 (2:2)
707 5348 1030 5420 '_l‘_heodoret.
1065 5350 1215 5405 Hier.
1242 5349 1379 5404 Fab.
1411 5352 1504 5406 lib.
1536 5367 1596 5414 ll,
1620 5348 1738 5420 cap.
1765 5348 1818 5404 8.

561 5417 674 5490 (ἐξ)
708 5417 928 5490 ῌὶρεριι.
962 5421 1054 5475 lib.
1089 5436 1140 5485 ν,
1170 5428 1291 5490 cap.
1325 5420 1415 5475 ει.

707 5485 923 5560 Euseb,
961 5489 1160 5546 Histor.
1192 5485 1341 5552 εδει..
1377 5491 1463 5543 lib.
1493 5502 1565 5556 Vl,
1601 5506 1720 5560 cap.
1752 5490 1843 5545 39.

559 5558 671 5627 (25)
705 5559 808 5622 Qui
846 5576 963 5613 cum
1006 5563 1277 5628 septimum
1304 5562 1421 5629 jam
1469 5558 1683 5614 annumi
1705 5577 1877 5614 rerum
1915 5561 2050 5629 poti-

490 5637 678 5701 _r_etur._
705 5629 919 5698 Septem
961 5631 1115 5685 annis
1153 5632 1461 5701 regnavisse
1494 5630 1797 5701 Philippum
1851 5632 2041 5685 scribit

491 5698 787 5770 Eusebius,
848 5714 1008 5770 quem
1064 5698 1364 5770 sequuntur
1421 5698 1683 5764 Orosius,
1722 5700 2039 5769 Eutychius,

484 5766 884 5837 Albularuyus,‘
924 5766 1191 5840 Georgius
1241 5769 1544 5841 Syncellus,
1609 5766 1940 5840 Epiphanius
1988 5782 2043 5827 et

2178 4349 2467 4411 iussimus.
2497 4349 2552 4403 ιι
2582 4347 2742 4416 citius
2782 4348 2963 4404 locum
3000 4347 3259 4407 subactus
3304 4363 3391 4408 est
3439 4353 3729 4409 Cornelius.

2175 4437 2235 4494 In
2259 4454 2539 4495 carcerem
2561 4454 2777 4510 quoque
2806 4442 3071 4511 compacti
3099 4450 3224 4497 sunt
3245 4446 3456 4502 nobiles
3484 4446 3730 4516 episcopi,

2172 4528 2505 4590 Alexander.
2550 4529 2597 4584 is
2652 4546 2680 4584 a
2729 4544 2836 4600 quo
2881 4530 3025 4586 inter
3066 4532 3422 4604 presbyteros
3475 4538 3729 4607 quondam

2172 4617 2433 4690 Origenes
2473 4618 2656 4674 fuerat
2702 4631 3007 4691 cooptatus,
3056 4632 3113 4678 et
3166 4623 3402 4696 Babylas
3433 4646 3448 4682 :
3480 4628 3571 4698 qui
3618 4642 3733 4683 cum

2173 4711 2317 4766 letho
2346 4710 2601 4765 destinati
2641 4712 2694 4766 in
2728 4712 2960 4769 vinculis
2987 4712 3288 4782 obiissent,
3336 4719 3463 4774 huic
3501 4718 3731 4784 Fabius,

2173 4802 2245 4857 illi
2279 4800 2602 4858 Mazabanes
2628 4805 2912 4859 suecesslt.
2961 4806 3026 4859 Et
3059 4808 3186 4876 quid
3214 4825 3307 4865 eos
3332 4827 3525 4869 omnes
3552 4828 3729 4869 recen-

2172 4911 2292 4950 sere
2323 4895 2539 4959 attinet,
2566 4910 2705 4966 quos
2750 4895 3119 4953 funestissima
3149 4886 3239 4955 illa
3280 4900 3537 4961 Ecclesiae
3561 4905 3728 4961 clades

2172 4989 2549 5057 consumpsit?
2581 4988 2807 5045 Beferta
2854 5001 2982 5046 sunt
3022 5008 3209 5048 eorum
3255 4998 3564 5055 nominibus
3593 4999 3723 5054 anti-

2172 5094 2275 5149 qua
2338 5079 2752 5152 Martyrologia.
2797 5081 2904 5137 Sed
2956 5070 3302 5141 Palaestinam
3352 5090 3619 5160 praecipue
3666 5103 3723 5143 ea

2166 5213 2454 5286 Nicephori
2478 5216 2813 5272 Chronieon.
2836 5216 2941 5271 Sed
2968 5233 3041 5273 est
3067 5219 3325 5279 Chronico
3352 5223 3731 5282 Alexandrino,

2165 5297 2396 5357 utroque
2440 5286 2678 5351 Victore,
2713 5289 2995 5357 Eutropio,
3053 5290 3284 5355 Zonara,
3316 5296 3719 5347 numismatihus

2164 5355 2429 5425 plurimis,
2468 5358 2653 5411 codice
2703 5355 3015 5413 MStiuiauo
3055 5370 3109 5414 et
3164 5376 3227 5415 ex
3278 5364 3396 5418 aliis
3429 5363 3717 5417 auctorita-

2162 5427 2304 5501 tibus
2357 5436 2469 5480 tqu
2504 5428 2784 5496 antiquis,
2850 5437 2961 5482 tum
3017 5432 3431 5496 recentioribus,
3492 5434 3725 5501 quinque

2159 5498 2420 5573 duut_:_i_x:_i_t
2450 5512 2620 5551 annos
2652 5507 2713 5573 _et
2747 5501 3217 5573 mensesaliquot
3243 5498 3543 5573 imperasse
3582 5498 3718 5573 vide-

2160 5575 2244 5618 tur
2284 5567 2584 5647 Philippus.
2615 5568 2685 5647 ab
2718 5576 2861 5624 anno
2887 5567 3249 5647 scilicetjii,
3289 5567 3588 5647 allaturum
3604 5568 3730 5647 2+9.

2147 5650 2253 5704 quo
2283 5652 2310 5689 a
2340 5636 2502 5691 Decio
2528 5638 2743 5693 occisus
2768 5648 2868 5694 est.
2919 5636 3047 5693 Vide
3078 5640 3407 5707 Tillemont.,
3463 5638 3603 5692 Ηίδι.
3646 5641 3738 5703 int:

2146 5714 2315 5774 perat.
2350 5717 2484 5765 tom.
2528 5706 2615 5775 Ill,
2649 5707 2773 5764 Not.
2798 5713 2856 5767 in
2882 5708 3138 5777 Gordiau.
3175 5726 3228 5767 et
3253 5713 3312 5769 iu
3351 5706 3606 5779 Philipp.
