4020 6306
324 349 429 406 689

1384 348 1958 409 ORIGENIANORUM
2000 349 2127 407 LIB.
2169 351 2212 418 l,
2254 352 2402 406 CAP.
2444 352 2536 410 IV.

3463 364 3568 421 690

326 479 541 537 strages
574 466 756 523 affecit
789 483 802 519 :
835 466 991 523 multi
1042 465 1309 537 siquidem
1345 466 1597 541 Origenis
1636 466 1894 520 exltorta-
1925 470 1968 526 Α
1997 465 2826 537 bliothecarius(28)etZonaras
2846 469 2978 544 (29),
3009 472 3093 527 vix
3116 472 3363 541 equidem
3381 483 3565 545 credo,

326 560 569 612 tionibus
602 558 816 613 accensi
860 557 1004 613 Decii
1044 556 1319 611 furoribus
1355 570 1479 611 sese
1509 555 1722 625 fortiter
1749 556 1900 635 obje-

322 659 540 704 ccrttnt.

397 742 460 797 ll.
493 742 595 809 Qui
644 742 848 813 Tyrum
894 739 1006 809 jam
1062 752 1189 795 ante
1224 740 1565 811 concessisse
1608 738 1895 811 Origeuem

322 836 579 900 credunt,
618 852 777 905 qttam
802 833 1102 889 Christiani
1142 848 1172 887 a
1207 833 1369 889 Decio
1399 831 1700 904 oppugnari
1734 834 1895 902 empti

317 912 457 993 'siut,
491 929 646 984 facile
673 930 738 983 iis
760 928 1033 983 assentior
1055 941 1337 983 :secessus
1369 941 1567 980 annum
1595 925 1895 995 assignare,

323 1022 583 1077 hariolari
621 1032 725 1076 est.
779 1019 832 1075 In
866 1036 990 1075 eum
1027 1031 1177 1076 certe
1217 1018 1452 1079 maxima
1503 1016 1896 1091 persecutionis

330 1116 498 1187 hujus
557 1115 800 1181 gravitas
853 1112 1139 1177 incubuit,
1199 1126 1361 1180 quam
1427 1110 1615 1164 eadem
1676 1108 1897 1175 pertulit

324 1211 662 1270 constantia,
694 1221 798 1276 qua
828 1206 948 1262 aliis
970 1221 1092 1261 eam
1121 1215 1178 1259 ut
1203 1203 1529 1276 perferrent,
1560 1212 1749 1256 auctor
1780 1201 1897 1266 fue-

321 1313 430 1360 rat.
478 1300 609 1355 Nam
646 1301 880 1370 primum
914 1299 969 1354 in
1007 1296 1331 1367 profundum
1385 1309 1660 1350 carcerem
1715 1293 1897 1348 detru-

318 1411 417 1449 sus
446 1403 564 1461 est;
592 1392 801 1463 torquis
825 1390 1033 1446 ferreus
1055 1388 1194 1443 collo
1226 1388 1487 1461 injectus;
1523 1388 1687 1457 pedes
1705 1385 1898 1457 ligneis

318 1486 529 1555 pedicis
554 1483 755 1555 grandi
785 1481 1071 1537 intervallo
1096 1481 1335 1535 invicem
1364 1479 1587 1535 remotis
1617 1480 1686 1533 ita
1711 1478 1894 1537 inserti

318 1587 471 1645 sunt,
508 1586 567 1630 ut
596 1575 908 1635 divaricatis
937 1575 1193 1630 cruribus
1226 1573 1547 1627 distractum
1577 1587 1773 1640 corpus
1801 1587 1897 1640 per

316 1669 522 1727 multos
574 1668 690 1723 dies
741 1666 1018 1720 dirissime
1060 1675 1406 1736 torqueretur
1439 1681 1453 1717 :
1485 1662 1898 1718 intentabantur

314 1761 526 1831 ignium
556 1757 1028 1827 etsuppliciorum
1056 1757 1238 1819 minas,
1266 1770 1331 1810 ac
1351 1754 1633 1825 multiplici
1662 1754 1896 1822 denique

317 1862 592 1911 tormento
619 1849 789 1904 senile
813 1848 1402 1918 corpus,cruciabatur.
1442 1846 1622 1901 Altum
1648 1845 1738 1900 ille
1763 1860 1893 1900 con-

315 1952 428 2009 tra,
456 1952 514 1998 et
540 1952 781 2007 erectum
806 1941 1047 1995 animum
1080 1954 1249 2010 super
1280 1939 1556 1999 fortunam
1588 1951 1808 2008 gerens,
1841 1945 1897 1990 et

313 2037 487 2090 vitam
525 2049 680 2089 suam
711 2042 833 2101 post
858 2032 1060 2087 Christi
1086 2030 1246 2086 iidem
1273 2030 1494 2095 ducens,
1523 2043 1712 2084 omnes
1743 2043 1897 2098 aspe-

316 2128 516 2180 ritates
548 2122 868 2195 supervasit.
902 2123 979 2177 Ac
998 2137 1183 2178 secum
1207 2121 1473 2192 prteclare
1504 2128 1685 2175 actum
1704 2120 1897 2175 existi-

321 2227 545 2279 masset,
592 2217 636 2270 si
681 2226 985 2269 extremum
1027 2214 1094 2267 ab
1134 2228 1199 2269 eo
1239 2213 1569 2282 supplicium
1614 2212 1898 2281 improbus

320 2308 677 2375 expetivissct
704 2308 913 2375 ,judex,
951 2307 1038 2363 cui
1087 2321 1251 2359 unum
1304 2305 1356 2359 id
1390 2303 1493 2359 fuit
1533 2303 1903 2374 propositum,

313 2413 512 2453 omnes
564 2399 808 2468 martyrii
854 2398 1130 2453 cruciatus
1190 2397 1639 2452 innocentissimo
1683 2396 1892 2453 homini

320 2489 585 2561 inﬂigere,
618 2492 867 2546 eumdem
914 2506 1040 2544 vero
1085 2501 1299 2561 sperata
1336 2504 1435 2559 per
1471 2498 1703 2557 mortem
1730 2505 1891 2559 mar-

317 2576 448 2648 tyrii
491 2578 736 2632 mercede
781 2579 1017 2648 privare.
1064 2578 1408 2634 Ostentatum
1458 2579 1642 2648 itaque
1707 2590 1889 2634 certa-

316 2668 484 2724 minis
530 2678 586 2724 et
631 2669 874 2724 laborum
906 2670 1185 2741 praemium
1221 2670 1275 2725 in
1320 2669 1470 2725 aliud
1508 2680 1724 2740 tempus
1756 2670 1892 2725 dila-

312 2775 432 2821 tum
463 2778 565 2822 est.

387 2859 476 2916 ill.
512 2858 624 2928 (26)
654 2858 798 2915 Bene
825 2869 1006 2916 autem
1036 2859 1101 2915 de
1124 2874 1183 2916 se
1222 2861 1417 2929 merito
1443 2862 1729 2933 magistro,
1763 2863 1899 2917 dum,

314 2951 370 3005 in
405 2952 691 3006 tormentis
716 2960 881 3016 esset,
925 2951 1162 3022 optimus
1205 2949 1531 3022 discipulus,
1587 2963 1642 3009 et
1690 2959 1892 3011 veteris

309 3042 571 3096 amicitiae
602 3056 807 3097 memor
826 3041 1114 3114 Dionysius
1136 3042 1533 3101 Alexandrinus
1558 3059 1665 3100 non
1698 3046 1887 3113 defuit,

2000 559 2089 628 qui
2130 559 2528 630 subjectissime
2568 561 2634 615 de
2676 576 2736 616 se
2769 577 2831 618 ac
2870 564 3226 619 demisissime
3262 565 3316 619 in
3354 566 3505 621 libris
3531 586 3560 622 a

2000 665 2058 703 se
2091 650 2192 706 hoc
2235 663 2475 721 tempore
2526 653 2751 723 scriptis
2798 663 2855 708 et
2904 654 3140 725 loquitur
3167 666 3221 710 et
3248 660 3433 713 sentit.
3483 660 3563 714 Ad

2000 741 2117 796 hare
2161 752 2446 812 postquam
2500 744 2554 799 in
2604 746 2982 813 persecutione
3036 747 3265 802 Deciana
3318 751 3562 814 nuntium

2001 833 2219 890 Christo
2253 836 2528 892 remisisse
2557 837 2842 908 Origenem
2873 838 3114 908 scripsit,
3162 841 3310 894 addit
3348 842 3401 895 in
3429 844 3567 896 mul-

2002 934 2087 980 tas
2126 924 2320 981 deinde
2380 927 2632 983 incidi-sse
2695 929 2967 994 haereses,
3016 928 3303 1001 multisque
3348 934 3565 995 errandi

1998 1031 2220 1072 causam
2248 1018 2488 1085 dedisse,
2521 1035 2587 1076 ac
2611 1022 2791 1086 ,multo
2812 1030 2936 1097 post
2959 1030 3201 1099 tempore
3228 1008 3566 1080 Christiano-

1999 1124 2121 1164 rum
2183 1111 2567 1167 communione
2632 1112 2800 1171 fuisse
2855 1114 3125 1187 privatum
3160 1132 3175 1169 :
3210 1129 3329 1186 qua:
3382 1127 3563 1171 secum

1999 1200 2291 1257 manifesto
2335 1212 2596 1274 pugnant,
2656 1219 2777 1260 cum
2820 1204 3106 1275 perpaucis
3154 1215 3280 1261 ante
3317 1196 3569 1277 Origenis

1997 1292 2208 1348 obitum
2252 1296 2412 1350 annis
2455 1294 2745 1352 instinctus
2774 1296 2963 1351 furore
3002 1296 3198 1353 Decius
3243 1299 3568 1357 Christianis

1997 1384 2194 1441 bellum
2244 1385 2519 1463 indixerit.
2562 1387 2855 1445 Sciendum
2903 1402 3168 1459 praeterea
3224 1389 3277 1445 id
3324 1390 3569 1446 hausisse

1998 1476 2362 1553 Nicephorum
2391 1494 2463 1534 ex
2490 1479 2815 1550 Epiphanio,
2848 1482 2938 1555 qui
2967 1483 3108 1536 hanc
3150 1477 3418 1552 Origenis
3441 1498 3565 1553 per-

1997 1565 2320 1620 duelliouem
2376 1583 2607 1623 narrans
2649 1569 2781 1625 hair.
2819 1569 2909 1635 64,
2940 1586 3059 1639 cap.
3106 1570 3161 1635 ἱ,
3201 1570 3269 1626 de
3314 1586 3567 1647 persecu-

1999 1659 2143 1713 tione
2187 1657 2419 1715 Deciana
2459 1661 2625 1715 altum
2677 1662 2822 1727 silet,
2873 1664 3324 1733 quemadmodum
3372 1664 3568 1720 Cedre-

1999 1767 2099 1807 nus
2128 1762 2184 1808 et
2215 1750 2414 1808 Suidas
2446 1772 2460 1808 :
2500 1755 2551 1809 in
2576 1755 2712 1811 libro
2740 1765 2919 1810 autem
2969 1756 3046 1811 De
3085 1774 3249 1811 mens.
3288 1768 3336 1813 et
3374 1760 3566 1829 ponit,

1998 1861 2057 1898 n.
2088 1844 2177 1908 i8,
2208 1859 2329 1899 cum
2372 1844 2619 1900 Deciana:
2648 1845 3045 1913 persecutionis
3088 1849 3355 1913 meminit,
3383 1848 3567 1919 Orige-

1997 1950 2122 1990 nem
2155 1936 2374 2007 quidem
2419 1937 2585 1991 multa
2623 1947 2754 2013 tunc
2797 1952 3109 2006 perpessum
3165 1941 3333 1995 fuisse
3388 1943 3565 2004 docet,

1995 2027 2313 2099 Ethiopem
2342 2043 2473 2083 vero
2503 2030 2817 2099 neutiquam
2843 2044 3255 2088 commemorat.
3288 2032 3399 2105 Nec
3424 2049 3565 2089 cont-

1998 2125 2266 2173 memorat
2319 2125 2470 2173 certe
2527 2114 2763 2173 Joannes
2821 2118 3066 2175 Zonaras
3112 2120 3247 2192 (50),
3299 2121 3389 2191 qui
3441 2138 3563 2176 eum

1998 2217 2179 2264 tamen
2216 2208 2506 2264 tormentis
2531 2209 2734 2265 victum
2757 2209 2857 2264 sub
2874 2210 3053 2265 Decio
3086 2204 3117 2265 a
3143 2211 3245 2271 iide
3273 2213 3566 2269 descivisse

1996 2300 2219 2364 tradit;
2248 2309 2304 2355 et
2333 2301 2651 2371 arrogantia
2691 2299 2894 2356 elatum
2933 2318 3224 2379 pravorum
3255 2305 3564 2377 dogmatum

1994 2401 2270 2453 auctorem
2304 2391 2488 2447 fuisse.
2514 2390 2791 2445 Zonaram
2822 2392 3125 2448 fefellerunt
3170 2394 3310 2449 male
3343 2406 3565 2466 accepta

1943 2488 1948 2493 ”
1994 2484 2107 2537 ιιωο
2132 2484 2422 2553 Ειιίριιειιίἱ
2453 2487 2617 2539 verba
2639 2488 2780 2540 :Kai
2801 2486 2962 2551 αὐτὸς
2990 2487 3049 2539 δὲ
3085 2486 3365 2559 Ὠριγὲνης
3397 2488 3566 2543 πολλὰ

1992 2574 2293 2639 πεπονθὼς,
2324 2577 2403 2640 εἰς
2428 2576 2578 2640 τέλος
2616 2576 2708 2630 τοῦ
2748 2578 3047 2650 μαρτυρίου
3073 2578 3172 2632 οὐκ
3196 2579 3444 2649 ἔφθανεν,
3470 2582 3565 2636 ob-

1992 2678 2170 2723 stante
2199 2669 2454 2723 nimirum
2504 2670 2710 2725 saevitia
2747 2669 2965 2741 judicis,
2996 2686 3100 2725 non
3122 2669 3372 2740 Origenis
3405 2673 3566 2742 perli-

1992 2761 2102 2827 dia,
2150 2761 2444 2831 quominus
2493 2763 2742 2833 martyrii
2797 2748 3056 2818 coronam
3111 2774 3561 2833 consequeretur.

1992 2851 2130 2909 Male
2157 2867 2221 2909 ea
2248 2868 2470 2923 quoque
2502 2853 2779 2910 intellecta
2811 2865 2937 2910 sunt
2959 2856 3027 2909 ab
3059 2856 3347 2913 Anastasio
3370 2856 3564 2913 Biblio-

1991 2945 2255 3012 thecario,
2278 2955 2332 3000 et
2356 2945 2422 3000 ad
2445 2960 2648 2999 annum
2668 2945 2872 3002 Christi
2889 2946 2999 3002 2M
3035 2961 3320 3017 perperam
3345 2946 3517 3003 relata
3541 2966 3559 3003 τ

1991 3053 2100 3107 quo
2123 3054 2271 3093 anno
2294 3038 2582 3108 imperium
2607 3039 2833 3109 adeptus
2861 3048 2945 3095 est
2969 3039 3272 3110 Philippus,
3300 3041 3563 3097 sexennio

309 3131 626 3201 librumque
666 3134 733 3187 ad
777 3148 899 3189 eum
932 3133 1005 3189 De
1036 3135 1292 3206 martyrio
1323 3135 1564 3207 scripsit,
1610 3152 1718 3207 quo
1772 3139 1887 3193 ani-
1913 3149 1959 3210 ε
1991 3146 2165 3200 eoque
2195 3129 2427 3201 amplius
2460 3141 2587 3186 ante
2614 3131 2915 3207 ,DeCianam
2947 3134 3401 3201 persecutionem.
3430 3133 3564 3206 Gly-

310 3240 466 3279 mum
518 3224 592 3279 illi
621 3224 803 3279 dolore
836 3241 898 3282 ac
926 3225 1147 3281 miseria
1190 3228 1560 3284 tabescentem
1593 3228 1885 3303 relevaret.

306 3326 362 3369 et
394 3315 447 3370 ei
493 3315 674 3370 solatii
707 3326 989 3385 praestaret
1020 3318 1217 3387 vicem,
1247 3317 1341 3389 qui
1375 3318 1499 3391 aliis
1536 3319 1682 3376 hanc
1713 3322 1889 3375 omni-

311 3405 421 3461 bus
449 3409 688 3475 praabere
711 3407 903 3463 solitus
929 3418 1064 3464 erat.

383 3496 476 3551 IV.
524 3498 857 3567 Nicephorus
884 3499 1100 3556 Eusebii
1131 3511 1423 3571 perpetuus
1458 3513 1758 3575 assectator
1790 3505 1890 3559 du-

250 3604 255 3609 ‘
308 3605 431 3643 cem
459 3606 615 3643 suum
650 3592 739 3646 hic
771 3592 1006 3659 deserit,
1044 3604 1098 3648 et
1128 3594 1180 3648 in
1219 3603 1443 3651 atroces
1478 3596 1739 3653 adversus
1767 3596 1888 3653 Ori-

309 3696 529 3749 genem,
589 3698 737 3738 inore
793 3686 1094 3740 recentium
1160 3686 1483 3743 Grzecorum
1519 3729 1536 3756 ,
1587 3689 1891 3747 calumnias

311 3771 556 3830 divertit.
599 3775 732 3829 Eum
780 3776 856 3829 ait
893 3778 1173 3840 modestia
1214 3795 1281 3835 ac
1326 3781 1636 3841 Christiana
1677 3782 1889 3838 humili-

317 3870 453 3927 tate,
482 3878 602 3933 qua:
631 3864 890 3919 virtutum
914 3868 1160 3939 omnium
1193 3884 1393 3938 parens
1418 3881 1525 3941 est,
1559 3852 1781 3938 amissa,
1832 3874 1883 3928 in

318 3954 555 4009 Deciana
608 3957 987 4024 persecutione
1037 3963 1327 4016 tormentis
1372 3960 1665 4029 amictum,
1728 3981 1883 4019 suam

312 4045 528 4112 quidem
554 4048 911 4102 constantiam
941 4063 1004 4104 ac
1037 4049 1198 4105 tidem
1233 4049 1497 4108 Ecclesia:
1528 4055 1881 4124 prmstitisse;

313 4151 501 4193 verum
530 4142 749 4196 admoto
784 4141 1041 4211 .Ethiope
1075 4143 1165 4213 qui
1198 4144 1506 4199 castissimo
1529 4146 1741 4216 corpori
1772 4146 1887 4202 illu-

314 4231 494 4296 deret,
525 4232 687 4286 thura
717 4233 823 4289 diis
853 4235 1073 4289 adolere
1106 4235 1395 4302 maluisse,
1428 4251 1592 4305 quam
1620 4237 1883 4304 ejusmodi

314 4321 573 4387 probrum
604 4322 659 4376 in
688 4337 747 4377 se
785 4324 1076 4381 admittere
1106 4343 1119 4377 :
1149 4335 1317 4396 atque
1346 4329 1471 4383 inde
1502 4329 1682 4383 divina
1711 4332 1884 4399 gratia

313 4427 432 4465 cum
465 4414 777 4481 excidisset,
818 4418 872 4470 iu
908 4420 1092 4474 varias
1119 4420 1354 4475 haereses
1397 4421 1698 4490 delapsum,
1743 4410 1881 4486 mul-

1989 3240 2084 3280 oas
2098 3233 2276 3280 autem
2298 3223 2600 3294 Epiphanio
2626 3225 2850 3280 adhaesit
2868 3224 3003 3297 (5|).
3020 3225 3358 3295 Nicephorus
3374 3226 3558 3297 igitur,

1989 3318 2082 3388 qui
2119 3318 2222 3372 hoc
2254 3300 2613 3391 loco'videtur
2646 3316 3010 3388 Epiphanium
3042 3328 3279 3374 sectatus
3299 3358 3315 3385 ,
3353 3328 3409 3374 et
3435 3320 3560 3390 qui-

1988 3426 2203 3482 cunque
2236 3411 2341 3468 boc
2377 3410 2629 3485 Origenis
2657 3410 2868 3466 facinus
2892 3411 3141 3467 Deciana
3160 3411 3560 3483 persecutionis

1990 3504 2325 3573 temporibus
2351 3504 2659 3575 assignant,
2692 3502 2916 3557 minime
2948 3502 3171 3572 quidem
3200 3503 3560 3577 Epiphanium

1992 3607 2273 3653 auctorem
2319 3598 2543 3653 habent.
2564 3580 2565 3583 η
2586 3594 2702 3651 imo
2748 3610 2896 3661 vero,
2928 3605 3115 3665 aperte
3145 3596 3250 3650 illis
3280 3595 3559 3651 contradi-

1985 3702 2134 3753 cere,
2187 3687 2233 3741 si
2276 3686 2402 3755 quis
2428 3685 2510 3740 ad
2544 3684 2880 3747 narrationis
2916 3684 3070 3745 illius
3100 3695 3412 3753 contextum
3443 3684 3560 3747 ani-

1990 3777 2322 3842 madvertat,
2359 3775 2521 3847 plane
2552 3775 2857 3851 fatebitur:
2892 3774 2948 3828 id
2978 3774 3178 3845 quippe
3217 3773 3559 3829 Alexandria

1988 3870 2287 3949 contigisse
2316 3869 2552 3932 scribit,
2594 3877 2756 3936 atque
2797 3866 3087 3938 Origenetn
3121 3866 3323 3922 idcirco
3352 3867 3420 3922 ab
3455 3867 3557 3939 Ec-
3598 3886 3603 3892 ·

1987 3963 2157 4018 clesia
2204 3960 2391 4021 fuisse
2443 3960 2745 4030 dejectum;
2793 3974 3028 4029 cumque
3077 3972 3151 4013 se-
3190 3958 3373 4023 irrisui
3424 3974 3557 4027 esse

1987 4052 2318 4125 perdoleret,
2340 4052 2515 4123 patria
2541 4049 2950 4105 excessisse.At
2974 4049 3209 4104 Deciana
3228 4058 3558 4121 tempestate

1988 4160 2162 4211 neque
2200 4144 2542 4198 Alexandria:
2568 4144 2745 4197 fuisse
2779 4142 3312 4215 g0rigenem,.neque
3346 4144 3415 4198 ab
3453 4142 3558 4197 Ec‘

1985 4238 2168 4293 clesia:
2198 4237 2583 4292 communione
2615 4245 2986 4305 segregatum,
3022 4249 3195 4305 neque
3229 4234 3554 4290 Alexandria
3610 4276 3618 4287 .

1988 4329 2150 4383 fuisse
2207 4326 2508 4398 profectum
2557 4325 2655 4381 vel.
2683 4325 2871 4380 docuit
2920 4327 3231 4396 quisquam,
3276 4323 3370 4379 vel
3405 4325 3554 4380 credi

1988 4426 2201 4489 potest;
2234 4428 2289 4471 et
2320 4432 2385 4471 ex
2419 4416 2663 4479 Eusebii,
2691 4416 2973 4483 ipsiusque
2998 4413 3285 4485 Nicephori
3304 4454 3318 4480 ,
3343 4421 3398 4467 et
3424 4413 3554 4466 alio-

311 4504 491 4575 tisque
538 4507 592 4560 in
634 4523 874 4563 errorem
937 4511 1196 4577 inductis,
1259 4514 1326 4566 ab
1381 4513 1622 4583 Ecclesia
1674 4515 1878 4570 Christi
1913 4506 1958 4561 Β
1987 4506 2372 4565 ΐυῐηιιὶειοΐῖίε
2392 4505 2528 4561 Salis
2547 4503 3352 4579 Γθῖειιῖῑυνι(52)(ὶιιωίιιιῖάθῐη
3375 4503 3553 4573 omnia

312 4591 468 4666 longo
500 4607 619 4666 post
646 4612 885 4670 tempore
902 4602 1074 4659 fuisse
1095 4604 1535 4661 esterminatum.
1565 4605 1692 4662 Haec
1718 4609 1880 4662 habet

312 4687 647 4757 Nicephorus
684 4689 825 4764 (27),
854 4709 972 4763 qua:
1006 4695 1073 4750 ad
1109 4696 1369 4753 veritatis.
1410 4698 1667 4751 amussim
1721 4713 1867 4753 revo-

308 4792 463 4858 cata,
495 4793 552 4838 et
605 4798 728 4841 cum
786 4795 1029 4841 veterum
1077 4788 1324 4859 scriptis.
1378 4789 1518 4844 unde
1564 4791 1887 4863 deprompta

311 4886 454 4940 sunt,
507 4874 783 4943 condicta,
838 4876 998 4932 ﬁdem
1050 4894 1204 4934 suam
1263 4881 1581 4949 decoquent.
1626 4880 1871 4936 Nimiam

308 4963 449 5017 enim
501 4965 603 5018 sibi
657 4966 967 5036 superbiam
1020 4977 1147 5032 tunc
1199 4970 1493 5039 sumpsisse
1543 4968 1863 5040 Origeneut,

309 5055 554 5121 quamvis
574 5065 702 5125 ante
719 5056 1080 5127 Nicephorum
1103 5060 1423 5131 scripserint
1444 5061 1759 5131 Anastasius
1781 5061 1875 5118 Bi-

376 5295 488 5371 (26)
527 5297 751 5371 Ειιεθιι.2
779 5297 914 5352 Hist.
939 5299 1093 5371 cccl.,
1113 5300 1206 5355 lib.
1238 5317 1310 5365 vt,
1343 5318 1460 5371 cap.
1486 5301 1585 5355 46.
1609 5301 1745 5359 Bene
1768 5319 1869 5357 au-

309 5375 406 5419 tem
441 5368 504 5419 de
527 5385 582 5420 se
619 5368 806 5422 merito
848 5370 1118 5437 magistro,
1151 5372 1275 5425 dum
1310 5373 1362 5427 in
1400 5368 1673 5427 [armentis
1713 5383 1890 5436 esset,

307 5447 413 5511 etc.
485 5438 619 5511 Cum
674 5439 938 5511 Eusebius
989 5439 1228 5511 libellum
1283 5442 1358 5499 Ds
1417 5444 1676 5511 martyrio
1731 5444 1872 5497 inter

307 5506 559 5582 epistolas
628 5508 785 5576 paulo
840 5518 961 5576 post
1023 5509 1471 5582 Decii__stragetn
1523 5506 1582 5565 a'
1618 5512 1872 5582 Dionysio

311 5577 532 5648 scriptas
588 5589 902 5641 recenseat,
956 5578 1251 5648 verisimile
1298 5577 1400 5636 non
1446 5584 1657 5637 videtur
1705 5577 1870 5648 hunc,

309 5642 431 5722 dum
467 5648 518 5700 in
546 5649 834 5703 tormentis
873 5656 1018 5704 esset
1045 5646 1328 5718 Origenes,
1359 5650 1523 5709 fuisse
1553 5669 1584 5707 a
1618 5642 1872 5722 Dionysio

310 5715 657 5773 elaboratum.

381 5786 493 5856 (27)
530 5788 755 5859 Niceph.
790 5787 877 5843 lib,
919 5803 967 5855 ν,
1002 5802 1120 5857 cap.
1150 5789 1236 5855 32.

1992 4601 2119 4656 huic
2170 4599 2415 4669 apprime
2456 4599 2600 4657 artati
2651 4598 3001 4660 conveniunt,
3056 4596 3108 4655 in
3160 4611 3320 4664 quam
3355 4595 3554 4650 factum

1991 4694 2121 4750 illud
2151 4692 2508 4762 coujecimus.
2537 4689 2670 4744 Nam
2700 4700 2753 4743 et
2781 4702 2893 4743 tum
2926 4686 3273 4743 Alexandria:
3297 4686 3553 4741 versaba-

1989 4795 2075 4839 tur
2136 4782 2435 4852 Origenes,
2485 4792 2540 4837 et
2597 4782 2779 4835 statim
2832 4789 2953 4850 post
3004 4778 3267 4851 ﬂagitium
3335 4778 3553 4846 reliquit

1984 4874 2396 4937 Alexandriam,
2424 4883 2479 4927 et
2504 4889 2532 4926 a
2555 4872 2991 4929 Christianorum
3020 4873 3279 4941 societate
3300 4871 3552 4942 depulsus

1981 4979 2085 5033 est,
2120 4983 2222 5023 nec.
2256 4966 2427 5021 multo
2459 4978 2579 5037 post
2615 4965 3012 5037 Jerusolymam
3042 4964 3209 5030 adiit,
3245 4964 3336 5019 ubi
3368 4965 3420 5017 in
3452 4979 3551 5034 pu-

1980 5064 2125 5120 blico
2152 5060 2585 5117 Christianorum
2620 5072 2761 5115 creta
2794 5059 3141 5116 commissum
3165 5057 3340 5117 scelus
3369 5058 3543 5129 lacry-

2049 5299 2161 5369 (28‘t
2198 5301 2388 5359 Anast.
2428 5301 2477 5358 in
2505 5299 2645 5354 Hist.
2676 5300 2741 5355 ad
2776 5316 2867 5361 an.
2903 5298 3101 5361 Christi
3128 5298 3253 5354 2M.

2067 5373 2157 5439 Q9)
2188 5372 2383 5431 Zonar.
2422 5369 2561 5429 Hist.
2598 5371 2689 5427 lib.
2726 5386 2782 5424 tt.

2068 5441 2158 5501 50)
2190 5442 2265 5494 Id.
2301 5442 2431 5496 ibid.

2047 5513 2162 5582 (5i)
2195 5513 2363 5581 ~Glyc.
2394 5512 2612 5576 Annal.,
2641 5522 2780 5580 part.
2817 5527 2899 5565 ιιι.

2048 5579 2162 5653 (52)
2202 5579 2333 5646 Quis
2359 5582 2570 5653 quidem
2593 5579 2769 5653 omnia
2793 5582 2918 5653 huic
2948 5580 3179 5653 opprime
3224 5579 3542 5653 conueniunt

1976 5650 2149 5714 attriti,
2172 5653 2229 5705 in
2262 5668 2418 5721 quam
2448 5650 2645 5721 factum
2677 5650 2812 5721 illud
2861 5652 3196 5721 coujecimus.
3222 5651 3350 5721 Vide
3374 5664 3535 5720 supra

1980 5725 2033 5776 in
2063 5737 2182 5790 cap.
2212 5718 2446 5785 2,‘nutn.
2480 5721 2568 5786 l3,
2599 5718 2690 5775 ubi
2714 5719 2852 5781 hanc
2884 5718 3164 5793 Epiphauii
3195 5722 3260 5779 de
3289 5718 3543 5791 Origenis

1980 5791 2278 5851 biololatria
2303 5791 2533 5848 fabulatur
2555 5789 2896 5851 desu'uitnus.

1980 5807 2278 5851 utototatrta
2303 5807 2533 5848 laUUIillll
2555 5807 2896 5851 uesu'uttnus.
