4020 6306
274 394 378 463 693

1333 394 1905 455 ORIGENIANORUM
1948 394 2074 448 LIB.
2114 395 2154 459 ι,
2194 392 2347 448 CAP.
2392 390 2479 447 IV.

3421 385 3523 441 δςιι

276 530 462 577 cerent
496 520 747 591 Origenis
772 516 1088 585 adversarii,
1109 515 1251 586 quod
1270 514 1393 569 licet
1413 512 1845 569 sacriﬁcaturum
1879 516 1921 569 Α
1955 509 2107 563 nobis
2135 507 2313 562 fucum
2344 507 2625 561 facientes.
2660 505 2723 557 Et
2753 515 2865 558 tum
2900 502 2979 557 vel
3004 502 3236 557 maxime
3268 517 3390 556 sese
3419 503 3525 554 cri-

272 630 330 669 se
364 612 679 682 recepisset,
714 627 818 666 non
848 611 964 681 ipse
990 619 1188 683 tamen,
1219 605 1312 660 sed
1334 604 1426 671 qui
1458 618 1581 658 eum
1616 602 1845 656 circnm-

271 704 488 759 stabant
533 703 792 758 facinoris
826 711 1075 757 auctores
1108 708 1163 754 et
1217 696 1559 766 impulsores.
1600 693 1847 746 manibus

270 797 384 867 ejus
409 796 764 867 apprehensis
781 803 835 849 et
848 793 1116 856 excussis,
1131 791 1234 861 ipsi
1260 789 1571 843 viderentur
1589 785 1705 840 foco
1729 785 1850 840 thus

270 888 538 954 intulisse,
567 888 710 957 quod
739 886 865 942 licet
893 886 961 941 ab
990 883 1235 940 Ecclesia
1264 882 1455 937 fuisset
1480 883 1549 936 oh
1578 896 1695 934 eam
1720 894 1852 933 cau-

268 996 381 1036 sam
415 981 627 1052 ejectus
657 978 915 1036 Demetrii
960 976 1429 1047 compluriumque
1472 973 1847 1043 episcoporum

266 1074 489 1142 judicio,
542 1074 609 1129 ab
680 1071 989 1127 Alexandro
1048 1078 1228 1124 tamen
1282 1077 1336 1122 et
1373 1063 1684 1121 Theoctisto
1735 1061 1848 1130 epi-

270 1164 457 1235 scopis
477 1174 623 1220 tanta
651 1175 793 1219 esset
808 1163 1075 1218 cltaritate
1094 1169 1398 1230 susceptus,
1429 1158 1650 1228 ejusque
1672 1164 1852 1225 patro-

267 1256 475 1311 cinium
523 1266 673 1310 tanto
720 1254 900 1311 studio
932 1252 1228 1323 complexa:
1260 1260 1444 1306 essent
1481 1250 1715 1313 Arabiae,
1752 1248 1851 1304 Pa-

271 1348 524 1409 lzestinac,
584 1347 876 1403 Phteniciaa
904 1354 959 1400 et
1003 1343 1223 1400 Achaia:
1271 1342 1555 1405 Ecclesiae,
1593 1354 1652 1395 nt
1685 1357 1747 1395 ea
1794 1354 1851 1395 re

273 1441 392 1495 fere
417 1440 667 1495 criminis
701 1438 945 1510 depulsio
985 1439 1391 1500 contineretur;
1423 1434 1564 1505 quod
1609 1434 1735 1488 licet
1760 1448 1853 1487 ca-

273 1533 458 1603 pitalis
505 1532 576 1586 sit
616 1531 700 1585 vel
738 1531 921 1585 tenuis
951 1530 1202 1585 admissae
1230 1526 1545 1583 idololatria:
1592 1524 1851 1595 suspicio,

270 1636 324 1681 et
352 1626 596 1695 graviter
637 1638 891 1694 peccasse
924 1621 1214 1692 Origenem
1239 1620 1515 1674 fatendum
1557 1618 1650 1683 sit,
1705 1619 1855 1672 mini-

270 1732 357 1771 me
400 1727 583 1770 tamen
632 1715 733 1768 hoc
779 1713 998 1767 nomine
1046 1721 1233 1781 posset
1279 1708 1548 1774 accusari,
1577 1710 1706 1778 quin
1736 1710 1855 1777 ejus

271 1808 472 1876 ingens
500 1806 777 1876 pudicitia:
817 1805 1056 1858 studium
1101 1819 1205 1858 una
1261 1801 1675 1872 praedicaretur;
1709 1801 1851 1871 quod

1956 603 2089 657 ticos
2120 602 2229 657 dici
2283 609 2494 663 amant,
2550 598 2761 665 sibique
2810 595 3051 662 placent,
3097 594 3311 664 quando
3367 593 3524 646 nobis

1952 702 2237 749 auctorum
2268 692 2470 755 larvas,
2502 690 2647 744 veris
2681 688 2812 757 ipsis
2844 685 3158 740 deformatis
3184 684 3520 747 aucloriBus,

1955 785 2295 853 olijecerunt.
2326 784 2506 853 Atque
2548 781 2664 836 hinc
2719 779 2887 849 pestis
2921 777 3051 831 nihil
3090 793 3194 829 non
3232 787 3520 846 pervagata

1951 888 2053 935 est.
2086 878 2342 933 Plurimae
2388 876 2604 946 quidem
2642 874 2833 929 sordes
2869 872 2952 924 Vel
2989 886 3084 940 per
3125 871 3380 940 temporis
3407 872 3525 924 diu-

1953 973 2293 1036 turnitatem,
2348 968 2429 1023 vel
2490 982 2586 1036 per
2638 965 2984 1021 librariorum
3031 962 3332 1017 socordiam
3382 962 3525 1014 anti-

1952 1079 2180 1135 quorum
2206 1061 2426 1130 scriptis
2452 1057 2602 1113 allini
2637 1068 2803 1127 atque
2836 1054 3208 1109 adhterescere
3231 1052 3347 1104 sita:
3368 1059 3520 1116 sunt;

1952 1168 2011 1212 at
2042 1170 2135 1211 eas
2169 1152 2383 1210 nonnisi
2418 1152 2735 1206 manifestas
2771 1147 2899 1213 elui,
2937 1161 3036 1199 nec
3086 1142 3379 1213 quidquam
3425 1142 3525 1194 nisi

1955 1248 2037 1304 vel
2072 1263 2233 1302 manu
2287 1245 2617 1314 scriptorum
2649 1240 2896 1296 codicum
2945 1253 3069 1307 ope,
3124 1237 3208 1291 vel
3258 1235 3422 1288 certis
3472 1243 3529 1285 et

1954 1338 2298 1394 evidentibus
2328 1333 2668 1404 argumentis
2700 1331 2956 1402 supponi,
2993 1339 3048 1384 et
3078 1330 3131 1382 in
3164 1338 3318 1380 notas
3350 1325 3529 1392 potius

1955 1446 2108 1489 extra
2141 1431 2379 1486 auctoris
2406 1428 2577 1499 ipsius
2603 1436 2948 1488 contextum,
2979 1420 3333 1493 quantumvis
3372 1428 3527 1471 acute

1956 1526 2227 1595 cogitatas
2274 1521 2620 1590 conjecturas
2655 1520 2809 1589 rejici
2849 1518 3032 1574 velim.
3069 1514 3175 1570 Sed
3227 1513 3343 1568 haec
3371 1517 3531 1567 erant

1957 1620 2181 1674 alterius
2213 1615 2338 1668 loci.
2375 1612 2528 1668 Nunc
2562 1615 2626 1667 ad
2663 1628 2800 1667 rem.

2030 1710 2114 1764 Vl.
2166 1708 2344 1775 Quoto
2376 1704 2523 1760 Decii
2579 1719 2723 1760 anno
2749 1703 3079 1759 cruciatibus
3138 1710 3312 1757 tortus
3367 1698 3532 1753 fuerit

1956 1801 2250 1872 Origenes,
2309 1797 2588 1864 nescitur;
2631 1805 2686 1850 at
2734 1811 2855 1850 cum
2903 1795 3176 1850 biennium
3231 1792 3427 1847 Decius
3475 1791 3528 1844 in

267 1900 510 1968 denique
532 1898 668 1951 diris
701 1900 803 1951 sub
849 1895 1009 1952 Decio
1033 1894 1291 1965 singulari
1316 1893 1621 1950 constantia
1655 1892 1852 1949 tolera-
1891 1895 1931 1949 Β
1963 1895 2191 1965 imperio
2212 1907 2319 1947 non
2342 1890 2658 1962 expleverit,
2691 1890 2823 1943 levis
2841 1899 2925 1943 est
2942 1887 3224 1942 dubitatio.
3244 1886 3299 1941 Id
3320 1887 3531 1939 videtur

268 1993 341 2046 tis
374 1990 685 2054 tormentis,
729 1987 929 2057 prioris
980 1988 1228 2042 criminis
1259 2002 1454 2041 noxam
1489 1986 1627 2041 satis
1669 2002 1851 2041 corre-

266 2079 444 2142 xisse,
471 2074 887 2146 ejusque'luisse
920 2089 1133 2145 pmnas,
1166 2085 1221 2131 et
1247 2076 1531 2145 pristinam
1571 2075 1851 2131 mollitiem

267 2164 530 2233 expiasse
552 2165 848 2220 videretur.
898 2164 1079 2232 Atque
1129 2164 1318 2219 iisdem
1371 2163 1485 2219 fere
1532 2165 1853 2229 rationibus,

267 2254 565 2320 quominus
613 2254 665 2306 id
713 2253 1035 2307 Christianis
1080 2254 1452 2321 exprobraret,
1507 2254 1851 2310 absterritum

271 2344 448 2399 fuisse
476 2344 831 2415 Porphyrium
872 2344 1149 2400 existimo.
1176 2344 1328 2411 Quod
1370 2344 1547 2399 nullus
1569 2360 1699 2417 ergo
1723 2346 1854 2403 vitio

269 2438 530 2502 dederat,
584 2436 939 2508 quamobrem
990 2439 1287 2507 quisquam
1340 2449 1662 2506 excusaret,
1713 2441 1853 2495 ratio

269 2528 418 2582 nulla
460 2529 582 2586 fuit.
618 2528 746 2585 Inde
773 2545 871 2599 par
902 2530 1041 2598 apud
1074 2529 1273 2584 multos
1296 2544 1359 2583 ea
1381 2530 1445 2585 de
1473 2545 1530 2583 re
1555 2530 1847 2586 silentium.

271 2619 567 2674 Eusebium
593 2630 796 2685 autem,
846 2636 941 2675 cur
971 2622 1023 2674 id
1054 2620 1343 2675 scribendo
1385 2622 1849 2690 prmtermitteret,

268 2726 335 2765 eo
372 2709 544 2765 fuisse
572 2710 862 2779 impulsum
888 2710 1003 2780 jam
1031 2726 1194 2780 supra
1224 2710 1359 2776 dixi,
1380 2711 1431 2765 in
1467 2714 1609 2781 quod
1640 2713 1692 2767 in
1710 2714 1852 2783 Apov

270 2803 415 2873 togia
447 2820 543 2873 pro
566 2802 793 2875 Origene
829 2804 931 2859 hoe
983 2813 1037 2858 et
1089 2802 1353 2871 ejusmodi
1385 2803 1614 2874 plurima
1663 2805 1853 2863 fuisset

272 2896 621 2965 complexus,
651 2910 774 2965 quas
814 2897 880 2949 ad
918 2895 1174 2951 Historiae
1216 2914 1330 2955 suae
1358 2899 1692 2965 propositum
1745 2916 1848 2954 non

272 2990 504 3044 omnino
540 2991 911 3056 accommoda,
947 2991 1146 3061 quippe
1177 2994 1268 3061 qui
1326 3007 1412 3047 res
1438 2992 1503 3046 ad
1539 2992 1851 3048 universam

271 3081 576 3136 Ecclesiam
605 3090 910 3152 speet-antes
933 3092 1346 3153 exsequeretur,
1365 3094 1611 3153 repetere
1635 3085 1853 3156 insuper

269 3175 485 3230 habuit.
530 3174 725 3229 Jacent
756 3177 925 3245 igitur
974 3176 1203 3231 collecta
1253 3193 1281 3230 a
1322 3175 1557 3233 Baronio
1591 3178 1853 3235 adversus

271 3268 423 3320 hunc
456 3266 747 3336 Epiphanii
805 3268 981 3321 locum
1025 3278 1369 3338 argumenta,
1404 3286 1564 3339 quem
1597 3270 1678 3325 vel
1738 3273 1850 3341 ipsa

270 3359 401 3430 styli
463 3360 785 3425 similitudo,
817 3371 875 3415 ut
910 3370 1061 3417 recte
1126 3363 1332 3417 notavit
1380 3362 1661 3429 Petavius,
1719 3366 1850 3421 satis

272 3449 582 3520 Epiphanio
612 3451 904 3520 adjudicat.

339 3540 414 3595 V.
444 3542 675 3597 Cautius
699 3543 949 3611 equidem
988 3562 1053 3601 ac
1096 3547 1432 3601 reverentius
1482 3547 1849 3618 antiquorum,

271 3631 617 3686 scd'Patrnm
666 3636 966 3702 praesertim
1025 3646 1370 3690 monumenta
1408 3638 1602 3707 attingi
1634 3640 1848 3693 vellem.

270 3724 409 3778 Nam
447 3728 696 3794 quamvis
721 3739 904 3793 parce,
938 3736 991 3778 et
1021 3741 1123 3781 non
1157 3727 1277 3781 sine
1310 3727 1489 3797 aliqua
1539 3729 1850 3783 verisimili-

274 3816 468 3869 tudine
522 3830 715 3871 manus
745 3814 1051 3886 Epiphanio
1086 3817 1330 3873 attulerit
1380 3820 1481 3873 hoc
1535 3819 1653 3875 loco
1685 3820 1851 3875 Baro-

274 3905 421 3969 nius,
460 3905 622 3959 homo
647 3913 705 3957 ut
746 3907 1020 3961 excellens
1050 3908 1169 3977 ejus
1210 3909 1506 3979 ingenium,
1528 3917 1582 3965 et
1603 3912 1847 3982 singula-

275 4011 391 4050 rem
436 3997 741 4051 doctrinam
762 3997 975 4063 sileam,
1010 3999 1377 4070 sagacissime:
1417 4004 1471 4056 in
1506 4012 1623 4058 arte
1659 4005 1848 4060 critica

272 4098 325 4142 et
354 4091 641 4143 acerrima:
670 4090 819 4146 naris
840 4107 857 4158 ;
879 4092 981 4145 hoc
1000 4101 1178 4147 tamen
1208 4093 1513 4164 exemplum
1539 4095 1592 4151 in
1613 4111 1850 4167 sequens

272 4197 446 4236 aevum
482 4182 656 4237 labem
683 4184 898 4238 trahere
930 4194 1129 4254 p0test,
1152 4194 1210 4239 ut
1232 4185 1364 4239 tanti
1390 4186 1492 4242 viri
1528 4190 1851 4245 auctoritate

274 4275 519 4345 producti
572 4275 795 4331 litterati
842 4276 1124 4344 homines,
1201 4280 1520 4335 veneranda:
1570 4287 1849 4339 vetustatis

273 4365 532 4432 operibus
565 4364 808 4430 illudere,
847 4381 1018 4436 eaque
1045 4369 1111 4421 ad
1164 4368 1376 4425 libitum
1412 4388 1729 4443 recoquere,
1785 4391 1849 4430 ac

275 4455 588 4511 incudisuaa
616 4458 840 4512 reddere
860 4456 1092 4515 fortasse
1110 4464 1292 4517 ausuri
1310 4465 1441 4520 sint.
1466 4466 1697 4532 Quaesivi
1719 4483 1849 4522 sane

275 4547 499 4601 multum
531 4563 596 4607 ac
622 4547 737 4614 diu,
775 4550 965 4619 plusne
988 4555 1245 4621 perniciei
1273 4556 1327 4609 in
1369 4557 1577 4612 litteras
1602 4573 1669 4614 an
1703 4559 1849 4614 utili-

1959 1979 2103 2041 anno
2127 1984 2335 2041 Christi
2364 1982 2492 2051 950,
2525 1982 2776 2051 Origenis
2807 1996 2929 2042 va,
2964 1979 3387 2034 attribuendnm.
3423 1977 3531 2032 Nec

1956 2088 2183 2148 apparet
2224 2077 2355 2131 item
2414 2074 2692 2146 quomodo
2732 2072 2965 2127 vinculis
3005 2072 3221 2141 elapsus
3268 2072 3358 2125 sit.
3421 2070 3530 2140 Ego

1957 2187 2089 2226 vero
2119 2171 2168 2224 id
2200 2184 2297 2240 per
2328 2168 2538 2223 obitum
2573 2166 2717 2220 Decii
2748 2165 3038 2234 contigisse
3084 2163 3311 2231 opinor;
3362 2176 3470 2230 quo
3498 2176 3528 2214 a

1956 2263 2205 2319 barbaris
2232 2261 2409 2317 deleto
2454 2275 2579 2315 cum
2613 2259 2879 2319 exercitu,
2924 2256 3207 2325 impcrimu
3242 2255 3531 2323 capessivit

1959 2356 2148 2412 Vibius
2171 2355 2378 2419 Gallus,
2432 2352 2608 2408 ascito
2637 2352 2688 2406 in
2721 2350 3058 2406 consortium
3092 2348 3381 2404 Volusiano
3399 2348 3528 2401 ﬁlio.

1956 2448 2109 2504 Tunc
2137 2448 2281 2503 enim
2319 2445 2688 2516 tranquillatis
2714 2442 3146 2498 Christianorum
3166 2442 3349 2503 rebus,
3370 2440 3526 2495 liber-

1956 2549 2123 2595 tatem
2158 2553 2373 2609 quoque
2422 2551 2573 2593 suam
2621 2536 2875 2605 adeptum
2913 2532 3197 2604 Origenem
3241 2530 3533 2586 verisimile

1954 2641 2059 2688 est.
2086 2630 2199 2703 (41)
2228 2631 2297 2684 At
2330 2643 2396 2683 ne
2424 2636 2535 2681 tum
2566 2626 2783 2696 quidem
2809 2633 2940 2679 mtas
2971 2625 3038 2678 ad
3062 2624 3272 2679 senium
3305 2621 3530 2683 devexa,

1954 2722 2237 2776 laboribus
2265 2718 2520 2785 fractum,
2545 2718 2658 2771 otio
2684 2732 2749 2770 ac
2784 2716 2991 2771 desidia
3020 2714 3249 2769 mollivit
3276 2732 3290 2768 :
3320 2714 3411 2767 sed
3445 2715 3532 2766 vix

1954 2811 2277 2884 aegritudine
2312 2810 2592 2866 relaxatus
2629 2822 2693 2863 ac
2719 2807 2967 2871 miseria,
2993 2821 3113 2877 qua:
3140 2821 3261 2860 eum
3291 2805 3342 2858 in
3386 2804 3531 2858 Decii

1956 2906 2172 2959 laniena
2226 2919 2369 2974 pene
2416 2902 2662 2970 eliserat,
2688 2900 2811 2956 aliis
2851 2915 2988 2970 quos
3044 2896 3532 2954 eademalllixerat

1954 2998 2166 3063 clades,
2185 2998 2336 3051 utilia
2364 2995 2557 3051 solatia
2582 3009 2680 3064 per
2707 2992 2967 3063 epistolas
3005 2989 3458 3047 subministravit.
3476 2989 3531 3043 Id

1957 3088 2317 3143 ostendebant
2344 3086 2645 3141 innumerae
2673 3082 2790 3151 ejus
2837 3081 3099 3152 epistolae,
3127 3096 3248 3151 quae
3275 3092 3394 3150 post
3422 3081 3530 3137 De-

1956 3178 2171 3232 cianam
2212 3175 2570 3231 vastationem
2596 3174 2833 3243 scriptte,
2857 3181 2911 3227 et
2945 3171 3114 3227 multo
3137 3183 3263 3242 post
3293 3188 3324 3225 a
3354 3172 3456 3241 piis
3478 3182 3532 3227 et

1881 3266 1925 3327 C
1956 3267 2213 3324 studiosis
2238 3267 2550 3322 hominibus
2568 3274 2817 3332 servatae,
2841 3272 3110 3319 vetustate
3126 3266 3338 3320 demum
3357 3264 3531 3332 perie-

1963 3370 2109 3415 runt.
2141 3360 2334 3416 Aliane
2370 3369 2644 3430 praeterea
2666 3368 2793 3412 ante
2817 3368 3050 3413 mortem
3078 3357 3279 3412 litteris
3307 3356 3531 3410 manda-

1958 3454 2117 3518 verit,
2156 3454 2414 3523 quoniam
2450 3452 2516 3507 de
2542 3466 2607 3506 eo
2641 3449 2774 3507 nihil
2817 3450 3026 3517 antiqui
3071 3450 3367 3518 scriptores
3419 3456 3523 3500 trao

1958 3545 2172 3613 didere,
2201 3553 2542 3613 compertum
2575 3559 2680 3599 non
2706 3553 2810 3597 est.
2854 3544 2952 3597 Vix
2994 3541 3146 3595 credi
3203 3548 3383 3593 tamen
3436 3553 3532 3607 po-

1959 3649 2084 3703 test,
2102 3638 2634 3708 impatientissimum
2656 3637 2754 3691 otii
2777 3637 3050 3706 ingenium
3079 3633 3146 3686 ab
3162 3640 3379 3687 assueto
3397 3631 3502 3684 scri
3516 3661 3530 3671 -

1959 3732 2118 3785 bendi
2159 3730 2367 3792 labore,
2396 3744 2505 3798 quo
2538 3737 2613 3782 tot
2635 3728 2952 3782 elucubrata
2985 3725 3233 3780 feruntur
3269 3724 3525 3776 librorum

1960 3823 2147 3887 millia,
2182 3819 2578 3890 conquievisse.

2031 3915 2142 3969 VII.
2197 3911 2311 3984 (42)
2337 3911 2569 3981 Jamque
2620 3924 2808 3965 novem
2854 3928 2918 3965 ac
2954 3908 3232 3979 sexaginta
3271 3908 3532 3976 Origenes

1958 4004 2272 4059 confecerat
2305 4018 2498 4068 annos,
2535 4017 2656 4056 cum
2701 4001 2886 4056 labore
2914 4010 2968 4054 et
3018 4016 3174 4054 amns
3223 4009 3530 4054 contectum

1961 4097 2284 4166 tempestiva
2318 4110 2463 4149 mors
2489 4094 2625 4165 Tyri
2649 4094 3005 4163 consumpsit,
3024 4108 3165 4146 anno
3189 4104 3307 4165 post
3331 4090 3530 4145 Christi

1958 4201 2138 4245 ortum
2172 4188 2456 4256 ἓὸιιεᾳυο
2478 4201 2622 4242 anno
2650 4184 2979 4242 Interamnae
3028 4183 3216 4239 Gallus
3263 4191 3318 4239 et
3368 4183 3532 4238 Votu-

1956 4282 2142 4336 sianus
2173 4280 2442 4335 interfecti
2463 4289 2607 4334 sunt.
2636 4278 2771 4333 Cum
2795 4280 3281 4333 enim‘natumeum
3307 4275 3531 4329 demon-

1959 4368 2321 4424 straverimus
2352 4382 2493 4423 anno
2528 4377 2643 4438 post
2681 4367 2956 4424 Christum
3008 4366 3131 4432 185,
3165 4364 3393 4434 adjectis
3437 4363 3529 4427 69,

1957 4470 2092 4531 quot
2116 4462 2239 4515 vitae
2268 4460 2508 4530 explevit
2547 4475 2743 4526 annos,
2775 4462 2998 4515 omnino
3041 4457 3271 4514 elﬁcitur
3317 4471 3530 4510 summa

1956 4568 2223 4608 annorum
2258 4553 2387 4608 254.
2419 4552 2678 4619 Quamvis
2705 4560 2884 4605 autem
2918 4552 2989 4604 ita
3021 4552 3307 4619 scripserit
3358 4548 3529 4602 Euse-

278 4637 403 4693 tatis‘
437 4639 628 4694 critica
657 4655 750 4696 ars
778 4640 1193 4710 intulerit.Quot
1215 4645 1359 4699 enim
1390 4662 1518 4701 sana
1551 4658 1605 4703 et
1636 4649 1844 4719 integra

1955 4648 2073 4702 hius
2104 4646 2215 4718 (45)
2234 4663 2247 4699 :
2265 4646 2517 4699 Δέκιον...
2554 4646 2968 4715 κατασφαγέντα
2990 4644 3184 4708 Γάλλος
3206 4643 3525 4713 διαδέχεται·

277 4739 515 4783 veterum
581 4730 785 4799 scripta
839 4733 1099 4800 pervertit
1150 4736 1468 4789 criticorqu
1544 4738 1845 4804 temeritas,

277 4822 397 4874 dum
420 4823 683 4891 quidquid
706 4826 883 4880 minus
911 4839 1091 4881 mente
1113 4829 1479 4899 perciperent,
1512 4830 1563 4883 id
1601 4831 1667 4883 ad
1700 4830 1847 4884 arbi-

285 4913 441 4966 trium
497 4929 656 4967 suum
708 4917 1001 4986 relingendi
1060 4916 1333 4973 licentiam
1386 4919 1486 4972 sibi
1550 4918 1847 4975 fecerunt?

276 5002 413 5067 Quot
444 5004 716 5058 volumina
758 5007 871 5060 suis
922 5015 1031 5061 tota
1066 5008 1421 5063 detraxerunt
1462 5012 1842 5081 scriptoribus,

277 5096 469 5150 alienis
519 5098 926 5152 attribuerunt?
974 5099 1207 5154 Diﬂ'eror
1263 5101 1367 5165 ira,
1415 5104 1845 5173 quotiescunque

277 5186 407 5239 viles
438 5188 507 5240 de
565 5190 719 5256 plebe
773 5193 1252 5259 grammaticorum
1292 5193 1627 5247 Iitteratores
1685 5196 1843 5251 bonis

276 5282 591 5339 auctoribus
617 5282 846 5336 inscitia:
881 5300 991 5337 suae
1018 5287 1166 5340 virus
1204 5298 1520 5355 spargentes
1554 5289 1743 5353 video;
1788 5299 1843 5344 et

277 5371 319 5424 si
347 5374 564 5441 quando
589 5390 727 5428 nova
756 5390 882 5436 vox,
926 5386 981 5428 et
1006 5374 1405 5445 lexicographis
1428 5379 1700 5446 incognita
1727 5396 1847 5436 sese

277 5462 382 5527 det,
409 5481 529 5517 eam
560 5468 768 5538 absque
798 5470 1143 5521 cunctatione
1173 5473 1327 5525 obclo
1367 5487 1464 5525 suo
1491 5471 1803 5541 jugulantcs
1829 5517 1843 5541 ,

274 5565 325 5606 et
351 5556 591 5611 obtrusis
619 5559 732 5613 suis
772 5558 1102 5628 conjecturis
1141 5575 1237 5629 per
1271 5578 1536 5617 summam
1563 5564 1843 5618 audaciam

344 5722 701 5797 (A-i_l>)rF.t_tseb.,
733 5723 873 5797 ῌὶδι.
911 5725 1059 5789 ert-1.,
1092 5723 1185 5778 lib.
1220 5741 1290 5791 vi,
1323 5744 1441 5796 cap.
1468 5730 1554 5783 '59.

320 5793 473 5867 ita)
504 5794 697 5851 Euseb.
736 5796 897 5867 ibid“
961 5797 1053 5851 lib.
1093 5811 1183 5860 ιιι,
1216 5813 1335 5867 cap.
1371 5793 1420 5853 li.
1454 5799 1673 5857 llictuu.
1726 5800 1842 5859 Cal.

285 5864 372 5914 υτ.
406 5863 601 5918 illnstr.
659 5881 777 5933 cap.
811 5866 897 5920 5'5.
1014 5910 1019 5915 .

1966 4739 2244 4812 Ὠριγένης
2277 4742 2334 4791 ἐν
2362 4739 2534 4809 τούτῳ
2564 4738 2983 4808 ἑνὸςὸέοντατῆς
3001 4736 3145 4808 ζωῆς
3165 4737 3531 4808 ἐϐδομήκῡντσ.

1955 4834 2279 4905 ἀποπλήσας
2310 4832 2427 4903 ἔτη,
2457 4832 2700 4904 τελευτᾷ,
2729 4848 2835 4886 non
2863 4832 2927 4886 iis
2955 4832 3178 4901 praecise
3209 4829 3532 4898 significavit

1959 4927 2059 4981 hoc
2120 4928 2237 4997 ipso
2274 4936 2515 4994 tempore
2572 4919 2776 4979 obiisse
2833 4923 3143 4994 Origenem,
3180 4938 3286 4990 quo
3334 4918 3524 4973 Gallus

1958 5021 2233 5075 exstincto
2267 5020 2429 5074 Decio
2455 5018 2744 5083 successit,
2788 5019 2930 5087 quod
2968 5014 3208 5071 nonnulli
3240 5028 3524 5082 perperam

1958 5113 2162 5182 opinati
2189 5121 2354 5176 sunt;
2387 5112 2482 5165 sed
2507 5110 2791 5178 imperium
2823 5118 3038 5163 tenente
3059 5107 3237 5169 Gallo,
3265 5106 3372 5157 fato
3411 5106 3530 5157 l'nn-

1952 5215 2095 5259 ctum
2125 5203 2415 5272 Origenem
2434 5205 2625 5260 fuisse.
2653 5203 2766 5273 (44)
2786 5201 2989 5256 Scribit
3012 5200 3235 5254 Photins
3260 5202 3381 5252 cod.
3406 5200 3524 5263 IIS,

1958 5310 2184 5349 narrare
2214 5295 2580 5365 Pamphilum,
2629 5295 2871 5365 aliusque
2910 5292 3238 5361 complures,
3277 5290 3530 5359 Origenis

1957 5387 2123 5440 vitam
2156 5398 2211 5440 et
2244 5403 2331 5441 res
2365 5397 2545 5455 gestas
2577 5402 2641 5440 ex
2690 5388 2754 5440 iis
2782 5387 2917 5455 ipsis
2945 5385 3036 5451 qui
3071 5383 3343 5437 hominem
3380 5382 3528 5436 vide-

1960 5487 2081 5531 rant
2114 5486 2506 5545 perscrutatos,
2537 5477 2589 5530 in
2612 5477 2840 5530 Deciana
2861 5485 3040 5543 strage
3067 5474 3327 5549 martyrio
3356 5474 3528 5542 ipsum

1964 5570 2128 5623 vitam
2166 5569 2424 5625 finivisse.
2473 5569 2529 5623 ld
2578 5568 2777 5623 refellit
2803 5568 3060 5633 Pbotius,
3098 5566 3234 5623 Galli
3264 5577 3317 5623 et
3366 5564 3529 5622 Volu-

2182 5737 2421 5809 Euseb",
2451 5738 2593 5791 Hist.
2619 5741 2767 5802 θέοι,
2796 5740 2887 5793 Iih.
2920 5757 3015 5802 vlt,
3045 5755 3167 5809 cap.
3199 5741 3244 5793 Ι.

2027 5806 2139 5876 (Μ)
2170 5806 2362 5860 Scribit
2395 5808 2613 5862 Pharius
2633 5811 2753 5864 cod.
2782 5813 2898 5877 IIS,
2926 5806 3143 5865 narrar}:
3172 5810 3529 5877 Pamphilum,

1958 5885 2063 5931 etc.
2102 5878 2292 5932 Mirum
2324 5889 2475 5937 certe
2509 5882 2720 5936 videtur
2751 5886 2894 5944 quod
2926 5885 3090 5940 refert
3120 5884 3359 5937 l‘hntius.
3395 5882 3528 5935 Cum
