4020 6306
324 473 424 531 fi9‘i

1513 469 2089 530 ORIGENIANORUM
2127 471 2255 528 LIB.
2285 473 2358 527 'II.

3455 464 3560 524 698

325 609 423 651 nec
464 594 626 649 etiam
656 592 900 649 Ecclesia
955 591 1250 648 certiflcata
1297 602 1380 650 est
1414 593 1481 649 de
1512 595 1618 662 his,
1665 595 1894 652 Domino
1920 601 1969 657 Α
1995 595 2237 665 epistolis
2261 593 2468 650 Christi
2504 593 2661 648 [idem
2684 591 2881 659 hausit,
2922 601 3202 674 postquam
3232 587 3556 660 presbyterii

326 687 567 744 letaliter
595 686 976 740 committenda
999 695 1141 738 sunt.
1177 703 1196 739 υ

391 777 461 832 Χ.
500 778 614 848 (50)
647 775 968 830 Prodiernnt
993 791 1024 830 e
1051 776 1231 831 schola
1261 774 1512 847 Origenis
1543 777 1645 836 viri
1694 779 1892 846 pietate

322 869 564 938 insignes
603 877 656 920 et
689 866 936 920 doctrina
967 863 1317 930 Plutarchus,
1349 867 1608 934 Serenus,
1644 866 1889 922 Heracli-

321 960 436 1023 des,
491 957 693 1022 Heron,
769 953 1007 1010 Serenus
1063 958 1218 1023 alter,
1267 958 1456 1014 Herais
1504 969 1557 1014 et
1605 957 1887 1027 Basilides,

322 1052 548 1107 acerbos
584 1049 876 1114 cruciatus,
914 1059 968 1105 et
1004 1062 1228 1106 mortem
1263 1052 1493 1122 denique
1528 1052 1698 1121 ipsam
1735 1052 1891 1108 Chri-

320 1142 387 1199 sti
411 1141 625 1197 nomine
652 1141 896 1210 perpessi
933 1142 1045 1214 (51)
1075 1159 1090 1196 :
1115 1142 1370 1196 Heraclas
1401 1153 1580 1198 autem
1612 1144 1908 1199 Plutarchi

320 1233 480 1303 hujus
528 1231 725 1299 frater,
757 1231 1009 1298 Origenis
1048 1234 1280 1301 primum
1326 1234 1643 1304 discipulus,
1677 1245 1784 1289 tum
1837 1236 1887 1288 in

318 1322 559 1378 docendo
583 1325 781 1389 socius,
811 1323 1010 1378 deinde
1038 1337 1321 1383 successor
1365 1337 1431 1378 ac
1467 1326 1752 1394 episcopus
1795 1325 1889 1380 de-

319 1430 465 1470 mum
516 1415 917 1470 Alexandrinus
962 1414 1111 1485 (52):
1165 1414 1458 1485 Dionysius
1509 1415 1889 1471 Alexandrina:

317 1507 577 1563 Ecclesiae
607 1516 729 1576 post
764 1507 1006 1562 Heracla:
1036 1517 1263 1564 mortem
1310 1507 1556 1570 antistes,
1589 1507 1889 1564 eruditione

320 1609 375 1653 et
431 1599 649 1668 scriptis
695 1598 853 1670 longe
899 1599 1326 1665 celeberrimus;
1384 1597 1674 1669 Gregorius
1727 1597 1817 1652 ille
1857 1613 1886 1654 a

321 1688 597 1746 miraculis
614 1703 912 1760 cognomen
939 1691 1184 1758 adeptus,
1211 1687 1662 1744 Neocaesariensis
1684 1689 1888 1759 episco-

318 1795 439 1847 pus,
485 1779 577 1849 qui
624 1779 924 1849 aequalibus
965 1779 1079 1838 snis
1115 1779 1365 1835 omnibus
1411 1776 1695 1849 Origenem
1732 1788 1889 1832 aetate

310 1870 425 1938 jam
463 1871 714 1928 affectum
760 1871 818 1926 in
867 1871 1234 1930 familiaritate
1270 1872 1604 1939 anteposuit;
1645 1869 1890 1925 Atheno-

1997 687 2256 755 dignitate
2286 694 2476 740 auctus
2529 684 2906 739 Alexandriam
2945 698 3008 738 ex
3052 681 3252 737 Achaia
3307 693 3559 734 reversus

1995 788 2098 834 est.
2123 779 2203 834 Ab
2231 793 2296 834 eo
2339 779 2534 848 quippe
2560 779 2670 847 jam
2723 775 3035 847 presbytero
3076 773 3398 827 Alexandria
3433 772 3556 825 data

1995 879 2080 924 est
2119 871 2184 923 ad
2216 872 2381 939 ipsam
2409 869 2659 938 epistola,
2691 883 2810 937 quae
2832 868 2884 921 in
2911 866 3027 934 ejus
3046 866 3178 920 Acta
3210 865 3409 918 inserta
3451 873 3554 917 est.

1997 961 2382 1016 Potamiaenam
2413 961 2674 1031 virginem
2708 958 3041 1015 nobilissimo
3071 956 3328 1028 martyrio
3352 953 3555 1008 claram

1996 1057 2137 1110 inter
2170 1054 2416 1124 Origenis
2445 1053 2732 1122 discipulas
2770 1049 2997 1105 Rufinus
3032 1059 3086 1103 et
3110 1046 3441 1114 Nicephorus
3470 1059 3556 1096 re-

1995 1157 2249 1202 censent:
2285 1145 2376 1200 sed
2399 1144 2577 1198 fucum
2615 1145 2680 1198 iis
2729 1143 2854 1197 fecit
2890 1140 3106 1196 Eusebii
3134 1139 3281 1193 locus
3306 1136 3418 1205 (56)
3453 1152 3554 1190 non

1993 1239 2124 1294 satis
2159 1247 2360 1293 attente
2384 1246 2719 1308 perspectus,
2755 1234 2843 1288 ubi
2885 1235 2936 1288 in
2961 1233 3102 1287 hanc
3122 1231 3315 1284 seriem
3343 1228 3558 1282 disertis

1995 1331 2171 1386 verbis
2215 1331 2474 1397 septimus
2519 1326 2750 1382 refertur
2790 1310 3084 1385 Basilides;
3118 1323 3184 1375 de
3224 1319 3556 1374 Potamizena

1993 1437 2122 1476 vero
2176 1420 2296 1474 talis
2337 1420 2478 1474 nulla
2529 1418 2667 1488 apud
2713 1433 2832 1472 eum
2881 1415 3114 1484 suspicio
3158 1423 3258 1466 est.
3291 1409 3402 1492 (57)
3442 1409 3558 1475 Quo

1995 1512 2166 1582 magis
2231 1510 2533 1566 mirandum
2587 1519 2691 1576 est,
2743 1509 2809 1562 ab
2863 1507 3077 1561 erudito
3139 1505 3255 1558 viro
3319 1505 3370 1556 in
3413 1503 3558 1556 hunc

1993 1618 2211 1658 censum
2263 1601 2641 1656 Potamiaanam
2710 1599 2930 1661 ascribi,
2983 1596 3214 1650 Basilide
3271 1601 3556 1660 expuncto.

1994 1693 2159 1760 Quasi
2191 1707 2318 1748 vero
2359 1707 2547 1761 parum
2594 1691 2849 1746 credibile
2881 1691 2970 1754 sit,
3021 1689 3196 1742 virum
3237 1686 3440 1740 bellicae
3478 1681 3556 1738 rei

1994 1785 2254 1850 deditum,
2283 1799 2404 1838 cum
2434 1782 2682 1855 Origenis
2725 1781 2864 1835 fama
2882 1789 3154 1850 permotus
3178 1786 3342 1841 esset,
3380 1790 3559 1830 acces~

1995 1878 2133 1934 sisse
2163 1877 2226 1930 ad
2253 1891 2398 1940 eum,
2426 1884 2479 1930 et
2511 1874 2762 1928 nonnulla
2798 1889 2974 1926 rerum
2999 1871 3426 1926 Christianarum
3465 1883 3558 1922 ac-

319 1962 490 2017 dorus
514 1962 758 2032 Gregorii
801 1964 1002 2031 frater;
1038 1963 1293 2036 Tryphon
1333 1979 1454 2017 rara
1487 1962 1777 2030 Scriptura:
1807 1978 1894 2030 pe-
1931 1963 1974 2024 B
2003 1977 2156 2037 cepta
2187 1967 2256 2021 ab
2283 1981 2348 2022 eo
2367 1966 2580 2030 notitia,
2601 1981 2720 2020 cum
2748 1964 3127 2020 Potamiaenam
3151 1963 3215 2016 ad
3240 1960 3558 2030 supplicium

319 2054 447 2114 ritia
483 2054 728 2121 illustris,
765 2055 920 2126 cujus
953 2068 1008 2112 et
1047 2056 1331 2112 nonnullas
1373 2055 1438 2110 ad
1467 2053 1752 2125 Origenem
1782 2053 1895 2122 cpi.-
1991 2073 2086 2128 pro
2115 2072 2339 2112 munere
2376 2070 2473 2112 suo
2499 2057 2803 2118 deduceret,
2828 2070 2946 2109 eam
2977 2055 3043 2108 ab
3072 2052 3437 2122 improborum
3463 2052 3559 2105 ho-

316 2146 489 2206 stolas
536 2148 650 2202 suis
717 2149 1050 2217 temporibus
1101 2149 1376 2205 exstitisse
1425 2146 1590 2202 tradit
1633 2145 1896 2220 Hierony-
1990 2150 2193 2206 minum
2226 2149 2520 2219 petulantia
2545 2149 2902 2218 prohibuisse,
2939 2147 3004 2201 ab
3023 2160 3192 2215 eaque
3219 2145 3558 2215 postmodum

319 2251 441 2291 mus
490 2237 639 2307 (55);
688 2237 802 2308 (54)
842 2239 1193 2298 Firmilianus
1221 2238 1564 2294 Caesariensis
1597 2237 1648 2292 in
1681 2238 1893 2306 Cappa-
1983 2241 2093 2310 jam
2130 2241 2238 2296 fato
2273 2241 2454 2295 functa
2481 2241 2773 2296 secundum
2794 2239 3024 2309 quietem
3053 2239 3369 2299 excitatum,
3405 2236 3562 2290 Chriv

319 2333 485 2387 docia-
507 2335 724 2402 praasul,
745 2335 966 2404 Origeni
988 2336 1066 2390 sic
1087 2335 1318 2398 deditus,
1342 2344 1398 2388 ut
1422 2335 1540 2404 ejus
1567 2335 1893 2390 convenien-
1989 2334 2058 2389 sti
2090 2333 2247 2388 ﬁdem
2277 2333 2451 2404 palam
2473 2332 2642 2388 fuisse
2671 2331 2989 2405 professum.
3020 2329 3134 2384 Iluc
3163 2329 3321 2382 etiam
3347 2328 3562 2382 confert

319 2422 374 2475 di
408 2437 568 2477 causa
602 2426 774 2494 patria
830 2425 1016 2480 relicta
1052 2425 1266 2496 longum
1298 2440 1361 2479 ac
1386 2423 1599 2479 difﬁcile
1627 2425 1731 2479 iter
1753 2439 1884 2480 con-

315 2511 591 2568 stitueret.
641 2514 754 2586 (55)
799 2517 1222 2571 Annumeranda
1266 2517 1349 2571 his
1388 2530 1600 2584 quoque
1646 2514 1883 2570 Barbara

318 2601 753 2662 Nicomeiiiensis
787 2608 940 2677 virgo
968 2623 1166 2678 genere
1201 2607 1414 2671 nobilis,
1444 2606 1747 2662 eruditione
1781 2606 1886 2661 cla-

313 2707 399 2756 ra,
447 2694 514 2745 ab
555 2691 790 2764 Origene
816 2699 1048 2765 primum
1077 2711 1169 2766 per
1189 2696 1442 2765 epistolas
1470 2707 1524 2751 et
1544 2696 1880 2754 Valentinum

313 2785 686 2854 presbyterum
712 2788 776 2840 ad
810 2802 928 2840 eam
965 2789 1186 2842 missum
1221 2788 1288 2842 ab
1320 2788 1659 2842 ethnicorum
1691 2801 1882 2858 super-

311 2873 538 2930 Stitione
571 2886 846 2941 revocata,
890 2888 945 2932 et
989 2877 1189 2932 Christi
1224 2877 1497 2949 mysteriis
1527 2877 1792 2942 instituta,
1817 2891 1882 2932 ac

314 2965 535 3022 tandem
563 2967 617 3021 in
659 2965 934 3024 Maximini
960 2968 1334 3039 persecutione
1373 2969 1662 3024 saevissime
1688 2983 1881 3024 excru-

310 3054 482 3123 ciata,
517 3066 573 3112 et
605 3058 781 3118 securi
822 3073 1098 3130 percussa.
1150 3058 1287 3118 Tum
1321 3070 1502 3114 autem
1534 3073 1601 3117 ex
1637 3058 1882 3130 Origenis

1991 2421 2325 2492 Nicephorus
2396 2422 2509 2494 (58)
2582 2421 2944 2476 Alexandrum
3019 2419 3560 2489 llierosolymitanum

1989 2515 2319 2584 episcopum,
2374 2525 2428 2570 et
2484 2515 2866 2569 Caesariensem
2908 2512 3316 2577 Theoctistmn;
3364 2507 3560 2580 quibus

1987 2606 2320 2660 Maminazam
2355 2619 2569 2674 quoque
2594 2603 2905 2675 adjnngere,
2934 2612 2988 2658 et
3021 2611 3376 2657 memoratum
3410 2600 3561 2658 illum

1989 2698 2056 2754 ab
2087 2698 2314 2752 Eusebio
2349 2695 2459 2767 (59)
2489 2696 2698 2751 Arabia:
2730 2695 3010 2766 praesidem
3047 2693 3238 2748 rationi
3275 2701 3562 2747 consenta-

1988 2805 2146 2845 neum
2174 2799 2276 2845 est.
2309 2788 2549 2858 Denique
2587 2807 2606 2840 ι
2646 2786 2938 2851 Innumeri,
2976 2805 2995 2838 ι
3030 2786 3204 2854 inquit
3238 2781 3560 2839 Vincentius

1988 2881 2285 2938 Lirinensis
2321 2879 2452 2952 (60),
2495 2898 2514 2932 ‹
2566 2893 2633 2934 ex
2663 2881 2785 2934 sinu
2838 2893 2938 2934 suo
2972 2878 3242 2942 doctores,
3291 2874 3555 2931 innumeri

1989 2975 2322 3041 sacerdotes,
2362 2973 2705 3028 confessores
2737 2979 2792 3026 et
2835 2979 3105 3043 martyres
3146 2969 3490 3024 exstiterunt.
3532 2983 3554 3024 ι

329 3195 3559 3226 W

1278 3381 1695 3502 LIBER
1783 3379 2570 3497 SECUNDUS.

1521 3602 1896 3665 ORIGENIS
1923 3600 2363 3666 DOCTRINA.

385 3930 541 4008 Lissi
582 3946 802 3987 saeuum
856 3947 1243 4008 rita'rtvrio._-_——
1276 3932 1555 4008 Explicata
1583 3933 1992 4008 Qrigenisivita,
2030 3938 2310 3994 institutus
2349 3937 2484 3993 ordo
2530 3936 2786 4006 postulat,
2827 3945 2886 3990 ut
2918 3937 2983 3990 ad
3036 3938 3405 4006 exponendam
3440 3939 3555 4008 ejus

315 4007 619 4077 doctrinam
670 4004 1100 4077 progrediamur.
1152 4002 1205 4056 Id
1234 4006 1564 4077 propositum
1592 4002 1774 4060 fronte
1810 4007 2061 4076 simplex,
2093 4009 2374 4077 multiplex
2414 4002 2544 4061 sane
2578 4017 2662 4061 est
2691 4009 2745 4060 in
2777 4023 3033 4062 recessu:
3069 4002 3189 4060 nam
3221 4016 3275 4061 et
3296 4011 3360 4061 de
3377 4002 3556 4062 cru-di-

317 4077 463 4136 tione
492 4072 763 4142 Origcnis,
801 4083 855 4126 et
896 4074 960 4127 iis
991 4074 1186 4142 quibus
1233 4072 1592 4142 potissimum,
1648 4077 1771 4128 dum
1825 4072 2056 4142 viveret,
2101 4072 2336 4132 animum
2379 4077 2692 4132 informavit
2734 4078 2941 4130 artibus
2971 4086 3022 4130 et
3057 4077 3264 4138 studiis.
3301 4079 3553 4134 nonnulla

315 4142 688 4230 p_rmiiiitteiida
727 4151 906 4196 erunt.
933 4143 1069 4222 Tum
1107 4145 1355 4230 dogmata
1395 4144 1536 4230 illius
1578 4145 1690 4230 suis
1725 4145 1982 4230 distincta
2015 4157 2386 4230 proponentur
2425 4147 2730 4216 capitibus;
2767 4162 2869 4228 non
2899 4163 2960 4230 ea
2992 4148 3204 4216 quidem
3225 4163 3341 4230 qua;
3370 4148 3556 4230 Eccle~

315 4212 408 4286 size
432 4212 668 4286 decretis
709 4228 945 4286 consona
979 4212 1231 4286 universa
1275 4214 1513 4270 tulerunt
1543 4213 1817 4286 suffragia,
1866 4215 1950 4270 vel
1982 4212 2366 4286 quae-levioris
2397 4212 2517 4270 sunt
2543 4218 2834 4279 momenti;
2868 4218 2959 4271 sed
2988 4212 3107 4286 quae
3146 4212 3362 4286 majoris
3383 4218 3432 4271 in
3459 4218 3555 4272 Ec-

316 4283 480 4345 clesia
522 4282 781 4356 ponderis
811 4297 839 4356 a
870 4283 1244 4356 communibus
1266 4294 1342 4356 iet
1368 4285 1599 4353 receptis
1632 4282 1755 4337 sunt
1791 4287 1965 4356 aliena
2002 4282 2324 4348 sententiis;
2348 4303 2520 4356 eaque
2555 4287 2886 4356 praesertim,
2931 4282 3050 4353 qua:
3081 4282 3297 4340 Patrum
3331 4289 3558 4341 subinde

313 4352 566 4426 censuris
590 4361 641 4406 et
697 4353 1058 4406 anathematis
1104 4355 1433 4426 synodornm
1495 4352 1700 4426 Vexata
1733 4365 1874 4409 sunt.
1905 4354 2109 4422 Quibus
2153 4352 2502 4426 subjungetur
2538 4355 2875 4426 Origeniante
2909 4352 3186 4426 dcc-trinae,
3233 4371 3337 4411 non
3381 4357 3552 4410 dicam

313 4423 615 4491 Apologia;
649 4437 781 4492 nam
809 4438 983 4491 neque
1019 4423 1214 4487 ausim,
1245 4438 1419 4492 neque
1440 4439 1571 4478 sane
1600 4423 1799 4478 velim:
1843 4427 1932 4480 sed
1975 4423 2292 4480 accuratum
2323 4423 2376 4479 et
2414 4423 2739 4492 przejudiciis
2768 4427 3016 4481 omnibus
3050 4425 3276 4480 liberum
3305 4443 3367 4481 ac
3409 4427 3553 4479 solu-

313 4506 432 4566 tum
460 4491 878 4566 exaiiieii._Iiiii_e
907 4495 971 4566 ad
1003 4491 1521 4566 ipsaiii__dogiiiattim
1554 4494 1765 4566 illorum
1813 4495 2228 4566 describendam
2269 4491 2575 4550 summatim
2621 4496 2885 4549 fortunam
2931 4497 3266 4558 accedemus,
3322 4507 3379 4550 ut
3422 4512 3555 4566 quas

313 4562 613 4636 excitarint
648 4561 699 4614 in
727 4561 1553 4636 Ecclesiauprocellas;quantis
1589 4565 1825 4636 partium
1857 4565 2048 4636 studiis
2074 4575 2379 4636 oppugnata
2406 4573 2466 4636 et
2503 4578 2835 4636 propugnata
2864 4566 2995 4626 sint,
3027 4566 3200 4636 palam
3228 4571 3340 4620 liat.
3381 4561 3554 4635 Mque

316 4633 388 4685 ita
422 4631 674 4706 incapita
706 4642 939 4706 quatuor
973 4633 1106 4685 liber
1131 4631 1625 4706 istedistribuitur.
1662 4635 2022 4706 I.,Agitur_de
2058 4631 2362 4706 eruditione
2393 4631 2656 4706 Origeni's.
2681 4631 2755 4706 ll.
2795 4631 3052 4704 Dogmata
3088 4635 3255 4700 ipsius
3276 4631 3554 4692 excutiun-

317 4711 430 4757 tur.
453 4698 543 4755 lll.
577 4698 846 4766 Doctrina:
875 4700 992 4778 ejus
1029 4703 1286 4773 generale
1313 4718 1540 4759 examen
1579 4698 1909 4761 contine'tur.
1933 4704 2021 4764 IV.
2053 4705 2292 4767 Fortuna
2320 4698 2578 4760 doctrina:
2606 4703 2844 4775 ejusdem
2876 4698 3153 4759 narratur.

1909 4864 1956 4926 ο
1987 4859 2223 4930 animus.
2257 4859 2362 4916 Sed
2399 4860 2649 4930 Origenis
2683 4860 2957 4928 discipulis
2998 4861 3434 4915 annumerandus
3469 4862 3551 4914 vi-

1989 4931 2148 4983 detur
2176 4929 2520 4985 Theotecnus
2545 4931 2890 4985 Cazsariensis
2917 4934 3219 5000 episcopus,
3237 4947 3394 5000 quem
3423 4948 3552 4999 prar~

1989 5000 2217 5054 termisit
2244 5000 2487 5064 Hiietins,
2524 5009 2590 5054 de
2623 5017 2729 5068 quo
2768 4999 3423 5065 tamen’Eusebins,’Hist.
3458 5003 3550 5055 lib.

1989 5083 2060 5103 \m
2113 5084 2212 5103 non
2269 5071 2336 5103 IL
2369 5090 2381 5101 ι
2408 5071 2582 5103 Ψιῖρλ’
2626 5071 2928 5103 ’Πλυνέυηυ-
2972 5071 3249 5103 και-ηας...
3285 5070 3373 5103 νηὶ
3400 5064 3552 5103 ’.ενι-ιη.-

1989 5083 2082 5135 vn,
2113 5084 2231 5138 cap.
2269 5071 2336 5125 M
2369 5072 2520 5142 εΤῆς
2538 5071 2591 5153 δ’.
2626 5071 2928 5143 Ὠριγένους
2971 5071 3249 5142 διατριϐῆς
3285 5070 3552 5152 καὶοοῦτερς

1990 5137 2320 5214 (Θερτεκνρς)
2348 5138 2432 5214 ἦν.
2460 5162 2490 5214 γε
2513 5141 2628 5214 Hic
2654 5158 2863 5211 quoque
2895 5141 3275 5212 (Theotecnus)
3305 5144 3552 5212 Origents

1992 5212 2202 5263 auditor
2233 5212 2396 5267 fuisse
2420 5213 2634 5266 dicitur.
2669 5232 2686 5262 ι

386 4857 502 4996 (50)
531 4858 751 4925 Euseb,
793 4858 997 4915 Hister.
1027 4858 1175 4924 eccl.,
1210 4858 1304 4916 lib.
1336 4874 1406 4922 VI.
1438 4875 1485 4914 c.
1521 4859 1578 4924 4,
1613 4861 1667 4917 5.

412 4929 498 4996 51)
526 4931 656 4984 Ibid.
694 4947 812 4996 cap.
837 4931 889 4982 5.

412 4929 498 4996 51)
526 4931 656 4984 Ibid.
694 4947 812 5000 cap.
837 4931 889 4982 5.

384 5000 496 5068 (se)
524 5001 652 5054 nun.
678 4998 798 5070 cap.
835 5000 925 5064 29,
950 4998 1037 5053 so.

387 5070 503 5142 (55)
528 5067 864 5142 ᾃιιὶθι-οιῐεψ
903 5071 994 5124 lib.
1029 5069 1315 5142 Descripl.
1356 5069 1500 5142 eccl._
1523 5067 1879 5142 injryplion.

391 5138 503 5209 (54)
526 5140 745 5205 Ευδειιη
773 5139 912 5194 Hist.
933 5140 1082 5200 eccl.,
1112 5140 1202 5194 lib.
1229 5156 1302 5201 vn,
1328 5155 1446 5207 eap.
1476 5138 1670 5195 26.27.

392 5207 504 5280 (55)
553 5211 960 5280 Annumeranda
998 5210 1078 5263 his
1107 5227 1310 5280 quoque
1337 5209 1598 5280 Barbara,
1640 5218 1744 5280 etc.
1773 5207 1883 5263 Cur

319 5279 403 5335 bis
459 5278 859 5351 annumeranda
911 5281 1004 5351 sit,
1043 5281 1185 5334 nulla
1225 5278 1381 5333 ratio
1399 5290 1500 5335 est.
1538 5279 1612 5334 De
1646 5278 1882 5333 Barbara
2058 5280 2169 5351 (56)
2198 5281 2418 5351 Epseb.,
2444 5283 2587 5335 Hist.
2619 5281 2826 5342 eccles.,
2857 5281 2929 5334 lib
2985 5297 3058 5342 Vl,
3098 5297 3218 5351 cap.
3249 5282 3303 5337 5.

321 5351 524 5421 incerta
557 5353 756 5421 omnia.
794 5350 868 5405 Ile
901 5350 1157 5421 illareniin
1189 5351 1357 5421 altum
1393 5351 1536 5419 apud
1566 5352 1884 5421 _veteres_s_i-
2058 5350 2173 5421 (5?)
2214 5349 2415 5415 Vales.,
2456 5353 2584 5406 Not.
2612 5353 2664 5406 in
2689 5351 2884 5421 Euseb.
2918 5368 2970 5421 p.
3005 5353 3124 5406 115.

323 5420 653 5491 lentium,_ut
682 5419 878 5474 fatetur
917 5419 1215 5491 Dollandus
1243 5419 1365 5473 Maii
1395 5418 1532 5491 tem.
1565 5418 1606 5484 I,
1639 5434 1754 5488 pag.
1773 5419 1880 5491 flii,
2057 5418 2169 5491 (58)
2213 5422 2436 5491 Niceph.
2470 5423 2562 5477 lib.
2594 5438 2645 5487 ν,
2677 5439 2795 5491 cap.
2829 5420 2917 5474 20.

320 5488 516 5546 Mutua;
553 5489 799 5560 Origenis
831 5491 897 5560 ab
931 5488 1246 5560 Barbaram,
1294 5499 1346 5543 et
1392 5489 1639 5560 Barbarae
1664 5493 1727 5541 ad
1763 5488 1883 5543 Ori-
2055 5488 2167 5560 (59)
2201 5488 2419 5558 Enseb.,
2452 5492 2588 5546 llist.
2620 5488 2772 5556 ecclf,
2799 5492 2890 5546 lib.
2926 5507 3000 5555 vt,
3035 5505 3153 5560 cap.
3189 5491 3271 5548 I9.

320 5576 508 5628 gencni
560 5558 799 5628 epiStolze
839 5558 1153 5631 jamdudum
1207 5560 1345 5613 inter
1393 5559 1636 5614 eruditos
1683 5560 1879 5631 spuria:
2054 5558 2166 5631 (60)
2199 5562 2439 5619 Vincent.
2466 5563 2634 5618 Lirin.
2674 5565 2876 5619 advers.
2909 5558 3548 5621 Ηωνειζϐοηιηιοηὶιογίο

320 5627 644 5701 censentur,
672 5628 1212 5701 nec_al_iu_nihabere
1233 5640 1502 5695 parentem
1548 5645 1706 5696 quam
1759 5627 1881 5682 IIaI-
1983 5647 2021 5695 ι,
2052 5627 2166 5701 cap.
2201 5633 2290 5688 22,.

321 5698 545 5769 lolium,
575 5700 649 5756 uti
701 5700 752 5754 in
784 5697 1106 5755 Praefatione.
1155 5699 1215 5753 ad
1247 5708 1444 5754 tomum
1485 5701 1712 5774 primum
1765 5713 1877 5753 mo-
2116 5697 2130 5701 ’
2291 5699 2294 5702 ’
