4020 6306
463 401 570 459 699

1734 405 1792 459 P.
1833 405 2148 462 DANIELIS
2185 406 2417 462 llUETll

3547 479 3549 481 ,
3579 422 3664 501 700

1602 559 1982 651 CAPUT
2051 563 2570 654 PRIMUM.

1771 737 2073 816 Origenis
2103 739 2406 803 eruditio.

462 884 504 940 Ι.
535 883 1259 966 βστίριυηςέαίέεηρίεεὶηιαε
1283 883 1384 952 fuit
1408 885 1700 966 0rigenes_;
1727 885 1790 940 ll.
1820 886 1910 939 sed
1940 884 2217 966 Hebraica'
2240 886 2436 966 lingua:
2459 889 2985 966 parumponsultys,“
2997 889 3343 966 Samaritana:
3368 912 3478 949 vero
3495 900 3676 966 penitus

531 951 768 1029 ignarus.
798 951 1210 1029 lll‘._Scripturte_
1241 951 1550 1029 interpretis
1575 959 1952 1029 scriptor-eaque
1974 951 2356 1029 ecclesiastico}
2380 951 2614 1013 studiose
2653 959 2798 1029 legit.
2831 958 2918 1014 IV.
2947 959 3124 1016 Sacra:
3145 964 3394 1019 doctrinm
3423 951 3572 1021 caiisa
3594 951 3676 1022 ei;

530 1023 692 1077 coluit
712 1022 810 1086 τὰς
844 1022 1066 1087 ἔξωθεν,
1101 1024 1484 1093 philosophiam
1507 1022 1839 1094 prwsertim;
1868 1022 1930 1081 ν.
1957 1028 2050 1080 sed
2068 1037 2115 1080 et
2140 1028 2371 1098 reliquas
2395 1022 2724 1100 disciplinas:

527 1285 570 1342 1.
601 1285 840 1341 Primum
864 1287 992 1342 illud
1013 1301 1077 1342 ac
1109 1288 1439 1369 praecipuum
1477 1288 1578 1344 fuit
1598 1289 1848 1359 Origenis
1880 1307 1909 1345 a
1951 1303 2031 1346 te-
2059 1297 2106 1353 Α
2137 1292 2324 1346 frivola
2371 1293 2457 1347 illa
2503 1293 2806 1358 distinctio,
2862 1293 3089 1367 οὐρανόν
3135 1294 3274 1347 inter
3316 1306 3369 1348 et
3419 1298 3675 1369 οὐρανούς)

457 1375 604 1430 neris
639 1375 883 1444 pueritia!
915 1379 1070 1431 annis
1093 1377 1158 1430 ad
1197 1360 1403 1431 obitum
1436 1393 1606 1447 usque
1643 1381 1906 1444 studium,
1961 1381 2032 1436 ad

457 1468 772 1523 interiorem
807 1483 871 1523 ac
897 1469 1232 1524 reconditam
1260 1484 1541 1525 sacrarum
1579 1470 1882 1526 litterarum
1931 1488 2027 1543 pe-

456 1559 635 1614 ritiam
667 1568 971 1629 penetrare.
1006 1560 1060 1614 In
1091 1575 1199 1628 quo
1231 1560 1448 1630 quidem
1471 1561 1544 1615 ita
1575 1577 1637 1618 se
1671 1565 1945 1633 tractavit,
1977 1573 2035 1619 ut

455 1651 780 1706 admirabile
829 1662 993 1719 esset,
1075 1667 1175 1707 nec
1223 1653 1509 1722 quisquam
1569 1654 1766 1711 deinde
1825 1666 2033 1712 tantum

457 1748 513 1801 in
557 1762 618 1802 ea
649 1749 1040 1803 exercitatione
1095 1759 1416 1802 consecutus
1469 1749 1572 1814 sit;
1627 1750 1742 1806 sive
1795 1749 2031 1807 litteram

455 1839 666 1909 ipsam,
732 1840 1187 1908 quemadmodum
1261 1850 1485 1905 vocant,
1558 1851 1802 1910 spectes,
1870 1859 2031 1913 quam

455 1938 624 1985 totam
659 1933 932 1986 memoriae
987 1933 1060 1985 ita
1093 1933 1591 1996 commendaverat,
1643 1943 1700 1986 ut
1731 1934 1878 1990 locos
1915 1951 2035 1991 om-

453 2036 551 2078 nes
605 2037 669 2076 ex
735 2030 994 2091 tempore,
1043 2023 1208 2077 etiam
1255 2022 1410 2077 libris
1469 2023 1814 2088 inconsultis,
1867 2040 2033 2095 appo-

451 2115 555 2169 site
613 2113 896 2179 recitaret;
955 2114 1069 2168 sive
1127 2113 1349 2168 intimos
1409 2130 1472 2168 ac
1525 2114 1754 2170 latentes
1809 2131 2030 2180 sensus,

451 2220 587 2275 quos
641 2215 786 2260 tanta
849 2205 1150 2275 sagacitate
1192 2206 1354 2274 eruit,
1404 2207 1480 2269 ὡς
1536 2206 1595 2272 ἐξ
1661 2209 1893 2274 ἐκείνου,
1950 2211 2036 2264 in-

450 2299 568 2365 quit
611 2299 825 2362 Suidas,
887 2298 1093 2360 πάντας
1148 2299 1274 2361 τοὺς
1331 2297 1623 2368 μετέπειτα
1685 2299 1786 2370 τῆς
1836 2299 2032 2370 ἐκκλη-

451 2388 573 2452 σίας
590 2387 939 2453 διδασκάλους
965 2389 1058 2443 καὶ
1097 2389 1349 2460 ἀφορμὰς
1369 2379 1666 2460 εἰληφέναι.
1700 2391 1754 2444 ld
1789 2391 1944 2448 facile
1963 2383 2031 2448 ex

451 2482 653 2536 nostris
700 2483 980 2552 apparebit
1026 2483 1536 2546 Observationibus,
1580 2482 1632 2537 in
1663 2484 1865 2553 quibus
1910 2485 2028 2541 loca

450 2571 668 2627 Patrum
691 2575 1012 2640 consimilia,
1033 2583 1086 2630 et
1107 2576 1175 2629 ab
1191 2574 1536 2644 Origenianis
1556 2576 1798 2646 profecta
1817 2592 1914 2647 per
1932 2595 2030 2632 πα-

2137 1399 2295 1452 qnam
2326 1384 2752 1439 comminiscitur
2780 1385 2850 1438 ad
2867 1384 3056 1439 Matth.
3082 1402 3235 1449 xvnt,
3267 1385 3350 1449 18,
3378 1399 3429 1441 et
3457 1390 3676 1456 adquam

2135 1473 2407 1529 Christum
2429 1478 2726 1543 respexisse
2743 1477 2936 1542 tradit;
2961 1479 3111 1545 quasi
3138 1478 3275 1531 hanc
3302 1479 3676 1536 distinctionem

2137 1567 2272 1622 ferat
2304 1566 2525 1640 Syriaca
2556 1568 2837 1634 dialectos,
2870 1583 3031 1637 quam
3078 1569 3327 1624 Christus
3360 1571 3629 1640 usurpabat
3662 1591 3675 1626 :

2134 1659 2438 1730 cuiusmodi
2472 1670 2554 1714 est
2603 1660 2737 1714 falsa
2772 1659 2860 1712 illa
2890 1661 3124 1715 nominis
3149 1663 3286 1715 Aser
3312 1661 3675 1731 interpretatio,

2135 1766 2256 1819 quas
2296 1752 2524 1806 habetur
2565 1753 2635 1805 ad
2686 1751 2882 1810 Matth.
2927 1767 3082 1818 xvut,
3120 1751 3208 1814 l9,
3251 1752 3522 1808 Comment.
3558 1765 3672 1809 tom.

2136 1856 2248 1903 xw,
2284 1856 2338 1910 p.
2376 1841 2499 1906 616,
2532 1843 2684 1911 quasi
2720 1843 2999 1898 derivetur
3027 1859 3057 1897 a
3101 1851 3201 1902 Ὃν
3253 1862 3271 1894 ι
3313 1845 3520 1909 erudiit,
3559 1845 3678 1913 liga~

2135 1933 2232 1998 vit,
2273 1951 2292 1984 ι
2331 1947 2453 1986 cum
2491 1933 2583 1986 fiat
2613 1934 2680 1988 ab
2716 1944 2836 1992 Ὃκ
2880 1953 2897 1984 t
2945 1933 3149 2004 ligavit.
3195 1954 3215 1987 ι
3256 1934 3559 2004 Quanquam
3593 1953 3681 1989 au-

2138 2022 2398 2076 ctoritate
2447 2023 2649 2077 Senum
2699 2024 3058 2094 Septuaginta
3109 2026 3361 2080 excusari
3410 2027 3459 2078 id
3505 2038 3681 2094 potest,

2135 2116 2225 2184 qui
2251 2126 2370 2176 Ὃκ
2407 2115 2697 2184 aliquando
2727 2115 2800 2170 ita
2839 2117 3213 2182 reddiderunt,
3248 2118 3399 2187 quasi
3440 2117 3573 2173 idem
3606 2134 3684 2173 es-

2135 2217 2217 2263 set
2247 2224 2311 2262 ac
2345 2215 2470 2267 'tD’.
2513 2208 2585 2262 Ut
2632 2208 2824 2278 psalm.
2854 2224 2939 2264 etv
2965 2207 3160 2280 (Hebr.
3194 2211 3322 2277 cv),
3352 2208 3455 2274 ἥς
3480 2224 3570 2278 pro
3595 2209 3688 2263 ile-

2134 2306 2438 2361 bratur-1w
2471 2283 2647 2361 ’τίοκίν
2682 2299 2904 2366 habent,
2935 2299 3028 2354 τοῦ
3057 2300 3348 2353 παιδεῦσαι
3377 2302 3497 2363 τοὺς
3517 2299 3691 2372 ἄρχον-

2131 2409 2230 2454 τας
2265 2391 2429 2444 αὑτοῦ
2459 2407 2474 2456 ;
2513 2390 2761 2460 Vulgata,
2789 2407 2809 2442 ι
2841 2400 2901 2444 ut
2944 2391 3183 2443 erudiret
3214 2391 3489 2458 principes
3507 2390 3630 2456 ejus.
3667 2407 3684 2441 ι

2134 2485 2195 2538 lit
2244 2484 2367 2539 Ose.
2405 2499 2460 2546 x,
2507 2482 2592 2549 10,
2643 2490 2870 2541 Dl'tDm.
2925 2481 3086 2542 LXX,
3142 2480 3432 2539 παιδεῦσαι
3477 2480 3685 2546 αὑτούςς

2135 2573 2385 2643 Vtrlgata,
2428 2593 2447 2625 ι
2494 2575 2785 2642 corripiam
2817 2588 2934 2636 eos,
2975 2592 2995 2624 s
3035 2573 3342 2642 cnjusmodi
3390 2583 3475 2626 est
3510 2576 3690 2640 depra-

450 2667 747 2738 ραπομπὰς
769 2668 1092 2723 indicamus.
1124 2667 1234 2723 Nec
1265 2670 1427 2724 ullum
1452 2686 1583 2726 vero
1610 2672 1676 2726 ad
1702 2673 2026 2741 exquisitam
2061 2692 2100 2744 Β
2133 2680 2253 2722 vata
2283 2669 2370 2722 illa
2423 2667 2583 2722 lectio
2618 2666 2718 2720 loci
2763 2665 3121 2734 [interpretum
3161 2663 3330 2729 LXX,
3377 2663 3421 2718 ll
3473 2665 3620 2722 Esdr.
3648 2679 3686 2728 ι,

450 2757 753 2815 divinoium
793 2759 1127 2816 voluminum
1170 2764 1595 2832 comparandam
1627 2763 1873 2818 notitiam
1899 2764 2028 2819 sub-

449 2852 645 2906 sidium
673 2851 910 2921 neglexit
944 2870 958 2906 :
990 2867 1111 2906 cum
1145 2853 1358 2922 vulgata
1393 2854 1592 2923 quippe
1624 2856 1766 2922 apud
1795 2854 2028 2909 Alexan-

448 2943 636 2998 drinos
695 2928 1043 3014 Septuaginta
1104 2945 1309 3000 Senum
1385 2947 1830 3014 interpretatione
1892 2947 2028 3003 alias

428 3022 659 3104 'magnis
680 3050 710 3088 a
740 3051 801 3090 se
837 3037 1142 3106 sumptibus
1179 3038 1483 3108 redemptas
1523 3040 1768 3105 contulit,
1795 3040 2024 3110 Aquilae,

447 3121 832 3180 Tlteodotionis
883 3135 940 3181 et
983 3126 1331 3198 Symmachi;
1370 3145 1435 3184 ac
1479 3129 1731 3196 Quintam
1792 3133 1943 3200 item,
1971 3142 2026 3186 et

446 3217 666 3272 Sextam
703 3219 755 3274 in
781 3219 954 3276 lucem
1000 3236 1030 3276 a
1075 3236 1134 3276 se
1153 3223 1330 3291 primo
1355 3224 1560 3291 editas;
1598 3239 1798 3296 easque
1829 3227 1895 3282 ad
1927 3226 2026 3281 lle-

446 3311 634 3366 braica
683 3313 1114 3367 accommodavit
1155 3314 1504 3382 exemplaria,
1556 3318 1696 3372 unde
1750 3316 2020 3388 Tetrapla,

444 3400 681 3470 llexaplt
728 3411 780 3456 et
812 3402 1035 3472 Octapla
1066 3406 1411 3458 exstiterunt.
1447 3433 1452 3440 -

508 3494 744 3562 ll.Quod
773 3495 816 3549 si
846 3495 965 3564 plus
990 3511 1113 3552 sese
1144 3496 1196 3549 in
1229 3495 1509 3552 Hebraicis
1534 3499 1886 3571 exercuisset,
1909 3513 2022 3552 ma-

438 3586 720 3657 ioremque
749 3587 944 3658 linguae
981 3587 1136 3657 hujus
1161 3587 1354 3644 fuisset
1381 3591 1630 3661 peritiam
1668 3603 2020 3658 consecutus,

444 3679 575 3732 nihil
607 3681 655 3733 ei
705 3683 769 3732 ad
819 3680 1112 3749 perfectam
1154 3697 1322 3738 sacrae
1359 3683 1492 3750 legis
1533 3684 1894 3754 cognitionem
1925 3683 2020 3738 de-

443 3771 636 3825 fuisset
660 3790 672 3826 :
697 3774 789 3826 sed
829 3784 1034 3826 tantum
1063 3772 1332 3841 decerpsit
1356 3789 1422 3828 ex
1445 3791 1508 3828 ea
1531 3774 1722 3844 gloria,
1755 3788 2020 3844 quantum

442 3879 506 3916 ex
537 3863 758 3930 loquelae
787 3865 948 3934 hujus
975 3866 1150 3921 studio
1182 3868 1437 3922 detraxit.
1461 3867 1648 3923 Dicam
1683 3869 1824 3922 enim
1851 3885 1974 3924 vere
2001 3886 2016 3924 :

443 3954 527 4008 vel
565 3955 868 4010 Hebraismi
908 3973 1094 4027 parum
1135 3961 1371 4014 scientes
1398 3970 1544 4026 sunt,
1581 3962 1662 4015 vel
1693 3963 1745 4016 in
1786 3962 2017 4018 lectione

2133 2763 2220 2825 Il,
2253 2758 2507 2830 εὐνοῦχος
2546 2757 2624 2829 τῷ
2649 2757 2878 2829 βασιλεῖ.
2912 2757 3022 2827 (62)
3055 2757 3204 2823 Quod
3251 2757 3302 2810 si
3348 2757 3399 2810 in
3432 2755 3688 2810 Hebraicis

2132 2861 2404 2920 utcunque
2432 2850 2626 2904 fuisset
2659 2858 2927 2913 versatus,
2956 2863 3076 2917 qua:
3101 2848 3311 2901 habent

2127 2945 2467 3000 emendasset.
2509 2943 2696 3011 utique
2719 2941 2772 2995 in
2806 2942 3031 3004 cuiq-0"
3069 2941 3311 3012 οἰνοχόος
3357 2939 3430 3011 τῷ
3462 2940 3686 3010 βασιλεῖ,

2127 3036 2174 3090 si
2212 3031 2370 3089 modo
2409 3035 2553 3089 hunc
2585 3033 2702 3102 ipse
2737 3045 2981 3088 errorem
3013 3045 3122 3087 non
3157 3033 3388 3094 invexit,
3425 3033 3514 3101 qui
3553 3039 3689 3086 certe

2127 3129 2180 3183 in
2207 3128 2557 3198 Septuaginta
2589 3124 2877 3180 Seniorum
2903 3123 3317 3194 exemplaribus
3341 3125 3578 3195 nuSpiam
3601 3139 3689 3178 ex-

2124 3230 2264 3276 stat:
2284 3218 2578 3287 cuiusmodi
2600 3227 2683 3272 est
2705 3218 2884 3287 inepta
2901 3217 2990 3271 illa
3005 3217 3275 3288 expositio
3299 3215 3539 3272 vocabuli
3555 3215 3684 3287 (63),

2128 3330 2148 3363 ι
2186 3311 2448 3374 Joannes,
2486 3328 2505 3361 ι
2545 3309 2692 3378 quod
2735 3309 2965 3365 formari
3017 3309 3357 3364 existimavit
3405 3324 3436 3362 a
3484 3308 3688 3363 nomine

2121 3416 2242 3468 mm
2281 3406 2522 3478 praeﬁxo,
2564 3413 2620 3459 et
2652 3412 2765 3492 pri,
2792 3418 2916 3458 cum
2948 3418 3016 3457 ex
3046 3402 3160 3458 solo
3183 3411 3280 3491 pri.
3311 3402 3547 3472 praeﬁxis
3583 3415 3690 3456 ser-

2127 3497 2324 3553 vilibus
2381 3496 2584 3552 litteris
2635 3495 2936 3550 derivatum
2988 3495 3080 3550 sit.
3134 3493 3468 3564 Plerumque
3515 3493 3686 3548 itidem

2122 3597 2312 3659 peccat
2338 3587 2392 3642 in
2424 3583 2836 3658 perscrutandis
2862 3583 3141 3638 nominum
3169 3582 3559 3638 Hebraicorum
3583 3581 3690 3636 ori-

2122 3682 2358 3749 ginibus.
2393 3679 2640 3734 Proclive
2667 3679 2722 3732 id
2750 3692 2946 3745 nempe
2971 3675 3072 3730 fuit
3097 3677 3213 3730 viro
3234 3677 3302 3730 ad
3331 3675 3686 3730 mutuatitiate

2123 3775 2294 3827 lucem
2329 3772 2555 3841 vestigia
2577 3787 2672 3826 sua
2702 3772 2757 3826 in
2795 3772 2930 3826 locis
2960 3769 3162 3839 ignotis
3192 3769 3406 3838 regenti
3433 3786 3447 3822 :
3476 3775 3687 3836 praesta-

2121 3865 2212 3920 bat
2246 3873 2428 3919 autem
2471 3864 2646 3918 lucem
2680 3863 2898 3918 Judmus
2939 3861 3116 3929 Philo,
3161 3862 3252 3931 qui
3285 3860 3545 3918 Hebraica
3591 3857 3689 3911 Ve-

2123 3956 2252 4010 teris
2286 3955 2618 4010 Testamenti
2664 3955 2883 4008 nomina
2920 3953 3178 4023 peculiari
3221 3952 3366 4006 libro
3403 3951 3570 4006 fuerat
3605 3947 3685 4001 in-

441 4047 889 4116 Origenianornm
951 4064 1172 4119 operum
1222 4051 1589 4120 perfunctorie
1638 4055 1860 4119 versati,
1924 4056 2013 4124 qui
2043 4030 2085 4088 (ἶ
2123 4056 2482 4115 terpretatus;
2522 4045 2610 4100 cui
2656 4045 2797 4098 libro
2835 4058 3023 4114 parem
3071 4041 3353 4110 subiunxit
3395 4040 3679 4110 Origenes,

441 4136 697 4190 eximium
734 4139 858 4207 quid
893 4138 995 4208 ipsi
1031 4141 1201 4196 vel-in
1235 4154 1437 4197 sancta:
1469 4143 1682 4213 lingum,
1716 4145 1799 4199 vel
1831 4147 1884 4200 in
1914 4162 2010 4202 ea-

442 4244 560 4282 rum
609 4245 729 4298 qua!
761 4245 826 4286 ex
873 4232 974 4286 hoc
1010 4231 1157 4288 fonte
1195 4233 1447 4303 profectae
1485 4245 1613 4289 sunt
1653 4236 2009 4293 dialectorum

439 4322 628 4390 peritia
662 4323 986 4379 tribuerunt.
1021 4324 1127 4381 Nec
1159 4327 1400 4395 opinioni
1427 4337 1629 4382 nostra:
1685 4332 2011 4388 contradicit

439 4411 800 4485 Hieronymus
826 4415 960 4486 (6i),
987 4419 1085 4474 etsi
1114 4419 1328 4473 videtur
1353 4421 1747 4486 contradicere,
1765 4439 1886 4478 cum
1907 4423 2005 4490 ait,

437 4507 766 4576 singularem
802 4509 1027 4578 loquelae
1056 4510 1216 4580 hujus
1248 4511 1494 4565 notitiam
1528 4514 1843 4568 detniratam
1870 4515 1921 4569 in
1945 4529 2008 4571 eo

437 4599 604 4653 fuisse
635 4609 800 4653 totam
830 4599 1092 4656 Graeciam
1129 4619 1144 4656 :
1177 4603 1374 4656 mirum
1411 4603 1460 4657 id
1489 4605 1684 4673 quippe
1707 4604 1876 4658 videri
1907 4620 2008 4676 po-

439 4689 540 4742 tuit
577 4688 781 4744 Graecis
839 4689 1141 4746 llebraismi
1195 4692 1418 4747 rudibus
1457 4702 1510 4746 et
1557 4694 1842 4762 imperitis,
1907 4709 2008 4749 nec

435 4789 695 4848 quantum
716 4781 851 4834 ineo
871 4782 1188 4849 profecisset
1206 4782 1469 4850 Origenes
1494 4783 1808 4838 existimare
1831 4785 2008 4840 scien-

435 4869 598 4923 tibus.
628 4869 845 4926 Minime
875 4887 1001 4926 vero
1032 4887 1182 4926 suam
1213 4873 1325 4940 ipse
1361 4872 1555 4943 lingua:
1598 4873 1758 4943 hujus
1790 4876 2008 4944 ignora-

436 4962 634 5016 tionem
675 4962 978 5016 dissimulat
1019 4963 1204 5016 homil.
1245 4963 1329 5025 14,
1374 4964 1432 5017 in
1465 4962 1634 5016 Num.
1687 4980 1726 5030 ι,
1767 4981 1822 5035 p.
1873 4966 1998 5021 522.

436 5068 458 5102 ι
487 5053 650 5106 Aiunt
679 5069 825 5122 ergo.
864 5053 1058 5122 inquit,
1108 5056 1196 5122 qui
1227 5053 1518 5109 Hebraicas
1549 5055 1757 5111 litteras
1796 5056 2002 5125 legunt,

435 5140 487 5193 in
511 5141 612 5195 hoc
635 5143 769 5208 loco,
800 5145 954 5203 Deus.
987 5161 1090 5198 non
1121 5147 1219 5198 sub
1244 5144 1396 5215 signo
1424 5149 1850 5217 tetragrammati
1880 5143 2002 5204 esse

2122 4137 2507 4192 llebraicorum
2545 4135 2678 4192 Novi
2724 4137 3060 4192 Testameuti
3091 4133 3490 4204 expositionem
3534 4145 3685 4183 cotu-

2121 4231 2358 4299 plexum.
2395 4229 2496 4297 Qui
2535 4245 2662 4284 vero
2709 4245 2814 4285 non
2846 4227 3161 4284 offendisset
3203 4225 3474 4296 Origenes
3514 4221 3686 4277 Philo-

2117 4339 2238 4377 nem
2274 4338 2510 4390 sequens
2540 4325 2762 4388 ducem,
2784 4325 2873 4392 qui
2905 4321 3120 4375 Judaeus
3148 4319 3297 4382 licet,
3325 4317 3529 4372 ludatis
3561 4329 3682 4385 pro-

2114 4427 2330 4485 gnatus,
2378 4432 2446 4471 ne
2481 4414 2741 4470 mediocri
2783 4413 3001 4483 quidem
3046 4413 3351 4465 litterarum
3400 4407 3685 4462 Hebraica-

2121 4525 2236 4561 rum
2272 4524 2422 4570 aura,
2454 4508 2530 4561 uti
2565 4521 2742 4575 neque
2773 4503 3074 4559 ltellenistze
3105 4502 3214 4555 fere
3251 4499 3474 4569 reliqui,
3513 4496 3683 4551 fuerat

2117 4599 2362 4654 alllatus?
2392 4602 2442 4653 ld
2475 4601 2517 4654 si
2555 4600 2736 4654 minus
2780 4599 2833 4653 in
2880 4595 3192 4651 hominibus
3219 4591 3560 4646 Alexandriae
3591 4605 3682 4642 na-

2117 4693 2183 4745 tis
2210 4703 2262 4744 et
2292 4693 2501 4746 eductis
2528 4705 2726 4746 novum
2758 4700 2862 4751 est,
2887 4702 3117 4758 quorum
3149 4697 3359 4739 natura:
3385 4694 3682 4753 repugnare

2113 4783 2300 4838 scribit
2331 4782 2693 4854 Hieronymus
2728 4783 2862 4854 (64),
2893 4780 3210 4835 Hebraicatu
3261 4777 3499 4846 linguam
3528 4773 3677 4827 addi-

2112 4888 2283 4937 scere,
2317 4888 2414 4940 pro
2449 4888 2598 4927 more
2617 4873 2928 4928 Grmcorum
2959 4870 3226 4933 omnium,
3258 4867 3350 4938 qui
3375 4866 3676 4936 linguarum

2111 4965 2444 5019 exoticarum
2487 4965 2724 5019 studium
2764 4961 3042 5032 aspernari
3075 4967 3507 5021 consueverunt;
3534 4965 3590 5009 at
3623 4955 3674 5006 in

2108 5055 2340 5127 Josepbo
2389 5056 2479 5112 illo
2527 5057 2754 5113 Hebraeo
2800 5056 3078 5111 Matltatiae
3128 5054 3240 5110 lilio
3290 5053 3446 5123 plane
3482 5049 3671 5103 mirum

2109 5149 2279 5204 videri
2310 5150 2469 5204 debet
2495 5165 2510 5215 ;
2557 5148 2716 5204 facile
2758 5149 2960 5218 quippe
2991 5162 3060 5202 ex
3089 5148 3207 5218 ejus
3251 5147 3468 5215 scriptis
3495 5149 3673 5211 depre-

434 5234 662 5300 positum
696 5251 711 5288 ;
765 5239 829 5290 de
867 5256 974 5306 quo
1012 5237 1102 5308 qui
1147 5248 1322 5308 potest
1359 5243 1624 5310 requirat.
1675 5262 1700 5296 ι⁴
1735 5242 1897 5297 Multa
1947 5245 2000 5299 in
2036 5261 2080 5316 ι)
2103 5238 2346 5322 ’ὴθιιίιετθ
2381 5239 2530 5305 licet,
2562 5239 2629 5294 ad
2661 5255 2916 5309 magnam
2950 5239 3095 5294 illam
3136 5247 3195 5294 el.
3233 5238 3560 5308 singularem
3586 5233 3671 5288 Ju-

432 5325 905 5384 Observationibus
936 5332 1133 5386 nostris
1164 5332 1665 5400 animadvertimus,
1688 5353 1806 5404 quae
1837 5338 1999 5391 insci-

433 5418 562 5472 tiam
597 5419 712 5488 ejus
754 5421 806 5472 in
835 5420 1108 5479 Hebraicis
1147 5425 1550 5493 demonstrant;
1590 5427 1884 5498 cujustnodi
1918 5443 2001 5484 εει

506 5591 616 5664 (61)
661 5591 878 5647 Hieron.
909 5597 1065 5663 epist.
1097 5597 1165 5650 25
1196 5598 1264 5650 ad
1292 5596 1542 5652 Paulam.

505 5666 616 5732 (62)
647 5663 862 5734 Ot'igeu.
913 5668 968 5718 iu
999 5667 1188 5721 Matth.
1234 5686 1319 5722 XIX
1345 5709 1360 5728 .
1416 5668 1501 5734 12,
1535 5667 1822 5726 Comment.
1859 5680 1989 5725 tutu.

433 5749 522 5792 XV,
555 5732 1080 5804 pag.7657.—Quod
1110 5742 1154 5790 si
1179 5742 1233 5791 in
1256 5732 1546 5804 Hebraicis,
1581 5752 1687 5794 etc.
1734 5740 1864 5794 Vide
1883 5743 1992 5792 atti-

436 5803 861 5874 tnatlversimtcut
925 5818 1163 5874 nostram
1201 5811 1251 5859 in
1296 5813 1409 5862 haec
1440 5803 1600 5862 verba
1632 5812 1873 5874 epistolae
1922 5815 1988 5863 ad

434 5873 743 5931 Africanum
771 5873 1040 5942 τΝεῖμΞοις
1060 5877 1291 5945 οἰνοχόος
1302 5880 1394 5930 τοῦ
1413 5879 1673 5949 βασιλέως
1694 5880 1783 5934 κκὶ
1813 5881 1993 5936 εὐνοῦ-

2109 5334 2382 5389 daicarum
2421 5334 2688 5404 originum
2731 5334 3097 5403 cognitionem
3135 5347 3240 5387 non
3274 5346 3456 5403 parent
3492 5329 3662 5396 ipsum

2110 5428 2296 5496 patria:
2345 5427 2573 5496 loquelae
2636 5425 2884 5496 peritiam
2945 5425 3277 5493 contulisse;
3318 5420 3561 5494 quamvis
3609 5429 3666 5470 se

2100 5619 2188 5674 χος
2213 5604 2396 5669 αὑτοῦ,
2431 5613 2557 5656 ιυιη.
2595 5620 2633 5663 t,
2658 5622 2721 5674 κῃ.
2750 5604 2837 5662 9.7.

2169 5675 2281 5744 (65)
2330 5679 2474 5742 Orig.
2534 5690 2586 5727 ιη
2637 5673 2802 5728 Jouu.
2850 5691 2886 5740 t,
2949 5675 3002 5730 6.
3057 5671 3348 5731 Conantem.
3420 5681 3551 5723 tom.
3598 5680 3673 5732 tt,

2101 5761 2151 5815 ι).
2183 5749 2272 5798 86.

2172 5815 2283 5890 (6i)
2321 5817 2609 5886 llictonyzn
2644 5856 2660 5884 ,
2705 5817 2776 5871 De
2799 5816 2976 5886 script.
3017 5813 3143 5869 cccl.
3179 5817 3230 5870 iu
3269 5813 3536 5883 θύει-ηιξ.
