4020 6306
304 462 403 517 ’101

1363 456 1939 519 ORIGENIANORUM
1976 455 2102 511 LIB.
2146 455 2209 522 ll,
2249 454 2402 511 CAP.
2445 454 2485 509 Ι.

3457 449 3559 504 ’7θί

302 588 565 647 no'nnulta
597 585 879 639 liehraicae
912 583 1193 653 scripsisse
1222 583 1388 647 dicat,
1420 597 1540 652 quae
1567 580 1721 651 lapsu
1751 582 1884 635 tem-
1914 583 1955 641 Α
1989 576 2071 630 vir
2097 576 2258 645 hujus
2290 574 2467 629 artatis
2494 572 2742 628 eruditus
2764 571 2834 625 ab
2864 567 3414 640 interpreteconﬁcta
3443 565 3560 623 exi;

301 672 497 752 porum
536 676 958 732 interciderunt.

380 767 482 833 Qui
512 767 759 823 Judaicis
784 781 945 837 porro
970 765 1171 821 litteris
1198 776 1307 821 tam
1332 765 1525 822 leviter
1553 766 1755 821 tinctus
1782 763 1882 819 fuit

302 840 597 929 Origenes,
630 858 775 912 hunc
806 855 1137 911 Samaritani
1169 856 1445 911 idiomatis
1481 855 1647 909 fuisse
1674 852 1881 908 callen-

304 950 579 1005 tissimum
619 948 890 1003 afﬁrmare
934 948 1156 1019 quidam
1196 964 1304 1003 non
1345 959 1625 1004 verentur.
1655 945 1884 1002 Abunde

301 1043 626 1100 refelluntur
648 1041 720 1095 illi
752 1056 820 1096 ex
850 1041 934 1096 bis
960 1040 1213 1112 Origenis
1231 1041 1412 1095 verbis
1437 1040 1502 1094 ad
1524 1038 1654 1094 illud
1678 1037 1879 1094 Ezech.

300 1148 384 1198 ιι,
412 1134 466 1200 4,
506 1147 628 1203 pag.
657 1130 761 1185 424
791 1147 805 1184 :
842 1148 861 1182 ‹
898 1129 1062 1199 Signa
1093 1129 1249 1184 Thau
1293 1144 1457 1200 super
1494 1128 1698 1185 frontes
1739 1129 1884 1183 viro-

302 1239 421 1279 rum
465 1223 817 1294 gementium.
860 1240 879 1273 )
919 1220 1168 1292 Ἐϐραῖος
1192 1218 1249 1273 δέ
1274 1237 1380 1283 τις,
1415 1218 1610 1289 inquit,
1655 1216 1764 1272 τῶν
1804 1220 1882 1282 εἰς

303 1316 529 1387 Σιιηῆρα
585 1314 1027 1368 πεπιστευκότων
1072 1312 1224 1380 ἔλεγε
1265 1311 1335 1365 τὰ
1378 1312 1581 1384 ἀρχαῖα
1644 1313 1884 1383 στοιχεῖα.

303 1408 539 1479 ἐμφερὲς
564 1406 706 1478 ἔχειν
735 1405 796 1459 τδ
825 1403 940 1458 Ταῦ
969 1404 1046 1475 τῷ
1064 1403 1158 1457 τοῦ
1177 1402 1409 1476 σταυροῦ
1440 1402 1769 1475 χαρακτῆρι,
1790 1402 1884 1457 καὶ

303 1498 735 1571 προφητεύεσθαι
763 1497 891 1569 περὶ
907 1494 1000 1551 τοῦ
1027 1495 1319 1565 γενομένου
1344 1496 1400 1547 ἐν
1424 1494 1770 1565 Χριστιανοῖς
1792 1494 1884 1547 ἐπὶ

302 1588 393 1643 τοῦ
428 1589 678 1663 μετώπου
713 1589 961 1660 σημείου,
987 1589 1123 1659 ὅπερ
1161 1585 1405 1640 ποιοῦσιν
1448 1586 1497 1639 οἱ
1524 1585 1884 1639 πεπιστευκὸ-

298 1702 392 1748 τες
416 1685 615 1749 πάντες
643 1682 949 1738 οὑτινοσοῦν
994 1681 1498 1753 προκαταρχόμενοι
1537 1680 1880 1752 πράγματος,

299 1778 395 1837 καὶ
428 1778 661 1849 μάλιστα.
692 1777 725 1849 ἢ
757 1775 929 1847 εὐχῶν
959 1775 992 1847 ἢ
1020 1775 1193 1844 ἁγίων
1226 1773 1689 1845 ἀναγνωσμάτων.
1723 1791 1741 1823 t
1775 1772 1883 1826 He-

301 1870 485 1926 braeus
516 1879 694 1924 autem
729 1868 973 1938 quidam,
1014 1881 1078 1921 ex
1114 1867 1182 1921 iis
1210 1867 1301 1936 qui
1339 1865 1544 1922 Christi
1574 1866 1734 1920 ﬁdem
1762 1881 1879 1919 am-

1984 667 2279 733 stimabat;
2324 668 2422 721 sed
2493 666 2545 720 in
2590 664 2794 721 Graecis
2836 663 3000 718 etiam
3054 662 3248 725 tomis,
3289 660 3375 715 vel
3420 661 3559 715 seri-

1984 759 2256 829 ptionibus
2295 758 2364 813 ab
2397 757 2724 827 Hieronymo
2762 754 3057 810 Latinitate
3092 754 3327 819 donatis,
3364 749 3559 821 praeci-

1983 865 2087 919 pue
2128 865 2258 905 vero
2296 850 2348 904 in
2387 849 2543 904 libris
2596 856 2800 916 contra.
2839 844 3071 901 Celsum.
3117 846 3261 899 inter.
3308 843 3538 898 ecclesia

1984 942 2155 997 sticos
2187 941 2508 1010 scriptores,
2539 939 2977 1011 apocryphorum
3014 946 3268 992 auctores
3295 935 3558 989 librorum

1986 1034 2183 1099 refero,
2212 1050 2442 1104 quorum
2467 1033 2790 1089 testimoniis
2814 1046 2959 1101 saepe
2988 1046 3201 1101 quoque
3230 1032 3420 1096 utitur;
3454 1042 3559 1083 non

1984 1126 2104 1196 plus
2134 1134 2316 1181 tamen
2349 1127 2415 1181 iis
2444 1124 2569 1180 ﬁdei
2610 1125 2697 1180 vel
2731 1124 3075 1180 auctoritatis
3098 1121 3363 1185 tribuens,
3398 1134 3558 1189 quam

1984 1226 2247 1287 quantum
2285 1233 2347 1273 ex
2397 1217 2500 1272 hoc
2552 1216 2794 1286 Apostoli
2850 1216 3055 1271 monito
3102 1214 3355 1267 tribuere-
3391 1211 3556 1266 licet:

1990 1330 2008 1364 ι
2046 1312 2241 1367 Omnia
2282 1312 2532 1380 probate,
2570 1310 2711 1380 quod
2748 1315 2944 1364 bonum
2975 1316 3062 1362 est
3088 1315 3266 1361 tenete
3293 1305 3336 1360 ⁷.
3369 1323 3387 1355 ι

2053 1403 2141 1457 lV.
2179 1401 2302 1456 Fuit
2347 1417 2479 1474 ergo
2528 1401 2801 1470 praecipua
2856 1398 3108 1470 Origenis
3154 1398 3207 1452 in
3261 1395 3558 1465 Scripturis

1983 1491 2283 1547 enodandis
2322 1493 2626 1555 contentio,
2661 1490 2815 1558 cujus
2863 1488 3165 1559 disciplinae
3206 1502 3369 1541 causa
3404 1501 3561 1541 exco-

1986 1576 2084 1639 luit
2141 1583 2240 1648 τὰς
2290 1583 2522 1650 ἔξωθεν,
2578 1585 2673 1640 sed
2728 1582 3130 1653 philosophiam
3188 1580 3555 1650 potissimum.

1987 1672 2160 1729 Unum
2190 1684 2366 1728 autem
2399 1688 2508 1743 pra:
2541 1673 2766 1743 reliquis
2794 1672 3068 1726 Platonem
3105 1670 3406 1725 admiratus
3434 1679 3557 1724 est:

1986 1766 2124 1819 sicut
2171 1763 2477 1819 Christiana
2529 1767 2780 1836 dogmata
2834 1767 2900 1820 ad
2952 1764 3247 1819 Platonica:
3297 1760 3560 1815 doctrinae

1988 1858 2150 1927 leges,
2182 1870 2288 1909 non
2323 1856 2494 1928 ipsam
2529 1857 2770 1913 Platonis
2804 1858 3105 1911 doctrinam
3143 1855 3208 1909 ad
3236 1854 3445 1909 Christi
3475 1853 3560 1907 ef-

302 1960 449 2029 plexi
490 1969 641 2026 sunt,
681 1960 895 2015 dicebat
918 1959 969 2013 in
996 1956 1534 2026 antiquislelementis
1554 1956 1727 2012 simile
1755 1971 1875 2012 esse
1909 1928 1949 1983 Β
1983 1955 2091 2011 fata
2118 1954 2575 2012 accommodaret.
2594 1949 2852 2018 Exemplo
2884 1964 2982 2003 suo
3009 1948 3293 2018 Origenem
3325 1962 3391 2001 eo
3413 1962 3560 1999 com-

298 2054 456 2108 Tbau
494 2051 680 2107 formae
716 2050 898 2107 crucis
920 2090 936 2117 ,
968 2058 1023 2105 et
1051 2048 1269 2118 praedici
1314 2047 1382 2102 de
1413 2048 1567 2119 signo
1607 2047 1749 2119 quod
1796 2050 1877 2103 in-

298 2153 389 2200 ter
426 2143 771 2200 Christianos
814 2142 875 2197 ﬁt
903 2143 955 2197 in
1004 2138 1207 2207 fronte,
1243 2141 1386 2210 quod
1421 2142 1641 2210 quidem
1671 2140 1878 2196 faciunt

298 2234 398 2302 qui
444 2232 796 2288 crediderunt
837 2245 1059 2296 omnes,
1104 2245 1487 2300 quamcunque
1532 2246 1645 2286 rem
1690 2246 1880 2301 aggre-

300 2325 549 2391 diantur,
586 2324 821 2379 maxime
861 2337 992 2378 vero
1029 2322 1114 2377 vel
1158 2336 1380 2392 preces,
1422 2322 1509 2377 vel
1549 2332 1770 2378 sanctas
1808 2322 1878 2377 le-

297 2413 532 2468 ctiones.
574 2432 594 2467 ι
646 2412 1041 2468 Samaritarum
1086 2411 1352 2466 elementa
1393 2411 1626 2482 appellat
1672 2413 1879 2484 ἀρχαῖα

296 2506 562 2575 στοιχεῖα,
599 2506 741 2575 quod
768 2504 835 2560 iis
862 2503 1071 2558 Hebraei
1106 2513 1397 2558 uterentur
1427 2502 1625 2573 priscis
1671 2514 1878 2571 tempo-

296 2597 471 2660 ribus,
530 2596 637 2669 πρὸ
667 2596 767 2667 τῆς
795 2596 1137 2668 μετοικεσίας
1156 2594 1491 2659 Βαϐυλῶνος.
1527 2594 1643 2666 (65)
1674 2595 1876 2651 Eorum

296 2687 341 2741 si
381 2686 633 2742 notitiam
675 2688 911 2757 aliquam
976 2697 1348 2755 comparasset
1400 2684 1684 2755 Origenes,
1723 2685 1874 2740 Thau

296 2777 629 2833 Samaritani
659 2777 890 2833 formam
917 2778 986 2833 ab
1016 2777 1242 2832 Hebraeo
1268 2777 1364 2832 illo
1380 2778 1658 2847 accepisse
1685 2792 1743 2832 se
1769 2792 1874 2831 non

296 2864 549 2931 dixisset,
582 2880 743 2935 quant
776 2867 1048 2936 cognitam
1078 2880 1144 2920 ex
1172 2880 1230 2920 se
1261 2865 1542 2921 habuisset
1572 2875 1627 2921 et
1654 2881 1874 2936 perspe-

298 2966 472 3013 ctam.
527 2957 708 3027 Atque
761 2956 849 3013 hic
896 2956 1073 3013 obiter
1121 2956 1411 3027 Origenem
1459 2958 1797 3014 vindicemus
1845 2975 1876 3014 a

296 3062 531 3104 censura
569 3048 858 3119 Scaligeri,
892 3049 984 3117 qui
1025 3048 1077 3102 in
1122 3047 1276 3104 Notis
1316 3048 1381 3103 ad
1414 3048 1710 3105 Eusebium
1741 3065 1878 3120 prte-

296 3138 471 3195 l'racte
515 3147 680 3211 negat
712 3138 865 3196 Thau
911 3136 1301 3193 Samariticum
1338 3138 1442 3192 alia
1476 3137 1650 3193 forma
1691 3138 1874 3204 luisse,

293 3244 460 3300 quam
500 3246 606 3301 qua
650 3231 815 3286 hodie
862 3231 1103 3300 pingitur
1144 3230 1197 3285 in
1245 3229 1403 3285 libris
1443 3228 1872 3295 Samaritarum;

293 3323 463 3378 etiam
502 3334 691 3379 contra
730 3321 1042 3393 Hieronymi
1082 3323 1489 3389 auctoritatem,
1521 3321 1611 3391 qui
1662 3321 1876 3376 codices

295 3413 679 3472 Samaritanus
704 3423 1039 3471 versaverat.
1065 3414 1285 3470 Certum
1311 3427 1393 3470 est
1415 3417 1559 3471 enim
1587 3432 1691 3471 non
1717 3416 1875 3471 unico

293 3510 461 3564 modo
495 3510 669 3564 notari
700 3509 921 3564 solitum
956 3509 1124 3564 fuisse
1166 3509 1318 3563 Thau
1354 3509 1758 3573 Samariticum,
1795 3520 1877 3563 at-

294 3617 408 3670 que
439 3602 490 3654 id
523 3602 816 3671 aliquando
847 3603 914 3657 ad
944 3601 1128 3657 crucis
1160 3600 1390 3655 formam
1430 3615 1550 3655 esse
1582 3600 1872 3667 depictum,

294 3700 359 3746 ut
388 3692 544 3747 ﬁdem
579 3691 787 3747 faciunt
824 3691 1184 3746 vetustissimi
1230 3690 1433 3744 nummi
1465 3688 1834 3745 Hebraeorum.

372 3783 456 3839 ιιι.
492 3782 604 3837 Non
634 3782 929 3851 Scriptura
961 3781 1439 3850 interpretationes
1470 3781 1752 3845 duntaxat,
1782 3781 1877 3834 sed

297 3875 451 3945 ipsos
515 3876 676 3929 etiam
713 3875 1033 3943 interpretes
1089 3875 1493 3942 scriptoresque
1533 3872 1668 3926 adeo
1699 3871 1877 3926 eccle-

298 3968 556 4024 siasticos
609 3983 797 4023 omnes
849 3977 1103 4022 accurate
1157 3966 1434 4021 evolverat
1480 3963 1875 4028 Adamantius,

300 4075 530 4130 quorum
570 4061 934 4129 patrocinium
977 4060 1270 4114 sententiis
1296 4058 1407 4113 suis
1434 4057 1752 4127 plerumque
1779 4072 1879 4111 no-

300 4151 548 4203 minatim
605 4149 851 4213 asciscit,
904 4148 1200 4204 Clementis
1239 4157 1394 4219 puta,
1448 4147 1680 4219 lgnatii,
1718 4145 1875 4202 Jose-

300 4241 390 4310 phi
413 4281 429 4306 ,
465 4239 707 4294 Philonis
734 4250 788 4294 et
824 4239 1081 4296 aliorum.
1116 4239 1302 4310 Neque
1329 4239 1380 4293 id
1423 4238 1475 4293 in
1517 4237 1673 4292 libris
1703 4236 1875 4292 solum

300 4333 390 4402 qui
427 4347 455 4386 a
495 4331 691 4390 Ruﬁno
720 4331 969 4386 conversi
998 4343 1149 4398 sunt,
1196 4331 1476 4401 reperias;
1532 4330 1646 4385 haec
1682 4329 1880 4399 quippe

325 4406 329 4412 Δ
369 4423 389 4455 ⁷
425 4424 442 4477 l
472 4422 719 4478 Thessal.
756 4438 812 4492 ν,
853 4423 940 4477 21.

371 4519 483 4589 (65)
525 4518 789 4594 ξοταηιέὶ
813 4520 1057 4594 notitiam
1089 4523 1320 4594 aliquam
1357 4528 1712 4594 comparasset
1742 4517 1866 4594 _Ori-‘

1982 2049 2117 2117 pulit
2165 2047 2320 2103 Philo
2368 2043 2629 2106 Judreus,
2674 2050 2816 2095 totus
2872 2041 2937 2094 ad
2982 2038 3222 2093 Platonis
3249 2038 3557 2108 exemplum

1980 2139 2338 2210 compositus,
2369 2152 2474 2191 non
2508 2132 2718 2188 Platoni
2753 2132 2914 2186 nimis
2951 2130 3242 2185 tribuendo
3277 2131 3557 2191 duntaxat,

1980 2231 2071 2287 sed
2128 2229 2465 2299 Scripturam
2518 2224 2682 2281 etiam
2740 2222 3011 2293 allegoriis
3044 2221 3317 2291 perpetuis
3371 2222 3560 2290 expla-

1980 2323 2179 2376 naudo.
2209 2318 2480 2387 Compulit
2523 2325 2577 2370 et
2628 2323 2926 2384 praeceptor
2959 2312 3103 2367 illius
3145 2313 3390 2367 Clemens
3435 2312 3560 2366 Ale-

1981 2410 2286 2467 xandrinus
2311 2449 2326 2473 ,
2367 2406 2656 2461 academire
2688 2404 2976 2473 pigmentis
3009 2419 3093 2458 res
3124 2403 3463 2457 Christianas
3498 2403 3560 2456 il-

1984 2502 2218 2556 lustrare
2248 2508 2433 2554 suetus
2462 2511 2477 2560 ;
2527 2494 2673 2563 quod
2727 2506 2783 2548 et
2815 2494 3046 2547 maxima
3080 2509 3205 2562 pars
3238 2494 3368 2547 fecit
3408 2503 3560 2547 vetn-

1979 2598 2206 2652 stiorum
2241 2593 2464 2646 Patrtnn
2498 2629 2514 2655 ,
2551 2588 2644 2643 sed
2692 2588 2911 2657 parcius
2966 2597 3019 2640 et
3046 2586 3427 2640 verecundius.
3465 2585 3561 2640 llis

1981 2689 2162 2757 itaque
2221 2685 2621 2740 Platonicorum
2689 2680 2893 2735 deliriis
2961 2680 3235 2734 sincerum
3300 2678 3561 2733 doctrinae

1979 2780 2300 2836 Christiana:
2336 2794 2431 2833 vas
2462 2787 2745 2847 postquam
2794 2772 3117 2826 iucrustavit
3162 2769 3557 2835 Adamantius.

1980 2889 2042 2926 ex
2076 2871 2167 2926 illo
2209 2870 2450 2925 doctrina
2487 2867 2605 2936 ejus
2643 2875 2896 2934 corrupta
2927 2869 3009 2917 est
3036 2902 3051 2927 ,
3084 2870 3137 2915 et
3168 2858 3412 2932 profanis
3447 2860 3560 2941 ‘im-

1981 2967 2107 3021 bnta
2141 2964 2444 3029 erroribus,
2475 2961 2618 3016 unde
2666 2959 2896 3015 inﬁnitis
2936 2955 3177 3027 jactatus
3210 2954 3470 3010 conviciis
3505 2965 3560 3010 et

1978 3054 2213 3125 querelis
2251 3056 2302 3107 in
2339 3067 2580 3107 summas
2610 3050 2804 3106 incidit
2850 3048 3217 3109 calamitates,
3257 3054 3312 3100 et
3344 3044 3557 3101 laudem

1980 3146 2186 3202 meritis
2219 3155 2428 3216 partam
2475 3142 2709 3199 decoxit.
2743 3140 2847 3195 Sed
2907 3155 3005 3193 nec
3037 3138 3328 3192 academize
3361 3137 3559 3191 ﬁnibus

1981 3236 2253 3307 ingenium
2289 3252 2443 3291 suum
2478 3234 2747 3298 coercuit;
2777 3232 3059 3286 universas
3091 3230 3181 3286 ille
3214 3229 3560 3301 philosopho-

1984 3343 2100 3380 rum
2133 3338 2313 3381 sectas
2360 3327 2542 3381 animo
2572 3336 2898 3396 pervagatus
2930 3333 3031 3378 est.
3075 3323 3557 3394 Pythagoricorum

1981 3417 2198 3484 scriptis
2255 3416 2574 3472 delectatum
2640 3417 2824 3482 fuisse,
2882 3426 2936 3470 et
2981 3416 3287 3469 Stoicorum
3332 3428 3549 3483 quoque

1981 3508 2291 3562 adhibuisse
2350 3507 2520 3562 libros
2559 3508 2712 3562 testis
2751 3515 2834 3561 est
2863 3506 3214 3576 Porphyrius.
3245 3504 3381 3560 llinc
3424 3505 3559 3559 adeo

1983 3614 2087 3653 non
2126 3600 2214 3653 uni
2250 3600 2408 3654 alicui
2445 3600 2719 3655 addictum
2756 3609 2939 3664 sectae,
2961 3600 3053 3652 sed
3082 3599 3320 3652 omnium
3351 3597 3559 3651 studio-

1982 3707 2099 3746 sum
2135 3692 2319 3756 fuisse,
2348 3709 2413 3747 ex
2448 3693 2621 3764 iisque
2647 3692 2907 3762 quidquid
2950 3692 3133 3745 utilius
3165 3703 3328 3754 esset,
3352 3699 3408 3744 et
3431 3704 3559 3745 vero

1980 3786 2209 3841 similius
2242 3787 2599 3857 deccrpsisse,
2630 3785 2881 3854 idemque
2906 3784 3187 3853 discipulis
3213 3792 3268 3835 ut
3316 3783 3559 3836 lacerent

1978 3887 2135 3930 caute
2163 3877 2501 3946 prmeepissc.
2520 3875 2815 3946 Gregorius
2845 3874 3279 3942 Thaumaturgus
3297 3873 3557 3941 scriptum

1980 3968 2195 4036 reliquit
2214 3968 2349 4035 (66);
2375 3975 2429 4021 ut
2450 3984 2551 4021 non
2582 3976 2688 4020 tam
2706 3967 3033 4033 Platonicus,
3054 3968 3135 4022 vel
3152 3967 3555 4038 Pythagoricus.

1979 4074 2140 4126 quam
2176 4057 2558 4113 Pommonicus
2605 4060 2708 4113 dici
2761 4059 2996 4125 debeat,
3054 4073 3084 4112 a
3136 4058 3432 4112 Pntamone
3465 4058 3558 4112 illo

1982 4150 2375 4217 Alexandrino,
2430 4152 2525 4221 qui
2565 4152 2833 4208 eclectica:
2864 4163 3025 4207 secta:
3050 4161 3240 4205 auctor
3262 4150 3384 4204 fuit.
3416 4150 3557 4217 Quo-

1987 4240 2129 4295 circa
2173 4240 2507 4298 Justinianus
2566 4245 2619 4299 in
2681 4244 2907 4314 epistola
2955 4245 3021 4299 ad
3089 4243 3322 4308 Menam,
3388 4252 3443 4297 et
3506 4243 3558 4296 in

1988 4331 2156 4386 altera
2215 4337 2282 4388 ad
2337 4334 2581 4403 quintam
2648 4336 2949 4405 synodum,
3018 4349 3351 4405 paganorum
3413 4349 3558 4388 erro-

1973 4518 2087 4574 nesi
2130 4528 2185 4573 et
2220 4518 2439 4581 Exodo,
2490 4517 2541 4569 in
2577 4516 2803 4571 Psalmis
2861 4517 2989 4570 item
3018 4555 3031 4579 ,
3087 4518 3137 4569 in
3185 4514 3456 4577 Jeremia,
3506 4513 3560 4569 iu

301 4586 475 4661 gerres,
523 4587 673 4661 Thau
724 4586 1055 4644 Samaritam'
1101 4586 1362 4661 formam,
1394 4586 1500 4645 etc.
1541 4589 1871 4645 Samaritani
1907 4588 2248 4661 D'I‘hreuis;
2306 4590 2448 4657 apud
2508 4587 2848 4661 Epechielcm
2899 4587 3124 4661 “etiam,
3175 4586 3559 4661 Danielenuet

300 4660 520 4727 quidem
572 4660 848 4713 idiomatis
885 4660 1331 4718 callentissimum
1388 4660 1557 4715 fuisse
1596 4676 1703 4714 non
1745 4675 1874 4715 reor

300 4730 613 4797 Origenem,
645 4731 739 4785 sed
781 4731 918 4783 haud
954 4732 1069 4786 scio
1104 4748 1172 4786 an
1208 4730 1542 4795 utJudaicis,
1577 4733 1648 4785 ita
1682 4731 1874 4784 Sama-

302 4799 493 4871 ritauis
524 4809 579 4871 e_t
610 4798 1080 4871 Syriacisilitteris
1098 4803 1288 4857 saltem
1322 4802 1508 4857 leviter
1542 4802 1743 4856 tinctus
1768 4816 1871 4855 non

303 4868 487 4924 luerit.
540 4869 630 4923 Sic
652 4868 808 4924 enim
858 4870 920 4925 Ι).
967 4871 1271 4929 Bernartius
1317 4874 1383 4925 de
1430 4870 1775 4927 Montl‘aucon
1820 4874 1871 4925 in

302 4937 766 5011 Prmliininaribus
802 4942 868 4993 ad
911 4939 1153 5010 Hexapla
1192 4943 1442 5011 Origenis
1477 4958 1594 5011 cap.
1624 4943 1677 5005 l,
1721 4956 1870 4996 num.

299 5005 373 5063 8:
402 5026 426 5082 «ν
448 5009 776 5082 Samaritani
816 5020 871 5064 et
903 5013 1025 5082 Syri
1056 5005 1315 5068 lectiones
1337 5013 1387 5065 in
1424 5005 1758 5081 marginibus
1780 5025 1872 5064 ve-

302 5081 730 5152 tustissimorum
777 5081 1187 5151 exemplarium,
1213 5099 1332 5152 qua:
1374 5082 1733 5151 Hexaplorum
1765 5082 1873 5152 fra-

304 5159 524 5222 gmenta
548 5151 825 5222 exhibeat,
860 5167 1098 5221 persaepe
1148 5151 1551 5217 observantur;
1586 5152 1709 5222 Syri
1744 5151 1865 5221 qui-

305 5220 427 5298 dem
463 5222 515 5274 in
551 5221 823 5298 plerisque
842 5220 1144 5298 Scripturre
1164 5224 1353 5298 libris;
1386 5220 1712 5298 Samaritani
1742 5220 1872 5298 vero

305 5289 360 5342 iu
394 5289 761 5353 Pentateueho
804 5289 1008 5346 tantum
1041 5312 1056 5349 :
1095 5296 1186 5349 ubi
1231 5310 1336 5349 non
1387 5293 1762 5361 inlrequenter
1788 5292 1871 5345 in-

304 5362 723 5429 terpretationes
750 5361 1080 5419 Samaritani
1112 5366 1513 5419 animadvertas
1538 5402 1554 5427 ,
1602 5362 1871 5416 interdum

306 5430 463 5503 solas,
504 5433 703 5503 szrpius
733 5448 855 5487 cum
889 5431 1116 5503 aliorum
1157 5434 1513 5503 interpretum
1550 5432 1871 5487 lectionibus

305 5500 549 5581 collatas.
573 5501 709 5581 Cum
728 5515 927 5581 autem
958 5502 1060 5557 illze
1084 5500 1730 5581 Salnariiani_lectioues,
1762 5517 1866 5581 non

304 5571 361 5623 in
394 5572 618 5625 vetustis
644 5573 922 5629 codicibus
955 5582 1163 5627 tantum
1191 5614 1207 5639 ,
1241 5576 1335 5628 sed
1365 5576 1531 5629 etiam
1576 5574 1716 5639 apud
1767 5571 1869 5625 Pa-

304 5648 418 5695 tres
461 5645 683 5710 quarti,
720 5642 894 5712 quinti
944 5653 1001 5698 et
1037 5647 1372 5712 sequentium
1422 5644 1747 5712 saeculorum
1776 5658 1869 5696 oc-

305 5723 570 5783 currant,
606 5711 903 5783 probabile
946 5728 1079 5767 sane
1112 5711 1324 5768 videtur
1368 5714 1540 5783 ipsum
1577 5711 1866 5782 Origeuem

307 5779 570 5853 lectiones
602 5779 725 5837 illas
769 5783 1098 5842 Samaritani
1134 5784 1186 5837 iu
1219 5779 1461 5853 margine
1504 5779 1864 5853 Hexaplorum

308 5852 574 5927 posuisse.
621 5853 765 5908 Idem
814 5868 976 5927 porro
1007 5854 1293 5927 dicendum
1325 5855 1540 5927 videtur
1578 5852 1822 5927 de_Sy[o
1846 5891 1862 5916 ,

306 5919 462 6007 Cuius
510 5919 981 5993 interpretationes
1017 5924 1218 6003 passim
1274 5924 1615 5996 reperiuntur
1652 5919 1864 5987 iu'Gcs

1976 4661 2133 4715 Osee.
2171 4660 2292 4729 Syri
2333 4655 2493 4728 porro
2552 4658 2814 4729 lectiones
2857 4656 3156 4729 afferuntur
3213 4659 3280 4729 ab
3328 4655 3560 4729 Eusebio

1976 4726 2380 4792 Czesarieitsi,_a
2410 4729 2643 4782 Diodoro
2669 4728 2927 4782 Tarsensi
2961 4726 3321 4794 frequentius,
3359 4728 3424 4779 ab
3452 4726 3559 4780 Eu-

1974 4801 2126 4855 sebio
2193 4800 2450 4854 Emiseno
2477 4836 2492 4861 ,
2526 4797 2854 4869 Hieronymo
2879 4839 2894 4863 ,
2924 4796 3265 4869 Theodoreto
3316 4806 3391 4869 et_
3413 4796 3558 4869 aliis.

1975 4871 2234 4937 Quodque
2273 4870 2569 4923 notandum
2610 4866 2950 4937 est,'iidem,
2990 4867 3332 4937 maximeque
3368 4866 3562 4937 Diodo-

1976 4936 2068 4995 rus
2130 4936 2327 5010 Syrum
2392 4936 2802 5010 cumgllebraao
2862 4953 3027 5010 saepe
3061 4936 3399 5010 conjtuigunt
3457 4936 3561 5010 hoc

1976 5022 2130 5081 pacto
2158 5006 2230 5063 ίὸ
2266 5010 2434 5081 Σύρος
2472 5008 2567 5063 καὶ
2595 5012 2624 5062 ὁ
2650 5008 2899 5081 Ἐϐραῖος
2917 5050 2932 5074 ,
2951 5009 3068 5074 vel,
3090 5011 3142 5081 νὸ
3187 5006 3436 5081 Ἐϐραῖος
3466 5006 3562 5059 καὶ

1973 5084 2002 5134 ὁ
2028 5080 2216 5152 Σύρος,
2269 5077 2482 5150 quando
2517 5081 2728 5134 scilicet
2749 5077 3560 5152 'amborum__inlerprelatiottes

1973 5146 2303 5205 conveniunt
2331 5192 2346 5217 ,
2378 5152 2519 5220 quod
2555 5165 2696 5219 saepe
2727 5149 3011 5219 contingit.
3037 5147 3132 5220 H52
3166 5146 3548 5220 porro‘lectio-

1975 5237 2090 5283 nes,
2133 5223 2354 5289 perinde
2384 5217 2548 5289 atque
2585 5217 2938 5286 Sitmaritani,
2961 5220 3029 5273 ab
3058 5219 3294 5288 Origene
3316 5217 3551 5289 diligen-

1975 5286 2185 5346 tissimo
2236 5286 2547 5346 versionum
2594 5292 2888 5346 collectore
2934 5286 3226 5359 potuerunt
3277 5289 3440 5342 etiam
3500 5286 3554 5359 in

1974 5363 2309 5432 marginibus
2362 5361 2724 5432 chaplorum
2777 5356 3033 5417 collocari
3080 5374 3468 5432 :quanquam_
3501 5356 3552 5432 id

1973 5428 2195 5487 minime
2227 5442 2459 5488 constet.
2496 5428 2618 5487 H;ec
2646 5433 2847 5502 quippe
2869 5432 3042 5485 solmn
3085 5430 3383 5502 divinando
3418 5428 3554 5502 diei-

1973 5519 2092 5557 mus
2124 5522 2136 5558 :
2166 5506 2336 5558 donec
2356 5504 2501 5558 enim
2527 5497 2708 5572 aliqua
2742 5497 2825 5557 vel
2870 5502 3079 5556 tantilla
3115 5516 3245 5570 pars
3277 5497 3551 5567 Hexaplo-

1972 5585 2215 5644 rum,rut
2250 5574 2405 5629 initio
2438 5575 2638 5644 scripta
2676 5574 2916 5644 luerunt,
2960 5587 2992 5627 e
3025 5572 3264 5644 tenebris
3311 5582 3555 5644 emersef

1973 5645 2064 5709 rit,
2096 5643 2304 5713 plenam
2330 5639 2970 5715 perl'ectautqueillorum
3009 5643 3256 5698 notitiam
3280 5639 3555 5710 expiscari

1972 5732 2077 5769 non
2106 5716 2420 5770 valebimus.
2448 5735 2468 5767 ι
2605 5714 2613 5723 “

2046 5784 2159 5857 (66)
2194 5783 2358 5855 Greg.
2410 5785 2640 5846 Thaum.
2702 5786 2752 5840 in
2828 5788 3030 5855 Paneg.
3089 5799 3239 5840 num.
3280 5783 3313 5839 7
3360 5792 3414 5837 ct
3466 5778 3560 5843 13.

1977 5854 2098 5929 pag.
2129 5854 2198 5912 67
2238 5867 2293 5917 et
2312 5854 2407 5921 74.
