4020 6306
498 401 608 462 705

1708 418 1711 419 ⁷
1775 398 1840 459 Ρ.
1883 398 2206 455 DANIELIS
2245 396 2479 453 HUETll

3619 410 3714 466 704

496 516 655 577 ribus
701 511 913 569 afﬁnem
942 508 1119 573 fuisse
1158 508 1449 580 Origenem
1490 518 1607 577 tam
1651 524 1844 571 crearo
1875 509 2085 583 objicit.
2113 515 2161 572 Α
2190 524 2240 565 v1
2272 520 2414 569 cont.
2464 510 2696 581 Celsum,
2735 527 2885 568 num.
2906 512 3013 577 24,
3042 526 3096 582 p.
3124 510 3225 571 648
3261 512 3398 584 (68).
3440 514 3596 573 Porro
3618 526 3719 591 epi-

575 604 636 661 ν.
676 603 789 675 (67)
811 603 891 665 Ad
933 602 1171 673 reliquas
1193 616 1413 672 quoque
1441 601 1780 672 disciplinas,
1815 603 1930 657 sive
1961 617 2078 657 ma-

493 697 822 756 thematicas
836 705 999 762 artes,
1027 694 1141 753 sive
1160 708 1254 755 eas
1278 709 1404 764 qua:
1417 695 1486 750 ab
1507 693 1848 751 humanitate
1882 708 2075 748 nomen

500 790 721 856 habent,
773 787 1010 848 animum
1056 785 1305 855 appulit;
1340 788 1433 843 sed
1467 784 1728 856 majorem
1760 785 1974 839 videtur
2009 783 2075 837 iis

498 882 711 937 artibus
745 879 1073 948 impendisse
1096 893 1321 948 operam
1336 917 1356 942 ,
1393 894 1621 947 quarum
1663 888 1783 933 erat
1812 892 1943 933 usus
1992 873 2077 929 vel

496 975 564 1028 ad
598 973 907 1042 Scriptum
934 985 1106 1025 sacrae
1145 970 1564 1026 illustrationem
1596 1012 1611 1039 ,
1643 969 1729 1026 vel
1762 970 1829 1023 ad
1863 982 2074 1023 morum

495 1062 932 1121 emendationem
962 1103 977 1128 ,
1017 1059 1101 1121 vel
1124 1060 1191 1114 ad
1240 1059 1501 1115 Ecclesiae
1532 1059 1946 1115 aediﬁcationem
1978 1073 2072 1113 ac-

492 1153 907 1211 commodatior.
955 1150 1087 1205 Tam
1131 1149 1334 1205 assidui
1382 1159 1565 1204 autem
1596 1160 1654 1205 et
1684 1149 1990 1211 inexhausti
2019 1148 2073 1204 iii

494 1247 809 1302 evolvendis
838 1244 1206 1303 voluminibus
1243 1242 1446 1299 laboris
1483 1241 1586 1299 fuit
1611 1282 1628 1309 ,
1664 1250 1725 1298 ut
1748 1242 1972 1319 objiciat
2022 1240 2074 1307 ei

494 1339 827 1409 Theophilus
851 1380 866 1403 ,
907 1346 1201 1407 perpetuus
1230 1336 1399 1406 ipsius
1453 1334 1774 1397 insectator,
1807 1350 1827 1385 ι
1863 1332 2073 1402 jactare

492 1447 554 1486 se
588 1450 615 1487 ν)
671 1431 819 1484 illum
859 1449 877 1481 ι
929 1429 981 1483 i—n
1024 1418 1258 1483 scientia
1308 1426 1736 1497 Scripturarum,
1778 1434 1834 1479 et
1882 1433 2071 1494 putare

494 1534 643 1583 tanta
680 1523 877 1593 legisse
905 1564 921 1589 ,
975 1530 1181 1590 quanta
1238 1518 1415 1581 nullus
1458 1517 1737 1574 hominum
1772 1516 2008 1589 legerit:
2042 1534 2065 1569 ι

495 1625 643 1671 tanta
679 1630 804 1669 vero
831 1612 1075 1667 discendi
1127 1610 1422 1686 cupiditate
1456 1609 1711 1669 incensus
1738 1647 1752 1675 ,
1796 1616 1854 1662 ut
1877 1607 1944 1661 ad
1975 1621 2066 1662 eos

493 1705 924 1769 conveniendos,
955 1719 1187 1773 quorum
1209 1713 1352 1757 esset
1374 1701 1589 1757 celebre
1618 1714 1813 1755 nomen
1842 1700 1894 1754 in
1923 1698 2065 1754 litte-

2186 603 2320 658 stola
2350 604 2580 674 quadam
2611 643 2627 669 ,
2656 619 2779 674 qua
2806 612 2890 659 est
2918 604 3060 673 apud
3105 603 3392 663 Eusebium
3416 605 3545 678 (69),
3577 624 3722 666 exoti-

2184 693 2323 749 savit
2348 695 2575 759 nimium
2606 709 2771 758 suum
2802 693 2855 747 in
2883 707 2976 763 eas
3006 694 3292 761 doctrinas
3320 696 3568 763 studium,
3594 702 3722 768 quod

2184 785 2486 855 aliquorum
2533 786 3048 856 reprehensionibus
3091 794 3340 856 patuerat
3358 803 3378 851 _;
3415 788 3722 855 stolidarum

2184 876 2383 946 quippe
2412 877 2693 935 hominum
2717 916 2736 944 ,
2776 887 3042 948 quantum
3072 875 3313 948 profana:
3341 875 3532 932 litterae
3572 882 3725 938 sacris

2179 970 2563 1049 promovendis
2590 969 2898 1033 conducant
2925 985 3115 1039 parum
3141 968 3569 1039 intelligentiam.
3595 971 3724 1027 Tan-

2183 1070 2291 1118 tam
2346 1061 2561 1125 demum
2630 1062 2733 1125 sibi
2794 1062 3029 1123 nominis
3088 1061 3391 1129 claritatem
3447 1064 3726 1129 eruditione

2175 1170 2278 1209 sua
2302 1153 2561 1229 peperit,
2608 1161 2669 1208 ut
2712 1154 2781 1211 ad
2809 1170 2933 1211 eum
2978 1152 3312 1223 conﬂuerent
3351 1154 3523 1209 omnis
3571 1170 3724 1226 gene-

2177 1245 2257 1300 ris
2287 1245 2535 1302 homines
2559 1283 2576 1309 ,
2604 1243 2962 1305 excellentem
3010 1245 3130 1325 ejus
3174 1246 3530 1309 eruditionem
3562 1248 3726 1310 ethni-

2181 1338 2230 1393 ci
2279 1338 2378 1415 ipsi
2420 1337 2768 1394 celebrarent
2813 1339 3033 1409 scriptis
3059 1380 3076 1405 ,
3108 1354 3234 1401 suas
3275 1339 3325 1398 ei
3368 1348 3726 1403 consecrarent

2180 1428 2626 1497 lucubrationes,
2668 1430 3075 1500 disciplinarum
3127 1430 3370 1491 omnium
3426 1431 3723 1501 encyclope-

2178 1521 2322 1577 diam
2354 1520 2535 1576 animo
2562 1521 2875 1583 crederetur
2893 1536 3013 1577 esse
3041 1521 3378 1591 complexus,
3412 1529 3466 1575 et
3494 1520 3723 1593 princeps

2173 1612 2320 1668 inter
2364 1611 2634 1675 litteratos
2685 1616 2751 1670 ab
2792 1615 3047 1675 omnibus
3092 1612 3484 1686 propemodum
3514 1626 3725 1684 ponere-

2171 1714 2226 1760 ῐιΙ
2234 1721 2277 1761 l‘.

496 1798 576 1853 ris
602 1841 616 1867 ,
667 1798 865 1853 multas
904 1812 1025 1852 sese
1057 1801 1303 1868 regiones
1335 1798 1696 1865 perlustrasse
1735 1794 1941 1857 scribat
1968 1790 2062 1847 lib.
2102 1807 2145 1864 η

1527 2075 1927 2165 CAPUT
1996 2074 2686 2169 SECUNDUM.

1783 2269 2088 2348 Origenis
2131 2272 2444 2349 dogmata.

559 2582 782 2636 Cums
811 2577 846 2631 9.
881 2590 1153 2649 Ριιοιοςυς
1194 2590 1572 2649 ετλρλῃτ-ιτιο,
1604 2607 1675 2617 -
1701 2578 2055 2632 Pervenimus

2180 2593 2205 2631 η
2249 2578 2314 2631 ad
2352 2578 2471 2649 ipsa
2501 2576 2757 2649 Origenis
2803 2576 3050 2649 dogmata
3079 2616 3095 2642 ,
3134 2575 3252 2649 sive
3284 2591 3415 2645 quae
3442 2582 3723 2649 reprehen-

491 2654 674 2707 siones
706 2660 926 2718 eXperta
960 2647 1146 2718 aliqqu
1171 2647 1329 2700 modo
1356 2644 1569 2700 defendi
1607 2657 1861 2715 possunt;
1899 2650 2016 2702 sive
2057 2644 2180 2717 quae
2207 2644 2827 2718 sanat—Christianorum
2856 2644 3115 2718 doctrina!
3162 2644 3348 2718 reipsa
3401 2644 3576 2705 minus
3599 2668 3723 2708 cnn-

491 2732 748 2779 sentanea
782 2716 996 2775 amnem
1029 2716 1242 2788 penitus
1288 2726 1552 2788 respuunt
1580 2718 1988 2788 excusationem
2018 2735 2031 2770 :
2056 2716 2167 2777 nec
2201 2734 2264 2779 ea
2306 2721 2475 2775 modo
2510 2733 2631 2788 quae
2676 2717 2882 2788 culpari
2919 2717 3080 2788 vulgo
3109 2716 3286 2788 solent
3314 2761 3331 2784 ,
3364 2719 3457 2788 sed
3485 2736 3602 2787 qua:
3633 2740 3723 2779 nos

489 2792 653 2847 etiam
682 2805 745 2843 ex
795 2797 1001 2843 attenta
1042 2797 1094 2841 et
1134 2786 1376 2859 diligenti
1410 2786 1846 2859 lucubrationum
1881 2787 1995 2856 ejus
2035 2788 2262 2859 lectione
2285 2786 2619 2858 excepimus.
2657 2786 3320 2859 Aliiquidem’universos
3361 2786 3608 2859 Origenis
3639 2808 3721 2847 er-

492 2876 646 2916 rores
674 2858 965 2914 defendere
998 2872 1101 2926 qua
1125 2853 1267 2926 jure,
1295 2871 1509 2926 quaque
1538 2853 1733 2922 injuria
1763 2867 1888 2912 sunt
1910 2853 2157 2927 aggressi
2186 2876 2201 2923 ;
2236 2853 2480 2926 magnam
2515 2859 2642 2912 hinc
2673 2857 2772 2911 sibi
2796 2853 3121 2928 spondentes
3156 2857 3396 2924 laudem,
3418 2853 3722 2928 si'receptas

489 2931 557 2987 de
582 2946 648 2985 eo
680 2930 965 2999 Opiniones
998 2929 1418 2999 inipngnarent;
1468 2929 1785 2995 neutiquam
1807 2926 2129 2999 _cogitatites
2162 2944 2221 2983 se
2249 2969 2264 2990 ,
2297 2928 2423 2982 dum
2462 2929 2511 2982 in
2540 2926 2837 2997 Origenem'
2862 2926 3084 2999 elﬁciosi
3106 2942 3240 2999 esse
3268 2932 3521 2994 student,
3549 2926 3727 2988 existi-

489 2996 731 3055 mationi'
760 3014 872 3053 suae
906 3014 970 3052 ac
1005 2998 1194 3068 pudori
1223 3012 1419 3068 parum,
1457 2999 1763 3053 consulere.
1806 2996 1973 3053 Nobis
2002 2998 2284 3053 veritatem
2313 3000 2564 3068 persequi
2594 2996 2929 3068 propositum
2966 2998 3047 3052 est
3070 3037 3087 3062 ,
3127 3007 3181 3049 et
3214 2996 3605 3065 Adamantium
3649 3002 3726 3058 vel

487 3084 746 3126 accusare
770 3110 785 3136 ,
812 3070 857 3122 si
894 3068 964 3122 ita
1002 3065 1089 3138 res
1125 3066 1258 3138 ferat
1284 3107 1314 3138 ,Α
1340 3065 1425 3120 vel
1456 3082 1716 3123 excusare
1738 3110 1754 3135 ,
1790 3068 1930 3138 quod
1961 3068 2195 3138 patietur
2226 3068 2432 3123 candor
2464 3065 2651 3125 noster
2678 3065 2713 3131 ;’
2737 3068 2835 3138 sed
2864 3070 2935 3121 ita
2960 3076 3232 3138 tamenut
3259 3070 3325 3121 ad
3378 3070 3726 3137 priestandnm

486 3141 589 3212 ipsi
626 3141 961 3212 defensionis
995 3136 1244 3212 oﬂ‘t_ciiiin_
1276 3136 1446 3212 simus
1492 3136 2028 3212 paratiores'aqiiod
2065 3138 2261 3212 triplici
2305 3138 2420 3212 fere
2470 3140 2678 3212 ratione
2727 3136 2906 3212 facere
2956 3137 3289 3212 instituimus
3319 3179 3335 3203 ,
3382 3136 3469 3193 vel
3499 3139 3637 3194 mulli
3668 3158 3727 3198 ac

490 3206 1371 3281 benignaﬂinterpreiationelocis
1391 3210 1758 3281 controversis
1806 3209 2045 3263 adhibita
2067 3206 2202 3281 ,vel
2225 3207 2454 3281 prolatis
2485 3225 2551 3262 ex
2585 3209 2702 3278 ipso
2726 3207 2964 3281 Origene
2995 3209 3297 3281 contrariis
3324 3221 3402 3263 ac
3435 3225 3725 3281 repugnan—

485 3275 645 3337 tibus
670 3279 845 3335 eli‘atis
872 3275 1009 3342 {vel
1040 3276 1309 3331 similibus
1340 3275 1561 3331 Patrum
1590 3279 1840 3333 adductis
1872 3277 2176 3333 sententiis.
2226 3275 2506 3333 Posterior
2540 3275 2764 3345 uterque
2802 3275 3134 3337 defensionis
3163 3280 3353 3335 modus
3405 3294 3434 3333 a
3468 3275 3729 3337 nonnullis

487 3351 809 3420 reprobatus
832 3358 937 3412 est,
973 3347 1575 3420 etsecundus‘quidein
1609 3350 1679 3402 ab
1711 3349 1912 3420 insigni
1942 3350 2118 3403 aetatis
2155 3359 2350 3403 nostra:
2377 3349 2644 3419 tlienlogo,
2672 3348 2875 3402 idcirco
2899 3347 3153 3420 nimirum
3185 3350 3438 3420 quodex
3476 3352 3727 3419 oppositis

485 3417 737 3489 0rigenis
765 3417 1111 3489 testimoniis,
1132 3418 1471 3489 concluditur
1499 3417 1837 3474 solummodo
1866 3419 2077 3473 diversa
2111 3421 2283 3487 ipsum
2319 3417 2577 3483 sensisse,
2620 3434 2737 3489 non
2755 3432 2884 3472 vero
2913 3418 3188 3489 perversis
3210 3417 3565 3486 Opinionibtis
3600 3436 3726 3476 neu-

487 3486 694 3560 tiquam
732 3491 1046 3560 adhaesisse.
1087 3487 1152 3539 At
1181 3486 1512 3560 ‘nonﬂaliam
1568 3497 1743 3560 tamen
1798 3486 2461 3560 protegendigAdainantii
2493 3487 2919 3560 commodiorem
2960 3488 3101 3560 viam
3140 3488 3405 3560 insistere
3436 3505 3497 3543 se
3531 3493 3724 3557 putavit

487 3554 800 3631 Pamphilus
831 3561 881 3612 in
916 3554 1440 3631 Apologetico._Nant
1466 3572 1588 3631 cum
1620 3560 1687 3611 ab
1725 3554 2007 3631 haereticis
2031 3557 2224 3631 violata
2277 3575 2401 3616 esse
2453 3566 2730 3631 constaret
2782 3557 3107 3631 Origeniana
3155 3558 3489 3625 volumina,
3531 3554 3572 3631 si
3611 3576 3726 3629 quas

487 3628 887 3689 seiitentiaruni
939 3628 1446 3699 deprehendebatur
1472 3628 1726 3699 varietas,
1760 3630 1955 3684 merito
1996 3628 2048 3683 in
2087 3628 2470 3686 haereticorum
2523 3628 2737 3683 fraudes
2773 3628 3053 3699 varietatis
3076 3643 3244 3699 causa
3281 3628 3724 3687 convertebatur.

486 3703 753 3756 Praeterea
792 3708 851 3753 ut
878 3697 1095 3754 errasse
1124 3697 1658 3768 OrigenemAdemus,
1690 3698 1964 3753 fatendum
1994 3707 2078 3753 est
2109 3699 2300 3754 saltem
2338 3701 2603 3755 incertum
2633 3698 2797 3752 animi
2828 3699 2879 3751 in
2916 3698 2982 3751 iis
3014 3697 3179 3768 fuisse
3210 3699 3608 3768 qumstionihus
3628 3740 3644 3766 ,
3676 3710 3729 3754 et

490 3788 521 3824 a
554 3772 864 3841 pertinacia:
902 3769 1129 3841 crimine
1151 3766 1309 3841 longe
1338 3766 1599 3829 abfuisse,
1633 3784 1741 3841 quo
1776 3783 1883 3841 uno
1914 3771 2048 3841 satis
2076 3781 2355 3838 purgatur.
2384 3769 2568 3823 Tertia
2595 3783 2811 3841 quoque
2843 3768 3023 3821 tuendi
3055 3766 3301 3841 Qrigenis
3329 3770 3499 3832 ratio,
3526 3786 3643 3838 qua:
3666 3785 3725 3825 eti

490 3835 709 3895 Patrum
742 3839 1125 3908 astipulatione
1158 3835 1412 3909 sumitur,
1457 3835 1879 3909 repudiaturgab
1910 3835 2267 3908 Hieronynio;
2319 3842 2407 3909 qui
2440 3880 2454 3902 ,
2500 3835 2627 3893 cuni
2653 3839 2842 3909 eodem
2872 3847 3027 3907 pacto
3057 3835 3345 3909 Origeneni
3405 3835 3731 3895 defendisset

488 3909 726 3969 Joannes
754 3907 1256 3978 Jerosolymitanus,
1281 3908 1393 3960 hzec
1416 3908 1636 3977 scripsit
1672 3913 1737 3961 ad
1768 3907 2125 3977 Theophilum
2160 3926 2172 3961 :
2212 3927 2231 3961 ‹
2270 3907 2476 3964 Novum
2510 3908 2838 3968 defensionis
2860 3922 3050 3977 genus,
3076 3909 3153 3962 sic
3185 3908 3445 3975 Origenis
3477 3911 3601 3962 vitia
3628 3925 3727 3963 non

493 3995 696 4048 negare
719 4018 735 4043 ,
766 3990 824 4033 ut
856 3979 1104 4051 cum_i_llo
1138 3987 1366 4031 caeteros
1400 3979 1725 4051 criniineris.
1767 3978 2035 4051 Videlicet
2053 3994 2212 4051 quem
2252 3992 2437 4051 aperte
2481 3979 2773 4051 defendere
2809 3993 2912 4031 non
2949 3980 3149 4051 audeas
3176 4018 3192 4041 ,
3228 3979 3529 4051 multorum
3568 3981 3725 4033 simili

484 4046 673 4103 errore
707 4048 926 4102 tuearis.
945 4067 964 4099 ι
985 4047 1193 4119 Nempe
1218 4062 1323 4119 non
1354 4064 1474 4102 raro
1506 4050 1753 4118 contigit,
1781 4050 1997 4118 utquod
2026 4046 2322 4119 inQrigeiic
2351 4051 2639 4102 damnabat
2670 4046 3179 4119 Hieronytnus(70;,
3205 4046 3321 4112 ejus
3357 4048 3477 4115 ipse
3499 4066 3623 4103 reus
3649 4060 3727 4104 te-

493 4132 739 4189 neretur.
780 4120 832 4173 Id
863 4134 984 4171 cum
1014 4118 1113 4189 ipsi
1146 4114 1445 4189 objicerent
1483 4114 1801 4181 adversarii,
1836 4114 2052 4188 purgari
2083 4114 2368 4189 Origenem
2411 4120 2623 4172 volebat
2651 4158 2667 4181 ,
2695 4134 2800 4173 non
2845 4114 2947 4189 suo
2985 4117 3326 4189 aliorumque
3351 4114 3607 4188 exemplo
3634 4123 3727 4173 de-

484 4188 657 4244 fendi.
701 4185 1049 4257 Quapropter
1072 4185 1528 4258 Rutinusliwect.
1557 4204 1595 4254 ι,
1640 4190 1713 4242 ita
1759 4185 2063 4258 loquentem
2112 4185 2320 4247 inducit
2371 4190 2757 4258 Hieronymum
2794 4206 2807 4241 :
2846 4204 2864 4237 t
2899 4186 3105 4251 Omnes
3131 4187 3219 4241 isti
3241 4185 3490 4257 (Patres)
3519 4185 3577 4258 ut
3606 4190 3725 4245 Ori-

484 4275 653 4331 genes
682 4256 1006 4331 erraverunt
1036 4275 1049 4312 :
1084 4256 1177 4331 sed
1212 4256 1487 4331 accipiant
1513 4260 1717 4331 erroris
1745 4256 1840 4313 sui
1860 4260 2094 4321 veniam,
2121 4262 2246 4326 quia
2287 4271 2342 4317 et
2364 4275 2463 4329 ego
2492 4256 2789 4331 aliquando
2811 4258 2988 4331 erravi
3017 4295 3034 4320 ,
3076 4268 3131 4331 et
3174 4256 3316 4331 nunc
3351 4256 3723 4325 paenitentiam

484 4327 636 4398 gero,
670 4333 764 4384 sed
796 4329 1008 4384 veniam
1044 4327 1291 4394 accipere
1319 4328 1507 4399 debeo.
1535 4327 1799 4397 Origenes
1821 4344 1950 4383 vero
1976 4343 2098 4399 cum
2123 4331 2310 4385 eadem
2338 4327 2460 4399 quae
2488 4342 2588 4397 ego
2621 4328 2821 4383 dixerit
2851 4367 2865 4390 ,
2896 4328 3107 4399 etiamsi
3144 4329 3524 4394 pmiiitentiani
3570 4331 3716 4399 egit,

486 4402 699 4452 veniam
728 4416 833 4453 non
872 4399 1100 4468 accipiet
1136 4412 1151 4449 :
1195 4399 1303 4450 imo
1330 4413 1428 4465 pro
1454 4398 1538 4451 his
1568 4412 1689 4466 qua:
1720 4414 1909 4453 omnes
1942 4398 2208 4464 diximus,
2240 4397 2385 4455 solus
2412 4402 2526 4468 ipse
2549 4400 2856 4451 damnetur.
2897 4416 2915 4448 ι
2949 4397 3005 4451 Si
3028 4402 3243 4465 quando
3268 4413 3395 4451 vero
3426 4397 3729 4454 accusabav.

487 4479 575 4523 tur
610 4467 1127 4539 Hieronymusipse,
1159 4468 1410 4536 Origenis
1443 4469 1801 4539 patrocinium
1829 4484 1926 4538 pro
1959 4484 2019 4522 se
2050 4471 2255 4525 ambire
2284 4488 2391 4526 non
2434 4467 2719 4539 dubitabat
2746 4485 2761 4521 :
2793 4468 2897 4522 sibi
2929 4467 3375 4539 cont-ediivolens
3401 4508 3418 4533 ,
3448 4472 3592 4539 quod
3634 4485 3722 4539 nee

484 4540 646 4607 gabat
668 4537 908 4609 Origeni.
938 4537 1133 4593 Merito
1169 4540 1350 4606 itaque
1379 4540 1453 4591 ait
1487 4537 1714 4609 Ruﬁnus
1751 4537 1945 4597 Invect.
1975 4539 2009 4593 2
2037 4556 2050 4592 :
2079 4558 2097 4589 ι
2123 4540 2247 4595 Sive
2276 4542 2379 4600 hoc
2405 4539 2530 4592 fecit
2559 4537 2839 4606 Origenes,
2873 4538 3128 4609 siveunon
3158 4538 3308 4602 fecit,
3343 4537 3479 4607 quid
3516 4541 3582 4592 ad
3635 4552 3686 4594 te
3704 4538 3739 4594 i-

484 4605 543 4667 Si
575 4611 640 4663 ad
676 4605 821 4665 illius
852 4609 1159 4681 exemplum
1187 4605 1420 4681 judicari
1464 4609 1567 4672 vis,
1606 4608 2113 4681 relegersententias
2151 4620 2300 4676 tuas,
2332 4622 2389 4665 et
2424 4605 2703 4681 videquid
2728 4606 2953 4662 dixeris.
2990 4605 3103 4661 l‘loc
3133 4624 3238 4661 non
3272 4605 3395 4681 est,
3422 4610 3639 4681 inquis,
3668 4624 3727 4681 se

487 4695 758 4756 purgare;
802 4683 896 4756 sed
942 4680 1128 4756 socios
1163 4679 1413 4756 criminis
1461 4679 1738 4756 quaerere;
1776 4680 1895 4756 Noli
1926 4696 2055 4756 ergo
2104 4691 2159 4756 et
2196 4691 2256 4756 tu
2281 4682 2460 4756 socios
2490 4679 2739 4756 criminis
2766 4693 3030 4756 quaerere,
3062 4682 3154 4756 sed
3189 4680 3568 4756 purgationem
3597 4680 3735 4733 facti

487 4748 724 4820 require.
772 4768 793 4802 ι
836 4748 1087 4805 Profecto
1114 4750 1228 4807 haec
1257 4750 1301 4802 si
1333 4750 1775 4807 criniinationum
1808 4748 2070 4820 eripiatur
2102 4751 2344 4820 depulsio
2370 4792 2385 4816 ,
2417 4750 2743 4820 legitimoet
2788 4752 2843 4801 in
2890 4748 3156 4817 ejusmodi
3202 4749 3606 4820 tciitroversiis
3643 4765 3725 4804 re-

482 4817 797 4890 ceptissimo
821 4820 1152 4876 defensionis
1175 4831 1493 4891 argumento
1524 4817 1975 4891 carebiinus,;e—ta
2002 4817 2253 4891 Pati-ibus
2286 4823 2452 4877 etiam
2477 4817 2616 4889 ίροει
2648 4817 3061 4891 liieronyinuin_
3078 4831 3530 4891 sa-peusurpato.
3564 4818 3721 4891 Nam,

488 4886 710 4947 ut‘alios
751 4892 940 4947 sileam
970 4931 986 4955 ,
1013 4886 1261 4959 nunquid
1288 4890 1452 4945 simili
1488 4890 1792 4961 patrocinio
1822 4890 2092 4947 Theodori
2121 4886 2732 4961 Mopsuesteni'causani
2762 4886 2993 4961 munivit
3020 4886 3455 4961 Facundos,_qui
3496 4890 3721 4961 undeci-

484 4978 632 5017 mum
667 4961 863 5033 Operis
892 4963 973 5017 sui
1004 4961 1201 5033 librum
1231 4961 1555 5033 conquisitis
1576 4960 1796 5033 Patrum
1817 4962 2040 5033 paribus
2060 4959 2349 5017 sententiis
2379 4972 2553 5017 totum
2581 4959 2834 5033 refersit:
2874 4975 2894 5011 t
2935 4959 3260 5033 Statuimus,
3279 5030 3288 5033 Α
3299 4959 3503 5033 inquit,
3537 4960 3591 5013 iu
3618 4960 3722 5015 hoc

484 5028 757 5087 volumine
791 5046 1111 5102 magnorum
1140 5028 1382 5102 virorum
1406 5031 1550 5085 dicta
1579 5028 1832 5101 proferre
1853 5031 2073 5097 similia,
2104 5033 2171 5086 ad
2198 5032 2575 5089 excusandum
2604 5028 2903 5085 difﬁciliora
2949 5029 3036 5102 bis
3076 5043 3174 5102 pro
3195 5030 3396 5102 quibus
3424 5045 3547 5084 eum
3574 5038 3723 5102 puta-

490 5115 702 5167 verunt,
738 5097 993 5172 tanquam
1038 5101 1353 5169 magistrum
1380 5097 1636 5173 Nestorii,
1663 5104 2011 5157 anathemate
2036 5103 2459 5173 percellendunt.
2504 5120 2523 5152 ι
2557 5102 2619 5153 Et
2654 5114 2816 5173 nunc_
2830 5101 2880 5153 itt
2907 5097 3313 5173 velitationibus
3336 5097 3591 5173 adversus
3631 5097 3723 5153 hes

487 5173 791 5244 terodoxos.
814 5169 946 5244 quid
974 5174 1418 5244 usirtatiusquain
1442 5172 1699 5244 suifragio
1722 5173 1941 5229 Patrum
1975 5169 2054 5228 et'
2082 5175 2436 5229 consensione
2464 5186 2704 5242 pugnare
2727 5170 2749 5223 ?
2775 5169 2995 5241 Triplici
3025 5173 3128 5227 hoc
3168 5186 3300 5240 ergo
3322 5171 3709 5238 vallatusprat-

485 5241 651 5313 sidio,
681 5241 904 5311 prodeat
941 5243 1154 5298 tandem
1186 5243 1250 5294 ad
1279 5256 1510 5308 pugnam
1539 5243 1816 5313 Origenes.

557 5307 727 5380 llujtis
756 5317 1005 5385 dogmata
1030 5307 1419 5383 quaestionibus
1445 5307 1855 5380 quatuo'rdecim
1889 5315 2415 5383 comprehendimus.
2444 5314 2481 5366 I.
2514 5313 2605 5367 Est
2635 5314 2699 5368 de
2732 5313 2842 5368 Deo
2871 5331 2884 5366 :
2910 5312 2984 5379 .lL
3018 5315 3085 5370 de
3116 5313 3449 5375 sanetissima
3482 5307 3717 5366 Trinita-

2158 5549 2419 5605 culariuin
2447 5551 2752 5605 litterarum
2794 5556 3093 5605 sectatores
3139 5548 3387 5613 haberet,
3427 5552 3579 5601 ietc.

2228 5621 2344 5693 (68)
2370 5621 2680 5693 Tlieophil._
2698 5619 2887 5675 Parcit.
2916 5634 2953 5672 t.

2224 5681 2338 5762 (69}
2378 5681 2553 5762 Euseb
2585 5734 2597 5756 ,
2635 5689 3021 5762 Ilislor._e_ccl.,
3062 5688 3158 5762 lib.
3184 5704 3257 5759 Vl,
3280 5704 3404 5760 cap.
3448 5681 3548 5743 19»

2225 5758 2336 5832 (70)
2374 5761 2595 5819 Hieron.
2635 5764 2792 5831 epist.
2836 5759 2925 5827 61,
2964 5758 3164 5830 (κιμί

558 5543 674 5619 (67)
712 5545 794 5597 Ad
844 5547 1073 5619 reliquas
1105 5565 1305 5619 quoque
1338 5548 1643 5619 disciplinas
1669 5589 1685 5612 ,
1711 5559 1817 5604 etc.
1859 5568 1878 5599 ι
1924 5550 2051 5603 Dia-

487 5612 758 5690 lecticaiii,
795 5634 814 5668 ›
850 5612 1024 5686 inquit
1046 5612 1403 5690 Hieronymus
1432 5612 1604 5673 Comi.
1634 5629 1812 5681 script.
1842 5622 2048 5684 coclea,

488 5701 606 5753 cap.
632 5686 722 5751 54,
754 5704 772 5737 ι
818 5699 873 5741 ct
901 5686 1276 5756 geometriam,
1310 5690 1727 5752 arithmeticam,
1764 5693 2045 5754 musicam,

486 5757 898 5827 grammaticam
932 5768 987 5811 et
1028 5761 1376 5825 rhetoricam,
1416 5764 1765 5827 omniumque
1808 5761 2046 5827 philoso-

489 5826 717 5899 phorum
747 5837 922 5883 sectas
954 5829 1026 5881 ita
1054 5830 1274 5895 didicit,
1311 5842 1364 5886 ut
1395 5832 1662 5887 studiosos
1682 5826 1914 5899 quoque
1943 5845 2044 5886 sa:-
