4020 6306
293 404 394 463 705

1136 386 1709 459 ORIGENIANORUM
1748 392 1879 456 LIB.
1919 394 1985 463 ll,
2030 386 2184 453 CAP.
2225 394 2292 465 ιι,
2334 396 2614 465 QUAEST.
2652 399 2696 455 ι.

3444 403 3547 458 706

294 520 386 579 te:
418 518 506 575 Ill.
541 520 609 577 tle
635 518 857 577 Christo
881 559 898 584 ,
950 518 1173 589 ejusque
1205 517 1578 589 incarnatione
1604 525 1658 589 et
1683 512 1962 589 οἰκονομίᾳ
1995 529 2009 566 :
2044 511 2135 571 IV.
2170 511 2236 589 de
2271 512 2335 589 Βἶ
2363 511 2530 589 Maria
2560 512 2786 589 Virgine
2820 531 2835 589 :_
2870 502 2936 570 V.
2966 514 3033 589 de
3060 516 3268 589 angelis
3291 516 3468 589 bonis
3494 528 3549 572 et

295 578 446 648 malis
480 609 494 645 :
524 588 614 645 \‘I.
643 592 708 646 de
736 578 915 646 anima
943 578 1103 644 {VIII
1132 589 1199 643 de
1229 588 1399 642 libero
1457 586 1687 641 arbitrio
1708 625 1726 649 ,
1773 578 1947 651 gratia
2006 593 2060 639 et
2087 584 2559 653 praedestinatione
2589 602 2601 637 :
2641 584 2772 638 VIII.
2803 586 2870 639 de
2897 587 3057 641 astris
3093 603 3106 640 :
3134 578 3235 641 'IX.
3270 587 3335 641 de
3365 600 3549 639 resur-

293 663 536 717 rectione
559 671 895 717 mortuorum
929 678 942 715 :
972 659 1043 714 Χ.
1071 659 1139 713 de
1170 670 1445 729 postremo
1485 656 1694 729 judicio
1727 671 1743 709 :
1776 654 1868 729 XI.
1903 654 1970 709 de
2001 653 2179 729 poenis
2223 664 2278 708 et
2313 654 2549 729 pr_:_e_rrt_iis
2578 672 2591 708 :
2622 655 2738 729 XII,
2777 656 2845 710 de
2876 657 3083 729 mundo
3106 698 3121 721 ,
3154 658 3411 729 paradiso
3437 666 3550 711 ter-

295 732 451 788 restri
507 742 563 787 et
607 734 817 787 Adamo
846 748 860 784 :
894 730 1035 786 XIII.
1079 730 1148 785 de
1172 723 1807 801 'allegorica’Scripturat
1837 725 2288 794 interpretatione
2317 723 2332 779 ξ
2362 723 2501 781 XIV.
2531 725 2955 795 quaestiunculas
2989 723 3195 797 aliquot
3242 728 3399 797 quasi
3452 742 3550 796 per

291 811 525 857 saturam
556 802 954 871 ceutplectitur.

763 1054 1094 1126 Q‘Umsrto
1143 1050 1378 1111 suum.

952 1166 1019 1205 DE
1070 1164 1193 1205 ΒΕΘ.

287 1244 330 1304 1.
364 1244 561 1304 Utrum
609 1244 1067 1311 circumscriptam
1116 1259 1227 1296 esse
1265 1241 1359 1296 Dei
1390 1240 1681 1312 potentiapt
1719 1239 1865 1312 Ada-

352 1320 591 1374 mantius
612 1316 821 1370 dixerit.
845 1309 1398 1379 ll.Quetrtadmedunt
1430 1312 1533 1378 ipsi
1558 1328 1590 1364 a
1616 1309 1865 1363 Panibus

353 1384 986 1460 quibusd_qm_objicitur.
1016 1382 1105 1460 ιιι.
1146 1382 1247 1439 Cui
1286 1392 1335 1460 et
1377 1380 1625 1460 nonnulli
1667 1380 1867 1460 assensi

355 1452 501 1514 sunt.
551 1456 640 1512 IV.
675 1452 1069 1511 Ex‘academia
1112 1455 1338 1508 manavit
1372 1452 1554 1506 istlrazc
1593 1452 1861 1505 doctrina.

357 1524 423 1585 V.
463 1528 653 1584 Utrum
690 1541 996 1593 corporeum
1033 1541 1144 1578 esse
1183 1523 1344 1577 Deum
1377 1518 1762 1593 ratusiaitnifl.
1789 1520 1863 1593 Ab

354 1602 612 1655 hmreseos
645 1588 803 1663 hujus
821 1594 1119 1663 suspicione
1141 1594 1481 1663 vindicatur.
1503 1591 1613 1663 VII.
1645 1588 1865 1661 Objecta

352 1672 657 1725 diluuntur.
698 1662 829 1722 VIII.
862 1662 1064 1720 Multos
1103 1665 1187 1718 hic
1215 1680 1365 1719 error
1394 1662 1605 1733 infecit.

354 1783 399 1839 l.
430 1783 669 1838 Primum
703 1780 808 1836 hoc
830 1778 1049 1833 nomine
1071 1777 1292 1847 vapulat
1316 1774 1698 1839 Adamantius,
1723 1774 1865 1843 quod

285 1878 497 1933 finitam
528 1888 649 1930 esse
681 1882 749 1928 ac‘
775 1871 1024 1927 terminis
1050 1869 1526 1936 circumscriptam
1555 1867 1651 1922 Dei
1678 1876 1868 1938 poten-

284 1971 418 2023 tiam
459 1965 787 2030 crediderit,
819 1970 1005 2034 totque
1044 1968 1167 2018 eum
1210 1970 1538 2033 procreasse
1572 1970 1684 2026 res,
1735 1968 1867 2031 Quot

286 2058 642 2118 Providentia
670 2066 769 2114 sua
798 2059 1079 2113 continere
1103 2065 1159 2112 et
1183 2054 1575 2111 administrare
1609 2062 1819 2125 poterat
1849 2072 1865 2122 ;

286 2165 494 2209 tantam
542 2165 665 2208 eum
725 2149 921 2206 fecisse
976 2147 1281 2213 materiam,
1339 2159 1600 2218 quantam
1652 2148 1869 2204 valebat

283 2260 511 2311 ornare,
542 2252 598 2300 et
626 2245 685 2299 in’
714 2254 895 2299 rerum
926 2242 1137 2298 ferinas
1170 2241 1445 2308 dividere;
1495 2250 1704 2296 tantum
1748 2242 1865 2313 ipse

284 2338 553 2410 potuisse,
574 2352 835 2407 quantum
859 2335 908 2391 ei
942 2335 1009 2389 ad
1036 2324 1301 2403 agendum
1328 2334 1558 2389 materia
1588 2334 1866 2389 ministra-

1891 1055 1938 1112 Α
2035 1042 2124 1103 III.
2183 1046 2394 1103 Vanum
2451 1056 2585 1119 ergo
2642 1046 2862 1119 O’rigeni
2918 1047 3281 1116 patrocinium
3345 1044 3549 1118 prmbet

1968 1142 2247 1199 Ilallovius
2273 1143 2366 1198 lib.
2423 1159 2476 1197 tv
2542 1144 2760 1214 Origen.
2789 1142 3016 1208 ἀείρω..
3048 1151 3241 1212 qumst.
3277 1142 3330 1208 6,
3360 1132 3412 1197 id
3444 1143 3550 1199 sibi

1967 1236 2103 1291 velle
2132 1233 2422 1307 Origenem
2457 1236 2781 1306 prardicaus,
2828 1255 2845 1286 I
2879 1244 3071 1290 cuncta
3119 1235 3227 1290 Deo
3257 1249 3378 1291 esse
3419 1236 3550 1292 sub-

1960 1329 2125 1399 jecta.
2156 1336 2211 1384 et
2261 1328 2379 1399 ejus
2416 1326 2836 1398 omnipotentiae
2880 1327 2930 1381 in
2986 1326 3224 1382 creando
3275 1327 3547 1397 aequalem

1966 1435 2091 1477 esse
2151 1418 2476 1490 sapientiam
2531 1419 2582 1473 in
2631 1418 3006 1487 gubernando,
3054 1416 3127 1473 ita
3173 1427 3230 1471 ut
3271 1433 3551 1489 nunquam

1968 1517 2087 1573 fieri
2117 1516 2308 1587 possit,
2343 1526 2400 1571 ut
2432 1524 2509 1569 tot
2537 1523 2801 1583 tantaque
2830 1524 3002 1579 creet,
3033 1514 3161 1584 quin
3203 1523 3282 1568 tot
3305 1524 3360 1570 et
3393 1520 3551 1569 tanta

1968 1611 2275 1677 gubernare
2306 1606 2512 1678 possit;
2563 1612 2623 1659 ut
2654 1605 2915 1674 sapientia
2960 1606 3335 1671 gubernatoris
3379 1605 3551 1675 aequi-

1967 1708 2191 1769 pnretur
2213 1700 2467 1770 potentia:
2502 1698 2833 1753 Conditoris.
2876 1715 2893 1747 ι
2924 1695 3079 1763 Quod
3102 1695 3144 1749 si
3183 1696 3372 1751 eadem
3402 1711 3553 1766 qure-

1967 1798 2151 1852 stione
2194 1796 2585 1867 ceSpitantium
2633 1810 2896 1851 numerus
2932 1794 3113 1849 facere
3146 1794 3347 1866 aliquid
3376 1804 3551 1865 potest

1967 1905 2066 1961 pro
2099 1905 2260 1945 causa
2299 1889 2572 1959 Origenis,
2609 1888 2861 1944 dabimus
2905 1889 3126 1944 Petrum
3178 1887 3547 1953 Abaalardutn,

1970 1981 2241 2035 hominem
2277 1980 2503 2049 inquieti
2552 1978 2774 2047 ingenii,
2821 1986 2877 2032 et
2926 1994 3188 2033 novarum
3230 1978 3553 2048 opinionum

1968 2070 2219 2131 studiosi,
2271 2060 2375 2140 qui
2414 2070 2510 2124 lih.
2565 2081 2625 2123 nt
2680 2066 2975 2124 Introduct.
3025 2069 3273 2139 theolog.,
3324 2084 3445 2139 cap.
3492 2066 3550 2134 5,

1969 2162 2042 2218 ita
2095 2163 2334 2232 disputat
2377 2180 2392 2217 :
2444 2161 2761 2229 tQuantum
2816 2161 2981 2230 igitur
3033 2161 3267 2225 aestimo,
3315 2177 3437 2215 cum
3496 2160 3550 2214 itl

1971 2262 2176 2309 tantum
2210 2252 2352 2309 Deus
2384 2252 2567 2309 facere
2603 2248 2794 2325 possit,
2844 2253 2993 2321 quod
3024 2268 3148 2308 eum
3199 2253 3379 2308 facere
3414 2269 3553 2308 con-

1968 2344 2154 2413 venit,
2209 2361 2308 2403 nec
2359 2362 2481 2403 eum
2529 2347 2828 2417 quidquam
2872 2346 3052 2402 facere
3095 2347 3368 2411 convenit,
3407 2347 3551 2417 quod

285 2429 390 2493 rit;
434 2443 533 2484 nec
563 2428 618 2482 in
653 2412 918 2482 infinitum
965 2425 1348 2495 proferendam
1392 2423 1510 2494 ejus
1539 2424 1861 2496 potentiam,

1971 2441 2152 2496 facere
2183 2439 2604 2509 praetermittat,
2639 2438 2887 2509 profecto
2920 2438 2972 2494 id
3016 2438 3191 2495 solum
3238 2410 3361 2494 eum
3390 2410 3557 2508 posse

282 2521 465 2577 laudis
490 2521 750 2586 obtentu;
781 2532 849 2575 ne
879 2517 1114 2587 seipsam
1150 2519 1349 2587 quippe
1376 2532 1403 2570 a
1429 2524 1488 2572 se
1533 2516 1864 2573 intellectum

283 2614 381 2681 iri,
412 2612 515 2668 nisi
543 2613 898 2668 determinata
931 2610 1106 2677 foret,
1142 2604 1415 2665 infinitum
1447 2608 1591 2662 enim
1617 2622 1866 2677 compre-

285 2696 452 2761 hendi
492 2719 595 2759 non
622 2718 798 2775 posse.
831 2702 1275 2771 Quotiescunque
1307 2701 1468 2772 igitur
1498 2701 1664 2756 Deum
1688 2699 1867 2755 omni-

280 2796 564 2869 potentem
613 2797 874 2869 Origenes
910 2794 1130 2862 dixerit,
1181 2810 1269 2849 res
1307 2809 1497 2850 omnes
1537 2810 1659 2865 quae
1692 2795 1759 2850 ab
1801 2809 1866 2851 eo

282 2892 492 2949 creatae
518 2892 643 2946 sunt
669 2889 725 2946 in
759 2878 877 2958 eius
904 2904 1025 2945 esse
1061 2897 1369 2959 potestate;
1421 2901 1527 2941 non
1565 2898 1697 2942 vero
1738 2884 1864 2941 inﬁ-

280 2985 461 3043 nitum
502 2999 684 3040 rerum
728 2997 1015 3038 numerum
1047 2980 1115 3036 ab
1141 2996 1205 3037 eo
1232 2970 1431 3045 creari,
1460 2989 1515 3035 et
1554 2979 1619 3034 ad
1652 2979 1863 3035 libitum

280 3076 399 3149 regi
430 3091 592 3148 posse
636 3062 998 3139 intellexerit;
1044 3073 1150 3128 hoc
1179 3081 1283 3139 est,
1315 3087 1436 3127 esse
1471 3071 1690 3143 quidem
1738 3086 1863 3127 eum

278 3167 720 3240 παντοκράτορα,
773 3176 827 3221 at
870 3164 1281 3237 παντοδύναμον
1326 3180 1432 3220 non
1483 3179 1628 3220 esse.
1685 3164 1869 3233 Atque

278 3249 403 3312 haec
433 3270 566 3311 sane
614 3257 881 3312 sententia
910 3270 977 3310 ex
1007 3254 1095 3310 his
1138 3254 1255 3324 ejus
1289 3254 1472 3311 verbis
1518 3253 1653 3309 satis
1683 3259 1863 3308 exstat

280 3349 379 3405 lib.
424 3356 450 3431 ι
509 3335 581 3404 De
628 3350 878 3420 princip.,
907 3354 1027 3419 cap.
1058 3344 1115 3411 2,
1144 3354 1294 3403 num.
1343 3347 1412 3403 10
1442 3368 1455 3404 :
1483 3366 1501 3400 ι
1532 3347 1674 3402 Deus
1702 3345 1864 3402 Pater

276 3438 629 3511 omnipatens
658 3444 761 3507 est,
785 3455 849 3495 eo
871 3440 1013 3509 quod
1055 3444 1394 3509 petentatum
1418 3437 1664 3492 omnium
1694 3444 1862 3503 tenet,

279 3530 335 3588 id
365 3542 458 3588 est
486 3532 610 3588 coeli
646 3541 702 3589 et
753 3538 938 3599 terrae,
990 3531 1121 3588 solis
1166 3540 1221 3587 et
1259 3531 1422 3598 lunte,
1454 3540 1510 3587 et
1552 3530 1865 3598 stellarum,

279 3627 639 3697 omniumque
667 3639 787 3696 quae
827 3624 880 3681 in
912 3626 1043 3695 ipsis
1066 3632 1216 3679 sunt.
1245 3643 1265 3677 ι

1970 2533 2153 2589 facere
2197 2532 2461 2599 arbitror,
2509 2533 2655 2603 quod
2706 2522 3031 2602 quandoque
3078 2531 3245 2586 facit:
3280 2531 3403 2586 licet
3438 2534 3554 2586 haec

1968 2635 2155 2681 nostra
2188 2624 2374 2695 opinio
2397 2638 2601 2695 paucos
2632 2632 2726 2679 aut
2750 2623 2926 2678 nullos
2948 2623 3145 2678 habeat
3167 2634 3557 2691 assentatores,

1972 2729 2027 2776 et
2050 2708 2342 2789 plurimum
2371 2717 2534 2773 dictis
2555 2725 2895 2791 sanctorum,
2915 2708 3376 2786 etaliquantulum
3409 2732 3440 2771 a
3461 2732 3552 2771 ra-

1970 2812 2116 2867 tione
2142 2809 2435 2866 dissentire
2472 2809 2745 2863 videatur.
2777 2828 2795 2863 ι
2834 2808 3093 2863 Dabimus
3133 2818 3188 2863 et
3214 2806 3542 2863 Guilelmttm

1967 2902 2360 2968 Parisiensem,
2408 2902 2501 2974 qui
2548 2901 2732 2979 plures
2767 2916 2796 2955 a
2836 2889 2945 2957 Deo
2997 2901 3226 2956 mundos
3272 2900 3555 2970 procreari

1970 3010 2127 3066 posse
2162 2994 2413 3065 negabat.

2039 3084 2126 3143 IV.
2157 3086 2426 3142 Videntur
2447 3100 2509 3141 ea
2538 3083 2787 3156 profecto
2817 3098 2849 3141 e
2876 3082 3077 3138 veteris
3104 3072 3403 3138 academiaa
3426 3091 3548 3138 orta

1968 3181 2206 3236 decretis
2235 3197 2248 3235 :
2279 3179 2466 3235 docuit
2490 3178 2635 3233 enim
2664 3177 2821 3232 Plato
2841 3216 2858 3241 ,
2900 3191 3061 3245 quem
3104 3164 3218 3229 fere
3252 3182 3552 3230 assectatur

1968 3273 2348 3337 Adamantius,
2404 3270 2569 3324 Deum
2628 3283 2751 3326 esse
2806 3269 2984 3339 ipsum
3035 3267 3276 3321 animum
3337 3264 3555 3332 mundi,

1967 3365 2150 3420 omnia
2190 3378 2310 3434 quae
2345 3364 2399 3417 in
2446 3360 2649 3416 mundo
2681 3368 2807 3414 sunt
2848 3366 3233 3428 procurantem
3275 3366 3330 3411 et
3376 3357 3550 3412 admi-

1968 3458 2313 3513 uistrantem.
2340 3454 2531 3510 Cicero
2574 3468 2591 3507 ι
2627 3449 2880 3504 Academ.
2903 3459 3088 3517 quam.
3112 3464 3131 3502 :
3171 3465 3190 3499 t
3216 3446 3411 3503 Partes
3452 3462 3550 3503 au-

1972 3558 2077 3604 tem
2107 3562 2227 3603 esse
2258 3545 2442 3601 mundi
2487 3542 2703 3617 (putant
2747 3536 3067 3610 academici)
3116 3537 3297 3594 omnia
3322 3553 3443 3608 qua:
3471 3539 3555 3594 in-

1969 3641 2079 3696 sint
2111 3640 2163 3694 in
2196 3652 2283 3705 eo,
2315 3652 2437 3708 qua
2462 3644 2652 3690 natura
2689 3631 2964 3688 sentiente
3004 3639 3310 3694 teneantur,
3352 3630 3406 3685 in
3444 3644 3557 3701 qua

353 3720 425 3776 Π·
461 3717 650 3789 Itaque
681 3718 784 3774 hoc
806 3718 857 3775 θῗ
886 3719 1092 3808 crime“
1125 3716 1314 3808 ουὶίείι
1354 3715 1693 3808 Theophilus
1730 3715 1863 3808 AI?‘
1893 3750 1936 3808 ε
1971 3735 2110 3790 ratio
2145 3731 2382 3804 perfecta
2435 3729 2587 3791 insit,
2640 3742 2761 3797 qua:
2806 3725 2877 3779 sit
2926 3724 3116 3779 eadem
3145 3723 3498 3793 sempiterna
3533 3739 3557 3779 :

281 3811 587 3868 xandrinus
621 3813 673 3866 in
722 3810 894 3882 prima
946 3807 1198 3864 Paschali
1229 3807 1492 3880 epistola;
1537 3806 1624 3863 cui
1669 3806 1863 3863 testifi-

282 3905 465 3959 cando
492 3904 757 3958 disertum
786 3900 994 3972 profert
1022 3916 1053 3957 e
1082 3901 1257 3971 primo
1303 3900 1383 3955 De
1420 3900 1700 3969 principiis
1728 3899 1867 3954 libro

283 3996 651 4067 fragmentum
679 3996 1019 4052 Justinianus
1046 3994 1343 4065 imperator
1369 3992 1434 4050 ad
1459 3994 1667 4049 calcem
1701 3993 1863 4064 epist.

282 4091 351 4145 ad
383 4088 530 4146 Men.
594 4089 739 4159 quod
803 4090 857 4143 in
927 4085 1121 4140 Latina
1175 4080 1359 4140 Rufini
1411 4085 1868 4155 interpretatione

280 4183 428 4239 libro
459 4197 502 4245 ι,
532 4195 655 4251 cap.
693 4180 749 4242 2,
784 4194 937 4237 num.
986 4179 1077 4245 l0,
1122 4194 1231 4234 non
1275 4190 1466 4247 parum
1509 4176 1866 4231 deformatum

282 4274 579 4345 reperitur.
635 4273 906 4328 Praeterea
942 4260 1146 4327 idcirco
1194 4270 1453 4325 mundum
1492 4269 1603 4323 Deo
1632 4276 1867 4323 scatter-

284 4384 415 4423 nttm
447 4366 747 4423 credidisse
782 4362 931 4420 illum
985 4363 1151 4419 refert
1196 4360 1501 4417 Metho‘dius
1533 4359 1673 4430 apud
1723 4358 1868 4413 Pho-

283 4465 423 4519 tium
452 4462 643 4518 codice
670 4460 800 4526 2‘55,
818 4460 961 4530 quod
994 4471 1214 4527 semper
1244 4455 1409 4511 fuerit
1443 4453 1863 4525 παντοκράτωρ,

282 4565 513 4619 minime
554 4573 733 4617 autem
777 4557 1201 4632 παντοκράτορα,
1231 4570 1354 4613 esse
1390 4570 1548 4627 posse
1588 4553 1717 4609 ἄνευ
1753 4552 1870 4607 τῶν

283 4654 694 4730 κρατουμένων.
741 4650 897 4710 Unde
947 4651 1196 4722 sequitur
1246 4650 1673 4720 omnipotentem
1719 4662 1863 4713 esse,

286 4763 395 4803 non
425 4746 572 4817 quod
601 4744 784 4800 omnia
824 4744 993 4814 possit
1033 4742 1270 4812 edicere,
1299 4741 1398 4798 sed
1421 4742 1563 4812 quod
1596 4742 1648 4795 in
1680 4738 1863 4796 omnia

285 4852 407 4907 quat
441 4847 571 4892 sunt
596 4846 921 4906 potestatem
954 4834 1171 4890 habeat.
1201 4832 1433 4889 Rufinus
1461 4832 1782 4888 Palastinus
1808 4829 1862 4884 in

286 4926 472 4985 libello
516 4929 590 4984 De
629 4928 756 4999 ﬁde,
798 4942 960 4998 quem
1004 4926 1175 4983 edidit
1214 4924 1537 4983 Sirmondus
1572 4938 1587 4979 :
1628 4944 1645 4978 t
1677 4925 1867 4995 Impie,

288 5021 491 5091 inquit,
531 5019 800 5091 Origenes
824 5033 891 5075 ac
920 5006 1132 5075 nefarie
1157 5017 1301 5073 fatus
1329 5026 1435 5079 est,
1452 5018 1543 5087 qui
1578 5017 1658 5072 sic
1685 5018 1865 5072 dixit:

1971 3824 2102 3881 nihil
2130 3824 2275 3879 enim
2302 3820 2572 3896 valentius
2601 3835 2722 3874 esse
2753 3834 2782 3873 a
2809 3834 2918 3888 quo
2950 3817 3207 3883 intereat.
3236 3816 3409 3883 Qnatn
3441 3816 3552 3870 vim

1970 3914 2210 3970 animum
2233 3926 2356 3967 esse
2381 3911 2571 3965 dicunt
2599 3903 2807 3974 mundi,
2850 3908 3206 3976 eamdemque
3236 3920 3360 3961 esse
3395 3919 3550 3960 men-

1974 4020 2107 4075 tem,
2142 4007 2577 4078 sapientiamque
2616 3999 2939 4072 perfemam,
2968 4012 3129 4071 quam
3162 3998 3329 4053 Deum
3364 3998 3553 4069 appel-

1971 4103 2107 4167 lant,
2125 4101 2477 4169 omniumque
2509 4110 2688 4151 rerum
2725 4110 2844 4165 quae
2866 4082 2993 4149 sttitt
3022 4092 3070 4153 ei
3105 4091 3363 4161 subjecta;
3395 4090 3552 4160 quasi

1968 4193 2315 4264 prudentiam
2346 4190 2661 4260 quamdam,
2690 4196 3072 4257 procurantem
3101 4181 3346 4238 ctelestia
3372 4179 3543 4244 maxi-

1971 4304 2077 4352 me,
2114 4286 2309 4344 deinde
2343 4286 2396 4340 in
2435 4284 2596 4339 terris
2622 4298 2684 4338 ea
2726 4296 2847 4352 qua:
2870 4278 3142 4351 pertinent
3177 4279 3245 4332 ad
3271 4277 3547 4339 homines,

1968 4394 2130 4449 quam
2170 4376 2445 4433 interdum
2475 4373 2850 4429 necessitatem
2902 4368 3213 4439 appellant,
3254 4364 3380 4434 quia
3409 4364 3546 4418 nihil

1968 4472 2127 4526 aliter
2163 4480 2284 4525 esse
2316 4466 2511 4539 possit,
2554 4474 2720 4535 atque
2760 4465 2829 4517 ab
2873 4460 2939 4516 eti
2990 4460 3346 4515 constitutum
3392 4456 3485 4511 sit.
3520 4473 3548 4508 ν

1967 4561 2131 4631 Atqui
2174 4558 2250 4614 rei
2284 4550 2710 4627 uniuscuiusque
2740 4554 2954 4608 animus
2988 4550 3115 4607 huic
3142 4549 3447 4604 animandat
3480 4555 3538 4603 et

1969 4652 2217 4724 regendae
2264 4666 2383 4722 par,
2432 4650 2541 4705 vim
2574 4662 2733 4704 suam
2776 4645 2850 4701 ad
2890 4644 3044 4714 plura
3093 4640 3382 4698 animanda
3438 4656 3553 4695 non

1966 4754 2146 4815 putest
2173 4756 2437 4809 exerere;
2469 4741 2616 4795 intra
2642 4738 2725 4793 rei
2753 4736 2897 4793 enim
2928 4735 3032 4791 sibi
3059 4733 3313 4802 subjecta:
3351 4733 3545 4788 termi-

1969 4854 2066 4893 nos
2102 4838 2216 4891 haec
2240 4835 2414 4904 ipsius
2441 4834 2521 4887 vis
2545 4831 2850 4886 cohibetur.
2894 4828 3123 4885 Animus
3166 4842 3298 4897 ergo
3332 4824 3544 4887 mundi,

1966 4932 2055 5000 qui
2080 4929 2231 4998 juxta
2258 4926 2542 4981 Platonem
2568 4923 2707 4978 Deus
2742 4923 2857 4992 ipse
2885 4931 2988 4987 est,
3020 4928 3350 4991 potestatem
3388 4931 3551 4970 suam

1969 5024 2037 5078 ad
2068 5021 2213 5075 aliud
2252 5018 2602 5073 animantium
2638 5023 2794 5069 extra
2837 5014 3098 5067 mundum
3150 5008 3399 5079 proferre
3436 5022 3545 5059 non

288 5112 407 5168 Non
440 5112 624 5169 omnia
658 5124 778 5183 quas
804 5111 975 5167 Voluit
1024 5110 1167 5166 Deus
1217 5108 1347 5166 fecit
1369 5151 1385 5177 ,
1423 5109 1519 5164 sed
1548 5124 1611 5163 ea
1657 5117 1863 5164 tantum
1900 5096 1947 5151 υ
1971 5120 2189 5183 potest;
2217 5110 2380 5181 igitur
2407 5122 2474 5163 ne
2506 5107 2573 5162 atl
2596 5106 2892 5163 creandum
2932 5103 3174 5175 quidem.
3206 5099 3547 5170 Quapropter

288 5214 411 5276 quae
434 5205 610 5276 potuit
648 5203 935 5262 criminere
980 5210 1037 5259 et
1066 5200 1551 5273 comprehendere.
1595 5199 1700 5269 Qui
1741 5212 1863 5256 cum

290 5299 395 5355 hoc
434 5299 594 5367 dixit,
643 5297 849 5353 ademit
890 5296 1120 5352 Domino
1164 5305 1484 5351 cunctorum
1528 5292 1867 5364 potentiam,

289 5391 445 5460 quasi
478 5404 545 5446 ex
567 5400 721 5460 parte
746 5386 974 5444 dimidia
1009 5387 1061 5442 ei
1086 5387 1321 5445 faciendi
1351 5396 1592 5459 potestas
1621 5387 1864 5442 daretur;

290 5474 425 5537 Nam
456 5481 505 5538 si
527 5481 841 5538 continendi
861 5521 877 5547 ,
912 5495 976 5535 ac
1000 5472 1104 5534 sibi
1143 5486 1264 5551 qua:
1294 5478 1507 5535 faceret
1536 5476 1871 5549 subjugandi

290 5589 397 5629 non
423 5576 610 5642 habet,
644 5583 707 5628 ut
749 5566 839 5628 ille
868 5570 1138 5638 aestimat,
1174 5570 1483 5627 facultatem
1504 5611 1520 5638 ,
1552 5586 1622 5626 ne
1643 5569 1866 5625 creandi

290 5668 510 5736 quidem
590 5667 800 5722 scilicet
860 5674 1182 5736 potestatem
1249 5664 1489 5719 habebit.
1565 5663 1698 5718 Nam
1774 5661 1865 5731 qui

292 5760 513 5815 creandi
542 5754 856 5813 facultatem
893 5754 1081 5824 habet,
1107 5764 1161 5811 et
1198 5756 1520 5828 subjugandi
1547 5757 1650 5814 sibi
1679 5762 1866 5829 creata

294 5852 544 5909 similiter
569 5851 814 5907 habebit.
852 5869 877 5901 υ
1845 5844 1849 5848 ’

1972 5204 2218 5261 Plotinus
2245 5202 2386 5257 Enn.
2428 5199 2492 5268 ιτ,
2524 5199 2621 5255 lib.
2650 5215 2707 5263 γ,
2727 5206 2846 5266 cap.
2881 5196 2974 5261 12,
3002 5192 3137 5249 nihil
3156 5204 3351 5249 creare
3381 5191 3553 5245 Deum

1972 5312 2131 5369 posse
2161 5295 2421 5362 decrevit,
2449 5303 2808 5365 praeterquam
2845 5292 2986 5362 quod
3013 5288 3243 5351 creavit,

2044 5388 2111 5446 ν.
2138 5390 2249 5445 Deo
2269 5403 2473 5459 corpus
2506 5386 2573 5441 ab
2598 5385 2832 5457 Origene
2872 5383 3168 5453 ascriptum
3216 5379 3381 5434 fuisse
3411 5392 3547 5432 tton-

1975 5485 2124 5540 nulla
2173 5477 2499 5553 persuadere
2548 5488 2795 5550 possunt.
2855 5477 3093 5532 Primum
3147 5470 3551 5544 argumentatio

1977 5579 2091 5643 illa,
2122 5591 2285 5644 quant
2338 5590 2368 5629 e
2409 5574 2502 5628 lib.
2532 5589 2591 5628 ιιι
2624 5570 2764 5640 Περὶ
2801 5569 3024 5641 ἀρχῶν,
3061 5582 3186 5637 cap.
3219 5568 3273 5635 6,
3305 5579 3461 5619 num.»
3488 5563 3546 5630 i,

1976 5669 2195 5723 adducit
2222 5666 2589 5737 Hieronymus
2616 5665 2775 5733 epist.
2807 5664 2876 5720 59
2915 5664 2983 5718 ad
3018 5662 3186 5725 Avit.,
3212 5674 3331 5729 cap.
3360 5659 3413 5723 '5,
3437 5671 3545 5726 qua

1976 5759 2215 5813 animam
2274 5770 2502 5827 corpore
2564 5757 2858 5817 carituram
2923 5755 3301 5809 demonstrare
3364 5750 3551 5816 studet

1974 5848 2355 5915 Adamantius,
2411 5849 2532 5914 quia
2579 5848 2751 5903 sancti
2784 5846 2894 5906 Deo
2942 5848 3146 5904 similes
3179 5844 3346 5900 futuri
3400 5855 3551 5905 sunt,
