4020 6306
502 339 603 396 707

1770 334 1831 391 P.
1873 333 2188 390 DANIELIS
2226 328 2459 390 llUETll

3634 340 3732 396 708

500 460 655 529 juxta
690 455 819 511 illml
849 453 1053 510 Christi
1084 470 1097 506 :
1133 471 1153 506 ι
1186 452 1257 508 Ut
1289 451 1564 522 quomodo
1596 466 1699 521 ego
1725 461 1780 508 et
1824 462 1877 508 tu
1908 469 2073 507 unum
2104 464 2149 519 Α
2180 452 2213 506 5
2256 468 2270 506 :
2308 470 2325 501 ι
2358 447 2517 505 Omni
2558 446 2722 514 igitur
2756 459 2946 510 sensu,
2983 444 3077 515 qui
3103 458 3418 515 corporeum
3446 447 3633 517 aliquid
3674 454 3732 508 de

502 562 713 609 sumus,
740 546 817 599 sic
845 554 899 598 et
927 544 1012 598 isti
1043 544 1094 597 in
1120 543 1276 597 nobis
1307 554 1470 596 unum
1495 542 1660 607 sint“;
1693 561 1711 593 ι
1739 544 1879 598 Deus
1902 552 2082 597 autem

502 650 588 695 est
617 639 990 705 incorporeus.
1030 634 1182 700 Quod
1226 633 1402 702 ipsum
1448 634 1690 704 reperire
1720 635 1850 689 licet
1890 634 2079 689 ltomil.

504 729 534 789 1
561 731 613 784 in
657 729 851 784 Genes.
887 742 1034 783 num.
1072 726 1155 789 l3,
1190 736 1243 780 et
1282 724 1373 779 lib.
1422 741 1472 779 ιιι
1524 736 1692 781 contr.
1727 725 1889 790 Cels.,
1932 744 2082 782 num.

504 823 595 879 69.
640 823 711 877 At
750 818 1103 875 ostendemus
1154 817 1207 872 in
1252 817 1629 885 sequentibus,
1676 820 1911 873 animam
1959 819 2087 874 licet

509 915 903 985 incorporalem
952 922 1195 969 statuere
1225 913 1498 976 videatur,
1552 913 1712 969 talem
1761 925 1938 969 tamen
1999 931 2086 969 re-

506 1020 689 1076 spectu
709 1007 1034 1062 crassiorum
1048 1020 1347 1075 corporum
1367 1006 1436 1059 ab
1462 1021 1527 1061 eo
1558 1007 1863 1076 praedicari,
1896 1022 2081 1062 revera

504 1114 733 1171 corpore
778 1097 1060 1168 praeditam
1113 1098 1361 1160 decerni;
1415 1099 1873 1166 quemadmodum
1903 1100 1986 1153 vel
2015 1115 2079 1154 ex

506 1191 821 1262 prazlatione
858 1187 1123 1243 librorum
1159 1188 1236 1242 De
1281 1190 1537 1258 princip.,
1594 1206 1743 1243 num.
1777 1190 1830 1255 8,
1877 1192 2085 1260 perspi-

506 1298 666 1336 cuum
692 1289 797 1346 est,
824 1282 909 1335 ubi
945 1282 1052 1335 vim
1077 1280 1229 1335 vocis
1260 1280 1438 1350 hujus,
1464 1278 1753 1351 ἀσώματον
1783 1297 2081 1350 exponens,

504 1374 678 1445 accipi
741 1375 902 1428 docet
960 1388 1059 1442 pro
1103 1388 1168 1427 eo
1215 1373 1357 1443 quod
1400 1372 1548 1426 «Non
1585 1384 1668 1427 est
1722 1373 1899 1428 simile
1956 1375 2084 1430 huic

507 1476 697 1520 nostro
725 1464 1004 1525 crassiori,
1038 1473 1090 1516 et
1132 1458 1329 1515 visibili
1363 1457 1581 1531 corpori
1606 1480 1651 1527 ;ι
1680 1463 1777 1516 sed
1800 1461 1971 1529 «quod
2002 1473 2084 1517 cst

505 1553 824 1610 naturaliter
852 1554 1049 1608 subtile
1082 1562 1135 1604 et
1166 1553 1312 1606 velut
1338 1566 1472 1605 aura
1523 1560 1703 1606 tenue.
1738 1570 1755 1602 ι
1792 1550 1933 1605 Deus
1977 1551 2078 1620 igi-

508 1661 595 1703 tur
636 1649 721 1703 cui
758 1649 935 1700 anima
994 1645 1187 1700 similis
1225 1644 1507 1714 est,juxta
1552 1641 1842 1715 Origenem
1889 1660 2083 1714 reapse

506 1740 804 1809 corporalis
830 1748 934 1800 est,
967 1740 1059 1791 sed
1101 1738 1412 1806 graviorum
1462 1746 1671 1791 tantum
1699 1738 1911 1792 ratione
1958 1753 2083 1791 cor-

2186 545 2294 599 Deo
2327 542 2558 612 intelligi
2609 538 2869 611 suggerit,
2901 547 3063 606 prout
3094 537 3365 607 potuimus
3388 581 3403 606 ,
3445 541 3733 609 confutata,

2181 636 2414 690 dicimus
2440 634 2733 688 secundum
2770 630 3058 684 veritatem
3093 629 3308 698 quidem
3339 630 3503 685 Deum
3534 632 3733 688 incom-

2185 724 2607 796 prehensibilem
2635 734 2799 793 atque
2824 721 3279 777 inaestimabilem.
3312 741 3330 774 ι
3372 723 3572 778 Deinde
3599 740 3739 780 num.

2184 820 2218 875 6
2252 840 2264 875 :
2298 838 2316 871 ι
2348 818 2462 872 Νοιι
2496 832 2625 887 ergo
2652 826 2745 868 aut
2780 829 2979 896 corpus
3018 814 3255 883 aliquod,
3295 826 3390 868 aut
3420 816 3473 869 in
3528 832 3745 888 corpore

2184 926 2305 967 esse
2338 910 2607 980 putandus
2653 920 2738 963 est
2794 906 2957 972 Deus,
3008 906 3101 961 sed
3148 906 3535 963 intellectualis
3565 920 3744 965 natura

2182 1003 2440 1072 simplex,
2469 1002 2603 1056 nihil
2635 1001 2857 1055 omnino
2887 998 2939 1052 in
2962 1013 3021 1054 se
3043 999 3412 1070 adjunctionis
3438 1001 3745 1068 admittens,

2184 1097 2258 1150 uti
2296 1112 2362 1151 ne
2388 1095 2562 1163 majus
2596 1094 2798 1163 aliquid
2824 1102 2879 1147 et
2912 1090 3142 1146 inferius
3177 1093 3227 1145 in
3252 1107 3310 1147 se
3340 1093 3542 1149 habere
3568 1094 3749 1148 creda-

2186 1200 2305 1254 tur;
2356 1188 2449 1243 sed
2490 1196 2551 1240 ut
2581 1186 2651 1240 sit
2704 1201 2771 1240 ex
2817 1185 2964 1239 omni
3016 1196 3168 1254 parte
3201 1185 3389 1256 μονὰς,
3448 1196 3522 1252 et,
3574 1196 3632 1241 ttt
3679 1188 3749 1245 ita

2185 1281 2359 1336 dicant
2389 1279 2535 1343 ὲνὰς,
2563 1288 2617 1333 et
2653 1293 2823 1343 mens,
2859 1294 2923 1333 ac
2963 1272 3083 1333 fons
3112 1292 3175 1331 ex
3214 1292 3323 1347 quo
3356 1278 3566 1332 initium
3596 1279 3751 1335 totius

2184 1372 2575 1429 intellectualis
2607 1381 2835 1434 naturae,
2886 1370 2968 1424 vel
3015 1370 3211 1425 mentis
3239 1378 3345 1426 est.
3376 1387 3395 1421 ι
3435 1370 3501 1425 Ει
3540 1384 3657 1441 cap.
3695 1371 3748 1437 6,

2186 1481 2338 1520 num.
2373 1464 2408 1519 4
2443 1478 2458 1518 :
2500 1483 2518 1515 ι
2546 1462 2726 1517 Solius
2766 1463 2884 1526 Dei,
2931 1463 2982 1517 id
3026 1473 3112 1518 est
3164 1458 3367 1528 Patris,
3408 1472 3464 1517 et
3514 1460 3655 1528 Filii,
3698 1475 3751 1520 et

2186 1556 2423 1628 Spiritus
2475 1556 2655 1611 sancti
2706 1564 2912 1609 natura:
2964 1554 3017 1608 id
3064 1554 3353 1625 proprium
3388 1564 3494 1618 est,
3541 1564 3596 1609 ut
3637 1556 3751 1611 sine

2184 1648 2459 1703 materiali
2491 1647 2818 1713 substantia,
2852 1659 2907 1705 et
2934 1651 3138 1719 absque
3168 1647 3277 1702 ulla
3305 1661 3575 1715 corporeae
3601 1648 3747 1716 adje-

2184 1738 2383 1795 ctionis
2456 1739 2719 1794 societate
2764 1739 3095 1810 intelligatur
3137 1737 3517 1801 subsisterep
3568 1745 3621 1791 et
3652 1737 3747 1795 lib.

508 1847 696 1903 porum
765 1833 1138 1899 incorporeus.
1173 1829 1532 1898 Hieronymus
1571 1838 1832 1899 praeterea
1879 1844 2000 1898 cap.
2047 1829 2082 1883 5
2116 1836 2157 1893 Β
2186 1845 2246 1895 ιι,
2272 1844 2395 1899 cap.
2420 1829 2477 1893 2,
2501 1844 2650 1883 num.
2676 1828 2714 1883 Ξ
2745 1828 2983 1883 :tSolius
3011 1843 3243 1898 namque
3269 1824 3556 1881 Trinitatis
3580 1827 3754 1882 incor-

508 1933 827 1982 memorata:
872 1925 938 1977 ad
991 1924 1203 1975 Avitmu
1242 1921 1504 1990 epistola},
1557 1922 1632 1975 ait
1678 1922 1965 1991 Origenem
2009 1923 2076 1977 ad

506 2030 808 2074 extremum
842 2066 845 2071 ι
874 2015 995 2069 libri
1043 2031 1103 2068 ιιι
1168 2014 1307 2082 Περὶ
1349 2014 1552 2083 ἀρχῶν
1611 2014 1725 2069 haec
1785 2013 2078 2069 intulisse:

514 2131 532 2165 ι
562 2111 625 2165 Et
673 2112 770 2164 erit
827 2109 963 2163 Deus
1020 2109 1195 2161 omnia
1246 2108 1300 2161 in
1335 2107 1577 2161 omnibus
1625 2107 1668 2173 ’,
1731 2116 1789 2161 ut
1830 2106 2082 2161 universa

514 2214 706 2259 natura
773 2215 1032 2270 corporea
1100 2199 1374 2267 redigatur
1441 2199 1492 2252 in
1548 2214 1667 2253 eam
1720 2199 2080 2254 substantiam

514 2308 627 2363 qua:
652 2291 906 2348 omnibus
938 2288 1127 2343 melior
1177 2298 1284 2352 est,
1325 2287 1377 2340 in
1423 2286 1661 2341 divinam
1699 2287 1931 2350 scilicet,
1977 2301 2081 2354 qua

514 2386 653 2441 nulla
682 2394 765 2440 est
793 2383 1003 2438 melior.
1038 2401 1057 2434 ›
1107 2380 1171 2434 Ει
1219 2379 1319 2435 sub
1348 2379 1507 2433 linem
1555 2378 1793 2445 ejusdem
1841 2379 2083 2448 epistolae

514 2480 677 2535 refert
724 2475 1036 2546 Origenem,
1073 2472 1165 2526 lib.
1196 2487 1249 2526 tv
1275 2470 1414 2538 Περὶ
1440 2466 1664 2539 ἀρχῶν.
1698 2488 1717 2521 ι
1758 2469 2085 2540 conjungere

515 2585 697 2627 amnes
757 2564 1112 2622 rationabiles
1140 2572 1381 2625 naturas,
1416 2561 1465 2615 id
1506 2569 1589 2615 est
1635 2560 1873 2624 Patrem,
1914 2570 1967 2615 et
1996 2558 2084 2615 Fi-

515 2665 661 2727 tium,
718 2669 773 2715 et
822 2657 1089 2727 Spiritum
1150 2663 1425 2716 sanctum,
1470 2652 1714 2724 angelos,
1761 2660 2081 2723 potestates,

516 2750 948 2811 dominationes,
974 2755 1311 2813 ueteresque
1351 2744 1614 2806 virtutes,
1660 2744 1836 2814 ipsum
1871 2759 2085 2813 quoque

517 2844 782 2899 nominem
838 2839 1134 2894 secundum
1180 2836 1375 2891 anima:
1407 2835 1727 2905 dignitatem
1775 2836 1937 2890 unius
1964 2852 2085 2892 esse

518 2934 853 2992 substantiae.
884 2952 902 2986 ι
952 2931 1008 2986 ld
1034 2930 1208 3000 ipsum
1263 2943 1329 2983 ex
1370 2927 1487 2996 ejus
1532 2928 1777 2982 doctrina
1823 2929 2083 2999 consequi

517 3029 705 3099 probat
725 3026 1057 3094 Theouhilus
1083 3022 1487 3079 Alexandrinus
1516 3037 1531 3074 ι
1570 3021 1769 3078 Pasrh.

586 3118 673 3175 Vl.
715 3119 829 3187 (Ἠ)
861 3115 1224 3171 Nihilominus
1248 3122 1429 3167 tamen
1457 3112 1526 3165 ab
1558 3112 1659 3165 hac
1696 3112 1855 3181 longe
1890 3112 2082 3166 haeresi

2185 1938 2345 1992 porea
2385 1922 2492 1975 vita
2548 1922 2811 1976 exsistere
2863 1930 3014 1975 recte
3058 1920 3378 1990 potabitur;
3424 1937 3443 1971 ι
3470 1929 3526 1973 et
3562 1919 3652 1974 lib.
3681 1934 3755 1987 tv,

2184 2030 2337 2070 Itum.
2385 2014 2453 2068 27
2494 2033 2506 2068 :
2547 2010 2683 2067 tllla
2743 2028 2874 2068 vero
2926 2012 3228 2067 substantia
3268 2004 3594 2079 Trinitatis,
3643 2024 3756 2081 qua

2185 2107 2509 2178 principium
2542 2113 2630 2161 est
2664 2116 2720 2160 et
2757 2119 2925 2160 causa
2972 2104 3212 2160 omnium
3236 2144 3252 2168 ,
3305 2118 3382 2158 ex
3421 2118 3527 2172 qua
3561 2104 3752 2166 omnia,

2184 2209 2241 2253 et
2272 2214 2371 2269 per
2397 2214 2559 2268 quam
2592 2199 2803 2263 omnia,
2850 2206 2905 2252 et
2937 2198 2989 2251 in
3021 2211 3127 2266 qua
3152 2196 3370 2262 omnia,
3422 2210 3595 2264 neque
3640 2211 3755 2251 cor-

2187 2305 2309 2360 pus,
2346 2303 2521 2358 neque
2551 2288 2602 2342 in
2656 2302 2881 2358 corpore
2920 2302 3042 2343 esse
3082 2286 3364 2341 credenda
3410 2294 3513 2340 est.
3546 2304 3564 2337 ι
3617 2283 3755 2340 Prata

2185 2381 2332 2436 clare
2366 2396 2497 2436 vero
2524 2380 2619 2436 lib.
2652 2395 2713 2444 ιι,
2750 2395 2872 2450 cap.
2900 2379 2957 2443 4,
2990 2394 3143 2432 num.
3178 2378 3249 2432 ὃς
3285 2397 3303 2429 ι
3333 2377 3395 2433 Si
3429 2392 3623 2446 corpus
3646 2386 3758 2433 esse

2186 2470 2569 2541 pronuntietur
2599 2470 2763 2534 Deus,
2818 2469 3076 2539 quoniam
3117 2482 3279 2522 omne
3323 2482 3528 2538 corpus
3554 2482 3617 2521 ex
3646 2480 3755 2520 ma-

2190 2564 2322 2617 teria
2368 2570 2473 2627 est,
2531 2560 2842 2616 invenietur
2877 2571 2931 2615 et
2989 2561 3129 2615 Deus
3185 2573 3306 2613 esse
3366 2575 3433 2614 ex
3494 2558 3752 2612 materia:

2186 2655 2331 2725 quod
2355 2656 2399 2709 si
2432 2668 2501 2709 ex
2537 2653 2767 2709 materia
2813 2652 2914 2717 sit,
2955 2651 3185 2705 materia
3234 2660 3421 2706 autem
3452 2651 3569 2705 sine
3606 2648 3757 2704 dubio

2189 2743 2561 2813 corruptibilis
2616 2753 2734 2806 est;
2791 2741 2897 2796 erit
2954 2755 3089 2811 ergo
3133 2742 3246 2809 jam
3298 2740 3600 2795 secundum
3645 2738 3754 2794 illos

2187 2836 2559 2906 corruptibilis
2597 2835 2760 2890 Deus.
2791 2855 2809 2887 ι
2858 2834 2989 2900 Quae
3039 2835 3082 2888 si
3116 2833 3237 2903 quis
3283 2848 3313 2887 a
3368 2833 3564 2888 Ruﬁno
3598 2831 3756 2903 gratis

2188 2929 2396 2983 inserta
2425 2936 2594 2998 putet,
2628 2928 2875 2983 eamdem
2910 2925 3396 2981 ratiocinationem
3428 2926 3671 2981 iteratam
3695 2938 3755 2979 ac

2190 3023 2465 3077 dilatatam
2512 3021 2692 3075 videat
2734 3033 2865 3075 tom.
2929 3032 3032 3073 xm
3094 3021 3151 3073 in
3188 3016 3381 3085 Joan.,
3421 3020 3567 3072 num.
3604 3016 3664 3071 21
3705 3022 3758 3071 et

2189 3130 2305 3185 seq.
2334 3115 2463 3169 Item
2511 3112 2645 3168 libr.
2683 3128 2781 3168 vnt
2833 3124 3003 3168 contr.
3038 3110 3203 3176 (λειω,
3239 3126 3397 3164 num.
3429 3109 3517 3178 49,
3544 3110 3623 3164 sic
3651 3108 3752 3163 ait:

518 3208 756 3265 abfuisse
813 3208 987 3277 ipsum
1037 3214 1223 3275 aperte
1267 3204 1527 3257 evincunt
1582 3202 1685 3257 loci
1744 3203 2081 3272 complures,

2191 3181 2326 3261 Οὐδὲ
2352 3206 2460 3277 γὰρ
2489 3204 2610 3258 καθ’
2642 3208 2791 3277 ἡμᾶς
2832 3207 2991 3278 σῶμα
3027 3209 3056 3259 ὁ
3092 3202 3223 3269 Θεός
3247 3222 3262 3235 ’
3293 3206 3384 3260 ἵνα
3422 3207 3497 3278 μὴ
3539 3200 3758 3276 mpetres

494 3302 747 3356 maxime
773 3316 902 3355 vero
942 3298 1154 3370 caput!
1184 3293 1306 3352 libri
1354 3312 1365 3349 l
1408 3294 1549 3365 Περὶ
1569 3292 1788 3365 ἀρχῶν,
1820 3312 1924 3366 quo
1962 3312 2083 3351 cor-

516 3402 613 3456 pus
658 3403 846 3442 omnes
886 3403 913 3439 a
958 3387 1069 3442 Deo
1097 3384 1434 3456 apertissime
1473 3396 1804 3455 segregatur.
1858 3385 2082 3441 Demum

516 3490 635 3551 post
677 3481 885 3551 longam
914 3481 989 3534 rei
1024 3479 1183 3549 hujus
1212 3480 1587 3549 probationem
1625 3479 1705 3533 sic
1730 3478 1897 3534 habet
1932 3494 2079 3533 num.

585 3623 607 3652 “
631 3620 787 3675 Joan.
830 3632 966 3683 xvtt,
997 3618 1086 3672 2|.
1162 3618 1183 3649 ’
1217 3617 1388 3673 lCor.
1416 3634 1505 3684 xv,
1540 3615 1630 3670 9.8.

611 3754 697 3826 Ἡ)
770 3753 1128 3807 Nihilominus
1179 3765 1353 3826 tamen
1418 3754 1483 3826 ab
1538 3754 1635 3807 hac
1697 3753 1847 3826 longe
1896 3754 2081 3807 [ια’νωὶ

518 3824 749 3893 abfuisse
779 3827 948 3891 ipsum
974 3836 1146 3892 aperte
1161 3825 1403 3877 evincunt
1435 3824 1537 3877 laci
1557 3824 1845 3893 complures
1866 3840 1884 3889 ;
1909 3826 2083 3877 maxi-

518 3892 598 3951 me
629 3911 744 3949 vero
773 3904 929 3959 caput
973 3895 995 3945 l
1039 3893 1159 3948 libri
1216 3910 1229 3947 I
1267 3893 1407 3962 Περὶ
1438 3892 1809 3963 ἀρχῶν,⁷ειο.
1848 3895 2081 3948 Maxime

520 3968 588 4019 ab
620 3966 721 4018 ltac
753 3964 941 4018 haeresi
975 3976 1233 4034 purgatur
1266 3964 1528 4034 Origenes
1570 3980 1635 4019 ex
1668 3965 1752 4018 his
1785 3980 1903 4033 qua:
1948 3965 2081 4018 dicit

522 4036 658 4088 libro
698 4034 772 4087 De
804 4034 1061 4103 oratione,
1114 4033 1208 4103 qui
1257 4033 1445 4088 Graece
1498 4035 1704 4103 integer
1733 4044 1929 4097 exstat,
1988 4035 2078 4087 tibi

522 4118 669 4159 num.
696 4103 787 4167 ΞΖ),
823 4116 942 4171 pag.
974 4102 1080 4157 9.55
1134 4102 1190 4158 et
1218 4120 1360 4171 seq.,
1404 4102 1680 4172 exponens
1712 4105 1884 4171 prima
1915 4105 2076 4157 verba

521 4174 782 4229 orationis
816 4172 1108 4230 Dominica:
1131 4217 1145 4239 ,
1192 4172 1353 4226 Pater
1391 4184 1583 4236 noster,
1618 4176 1705 4241 qui
1735 4190 1788 4227 es
1826 4176 1877 4227 in
1913 4174 2079 4237 coalis,

522 4244 762 4300 occurrit
817 4242 1212 4308 objectionibus
1262 4243 1651 4311 simpliciorum
1713 4246 2070 4313 quorumdam

506 4317 612 4383 qui
648 4314 817 4369 Deum
856 4327 975 4367 esse
1017 4313 1068 4366 in
1114 4314 1255 4373 loco.
1289 4313 1532 4383 adeoque
1588 4328 1907 4383 corporeum
1959 4329 2080 4368 esse

524 4381 647 4443 inde
676 4394 731 4440 et
760 4401 825 4438 ex
863 4383 1179 4452 quihusdam
1216 4382 1331 4437 aliis
1367 4381 1580 4437 Veteris
1617 4381 1841 4437 et’Novi
1894 4383 2083 4439 Testa-

524 4456 691 4510 menti
738 4455 870 4507 locis
907 4453 1334 4507 arbitrabantur.
1374 4471 1391 4503 ι
1416 4452 1550 4507 Cum
1606 4452 1827 4516 dicitur,
1869 4454 2077 4523 inquit,

524 4537 831 4578 sanctorum
878 4524 1036 4577 Pater
1066 4538 1186 4579 esse
1215 4526 1265 4577 in
1298 4524 1473 4587 caelis,
1510 4538 1616 4577 non
1642 4523 1731 4579 ille
1764 4527 1928 4593 ligura
1965 4540 2081 4578 cor-

526 4611 687 4663 porea
728 4594 1099 4647 circumscribi
1136 4594 1403 4664 putandus
1448 4600 1550 4657 est,
1585 4602 1640 4647 et
1678 4595 1729 4647 in
1758 4595 2083 4649 coelishabi-

527 4675 661 4719 tare.
696 4664 827 4719 Nam
854 4663 1274 4731 comprehensus
1303 4663 1453 4717 caelis
1484 4664 1640 4727 Deus,
1682 4664 2083 4719 continentibus

526 4737 698 4805 ipsum
745 4733 898 4788 caelis
947 4734 1515 4805 ittvettiretttr_minor;
1568 4749 1691 4788 cum
1740 4749 1772 4789 e
1809 4736 2085 4789 contrario

525 4803 745 4860 credere
775 4818 999 4858 necesse
1046 4806 1117 4858 sit
1165 4803 1423 4858 ineffabili
1474 4820 1597 4859 eum
1644 4806 1935 4875 divinaque
1988 4820 2083 4858 sua

526 4877 723 4929 virtute
751 4876 1215 4944 comprehendere
1241 4876 1421 4928 omnia
1455 4892 1513 4928 ac
1549 4878 1859 4928 continere.
1910 4876 2087 4942 Atque

526 4947 577 4999 in
612 4947 921 5000 universum
955 4960 1074 5012 qua:
1100 4946 1258 4998 verba
1295 4947 1359 4996 ad
1393 4945 1627 4997 litteram
1655 4955 1865 5013 sumpta
1899 4945 2086 4998 viden-

525 5028 611 5069 tur
637 5015 1061 5085 simplicioribus
1114 5016 1276 5069 Deum
1323 5016 1375 5067 iu
1428 5016 1542 5069 loco
1583 5029 1705 5068 esse
1751 5016 2087 5085 dicere,rsic

527 5088 835 5155 accipienda
869 5096 1016 5148 sunt,
1052 5095 1108 5138 ut
1137 5085 1435 5155 tuaguiset
1463 5085 1939 5155 spiritualibusﬂde
1972 5084 2084 5138 Deo

528 5152 833 5210 notionibus
898 5157 1242 5210 conveniant.
1278 5174 1294 5206 ι
1356 5152 1519 5209 Paulo
1579 5166 1695 5223 post
1734 5173 1746 5208 :
1793 5173 1809 5205 t
1842 5152 1969 5209 llaec
2020 5158 2085 5208 de

529 5226 636 5279 illis
665 5227 843 5281 verbis
872 5245 886 5279 :
925 5225 1085 5277 Pater
1115 5235 1309 5289 noster,
1346 5226 1436 5294 qui
1467 5243 1518 5279 es
1554 5227 1607 5277 in
1647 5227 1787 5279 cmlis
1809 5265 1823 5288 ,
1860 5241 2085 5277 accura-

533 5296 636 5349 tius
661 5297 977 5363 disputamla
1007 5297 1238 5358 credidi,
1269 5297 1333 5347 ad
1382 5294 1669 5349 tollendam
1713 5296 1966 5348 humilem
2020 5298 2086 5348 de

531 5367 639 5419 Deo
683 5368 989 5433 opinionem
1028 5380 1214 5421 eorum
1257 5366 1348 5434 qui
1400 5367 1450 5417 iu
1491 5365 1632 5418 caelo
1682 5365 1855 5433 ipsum
1914 5374 1973 5417 ut
2031 5366 2081 5417 in

506 5435 647 5505 loco
672 5449 791 5489 esse
816 5446 1026 5502 putant,
1054 5446 1108 5490 et
1150 5450 1215 5487 ne
1249 5437 1368 5503 quis
1402 5434 1565 5488 Deum
1593 5435 1646 5489 in
1681 5450 1942 5504 corporeo
1963 5448 2085 5488 esse

530 5506 643 5559 loco
666 5505 976 5559 arbitretur.
1003 5508 1409 5572 Consequeuter
1437 5507 1581 5559 enim
1619 5505 1909 5558 dicendum
1936 5514 2084 5558 esset

530 5591 723 5645 corpus
771 5579 943 5642 ipsum
994 5584 1151 5638 esset,
1215 5578 1355 5630 umle
1410 5577 2083 5645 sequunturimpiissitna

529 5644 800 5715 dogmata,
828 5645 1152 5700 divisibiletu
1182 5646 1383 5714 ipsum,
1416 5658 1472 5699 et
1497 5644 1856 5708 materialem,
1891 5656 1945 5699 et
1968 5659 2084 5715 cor-

530 5714 831 5782 ruptibilem
856 5730 975 5769 esse
997 5719 1219 5769 credere
1245 5733 1258 5780 ;
1289 5731 1487 5784 corpus
1524 5720 1668 5769 enim
1706 5730 1867 5769 omne
1899 5714 2086 5768 divisi-

527 5786 633 5839 bile
656 5795 761 5850 est,
798 5795 849 5839 et
894 5786 1187 5848 malemale,
1234 5797 1289 5841 et
1330 5785 2105 5870 corruptibile..Autilicattt~

2190 3314 2369 3369 σωμεν
2401 3290 2481 3361 οἷς
2513 3292 2932 3370 περιπίπτουσιν
2966 3296 3187 3360 ἀτόποις
3214 3295 3262 3349 σὶ
3293 3295 3363 3349 τὰ
3404 3290 3644 3367 Ζήνωνος
3668 3292 3758 3348 καὶ

2189 3389 2513 3460 Χρυσίππου
2546 3374 2984 3460 φιλοσοςροὗντες.
3046 3406 3063 3440 ι
3091 3387 3278 3457 Neque
3318 3388 3468 3442 enim
3505 3401 3571 3441 ex
3613 3386 3758 3441 nobis

2194 3478 2332 3535 Deus
2357 3492 2437 3534 est
2468 3496 2684 3552 corpus,
2733 3496 2802 3535 ne
2838 3482 2889 3535 in
2934 3482 3121 3536 eadem
3167 3479 3408 3535 absurda
3445 3479 3755 3546 incidamus,

2190 3754 2347 3809 nobis
2384 3770 2491 3809 non
2525 3754 2679 3809 vanis
2713 3754 2862 3809 ducti
2896 3752 3199 3821 aﬂectihns,
3231 3757 3324 3811 sed
3348 3756 3501 3811 clare
3529 3771 3585 3811 se
3621 3770 3760 3810 com-

2189 3825 2525 3907 prehendere
2570 3834 2900 3907 asserentes,
2953 3827 3055 3907 qui
3091 3826 3210 3907 ﬁeri
3253 3829 3517 3907 possiem
3548 3827 3760 3907 alterius

2188 3895 2262 3952 sit
2311 3905 2518 3949 natura:
2566 3911 2729 3964 quam
2788 3895 3109 3951 tuaterialis.
3165 3897 3232 3950 At
3262 3895 3545 3965 quoniam
3591 3895 3750 3951 multa

2187 3980 2371 4022 eorum
2391 3980 2509 4034 quae
2530 3977 2656 4020 ante
2676 3981 3000 4036 corporeum
3014 3966 3217 4022 Christi
3244 3970 3417 4021 adven
3435 3980 3541 4020 tum
3558 3966 3754 4035 scripta

2189 4045 2336 4099 sunt,
2372 4050 2636 4104 corporeo
2672 4035 2839 4090 Deum
2875 4036 2927 4090 in
2966 4037 3082 4092 loco
3113 4052 3234 4092 esse
3267 4038 3520 4090 videntur
3556 4037 3752 4098 dicere,

2189 4122 2293 4160 non
2324 4106 2453 4159 mihi
2489 4106 2697 4161 videtur
2742 4122 2772 4160 a
2819 4108 3095 4177 proposito
3138 4108 3375 4162 alienum
3405 4122 3479 4161 ex
3518 4106 3599 4160 his
3628 4121 3755 4177 que-

2190 4191 2296 4243 que
2339 4190 2505 4245 pauca
2542 4191 2877 4247 proponere,
2913 4174 2973 4247 ut
3014 4178 3193 4233 omnis
3233 4179 3298 4231 iis
3337 4178 3605 4232 dubitatio
3643 4174 3751 4247 eri}

2195 4248 2398 4315 piatur,
2440 4244 2790 4316 qui—prepter
2820 4245 3147 4316 imperitiam
3174 4287 3188 4312 ,
3254 4255 3517 4317 quantum
3545 4247 3597 4300 in
3630 4244 3756 4317 ipsis

2192 4326 2296 4379 est,
2332 4318 2530 4385 exiguo
2567 4327 2623 4371 et
2661 4317 2812 4371 brevi
2846 4317 2965 4372 loco
3008 4316 3339 4373 concludunt
3378 4318 3546 4370 Deum
3578 4316 3749 4370 omnia

2191 4399 2557 4458 superantem.
2592 4387 2670 4441 Ac
2698 4389 2930 4456 primttm
2964 4390 3178 4458 quidem
3210 4390 3261 4442 in
3294 4387 3492 4458 Genesi
3526 4386 3748 4458 dicitur:

2190 4456 2360 4510 Adam
2402 4469 2447 4512 et
2483 4458 2591 4511 Eva
2629 4459 2915 4511 audierunt
2955 4475 3124 4512 vocem
3148 4456 3359 4512 Domini
3398 4456 3498 4510 Dei
3520 4456 3754 4510 deaurato

2189 4528 2349 4581 lautis
2386 4530 2442 4582 in
2468 4529 2719 4597 paradiso
2753 4528 2821 4581 ad
2857 4543 3122 4592 vesperam
3150 4545 3167 4582 :
3191 4540 3253 4595 et,
3282 4528 3664 4597 absconderant
3701 4541 3752 4579 se

2188 4598 2358 4652 Adam
2396 4610 2443 4652 et
2470 4596 2815 4668 imulierﬁejus
2855 4614 2887 4650 a
2914 4598 3052 4667 facie
3098 4597 3309 4652 Domini
3354 4596 3452 4668 Dei
3492 4597 3547 4650 in
3588 4597 3748 4649 medio

2189 4669 2321 4739 ligni
2351 4669 2590 4740 paradisi
2624 4666 2839 4739 (Cenes.
2863 4666 2957 4740 tu,
2996 4668 3092 4740 8).
3136 4666 3593 4740 lutet-rogabimus
3625 4678 3749 4735 ergo

2189 4738 2283 4793 eos
2342 4741 2432 4802 qui
2494 4738 2794 4807 Scriptura:
2837 4738 3123 4793 thesauros
3175 4738 3385 4807 ingredi
3443 4738 3671 4807 nolunt,
3697 4743 3748 4789 et

2183 4811 2406 4880 jauuam
2441 4825 2506 4863 ne
2530 4806 2981 4878 pulSantquidem
3006 4850 3022 4873 ,
3056 4806 3266 4880 possint
3302 4822 3368 4861 ue
3390 4806 3747 4880 probarem-

2189 4876 2394 4934 iuiuum
2432 4876 2594 4933 Deum
2630 4880 2720 4949 qui
2758 4876 2956 4933 cadum
2989 4876 3282 4933 et'terram
3317 4878 3520 4945 implet,
3554 4876 3658 4939 cui,
3691 4883 3746 4928 ut

2189 4950 2286 5017 ipsi
2321 4950 2659 5031 existimant,
2696 4950 2893 5031 malum
2926 4949 3226 5031 corporalis
3260 4949 3489 5031 thronus
3534 4954 3619 5028 est
3642 4985 3657 5007 ,
3696 4950 3748 4998 et

2189 5030 2331 5073 terra
2394 5020 2684 5075 seabellutn
2738 5020 2935 5089 pedum
2985 5017 3124 5087 ejus,
3181 5018 3505 5089 tamibrevi,
3539 5017 3741 5089 sicum

2187 5090 2445 5145 universo
2473 5091 2612 5145 cmlo
2641 5103 2689 5144 et
2726 5084 2871 5143 t'erra
2920 5084 3254 5154 conferatur,
3294 5088 3413 5143 loco
3460 5084 3738 5150 contineri,

2189 5162 2259 5229 ita
2315 5170 2373 5213 ιιι
2417 5176 2575 5230 quem
2617 5161 2718 5214 sibi
2772 5165 2979 5229 lingunt
3031 5174 3354 5229 corporeum
3418 5157 3738 5230 paradisum,

2190 5228 2329 5284 Deus
2359 5228 2463 5286 non
2486 5230 2722 5301 impleat,
2756 5228 2920 5301 sedis
2951 5228 3160 5285 tantum
3196 5228 3557 5301 magnitudine
3584 5238 3736 5279 exceo

2187 5301 2299 5362 dat,
2344 5311 2403 5355 ut
2451 5299 2616 5355 etiam
2665 5299 3101 5355 deambulantem
3133 5300 3441 5363 contineat,
3472 5308 3733 5362 sonusque

2188 5370 2383 5441 planta:
2442 5371 2635 5440 pedum
2686 5369 2817 5441 ejus
2872 5370 3187 5425 audiaturn
3247 5370 3311 5423 Et
3355 5369 3533 5441 infra:
3574 5365 3732 5418 illam

2189 5440 2357 5510 pauca
2399 5455 2493 5513 ex“
2516 5440 2695 5513 Veteri
2724 5440 3075 5513 Testamento
3124 5442 3419 5513 adiecimus
3459 5440 3587 5513 loca,
3622 5447 3735 5513 qua}:

2188 5508 2444 5580 putantur
2468 5511 2633 5565 Deum
2668 5512 2720 5565 in
2745 5510 2866 5565 loco
2894 5514 3247 5577 constituere;
3277 5520 3335 5564 ut
3357 5508 3553 5580 lectori
3572 5508 3736 5558 omni-

2188 5578 2484 5655 inodopro
2533 5596 2785 5655 concessa
2829 5582 2985 5655 nobis
3030 5582 3287 5636 facultate
3330 5578 3734 5655 persuadeamus

2186 5650 2470 5721 altiori'et
2509 5652 2785 5720 spirituali
2815 5652 2988 5721 magis
3031 5667 3193 5707 sensu
3241 5650 3451 5707 sacram
3499 5650 3735 5715 accipere

2187 5719 2566 5846 (Sicripturam,
2628 5738 2751 5779 cum
2804 5719 3076 5778 videbitur
3132 5723 3186 5777 itt
3238 5722 3356 5778 loco
3402 5722 3565 5778 Deum
3624 5732 3742 5771 esse

2223 5806 2400 5846 ocere.
2432 5810 2452 5843 ι

2223 5806 2400 5848 ocere.
2432 5810 2452 5843 ι
