4020 6306
302 340 403 395 709

1148 336 1723 395 OB-IGENIANORUM
1764 338 1893 395 LIB.
1933 337 2000 403 II,
2040 338 2193 393 CAP.
2234 337 2299 401 II,
2335 336 2615 405 QUASST.
2655 337 2721 393 II.

3454 338 3558 392 ἨΟ

299 457 350 511 in
405 470 528 526 qum
582 454 821 509 Zenonis
857 464 925 509 -et
983 453 1265 525 Chrysippi
1322 463 1622 511 sectatores
1666 455 1875 510 incide-
1906 460 1953 516 Α
1982 453 2103 523 legii
2143 453 2350 507 crimen
2390 452 2658 515 additum,
2710 452 2786 506 ait
2825 450 3231 523 Hieronymus;
3273 467 3370 509 nos
3400 457 3557 510 beni-

300 559 446 602 runt.
483 566 500 597 t
556 546 668 615 (72)
719 545 956 610 Denique
1000 544 1050 597 in
1102 543 1305 598 Catena
1356 544 1757 601 Combelisiana
1804 547 1870 601 ad

296 638 432 695 Gen.
468 655 507 702 t,
534 638 628 700 26,
655 647 708 693 et
734 638 872 705 apud
903 635 1298 691 Theodorctum
1337 650 1534 706 quaest.
1573 637 1643 692 20
1688 639 1740 692 in
1764 637 1873 695 Ge-

299 733 492 795 nesim,
534 729 846 783 Melitenem
876 744 985 782 non
1044 727 1425 795 perfunctorie
1464 729 1723 797 castigat,
1779 730 1872 801 qui

297 826 493 879 librum
527 822 821 892 scripserat
851 822 950 876 hoc
988 831 1332 892 argumento,
1381 820 1551 876 Deum
1594 837 1715 879 esse
1746 839 1871 879 cor-
1900 848 1903 851 λ

298 930 543 985 porcum.
582 912 725 967 Sane
753 914 869 983 ipse
902 912 1084 979 Plato,
1134 913 1289 981 cujus
1319 914 1573 986 dogmata
1608 915 1724 972 fere
1756 932 1873 971 am-

299 1010 484 1080 plexus
513 1018 602 1066 est
628 1007 921 1076 Origenes,
955 1023 983 1061 a
1018 1009 1130 1064 Deo
1153 1022 1352 1078 corpus
1378 1024 1544 1064 omne
1579 1021 1823 1066 removet
1854 1028 1869 1065 :

300 1113 539 1160 removet
568 1111 622 1157 et
644 1102 990 1157 Aristoteles.

369 1196 477 1251 VII.
527 1194 661 1248 Cum
706 1193 783 1248 ait
823 1191 994 1263 igitur
1037 1192 1301 1263 Origenes
1351 1193 1591 1247 animam
1641 1208 1871 1264 corpore

298 1291 610 1348 carituram,
645 1287 773 1356 quia
804 1285 997 1341 similis
1030 1283 1212 1338 futura
1253 1295 1335 1340 est
1370 1285 1481 1340 Deo
1516 1285 1608 1355 qui
1641 1301 1871 1358 corpore.

298 1389 469 1441 caret,
504 1377 556 1432 id
580 1376 681 1431 sibi
700 1375 837 1437 vult,
871 1373 1039 1429 Deum
1071 1384 1128 1429 et
1153 1374 1390 1428 animam
1414 1390 1647 1445 corpore
1679 1391 1872 1432 carere

297 1470 602 1544 ὁμωνύμως
631 1468 889 1538 quidem,
937 1466 1031 1521 sed
1072 1481 1178 1520 non
1223 1468 1413 1521 eodem
1459 1469 1656 1532 modo;
1701 1470 1868 1529 Deum

298 1566 492 1634 quippe
533 1560 851 1631 simpliciter
882 1567 937 1614 et
984 1558 1233 1614 absolute
1286 1574 1408 1614 esse
1446 1559 1865 1631 incorporeum;

301 1656 413 1726 (7'5)
445 1654 682 1708 animam
722 1664 850 1707 vero
892 1649 1224 1704 crassiorum
1279 1651 1545 1704 duntaxat
1579 1667 1867 1721 corporum

298 1748 529 1801 ratione.
562 1742 716 1811 Quod
751 1751 933 1796 autem
974 1740 1241 1812 objiciunt
1285 1741 1617 1813 Theophilus
1656 1756 1709 1800 et
1742 1746 1871 1802 Ilie-

1981 545 2142 613 gnius
2173 544 2518 613 interpretari
2546 558 2853 615 possumus.

2051 634 2185 691 VIII.
2228 636 2356 703 Qua:
2386 652 2509 690 cum
2544 635 2617 689 ita
2651 635 2782 698 sint,
2828 637 2941 689 haec
2974 646 3153 690 tamen
3194 636 3385 692 scribit
3432 637 3558 694 Ori-

1980 742 2144 797 gettes
2165 729 2217 783 in
2247 743 2475 798 prooem.
2505 727 2691 781 Iibror.
2710 726 2851 796 Περὶ
2873 725 3093 797 ἀρχῶν,
3121 743 3270 782 nttm.
3289 728 3322 783 9
3349 747 3392 782 ε(
3416 728 3558 784 Deus

1979 835 2195 891 quoque
2226 820 2343 890 ipse
2370 818 2646 890 quomodo
2675 818 2901 890 intelligi
2937 820 3150 881 debeat,
3176 820 3553 890 inquirendum

1978 924 2083 975 est,
2134 929 2468 983 corporeus,
2538 928 2605 966 an
2675 915 2973 967 secundum
3027 913 3259 982 aliquem
3307 912 3553 967 habitum

1980 1007 2355 1071 deformatus,
2420 1022 2489 1060 an
2553 1005 2780 1061 alterius
2835 1015 3041 1059 naturae
3099 1021 3261 1074 qttam
3321 1021 3551 1075 corpora

1979 1111 2127 1165 sunt,
2159 1101 2303 1169 quod
2335 1099 2523 1168 utique
2546 1098 2600 1151 in
2640 1097 3031 1166 praedicatione
3057 1106 3243 1151 nostra
3267 1097 3557 1151 manifeste

1980 1207 2085 1246 non
2120 1193 2462 1263 designatur.
2494 1208 2513 1242 ι
2557 1188 2687 1244 Inde
2714 1199 2799 1244 est
2837 1190 2979 1257 quod
3014 1189 3186 1243 Deum
3218 1188 3555 1257 corporalem

1977 1300 2099 1340 esse
2135 1285 2339 1354 absque
2361 1283 2700 1337 dubitatione
2731 1282 2973 1337 decrevit
3004 1280 3397 1345 Tertullianus,
3432 1296 3556 1334 cum

1977 1377 2125 1440 alibi,
2159 1388 2270 1431 tum
2315 1377 2520 1431 advers.
2558 1372 2849 1440 Praxeam,
2904 1390 3025 1445 cap.
3076 1374 3132 1429 7.
3185 1393 3203 1426 ι
3230 1374 3363 1441 Quis
3410 1373 3554 1428 enim

1977 1469 2217 1536 negabit,
2280 1464 2689 1537 inquit,'Deum
2740 1482 2938 1535 corpus
2977 1479 3117 1529 esse,
3167 1466 3270 1522 etsi
3333 1466 3557 1536 spiritus

1978 1560 2103 1613 est?
2131 1560 2354 1628 spiritus
2387 1560 2529 1614 enim
2560 1575 2757 1631 corpus
2795 1560 2876 1614 sui
2907 1558 3121 1629 generis
3151 1559 3201 1613 in
3237 1573 3331 1612 sua
3360 1557 3552 1628 eIIigie.

1979 1652 2086 1708 Sed
2123 1662 2173 1707 et
2206 1652 2498 1707 invisibilia
2533 1653 2623 1706 illa
2651 1668 2989 1722 quzecunque
3012 1660 3156 1712 sunt,
3182 1650 3389 1705 habent
3413 1650 3552 1720 apud

1982 1743 2144 1796 Deum
2176 1753 2232 1797 et
2272 1758 2429 1796 suum
2461 1757 2659 1809 corpus
2682 1783 2698 1807 ,
2732 1753 2786 1797 et
2813 1758 2967 1797 suam
3003 1743 3256 1805 formam,
3298 1757 3395 1811 per
3433 1756 3559 1810 qua:

298 1853 557 1909 ronymus
590 1836 758 1890 Deum
793 1833 954 1888 unius
977 1841 1031 1888 et
1062 1833 1303 1903 ejusdem
1332 1836 1651 1892 substantia:
1690 1853 1754 1894 ac
1787 1830 1945 1895 res'B
1976 1834 2074 1888 soli
2105 1835 2239 1888 -Deo
2297 1833 2533 1888 visibilia
2583 1843 2753 1901 sunt;
2817 1842 3020 1903 quanto
3068 1833 3240 1902 magis
3292 1832 3435 1902 quod
3486 1848 3554 1887 ex

299 1931 508 1987 ratione
530 1928 783 1999 praeditas
802 1927 1185 1981 Adamantium
1215 1926 1484 1995 posuisse,
1510 1930 1628 1999 pari
1656 1946 1871 2001 respou-

292 2026 449 2080 sione
483 2020 826 2085 dissolvitur;
861 2018 911 2072 in
947 2033 1012 2073 eo
1038 2018 1159 2073 illas
1187 2019 1487 2074 convenire
1512 2020 1869 2086 substantias,

290 2115 437 2187 quod
471 2115 580 2168 sint
608 2112 793 2183 νοεραὶ
833 2120 888 2164 et
924 2108 1161 2177 λογικαὶ,
1188 2123 1311 2164 cum
1352 2109 1675 2166 immensum
1712 2124 1873 2167 caete-

295 2205 491 2275 roquin
527 2202 795 2257 diII'erant.
829 2200 1037 2253 Firmat
1074 2198 1215 2252 hanc
1258 2200 1672 2269 responsionem
1716 2201 1869 2258 locus

299 2293 418 2363 ipse
459 2291 708 2361 Origeuis
757 2303 916 2359 quem
964 2286 1124 2341 affert
1168 2286 1531 2359 Hieronymus
1577 2305 1643 2345 ex
1679 2290 1772 2347 lib.
1815 2308 1870 2346 tv

294 2383 437 2452 Περὶ
485 2380 705 2452 ἀρχῶν.
762 2395 910 2434 num.
970 2378 1060 2433 ⁵56.
1119 2377 1627 2444 «Intellectualem,
1671 2381 1867 2451 inquit,

295 2473 784 2541 rationabilemqtte
810 2484 1057 2526 naturam
1099 2469 1273 2526 sentit
1312 2470 1454 2525 Deus
1478 2511 1494 2536 ,
1529 2483 1584 2527 et
1623 2473 1871 2542 unigeni-

292 2577 382 2622 tus
399 2566 571 2621 Filius
602 2567 737 2633 ejus,
764 2575 819 2619 et
851 2563 1087 2634 Spiritus
1106 2575 1366 2629 sanctus;
1402 2564 1646 2618 sentiunt
1669 2565 1869 2635 angeli,

293 2672 352 2716 et
381 2668 712 2731 potestates,
748 2667 1071 2725 czetermque
1116 2657 1390 2721 virtutes;
1439 2655 1606 2711 sentit
1646 2655 1874 2709 interior

299 2754 485 2817 homo,
517 2752 608 2820 qui
645 2744 717 2804 ad
748 2748 1039 2817 imaginem
1068 2756 1125 2802 et
1156 2747 1569 2802 similitudinem
1604 2747 1694 2802 Dei
1739 2762 1874 2801 con-

293 2845 444 2899 ditus
487 2852 592 2899 est.
640 2841 718 2896 E1
747 2855 856 2911 quo
886 2839 1233 2895 concluditur
1267 2839 1435 2893 Deum
1474 2848 1529 2892 et
1570 2839 1687 2893 haec
1737 2854 1873 2911 quo-

299 2936 588 2993 dammodo
629 2936 789 2990 unius
837 2949 960 2990 esse
1008 2932 1351 2989 substantiae.
1370 2930 1812 2998 Quodammodo,
1846 2952 1865 2985 ι

301 3029 354 3084 id
384 3037 492 3098 est,
526 3028 707 3098 aliqua
736 3040 800 3080 ex
831 3035 1020 3097 parte;
1050 3028 1192 3096 quod
1212 3023 1278 3079 ad
1303 3024 1665 3095 ell‘ugiendum
1695 3025 1871 3079 sacri-

786 3188 1269 3257 QUlESTIO
1315 3187 1377 3243 II.

685 3275 751 3315 DE
790 3276 1134 3316 SANCTISSIIA
1166 3277 1483 3318 TBINITA’I’E.

295 3347 342 3405 I.
376 3351 469 3423 plus
508 3352 701 3423 multos
758 3356 899 3423 circa
937 3352 998 3408 S.
1029 3352 1305 3407 Trinitatis
1330 3354 1635 3423 mysterium
1676 3371 1874 3411 errores

366 3422 616 3476 incidisse
657 3422 826 3493 fertur
869 3422 1153 3493 Origenes,
1200 3422 1420 3493 quorum
1458 3425 1755 3493 gravissimi
1784 3442 1877 3479 no-

368 3503 569 3545 tantur.
591 3494 650 3546 Il.
678 3492 794 3547 Hoc
819 3492 1024 3548 nomine
1049 3492 1264 3547 Patrum
1290 3492 1574 3547 multorum
1600 3496 1875 3560 reprelien-

365 3563 535 3616 siones
560 3575 801 3631 expertus
833 3574 928 3618 est.
953 3563 1036 3619 Ill.
1078 3562 1267 3616 Utrum
1293 3564 1352 3617 S.
1389 3562 1662 3617 Trinitatis
1695 3581 1874 3632 perso-

368 3648 463 3685 nas
502 3636 797 3686 substantia
830 3636 1046 3703 diﬂerre
1078 3635 1323 3699 opinatus
1358 3635 1447 3703 sit.
1480 3632 1568 3703 IV.
1601 3632 1873 3690 Nonnulla

368 3704 425 3756 in
462 3704 576 3773 ejus
618 3702 981 3775 defensionem,
1010 3704 1327 3775 afferuntur.
1383 3702 1451 3775 V_.
1493 3702 1720 3757 Eruitur
1753 3721 1872 3775 ger-

368 3771 526 3830 mana
552 3771 718 3842 ipsius
762 3774 1039 3829 sententia.
1084 3774 1164 3826 VI.
1199 3771 1385 3826 Utrum
1406 3772 1608 3842 Filium
1625 3791 1717 3840 per
1745 3771 1869 3840 pro-

367 3845 631 3915 lationem
655 3846 885 3915 genitum
929 3860 1039 3898 esse
1083 3845 1367 3897 arbitratus
1404 3841 1498 3915 sit.
1545 3844 1651 3899 VII.
1681 3842 1871 3898 Utrum

368 3913 569 3968 Filium
600 3912 762 3967 Patre
784 3955 798 3975 .
836 3912 1094 3981 Spiritum
1122 3924 1360 3967 sanctum
1394 3912 1538 3968 Filio
1569 3915 1869 3982 inferiorem

365 4001 476 4054 esse
514 3988 726 4054 dixerit,
752 3984 884 4039 VIII.
929 3986 1003 4038 ita
1035 3995 1089 4039 ut
1130 3982 1372 4053 jactatur
1418 4003 1447 4037 a
1473 3985 1734 4054 plurimis.
1776 3984 1867 4040 IX.

366 4053 655 4126 Utriusque
692 4052 1009 4126 dignitatem
1055 4052 1260 4110 videtur
1299 4052 1672 4126 nonnunquam
1714 4056 1867 4126 tueri.

366 4123 435 4179 X.
472 4123 693 4195 Patrum
719 4123 1006 4195 multorum
1050 4126 1304 4194 suffragio
1334 4123 1548 4195 gaudet.
1597 4123 1684 4179 XI.
1716 4125 1871 4180 Recte

363 4213 486 4250 eum
525 4196 589 4248 de
624 4194 754 4248 Filii
789 4207 835 4249 et
874 4193 1101 4263 Spiritus
1133 4193 1318 4248 sancti
1338 4193 1611 4264 dignitate
1644 4198 1865 4250 sensisse

368 4265 555 4320 Patres
580 4265 819 4320 nonnulli
861 4274 1137 4320 testantur.
1185 4265 1299 4319 XII.
1337 4264 1621 4319 Platonicis
1661 4268 1863 4320 deliriis

366 4338 711 4390 orthodoxam
738 4335 1031 4390 doctrinam
1057 4336 1343 4389 oblimatiit.
1374 4334 1508 4389 XIII.
1544 4333 1726 4389 Utrum
1757 4336 1861 4389 Pa-

367 4420 497 4461 trem
540 4408 850 4474 primarium
876 4421 1068 4474 rerum
1103 4404 1459 4468 Conditorem,
1510 4404 1555 4457 F
1559 4406 1704 4459 ilium
1745 4423 1860 4460 vero

366 4473 739 4530 secundarium
769 4486 818 4530 et
864 4473 1040 4529 Patris
1063 4476 1362 4529 ministrum
1394 4476 1690 4530 crediderit.
1721 4474 1860 4530 XIV.

376 4544 727 4600 Vetustiorum
768 4547 968 4614 aliquot
996 4544 1219 4600 Patrum
1253 4561 1507 4600 consensu

370 4614 484 4670 XV.
517 4615 633 4681 Qua
667 4633 820 4670 sensu
848 4614 1049 4669 Filium
1091 4616 1283 4670 dixerit
1327 4632 1431 4670 non
1478 4633 1587 4669 esse
1625 4618 1862 4670 absolute

367 4688 580 4750 bonum,
614 4685 748 4742 XVI.
785 4696 834 4741 et
861 4703 964 4741 non
986 4703 1098 4743 esse
1126 4687 1359 4741 absolute
1388 4688 1673 4739 veritatem.
1696 4685 1858 4744 XVII.

366 4754 554 4809 Utrum
583 4773 731 4826 a'qua
772 4759 840 4810 sit
885 4758 1169 4811 multorum
1208 4756 1510 4810 criminatio
1536 4799 1550 4821 ,
1584 4756 1863 4826 Origenem

366 4827 560 4881 dixisse
587 4824 913 4896 querentium
952 4826 1163 4882 Patrem
1189 4845 1219 4881 a
1240 4826 1382 4879 Filio
1401 4867 1415 4887 ,
1446 4826 1641 4881 Filium
1678 4824 1709 4880 ἱι
1737 4824 1861 4895 Spi-

366 4897 475 4949 ritu
495 4895 675 4952 sancto
700 4895 865 4951 videri
906 4914 1012 4952 non
1069 4913 1250 4963 posse,
1290 4896 1472 4951 XVIII.
1496 4914 1653 4963 quam
1711 4899 1775 4951 ab
1802 4915 1862 4951 eo

364 4966 618 5036 depellere
680 4975 903 5021 conatur
966 4967 1210 5039 Ruﬁnus.
1271 4964 1413 5024 XIX.
1473 4964 1665 5022 Utrum
1732 4966 1862 5022 Filii

367 5152 480 5228 ('12)
504 5155 758 5228 O_rigenis
775 5152 909 5209 Vide
928 5163 1055 5208 tom.
1074 5162 1269 5228 nostra:
1284 5150 1509 5228 edition.
1542 5149 1605 5213 II,
1622 5165 1741 5228 pag.
1767 5151 1864 5207 25.

370 5222 487 5295 (75)
528 5222 774 5280 Animam
818 5240 938 5279 vero
984 5225 1300 5278 crassiorem
1345 5222 1860 5295 duntaxatratione.

291 5292 505 5362 Corpus
531 5299 744 5365 quidem
772 5298 966 5365 anima:
999 5293 1658 5365 caeterisqnesubstautiis
1692 5292 1864 5345 ratio-

295 5362 568 5420 nabilibus
630 5367 815 5421 tribuit
871 5364 1132 5433 Origenes
1191 5362 1344 5432 quasi
1399 5362 1708 5433 vehiculum
1767 5377 1859 5416 seu

294 5436 698 5501 indumentum,
765 5445 947 5505 utpote
974 5431 1104 5502 qua:
1130 5431 1295 5505 nudae
1330 5431 1716 5505 comprehendi
1753 5447 1858 5485 non

293 5507 529 5574 possint,
562 5522 659 5560 nec
690 5506 797 5560 ulla
827 5503 1024 5571 degere
1050 5504 1246 5574 inloco
1276 5504 1402 5571 quin
1439 5503 1712 5571 indigeant
1733 5517 1851 5574 core

293 5573 430 5643 pore
486 5578 553 5631 ad
609 5587 863 5629 naturam
916 5576 1017 5628 loci
1073 5573 1217 5628 illius
1267 5577 1673 5627 accounnodato
1708 5590 1720 5625 :
1756 5573 1848 5625 sed

293 5661 403 5698 non
454 5647 584 5701 inde
639 5647 882 5714 sequitur
942 5651 1190 5697 naturam
1264 5645 1458 5697 anima:
1513 5644 1849 5710 aliarumque

295 5717 699 5772 rationabilium
720 5713 1100 5781 creaturarum
1137 5714 1190 5769 in
1223 5728 1446 5782 corpore
1480 5713 1845 5783 quamtumvis

292 5788 478 5842 subtili
529 5788 794 5858 posuisse,
840 5799 996 5854 quam
1053 5798 1084 5840 e
1140 5786 1413 5839 contrario
1468 5785 1842 5853 incorporeatu

1985 1927 2155 1996 ipsius
2185 1927 2493 1981 substantia
2528 1927 2753 1981 missum
2800 1934 2904 1990 est,
2942 1926 3059 1980 sine
3091 1926 3402 1981 substantia
3448 1938 3555 1978 non

1982 2019 2124 2074 erit?
2154 2038 2172 2070 ι
2217 2020 2347 2084 Quae
2372 2018 2617 2086 quamvis
2645 2016 2935 2072 manifesta
2975 2016 3105 2081 sint,
3144 2018 3194 2071 in
3225 2016 3558 2071 contrariam

1983 2122 2163 2167 tamen
2203 2114 2525 2166 sententiam
2576 2109 2795 2164 ﬂectere
2841 2121 3113 2166 conantur
3156 2109 3400 2179 quidam,
3460 2125 3557 2181 per

1981 2220 2178 2272 corpus
2224 2202 2584 2258 substantiam
2633 2202 2857 2274 intelligi
2904 2204 3168 2256 volentes.
3231 2202 3394 2268 Quasi
3428 2216 3556 2256 vero

1980 2306 2086 2349 tam
2116 2294 2295 2349 Latini
2327 2295 2597 2348 sermonis
2641 2294 2925 2363 imperitus
2952 2293 3135 2361 fuerit,
3168 2302 3224 2347 et
3266 2292 3559 2349 vocabulo-

1978 2402 2097 2441 rum
2133 2387 2289 2457 inops
2311 2385 2707 2451 Tertullianus,
2761 2396 2820 2441 ut
2855 2401 2968 2442 rem
3014 2400 3113 2455 per
3157 2400 3214 2439 se
3252 2394 3557 2443 exstantem

1977 2488 2168 2534 notare
2198 2477 2411 2545 volens,
2443 2494 2547 2534 non
2576 2479 2737 2533 aliter
2767 2477 3043 2548 appellare
3070 2476 3346 2546 potuerit,
3393 2492 3556 2546 quam

1978 2584 2199 2641 corpus.
2223 2570 2373 2625 Idem
2400 2572 2467 2626 de
2514 2571 2624 2626 Dco
2652 2581 2946 2626 senserunt
2978 2571 3320 2639 Valentinus,
3366 2571 3556 2627 Seleu-

1980 2678 2075 2717 eus
2104 2672 2158 2717 et
2188 2660 2437 2718 Hermias
2484 2663 2717 2729 Galatae,
2762 2664 2991 2727 Audius,
3045 2673 3101 2718 et
3155 2664 3273 2734 ejus
3330 2664 3561 2720 asseclte

1978 2756 2209 2810 Audiatti
2272 2756 2451 2827 (quos
2514 2756 2603 2811 alii
2658 2756 2889 2811 subinde
2946 2755 3221 2811 Vadianos
3269 2773 3554 2828 perperam

1978 2848 2360 2920 appellarunt)
2413 2858 2468 2904 et
2515 2848 2765 2922 Egyptii
2829 2848 3439 2919 anthr0pomorphitte,
3489 2852 3558 2905 de

1978 2940 2177 3011 quibus
2211 2939 2350 2996 infra
2386 2942 2739 2997 disseremus.

2052 3182 2404 3243 cognitionem
2478 3176 2770 3244 cognitione
2824 3173 3038 3244 Patris,
3094 3173 3323 3240 Spiritus
3385 3176 3557 3231 sancti

2055 3245 2402 3313 cognitionem
2451 3243 2751 3313 cognitione
2795 3243 2927 3298 Filii
2984 3244 3287 3310 inferiorem
3340 3246 3554 3310 dixerit,

2056 3263 2113 3296 co
2156 3262 2402 3299 amonem
2451 3262 2751 3313 cognitione
2795 3262 2925 3298 rtm
2984 3262 3287 3310 interiorem
3340 3262 3553 3310 atxertt,

2200 3315 2337 3385 quod
2368 3315 2653 3385 aliquando
2680 3315 2886 3369 videtur
2914 3331 3146 3384 negasse.
3190 3313 3329 3368 XXI.
3367 3315 3553 3369 Utrum

2056 3382 2255 3439 Filium
2276 3395 2321 3438 et
2342 3382 2598 3454 Spiritum
2620 3382 3261 3454 sanctumrexiitimauerit
3279 3402 3388 3439 esse
3409 3403 3557 3440 crea-

2055 3465 2158 3520 tos,
2196 3452 2444 3511 XXIIXut
2476 3455 2622 3523 rulgo
2645 3454 2835 3523 fertur.
2870 3453 3053 3525 XXIII.
3092 3452 3351 3525 Plurima:
3386 3457 3557 3525 culpa

2054 3526 2176 3579 huic
2207 3527 2472 3580 elevanda’
2510 3523 3122 3595 proponuntur.XXIV.
3180 3524 3426 3595 Aperitur
3463 3523 3554 3595 ge-

2056 3597 2216 3649 nuina
2251 3595 2493 3664 Origenis
2511 3593 2792 3664 sententia.
2822 3593 2991 3650 XXV.
3022 3593 3209 3647 Patres
3244 3594 3443 3663 aliquot
3464 3593 3554 3649 as-

2051 3667 2325 3719 sentientes
2350 3663 2523 3721 habet.
2550 3663 2738 3718 XXVI.
2766 3664 2881 3729 Quo
2912 3682 3063 3717 sensu
3100 3664 3291 3717 dixerit
3321 3666 3451 3718 duos
3475 3682 3553 3719 se-

2055 3736 2301 3806 rapltinos
2336 3734 2519 3806 (Isaia:
2545 3751 2922 3806 cap.}‘gt,rtjers.
2947 3735 3002 3804 2)
3036 3732 3469 3806 esseCItristutn,
3505 3746 3553 3788 et

2054 3805 2315 3872 Spiritum
2342 3804 2599 3859 sanctum.
2637 3804 2845 3859 XXVII.
2880 3804 3104 3858 Crimini
3132 3805 3290 3875 datur
3319 3806 3552 3875 Origeni,

2051 3878 2189 3946 quod
2220 3876 2413 3930 dixerit
2450 3874 2665 3946 Patrem
2702 3880 2852 3928 rebus
2902 3875 3178 3938 universis,
3222 3873 3427 3927 Filium
3467 3892 3554 3929 ra—

2054 3945 2194 4000 tione
2221 3947 2493 4015 pra’ditis.
2544 3945 2799 4012 Spiritum
2847 3954 3087 3999 sanctum
3133 3946 3330 4015 sanctis
3355 3948 3547 4015 dunta-

2048 3999 2139 4071 xat
2162 3999 2385 4085 pr'wesse
2407 4032 2426 4070 :
2446 3999 2677 4071 XXVIII.
2708 4021 2796 4069 sed
2811 4016 3130 4085 defenditur.
3158 3999 3348 4070 XXIX.
3365 4013 3554 4085 Utrum

2051 4083 2251 4141 Filium
2294 4106 2394 4141 non
2435 4086 2695 4140 orandum
2736 4103 2848 4140 esse
2878 4083 3326 4152 pronuntiaverit.
3378 4083 3550 4140 XXX.

2049 4156 2235 4212 Utrum
2260 4157 2472 4226 ﬁnxerit
2502 4157 2601 4211 sibi
2625 4154 2879 4224 Spiritum
2905 4166 3144 4209 sanctum
3170 4172 3331 4225 genus
3362 4157 3558 4210 huma-

2044 4244 2167 4282 num
2201 4229 2453 4282 redimere
2479 4244 2580 4281 non
2610 4227 2865 4296 potuisse.

2045 4321 2086 4374 I.
2131 4319 2210 4374 Ex
2247 4320 2316 4375 iis
2352 4319 2635 4390 religionis
2665 4318 2987 4373 Christianae
3027 4318 3293 4390 dogmatis
3333 4333 3453 4387 qua:
3484 4318 3552 4373 al:

1971 4411 2205 4481 Origene
2238 4421 2473 4467 tractata
2519 4422 2941 4481 sunt;tractata
2996 4422 3125 4468 sunt
3184 4420 3364 4466 autem
3414 4425 3552 4480 pene

1539 4505 1860 4600 :zwe'm’l‘l'uy
1897 4534 1942 4589 Β
1972 4507 2223 4561 universa
2251 4524 2266 4574 ;
2301 4505 2504 4560 nullum
2538 4520 2691 4575 aeque
2724 4507 3046 4560 commentis
3077 4514 3129 4561 et
3148 4505 3551 4576 Opinationibus

1973 4597 2313 4653 defortnasse
2343 4598 2459 4652 suis
2489 4596 2731 4652 creditus
2762 4606 2819 4652 et
2847 4596 3026 4652 dictus
3060 4607 3165 4661 est,
3193 4612 3256 4652 ac
3282 4597 3410 4652 illud
3442 4612 3551 4667 quo

1971 4698 2337 4745 sacrosancta:
2366 4689 2652 4745 Trinitatis
2686 4691 3003 4762 mysterium
3041 4691 3374 4745 continetur.
3412 4689 3546 4743 Nam

1972 4795 2024 4838 et
2050 4784 2170 4839 Filii
2211 4785 2573 4839 substantiam
2624 4785 2770 4839 visus
2806 4793 2887 4840 est
2940 4800 2969 4839 a
3017 4786 3318 4841 substantia
3371 4784 3550 4841 Patris

1974 4892 2305 4945 secernere;
2359 4887 2416 4932 et
2476 4877 2674 4933 Filium
2720 4876 2918 4946 Patre,
2979 4878 3239 4949 Spiritum
3300 4889 3546 4933 sanctum

1980 4966 2119 5022 Filio
2160 4968 2473 5022 inferiorem
2506 4982 2741 5038 ponere,
2775 4969 2905 5023 adeo
2936 4978 2991 5023 ut
3015 4968 3175 5024 Pater
3200 4986 3229 5025 a
3254 4969 3414 5035 Filio,
3457 4968 3547 5022 Fi-

1971 5152 2306 5223 omninoque
2340 5150 2636 5221 spiritalem
2667 5151 2916 5223 agnoscit
2939 5150 3090 5219 juxta
3121 5166 3185 5223 ac
3214 5149 3544 5223 Platonicos,

1971 5234 2034 5277 ut
2060 5223 2197 5278 infra
2218 5221 2598 5289 ostendemus,
2632 5234 2831 5292 quaest.
2864 5222 2919 5287 6,
2974 5239 3122 5277 nutu.
3154 5222 3207 5276 5.
3241 5221 3377 5276 Hinc
3411 5238 3542 5279 con-

1969 5310 2203 5362 sequens
2236 5304 2339 5358 est,
2376 5293 2549 5347 sicubi
2581 5293 2781 5347 dixerit
2806 5293 3254 5361 0rigenes,quod
3286 5293 3547 5361 objiciunt

1971 5363 2305 5432 Theophilus
2351 5374 2405 5418 et
2437 5364 2815 5434 Ilieronytnus.
2841 5364 3007 5417 Deum
3038 5364 3199 5434 unius
3228 5374 3282 5416 et
3303 5363 3543 5431 ejusdem

1968 5435 2368 5503 quodammodo
2391 5450 2511 5490 esse
2539 5432 2855 5489 substantiae
2891 5450 2954 5487 ac
2981 5448 3065 5487 res
3106 5432 3313 5488 ratione
3348 5434 3541 5503 praedi-

1965 5515 2069 5571 tas,
2103 5508 2155 5559 itt
2182 5521 2246 5559 eo
2277 5506 2394 5559 illas
2444 5505 2735 5559 convenire
2769 5506 3104 5560 substantias
3132 5515 3400 5573 quatenus
3427 5506 3539 5558 sint

1956 5576 2353 5632 intellectuales
2428 5589 2686 5646 tuereque
2737 5574 3032 5646 spiritales,
3101 5590 3206 5629 non
3259 5585 3535 5646 quatenus

1954 5662 2227 5717 corporeae
2252 5687 2267 5710 ,
2312 5658 2367 5700 ut
2400 5656 2546 5701 recte
2575 5645 2830 5701 observat
2856 5645 3219 5718 clarissimus
3272 5645 3542 5718 ﬂuetiug,

1953 5715 2199 5788 quamvis
2223 5718 2457 5788 alioquin
2488 5718 2805 5773 immensum
2836 5715 3101 5772 diﬂ‘erant.
