4020 6306
529 379 630 434 7⁴ὶ7
1780 387 1836 443 P.
1880 387 2192 442 DANIELIS
2229 384 2459 442 llUETIl
3649 374 3749 428 728

523 497 616 550 τὸν
641 497 877 571 Πατέρα.
915 501 1047 556 llinc
1077 505 1360 560 concludat
1391 507 1580 576 aliquis
1605 507 1763 560 aliam
1794 507 1938 561 Patri
1970 508 2097 560 sub-
2123 511 2169 567 Α
2199 515 2389 558 natura
2419 504 2652 558 humana
2695 499 3006 556 inferiorem
3046 510 3104 550 se
3154 493 3321 563 gessit
3353 504 3574 559 paterna
3613 491 3747 552 lue»,
3799 506 3812 525 ι

527 591 818 653 stantiam,
859 592 1017 646 aliam
1075 595 1208 647 Filio
1248 594 1535 665 Origeuem
1603 598 1870 652 tribuisse.
1922 599 1992 652 At
2030 596 2085 651 id

527 691 676 734 certe
707 681 839 734 satis
872 683 1074 736 clarum
1101 700 1204 738 non
1235 695 1353 740 est:
1380 703 1500 740 nam
1528 687 1614 742 hic
1641 697 1798 758 negat
1827 688 2085 756 simplici-

529 779 610 821 ter
634 771 808 837 colligi
845 788 1003 841 posse
1026 791 1088 829 ex
1119 777 1202 831 his
1227 779 1433 834 duobus
1462 778 1683 834 Joannis
1715 780 1843 834 locis
1873 780 2083 835 Patrem

527 861 714 915 a‘Filio
750 880 853 918 non
885 865 1095 922 dill'erre
1126 870 1464 937 substantia;
1498 872 1717 926 minime
1761 886 1886 926 vero
1929 881 2088 942 negat

526 965 631 1005 non
660 951 896 1010 diﬂerre.
929 954 1072 1010 Vidit
1115 957 1166 1012 id
1200 958 1481 1015 Ferrarius
1515 959 1760 1032 Origenis
1800 961 2086 1030 interpres,

525 1055 579 1097 et
606 1047 899 1102 adnotavit.
936 1050 1185 1118 Apertius
1229 1051 1328 1105 loci
1376 1052 1616 1121 pateﬁeri
1648 1052 1861 1106 videtur
1898 1065 2088 1106 sensus

523 1149 589 1186 ex
638 1137 1010 1204 sequentibus,
1056 1140 1108 1192 in
1139 1143 1334 1210 quibus
1378 1143 1452 1195 ait
1481 1143 1740 1213 Origenes
1769 1141 2003 1196 futurum
2031 1152 2090 1194 ut

523 1227 612 1294 qui
662 1229 876 1285 cautius
913 1234 1228 1300 attenderit,
1251 1243 1306 1288 et
1330 1235 1542 1288 saniora
1571 1235 1812 1305 proloqui
1837 1234 2084 1296 voluerit,

521 1319 666 1372 dicat
691 1321 898 1376 Patrem
919 1325 1011 1393 qui
1037 1323 1124 1378 lux
1151 1335 1253 1393 est,
1291 1337 1508 1380 eatenus
1536 1325 1752 1381 dilferre
1782 1343 1809 1378 a
1843 1325 1979 1378 Filio
1999 1325 2090 1393 qui

520 1408 608 1462 lux
637 1420 718 1465 est
755 1412 1024 1478 similiter,
1058 1426 1323 1484 quatenus
1365 1416 1452 1470 lux
1481 1415 1648 1470 Filius
1677 1415 1818 1470 lucet
1848 1415 1900 1468 in
1941 1426 2089 1468 tene-

521 1504 654 1565 bris,
685 1504 828 1558 etab
858 1505 986 1573 ipsis
1023 1517 1392 1577 oppugnatur;
1421 1525 1543 1563 cuin
1577 1522 1769 1577 nempe
1811 1516 2084 1575 assumpta

519 1616 807 1690 obaiag,__id
842 1629 921 1670 est
953 1619 1263 1673 substantire
1293 1620 1506 1674 nomine
1546 1637 1768 1687 persona
1811 1620 2074 1690 intelliga-

521 1697 694 1758 gatur.
723 1687 912 1758 Neque
941 1702 1155 1741 necesse
1183 1700 1263 1742 est
1299 1691 1372 1742 ttti
1402 1691 1578 1755 venia,
1613 1706 1770 1758 quam
1802 1692 1890 1743 dat
1931 1687 2073 1744 lliie-

524 1756 645 1830 tius,
679 1768 734 1810 ut
763 1771 856 1830 eos
882 1756 1137 1830 Origenes
1170 1761 1388 1830 minime
1419 1756 1959 1827 dicatur—vituperare
1981 1762 2071 1830 qui

2189 612 2308 667 qua:
2355 609 2458 648 non
2511 593 2653 646 lucet
2700 592 2752 645 in
2807 589 3042 644 tenebris
3080 604 3096 639 :
3129 579 3200 656 ᾯ
3227 585 3334 656 γὰρ
3373 583 3541 653 λόγῳ,
3589 582 3756 648 inquit

2191 703 2338 742 num.
2368 685 2456 748 2|,
2479 687 2508 737 ὁ
2525 683 2712 754 Πατὴρ
2746 681 2901 752 μόνος
2926 679 3036 749 ἔχει
3084 677 3400 740 ἀθανασίαν,
3421 673 3514 727 τοῦ
3554 672 3752 742 Κυρίου

2190 781 2222 851 ἡ
2232 780 2344 850 μῶν
2368 778 2456 832 διὰ
2475 774 2876 846 φιλανθρωπίαν
2915 774 3138 826 θάνατον
3165 770 3255 822 τὸν
3279 767 3415 838 ὑπὲρ
3440 765 3598 837 ἡμῶν
3620 765 3758 815 ἀνει-

2190 869 2436 940 ληφότος,
2473 868 2643 938 τούτῳ
2675 870 2702 920 ὁ
2739 865 2924 936 Πατὴρ
2974 864 3084 933 ἔχει
3146 861 3305 932 μόνος
3351 858 3411 910 τό
3436 875 3449 886 ·
3477 853 3668 908 σκοτία
3703 856 3758 907 ἐν

2193 963 2340 1034 αὐτῷ
2371 963 2470 1015 οὐκ
2522 960 2668 1013 ἔστιν
2700 958 2941 1027 οὐδεμία,
2976 955 3068 1010 τοῦ
3109 952 3344 1024 Χριστοῦ
3377 950 3464 1004 διὰ
3502 947 3604 1018 τὴν
3630 946 3759 1016 πρὸς

2190 1051 2506 1126 ἀνθρώπους
2550 1051 2864 1123 εὐεργεσίαν
2899 1049 2981 1118 ἐφ’
3013 1047 3171 1102 αὑτὸν
3197 1045 3353 1116 ἡμῶν
3388 1042 3609 1103 σκοτίας
3646 1041 3764 1093 ἀνα·
3821 1096 3827 1101 ,

2190 1147 2340 1214 δεδεγ
2348 1145 2524 1215 μένου.

2265 1237 2377 1308 (76)
2411 1237 2514 1290 Sed
2542 1251 2730 1289 vereor
2774 1244 2951 1288 tamen
2983 1247 3050 1287 ue
3083 1231 3150 1286 de
3179 1230 3469 1285 Platonicae
3505 1228 3763 1283 doctrina:
3823 1259 3826 1261 λ

2198 1331 2481 1382 narthecio
2534 1328 2844 1396 deprompta
2895 1326 2997 1379 ista
3032 1324 3160 1378 sint.
3219 1322 3451 1377 Docebat
3495 1321 3761 1390 siquidem

2193 1418 2280 1472 ΡΙ.ι
2292 1431 2342 1473 to
2353 1419 2606 1489 τάγαθὸν.
2626 1419 2736 1472 sive
2750 1417 2858 1472 Deu
2867 1396 3162 1480 m'Patrem,
3182 1429 3391 1468 creasse
3406 1412 3553 1476 νοῦν,
3572 1413 3766 1466 mundo

2191 1511 2520 1578 proximum,
2565 1509 2653 1579 qui
2685 1523 2788 1576 qua
2829 1514 2982 1576 parte
3016 1505 3338 1573 respiciebat
3380 1503 3620 1567 Patrem,
3654 1503 3766 1569 ejus

2185 1642 2205 1674 ‹
2232 1624 2480 1691 Apertins
2503 1632 2680 1676 autem
2699 1621 2907 1675 Patrem
2931 1618 3192 1691 etFilium
3213 1618 3345 1670 duas
3366 1616 3511 1691 luces
3539 1618 3766 1691 exsiste-

2181 1708 2237 1746 re
2255 1687 2348 1763 per
2371 1695 2482 1748 haec
2503 1711 2530 1744 a
2555 1693 2753 1763 Davide
2772 1692 3030 1763 sciemus,
3058 1687 3261 1763 psalmo
3295 1687 3482 1763 quinto
3515 1696 3571 1740 et
3601 1689 3759 1763 trina.

2179 1756 2316 1817 simo
2347 1765 2596 1817 dicente:
2625 1762 2692 1814 In
2717 1762 2911 1813 lumine
2946 1769 3033 1812 tuo
3065 1757 3346 1810 videbimus
3376 1757 3551 1811 lumen
3594 1756 3763 1825 (Ptol.

519 1824 732 1878 Patrem
761 1841 790 1878 a
818 1827 954 1898 Filio
978 1824 1135 1898 οὐσίᾳ
1159 1844 1259 1880 non
1287 1827 1501 1883 diﬂerre
1527 1824 1857 1894 statuebant,
1876 1832 1968 1884 sed
1999 1824 2093 1886 eos
2125 1840 2166 1894 Β
2197 1849 2359 1896 xxxv,
2409 1834 2516 1898 10).
2548 1851 2565 1883 ι
2591 1833 2728 1898 Quid
2763 1829 2962 1898 igitur?
3008 1843 3075 1880 an
3098 1827 3385 1898 Origenem
3412 1827 3670 1898 dicemus
3701 1831 3766 1882 ab

523 1905 750 1957 tantum,
768 1897 856 1964 qui
873 1897 1005 1950 hanc
1019 1897 1336 1952 sententiam
1361 1913 1424 1953 ex
1451 1898 1750 1954 bisduobus
1772 1899 1994 1954 Joannis
2012 1901 2094 1954 lo-

522 1965 602 2017 cis
630 1965 983 2037 deducebant.
1003 1966 1177 2037 lpsam
1207 1969 1445 2036 profecto
1464 1971 1785 2022 sententiam
1805 1972 2093 2037 vituperat,

524 2043 750 2106 utpatet
777 2049 844 2088 ex
871 2036 1052 2106 verbis
1078 2039 1446 2103 sequentibus,
1477 2053 1595 2106 quae
1628 2039 1799 2092 lucem
1825 2039 1949 2092 huic
1979 2036 2096 2095 loco

521 2103 750 2179 silerent
769 2106 866 2179 :"O
897 2105 953 2158 δέ
971 2123 1053 2179 τις
1076 2106 1460 2179 ἀκριϐέστερον
1486 2103 1750 2179 ὲηρήσας,
1767 2110 1794 2161 ό
1827 2109 1917 2162 καὶ
1945 2109 2095 2178 ὑγιέ-

525 2189 708 2250 στερον
738 2174 933 2250 λέχων,
957 2177 1117 2250 φήσει
1143 2171 1203 2228 οὐ
1235 2171 1427 2250 traiith
1452 2171 1596 2250 εἶναι
1616 2171 1690 2230 ’τὸ
1723 2171 1911 2250 φαῖνον
1932 2171 2000 2230 ἐν’
2023 2182 2089 2250 τῇ

523 2243 710 2320 σκοτία
744 2245 877 2320 φῷς,
902 2243 1029 2320 atat;
1063 2245 1149 2320 μὴΔ
1183 2243 1745 2320 καςιαλαμϐανόμενον
1774 2249 1864 2320 ὑπ’
1901 2243 2091 2320 αὐτῆέξ

518 2315 614 2386 atat
640 2311 699 2367 τδ
732 2311 864 2381 φῶς,
897 2318 955 2368 ἐν
996 2311 1040 2382 ᾧ
1064 2311 1315 2386 οὐδαμῶς
1361 2311 1475 2370 eam
1510 2311 1717 2372 σιέοτια.
1758 2335 1778 2368 ‹
1822 2319 1922 2384 Qui
1963 2311 2094 2374 vero

522 2383 828 2453 diligentius
867 2383 1268 2448 observaverit,
1305 2398 1359 2442 et
1407 2391 1606 2442 rectius
1651 2383 1860 2441 locutus
1907 2387 2089 2453 fuerit,

520 2452 662 2526 dicet
684 2469 786 2508 non
821 2455 956 2509 idem
987 2471 1105 2510 esse
1132 2457 1322 2518 lucem,
1355 2473 1472 2526 quae
1506 2456 1647 2511 lucet
1669 2457 1720 2511 in
1751 2457 2004 2520 tenebris,
2024 2452 2093 2513 ab

518 2523 598 2576 eis
627 2538 728 2578 non
753 2527 1156 2596 comprehensa,
1183 2537 1233 2596 et
1260 2523 1428 2581 luce'm
1466 2527 1518 2580 in
1538 2542 1641 2595 qua
1674 2527 2089 2596 haudquaquam

521 2602 646 2644 sunt
681 2595 932 2648 tenebrae.
977 2613 996 2647 ›
1039 2594 1115 2648 Ex
1152 2595 1236 2649 his
1267 2598 1437 2664 primo
1463 2594 1887 2652 concludendum
1933 2594 2090 2651 vide-

523 2670 610 2735 tur
639 2679 742 2735 non
777 2664 1095 2735 catholicam
1122 2666 1443 2730 doctrinam,
1483 2680 1604 2735 quae
1628 2680 1787 2719 unam
1819 2675 1873 2720 et
1906 2667 2090 2735 singu-

521 2731 684 2784 larem
716 2733 889 2786 Patris
927 2743 981 2787 et
1010 2734 1131 2788 Filii
1181 2731 1540 2788 substantiam
1577 2735 1835 2799 defendit,
1861 2736 1929 2789 ab
1967 2731 2090 2790 Ori-

521 2816 655 2877 gene
699 2800 867 2877 refelli
895 2819 910 2877 ξ
941 2804 1032 2877 sed
1067 2804 1379 2877 luereticos,
1405 2807 1516 2872 qui,
1549 2813 1608 2858 ut
1657 2806 1790 2877 tanti
1842 2808 2083 2877 mysterii

520 2870 773 2924 credendi
805 2872 1103 2927 molestiam
1145 2874 1246 2927 sibi
1288 2870 1624 2939 excuterem,
1663 2876 1875 2928 Patrem
1898 2870 1962 2929 'et
1993 2877 2032 2930 F
2039 2878 2084 2929 i-

522 2939 647 2992 lium
686 2941 879 2994 ταύτὸν
929 2956 1068 3009 esse,
1099 2944 1150 2996 id
1182 2953 1263 2998 est
1299 2959 1460 2997 unam
1499 2953 1553 2997 et
1585 2945 1831 2998 eamdem
1866 2960 1979 2999 rem
2023 2962 2086 3000 ac

521 3025 800 3075 personam
827 3011 1095 3066 volebant.
1118 3013 1264 3067 llanc
1282 3015 1421 3068 enim
1450 3015 1609 3068 habet
1631 3015 1733 3066 vim
1764 3023 1819 3070 et
1837 3024 2081 3069 naturam

521 3079 644 3131 illud
672 3080 883 3152 ταύτὸν,
902 3086 1043 3150 quod
1071 3083 1136 3136 de
1159 3083 1317 3137 Patre
1342 3091 1397 3137 et
1416 3082 1553 3137 Filio
1577 3083 1682 3136 dici
1725 3093 1978 3149 vetat,ut
1997 3100 2085 3152 pa-

522 3159 592 3202 tet
623 3151 702 3203 vel
721 3167 786 3230 οι
803 3151 990 3230 eodem
1019 3152 1118 3230 hoc
1132 3152 1254 3230 _loc_o
1275 3154 1327 3208 in
1349 3169 1454 3230 quo
1477 3167 1722 3220 quaerens
1753 3169 1848 3230 cur
1871 3151 2087 3230 sanctus
2113 3172 2155 3230 α

519 3220 852 3291 evangelista
871 3221 1100 3276 dixerit:
1123 3223 1186 3276 In
1215 3224 1325 3291 ipso
1352 3220 1458 3277 uita
1487 3232 1620 3286 erat,
1650 3234 1696 3276 et
1724 3225 1828 3277 vita
1855 3235 1967 3278 erat
1995 3225 2087 3280 (ua:

519 3290 784 3344 hominum
799 3290 1134 3363 (Joan.t,4),
1155 3290 1339 3360 sicque
1377 3294 1536 3346 vitam
1567 3293 1670 3363 luci
1713 3297 2085 3363 praeposuerit,

519 3363 805 3426 respondet
830 3363 992 3415 vitam
1022 3374 1074 3415 et
1093 3362 1296 3428 lucem,
1328 3363 1430 3417 etsi
1453 3362 1617 3420 ταὺτὸ
1647 3379 1810 3418 unum
1829 3362 1900 3418 iet
1925 3367 2084 3430 idem,

519 3431 686 3483 variis
723 3440 896 3485 tamen
943 3432 1114 3487 modis
1153 3434 1507 3488 considerari.
1541 3433 1598 3486 2°
1633 3431 1765 3487 Cum
1808 3435 2040 3489 haeretici
2068 3474 2084 3499 ,

517 3513 653 3568 quos
689 3499 890 3555 refellit
923 3503 1201 3570 Origenes,
1232 3505 1386 3556 unius
1407 3507 1656 3558 essentia;
1686 3506 1900 3558 nomine
1925 3520 2085 3559 unam

517 3583 806 3644 personam
839 3573 1217 3644 intelligerent,
1239 3573 1460 3628 dubium
1491 3588 1598 3628 non
1629 3581 1712 3644 est
1738 3575 1867 3640 quin
1899 3571 2089 3644 Orige-

519 3653 615 3691 nes
637 3640 806 3693 eidetn
835 3643 950 3696 voci
977 3640 1219 3696 eamdem
1243 3644 1567 3698 sententiam
1591 3642 1899 3710 subjecerit,
1916 3653 1968 3698 et
1987 3640 2087 3699 sub

519 3711 678 3784 unius
694 3715 936 3784 essentia:
955 3713 1171 3767 nomine
1189 3712 1613 3784 singularitatem
1633 3728 1877 3783 personae
1895 3714 2088 3784 rejece-

519 3778 615 3854 r_il.
639 3777 761 3854 [late
781 3782 1090 3854 observatio
1123 3783 1251 3854 inde
1272 3777 1649 3847 conﬁrmatur,
1673 3786 1812 3852 quod
1830 3777 2090 3854 Origenes

519 3846 642 3919 dum
664 3848 801 3904 banc
824 3851 1064 3906 haeresim
1088 3853 1304 3914 refellit,
1323 3854 1374 3906 iu
1393 3846 1717 3907 contrariam
1738 3869 1841 3907 non
1861 3846 2084 3919 fervatttr,

519 3917 614 3991 sed
637 3920 874 3991 medium
907 3929 1108 3990 teneat,
1146 3932 1201 3975 ut
1231 3924 1494 3977 catholica
1527 3938 1740 3991 semper
1781 3925 1954 3978 tenuit
1985 3917 2086 3978 Ec?

520 3984 705 4062 ciesia.
737 3989 791 4041 Si
821 3992 962 4042 enim
995 3984 1180 4062 contra
1212 3993 1492 4062 haereticos
1522 3984 1707 4046 verum
1743 3994 1850 4046 Deo
1890 3992 2083 4048 Filium

519 4055 781 4121 vimlicat,
817 4068 874 4111 ut
908 4075 1010 4113 non
1045 4061 1202 4114 aliam
1240 4059 1416 4116 Patris
1445 4072 1500 4115 et
1531 4063 1649 4117 Filii
1687 4063 2083 4118 distinctionem

521 4133 710 4198 ponat,
733 4142 892 4195 quam
932 4144 1049 4195 quae
1078 4144 1141 4183 ex
1173 4131 1286 4198 ipsa
1315 4128 1488 4186 Patris
1514 4141 1566 4185 et
1594 4131 1714 4186 Filii
1739 4135 1956 4188 notione
1991 4135 2086 4188 de-

521 4193 764 4249 ducitur.
799 4193 1089 4266 Postquam
1123 4193 1266 4252 enim
1318 4201 1706 4255 demonstravit
1763 4204 1815 4255 in
1869 4201 2083 4256 Patrem

521 4281 636 4350 non!
651 4267 951 4350 lca'dere‘ut
968 4268 1220 4349 luceatin
1247 4269 1480 4350 tenebris
1501 4271 2026 4350 etnpersecutionetn
2053 4287 2084 4326 a

521 4335 760 4406 tenebris
789 4337 1044 4405 patiatur,
1077 4339 1201 4406 quia
1252 4339 1366 4392 haec
1402 4341 1467 4392 ad
1501 4335 1621 4394 Filii
1653 4340 2082 4396 incarnationem

524 4403 849 4475 referuntur,
875 4403 1037 4462 hanc,
1068 4403 1278 4462 tertiam
1331 4412 1588 4463 rationem
1617 4409 1802 4463 addit:
1833 4428 1851 4460 t
1880 4409 2081 4475 Tertio,

523 4474 715 4540 inquit,
746 4477 942 4530 dicitur
967 4477 1082 4532 bzec
1110 4478 1196 4531 lux
1227 4477 1315 4531 lux
1353 4493 1503 4542 vera,
1535 4493 1639 4546 qua
1688 4481 1896 4534 ratione
1922 4474 2084 4535 Pater

523 4547 762 4617 veritatis
796 4547 932 4601 Deus
975 4548 1204 4616 amplior
1239 4559 1319 4601 est
1352 4560 1406 4601 et
1445 4550 1615 4617 major
1660 4563 1820 4616 quam
1849 4551 2076 4616 veritas;

520 4621 576 4690 et
621 4611 782 4667 Pater
813 4631 933 4690 cum
967 4619 1037 4670 sit
1067 4611 1385 4686 Sapientia,
1415 4611 1616 4686 quanto
1648 4611 1818 4690 ipsam
1851 4611 2078 4690 Sapien;

523 4683 684 4747 tiam,
719 4695 866 4759 tanto
895 4687 1064 4759 lucem
1107 4683 1286 4759 veram
1335 4683 1574 4755 superat.
1607 4706 1626 4740 I
1669 4683 2082 4759 'Del‘endit'ergo

524 4755 856 4824 mysterium,
893 4758 1032 4824 quod
1083 4756 1270 4812 nefarii
1315 4759 1549 4812 haeretici
1596 4759 1947 4824 evertebant;
1986 4755 2085 4815 nec

521 4822 680 4876 aliam
721 4822 983 4898 rat_ionetu
1019 4825 1207 4898 affert,
1238 4843 1337 4881 cur
1371 4827 1529 4880 Pater
1558 4843 1586 4880 a
1619 4828 1754 4882 Filio
1772 4822 2087 4898 distingua-

524 4904 630 4958 tur,
655 4909 758 4965 fur
783 4893 951 4949 Filius
979 4897 1153 4965 major
1188 4898 1276 4961 sit,
1310 4897 1408 4950 nisi
1447 4900 1587 4965 quod
1624 4900 1735 4952 veri
1767 4897 1886 4951 Filii
1927 4893 2085 4954 vcrus

522 4975 605 5016 est
655 4961 831 5019 Pater.
864 4965 920 5017 3°
947 4961 1083 5019 Non'
1110 4965 1308 5020 invitus
1363 4961 1570 5021 fatebor
1612 4968 1750 5020 idem
1799 4967 1993 5022 factum
2018 4971 2086 5024 ab

522 5033 773 5104 Origene,
804 5037 944 5103 quod
984 5051 1014 5089 a
1057 5035 1240 5090 multis
1293 5036 1414 5090 aliis
1457 5037 1876 5092 accuratissimis
1912 5037 2087 5092 Patri-

523 5105 640 5174 hus,
669 5105 784 5173 qui,
810 5107 910 5158 etsi
954 5121 1113 5158 unam
1143 5115 1196 5159 et
1234 5106 1559 5174 singularem
1594 5117 1778 5161 tenent
1815 5109 1868 5160 in
1916 5110 2087 5162 tribus

524 5169 762 5244 personis
789 5177 1076 5229 essentiam
1098 5212 1114 5238 ,
1147 5177 1270 5244 quia
1320 5169 1499 5229 tamen
1541 5179 1654 5232 htec
1685 5178 1917 5232 essentia
1952 5178 2089 5233 alias

526 5245 687 5314 habet
716 5243 769 5296 in
799 5243 979 5311 Patre,
1005 5247 1139 5299 alias
1165 5247 1215 5298 in
1243 5244 1376 5298 Filio
1407 5247 1783 5314 proprietates,
1820 5248 2086 5302 interdum

526 5311 705 5366 habita
757 5316 964 5370 ratione
1012 5314 1314 5386 hujustnodi
1372 5311 1733 5386 personalium
1770 5311 2088 5386 proprieta-

527 5391 663 5456 tum,
697 5386 985 5456 essentiam
1022 5385 1139 5456 Filii
1168 5387 1249 5456 ab
1274 5384 1506 5456 essentia
1539 5385 1711 5440 Patris
1736 5384 2086 5456 diStinguunt.

524 5451 664 5504 Nihil
696 5453 854 5520 igitur
880 5456 1070 5508 mirum
1094 5455 1136 5509 si
1156 5452 1414 5522 Origenes
1437 5457 1535 5508 hoc
1563 5457 1680 5510 loco
1710 5471 1886 5510 veram
1902 5451 2088 5511 lucem

525 5539 553 5572 a
583 5521 743 5575 Patre
777 5537 914 5576 vera:
944 5525 1076 5578 lucis
1097 5521 1392 5592 distinguit,
1418 5524 1525 5578 imo
1564 5525 1775 5580 Patrem
1812 5537 1866 5580 et
1894 5525 2088 5580 Filium

525 5593 839 5667 duaslttces
873 5608 990 5667 esse
1022 5595 1300 5667 contendit
1335 5594 1531 5667 ibidem
1561 5611 1574 5646 :
1605 5595 2091 5667 Παραστατικώτε-

528 5678 618 5735 ρον
637 5662 693 5716 δὲ
726 5661 817 5735 δύο
841 5661 1338 5735 φῶῖατὸν-[Ιατέρα
1363 5663 1458 5735 uel.
1478 5663 1568 5717 τὸν
1599 5661 1724 5720 Υἱὸν
1758 5667 1864 5720 ἀπὸ
1881 5666 1975 5720 τοῦ
1996 5669 2094 5718 Δα-

527 5733 608 5787 οῖδ
626 5734 906 5808 τογχὰνειν
935 5733 1020 5784 διὰ
1037 5733 1236 5808 φορτῳν
1252 5734 1566 5808 ξίσόμεθαβ
1587 5739 1647 5806 γέ
1673 5755 1833 5808 φησιν
1859 5740 1916 5791 ὲν
1941 5755 2091 5808 τρια-

529 5803 700 5876 κοστῷ
730 5801 975 5872 πέμπτῳ
1021 5801 1216 5874 ψαλμῷ
1258 5804 1314 5855 ἐν
1346 5801 1482 5873 φωτί
1512 5801 1620 5860 sou
1674 5801 1911 5880 ὀψόμεθα
1955 5801 2088 5877 (ῥῶς.

2199 1895 2428 1972 egregiis
2455 1895 2752 1969 principiis,
2774 1895 2891 1972 qua)
2914 1897 3037 1972 alibi
3067 1897 3252 1972 statuit
3289 1899 3352 1972 de
3375 1895 3769 1972 i_dentitate_vo-

2199 1965 2419 2026 lu'nta'tis
2446 1965 2501 2026 et
2538 1965 2807 2031 essentne,
2829 1969 3104 2022 discedere
3138 1965 3261 2020 iNe
3288 1966 3516 2028 digitum
3546 1968 3764 2034 quidem

2198 2043 2455 2110 discedit;
2493 2043 2583 2095 sed
2617 2041 3062 2110 quemadmodum
3096 2047 3242 2091 recte
3266 2036 3460 2110 dicitur
3487 2035 3672 2110 lumen
3703 2039 3768 2110 de

2196 2109 2418 2176 lumine,
2458 2106 2704 2163 volunt—as
2725 2125 2789 2162 ex
2831 2108 3121 2170 voluntate,
3145 2106 3588 2176 quamvis_unum
3621 2106 3690 2159 sit
3715 2108 3763 2161 in

2195 2178 2356 2236 Patre
2385 2173 2438 2236 et
2466 2180 2602 2234 Filio
2637 2180 2837 2240 lumen,
2865 2193 2965 2229 una
2996 2173 3263 2236 voluntas,
3291 2177 3368 2229 sic
3389 2173 3657 2244 Origenes
3683 2177 3762 2229 lu-

2197 2265 2311 2304 cem
2336 2266 2400 2304 ex
2431 2251 2546 2304 luce
2575 2248 2834 2316 agnoscit.
2861 2245 3063 2300 Deinde
3089 2259 3216 2316 vero
3243 2245 3368 2298 illud
3397 2245 3661 2316 memoria
3687 2257 3765 2300 te-

2196 2321 2426 2374 nendum
2467 2329 2549 2374 est
2574 2314 2858 2376 Oi‘igeuem
2906 2325 3092 2385 contra
3133 2314 3767 2385 hujusmodiba‘reticos

2196 2389 2486 2450 disserere,
2502 2404 2636 2457 quos
2659 2389 2797 2442 inter
2817 2396 2869 2440 et
2885 2383 3278 2457 Catholicos‘de
3302 2383 3674 2450 singularitale
3688 2387 3766 2440 di-

2193 2460 2329 2512 vinat
2361 2455 2563 2512 naturae
2617 2458 3003 2522 conveniebat;
3029 2455 3082 2506 in
3103 2469 3167 2507 eo
3184 2465 3361 2522 autem
3390 2458 3759 2510 controversia

2191 2529 2488 2597 erat,quod
2534 2528 2620 2582 isti
2663 2526 2903 2588 Patrem,
2938 2521 2995 2579 et
3029 2523 3222 2597 Filium
3255 2521 3603 2597 et_Spiritttttt
3641 2541 3764 2580 san-

2193 2594 2371 2664 ctum,
2389 2600 2486 2652 tria
2517 2597 2753 2664 ejusdem
2785 2605 2987 2648 natura:
3015 2595 3182 2648 variis
3209 2594 3382 2648 modis
3410 2595 3764 2650 considerata:

2191 2670 2430 2735 nomina,
2456 2667 2718 2722 Catholici
2745 2680 2872 2719 vero
2902 2675 3010 2735 tres
3036 2678 3293 2734 personas
3323 2677 3443 2735 esse
3469 2667 3761 2720 contende-

2191 2746 2329 2805 rent.
2367 2734 2724 2805 Quamobrem
2775 2745 2966 2789 contra
2996 2734 3134 2805 hanc
3158 2734 3403 2805 haeresim
3441 2735 3557 2786 usui
3603 2747 3759 2790 erant

2191 2801 2483 2875 Scriptura:
2523 2805 2828 2861 testimonia
2860 2819 2978 2873 qua:
3010 2803 3224 2875 Patrem
3253 2817 3282 2855 a
3315 2801 3476 2875 Filio,
3517 2819 3622 2875 non
3647 2806 3759 2858 solo

2188 2873 2428 2942 nomine,
2453 2891 2555 2929 non
2585 2878 2734 2928 varia
2763 2884 2970 2927 tantum
2991 2873 3226 2943 ejusdem
3255 2873 3330 2924 rei
3360 2873 3759 2929 consideranda:

2189 2947 2420 3010 ratione,
2457 2947 2549 3000 sed
2583 2953 2639 2998 ut
2669 2944 2991 2997 voluntatem
3033 2957 3096 2995 ex
3137 2943 3432 3008 voluntate,
3468 2945 3756 2996 essentiam

2187 3029 2249 3068 ex
2279 3018 2512 3070 essentia
2527 3015 2877 3084 distinguunt.
2902 3012 3276 3084 llrec_domnus
3305 3011 3628 3084 Prudentius
3656 3013 3764 3067 Ms-

2187 3099 2291 3138 ιιΑιι
2317 3087 2366 3138 in
2400 3086 2493 3142 lib.
2531 3100 2584 3139 tv
2613 3081 2991 3138 De'divinitate
3012 3081 3227 3145 Christi,
3262 3097 3380 3150 cap.
3414 3081 3498 3146 l5,
3531 3099 3675 3136 num.
3708 3085 3760 3139 5.

2261 3155 2378 3225 (76)
2422 3156 2527 3209 Sed
2552 3169 2734 3225 uereor
2771 3163 2960 3214 tamen,
2988 3162 3094 3225 etc.
3121 3151 3414 3225 Perperam
3437 3154 3590 3225 timet
3619 3152 3761 3207 llue-

2195 3222 2300 3280 tius
2328 3222 2395 3280 ne
2439 3227 2504 3278 de
2551 3223 2846 3277 Platonicae
2876 3222 3137 3275 doctrinae
3175 3223 3456 3276 narthecio
3504 3223 3758 3288 deprom-

2190 3306 2338 3364 ptum
2375 3295 2446 3348 sit
2480 3293 2622 3360 quod
2675 3293 2888 3364 Patrem
2919 3291 3177 3364 Origenes
3208 3292 3258 3344 in
3309 3291 3542 3345 tenebris
3581 3291 3762 3346 lucere

2190 3361 2371 3428 negat,
2408 3364 2600 3419 Filium
2627 3362 2842 3418 asserit.
2873 3361 2986 3430 Ipse
3020 3361 3166 3414 enim
3199 3371 3428 3415 mentem
3467 3377 3615 3414 suam
3649 3379 3756 3416 non

2190 3435 2357 3488 multo
2391 3446 2512 3504 post
2558 3435 2750 3500 aperit.
2785 3430 2916 3484 Nam
2951 3447 3071 3504 cum
3102 3431 3153 3483 id
3197 3432 3390 3483 durum
3439 3442 3492 3484 et
3526 3432 3761 3504 insolens

2187 3505 2355 3558 videri
2381 3500 2580 3572 posset,
2611 3504 2823 3570 quaerit,
2842 3516 3000 3572 quam
3024 3500 3093 3553 ob
3113 3515 3328 3572 causam
3361 3515 3480 3553 cum
3512 3503 3759 3555 Salvator

2188 3575 2257 3628 sit
2280 3571 2662 3642 impeccabilis,
2690 3583 2745 3625 et
2769 3573 2855 3624 lux
2885 3571 2938 3642 iu
2983 3585 3086 3637 qua
3120 3571 3276 3623 nulla:
3313 3572 3561 3642 tenebrat.
3597 3572 3648 3624 id
3679 3584 3758 3624 tae

2189 3659 2310 3698 men
2334 3640 2480 3697 Patri
2517 3642 2793 3710 proprimn
2822 3641 3093 3693 tribuatur
3120 3648 3177 3693 ut
3222 3640 3452 3693 tenebrae
3475 3642 3527 3693 in
3557 3655 3623 3694 eo
3651 3657 3755 3696 non

2188 3715 2296 3768 sint
2332 3714 2471 3767 ullte.
2505 3712 2811 3781 Respondet
2841 3711 3183 3781 Salv‘atorem‘
3223 3724 3320 3781 pro
3363 3710 3518 3764 nobis
3559 3711 3756 3766 factum

2185 3797 2304 3837 esse
2343 3775 2664 3852 peccatum}
2700 3775 2770 3850 τῼ
2806 3780 2918 3852 γὰρ
2961 3778 3101 3852 λόγῳ
3134 3775 3345 3852 (inquit
3372 3795 3529 3852 num.
3567 3781 3679 3852 3|)
3729 3783 3758 3834 ὁ

2186 3847 2372 3924 Πατὴρ
2415 3853 2570 3924 μόνος
2600 3851 2710 3924 ἔχει
2744 3847 3097 3924 ’ἀθανασίανί
3117 3847 3210 3924 τοῦ
3242 3849 3442 3924 Κῌυρίου
3477 3847 3758 3924 ⁴ὴμῶν-’διὰ

2185 3919 2588 3993 φιλανθρωπίαν
2631 3919 2979 3993 ίθᾴνατονλτὸν
3011 3920 3149 3993 ὑπὲρ
3189 3919 3344 3993 ὴμῷν
3384 3919 3754 3993 ᾁνειληφότος,

2183 3990 2356 4062 τούτῳ
2382 3990 2411 4045 ό
2449 3992 2635 4062 Πατὴρ
2668 3991 2780 4062 ἔχει
2798 3990 3062 4062 κμόνοςῌτό
3088 4006 3106 4062 '_
3139 3990 3324 4062 σκοτία
3356 3991 3622 4062 μὲνλαρτᾠ
3658 3993 3757 4046 οὐκ

2184 4046 2339 4116 ἔστιν⁸
2360 4046 2616 4132 οὐδεμίαξ
2633 4046 2727 4132 eos
2748 4046 3002 4132 ximat:
3035 4058 3122 4132 διὰ
3149 4059 3246 4128 τὴν
3276 4058 3419 4132 πρὸς
3439 4046 3757 4132 ἀνθρώπους

2184 4128 2496 4204 εὐεργεσίαν
2521 4131 2605 4204 ἐφ’
2636 4130 2802 4204 eam
2821 4128 2931 4204 nec;
2949 4128 3120 4204 jjutbv
3149 4129 3375 4204 uxoria;
3399 4128 3756 4204 ἀναδέδεγμέ-

2184 4148 2496 4204 ευεργεσιαν
2521 4148 2588 4253 sig
2636 4148 2802 4184 αοτον
2833 4148 2931 4192 τας
2965 4148 3120 4200 ημων
3149 4148 3367 4190 σκοτιας
3399 4148 3756 4202 αναοεοεγμεα

2184 4219 2297 4265 νου,
2335 4203 2420 4254 ἵνα
2446 4204 2511 4272 τῇ
2551 4270 2570 4273 _
2590 4200 2783 4273 ovans:
2813 4199 2976 4273 αὑτοῦ
3003 4200 3325 4273 καταργήσῃ
3353 4199 3508 4273 ήμῷν
3541 4202 3631 4273 τὸν
3664 4202 3758 4256 0d-

2185 4289 2361 4334 νατον,
2391 4269 2810 4340 καὶ”ὲξαφανίσῃ
2849 4269 2909 4340 τὸ
2940 4271 2996 4322 ὲν
3027 4272 3092 4340 τῇ
3145 4269 3314 4340 ψυχῇί
3340 4269 3494 4339 ἡμῶν
3535 4272 3753 4338 σκότος,

2188 4342 2269 4414 (να
2282 4341 2536 4414 πληρωθῇ
2557 4341 2616 4414 *εδ
2630 4338 2883 4414 ratein};
2897 4338 3112 4414 Ἡσαῇ,
3131 4338 3192 4392 '0
3212 4338 3407 4402 λαὸςό
3423 4341 3755 4414 καθήμενος

2511 4391 2966 4482 μέγα.
3001 4427 3020 4460 t
3057 4391 3196 4482 Nam
3221 4391 3753 4482 qua’rationewsolus

2187 4480 2348 4534 Pater
2396 4479 2559 4536 habet
2594 4481 3075 4543 immortalitatem,
3107 4479 3233 4548 quia
3263 4479 3520 4534 Dominus
3568 4492 3752 4536 noster

2185 4563 2415 4605 mortem
2465 4566 2561 4618 pro
2593 4551 2749 4604 nobis
2791 4549 2861 4604 ob
2899 4563 3136 4603 amorem
3181 4564 3309 4618 erga
3339 4565 3510 4618 genus
3553 4551 3746 4604 Imma-

2183 4637 2310 4674 nmn
2336 4621 2588 4689 pertulit;
2616 4621 2716 4674 hac
2737 4619 2896 4673 Pater
2919 4620 3068 4673 solus
3093 4619 3256 4674 habet
3285 4629 3342 4671 ut
3365 4621 3417 4672 in
3453 4620 3572 4689 ipso
3595 4621 3753 4675 nulla:

2182 4693 2290 4744 sint
2333 4691 2566 4744 tenebrae
2609 4705 2622 4742 :
2655 4704 2776 4743 cum
2815 4689 3078 4752 Christus,
3111 4700 3170 4742 ut
3208 4690 3450 4744 homines
3498 4691 3752 4746 beuelicio

2183 4761 2439 4823 alliceret,
2488 4760 2736 4814 tenebras
2765 4771 2976 4815 nostras
3015 4759 3068 4812 in
3125 4774 3183 4813 se
3232 4761 3405 4826 ipsutn
3458 4761 3746 4826 receperit,

2185 4843 2242 4883 ut
2270 4830 2502 4898 potentia
2528 4845 2622 4883 sua
2654 4841 2876 4883 mortem
2909 4838 3147 4882 nostram
3189 4827 3408 4893 deleret,
3440 4827 3750 4898 expelleret-

2185 4915 2288 4968 que
2317 4901 2618 4954 animarum
2658 4909 2961 4953 nostrarum
2997 4902 3536 4962 tenebras,nimirum
3569 4910 3626 4952 ut
3653 4901 3750 4954 int-

2184 4969 2421 5038 pleretur
2443 4968 2569 5023 illud
2594 4969 2776 5023 Isaiae:
2798 4968 3058 5033 Populus,
3081 4969 3167 5036 qui
3189 4970 3398 5022 sedebat
3425 4971 3480 5022 in
3503 4971 3747 5034 tenebris,

2184 5039 2312 5094 vidit
2343 5040 2510 5092 lucem
2559 5054 2800 5106 magnam
2853 5038 3008 5108 (lsa;
3035 5053 3112 5100 ts,
3147 5038 3223 5108 2).
3263 5056 3282 5090 ι
3320 5039 3533 5094 Siccine
3563 5055 3592 5092 a
3632 5039 3750 5093 Pla-

2189 5110 2381 5164 lonicis
2433 5125 2538 5163 non
2578 5109 2804 5174 abludit,
2840 5106 2930 5176 qui
2970 5106 3187 5160 Filium
3215 5109 3270 5162 in
3308 5110 3540 5164 tenebris
3569 5109 3745 5163 lucere

2188 5180 2286 5243 ait,
2318 5179 2443 5248 quia
2487 5188 2668 5232 nostra
2713 5192 2874 5231 causa
2911 5179 3220 5248 incarnatus
3257 5189 3312 5233 et
3342 5189 3586 5234 mortuus
3616 5179 3740 5234 est?

2190 5245 2550 5302 Tertullianus
2599 5248 2690 5302 lib.
2730 5249 2975 5300 adversus
3009 5245 3290 5312 Pt'aa'eam,
3320 5263 3438 5317 cap.
3481 5248 3574 5310 15,
3602 5265 3744 5302 eam-

2189 5319 2310 5372 dem
2365 5320 2611 5373 haaresim
2665 5317 2913 5370 refellens
2958 5319 3159 5371 idcirco
3214 5318 3434 5372 Paulum
3473 5319 3741 5373 existimat

2191 5388 2257 5442 de
2286 5387 2444 5442 Patre
2474 5387 2693 5448 dixisse,
2718 5403 2736 5436 ι
2766 5389 2856 5455 qui
2888 5387 3035 5442 solus
3071 5389 3232 5441 habet
3268 5389 3742 5451 immortalitatem,

2190 5467 2244 5526 et
2272 5459 2441 5512 lucem
2481 5458 2688 5511 habitat
2715 5457 3236 5520 inaccessibilem,ut
3265 5469 3320 5513 et
3345 5462 3616 5514 contraria
3643 5459 3740 5526 ipsi

2189 5525 2325 5583 Filio
2367 5528 2779 5589 ascriberemus,
2813 5527 3224 5590 mortalitatem,
3255 5525 3742 5594 accessibilitatem,

2191 5612 2348 5666 quem
2384 5605 2652 5651 mortuum
2697 5605 3033 5651 contestatur
3074 5599 3364 5651 secundum
3415 5597 3741 5666 Scripturas,

2191 5678 2246 5720 et
2295 5668 2584 5722 novissime
2622 5681 2653 5719 a
2699 5680 2760 5720 se
2796 5667 2965 5736 visum
3017 5681 3112 5734 per
3159 5668 3524 5722 accessibilem
3563 5668 3745 5736 utique

2189 5739 2382 5792 lucem.
2438 5755 2456 5789 ι
2496 5737 2617 5791 Haec
2661 5738 2888 5792 domnus
2941 5735 3258 5792 Prudentius
3304 5736 3491 5794 Mam
3538 5737 3633 5794 lib.
3662 5735 3742 5792 ’tv

2194 5809 2268 5864 De
2294 5807 2562 5864 divinitate
2589 5805 2802 5878 Christi,
2831 5821 2949 5877 cap.
2979 5806 3064 5874 15,
3097 5822 3244 5862 num.
3271 5807 3325 5863 '5.
