4020 6306
241 348 344 407 T29

1078 351 1647 409 ORIGENIANORUM
1686 352 1814 410 LIB.
1860 353 1921 418 li,
1961 352 2114 408 CAP.
2153 352 2219 418 ll,
2262 350 2536 419 QUIEST.
2577 349 2642 403 ll.

3389 340 3492 396 750

240 482 354 525 erat
381 471 596 534 simi-lis,
632 487 787 527 secus
836 489 938 541 qua
979 473 1257 529 inferiora.
1295 472 1618 538 Macrobius,
1666 472 1759 528 lib.
1790 488 1811 528 ι
1839 475 1887 533 Α
1913 471 2071 541 οὐσίᾳ
2097 471 2293 539 priscis
2321 467 2650 537 temporibus
2678 461 2890 519 solebat
2913 458 3160 531 usurpari
3203 459 3275 515 ab
3315 456 3493 513 ethni-

154 574 159 577 '
241 565 288 615 in
308 561 491 618 Somn.
518 563 688 629 Scip.,
707 580 823 633 cap.
849 565 934 627 14,
953 581 1017 619 ex
1048 565 1310 619 sententia
1334 564 1570 619 Platonis
1592 565 1673 620 sic
1699 564 1812 620 dis-

239 654 409 708 serit:
448 673 466 705 ε
513 654 655 709 Deus
684 656 777 723 qui
828 658 995 725 prima
1029 670 1191 710 causa
1228 666 1284 711 et
1325 665 1407 711 est
1448 666 1505 711 et
1555 664 1807 722 vocatur,

237 761 372 799 unus
398 747 636 799 omnium
669 759 894 814 quaeque
931 755 1079 813 sunt,
1121 761 1349 815 quaeque
1390 746 1642 800 videntur
1667 759 1807 812 esse,

237 838 485 906 princeps
518 845 571 889 et
600 836 753 906 origo
782 846 884 891 est.
919 836 1015 892 Hic
1061 837 1519 907 superabundanti
1558 836 1810 905 majesta-

238 932 302 984 tis
352 928 683 983 fecunditate
716 929 782 982 de
823 942 881 983 se
923 938 1160 984 mentem
1209 929 1431 987 creavit.
1480 927 1605 983 Haec
1656 943 1810 983 mens

232 1039 348 1091 qua:
378 1021 503 1085 νοῦς
540 1030 786 1087 vocatur,
831 1037 935 1092 qua
984 1022 1196 1077 Patrem
1231 1022 1465 1091 inspicit,
1499 1021 1710 1092 plenam
1735 1020 1808 1076 si-

234 1113 588 1168 militudinem
646 1123 825 1169 servat
859 1115 1142 1181 auctoris;
1176 1115 1412 1169 animam
1458 1130 1585 1169 vero
1637 1114 1701 1169 de
1751 1128 1809 1168 se

233 1218 382 1258 creat
418 1206 713 1272 peslcriora
767 1207 1126 1275 respiuiensa
1171 1206 1357 1260 Mundi
1395 1207 1553 1277 hujus
1598 1204 1809 1261 effecto-

232 1312 345 1349 rem
378 1312 500 1351 esse
542 1296 667 1351 νοῦν
705 1296 1029 1368 Pythagorei
1071 1298 1430 1356 afﬁrmabant.
1475 1301 1554 1354 Ab
1585 1300 1669 1354 bis
1702 1315 1807 1354 non

231 1389 438 1443 abludit
471 1391 757 1459 Origenes,
793 1406 916 1445 cum
947 1390 1160 1446 Patrem
1191 1392 1264 1446 ait
1292 1408 1396 1446 non
1444 1394 1626 1449 lucere
1652 1394 1703 1447 in
1737 1403 1810 1449 te-

232 1482 438 1543 nebris.
465 1482 660 1537 Filium
688 1497 816 1557 vero
853 1482 1014 1539 Patre
1042 1500 1161 1540 esse
1205 1486 1516 1541 inferiorem
1547 1496 1809 1555 quatenus

230 1570 280 1623 in
318 1572 557 1626 tenebris
606 1572 770 1640 lucet,
796 1575 864 1629 ab
907 1574 1079 1644 iisque
1131 1586 1474 1647 Oppugnatur
1507 1594 1521 1642 ;
1553 1593 1672 1631 cum
1724 1592 1810 1631 res

228 1663 486 1717 nimirum
515 1665 583 1718 ab
609 1679 676 1719 eo
708 1674 1034 1733 procreatas,
1064 1682 1127 1721 ac
1158 1668 1404 1723 homines
1428 1670 1692 1739 praecipue
1721 1670 1810 1726 be-

226 1753 542 1809 nelicioruut
596 1757 962 1824 immemores,
996 1760 1235 1814 auctoris
1278 1760 1361 1815 sui
1398 1760 1542 1832 leges
1569 1777 1632 1816 ac
1662 1778 1806 1816 man-

221 1846 346 1896 data
375 1855 748 1900 contemnunt.

294 1935 411 2005 (77)
454 1935 729 1993 Diﬂicilior
762 1939 925 1993 etiam
961 1950 1044 1995 est
1065 1940 1303 1995 locorum
1344 1942 1560 2006 solutio,
1587 1944 1676 2012 qui
1711 1959 1807 1997 ex-

218 2036 369 2080 sntnt
413 2028 504 2081 lib.
538 2042 635 2083 vni
680 2040 863 2084 contra
906 2029 1137 2093 Celsum,
1185 2049 1333 2087 num.
1385 2034 1452 2088 12
1483 2053 1498 2089 :
1533 2036 1684 2090 Εἰδέ
1728 2055 1810 2102 τις

215 2118 751 2190 περισπασθήσεται.
790 2122 863 2192 μή
902 2139 978 2192 πη
1037 2123 1443 2195 αὑτομολοῦμεν
1494 2126 1632 2198 πρὸς
1686 2130 1810 2194 τοὺς

215 2211 583 2281 ἀναιροῦντας
610 2212 702 2265 δύο
733 2208 870 2267 εἶναι
900 2215 1223 2280 ὑποστάσεις
1253 2218 1468 2290 Πατέρα
1524 2220 1618 2273 κα)⁸
1654 2222 1774 2276 Υἱὸν
1792 2261 1807 2283 ,

217 2304 573 2375 ἐπιστησάτω
608 2305 700 2377 τῷ,
725 2301 792 2378 ἦν
824 2306 880 2360 δὲ
922 2309 1137 2362 πάντων
1183 2309 1290 2362 τῶν
1330 2313 1732 2367 πιστευσάντων
1776 2317 1810 2387 ἠ

215 2393 424 2463 καρδία
453 2397 543 2448 καὶ
564 2398 595 2464 ἡ
620 2395 763 2467 ψυχὴ
801 2398 917 2467 μία,
940 2400 1023 2452 ἵνα
1058 2399 1310 2473 θεωρήσῃ
1344 2402 1433 2454 τό·
1476 2403 1623 2473 Ἐγὼ
1649 2405 1745 2458 καὶ
1774 2407 1808 2459 ό

217 2483 430 2551 Πατὴρ
459 2486 529 2538 ἓν
551 2487 754 2556 ἐσμεν·
788 2501 841 2542 et
871 2490 1063 2545 deinde
1095 2507 1110 2543 :
1150 2490 1539 2563 Θρησκέυομεν
1573 2490 1665 2549 οὖν
1706 2495 1798 2549 τὸν

218 2576 446 2647 Πατέρα
481 2578 580 2647 τῆς
629 2579 903 2651 ἀληθείας,
947 2581 1041 2635 καὶ
1091 2582 1182 2636 τὸν
1221 2583 1346 2637 Υἱὸν
1380 2585 1480 2654 τὴν
1524 2585 1815 2657 ἀλήθειαν,

218 2668 351 2721 ὄντα
386 2668 478 2721 δύο
517 2674 582 2742 τῇ
618 2672 910 2728 ὑποστάσει
944 2676 1263 2746 πράγματα,
1304 2676 1361 2730 ἒν
1406 2676 1463 2730 δὲ
1489 2681 1554 2749 τῇ
1594 2679 1818 2751 ὁμονοίᾳ

222 2757 317 2812 καὶ
370 2763 436 2831 τῇ
486 2762 803 2834 συμφωνία,
837 2764 931 2817 καὶ
955 2767 1021 2836 τῇ
1067 2765 1356 2836 ταυτότητι
1402 2766 1495 2820 τοῦ
1537 2767 1811 2839 βουλήμα-

222 2868 341 2913 τοςο
380 2851 590 2907 Patrem
619 2865 671 2908 et
694 2856 886 2909 Filium
914 2859 1017 2911 duo
1039 2871 1158 2911 esse
1184 2858 1260 2910 ait
1286 2859 1607 2924 ὑποστάσει,
1639 2876 1806 2915 unum

225 2958 494 2998 cunscnsu
550 2955 605 2999 et
658 2945 967 3001 concordia.
1012 2946 1124 3018 (78)
1162 2948 1321 3019 Atqui
1363 2949 1660 3014 ὑπόστασις
1709 2965 1807 3020 pro

1917 564 1999 617 cis
2024 576 2079 617 et
2099 561 2440 617 Christianis.
2478 558 2837 629 Hieronymus
2858 554 3016 625 epist.
3045 553 3110 606 57
3136 553 3203 606 ad
3234 551 3487 604 Damas.:

1922 672 1941 707 ι
1983 652 2118 707 Tota
2142 652 2477 708 saecularium
2498 651 2801 706 litterarth
2824 645 3005 701 schola
3038 643 3169 698 nihil
3194 642 3335 697 aliud
3362 640 3494 695 ὑπό-

1919 762 2106 801 στασιν
2143 746 2243 800 nisi
2284 744 2471 798 οὐσίαν
2512 744 2679 797 novit.
2724 759 2744 793 ›
2785 739 2861 794 lta
2904 745 3251 806 sumpserunt
3288 733 3490 789 Nicaeni

1917 834 2129 897 Patres,
2164 835 2235 888 ita
2263 833 2635 887 Sardicenses.
2662 830 2735 884 Ita
2776 836 2831 883 et
2880 826 3179 895 sumpsisse
3204 823 3491 893 Origenetn

1915 927 2207 984 verisimile
2228 937 2331 982 est.
2351 926 2520 981 Tomo
2533 924 2747 993 quidem
2773 922 2945 990 primo
2965 920 3019 972 in
3045 918 3321 979 Joannem,
3342 931 3488 970 num.

1915 1019 2015 1085 25,
2062 1019 2143 1074 sic
2180 1018 2419 1087 loquitur
2469 1016 2536 1071 de
2579 1012 2973 1070 Valentinianis
3005 1028 3018 1064 :
3053 1011 3300 1080 Οὶόμενοι
3359 1024 3493 1078 προ-

1916 1113 2086 1183 φορὰν
2127 1109 2418 1183 πατρικὴν,
2451 1108 2613 1163 οἱονεὶ
2658 1108 2716 1161 ὲν
2744 1105 3034 1167 συλλαὸαῖς
3057 1101 3315 1173 κειμένην
3352 1096 3495 1153 εἶναι

1914 1205 2005 1260 τὸν
2045 1205 2171 1258 Υἱὸν
2205 1204 2298 1257 τοῦ
2329 1202 2463 1256 Θεοῦ
2486 1244 2500 1263 ,
2527 1202 2621 1255 καὶ
2645 1200 2782 1254 κατὰ
2810 1198 2965 1251 τοῦτο
3002 1197 3294 1250 ὑπόστασιν
3323 1191 3492 1263 αὐτῷ,

1916 1299 1963 1350 εἰ
2016 1295 2257 1369 ἀκριϐῶς
2288 1296 2466 1348 αὐτῶν
2510 1291 2931 1362 πυνθανοίμεθα,
2975 1292 3035 1343 οὐ
3067 1289 3331 1351 διδόασιν,
3377 1285 3496 1339 οὐδὲ

1915 1388 2101 1442 οὐσίαν
2158 1386 2322 1442 αὑτοῦ
2384 1385 2791 1456 σαφηνίζουσιν.
2851 1382 2946 1437 libi
2985 1381 3280 1434 ὑπόστασιν
3311 1381 3377 1432 ab
3407 1378 3497 1430 οὑ-

1918 1479 2010 1551 σία
2052 1479 2332 1548 distinguit
2381 1478 2623 1547 quidem,
2650 1486 2706 1531 at
2754 1491 2861 1529 non
2907 1474 3072 1529 sumit
3103 1488 3199 1543 pro
3244 1487 3494 1542 persona,

1917 1572 2010 1627 sed
2040 1586 2135 1640 pro
2157 1571 2515 1635 subsistentia,
2546 1584 2835 1639 personam
2859 1568 3059 1639 quippe
3087 1565 3307 1637 proprio
3334 1579 3496 1618 voca-

1916 1664 2041 1719 bulo
2069 1663 2307 1735 ἰδιότητα
2323 1662 2456 1717 alias
2472 1662 2725 1731 appellat.
2748 1660 3015 1715 Prmterea
3037 1674 3155 1714 cum
3187 1673 3349 1711 unum
3377 1671 3499 1712 esse

1916 1770 2184 1810 consensu
2226 1764 2279 1809 et
2326 1754 2617 1809 concordia
2668 1753 2866 1808 dixerit
2908 1752 3123 1808 Patrem
3176 1760 3231 1806 et
3266 1749 3497 1815 Filium,

1843 1842 1886 1897 B
1915 1856 2198 1916 postquam
2231 1844 2565 1899 docuitduos
2593 1858 2713 1899 esse
2740 1845 3037 1914 Itypostasi,
3077 1842 3233 1912 plane
3264 1840 3502 1895 ὑποστά-

1918 1954 2055 2001 σεως
2080 1936 2402 1991 vocabulum
2446 1934 2660 1988 videtur
2702 1937 2951 1989 notanda-
2998 1934 3314 1990 substantiae
3345 1933 3500 1987 adbi-

1913 2028 2099 2084 buisse
2133 2044 2146 2081 :
2181 2043 2304 2081 nam
2336 2029 2380 2082 si
2426 2028 2604 2096 priore
2644 2027 2762 2083 loco
2811 2029 2946 2081 duos
2989 2040 3109 2080 esse
3143 2025 3502 2095 signiﬁcasset

1914 2120 2089 2190 quoad
2118 2134 2401 2191 personas,
2417 2117 2705 2185 adiecisset
2729 2118 2972 2189 profecto
2993 2134 3157 2173 unum
3183 2131 3303 2173 esse
3325 2114 3501 2187 quoad

1913 2213 2124 2267 οὑσίαν.
2158 2212 2229 2265 At
2263 2227 2385 2267 cum
2421 2227 2584 2265 unum
2609 2226 2731 2266 esse
2761 2210 3045 2281 scripserit
3073 2225 3339 2266 consensu
3372 2212 3503 2265 dun-

1913 2314 2103 2368 taxat,
2131 2304 2292 2358 aliant
2326 2318 2543 2377 omnem
2567 2302 2785 2357 videtur
2826 2302 3098 2372 respuisse
3128 2302 3386 2357 unitatem
3409 2342 3426 2365 ,
3449 2309 3505 2357 et

1913 2398 2048 2452 duos
2075 2396 2253 2465 quoad
2286 2394 2474 2448 οὐσίαν
2503 2395 2819 2450 credidisse.
2848 2392 3223 2449 Antiochenus
3249 2393 3338 2447 ille
3368 2408 3501 2447 con-

1913 2499 2109 2545 ventus
2146 2490 2199 2543 in
2231 2489 2490 2543 encaeuiis
2531 2487 2837 2543 celebratus
2884 2501 3030 2540 anno
3063 2486 3189 2551 541,
3231 2485 3285 2539 ἰη
3322 2483 3503 2553 Expo-

1914 2583 2105 2637 sitione
2133 2582 2258 2651 ﬁdei
2279 2582 2670 2646 ecclesiasticae,
2699 2594 2862 2650 quam
2910 2579 3321 2649 Expositionem
3360 2578 3506 2638 refe-

1920 2684 2045 2729 ruut
2102 2673 2437 2729 Athanasius
2488 2681 2544 2727 et
2594 2672 2834 2726 Hilarius
2884 2671 2941 2726 in
2975 2663 3130 2727 libris
3178 2670 3255 2725 De
3289 2672 3503 2741 synodi:

1918 2774 2103 2819 contra
2154 2763 2407 2832 Arianos,
2461 2762 2730 2818 consimili
2766 2762 3045 2818 locutione
3092 2762 3299 2817 utitur:
3333 2781 3351 2815 ι
3393 2761 3507 2816 Ma-

1916 2856 2111 2910 nifesta
2145 2855 2349 2924 utique,
2414 2854 2607 2923 inquit,
2677 2853 2877 2917 Patris,
2939 2868 3065 2908 vere
3112 2852 3328 2919 Patris;
3385 2851 3505 2907 cer-1

1916 2957 2079 3020 taque
2113 2948 2256 3015 Filii,
2288 2963 2415 3005 vere
2439 2948 2599 3015 Filii;
2624 2957 2862 3018 notaque
2895 2947 3132 3017 Spiritus
3162 2949 3358 3012 sancti,
3379 2962 3506 3002 vere

294 3131 413 3200 (Π)
466 3129 740 3199 Diﬁicilior
764 3132 1025 3203 etiamest
1053 3130 1283 3203 locorum
1310 3129 1528 3196 solutio,
1562 3137 1667 3203 etc.
1698 3132 1815 3187 Dil—
1845 3142 1887 3202 ο
1921 3133 2182 3203 Origenes
2215 3132 2376 3187 aliter
2413 3132 2477 3187 de
2506 3130 2831 3188 Christianis
2866 3133 3300 3203 existimaturum
3335 3129 3501 3188 fuisse

226 3202 378 3259 iicilis
410 3203 662 3269 equidem
713 3203 883 3270 prima
926 3201 1102 3255 fronte
1136 3202 1306 3254 videri
1349 3205 1522 3269 possit
1569 3202 1811 3257 locorum

224 3273 451 3328 istorum
482 3270 715 3335 solutio;
752 3272 844 3327 sed
895 3274 938 3325 si
971 3273 1234 3327 attentius
1274 3281 1329 3325 et
1362 3273 1594 3340 penitius
1639 3272 1815 3340 inspi-

222 3345 458 3407 ciautur,
492 3342 962 3411 praeclarissimum
987 3341 1191 3395 dabunt
1221 3343 1512 3411 numericze
1540 3343 1591 3395 in
1631 3344 1814 3398 divina

222 3410 526 3470 substantia
558 3412 780 3467 unitatis
812 3413 1196 3466 testiinonium.
1228 3410 1556 3466 1°Adltibita
1595 3413 1663 3465 ab
1687 3412 1814 3468 Ori-

220 3498 353 3549 gene
374 3482 582 3545 cautio,
607 3496 673 3535 ne
694 3482 834 3537 idem
862 3481 1003 3553 quod
1016 3482 1266 3553 rNoetiani
1299 3483 1502 3536 sentire
1524 3482 1810 3546 videretur,

222 3562 545 3624 argumento
583 3562 666 3624 est
708 3554 940 3624 mediam
991 3552 1137 3605 illum
1179 3552 1327 3624 viam
1383 3553 1619 3624 tenuisse
1675 3556 1818 3608 inter

221 3621 484 3679 Arianunt
526 3633 572 3677 at
611 3621 974 3676 Sabellianam
999 3622 1270 3686 h:cresim,
1297 3630 1355 3675 ut
1377 3623 1644 3676 catholica
1672 3640 1811 3678 sent-

258 3711 313 3749 er
340 3695 525 3750 tenuit
556 3693 817 3748 Ecclesia.
851 3692 980 3761 Qui:
1037 3692 1178 3746 enim
1215 3702 1328 3746 tres
1370 3706 1629 3761 personas
1660 3694 1817 3762 longe

258 3711 313 3749 CI'
340 3711 525 3750 lBﬂUll
556 3711 817 3748 ECOleSIa.
851 3711 980 3761 ρυιε
1037 3711 1178 3746 Bnllll
1215 3711 1328 3746 U'CS
1370 3711 1629 3761 personas
1661 3711 1816 3762 longe

222 3711 436 3839 fateque
476 3762 798 3839 dissocians,
826 3764 901 3839 id_
924 3763 1024 3817 sibi
1051 3763 1816 3839 cavendumetmetuendum

225 3831 390 3905 putei,
426 3851 499 3889 tte
528 3850 619 3888 eas
668 3834 1001 3888 confundere
1023 3834 1268 3905 videatur
1295 3832 1319 3887 ?
1343 3831 1401 3885 2°
1425 3832 1643 3905 Repetit
1687 3834 1812 3903 qui—

224 3904 339 3959 dent
403 3906 676 3974 Origenes
716 3906 976 3974 unitatem
1025 3904 1213 3958 Deiex
1258 3904 1545 3957 concordia
1580 3913 1636 3958 et
1679 3920 1814 3959 con-

224 3991 379 4032 sensu
412 3973 562 4030 inter
587 3974 803 4029 Patrem
834 3985 887 4027 et
913 3973 1132 4038 Filium,
1171 3976 1264 4029 sed
1304 3974 1449 4028 hunc
1484 3988 1811 4029 consensum

226 4047 274 4100 in
301 4048 585 4101 identitate
616 4045 902 4099 voluntatis
936 4044 1085 4117 ponit
1115 4062 1128 4097 :
1153 4060 1273 4113 quae
1304 4045 1520 4117 quidem
1558 4044 1813 4117 loquendi

227 4124 358 4171 ratio
403 4133 538 4170 cum
588 4130 685 4170 sua
730 4125 924 4183 sponte
957 4114 1292 4169 voluntatem
1350 4114 1467 4170 sive
1518 4114 1812 4169 essentiam

224 4186 393 4242 Patris
413 4187 560 4240 Filio
583 4187 1035 4240 communicatam
1059 4186 1325 4251 designat,
1346 4195 1457 4239 tum
1494 4199 1626 4239 vero
1648 4186 1813 4241 alium

228 4273 444 4312 sensum
486 4258 589 4311 hoc
627 4258 743 4310 loco
777 4271 883 4309 non
925 4254 1149 4325 patitur.
1177 4254 1311 4308 Nam
1343 4255 1613 4309 haereticis
1648 4271 1813 4311 unam

230 4327 281 4381 in
315 4329 476 4383 Patre
513 4337 568 4381 et
600 4326 736 4380 Filio
770 4326 1103 4397 voluntatem
1149 4327 1263 4379 sive
1295 4326 1585 4380 essentiam
1623 4335 1676 4397 et
1708 4327 1814 4397 hy-

230 4401 487 4468 postasim
520 4397 848 4466 ﬁngentibus
904 4396 1153 4468 concedit
1194 4411 1357 4468 unam
1392 4410 1515 4468 esse
1566 4396 1815 4468 volunta-

234 4465 865 4560 iem,duas.‘ltypo.stascs
908 4465 1348 4560 requirit..Q_uod
1373 4466 1442 4560 si,
1556 4466 1689 4560 duas
1717 4466 1814 4537 by-
1848 4504 1891 4560 Β

232 4549 492 4604 postases,
519 4536 598 4592 ita
624 4536 801 4593 etiam
834 4539 968 4591 duas
1001 4537 1309 4591 voluntates
1334 4536 1675 4602 admittebat,
1713 4536 1812 4591 car

235 4610 283 4661 iu
311 4610 482 4663 altero
502 4624 693 4663 manus
711 4610 801 4661 dat
829 4606 1202 4661 haereticorum
1220 4606 1524 4669 sententiae,
1562 4606 1628 4661 de
1645 4606 1817 4661 altero

232 4685 335 4731 tam
352 4681 622 4734 obstinate
640 4676 917 4747 delitigat?
931 4676 1064 4730 Cum
1084 4677 1382 4744 praesertim
1396 4678 1517 4729 data
1531 4691 1692 4747 opera
1708 4677 1821 4732 dis-

237 4750 464 4816 tinguat,
484 4751 613 4818 quid
634 4746 914 4803 numerum
931 4749 982 4801 itt
1003 4748 1268 4818 'l‘rinitate
1283 4748 1535 4814 patiatur,
1554 4746 1683 4817 quid
1707 4763 1817 4818 non

234 4820 486 4887 patiatur.
504 4817 707 4873 Deinde
736 4833 865 4873 vero
891 4833 958 4871 ex
978 4818 1078 4871 hac
1093 4817 1383 4887 voluntatis
1400 4818 1678 4871 identitate
1700 4817 1817 4872 ﬁeri

235 4886 496 4958 declarat,
540 4900 599 4944 ut
636 4891 727 4959 qui
760 4888 958 4942 Filium
995 4889 1209 4959 viderit,
1244 4886 1715 4959 Patretngquoque
1736 4889 1819 4959 vi-

236 4961 389 5015 derit.
423 4956 637 5031 Optime
654 4956 891 5031 quidem
946 4959 989 5013 si
1029 4966 1137 5031 tota
1172 4957 1350 5031 Patris
1402 4956 1648 5031 voluntas
1679 4956 1817 5031 Filio

236 5032 434 5085 tradita
472 5028 531 5086 et
567 5028 970 5086 con‘tmunicata
998 5046 1012 5082 :
1041 5029 1144 5083 hoc
1173 5028 1315 5081 enint
1358 5028 1532 5093 posito
1566 5028 1819 5096 sequitur

236 5102 368 5153 nihil
390 5117 512 5156 esse
547 5102 599 5156 itt
636 5100 798 5155 Patre
824 5102 968 5168 quod
1002 5114 1106 5153 non
1143 5100 1216 5152 sit
1245 5100 1295 5151 in
1327 5097 1483 5162 Filio,
1511 5107 1567 5151 et
1597 5097 1816 5152 Patrem

238 5171 426 5236 videri,
458 5175 581 5226 dum
618 5172 829 5224 videtur
855 5169 1044 5224 Filius.
1075 5172 1145 5222 At
1170 5170 1214 5223 si
1240 5168 1495 5222 identitas
1522 5168 1817 5224 voluntatis

235 5241 371 5293 nihil
399 5242 542 5296 aliud
589 5250 690 5305 est,
728 5256 892 5312 quam
922 5242 1245 5309 obsequium
1277 5237 1398 5312 Filii
1423 5238 1683 5312 adversus
1714 5237 1817 5312 Pa-

237 5321 393 5375 trem,
426 5313 547 5381 quis
583 5324 688 5367 lam
735 5308 1026 5375 absurdus,
1066 5308 1125 5364 ut
1169 5325 1235 5364 ex
1264 5308 1528 5381 ejusmodi
1555 5309 1816 5381 obsequio

236 5378 523 5453 concludat
553 5382 814 5453 aequalem
844 5381 1197 5453 #Patri_eisse_
1233 5380 1465 5453 Filium,
1499 5388 1565 5453 et_
1599 5378 1814 5453 Patrem

236 5452 403 5505 videri
438 5453 566 5507 dum
594 5448 806 5506 videtur
834 5451 1049 5506 Filius?
1076 5452 1134 5505 5ο
1166 5450 1385 5505 Rel’ellit
1411 5451 1512 5503 hoc
1554 5450 1672 5503 locu
1695 5448 1816 5503 Ori-

238 5535 400 5590 genes
429 5526 572 5592 quod
603 5523 794 5578 Celsus
826 5521 1104 5591 perinique
1145 5520 1258 5574 ﬁeri
1296 5538 1325 5574 a
1370 5520 1697 5592 Christianis
1730 5521 1815 5577 di-

239 5593 415 5656 cebat,
449 5591 510 5646 ut
535 5609 657 5648 cum
688 5594 785 5662 ipsi
828 5602 1027 5661 praeter
1076 5605 1345 5662 summum
1383 5591 1585 5662 Deum,
1610 5607 1629 5640 ι
1672 5592 1815 5662 hunc

239 5676 426 5733 recens
472 5661 719 5718 exortum
758 5682 778 5714 ι
810 5664 912 5733 (sic
960 5676 1103 5716 enim
1142 5661 1427 5733 Christum
1475 5661 1814 5733 designabat)

238 5732 418 5787 colere
475 5750 577 5788 non
634 5730 968 5795 dubitarent,
998 5731 1244 5786 eamdem
1276 5733 1488 5785 veniam
1543 5730 1665 5785 aliis
1707 5746 1813 5785 non

240 5802 431 5859 darent
463 5819 671 5862 summo
697 5805 805 5861 Deo
835 5802 1108 5861 ministros
1130 5801 1474 5872 adiungendi.
1506 5800 1814 5872 Respondet

1921 3201 2161 3263 Celsum.
2217 3205 2263 3257 si
2301 3204 2654 3258 intellexisset
2694 3203 2867 3257 illud:
2903 3203 3014 3273 Ego
3056 3214 3103 3257 et
3150 3201 3313 3255 Pater
3333 3218 3504 3273 Annum

1918 3291 2100 3345 sumus
2132 3273 2313 3345 (Joan.
2351 3290 2427 3345 tv,
2462 3274 2575 3345 30),
2602 3282 2687 3345 et,
2712 3273 2874 3327 Pater
2898 3270 3085 3345 infme,
3122 3282 3168 3325 et
3195 3288 3286 3340 ego
3325 3271 3378 3323 in
3406 3270 3509 3345 Prn-

1919 3354 1998 3397 tre
2029 3343 2180 3413 (ibid.
2227 3344 2339 3413 58).
2371 3344 2507 3397 Tum
2535 3343 2788 3397 adhibita
2825 3344 3077 3397 cautione
3130 3345 3361 3413 nequis
3399 3343 3504 3396 sibi

1919 3412 2194 3470 Noetiante
2226 3415 2448 3469 haeresis
2484 3423 2666 3469 notam
2709 3415 2970 3475 iuureret,
2994 3412 3271 3468 concludit
3315 3423 3507 3467 contra

1918 3484 2132 3538 Celsum
2158 3502 2177 3536 ι
2202 3500 2367 3539 unum
2390 3486 2577 3551 Deum,
2608 3483 2822 3536 Patrem
2841 3493 2894 3537 et
2918 3482 3113 3536 Filium
3150 3501 3168 3534 t
3194 3482 3507 3536 aChristia-

1920 3555 2003 3607 nis
2027 3555 2150 3615 coli.
2187 3574 2206 3606 ι
2248 3571 2336 3608 res
2371 3554 2907 3624 quidetnghypostasi
2951 3554 3107 3624 duas,
3136 3569 3296 3624 unam
3324 3562 3507 3607 autem

1920 3624 2205 3678 identitate
2222 3622 2572 3679 voluntatis»
2598 3622 2714 3677 Non
2739 3632 2950 3693 poterat
2968 3623 3221 3676 Ecclesiae
3252 3637 3509 3693 causasc-

1918 3696 2160 3749 curatius
2187 3695 2399 3749 defendi
2426 3712 2441 3750 :
2478 3709 2602 3748 nam
2633 3708 2699 3749 ex
2722 3692 2932 3749 unitate
2958 3693 3283 3746 substantiae
3323 3693 3374 3745 in
3407 3692 3510 3746 Pa-

1920 3775 2004 3818 tre
2028 3775 2084 3819 et
2113 3764 2253 3819 Filio
2281 3767 2463 3820 unitas
2495 3764 2588 3818 Dei
2623 3764 2935 3818 necessario
2963 3764 3333 3832 consequitur.
3364 3764 3433 3817 At
3459 3764 3504 3817 si

1918 3833 2182 3904 Origenes
2205 3836 2368 3891 citata
2405 3836 2700 3903 Scriptura:
2730 3835 2896 3889 verba
2938 3836 3005 3887 ad
3033 3832 3353 3904 obsequium
3385 3832 3507 3888 Filii

1918 3916 1973 3960 et
2001 3903 2326 3960 consensum
2370 3906 2710 3960 voluntatum
2759 3913 3067 3971 evocasset,
3106 3914 3166 3956 ut
3211 3903 3410 3965 factum
3440 3904 3507 3958 ab

1915 3976 2157 4041 Arianis,
2192 3977 2463 4046 quomodo
2506 3976 2626 4046 sibi,
2651 3989 2818 4046 unum
2862 3975 3030 4030 Deum
3065 3973 3244 4028 colere
3289 3973 3512 4046 videba-

1918 4048 2050 4101 tur?
2076 4045 2266 4101 Nonne
2299 4046 2489 4101 Celsus
2531 4045 2719 4100 eodem
2745 4045 2868 4113 jure
2902 4060 3227 4100 consensum
3258 4045 3510 4098 volunta-

1920 4128 2034 4170 tum
2068 4118 2211 4171 iuter
2240 4132 2511 4172 summum
2544 4116 2713 4170 Deum
2738 4125 2794 4169 et
2819 4114 2937 4181 eius
2965 4116 3246 4169 ministros
3272 4114 3506 4181 obiecis-

1918 4187 2043 4261 set?
2071 4190 2151 4241 An
2191 4188 2272 4261 ita
2318 4188 2588 4261 absurdus
2606 4185 2721 4261 luit
2763 4184 3044 4261 Origenes,
3083 4195 3140 4239 ut
3185 4188 3237 4240 in
3266 4185 3341 4261 i_d_,
3367 4184 3509 4254 quod

1918 4255 2352 4327 reprehendebat
2377 4258 2430 4312 iu
2470 4257 2727 4322 ethnicis,
2763 4255 2967 4311 revolvi
2996 4273 3071 4327 se
3104 4272 3209 4327 non
3241 4255 3455 4327 videret
3489 4273 3506 4321 ;

1918 4325 2011 4382 aut
2037 4330 2108 4382 ita
2137 4329 2413 4397 improbus
2455 4337 2516 4382 ut
2550 4327 2965 4397 dissimularet?
2994 4325 3121 4397 Haec
3156 4326 3218 4397 Β.
3265 4325 3513 4397 Pruden-

1921 4399 2026 4453 tius
2076 4394 2299 4464 Ilara'n,
2342 4398 2435 4453 lib.
2466 4413 2530 4463 tv,
2554 4396 2631 4451 De
2669 4398 2949 4452 divinitate
3005 4396 3371 4465 Christitcap.
3418 4394 3508 4458 15,

1919 4484 2067 4539 n_utn.
2091 4468 2146 4523 6.
2178 4463 2311 4524 Vide
2334 4470 2556 4539 insuper
2577 4468 2810 4539 Bullum,
2830 4466 3185 4539 Defens.ﬁdei
3199 4463 3433 4539 Nicd’nw
3448 4467 3510 4520 de

1918 4536 2149 4611 Filii‘n‘p
2172 4536 2475 4611 ὁμοουσίῳξ
2496 4548 2630 4593 sect.
2650 4537 2708 4603 2,
2741 4538 2965 4611 cap._9,_
2986 4553 3134 4611 nunt.
3167 4538 3255 4611 ll.

1991 4608 2103 4680 (78)
2121 4607 2297 4680 Ἀιᾲαὶ
2320 4607 2661 4675 ὑπόστασις
2696 4608 3006 4680 profabor/ﬁgi
3043 4608 3229 4675 priscis
3254 4607 3511 4680 tempori-

1920 4679 2015 4733 bus
2043 4677 2238 4734 solebat
2267 4681 2536 4748 usurpari,
2554 4689 2660 4733 etc.
2687 4697 2705 4730 ι
2731 4679 2958 4748 Etiamsi
2976 4678 3044 4732 de
3066 4677 3339 4732 nonnullis
3373 4680 3510 4732 scri-

1918 4750 2165 4819 ptoribus
2214 4751 2265 4804 id
2299 4745 2675 4811 concederem,
2708 4749 2775 4803 de
2822 4745 3055 4819 Origene
3101 4758 3250 4804 certe
3280 4751 3504 4819 concedi

1920 4818 2024 4874 non
2058 4832 2280 4890 posset;
2322 4822 2416 4876 sed
2461 4819 2614 4873 multi
2643 4820 2732 4890 alii
2765 4820 2905 4873 hanc
2932 4818 3120 4874 vocem
3163 4820 3215 4873 in
3263 4818 3510 4873 eamdem

1919 4889 2241 4944 sententiam
2295 4898 2644 4959 usurparunt.
2704 4889 2810 4960 Ipsi
2860 4890 3126 4951 hazretici,
3169 4906 3292 4944 cum
3346 4903 3508 4960 uuam

1920 4960 2257 5031 bypostasim
2317 4962 2687 5032 admitterent,
2720 4958 2912 5032 jtonne
2936 4960 3261 5032 Altypostasis
3293 4958 3509 5032 nomine

1918 5027 2205 5101 personam
2259 5031 2631 5101 intelligebant
2663 5032 2684 5084 i
2719 5029 2790 5085 Ut
2839 5027 3087 5085 omittam
3140 5027 3508 5101 Alexandrina

1916 5097 2341 5156 Alexandrinum
2382 5097 2472 5169 qui
2521 5103 2571 5154 itt
2603 5101 2833 5170 epistola
2886 5101 2954 5154 ad
3004 5101 3370 5155 Alexandrum
3403 5097 3507 5170 CP.

1928 5171 2069 5225 idem
2108 5173 2265 5229 docet
2293 5188 2356 5227 ac
2402 5168 2697 5241 Origenes;
2728 5172 3108 5234 Athanasium,
3137 5173 3229 5238 qui
3249 5178 3389 5241 _tres_
3414 5168 3511 5239 hy-

1928 5253 2177 5311 postases
2216 5260 2338 5297 cum
2373 5259 2475 5296 una
2506 5238 2556 5297 in
2584 5243 2924 5297 concordiam
2968 5242 3220 5304 adduxit;
3248 5238 3509 5292 Basiliam

1916 5326 1969 5366 et
1993 5312 2311 5383 Gregorium
2347 5312 2856 5383 Nazianzenumtet
2902 5311 3036 5366 alios
3064 5312 3223 5383 trittm
3254 5311 3509 5378 hyposta-

1921 5384 2059 5437 siuut
2101 5380 2416 5439 defensores
2448 5400 2464 5450 ;
2507 5394 2731 5453 uterque
2784 5382 3109 5453 Dionysius,
3143 5380 3418 5453 Romanus
3455 5389 3510 5453 et

1920 5455 2343 5521 Alexandrinus,
2380 5468 2474 5509 sex
2499 5450 2760 5523 episcopi,
2788 5450 3017 5522 quorum
3065 5461 3243 5506 exstat
3276 5450 3506 5523 epistola

1915 5527 1982 5577 ad
2005 5524 2226 5577 Paulum
2250 5521 2694 5589 Santosatenum,
2712 5521 3045 5593 Itypostasiut
3065 5524 3253 5593 eodem
3278 5521 3432 5593 modo
3451 5532 3509 5573 ttt

1917 5595 2173 5664 Origenes
2200 5596 2539 5664 interpretati
2564 5605 2708 5650 sunt.
2735 5590 2818 5646 {—L
2852 5592 2975 5649 Haec
3006 5595 3069 5649 ι).
3092 5592 3255 5664 Prud.
3289 5590 3506 5664 Massa,

1916 5666 1993 5718 De
2019 5661 2182 5718 divin.
2212 5661 2476 5737 Clin—cap.
2504 5665 2590 5733 15,
2612 5664 2831 5721 uuut.6.
2869 5665 3001 5721 Vide
3033 5673 3089 5721 et
3112 5663 3344 5729 Bullutn,
3372 5661 3483 5715 ibid

1918 5751 2023 5806 quo
2059 5751 2244 5807 supra.
