4020 6306
558 346 659 403 755
1826 350 1889 407 Ρ.
1930 353 2100 410 DANII

2207 357 2244 412 S
2275 358 2505 414 IlUETll
3708 370 3814 426 736

552 464 819 534 prodiisse
850 464 1143 520 vehemens
1179 466 1416 535 suspicio
1442 476 1546 523 est.
1577 468 1724 525 Talis
1756 472 1845 528 ille
1875 474 2023 530 locus
2049 485 2132 531 est
2161 482 2207 540 Α
2234 478 2513 548 imaginem
2545 495 2720 544 suam,
2760 490 2807 535 et
2840 479 3124 535 secundum
3159 483 3380 552 speciem
3408 501 3561 539 suam
3588 487 3653 539 ".
3685 486 3819 553 Qua:

552 556 742 609 bomil.
776 554 845 610 12
882 559 939 609 in
974 555 1164 620 Num.,
1215 560 1441 623 animi,
1478 574 1602 631 pag.
1634 562 1738 616 312
1768 581 1781 617 :
1824 584 1843 617 ι
1871 565 1966 620 Est
2003 584 2130 637 ergo
2234 569 2411 638 imago
2446 570 2609 624 etiam
2658 581 2865 627 naturae
2914 587 2979 627 ac
3022 572 3341 629 substantiae
3389 576 3568 631 Patris
3607 589 3660 632 et
3693 578 3810 635 Filii

553 647 669 701 haec
703 647 862 737 trium
893 647 1171 702 distinctio
1200 664 1560 718 personarum
1596 652 1649 707 in
1683 653 1863 721 Patre,
1894 666 1949 712 et
1972 658 2130 727 Filio,
2232 660 2475 715 continet
2506 661 2800 728 unitatem;
2834 682 2854 716 ι
2888 673 2942 718 et
2969 664 3058 719 hic
3085 680 3117 721 e
3142 668 3327 735 capite
3360 670 3631 737 sequenti,
3663 687 3809 726 num.

552 752 605 797 et
648 734 853 812 Spiritu
891 752 1109 810 sancto,
1143 760 1263 814 quas
1300 747 1365 800 ad
1402 746 1663 816 pluralem
1706 761 1991 821 puteorum
2034 770 2132 809 nu-
2237 752 2292 817 4,
2324 768 2481 822 quem
2515 755 2708 809 recitat
2739 754 3052 825 Pamphilus
3099 758 3151 811 in
3190 734 3487 828 Apologia:
3524 778 3543 811 ι
3577 761 3730 827 Quod
3765 764 3809 817 si

549 849 757 887 merum
801 842 1105 889 revocatur.
1153 835 1260 889 Sed
1304 835 1496 891 borum
1543 849 1831 907 puteorum
1866 858 2005 898 unus
2045 852 2133 899 est
2232 850 2395 905 esset,
2433 858 2707 911 nunquam
2753 846 2938 914 utique
2973 846 3028 900 in
3058 848 3262 903 unitate
3284 848 3591 915 Trinitatis,
3623 853 3673 905 id
3704 864 3805 920 est,

550 921 671 977 funis
702 938 718 975 :
747 938 855 977 una
878 923 1022 978 enim
1046 925 1341 979 substantia
1370 939 1452 981 est
1478 936 1531 982 et
1558 938 1748 983 natura
1771 930 2052 987 Trinitatis
2076 950 2123 997 ς»
2234 931 2326 985 Dei
2355 932 2530 988 Patris
2558 932 2994 990 inconvertibilis
3018 976 3034 1002 ,
3063 946 3119 992 et
3144 936 3269 992 Filii
3299 937 3416 1006 ejus
3442 980 3457 1005 ,
3488 941 3651 995 etiam
3693 943 3803 1009 ipse

554 1026 608 1069 et
641 1015 727 1070 hic
758 1016 923 1069 etiam
950 1029 981 1071 e
1011 1014 1105 1070 lib.
1131 1031 1192 1069 ιιι
1233 1016 1288 1070 in
1323 1017 1493 1086 Epist.
1526 1020 1595 1071 ad
1619 1018 1798 1085 Rom.,
1826 1037 1975 1075 num.
2000 1022 2060 1075 lt
2107 1039 2123 1077 :
2238 1022 2475 1093 Spiritus
2497 1036 2717 1080 sanctus
2744 1026 3036 1082 haberetur
3066 1042 3125 1082 τι
3157 1041 3213 1084 et
3234 1029 3337 1086 iste
3360 1032 3524 1086 etiam
3554 1047 3583 1087 e
3606 1048 3725 1103 cap.
3748 1036 3801 1098 5,

552 1132 569 1163 ι
600 1112 783 1166 Fidem
827 1121 1010 1166 autem
1054 1111 1284 1166 dicimus
1328 1113 1382 1165 in
1429 1110 1669 1178 Patrem,
1715 1123 1770 1168 et
1811 1113 2027 1180 Filium,
2075 1124 2130 1172 et
2230 1117 2650 1173 num.5:tNon
2683 1117 2825 1174 enim
2855 1119 3138 1176 Trinitatis
3162 1134 3353 1176 natura
3378 1123 3577 1179 habere
3606 1124 3802 1196 aliquid

546 1203 810 1273 Spiritum
849 1212 1120 1267 sanctum,
1176 1204 1462 1274 integram,
1516 1204 1752 1273 plenam,
1802 1207 2123 1277 perfectam,
2231 1209 2644 1275 compositionis
2710 1219 2930 1265 ostensa
2997 1223 3114 1275 est;
3176 1233 3193 1266 ι
3244 1224 3298 1268 et
3348 1216 3435 1271 hic
3496 1232 3525 1270 e
3585 1216 3677 1271 lib.
3725 1235 3800 1283 ιιι,

544 1313 664 1366 quae
701 1298 835 1351 nihil
867 1296 1162 1356 diversum,
1194 1294 1271 1348 nil
1310 1295 1646 1364 discrepans,
1682 1306 1777 1351 aut
1808 1306 2126 1373 extraneum
2230 1315 2347 1369 cap.
2375 1302 2427 1364 6,
2455 1318 2604 1359 num.
2635 1302 2688 1369 i,
2720 1319 2843 1374 pag.
2874 1304 3009 1360 £52:
3046 1325 3064 1357 ι
3091 1306 3146 1360 id
3176 1310 3318 1376 quod
3343 1324 3507 1363 unum
3534 1320 3612 1363 est
3641 1310 3803 1366 Filius

544 1389 598 1443 in
627 1388 893 1443 Trinitate
942 1388 1256 1456 profitetur;
1296 1405 1315 1438 ι
1366 1395 1419 1441 et
1463 1386 1552 1441 ille
1595 1402 1625 1441 e
1670 1387 1765 1445 lib.
1795 1404 1848 1454 v,
1893 1393 2126 1459 num.2,
2231 1406 2353 1444 cum
2406 1391 2586 1459 Patre,
2642 1396 2708 1448 ad
2761 1404 2971 1452 natura:
3019 1402 3405 1469 proprietatem
3464 1400 3801 1455 referendum

539 1496 664 1554 pag.
700 1483 807 1538 555
839 1497 854 1535 :
890 1500 910 1535 ι
938 1480 1051 1537 Nec
1092 1480 1335 1551 rapinam
1367 1479 1516 1534 ducit
1557 1480 1851 1552 (Christus)
1902 1498 2020 1539 esse
2068 1499 2129 1541 se
2231 1481 2351 1537 ﬁdei
2387 1484 2589 1539 veritas
2617 1486 2810 1551 docet;
2851 1506 2871 1540 ι
2905 1497 2957 1542 et
2991 1488 3092 1544 iste
3122 1500 3385 1558 praeterea
3426 1507 3457 1547 e
3504 1493 3597 1547 lib.
3630 1510 3703 1556 Iv,
3752 1494 3799 1547 in

542 1576 801 1646 aqualem
832 1576 970 1641 Deo;
1018 1575 1119 1630 hoc
1150 1582 1232 1629 est
1253 1615 1269 1640 ,
1303 1589 1408 1627 non
1450 1574 1551 1629 sibi
1596 1574 1773 1645 magni
1803 1575 2003 1646 aliquid
2033 1575 2129 1632 de-
2229 1572 2659 1642 Anacephalteosi
2680 1591 2699 1629 :
2732 1594 2750 1627 ι
2780 1577 3015 1645 Veritas,
3043 1581 3173 1645 vita,
3201 1581 3484 1650 sapientia.
3518 1582 3654 1635 idem
3685 1595 3804 1638 sunt

543 1676 711 1736 putat,
763 1668 904 1736 quod
959 1666 1074 1736 ipse
1120 1665 1341 1734 quidem
1392 1665 1618 1733 aequalis
1671 1667 1805 1733 Deo,
1856 1676 1912 1723 et
1961 1683 2125 1723 unum
2230 1680 2293 1718 ae
2315 1665 2565 1723 Christus
2598 1688 2611 1723 :
2645 1668 2897 1727 Christus
2925 1671 3064 1727 idem
3094 1686 3157 1727 ac
3184 1670 3369 1728 Pater.
3399 1671 3529 1739 Quae
3561 1677 3803 1741 quamvis

542 1774 663 1813 cum
704 1758 865 1815 Patre
901 1767 1021 1823 est;
1047 1778 1064 1810 ι
1103 1767 1156 1813 et
1190 1758 1293 1813 iste
1326 1772 1357 1812 θ
1402 1758 1502 1813 lib.
1542 1774 1641 1822 vu,
1687 1774 1839 1814 num.
1874 1760 1961 1827 15,
1998 1776 2121 1831 pag.
2233 1754 2511 1812 intellectu
2556 1760 2721 1814 multa
2773 1774 2897 1816 esse
2941 1762 3226 1828 dicantur;
3261 1778 3319 1818 re
3368 1772 3544 1817 tamen
3589 1775 3641 1819 et
3678 1766 3805 1819 sub.

541 1851 647 1907 612
679 1871 693 1907 :
724 1870 741 1903 ι
768 1851 826 1907 Si
853 1866 983 1922 ergo
1013 1850 1182 1906 Filius
1218 1852 1358 1906 Deus
1394 1866 1559 1921 super
1585 1851 1767 1906 omnia
1810 1852 2027 1920 dicitur,
2070 1864 2126 1909 et
2157 1834 2201 1891 Β
2228 1851 2427 1903 stantia
2456 1868 2619 1906 unum
2650 1862 2797 1918 sunt,
2830 1854 2881 1907 in
2910 1855 3106 1923 quibus
3135 1855 3411 1925 plenitudo
3434 1866 3516 1910 est
3555 1856 3804 1909 divinita-

540 1944 776 2015 Spiritus
801 1955 1021 1999 sanctus
1051 1944 1332 1999 continere
1377 1946 1560 2000 omnia
1595 1955 1948 2013 memoratur,
1983 1948 2100 2004 Deu:

2228 1940 2341 2001 tis:
2383 1960 2401 1992 ι
2443 1943 2525 1996 cui
2574 1952 2629 1997 et
2679 1944 2769 1999 bic
2814 1945 3049 1999 indidem
3105 1944 3477 2014 adjungendus
3524 1947 3802 2003 num.28:

540 2047 718 2091 autem
748 2033 911 2091 Pater
938 2048 1020 2091 est
1052 2051 1117 2091 ex
1146 2051 1255 2105 quo
1282 2037 1481 2101 omnia,
1514 2038 1796 2092 evidenter
1820 2041 2100 2095 ostenditu:

2228 2049 2247 2083 ι
2275 2029 2390 2085 Non
2422 2033 2567 2087 enim
2596 2034 2853 2098 dicimus,
2887 2034 3026 2091 sicut
3070 2037 3315 2091 haeretici
3348 2047 3559 2108 putant,
3597 2050 3802 2107 partem

540 2139 786 2182 naturam
818 2128 1102 2184 Trinitatis
1141 2138 1195 2183 et
1224 2130 1577 2184 substantiam
1613 2147 1773 2185 unam
1817 2146 1957 2198 esse,
2006 2148 2100 2201 qua

2223 2122 2460 2193 aliquam
2497 2126 2814 2181 substantia:
2852 2128 2944 2183 Dei
2992 2128 3048 2183 in
3081 2128 3274 2183 Filium
3321 2144 3557 2192 versam,
3605 2141 3701 2185 aut
3739 2147 3801 2186 ex

539 2230 619 2276 est
653 2237 814 2292 super
842 2221 1059 2287 omnia;
1094 2241 1112 2275 ι
1142 2231 1197 2276 et
1231 2222 1317 2275 hic
1351 2238 1571 2294 quoque
1612 2238 1642 2278 e
1676 2222 1771 2279 lib.
1816 2240 1934 2289 νιιι,
1968 2241 2119 2279 num,
2222 2215 2386 2270 nullis
2409 2216 2829 2274 subsistentibus
2858 2218 3054 2273 Filium
3087 2230 3427 2290 procreatum
3466 2237 3495 2273 a
3537 2220 3719 2286 Patre,
3753 2222 3801 2277 id

538 2314 591 2381 5,
626 2330 748 2383 pag.
779 2313 922 2369 ϐεδε
962 2332 980 2366 ι
1006 2314 1145 2368 Sunt
1178 2313 1343 2369 etiam
1372 2316 1611 2370 nonnulli
1659 2316 1747 2385 qui
1796 2317 2121 2372 annuntiaat
2220 2316 2324 2374 εει,
2372 2317 2528 2362 Θκιτδ
2571 2310 2933 2364 SUbSlanliam
2974 2325 3150 2379 suam,
3185 2321 3243 2365 ut
3283 2311 3443 2366 fuerit
3488 2311 3798 2380 aliquando,

537 2406 753 2477 quidem
785 2415 841 2460 et
870 2406 1162 2476 pradicant
1198 2407 1263 2461 de
1290 2406 1484 2471 Patre,
1519 2418 1575 2462 et
1607 2406 1778 2473 Filio,
1826 2418 1881 2462 ει
1911 2407 2117 2478 δρῙι-ίιιι
2220 2400 2441 2468 quando
2473 2417 2576 2454 non
2622 2400 2805 2455 fuerit.
2832 2420 2850 2452 ι
2900 2400 3042 2456 Nihil
3071 2410 3217 2457 esset
3262 2403 3328 2455 ad
3361 2400 3650 2457 Trinitatis
3691 2403 3801 2457 lau-

536 2508 745 2565 sancto,
783 2498 877 2553 sed
910 2514 1016 2552 non
1053 2499 1298 2561 sincere,
1337 2514 1443 2551 non
1474 2500 1715 2570 integre;
1763 2510 1821 2553 ut
1852 2509 1979 2555 sunt
2007 2482 2100 2556 ὄιιι·

2219 2490 2338 2544 dem
2375 2491 2593 2559 clarius,
2637 2492 2681 2546 si
2728 2507 2859 2560 non,
2914 2503 2974 2547 ut
3017 2493 3166 2561 dixi,
3205 2505 3457 2563 suspecta
3506 2509 3566 2548 ea
3605 2495 3807 2550 laceret

536 2605 633 2645 nes
685 2589 960 2655 haaretici,
1014 2591 1105 2660 qui
1145 2590 1361 2645 Patrem
1416 2590 1657 2659 quidem,
1710 2601 1765 2645 et,
1797 2592 2012 2659 Filium,
2064 2604 2119 2649 et
2217 2582 2359 2636 ﬂuxa
2398 2582 2579 2637 Ruﬁni
2631 2584 2943 2654 interpretis
2996 2584 3150 2641 ﬁdes.
3200 2584 3365 2641 Utilia
3417 2602 3635 2657 quoque
3687 2588 3795 2643 haec

538 2682 802 2749 Spiritum
846 2689 1092 2736 sanctum
1129 2684 1488 2746 annuutiant,
1529 2684 1622 2737 sed
1662 2699 1764 2737 non
1807 2686 1974 2750 bene,
2010 2701 2113 2740 non

536 2772 763 2827 fideliter
808 2773 1157 2827 annuntiant.
1203 2772 1310 2826 Aut
1360 2774 1504 2827 enim
1548 2774 1688 2829 male
1734 2786 1988 2845 separant
2024 2776 2115 2831 Fi-

536 2864 662 2918 lium
701 2881 729 2919 a
762 2863 957 2933 Patre,
993 2875 1051 2920 ut
1082 2865 1307 2920 alterius
1352 2874 1557 2920 natura:
1590 2865 1842 2932 Patrem,
1888 2867 2112 2924 alterius

536 2957 726 3012 Filium
763 2958 971 3023 dicant;
1003 2968 1099 3012 aut
1131 2958 1271 3013 male
1303 2958 1662 3023 confundunt,
1704 2971 1761 3014 ut
1798 2960 1881 3014 vel
1910 2976 1973 3015 ex
2016 2960 2111 3015 tri-

535 3052 636 3098 bus
669 3048 1029 3115 compositum
1064 3047 1266 3113 Deum,
1309 3048 1393 3102 vel
1424 3050 1578 3104 trime
1613 3053 1985 3106 tantummodo
2017 3069 2111 3120 ap-

534 3135 837 3203 pellationis
865 3137 919 3192 in
946 3154 1009 3194 eo
1044 3154 1165 3194 esse
1197 3139 1521 3195 vocabulum
1554 3150 1765 3210 putent.
1799 3142 1899 3209 Qui
1925 3154 2105 3198 autem

534 3228 668 3283 bene
696 3231 976 3285 annuntiat
1002 3232 1165 3297 bona,
1209 3234 1571 3303 proprietates
1602 3233 1815 3303 quidem
1849 3233 2016 3301 Patri,
2053 3246 2109 3289 et

534 3316 689 3384 Filio,
732 3328 787 3373 et
832 3318 1059 3388 Spiritui
1106 3330 1296 3375 sancto
1343 3337 1468 3377 suas
1504 3322 1701 3393 cuique
1746 3322 1930 3389 dabit;
1974 3324 2107 3378 nihil

532 3420 711 3463 autem
755 3410 1086 3466 diversitatis
1127 3427 1248 3468 esse
1286 3413 1637 3472 conﬁtebitur
1681 3415 1734 3468 in
1779 3425 1968 3469 natura
2020 3416 2107 3470 vel

532 3499 868 3567 substantia;
919 3519 938 3554 ι
985 3518 1191 3557 necnon
1242 3512 1295 3556 et
1344 3503 1432 3557 ille
1462 3518 1492 3558 e
1518 3503 1615 3560 lib.
1648 3520 1661 3557 ι
1700 3503 1841 3572 Περὶ
1872 3504 2098 3573 ἀρχῶν,

532 3608 644 3662 cap.
674 3593 773 3657 .2,
832 3609 979 3648 num.
1028 3594 1062 3647 5
1096 3612 1109 3648 :
1143 3614 1160 3646 ι
1210 3593 1476 3649 Secundae
1524 3609 1655 3649 vero
1717 3593 2108 3665 comparationi

532 3684 707 3755 imago
731 3684 850 3738 Filii
880 3685 995 3751 Dei,
1028 3686 1093 3740 de
1120 3702 1223 3757 qua
1262 3703 1406 3740 nunc
1434 3700 1614 3740 sermo
1651 3695 1755 3751 est,
1795 3687 2102 3756 comparari

531 3788 708 3847 potest
755 3778 919 3832 etiam
967 3779 1259 3832 secundum
1315 3778 1416 3833 hoc
1472 3780 1615 3849 quod
1670 3778 1958 3833 invisibilis
2009 3778 2102 3833 Dei

532 3871 712 3938 imago
758 3870 1046 3924 invisibilis
1096 3880 1217 3936 est,
1284 3872 1423 3925 sicut
1468 3871 1764 3928 secundum
1814 3871 2101 3926 historiam

531 3960 762 4016 dicimus
816 3962 1227 4015 similitudinem
1259 3964 1387 4016 Adae
1440 3964 1605 4019 ﬁlium
1656 3962 1772 4032 ejus
1822 3962 1975 4018 Seth.
2021 3963 2102 4018 Ita

531 4052 675 4107 enim
708 4055 970 4123 scriptum
1005 4066 1090 4111 est
1123 4075 1136 4111 :
1174 4056 1238 4109 Et
1267 4057 1441 4127 genuit
1465 4056 1634 4109 Adam
1659 4054 1782 4111 Sella
1813 4057 2099 4110 secundum

614 4171 657 4201 ¹¹
684 4170 817 4226 Gen.
853 4188 904 4228 v.
933 4172 987 4226 5.

532 4264 678 4320 addit
706 4267 974 4335 propriam
1019 4275 1073 4323 et
1114 4267 1521 4330 subsistentem,
1564 4281 1627 4319 ac
1658 4265 1770 4319 suis
1801 4264 2100 4334 proprieta-

534 4337 675 4390 tibus
721 4338 998 4391 deﬁnitam
1051 4345 1105 4393 et
1153 4336 1641 4402 circumscriptam.
1704 4335 1981 4403 Denique,
2040 4343 2099 4389 ut

531 4422 690 4474 supra
728 4406 1009 4463 haereticos
1057 4408 1356 4477 castigabat
1384 4406 1539 4477 quod
1569 4405 1843 4459 Christum
1881 4405 2099 4477 nomine

532 4473 690 4531 tenus
714 4476 907 4531 Filium
940 4473 1323 4543 dicerent,'bie
1354 4473 1547 4531 Filium
1583 4490 1711 4529 vere
1736 4489 1856 4529 esse
1880 4473 2095 4540 Filium,

530 4545 748 4599 Patrem
792 4563 920 4603 vere
950 4548 1163 4603 Patrem
1207 4547 1485 4601 contendit
1516 4563 1528 4599 :
1565 4548 1617 4599 in
1652 4560 1757 4614 quo
1787 4560 1892 4598 non
1924 4544 2095 4598 solum

531 4614 824 4689 Noctianos
869 4619 1081 4683 refellit,
1122 4619 1211 4689 qui
1250 4619 1366 4672 haec
1410 4617 1477 4670 ad
1531 4617 1721 4689 inanes
1754 4615 2101 4689 metaphoras

534 4685 879 4753 redigebant;
908 4692 1000 4743 sed
1032 4684 1191 4743 etiam
1220 4689 1473 4749 Arianos,
1502 4686 1593 4756 qui
1626 4686 1679 4739 in
1709 4686 1902 4756 interesi
1940 4684 2099 4751 plane

531 4759 804 4828 contraria
835 4760 1021 4813 eadem
1044 4772 1227 4828 postea
1254 4758 1440 4828 nugati
1456 4754 1599 4828 sunt.
1618 4786 1688 4828 έτ
1704 4754 1942 4810 Donmus
1969 4756 2101 4828 Pru-

530 4824 743 4881 dentius
770 4828 981 4896 hianna,
1009 4824 1082 4884 De
1108 4824 1381 4883 divinitate
1402 4826 1598 4882 Christi
1627 4825 1721 4881 lib.
1748 4841 1822 4891 tv,
1853 4839 1975 4893 cap.
2007 4826 2097 4893 15,

531 4911 677 4952 tium.
714 4899 747 4951 4
785 4910 839 4954 et
870 4900 923 4954 5.

612 4968 725 5041 (8|)
786 4968 986 5023 Filium
1047 4969 1135 5038 qui
1204 4967 1450 5041 splendor
1515 4966 1739 5041 glorise,
1807 4972 1856 5018 et
1922 4965 2097 5041 ﬁgura

530 5037 841 5094 substantia:
902 5037 1134 5107 paterna:
1184 5038 1517 5106 appellatur,
1583 5037 1637 5087 id
1687 5051 1797 5089 esse
1857 5039 2095 5107 censebat

532 5114 730 5180 ratione
748 5105 945 5175 Patris,
976 5110 1111 5180 quod
1135 5105 1422 5162 esl’radius
1448 5116 1677 5180 respectu
1701 5105 1985 5180 solis._Hoc
2005 5122 2098 5180 soi-

532 5176 599 5249 l_Is
626 5182 925 5249 solarisqne
956 5176 1087 5233 radii
1132 5180 1380 5246 exemplo
1416 5178 1547 5249 nihil
1598 5178 1929 5249 frequentius
1957 5178 2095 5243 apud

532 5246 1104 5319 Origenem'aliosquc
1145 5251 1330 5302 Patres
1376 5249 1447 5319 ad
1488 5246 1911 5319 signiﬁcandam
1940 5259 2098 5299 auer-

533 5334 665 5391 nam
685 5318 840 5373 Verbi
870 5316 1273 5391 generationem
1308 5335 1322 5372 :
1360 5318 1451 5391 sed
1492 5328 1756 5391 quatenus
1800 5316 1983 5391 radius
2016 5325 2097 5369 est

532 5390 705 5455 portio
728 5386 971 5458 quasdam
998 5401 1052 5445 et
1075 5390 1343 5444 ellluvium
1373 5387 1534 5442 solari
1593 5386 1933 5449 substantiae,
1969 5402 2098 5458 nus-

531 5473 692 5530 quam
729 5456 943 5530 censuit
980 5463 1243 5530 Origenes
1273 5458 1468 5512 Filium
1594 5471 1714 5530 esse
1749 5461 1955 5530 ratione
1988 5456 2095 5507 Pa—

533 5528 822 5608 ti.is,_quo_d
847 5541 928 5584 est
945 5526 1148 5608 radius
1167 5540 1415 5608 respectu
1443 5527 1591 5608 solis.
1615 5545 1633 5576 ι
1654 5526 2095 5608 Nuiiquidiiam,t

532 5597 703 5668 inquit
736 5600 833 5652 lib.
865 5614 881 5653 ι
934 5602 1074 5668 Περὶ
1118 5597 1349 5668 ἀρχῶν,
1380 5613 1499 5666 cap.
1527 5599 1578 5668 lg,
1633 5610 1786 5668 num.
1815 5597 1867 5668 ι,
1925 5614 1941 5645 ι
1970 5597 2095 5668 quia

532 5665 743 5739 (Filius)
792 5671 973 5723 lumen
1013 5665 1373 5733 nominatur,
1420 5665 1595 5722 simile
1645 5665 1920 5739 potabitur
1965 5667 2096 5739 solis

533 5735 688 5807 hujus
726 5735 954 5794 lumini?
1001 5742 1199 5794 Lumen
1235 5748 1316 5793 est
1352 5753 1571 5803 verum,
1594 5755 1611 5787 ι
1664 5737 1740 5789 ait
1774 5735 1867 5788 lib.
1905 5738 2093 5789 eodem

531 5827 648 5877 cap.
674 5809 740 5874 2,
783 5825 929 5863 ιιιιιιι.
960 5811 1024 5873 6,
1066 5826 1083 5859 ι
1107 5812 1247 5873 quod
1286 5808 1549 5863 illuminat
1590 5821 1789 5860 onmem
1828 5807 2092 5859 hominem

2217 2689 2336 2730 esse
2358 2676 2577 2748 Origeni
2605 2679 2879 2746 putaverit
2914 2678 3132 2749 aliquis,
3159 2695 3279 2749 quae
3306 2680 3557 2747 leguntur
3585 2691 3715 2735 tom.
3759 2697 3793 2736 ιι

2214 2768 2267 2820 in
2297 2767 2482 2833 Joan.,
2520 2785 2667 2821 num.
2700 2769 2731 2819 6
2759 2770 2856 2823 :Ei
2893 2768 2950 2823 δὲ
3000 2770 3141 2823 κατὰ
3178 2770 3271 2822 τὸν
3313 2770 3538 2824 Ἡσαΐαν
3573 2771 3737 2840 φησιν
3769 2773 3798 2825 ὁ

2212 2860 2417 2929 Κύριος
2445 2861 2600 2931 ἡμῶν
2649 2862 2753 2914 ὑπὸ
2800 2862 2894 2914 τοῦ
2939 2862 3151 2933 Πατρὸς
3193 2863 3527 2917 ἀπεστάλθαι
3574 2866 3667 2917 καὶ
3701 2862 3795 2918 τοῦ

2212 2951 2527 3021 Πνεύματος
2566 2952 2751 3017 αὑτοῦ,
2791 2953 2909 3006 ἐστὶ
2951 2955 3043 3007 καὶ¹
3080 2953 3313 3007 ἐνταῦθα
3355 2955 3484 3026 περὶ
3526 2955 3619 3007 τοῦ
3661 2956 3791 3009 ἁπο-

2213 3044 2517 3108 στείλαντος
2561 3045 2652 3098 τὸν
2702 3044 2936 3115 Χριστὸν
2974 3047 3114 3099 Πνῖύ
3124 3064 3291 3117 ματος
3306 3030 3570 3119 δάπολογή
3580 3048 3787 3115 σασθαι,

2210 3134 2306 3204 οὐχ
2339 3135 2413 3198 ὡς
2446 3134 2605 3203 φύσει
2650 3136 3019 3208 διαφέροντος,
3073 3137 3206 3190 ἀλλὰ.
3241 3138 3328 3191 διὰ
3367 3138 3465 3210 τὴν
3498 3141 3791 3213 γενομένης

2207 3229 2517 3299 οἰκονομίαν
2557 3230 2656 3300 τῆς
2694 3230 3160 3302 ὲνανθρωπήσεως
3200 3231 3293 3285 τοῦ
3324 3232 3455 3285 Υἰοῦ
3502 3233 3597 3286 τοῦ
3635 3234 3787 3301 Θεοῦ,

2209 3318 2602 3383 ὲλαττωῦἐντος
2631 3322 2759 3393 παρ’
2781 3322 2914 3375 αὐτὸ
2944 3322 3034 3375 τοῦ
3060 3323 3330 3394 Σωτῆρος.
3368 3326 3434 3377 At
3465 3340 3588 3379 cum
3620 3326 3786 3393 Spiri-

2210 3419 2323 3464 tum
2365 3423 2614 3465 sanctum
2668 3414 2744 3467 ait
2790 3430 2896 3468 nou
2945 3431 3064 3470 esse
3104 3416 3263 3486 φύσει
3300 3418 3645 3489 διαφέροντα,
3688 3421 3786 3474 mi-

2209 3501 2354 3556 nime
2397 3504 2670 3573 signiﬁcat
2709 3516 2902 3560 natura
2944 3524 3048 3561 non
3098 3509 3343 3579 differre,
3387 3512 3537 3581 quod
3585 3514 3785 3583 putavit

2209 3590 2515 3662 Perionius,
2544 3595 2638 3651 sed
2676 3610 2871 3653 natura
2903 3615 3006 3654 non
3032 3613 3307 3668 prwstare.

2286 3684 2345 3743 V.
2382 3686 2619 3743 Validior
2656 3689 2746 3745 ille
2789 3689 2939 3747 locus
2970 3706 3035 3746 ex
3080 3695 3268 3749 eodem
3311 3706 3457 3751 tomo
3492 3698 3549 3751 in
3584 3699 3782 3767 Joan.,

2209 3792 2358 3831 num.
2394 3778 2463 3842 2,
2499 3779 2589 3833 ubi
2640 3781 2900 3835 adversus
2935 3787 3195 3850 quosdam
3244 3787 3552 3851 invehitur,
3592 3792 3786 3860 ἀρνου-

2210 3869 2403 3941 μένους
2427 3871 2523 3942 τὴν
2554 3873 2781 3942 θεότητα
2820 3873 2913 3927 τοῦ
2945 3875 3095 3940 Υἱοῦ,
3128 3876 3373 3942 τιθέντας
3402 3880 3457 3932 δὲ
3499 3882 3666 3935 αὑτοῦ
3690 3884 3787 3954 τὴν

2211 3964 2467 4035 ἰδιότητα,
2496 3968 2590 4019 καὶ
2610 3968 2708 4038 τὴν
2738 3969 2924 4020 οὐσίαν
2948 3970 3088 4023 κατὰ
3117 3972 3460 4043 περιγραφὴν
3486 3976 3789 4044 τυγχάνου-

2208 4074 2305 4110 σαν
2338 4058 2529 4132 ἑτέραν
2574 4059 2669 4113 τοῦ
2711 4062 2943 4133 Πατρός.
2998 4062 3107 4133 (8t)
3146 4063 3338 4117 Filium
3386 4067 3479 4134 qui
3530 4069 3787 4135 splendor

2206 4267 2493 4320 uenientem
2521 4266 2574 4317 in
2608 4265 2746 4318 hunc
2774 4265 3032 4337 mundum
3062 4265 3247 4337 (Joun.
3279 4282 3331 4331 ι,
3367 4264 3421 4337 9)
3444 4306 3484 4337 ,_
3504 4266 3600 4319 sed
3647 4268 3783 4324 nihil

2208 4337 2374 4405 habet
2399 4350 2685 4389 commune
2719 4336 2784 4389 ad
2814 4336 2943 4391 solis
2980 4334 3136 4405 hujus
3164 4334 3411 4389 lumenJ
3447 4334 3780 4394 Germauam

2205 4404 2457 4476 Origenis
2488 4405 2589 4476 hac
2616 4407 2683 4459 de
2711 4420 2768 4459 re
2799 4404 3108 4475 opinionem
3140 4406 3351 4460 discere
3388 4407 3514 4476 licet
3541 4423 3609 4459 ex
3646 4416 3779 4463 tom.

2202 4472 2357 4529 xxin
2405 4477 2463 4528 in
2512 4472 2711 4541 10am,
2761 4472 2910 4531 num.
2971 4478 3060 4535 18.
3103 4476 3192 4529 ubi
3251 4476 3329 4531 ait
3383 4475 3616 4530 «Filium
3659 4492 3781 4532 esse

2206 4547 2551 4615 splendorem
2606 4547 2772 4600 totius
2819 4546 3003 4612 gloria:
3052 4546 3175 4610 Dei,
3227 4556 3283 4600 et
3340 4546 3511 4600 solum
3558 4561 3784 4602 omnem

2204 4617 2545 4687 splendorem
2566 4616 2747 4687 totius
2790 4617 2975 4687 gloriae
3016 4615 3108 4670 Dei
3150 4630 3348 4687 capere
3380 4631 3597 4686 posse.»
3644 4615 3778 4681 Quae

2200 4687 2367 4739 verba
2408 4686 2701 4740 manifeste
2744 4686 2985 4741 indicant
3027 4686 3160 4739 nihil
3210 4701 3332 4739 esse
3378 4690 3427 4738 in
3477 4689 3777 4754 exemplari

2200 4758 2343 4825 quod
2387 4770 2491 4809 non
2535 4756 2605 4810 sit
2650 4758 2703 4809 in
2747 4757 3017 4826 imagine,
3054 4759 3297 4823 adeoque
3322 4755 3516 4809 Filium
3553 4773 3581 4809 a
3613 4757 3774 4812 Patre

2200 4841 2307 4880 non
2349 4826 2515 4880 dividi
2549 4836 2640 4879 aut
2671 4829 2911 4897 separari
2945 4836 3003 4881 ut
3037 4838 3243 4897 partem
3276 4844 3303 4880 a
3338 4837 3450 4880 toto
3474 4826 3620 4897 ,sed
3651 4841 3771 4881 esse

2200 4897 2361 4951 unius
2405 4910 2629 4949 numero
2676 4907 2731 4949 et
2777 4896 3016 4963 ejusdem
3067 4913 3132 4951 ac
3175 4896 3389 4950 Patrem
3429 4896 3766 4950 substantiae.

2200 4964 2335 5020 Vide
2362 4966 2499 5019 infra
2539 4976 2655 5019 not.
2688 4968 2743 5020 in
2781 4984 2928 5021 num.
2956 4967 3056 5030 2t;
3107 4967 3228 5021 vide
3254 4978 3309 5019 et
3337 4965 3549 5020 Bullum
3579 4968 3631 5019 in
3669 4965 3768 5019 De-

2200 5038 2333 5103 [ειη.
2364 5036 2489 5104 ﬁdei
2513 5034 2769 5102 Nictenaz,
2818 5038 2883 5091 de
2914 5038 3036 5092 Filii
3057 5036 3500 5092 subordinatione
3522 5078 3536 5100 ,
3563 5052 3679 5104 cap.
3711 5037 3764 5100 4,

2202 5122 2352 5160 num.
2383 5105 2527 5170 9,10
2557 5116 2612 5161 et
2638 5122 2817 5176 seqq..
2846 5107 2935 5161 ubi
2963 5110 3243 5163 evidenter
3271 5107 3505 5162 ostendit
3532 5108 3765 5159 numeri-

2200 5192 2316 5230 cam
2369 5178 2626 5230 unitatem
2674 5178 2987 5232 substantia:
3031 5178 3209 5233 Patris
3262 5188 3316 5231 et
3360 5176 3479 5229 Filii
3540 5187 3763 5229 eatenus

2200 5247 2485 5315 agnovisse
2512 5246 2832 5317 Origenem,
2880 5258 3145 5316 quatenus
3194 5248 3364 5316 ipsam
3406 5246 3627 5317 Patrum
3664 5262 3760 5317 an-

2200 5318 2495 5385 tiquiorum
2562 5316 2883 5386 quisquam,
2950 5322 3192 5387 adeoque
3266 5319 3379 5385 ipse
3432 5316 3763 5387 Athanasius

2198 5388 2457 5455 agnovit:
2491 5388 2591 5441 hoc
2632 5385 2745 5450 est,
2789 5391 3086 5444 credidisse
3104 5385 3404 5457 Drigeuem
3451 5385 3762 5457 Patreuret

2198 5457 2393 5511 Filium
2422 5469 2476 5509 et
2502 5457 2761 5527 Spiritum
2789 5469 3036 5513 sanctum
3059 5500 3075 5525 ,
3117 5456 3237 5513 cuni
3281 5473 3469 5511 revera
3504 5466 3615 5511 tres
3653 5456 3759 5508 sint

2197 5542 2462 5596 personae,
2500 5542 2834 5596 nequaquam
2866 5539 3047 5583 tamen
3075 5541 3133 5582 ut
3168 5543 3277 5582 tres
3320 5529 3565 5581 homines
3608 5540 3760 5579 seor-

2197 5613 2318 5651 sum
2356 5608 2419 5673 ct_
2440 5598 2732 5666 separatim
2771 5601 3077 5673 exsistere;
3112 5599 3207 5654 sed
3247 5600 3436 5673 intime
3476 5597 3577 5673 sibi
3622 5597 3755 5647 invi-
3792 5656 3802 5673 ,

2197 5682 2312 5722 cem
2342 5670 2615 5721 cohaerere
2651 5680 2705 5722 et
2728 5672 3047 5738 coniunctos
3073 5685 3223 5735 esse;
3254 5670 3496 5735 adeoque
3521 5668 3751 5720 alterum

2198 5738 2250 5790 iu
2287 5739 2455 5791 altero
2488 5741 2786 5805 exsistere,
2830 5749 3023 5808 atque,
3070 5750 3127 5791 ut
3152 5741 3222 5793 ita
3253 5739 3463 5806 loquar,
3498 5738 3754 5789 immeare

2200 5809 2428 5862 invicem
2451 5818 2503 5862 et
2535 5818 2815 5876 penetrare
2845 5825 2940 5875 per
2972 5808 3297 5864 im-tl‘abilem
3332 5810 3617 5876 quamdam
3661 5818 3753 5857 ze-
