4020 6306
279 343 379 396 741

1126 340 1691 400 ORIGENIANORUM
1728 341 1855 396 LIB.
1896 339 1962 407 ll,
2002 340 2152 397 CAP.
2190 340 2257 411 ll,
2294 340 2568 408 QUIEST.
2612 341 2675 398 ll.

3422 346 3528 402 7-52

278 454 397 512 εἶτα
421 458 548 512 Θεοὶ
567 458 752 531 διχῶς,
779 428 962 515 ὧντοῦ
984 462 1287 533 κρείττονος
1304 462 1581 532 τάγματος
1598 459 1853 532 ὑπερέχει
1880 466 1928 524 Α
1954 461 1982 512 6
2011 457 2144 522 Θεὸς
2171 458 2362 526 Λόγος,
2391 459 2789 531 ὑπερεχόμενος
2820 463 2923 514 ὑπο
2956 463 3046 515 τοῦ
3074 462 3181 515 τῶν
3210 462 3343 519 ὅλων
3365 464 3524 520 Θεοῦ.

276 660 480 732 cipium
519 662 609 725 sit,
658 663 843 732 eisque
878 661 1053 717 omnia
1086 661 1388 721 tradiderit,
1435 663 1591 732 cujus
1622 669 1846 715 senten-

276 730 367 784 tize
409 741 577 786 testes
623 730 1167 795 citat—Athanasium,
1220 730 1507 794 Hilarium,
1562 730 1842 793 Basiliam,

276 799 599 867 Gregorium
630 813 936 870 utrumque,
969 813 1025 857 et
1060 803 1195 857 alios
1228 802 1406 871 magni
1440 802 1675 855 nominis
1702 800 1844 871 _scri-

274 882 487 939 ptores,
517 873 607 940 qui
650 868 841 926 eodeni
880 882 1199 943 argumento
1230 868 1394 928 unum
1424 871 1593 927 Deum
1626 888 1656 925 a
1688 868 1846 926 Chri-

271 943 468 997 stianis
495 943 597 996 coli
627 943 1014 997 demonstrant.

343 1012 403 1065 2°
430 1013 739 1067 Adhibitam
774 1015 840 1066 ab
870 1014 1101 1080 Origene
1150 1012 1553 1067 distinctionem
1588 1011 1677 1066 Dei
1726 1024 1844 1065 cum

268 1083 503 1135 articulo
541 1092 595 1136 et
636 1082 728 1137 Dei
772 1085 883 1137 sine
923 1084 1150 1137 articulo
1184 1083 1426 1137 inutilem
1459 1098 1685 1152 prorsus
1722 1096 1844 1135 esse

268 1169 382 1207 non
437 1152 677 1218 inlicior;
733 1168 906 1219 neque
939 1156 1103 1206 etiam
1138 1155 1291 1207 valde
1329 1152 1668 1221 probaverim
1700 1152 1843 1221 quod

270 1223 391 1293 haec
438 1224 599 1276 verba
627 1241 641 1277 :
667 1217 789 1276 Ἵνα
822 1217 1129 1292 γινώσκωσί
1181 1240 1239 1276 σε
1271 1217 1364 1275 τὸν
1400 1217 1557 1293 μόνον
1597 1217 1845 1293 ἀληθινὸν

266 1291 439 1355 Θεὸν,
478 1309 497 1342 ‹
536 1303 592 1347 ut
636 1291 935 1362 agnoscant
975 1303 1027 1348 te
1062 1293 1232 1347 solum
1265 1291 1451 1347 verum
1497 1291 1695 1355 Deum,
1723 1312 1740 1344 ι
1777 1292 1843 1346 ad

242 1355 449 1416 'solum
483 1355 698 1417 Patrem
736 1363 924 1426 refert,
959 1379 1081 1418 cum
1113 1363 1308 1417 Filium
1356 1378 1461 1416 non
1492 1363 1787 1416 excludant
1824 1378 1837 1415 :

267 1435 368 1485 sed
402 1448 613 1501 :equnm
659 1444 741 1487 est
787 1434 1083 1503 inquirere,
1136 1444 1313 1488 utrum
1366 1433 1626 1502 Origenes
1644 1433 1718 1503 ad
1749 1434 1844 1486 has

268 1503 500 1557 subtiles
554 1503 930 1558 distinctiones
973 1505 1236 1558 adductus
1283 1503 1376 1567 sit,
1427 1505 1551 1571 quia
1605 1502 1841 1571 divinam

267 1581 521 1644 naturam
546 1575 643 1629 soli
681 1574 825 1628 Patri
855 1576 1052 1637 inesse,
1094 1590 1160 1628 an
1186 1573 1312 1644 quia
1338 1574 1509 1627 solum
1541 1570 1754 1644 Patrem
1776 1570 1844 1628 ab

269 1643 386 1696 alio
434 1644 771 1699 divinitatem
825 1659 931 1697 non
976 1640 1250 1713 accepisse
1298 1645 1574 1699 credebat.
1626 1640 1759 1696 Rem
1788 1644 1841 1713 in

268 1714 533 1783 ambiguo
570 1730 675 1768 non
724 1714 1000 1783 relinquit,
1037 1710 1302 1783 siquidem
1348 1714 1623 1782 conceptis
1664 1710 1842 1768 verbis

269 1781 520 1837 declarat
561 1785 725 1838 Deum
763 1781 1131 1837 cnm'ariiculo
1178 1785 1311 1838 nihil
1358 1781 1653 1837 aliud’esse
1679 1798 1840 1851 quam

268 1854 550 1925 αὑτόθεον,
584 1874 615 1908 a
645 1872 697 1907 se
730 1855 896 1908 Deum
934 1869 947 1906 :
985 1853 1236 1917 αὐτόθεος
1262 1856 1289 1907 6
1318 1854 1448 1917 Θεός
1479 1854 1615 1925 ἐστι,
1654 1853 1842 1925 διόπερ

1946 653 2199 723 quoniam
2234 652 2531 709 verisimile
2576 664 2660 707 est
2692 654 2808 709 fore
2851 664 2911 709 ut
2952 657 3105 711 multi
3153 657 3520 724 oli'endautur,

1944 724 2085 797 quod
2111 738 2277 797 unum
2306 737 2492 797 verum
2532 724 2700 797 Deum
2742 724 2984 797 Patrem,
3030 738 3086 781 et
3109 739 3307 797 praeter
3333 744 3521 797 verum

1946 793 2115 845 Deum
2146 793 2343 847 multos
2378 792 2467 847 Dei
2502 796 2921 863 participatione
2952 792 3127 851 iactos
3168 800 3298 854 deos
3328 796 3525 854 dixeri-

1943 879 2083 927 mus,
2110 878 2173 917 ac
2197 873 2485 934 vereantur
2513 879 2579 918 ne
2614 864 2757 918 illius
2788 866 2977 932 gloria,
3003 869 3092 934 qui
3122 883 3334 923 onmem
3367 885 3522 923 crea-

1943 940 2118 1004 turam
2149 932 2430 1001 pneceliit,
2457 934 2678 1004 reliquis
2704 934 2797 989 Dei
2822 932 3235 1004 appellationem
3267 939 3520 994 obtinen-

1945 1003 2089 1079 tibus
2117 1004 2430 1079 adaequetur
2450 1020 2485 1079 ;__
2522 1003 2719 1079 praeter
2750 1003 2968 1079 allatam
2998 1006 3383 1079 dilierentiam,
3411 1026 3518 1079 qna

1943 1071 2111 1126 Deum
2165 1071 2398 1127 Verbum
2435 1071 2670 1129 diximus
2722 1076 2948 1144 reliquis
2990 1078 3243 1132 omnibus
3290 1071 3393 1133 diis
3423 1071 3519 1131 ini-

1944 1144 2173 1216 nistrum
2210 1158 2332 1197 esse
2383 1145 2617 1216 deitatis,
2659 1145 2771 1198 haec
2817 1162 3034 1216 quoque
3081 1151 3412 1216 apponeuda.
3445 1150 3519 1204 Ea

1941 1213 2084 1266 enim
2116 1216 2429 1285 ratio,iquaa
2459 1214 2512 1268 in
2544 1216 2768 1285 singulis
2801 1213 3016 1271 ratione
3049 1213 3324 1273 utentibus
3357 1220 3517 1283 inest,

1941 1285 2186 1337 eamdem
2213 1284 2373 1338 habet
2410 1286 2871 1353 comparationem
2924 1287 2989 1339 ad
3037 1287 3180 1341 illam
3233 1289 3518 1354 rationein,

1942 1367 2061 1421 qua:
2089 1354 2142 1429 in_
2175 1354 2438 1429 principio
2461 1356 2601 1429 apud
2632 1354 2799 1429 Deum
2828 1366 2932 1429 est,
2965 1365 3019 1411 et
3055 1358 3194 1412 Deus
3225 1370 3305 1413 est
3324 1358 3516 1429 Λόγος,

1942 1438 2102 1495 quam
2131 1425 2455 1495 habetDeus
2478 1424 2707 1479 Verbum
2734 1427 2800 1479 ad
2826 1426 3015 1479 Deum.
3046 1424 3518 1495 Quemadmodum

1940 1494 2085 1547 enim
2133 1509 2191 1549 se
2224 1493 2387 1549 habet
2433 1510 2461 1548 a
2497 1510 2556 1549 se
2603 1495 2743 1550 Deus
2777 1506 2829 1550 et
2883 1497 3021 1552 Deus
3052 1493 3211 1552 verus
3260 1498 3420 1553 Pater
3449 1502 3516 1554 ad

1943 1563 2228 1636 imaginem
2257 1575 2311 1636 et
2357 1566 2618 1636 imagines
2668 1567 2939 1636 imaginis,
2990 1582 3149 1636 quam
3189 1568 3259 1623 ob
3297 1584 3516 1623 causam

1943 1633 2111 1688 etiam
2143 1634 2388 1689 homines
2416 1633 2670 1690 dicuntur
2707 1633 2808 1690 non
2841 1633 3125 1703 imagines,
3165 1640 3259 1692 sed
3285 1642 3350 1693 ad
3381 1639 3515 1692 ima-

1940 1718 2142 1773 ginem,
2179 1704 2257 1758 sic
2286 1705 2430 1778 hunc
2467 1706 2522 1778 in
2556 1706 2772 1778 modum
2804 1720 2861 1778 se
2886 1708 3047 1761 habet
3077 1708 3192 1778 ipse
3226 1709 3419 1778 Λόγος,
3449 1711 3516 1764 ad

1941 1789 2082 1847 eam,
2117 1789 2235 1847 qua),
2260 1786 2344 1828 est
2379 1775 2704 1847 in‘singulis,
2748 1776 3029 1833 rationein.
3082 1775 3325 1847 Utraque
3366 1780 3511 1833 enim

1942 1843 2121 1918 locum
2145 1845 2393 1918 _obti_ne_nt
2420 1843 2583 1899 fontis
2610 1856 2666 1900 et
2695 1847 2938 1918 originis,
2975 1848 3131 1901 Pater
3170 1843 3384 1918 quidem
3429 1851 3513 1903 di-

266 1924 369 1977 καὶ
400 1926 429 1978 6
456 1914 644 1996 Σωτήρ
671 1942 832 1996 φησιν
857 1925 913 1977 ἐν
941 1927 1005 1996 τῇ
1041 1925 1175 1996 πρὸς
1202 1914 1292 1977 τὸν
1313 1914 1528 1995 Πατέρα
1560 1924 1713 1995 εὐχῇ,
1736 1914 1841 1978 etc.

1947 1914 2209 1996 vipitatis,
2244 1914 2413 1996 Filius
2436 1930 2565 1996 vero
2608 1914 3358 1996 rationis._‘Quemadm'odum
3385 1935 3513 1996 ergo

274 2010 296 2044 ι
335 1996 440 2049 Per
478 2011 536 2049 se
566 1995 727 2059 Dens,
765 1995 909 2050 Deus
947 1995 1033 2048 ille
1080 1995 1160 2049 est
1187 2010 1308 2048 cum
1338 1996 1586 2057 articulo,
1629 2004 1845 2064 propter

268 2065 415 2132 quod
444 2077 498 2119 et
533 2064 780 2120 Salvator
807 2066 860 2119 in
886 2066 1197 2133 precatione
1221 2067 1286 2118 ad
1315 2065 1524 2119 Patrem
1549 2065 1647 2129 ait,
1686 2084 1704 2117 ι
1734 2076 1842 2120 etc.

268 2137 561 2203 Comparat
586 2138 748 2205 igitur
788 2134 1041 2189 αὑτόθεον
1067 2151 1189 2189 cum
1237 2136 1345 2189 Deo
1374 2150 1439 2189 ex
1475 2135 1604 2198 Deo,
1646 2137 1844 2205 verita-

272 2215 387 2259 tem
416 2217 471 2260 et
500 2204 776 2276 exemplar
817 2221 938 2260 cum
990 2207 1239 2276 imagine,
1281 2220 1380 2260 nec
1410 2207 1475 2259 de
1493 2206 1696 2276 divina
1722 2204 1843 2276 Eilii

271 2287 469 2329 natura
494 2275 747 2330 detrahit.
778 2277 867 2330 Ait
895 2278 1041 2331 enim
1089 2275 1262 2342 illum,
1295 2290 1417 2331 cum
1460 2275 1531 2329 sit
1560 2275 1701 2343 apud
1742 2275 1845 2329 Pa-

270 2356 435 2411 trem,
482 2347 696 2402 trahere
736 2348 801 2399 ad
847 2361 908 2401 se
952 2345 1328 2408 divinitatem,
1380 2348 1519 2414 apud
1571 2346 1735 2399 Deum
1787 2348 1839 2401 in

265 2416 721 2485 principioesse,
753 2435 774 2468 1
811 2432 876 2471 eo
929 2417 1071 2484 quod
1122 2419 1193 2470 sit
1221 2414 1360 2485 apud
1412 2417 1578 2469 Deum
1624 2431 1842 2482 semper

266 2500 500 2539 manens
550 2484 711 2541 Deus.
752 2505 774 2539 ι
812 2486 1010 2542 Deinde
1044 2501 1173 2540 vero
1220 2484 1325 2540 lien
1372 2485 1477 2539 alio
1530 2485 1755 2539 consilio
1785 2486 1839 2541 in

265 2555 367 2608 has
420 2557 584 2611 tricas
637 2572 757 2612 sese
807 2557 1044 2626 implicat
1082 2557 1372 2625 Origenes,
1426 2556 1526 2626 nisi
1560 2565 1619 2608 ut
1658 2554 1839 2623 plures

264 2638 531 2692 personas
554 2627 765 2681 divinas
788 2625 909 2680 cum
936 2628 1253 2681 monarchia
1278 2625 1556 2689 conciliet;
1588 2641 1686 2680 nec
1707 2626 1841 2681 facit

265 2710 392 2748 cum
430 2697 648 2753 Arianis
676 2712 797 2751 cum
830 2696 1047 2752 Patrem
1079 2698 1251 2751 solum
1285 2710 1470 2751 verum
1513 2694 1683 2751 Deum
1719 2710 1840 2752 esse

265 2767 537 2830 concedit,
584 2769 708 2836 quia
748 2769 895 2822 solus
947 2778 1031 2822 est
1066 2766 1210 2822 Dens
1235 2782 1264 2820 a
1294 2780 1374 2829 se,
1426 2768 1518 2821 sed
1556 2766 1635 2819 eis
1659 2768 1839 2836 maxi-

264 2851 415 2910 mum
460 2835 769 2910 praesidium
808 2838 1048 2910 praeripit
1085 2839 1230 2909 quod
1280 2836 1382 2891 sibi
1419 2837 1471 2890 in
1521 2836 1608 2891 his
1637 2835 1837 2893 Christi

265 2908 449 2961 verbis
477 2908 884 2963 constituerant.

336 2977 396 3029 5ο
426 2977 620 3033 Filium
653 2979 795 3033 inter
822 2980 952 3033 deos
986 2977 1160 3034 iactos
1190 2992 1529 3047 nequaquam
1565 2986 1833 3034 recenset.

263 3046 471 3103 Statuit
500 3050 587 3104 ille
620 3050 831 3119 quidem
878 3049 1135 3119 quidquid
1186 3046 1326 3103 Deus
1372 3048 1587 3111 dicitur,
1642 3059 1836 3117 praeter

261 3132 391 3189 {tum
419 3121 509 3188 qui
545 3129 627 3176 est
659 3136 688 3173 a
727 3134 786 3174 se
822 3119 985 3184 Deus,
1024 3122 1074 3175 id
1102 3119 1514 3189 participatione
1540 3119 1835 3172 divinitatis

263 3187 446 3243 Patris
475 3191 545 3242 ita
576 3189 866 3259 appellari;
896 3191 988 3244 sed
1020 3187 1151 3243 deos
1199 3190 1318 3244 illos
1350 3189 1522 3243 factos
1554 3190 1676 3242 latis
1713 3191 1833 3242 tini-

1945 1984 2021 2038 dii
2048 1984 2220 2049 multi,
2257 1985 2351 2039 sed
2378 1985 2533 2040 nobis
2571 1999 2710 2040 unus
2751 1998 2833 2040 est
2865 1986 3003 2041 Deus
3028 1987 3223 2053 Pater,
3272 1999 3327 2043 et
3358 1984 3511 2043 inuiti

1944 2054 2147 2109 domini
2195 2064 2354 2119 sunt,
2396 2056 2492 2109 sed
2537 2056 2691 2109 nobis
2739 2071 2876 2111 unus
2932 2058 3187 2112 Dominus
3229 2070 3312 2113 est
3353 2059 3512 2114 Jesus

1944 2123 2229 2195 _Chrisws;
2259 2124 2339 2178 sic
2381 2124 2535 2178 multi
2570 2126 2731 2179 etiam
2766 2134 2890 2180 sunt
2918 2126 3086 2195 λόγοι,
3138 2129 3231 2183 sed
3265 2130 3420 2185 nobis
3448 2129 3513 2183 il-

1944 2193 2055 2269 lum
2090 2195 2261 2262 Λόγον
2293 2209 2577 2269 precamur
2609 2196 2808 2269 inesse,
2857 2197 2949 2265 qui
2981 2193 3080 2269 est
3129 2198 3181 2252 in
3219 2200 3507 2269 principio,

1945 2265 2146 2335 quiest
2169 2265 2307 2332 apud
2338 2264 2526 2335 Deum,
2550 2265 2646 2335 qui
2681 2276 2763 2320 est
2792 2264 2931 2319 Deus
2962 2268 3156 2335 Λόγος.
3203 2287 3221 2319 ι

2014 2332 2238 2405 Multum
2266 2334 2407 2388 valet
2441 2338 2506 2387 ad
2533 2334 2781 2405 Origenis
2811 2332 3180 2393 defensionem
3214 2344 3387 2393 metus
3422 2338 3512 2394 ille

1942 2419 2015 2473 ne
2048 2402 2222 2473 Verbo
2255 2418 2341 2457 res
2382 2413 2595 2458 creatas
2626 2402 2911 2473 adaequare
2946 2408 3242 2473 videretur,
3276 2419 3326 2461 et
3352 2408 3510 2461 adhi-

1942 2472 2052 2527 bita
2087 2472 2150 2525 ad
2180 2474 2322 2526 hanc
2353 2474 2715 2543 suspicionem
2762 2472 3112 2531 refellendam
3152 2477 3369 2533 uberior
3395 2492 3513 2531 sen-

1943 2544 2126 2617 tentiae
2152 2543 2458 2617 explicatio.
2488 2544 2738 2617 Declarat
2767 2548 2911 2617 enim
2939 2562 2997 2601 se
3029 2564 3132 2602 nec
3163 2563 3226 2602 ea
3261 2562 3381 2617 quae
3423 2547 3513 2601 Fi-

1942 2612 2044 2686 l_iu_s
2082 2628 2113 2665 a
2168 2612 2329 2665 Patre
2376 2614 2603 2683 accepit,
2655 2630 2777 2669 cum
2824 2616 2911 2680 iis,
2949 2632 3069 2686 quae
3120 2633 3204 2673 res
3254 2612 3452 2671 creata:
3480 2635 3507 2671 a

1938 2680 2076 2756 Filio
2109 2690 2451 2756 acceperunt,
2482 2680 2900 2756 necaccipiendi
2924 2680 3141 2741 modum
3169 2701 3506 2756 comparare,

1941 2755 2035 2807 sed
2079 2754 2256 2823 potius
2283 2751 2486 2825 _Filium
2524 2755 2670 2808 Patri
2711 2751 2973 2825 {equalein
3017 2751 3336 2825 praedicare,
3384 2751 3508 2825 quia

1939 2833 2238 2895 utrumque
2274 2823 2475 2877 fontem
2523 2839 2645 2879 esse
2678 2823 2955 2880 asseverat
2986 2823 3093 2880 :ex
3126 2842 3233 2895 quo
3264 2823 3512 2894 sequitur

1937 2896 2183 2947 eamdem
2215 2894 2280 2965 in
2339 2904 2569 2965 utroque
2617 2906 2891 2962 naturam,
2941 2912 3005 2951 ac
3046 2894 3235 2951 eadem
3285 2912 3509 2965 prorsus

1937 2977 2059 3017 esse
2101 2964 2395 3035 attributa.
2421 2964 2607 3035 Itaque
2655 2965 2783 3021 dum
2824 2982 2911 3021 res
2946 2977 3157 3021 creatas
3188 2966 3241 3020 in
3269 2964 3335 3021 eo
3363 2982 3510 3020 com-

1935 3048 2130 3102 parare
2154 3048 2274 3087 cum
2319 3033 2456 3089 Filio
2481 3033 2715 3103 videtur,
2746 3038 2887 3103 quod
2930 3035 3098 3090 Filius
3125 3037 3305 3090 omnia
3345 3051 3375 3089 a
3406 3037 3510 3090 Pa-

1941 3113 2045 3176 tre,
2090 3118 2177 3158 res
2219 3114 2416 3176 creatae
2468 3106 2647 3176 omnia
2699 3124 2728 3160 a
2774 3106 2912 3161 Filio
2951 3108 3281 3176 acceperint,
3331 3106 3506 3175 ipsum

1937 3174 2115 3241 potius
2153 3187 2275 3228 cum
2319 3173 2456 3229 Filio
2485 3175 2717 3242 Patrem,
2761 3179 2805 3231 si
2842 3179 2941 3232 rite
2969 3173 3318 3244 attendimus,
3355 3173 3508 3233 coni-

263 3261 368 3314 bus
414 3276 444 3313 a
488 3252 951 3316 Filio-discernit.
1001 3261 1078 3314 Dii
1123 3261 1216 3324 illi,
1261 3270 1319 3312 ut
1363 3275 1468 3313 non
1512 3260 1681 3312 multo
1709 3252 1907 3317 anteC
1935 3254 2107 3312 Paral-

260 3330 519 3398 exposuit
545 3343 672 3384 tom.
700 3347 744 3395 γι,
779 3346 927 3386 num.
962 3331 1051 3392 ‘54,
1084 3342 1208 3385 sunt
1243 3340 1454 3384 certum
1502 3330 1713 3396 aliquod
1739 3345 1832 3397 ge-

261 3415 369 3470 nus
412 3403 727 3469 angelorum
781 3403 993 3456 thronis
1036 3409 1091 3454 et
1137 3401 1525 3470 principatibus
1566 3402 1832 3465 superius.

263 3469 377 3524 llos
417 3472 547 3525 deos
584 3471 766 3526 vocari
815 3472 1017 3541 colligit
1062 3469 1144 3525 ex'
1169 3472 1252 3525 his
1282 3472 1575 3541 Scriptum
1606 3470 1831 3541 verbis:

264 3541 406 3594 Deus
437 3542 653 3595 deorum
711 3542 916 3596 locutus
952 3539 1027 3596 est
1061 3542 1234 3611 (l’sal.
1267 3555 1412 3602 χιιι,
1434 3542 1506 3607 1).
1534 3539 1836 3606 Con/itemi-

262 3614 318 3665 rii
350 3611 462 3665 Deo
491 3615 704 3682 deorum
735 3612 907 3682 (Psal.
936 3627 1131 3673 cxxxv,
1159 3613 1236 3682 2).
1283 3611 1336 3663 In
1369 3611 1470 3664 hoc
1497 3619 1704 3682 tantum
1736 3612 1834 3663 hos

263 3684 397 3735 deos
457 3698 579 3736 cum
622 3679 757 3735 Filio
804 3694 1104 3751 comparat,
1150 3679 1291 3751 quod
1337 3680 1507 3733 neutri
1556 3679 1665 3732 sint
1710 3694 1736 3751 a
1776 3694 1837 3733 se

266 3751 429 3815 Deus,
462 3757 603 3819 quod
646 3752 814 3806 Filius
859 3749 940 3806 siti
972 3749 1387 3820 imago—Patris,
1439 3750 1525 3803 isti
1574 3749 1835 3817 imagines

262 3821 407 3876 Filii.
457 3828 730 3889 Quantum
761 3836 938 3876 autem
973 3824 1116 3876 inter
1151 3834 1408 3891 utrosque
1452 3820 1665 3891 intersit
1699 3821 1834 3873 inul-

265 3893 333 3946 tis
382 3896 544 3948 rebus
586 3894 874 3947 deciarat:
924 3909 1046 3945 nam
1098 3892 1264 3947 Filius
1305 3889 1445 3959 apud
1490 3889 1703 3944 Patrem
1752 3898 1835 3944 est.

262 3979 476 4033 semper
520 3965 685 4027 Deus,
718 3962 787 4016 ab
827 3962 943 4032 ipso
986 3964 1206 4018 trahens
1252 3962 1630 4015 divinitatem:
1661 3968 1717 4013 at
1746 3960 1833 4014 isti

264 4049 361 4088 nec
406 4036 547 4102 apud
600 4034 835 4095 Patrem,
888 4048 987 4086 nec
1020 4035 1157 4099 apud
1198 4033 1389 4086 Filium
1437 4039 1570 4102 sunt
1620 4044 1835 4098 semper

264 4106 359 4166 dii,
393 4101 493 4159 nec
523 4120 552 4158 a
582 4102 717 4157 Filio
757 4105 1089 4157 divinitatem
1146 4106 1385 4157 trahunt.
1434 4101 1600 4155 Filius
1643 4116 1671 4153 a
1722 4103 1834 4155 Deo

264 4175 448 4229 haurit
486 4176 627 4229 unde
653 4174 772 4228 illos
800 4183 933 4228 deos
962 4172 1187 4238 eiliciat;
1229 4174 1394 4242 idque
1426 4186 1524 4241 pro
1553 4186 1646 4227 sua
1675 4171 1832 4225 boni-

264 4254 373 4299 tate
403 4259 419 4298 :
450 4255 509 4300 at
542 4245 615 4298 illi
641 4259 671 4296 a
700 4242 836 4299 Filio
866 4259 972 4298 non
1002 4245 1271 4297 hauriunt.

330 4317 471 4371 idem
513 4315 800 4369 discrimen
829 4315 1223 4367 observandum
1257 4315 1308 4367 in
1330 4314 1414 4367 his
1442 4326 1561 4382 quze
1589 4326 1828 4379 sequun-

260 4394 369 4449 tur,
411 4403 558 4439 num.
578 4386 612 4439 5
642 4385 811 4438 ε’Λλλ’
839 4386 963 4437 ἐπεὶ
999 4382 1144 4446 εἰκός
1176 4384 1508 4455 προσκόψειν
1530 4382 1696 4455 goat;
1722 4382 1833 4455 τοῖς

259 4459 590 4529 εἰρημένοις,
626 4456 769 4529 Δἑνὸς
825 4456 943 4529 μὲνΔ
971 4452 1254 4529 ἀληθινοῦί
1272 4452 1436 4529 Θεοῦ-
1464 4452 1555 4529 τοᾷ
1599 4452 1833 4529 ’Ματρὸς

257 4523 752 4597 ἀπάγγελλομένου,
812 4523 959 4598 παρὰ
1004 4523 1071 4598 δὲ’
1101 4526 1191 4598 τὸν
1234 4525 1481 4598 ἀληθινὸν
1523 4524 1664 4598 Θεὸν.
1695 4523 1831 4598 θεῴν

2008 3333 2101 3387 llis
2142 3333 2466 3389 testimoniis
2505 3352 2613 3390 non
2655 3335 2920 3393 absiinilia
2964 3348 3094 3392 sunt
3137 3338 3243 3393 duo
3293 3340 3395 3395 alia
3437 3342 3507 3398 ab

1939 3402 2269 3481 Hieronymo
2303 3414 2357 3458 et
2379 3404 2683 3481 Justiuiano
2709 3408 2942 3481 objecta,
2970 3424 3199 3476 quorum
3247 3410 3297 3465 in
3332 3415 3507 3481 primo

1939 3473 2359 3544 Filiusi’atrein
2395 3473 2852 3544 comprehendere
2888 3473 3100 3543 dicitur,
3135 3481 3177 3532 si
3223 3473 3504 3536 scientiam

1936 3553 1991 3598 et
2014 3543 2337 3611 sapientiam
2373 3543 2724 3611 consideres;
2770 3561 2925 3600 secus
2959 3563 3087 3601 vero
3115 3550 3159 3602 si
3206 3564 3324 3603 eam
3352 3567 3505 3606 eom-

1937 3615 2357 3682 prehensionem
2392 3615 2689 3684 intelligas,
2722 3630 2830 3685 qua
2879 3616 3043 3670 Pater
3084 3620 3265 3672 omnia
3301 3620 3371 3674 ab
3412 3623 3505 3676 illo

1944 3699 2065 3758 esse
2105 3685 2356 3758 habentia
2401 3688 2830 3758 comprehendit.
2869 3686 3177 3758 _Sic_igitur
3209 3688 3503 3758 Origenes,

1931 3752 2084 3821 juxta
2122 3753 2509 3824 Hieronymum

1937 3824 2138 3887 Filius,
2158 3825 2405 3897 _videtur,
2434 3825 2484 3878 in
2514 3828 2745 3897 eoquod
2772 3827 2921 3880 novit
2949 3825 3182 3894 Patrem,
3206 3824 3362 3897 posse
3381 3848 3502 3885 eum

1934 3894 2392 3962 comprehendere
2427 3911 2439 3945 :
2467 3904 2523 3948 ut
2554 3896 2597 3949 si
2624 3897 2856 3951 dicimus
2882 3897 3107 3950 artiﬁcis
3134 3894 3371 3952 animum
3409 3919 3501 3954 ar-

1936 3965 2179 4036 tis_§cire
2211 3978 2541 4020 niensurain.
2573 3964 2682 4019 Nec
2716 3967 2972 4033 dubium,
3006 3969 3132 4036 quin
3168 3971 3211 4021 si
3246 3970 3404 4023 Pater
3430 3974 3503 4025 sit

1932 4036 1988 4089 in
2021 4033 2177 4098 Filio,
2218 4044 2273 4086 et
2312 4036 2800 4107 comprehendatur
2847 4038 2911 4090 ah
2956 4033 3101 4091 eo'in
3134 4054 3240 4107 quo
3265 4052 3368 4093 est.
3403 4041 3499 4095 Sin

1934 4114 2114 4157 autem
2165 4105 2699 4172 comprehensionem
2744 4120 2861 4159 eam
2902 4105 3165 4171 dicimus;
3192 4119 3376 4165 utnon
3407 4128 3500 4165 so-

1933 4172 2043 4227 lum
2087 4188 2246 4228 sensu
2282 4173 2403 4241 quis
2436 4184 2490 4246 et
2526 4176 2786 4245 sapientia
2817 4176 3267 4246 comprehendat,
3308 4184 3401 4235 sed
3447 4196 3499 4236 et

1932 4246 2132 4298 virtute
2162 4254 2216 4297 et
2245 4245 2480 4317 potentia
2513 4257 2708 4300 cuncta
2753 4245 3051 4315 teiieat’qui
3077 4250 3349 4317 cognovit,
3393 4268 3497 4306 non

1971 4329 2219 4369 ossumus
2247 4316 2429 4368 dicere
2456 4319 2599 4384 quod
2621 4318 3043 4385 comprehendat
3070 4316 3236 4371 Filius
3258 4320 3497 4377 Patrem.

1956 4387 2250 4455 ’atgrvero
2270 4386 2449 4438 omnia
2474 4387 2903 4455 comprehendit.
2934 4387 3078 4441 inter
3110 4390 3286 4441 omnia
3317 4400 3497 4446 autem

1932 4464 1980 4508 et
2012 4452 2181 4508 Filius
2206 4465 2309 4526 est,
2335 4470 2463 4523 ergo
2488 4465 2539 4509 et
2556 4452 2749 4526 Filium
2773 4457 3201 4526 comprehendit.
3236 4479 3255 4510 ι
3281 4458 3500 4515 Postre-

1934 4529 2219 4598 iLn‘a__ve_rb_a
2259 4522 2448 4598 Graece
2488 4529 2625 4598 apud
2662 4522 3023 4598 Iustinianum
3063 4542 3143 4598 sic
3200 4529 3492 4598 leguntur:

258 4585 520 4679 1:13:6an
543 4585 619 4679 τῇ
642 4585 840 4679 μετοχῇ
870 4585 964 4679 τοᾷ
992 4596 1126 4679 Θεοῦ
1155 4585 1486 4679 γινομένωνζ
1502 4594 1828 4679 ερλαόουμέ-
1860 4595 1904 4650 D
1933 4585 1995 4679 lii
2168 4585 2695 4679 [Ιηοετὴρδεμπεξιέχει
2731 4596 2801 4679 τὰ
2827 4596 3022 4679 πάντᾳ,
3051 4596 3156 4679 τῷν
3182 4585 3494 4679 ’όὲᾜάντων

256 4688 379 4733 νους
406 4670 502 4741 τὴν
531 4663 623 4722 τοῦ
643 4663 840 4741 ’πᾶσᾶν
869 4669 1043 4741 κτίσιν
1076 4663 1428 4741 ὑπερέχοντος
1459 4667 1613 4731 δόξαν
1637 4663 1829 4741 ἐξισώ-

259 4758 350 4794 σαι
388 4736 500 4804 τοῖς
529 4741 733 4802 λοιποῖς
769 4740 869 4808 τῆς
897 4740 1027 4801 Θεὸς
1082 4736 1447 4808 προοηγορίας
1484 4736 1827 4805 τυγχάνουσι,

258 4814 396 4883 πρὸς
420 4814 486 4881 τῇ
536 4811 897 4883 ἁποδεδομένῃ
944 4809 1194 4883 διριφορᾷ,
1250 4810 1369 4883 κᾳθ¹
1403 4810 1497 4883 ἢν-
1520 4808 1830 4883 ὲφάοςκομεν

257 4875 391 4935 πᾶσι
419 4875 530 4945 τοῖς
561 4875 775 4944 λοιποῖς
811 4875 949 4942 θεοῖς
986 4875 1228 4932 διάκονον
1263 4875 1399 4930 εἶναι
1427 4875 1537 4946 τῆς
1575 4876 1831 4945 θεότητος

254 4954 347 5007 τὸν
369 4953 500 5006 Θεὸν
528 4954 717 5021 Λόγον,
753 4950 845 5021 καὶ
870 4949 1073 5019 ταύτην
1109 4948 1498 5021 παραττατέον.
1538 4946 1595 5021 '9
1623 4946 1729 5015 γὰρ
1772 4948 1830 5021 εν

255 5025 470 5093 ἑκάστῳ
490 5016 645 5092 λόγος
668 5021 775 5074 τῶν
796 5016 1229 5093 λογικῷντοῦτον
1252 5018 1341 5093 τὸν
1376 5018 1530 5093 λόγον
1559 5016 1831 5093 ἔχει-πρὸς

254 5096 346 5147 τὸν
373 5097 428 5147 ὲν
442 5086 593 5165 ’ἀρχῇ
608 5095 778 5165 Λόγον
798 5086 932 5165 πρὸς
954 5091 1054 5165 τὸν.
1069 5091 1222 5165 Θεὸν,
1253 5090 1380 5165 ὄντα
1404 5089 1585 5165 Λόγον.
1602 5086 1751 5146 Θεὸν,
1772 5086 1830 5165 ὃν

252 5168 281 5218 6
312 5165 445 5227 Θεὸς
669 5157 803 5234 πρὸς
832 5157 922 5234 τὸν
956 5160 1105 5234 Θεόν.
1287 5159 1396 5231 γὰρ
1428 5157 1702 5234 ᾳὺτόθεος,
1734 5157 1827 5234 uel

252 5226 503 5304 ἀληθινὸς
528 5226 659 5297 Θεὸς
690 5226 726 5287 ὁ’
750 5232 934 5303 Πατὴρ
961 5231 1099 5304 πρὸς
1129 5226 1332 5304 εικόνά,
1358 5226 1449 5304 Steti.
1477 5229 1706 5304 εικόνεις⁸
1725 5226 1825 5295 τῆς

251 5296 584 5369 εἰκόνοςίδιὸ
616 5296 709 5357 καὶ
736 5306 853 5356 κατ’
883 5296 1065 5354 εἰκόνα
1090 5302 1337 5370 λέγονται
1372 5296 1508 5353 εἶναι
1539 5302 1588 5352 οἱ
1618 5296 1824 5370 ἄνθρω-

251 5393 364 5441 ποι,
389 5367 491 5429 οὐκ
522 5376 744 5439 εἰκόνες,
779 5372 952 5435 οὕτως
978 5374 1005 5423 6
1032 5367 1192 5435 αὐτὸς
1234 5373 1405 5438 Λόγος
1456 5371 1590 5441 πρὸς
1621 5367 1728 5441 *τὸν
1760 5370 1818 5441 ἐν

251 5438 465 5526 ελξάῂιρ
494 5447 709 5526 Mica.
740 5441 1184 5526 Ἀμφάῖεξφχὲρ
1216 5444 1393 5526 πηγῆς
1428 5438 1553 5526 5x51
1566 5438 1821 5523 χώρανντδ

296 5519 352 5570 ὲν
382 5512 592 5587 Πᾷτὴρ,
623 5512 893 5587 θεότητος,
925 5515 953 5564 6
966 5512 1034 5587 .6}:
1051 5512 1215 5587 “116;,
1253 5512 1430 5587 115769.
1489 5512 1822 5587 "aegaeon?

284 5589 361 5660 εοὶ
393 5571 594 5660 πολλόὶ,
629 5587 739 5660 ἀλλ’
768 5571 1016 5660 ’ἡμῖν-εἷς
1043 5571 1222 5660 Θεὸςό
1261 5571 1448 5660 ῌάτὴρ
1470 5623 1482 5641 ,
1518 5582 1612 5660 ita].
1640 5571 1821 5660 ποξλοὶ

256 5659 447 5728 κύριοι,
470 5658 582 5710 ἀλλ’
614 5650 853 5728 ήμίνεῗς
885 5652 1086 5728 Κύριος
1133 5652 1332 5728 Ἰῃσοῷς
1395 5650 1657 5728 Χριστός·
1684 5650 1822 5728 ofﬁcio

254 5722 434 5781 πολλοὶ
462 5722 770 5795 λόγοι,’ἆλλ’
796 5727 932 5797 ,ἡμῖν
965 5722 1404 5797 εόχόμε-θα-ὅξτῳς
1440 5724 1653 5797 ὑπάρξῃ
1761 5723 1818 5797 ὲν

258 5803 399 5871 ἀρχῇ
431 5791 620 5866 Λόγος,
655 5800 683 5850 ὁ
714 5791 854 5868 πρὸς
870 5795 961 5847 τὸν
986 5792 1114 5844 Θεὸν
1144 5791 1402 5857 ὣνὸβεὸς
1432 5795 1619 5860 Λόγος.
1650 5811 1667 5843 ι
1709 5792 1813 5846 Sed

1935 4665 2080 4716 ἐστὶν
2108 4666 2135 4715 ὁ
2168 4663 2313 4727 Υἱὸς,
2343 4663 2496 4734 δῆλον
2539 4663 2642 4717 ὃτί
2666 4666 2757 4718 καὶ
2795 4667 2885 4718 τὸν
2926 4667 3069 4723 Υἱόν.
3111 4666 3373 4724 Unitateni
3406 4688 3493 4725 es-

1936 4735 2126 4789 sentia:
2169 4745 2224 4788 et
2272 4736 2636 4802 aequalitatem
2694 4739 2744 4788 in
2799 4735 2962 4791 Patre
3015 4747 3067 4791 et
3099 4736 3234 4792 Filio
3267 4742 3496 4795 miritice

1935 4805 2154 4873 exponit
2177 4804 2458 4876 Origenes,
2489 4808 2614 4859 dum
2652 4804 2867 4860 Patrem
2897 4823 2924 4859 a
2956 4806 3090 4862 Filio
3110 4813 3491 4876 comprehendi

1937 4876 2148 4947 _statnit,
2176 4876 2303 4947 quia
2334 4874 2496 4928 Pater
2521 4876 2574 4929 in
2612 4876 2746 4929 Filio
2773 4886 2874 4947 est.
2918 4876 3127 4932 Patrem
3162 4874 3290 4947 ergo
3322 4884 3374 4932 in
3403 4879 3493 4933 Fi-

1936 4943 2007 4998 lio
2036 4959 2156 5015 esse
2180 4943 2454 5009 credebat,
2484 4961 2586 4999 non
2613 4949 2738 5015 quia
2772 4946 2915 5001 Patri
2957 4947 3126 5002 Filius
3160 4943 3368 5012 obédit,
3396 4953 3491 5004 sed

1932 5016 2062 5087 quia
2084 5014 2221 5070 Filio
2255 5015 2418 5087 Pater
2448 5014 2637 5087 totam
2659 5018 2891 5071 divinam
2927 5019 3289 5072 substantiam
3329 5036 3492 5087 gene-

1932 5085 2102 5139 t'ando
2156 5085 2395 5139 tradidit.
2448 5083 2599 5141 Unde
2647 5089 2926 5141 scientiam
2977 5098 3033 5141 et
3065 5083 3388 5155 sapientiain
3437 5093 3488 5144 iu

1929 5164 2161 5223 utroque
2181 5155 2438 5223 aequalem
2472 5160 2717 5225 agnoscit
2756 5157 3018 5225 Origenes
3041 5196 3058 5221 ,
3102 5173 3166 5210 ac
3200 5159 3328 5213 illud
3365 5172 3489 5213 tan-

1928 5235 2041 5297 tum
2073 5225 2576 5297 comprehensionis
2604 5242 2792 5297 genus,
2832 5243 2937 5295 quo
2976 5230 3215 5297 genitum
3246 5244 3486 5297 compre-
3536 5232 3547 5247 '

1924 5295 2110 5349 heudit
2140 5298 2373 5365 genitor,
2400 5310 2429 5349 a
2457 5294 2883 5352 Filio'removet.

1996 5366 2182 5439 Ait_ero
2215 5367 2268 5420 in
2316 5365 2454 5439 loco,
2498 5367 2588 5433 qui
2624 5368 2693 5439 iu
2732 5368 2905 5435 primo
2940 5366 3017 5439 De
3063 5369 3285 5439 princip.
3326 5369 3485 5436 libro,

1927 5448 2048 5506 cap.
2074 5436 2129 5508 5.
2167 5450 2309 5508 num.
2336 5434 2391 5501 5,
2425 5445 2623 5498 exstat,
2653 5438 2881 5508 similent
2938 5434 3194 5492 habemus
3230 5434 3487 5508 persona;

1929 5521 2046 5579 [uni
2080 5506 2814 5579 distinctionem,Aiiiniirum
2858 5508 2911 5562 in
2953 5524 3018 5566 eo
3051 5506 3299 5578 positam,
3343 5514 3487 5579 quod

1926 5576 2307 5648 Filiusgl’atre,
2333 5576 2403 5630 ob
2443 5576 2704 5648 rationem
2738 5579 2982 5648 originis,
3011 5576 3065 5632 et
3094 5583 3326 5648 Spiritus
3359 5576 3486 5634 San-

1926 5657 2046 5721 ctus
2088 5645 2222 5700 Filio
2248 5648 2430 5721 _minor
2458 5646 2524 5699 sit
2554 5645 2729 5721 :_"_0'ct
2776 5649 2809 5721 6
2828 5645 2953 5721 ’μὲν
2981 5648 3116 5713 Θεὸς
3136 5645 3248 5721 “καὶ
3298 5650 3485 5721 Πατὴρ

1927 5717 2162 5787 συνέχων
2206 5715 2272 5769 τὰ
2320 5715 2495 5769 πάντα
2535 5715 2723 5785 φθάνει
2768 5715 2867 5782 εἰς
2896 5719 3121 5787 ἕκαστον
3165 5720 3273 5774 τῶν
3317 5715 3484 5773 ὅντών

1925 5789 2230 5858 μεταδιδοὺς
2272 5787 2484 5857 ἑκάστῳ
2516 5788 2623 5841 ἀπὸ
2658 5800 2747 5843 τοῦ
2785 5790 2911 5844 ἰδίου
2940 5791 3001 5845 τὸ
3033 5786 3202 5844 εἶναι·
3238 5791 3331 5843 Ὢν
3373 5791 3482 5860 γάρ

2562 3773 2576 3808 :
2621 3774 2640 3806 ‹
2691 3756 2746 3810 Si
2795 3755 3197 3826 enimiPatrem
3227 3755 3505 3826 cognoscit
3596 3810 3599 3813 .
