4020 6306
576 329 681 384 745

1830 327 1891 382 P.
1931 327 2245 385 DANIELIS
2284 329 2516 386 IlUETll

3697 341 3786 394 7H

575 445 849 515 Sequatur
887 442 988 497 iste
1020 456 1051 497 e
1089 451 1236 497 tomo
1265 441 1478 506 eodem,
1528 459 1676 500 nutu.
1720 444 1796 500 6:
1830 447 1941 516 (87)
1987 447 2125 500 Οὓτιι

2250 449 2344 513 ιίο,
2389 449 2477 504 ubi
2527 446 2610 502 vel
2661 445 2729 501 de
2779 460 2959 502 rerum
3011 447 3306 511 creatione,
3355 449 3436 503 vel
3484 449 3551 504 de
3597 463 3786 510 αξιοι-ιη

575 535 752 587 τοίνυν
791 531 884 586 καὶ
918 529 1101 586 ἐνθάδε
1141 531 1188 583 εί
1226 530 1401 584 πάντα
1446 532 1535 584 διὰ
1579 532 1671 586 τοῦ
1700 534 1871 602 Λόγου
1908 536 2143 605 ἐγένετο,

575 626 672 695 οὑχ
699 623 802 676 ὑπὸ
833 623 926 676 τοῦ
952 622 1124 691 Λόγου
1163 621 1398 690 ἐγένετο,
1435 623 1549 676 ἀλλ’
1577 623 1682 677 ὑπὸ
1720 625 2022 696 κρείττονος
2052 627 2146 681 καὶ

580 719 820 788 μείζονος
849 714 998 785 παρὰ
1020 714 1109 768 τὸν
1133 713 1330 783 Λόγον·
1359 714 1440 779 τίς
1464 715 1507 768 δ’
1533 715 1598 769 ἂν
1628 717 1782 781 ἄλλος
1823 710 1975 782 οὗτος
2011 734 2144 788 τυγ-

576 813 715 883 χάνῃ
757 809 789 880 ﬁ
824 811 852 862 ὁ
899 809 1112 880 Πατήρ.
1157 809 1375 862 Minime
1409 811 1494 864 hic
1538 809 1712 865 locum
1749 813 1904 868 habet
1929 814 2140 882 vulgata

578 901 872 970 responsio,
909 899 1215 954 inferiorem
1270 901 1427 955 Patre
1474 916 1594 956 esse
1639 902 1854 970 Filium,
1900 903 2147 959 humani-

577 994 700 1046 tatis
741 993 978 1055 ratione,
1011 1007 1118 1045 nou
1159 993 1484 1057 divinitatis,
1513 993 1667 1061 juxta
1707 992 1862 1048 Joan.
1895 1011 2008 1059 xtv,
2033 995 2141 1048 28:

579 1081 740 1136 Pater
771 1083 941 1152 major
982 1099 1060 1136 me
1087 1094 1184 1147 est,
1231 1085 1372 1138 unde
1415 1085 1663 1140 haeresim
1709 1101 1859 1140 suam
1891 1085 2147 1141 conﬂavit

573 1176 778 1229 Arius:
809 1190 1117 1243 ecquaenam
1153 1175 1300 1230 enim
1344 1175 1452 1229 illic
1499 1177 1850 1232 humanitatis
1888 1177 2006 1231 Filii
2056 1193 2143 1232 ra-

575 1377 1044 1448 eortv.‘EMt-:rtov
1079 1375 1146 1448 δὲ,
1162 1375 1298 1448 πρὸς
1335 1376 1425 1429 τδν
1453 1375 1671 1448 Πατέρα
1701 1378 1729 1429 ὁ
1757 1374 1884 1448 Υἱὸς
1914 1375 2144 1448 Ῠφθάνων

573 1449 668 1500 ἐπὶ
703 1447 934 1518 μόναῌτὰ
967 1447 1175 1518 λογικά.
1205 1445 1463 1518 Δεύτερος
1492 1445 1744 1518 γάρέστι
1788 1445 1880 1518 τού
1912 1447 2142 1517 Πατρός.

577 1514 714 1590 ’ξΕτί
737 1518 794 1570 δὲ
823 1514 982 1590 ἦττον
1006 1514 1078 1590 *τὸ
1112 1517 1336 1590 Πνεῦ-μᾲα
1375 1514 1443 1568 ’τὸ
1473 1514 1624 1590 ἅγιον
1663 1515 1752 1590 ἐπ)
1792 1517 1984 1590 μόνους
2023 1514 2148 1590 τοὺς

573 1588 763 1658 ἁγίους
817 1585 1206 1658 δὶικνούμενον.
1255 1587 1429 1658 Ὥστε
1467 1586 1607 1658 κατὰ
1657 1585 1815 1658 τοῦτο
1867 1585 2064 1658 μείζων
2112 1588 2144 1656 ἡ

571 1655 800 1728 δύναμις
828 1658 922 1711 τοῦ
959 1655 1172 1728 Πατρὸς
1206 1657 1355 1728 παρᾲ
1386 1655 1650 1728 τονμΥίὸν
1682 1656 1790 1728 ’καὶ
1831 1655 1890 1708 τὸ
1924 1655 2146 1728 Πνεῦμα

572 1729 634 1780 τὸ
665 1724 834 1796 ἆίίιον.
877 1724 1090 1780 Πλείων
1111 1726 1167 1778 δὲ
1194 1729 1224 1797 ἡ
1257 1724 1350 1778 τοῦ
1386 1724 1513 1778 Υίοῦ
1557 1725 1707 1797 παρὰ
1741 1726 1803 1797 τὸ
1835 1727 2055 1797 Πνεῦμα
2075 1724 2146 1780 τὸ

575 1794 746 1866 ἅγιον.
777 1797 884 1851 Καὶ
913 1799 1070 1851 πάλιν
1095 1794 1435 1868 διαφέρουσα
1454 1794 1652 1866 μᾶλλον
1673 1795 1765 1848 τοῦ
1797 1794 1946 1865 ἁγίου

573 1884 745 1990 Fato;
767 1871 800 1938 ἠ
832 1867 1057 1938 δύναμις
1090 1867 1238 1938 παρὰ
1259 1866 1336 1919 τὰ
1359 1866 1492 1919 ἄλλα
1521 1869 1670 1935 ἆγια.
1707 1885 1724 1917 t
1756 1868 1892 1920 Deus
1920 1869 2131 1935 quidem

619 1947 755 1990 ater.
804 1954 926 1990 cum
979 1939 1162 1990 omnia
1233 1938 1508 1990 contineat
1531 1974 1548 1990 .
1595 1937 1662 1990 ad
1718 1939 2131 1990 unumnuodaue

619 1947 755 2000 ater,
794 1937 926 1992 'cutn
972 1937 1180 1990 Omnia
1233 1938 1548 2001 contineat,
1595 1937 1662 1990 ad
1718 1939 2134 2006 unumquodque

574 2008 778 2060 cntium
804 2008 1070 2075 pervenit,
1099 2021 1218 2061 esse
1243 2007 1535 2074 unicuique
1564 2006 1878 2074 impertiens
1902 2007 1968 2059 de
1992 2022 2090 2060 suo
2117 2025 2129 2059 :

575 2077 691 2146 ipse
715 2078 858 2131 enim
895 2079 978 2131 est
1009 2077 1099 2143 qui
1129 2085 1232 2130 est.
1265 2075 1438 2129 Minor
1465 2087 1641 2130 autem
1681 2075 1840 2130 Patre
1872 2075 2036 2131 Filius
2067 2079 2130 2128 ad

573 2147 691 2216 sola
745 2147 1085 2200 rationabilia
1140 2146 1385 2216 pervenit
1423 2163 1436 2199 :
1482 2156 1563 2201 est
1604 2147 1747 2200 enim
1790 2147 2057 2200 secundus
2102 2163 2131 2200 a

574 2215 754 2271 Patre.
787 2217 958 2271 Minor
989 2215 1151 2271 etiam
1187 2215 1323 2270 Filio
1359 2215 1592 2284 Spiritus
1620 2224 1838 2270 sanctus
1867 2217 1930 2268 ad
1988 2217 2131 2270 solos

573 2297 792 2343 sanctos
828 2287 1158 2356 pertingens.
1187 2286 1366 2351 Quare
1405 2289 1454 2340 in
1498 2285 1601 2340 hoc
1652 2285 1820 2356 major
1844 2295 1928 2356 est
1957 2284 2132 2340 Patris

571 2358 765 2421 virtus,
790 2354 950 2426 qitam
985 2354 1106 2411 Filii
1135 2366 1189 2408 et
1217 2356 1450 2425 Spiritus
1483 2356 1675 2409 sancti.
1703 2354 1942 2421 Amplior
1968 2357 2130 2409 etiam

571 2427 745 2483 virtus
774 2428 915 2487 Filii.
945 2441 1106 2496 quam
1148 2426 1382 2495 Spiritus
1411 2426 1584 2496 sancti
1615 2446 1628 2478 :
1663 2440 1726 2479 ac
1761 2440 1970 2496 rursum
2003 2441 2133 2494 prat-

569 2499 802 2550 stantior
832 2494 1002 2550 virtus
1036 2494 1269 2565 Spiritus
1313 2495 1510 2565 sancti,
1538 2510 1697 2564 quam
1743 2494 1968 2547 aliorum
2005 2510 2133 2548 san-

569 2576 776 2620 ctorum
809 2566 1034 2620 entium.
1062 2563 1089 2616 »⁷
1123 2565 1178 2619 Si
1220 2565 1335 2618 sine
1379 2563 1538 2618 Patre
1560 2563 1900 2618 rationabilia
1931 2579 1961 2618 a
1995 2565 2130 2620 Filio

570 2635 900 2700 illuminari,
944 2645 1127 2689 sancta
1178 2649 1207 2687 a
1262 2634 1466 2702 Spiritu
1528 2635 1858 2688 sanctilicari
1926 2635 2131 2690 diceret

569 2704 852 2774 Origenes,
888 2705 1082 2758 merito
1115 2705 1166 2758 in
1201 2713 1439 2758 sanctam
1475 2702 1794 2758 Trinitatem
1843 2705 2130 2773 injuriosus

567 2774 866 2842 videretur,
913 2784 1075 2840 atque
1135 2774 1277 2828 haud
1326 2775 1438 2828 scio
1489 2789 1556 2827 an
1607 2775 1776 2842 ipsum
1825 2775 1878 2827 in
1913 2775 2126 2829 Patrem

570 2841 900 2911 injuriosior.
942 2844 1048 2914 Sed
1090 2845 1142 2898 in
1171 2858 1236 2898 eo
1271 2843 1413 2898 nulla
1465 2841 1857 2911 hujus’erroris
1891 2847 2128 2914 suspicio

571 2915 768 2967 residet
800 2934 812 2967 :
841 2929 904 2966 ac
938 2912 1112 2968 Patris
1153 2914 1402 2968 virtutem
1450 2916 1502 2966 itt
1552 2915 1650 2967 hoc
1695 2924 1897 2968 tantum
1931 2912 2128 2970 virtute

570 2979 688 3035 Filii
725 2991 780 3037 et
824 2983 1058 3051 Spiritus
1091 2983 1348 3047 majorem
1379 2983 1508 3036 dicit
1551 2995 1606 3036 et
1636 2983 1792 3037 latius
1834 2992 2126 3052 patentem,

568 3053 862 3118 quodcum
903 3053 1238 3106 rationabilia
1286 3069 1314 3104 a
1360 3053 1496 3107 Filio
1545 3054 1828 3116 rationem,
1875 3057 2062 3108 sancta
2096 3074 2124 3109 a

569 3121 799 3194 Spiritn_
818 3123 1158 3194 sanctitatem
1197 3124 1484 3190 accipiant,
1517 3121 1684 3177 Filius
1714 3139 1742 3176 a
1776 3122 1973 3194 Patre,
2003 3123 2126 3194 Spi-

567 3192 699 3244 ritus
727 3208 753 3244 a
775 3191 932 3246 Patre
952 3201 1004 3246 et
1022 3191 1155 3246 Filio
1182 3193 1357 3246 omnia
1391 3194 1710 3258 acceperint.
1739 3210 1757 3243 ι
1786 3194 1930 3246 —D.
1960 3191 2122 3248 Prud.

569 3259 757 3314 MARAN
791 3262 863 3316 De
901 3261 1441 3331 divinitateﬁChristi,
1480 3263 1571 3318 lih.
1595 3278 1667 3326 tv,
1709 3277 1827 3331 cap.
1855 3263 1939 3326 l6,
1974 3280 2122 3319 num.

564 3331 620 3402 2.
671 3332 809 3402 Vide
850 3342 904 3384 et
960 3333 1126 3402 ipsius
1175 3330 1354 3386 Huetii
1415 3330 1817 3386 observationes
1866 3333 1919 3386 itt
1982 3333 2125 3390 hunc

566 3399 1022 3525 ipsuttéOOrigenis
1077 3401 1251 3456 locum
1298 3415 1425 3456 tont.
1464 3417 1502 3454 tt
1552 3404 1605 3455 in
1644 3402 1829 3470 Joan.,
1873 3419 2020 3456 ttttttt.
2049 3403 2121 3467 2,

566 3485 684 3525 Duc.
788 3511 800 3525 .

602 3490 684 3526 att.
713 3473 800 3526 50.

562 3485 949 3611 pdigéiiu'oaw
977 3541 1185 3596 τοίνυν
1215 3542 1312 3596 καὶ
1349 3540 1559 3596 ἐνθάδε
1588 3543 1642 3595 εί
1667 3540 1861 3594 πάντα
1889 3540 1986 3594 διὰ
2017 3543 2122 3596 τοῦ

561 3614 777 3682 Λόγου,
803 3625 909 3668 etc.
938 3613 1050 3666 Duo
1082 3611 1167 3666 hic
1200 3615 1481 3682 displicent
1512 3612 1725 3676 Huetio,
1755 3611 1945 3664 Filium
1982 3613 2119 3666 inl'ra

561 3681 775 3738 Patrem
813 3683 1130 3747 amandari,
1178 3681 1503 3737 creationem
1552 3685 1602 3737 ei
1653 3683 1965 3749 abjudicari.
2016 3682 2118 3736 Sed

561 3753 718 3824 aliter
748 3754 1032 3824 sensisset,
1060 3754 1104 3806 si
1141 3751 1456 3824 attendisset
1481 3751 1790 3824 Origenem,
1821 3756 2119 3824 duntprte-

562 3823 884 3891 positionum
918 3821 1022 3874 ὑπὸ
1055 3833 1109 3876 et
1135 3821 1224 3875 διὰ
1253 3824 1358 3875 vim
1391 3839 1456 3877 ac
1481 3821 1803 3891 senientiatn
1838 3823 2117 3890 ponderat,

560 3890 853 3961 occurrere
882 3891 1229 3946 lleracleonis
1255 3895 1595 3958 commentis,
1635 3893 1724 3961 qui
1767 3890 1996 3945 Verbum
2036 3907 2118 3946 v0-

561 3961 704 4016 lebat
737 3977 756 4010 ι
784 3958 1029 4030 Creatori
1072 3975 1289 4015 causam
1333 3963 1621 4030 praebuisse
1652 3958 1832 4014 inundi
1873 3963 2116 4029 originis,

562 4045 654 4104 ac_
689 4031 860 4098 ipsum
902 4029 1148 4104 Verbum
1210 4029 1551 4104 nequaquam
1613 4030 1703 4085 ὑπ’
1746 4030 1903 4084 ἄλλου
1966 4033 2117 4104 ἐνερ-

559 4099 799 4169 γοῦντος,
835 4099 932 4169 sub
979 4100 1085 4152 alio
1123 4110 1383 4168 operante
1406 4099 1470 4154 et
1507 4102 1612 4154 vim
1661 4103 1934 4169 pra-Dente
1974 4099 2118 4155 crea-

558 4168 724 4235 visse,
753 4171 844 4224 sed
875 4168 1034 4239 alium
1068 4171 1247 4239 potius
1277 4170 1389 4235 ipso
1425 4170 1599 4223 Verbo
1622 4168 1895 4238 operante.
1919 4189 1938 4222 ›
1975 4169 2118 4224 Con-

562 4250 640 4293 tra
675 4241 864 4295 statuit
895 4238 1151 4308 Origenes
1186 4257 1206 4290 ‹
1253 4241 1501 4294 debuisse
1547 4241 1726 4292 dicere
1755 4241 2112 4306 Scripturam,

558 4312 604 4364 s'i
657 4311 770 4365 haec
825 4309 1171 4363 lleracleonis
1228 4323 1353 4363 vera
1405 4317 1547 4363 esset
1597 4311 1893 4373 sententia,
1935 4313 2112 4362 omnia

556 4394 652 4499 per
687 4379 998 4434 Creatorem
1035 4395 1064 4432 a
1099 4378 1271 4433 Verbo
1306 4379 1446 4432 facta
1486 4393 1623 4439 esse,
1657 4393 1759 4432 non
1808 4389 1986 4432 autem
2020 4394 2115 4445 per

606 4451 792 4499 erbum
822 4467 851 4499 a
885 4446 1161 4499 Creatore.
1187 4467 1204 4499 ι
1237 4449 1399 4499 Addit
1427 4467 1444 4499 ι
1474 4464 1580 4499 non
1607 4447 1920 4499 Creatorem
1955 4448 2109 4499 Verbi

606 4451 792 4503 erbum
822 4467 851 4501 a
885 4446 1161 4502 Creatore.
1187 4467 1204 4500 ι
1237 4449 1399 4502 Addit
1427 4467 1444 4500 ι
1474 4464 1580 4502 non
1607 4447 1920 4502 Creatorem
1955 4448 2109 4503 Verbi

559 4516 611 4570 in
660 4521 840 4572 tnundi
884 4531 1177 4582 creatione,
1229 4519 1322 4572 sed
1362 4517 1591 4572 Verbum
1625 4516 1898 4572 Creatoris
1950 4520 2111 4572 mini-
2142 4494 2186 4549 Β

557 4598 727 4639 strutu
772 4588 966 4652 fuisse,
1015 4589 1308 4642 secundum
1363 4588 1524 4642 David
1571 4589 1885 4657 prophetam
1925 4609 1937 4642 :
1975 4588 2113 4643 Deus

556 4657 712 4723 dixit,
741 4669 786 4728 et
821 4658 962 4728 facta
999 4669 1154 4724 sunt;
1189 4659 1477 4722 mandavit,
1513 4670 1560 4711 et
1594 4668 1767 4728 creata
1793 4669 1911 4711 sunt
1940 4658 2112 4728 (Psot.

556 4741 728 4791 xxxu,
757 4726 833 4794 9).
863 4726 1132 4781 Mandavit
1167 4729 1309 4782 enim
1351 4729 1620 4792 ingenitus
1667 4727 1806 4782 Deus
1851 4726 2112 4798 primoge-

555 4799 668 4850 nitu
720 4799 895 4851 Omnis
942 4807 1229 4859 creaturae,
1282 4809 1338 4851 et
1379 4809 1561 4852 creata
1601 4805 1728 4852 sunt
1769 4813 1874 4852 non
1941 4799 2112 4852 solum

555 4866 806 4932 mundus,
833 4878 884 4919 et
914 4881 1030 4933 qua:
1079 4867 1131 4920 in
1169 4868 1256 4920 illo
1304 4877 1449 4930 sunt,
1488 4882 1670 4921 verum
1700 4867 1860 4921 etiam
1907 4869 2112 4934 reliqua

553 4937 754 4998 omnia,
776 4940 878 4990 sive
903 4936 1095 4998 throni,
1115 4936 1218 4989 sive
1237 4936 1639 5001 dominationes,
1663 4938 1766 4990 sive
1803 4947 2110 5005 potestates:

554 5009 727 5059 omnia
766 5009 903 5060 enim
946 5021 1037 5076 per
1075 5006 1302 5076 illuntiet
1346 5007 1402 5058 in
1446 5007 1593 5060 illum
1647 5018 1823 5076 creata
1871 5017 2025 5072 sunt,
2059 5017 2111 5060 et

554 5089 662 5148 ipse
693 5075 1136 5148 estAante'outnia
1186 5075 1410 5148 (Coloss.
1440 5076 1640 5148 1,16).
1667 5094 1686 5128 ι
1737 5075 1882 5148 Nihil
1923 5085 2008 5148 est
2057 5079 2109 5130 in

557 5142 650 5214 l_t_is_
688 5145 864 5199 verbis
911 5146 1050 5214 quod
1099 5142 1291 5199 merito
1320 5142 1724 5214 reprehendas.
1778 5146 1894 5200 Non
1953 5146 2110 5200 aliter

557 5208 745 5285 Etlium
811 5208 957 5270 Patri
1016 5214 1234 5285 subjicit
1301 5208 1585 5282 Origenes,
1634 5232 1794 5285 quam
1843 5217 2108 5270 catholica

556 5279 796 5354 doctrina
866 5279 1141 5354 postulat,
1181 5299 1280 5336 nec
1353 5279 1531 5337 veram
1570 5279 1894 5339 creationem
1937 5287 2108 5341 Verbo

557 5349 974 5424 E‘WWigalfsed
1016 5370 1133 5409 eam
1177 5363 1404 5416 tantum,
1458 5369 1620 5422 quam
1661 5356 1896 5409 haeretici
1944 5358 2109 5424 linge-

553 5413 703 5468 bant.
742 5413 874 5474 Cum
907 5427 1046 5476 enim
1076 5431 1330 5476 mundum
1363 5413 1548 5477 ave-ro
1593 5425 1699 5478 Deo
1737 5436 1976 5478 creatum
2011 5413 2105 5478 tie-

555 5495 767 5568 garent,
814 5506 875 5544 ac
931 5493 1163 5545 Verbum
1215 5503 1464 5568 creatore
1507 5494 1622 5568 sive
1663 5496 1952 5568 dentiurgo
1988 5506 2108 5548 tan-

556 5565 714 5631 quam
739 5563 1095 5631 inStrumento
1123 5565 1352 5629 quodam
1383 5576 1537 5615 usum
1560 5563 1823 5629 dicerent,
1855 5565 2105 5618 violatam

556 5623 825 5703 Creatoris
852 5623 1200 5703 _majestate'tn
1247 5631 1485 5703 vindicat
1533 5623 1820 5703 Origenes,
1850 5649 1913 5688 ac
1968 5633 2104 5703 Verr

559 5689 680 5771 [tum
721 5697 908 5771 omnia
939 5689 1272 5771 aCreatore
1298 5702 1410 5754 sive
1455 5701 1613 5755 Patre.
1629 5689 1932 5771 accepisse,
1972 5702 2105 5757 nihil

557 5755 768 5816 Patrem
813 5783 842 5819 a
873 5766 1062 5833 Verbo,
1091 5783 1186 5823 nec
1235 5769 1542 5827 Creatorem
1585 5755 1788 5838 Verbo;
1808 5755 1932 5828 'ééit’
1973 5755 2100 5826 Ver;

2250 537 2410 594 Verbi
2453 539 2797 609 generatione
2823 540 3030 610 agitur?
3053 539 3162 610 (88)
3192 538 3471 608 Apertiora
3499 541 3655 595 etiam
3689 544 3790 599 haac

2249 645 2281 686 e
2331 638 2474 686 tomo
2516 631 2722 696 eodem,
2759 647 2905 685 num.
2935 630 3001 686 18
3035 648 3049 684 :
3087 629 3279 701 Τρίτον
3312 625 3378 701 ἧν
3413 631 3474 684 τὸ
3522 629 3789 701 λεγόμενον

2248 721 2405 776 τοῦτο
2439 722 2498 775 τὸ
2537 721 2651 792 φῶς
2671 760 2685 785 ,
2729 721 2843 792 φῶς
2885 721 3153 793 ἀληθινὸν,
3197 716 3243 790 ᾧ
3273 721 3330 775 δὲ
3374 721 3516 792 λόγῳ
3552 725 3579 776 ὁ
3619 725 3791 795 [ἰατὴρ

2237 815 2338 886 τῆς
2369 814 2623 886 ἀληθείας
2655 813 2786 877 Θεὸς
2815 814 3011 868 πλείων
3041 814 3158 868 ἐστὶ
3189 814 3282 867 καὶ
3317 813 3515 884 μείζων
3558 814 3788 885 ἀλήθεια,

2239 907 2330 960 καὶ
2355 908 2382 960 ὁ
2414 905 2602 976 Πατὴρ
2647 905 2723 957 ὢν
2752 905 2941 974 σοφίας
2974 905 3234 976 κρείττων
3274 905 3388 959 ἐστὶ
3416 905 3512 960 καὶ
3539 905 3789 978 διαφέρων

2303 994 2481 1064 σοφία,
2505 994 2676 1065 τούτῳ
2710 992 2962 1064 ὑπερέχει
2994 993 3087 1046 τοῦ
3117 990 3254 1047 εἶναι
3279 993 3393 1063 φῶς
3433 993 3711 1064 ἀληθινόνο
3743 1009 3793 1049 et

2242 1089 2356 1141 haec
2401 1102 2431 1138 e
2467 1094 2612 1140 tonio
2645 1100 2780 1150 xttt,
2827 1100 2973 1137 num.
3001 1084 3072 1138 25
3106 1103 3119 1137 :
3160 1083 3271 1154 (89)
3323 1085 3460 1138 Ἀλλ’
3505 1087 3651 1156 ὅμως
3692 1087 3790 1138 τῶν

2239 1175 2504 1231 τοσούτων
2538 1175 2632 1229 ita).
2672 1173 3002 1245 τηλικούτων
3033 1175 3310 1246 ὑπερέχων
3355 1175 3514 1247 οὐσίᾳ
3547 1177 3639 1229 καὶ
3673 1192 3791 1247 πρε-

2244 1371 2370 1444 intra
2411 1369 2653 1426 Creatori
2694 1369 3028 1444 ministrasse
3060 1369 3414 1444 demonstrat,
3455 1375 3652 1444 quippe
3679 1393 3787 1434 cum

2246 1441 2519 1518 Verbum,
2573 1451 2630 1518 ut
2683 1441 2810 1495 alibi
2852 1441 3045 1504 docet,
3091 1440 3210 1495 idea
3237 1443 3326 1518 _sit
3375 1440 3650 1518 idearuni,
3693 1466 3786 1518 qua

2243 1512 2424 1584 omnia
2471 1511 2844 1584 co_ntinentur_;
2895 1520 3098 1564 aeterna
3151 1511 3316 1584 ratio,
3357 1514 3516 1579 cujus
3560 1517 3624 1567 ad
3663 1511 3788 1584 ριῖω.

2243 1580 2498 1655 scriptum
2526 1581 2664 1634 Deus
2691 1582 2870 1634 omnia
2906 1589 3056 1655 creat
3087 1588 3144 1634 et
3179 1581 3472 1655 gubernat;
3513 1580 3786 1655 sapientia,

2243 1650 2298 1703 in
2348 1664 2450 1718 qua
2513 1659 2763 1717 tanquam
2821 1650 3037 1718 sapiens
3106 1651 3432 1706 architectus
3479 1650 3654 1708 omnia
3705 1650 3787 1712 de;

2242 1717 2459 1787 scripsit
2489 1734 2552 1774 ac
2586 1719 2865 1789 disposuit.
2897 1717 3011 1774 Non
3038 1719 3345 1774 indecorum
3379 1730 3466 1774 est
3495 1723 3665 1779 Verbo
3699 1728 3788 1782 hoc

2026 1797 2144 1850 νεύ-
2178 1804 2216 1860 Β
2246 1790 2643 1866 ministerium,
2683 1805 2782 1866 nec
2829 1805 2949 1866 cum
2989 1789 3224 1866 decretis
3277 1791 3562 1866 catholicis
3606 1808 3787 1866 pugnat

2244 1860 2356 1913 haec
2395 1859 2610 1914 creandi
2645 1861 2800 1920 ratio,
2829 1859 2923 1913 sed
2955 1874 3076 1913 cum
3117 1860 3493 1914 haereticorum
3530 1859 3787 1920 continen-

2238 1929 2326 1983 tis.
2347 1958 2415 1970 -
2433 1929 2558 1983 Haec
2583 1929 2812 1984 domnus
2844 1928 3163 1982 Prudentius
3179 1928 3476 1984 Maasnlib.
3503 1947 3554 1986 tv
3576 1933 3651 1988 De
3667 1937 3787 1991 divi-

2239 2000 2401 2053 nitate
2444 1998 2660 2064 Christi,
2687 2013 2805 2067 cap.
2833 1998 2919 2061 16,
2950 2014 3097 2051 num.
3131 1999 3184 2053 5.

2305 2070 2418 2140 (88)
2437 2070 2702 2138 Apertiora
2723 2071 2877 2140 etiam
2889 2071 2998 2121 haec
3013 2085 3040 2120 e
3057 2069 3406 2140 tantaeodem,
3428 2073 3665 2131 num.18.
3683 2085 3781 2130 etc.

2238 2139 2371 2194 Vide
2400 2154 2582 2205 supra,
2631 2155 2782 2191 uttm.
2823 2139 2878 2202 3,
2930 2148 3110 2192 notam
3143 2139 3195 2192 itt
3243 2141 3357 2195 haec
3391 2149 3601 2197 verba:
3645 2145 3784 2200 Ἐπεὶ

2231 2208 2287 2261 δὲ
2314 2209 2427 2278 φῶς
2461 2207 2812 2273 ἁπαξαπλῶς,
2839 2218 2945 2262 etc.

2307 2272 2438 2349 ('89)
2469 2272 2627 2349 Ἀλλῖ
2681 2278 2834 2348 ὅμως
2892 2272 3010 2331 τῶν·
3077 2277 3412 2346 τοσούτων,
3465 2290 3573 2338 etc.
3633 2283 3782 2342 Paulo

2233 2348 2391 2419 Supra
2426 2348 2570 2403 hunc
2618 2348 2789 2402 locum
2832 2349 3265 2420 dicerervidetur
3297 2351 3561 2420 Origenes
3604 2354 3780 2410 Filium

2232 2418 2308 2473 et
2344 2420 2600 2488 Spiritum
2665 2432 2815 2486 atque
2871 2418 2953 2472 vel
3015 2419 3152 2472 forte
3209 2421 3380 2486 magis
3400 2418 3657 2478 'a-Patre
3701 2442 3782 2480 su-

2233 2491 2441 2556 perari,
2486 2503 2647 2558 quam
2701 2489 2799 2556 ipsi
2866 2502 2950 2542 res
2996 2499 3208 2543 creatas
3271 2502 3576 2558 superant:
3621 2505 3668 2548 et
3722 2513 3779 2551 ex

2233 2561 2316 2612 his
2364 2559 2544 2613 verbis
2604 2557 2796 2612 Filium
2847 2567 2901 2614 et
2950 2558 3207 2627 Spiritum
3274 2557 3524 2614 sanctum
3565 2566 3628 2616 ah
3670 2565 3780 2621 Ori-

2239 2644 2372 2698 gene
2405 2630 2477 2682 ita
2513 2645 2631 2682 cum
2681 2629 2838 2684 rebus
2877 2632 3074 2684 creatis
3120 2630 3423 2698 comparari
3471 2645 3617 2699 putat
3659 2634 3779 2689 lineo

2233 2699 2368 2764 tius,
2410 2709 2469 2751 ut
2510 2700 2728 2753 Omnino
2759 2715 2787 2751 a
2819 2699 2980 2753 Patre
3024 2699 3401 2753 dissocientur.
3452 2703 3558 2756 Sed
3613 2713 3774 2759 tamen

2231 2769 2278 2822 si
2315 2770 2461 2823 locus
2510 2769 2635 2832 ille,
2682 2766 2738 2821 ut
2790 2785 2884 2838 par
2931 2778 3044 2832 est,
3096 2771 3305 2838 legatur
3347 2781 3401 2824 et
3446 2771 3775 2841 intelligatur,

2231 2855 2334 2893 non
2365 2841 2628 2893 insincera
2655 2848 2719 2910 et
2745 2853 2930 2910 parum
2958 2841 3254 2910 orthodoxa
3279 2843 3628 2896 excusatione
3656 2859 3777 2910 opus

2229 2912 2349 2973 erit,
2377 2911 2469 2963 sed
2498 2909 2744 2978 aequabili
2784 2907 3004 2975 judicio.
3049 2909 3139 2962 Sic
3183 2909 3345 2976 igitur
3386 2911 3626 2978 loquitur
3660 2907 3772 2967 Ori-

2229 2995 2392 3053 genrs
2435 2996 2448 3032 :
2498 2976 2779 3053 Ἀλλῄλους
2803 2979 3136 3053 _tlege_ntlum
3178 2979 3390 3053 videtur
3434 2976 3574 3034 ’Ἀλλ’
3613 2984 3773 3053 ἡμεῖς)

2228 3048 2533 3127 πειθόμενοι
2577 3048 2652 3118 τῷ
2667 3049 2894 3127 βωτῆρι
2924 3048 3154 3127 λέγοντι,
3179 3051 3212 3101 ὁ
3243 3049 3468 3127 gari“),
3503 3048 3776 3127 οπέῥεᾷιας

2153 3145 2193 3199 C
2223 3117 2540 3199 paperem-
2574 3117 2882 3199 μοῦὴέστὶ,
2933 3119 3026 3171 καὶ
3059 3117 3342 3199 διὰ1τοῦτο
3393 3117 3472 3191 μὴ
3522 3117 3774 3199 ἐνεχκόντι

2231 3188 2392 3276 ρίηδξη
2412 3191 2547 3276 τὴν,
2590 3189 2826 3276 ἁγαίλὸς,
2878 3188 3244 3276 προσῃχορίρν
3293 3188 3660 3276 τὴνυίιυρίαν,
3692 3195 3776 3246 καὶ,

2227 3258 2420 3333 ἀληθῆ,
2454 3261 2560 3333 ita).
2598 3258 2805 3333 τελείαν
2857 3258 3257 3333 παραδέξασθαι
3300 3258 3452 3333 αὑτῷ
3488 3258 3773 3333 προσφεροο

2229 3328 2414 3404 μένῃν,
2442 3329 2579 3404 ἀλλα
2599 3328 2916 3404 ἀναφέροντί
2943 3328 3116 3404 αὐτὴν
3143 3328 3481 3404 εὑχαρίστως
3614 3328 3774 3404 Πατρὶ

2228 3389 2730 3472 μετ’ίέπιτιμήσεωξ
2759 3389 2894 3472 πρὸς
2924 3400 3014 3472 τὸῌν
3055 3389 3368 3472 βουλόξὶενον
3400 3389 3772 3472 ὑπερόοξάζεὶν

2221 3470 2314 3523 τὸν
2346 3471 2493 3543 Υῐ-ὺν,
2528 3471 2741 3543 παντων
2791 3470 2892 3543 μὲν
2931 3470 3048 3543 τῷν.
3085 3470 3326 3543 γενητῶν
3385 3470 3677 3543 ὑπερέχειν
3715 3475 3771 3526 οὐ

2225 3541 2524 3624 Ξυγιερίσει,
2566 3539 2679 3624 ἀλλ’
2707 3539 3128 3624 ὑπερϐαλλούσῃ
3171 3541 3418 3624 ὑπεροχῇ
3471 3539 3647 3624 φαμεν
3689 3543 3771 3596 τὸν

2221 3595 2448 3691 Σωτῆρα
2467 3651 2482 3676 ,
2506 3595 2619 3691 ζκαὶ
2644 3679 2657 3691 “
2671 3609 2734 3662 τὸ
2751 3679 2768 3691 ἱ
2788 3595 3010 3691 ῌνεύμα
3061 3595 3153 3690 τε-
3169 3595 3418 3691 and“?
3427 3595 3770 3691 περέχόμενον

2220 3679 2534 3754 τοσοῦτονῆ
2574 3679 2668 3732 καὶ
2708 3679 2877 3754 πλέον.
2908 3679 3016 3733 ἀπὸ
3063 3681 3156 3754 τοῦ
3210 3682 3421 3754 Πατρρς
3473 3679 3768 3754 (legendum

2221 3751 2453 3823 videtur,
2485 3749 2546 3823 οὑ
2579 3749 2828 3823 τοσοῦτον
2857 3749 3387 3823 ὑπερεχόμενοννάπὺ
3420 3753 3517 3804 τοῦ
3554 3749 3765 3823 Πατρὸς)

2219 3820 2329 3892 ὅσῳ
2357 3821 2609 3892 ὑπερέχει
2643 3820 2804 3892 αὑτὸς
2846 3821 2938 3873 καὶ
2966 3820 3027 3873 τὸ
3058 3822 3209 3888 ἅγιον
3256 3822 3483 3892 Πνεῦμα
3527 3823 3631 3875 τῶν
3667 3820 3766 3875 ’λοι-

2221 3890 2356 3955 πῶν,
2387 3890 2586 3943 οὐτῶν
2615 3891 2902 3960 τυχόντων.
2957 3908 2976 3942 ι
3005 3896 3072 3944 At
3115 3907 3212 3945 nos
3253 3890 3611 3959 obsequentes
3655 3894 3765 3945 Sal-

2218 3963 2416 4031 vato_r_i,
2459 3961 2551 4031 qui
2582 3959 2752 4031 dixit,
2787 3959 2982 4031 Pater,
3001 3961 3090 4028 qui
3138 3962 3278 4014 misit
3327 3977 3430 4025 me,
3483 3963 3654 4031 major
3694 3979 3765 4016 me

2217 4039 2292 4083 est
2333 4028 2517 4099 (Joan.
2542 4045 2653 4092 xw,
2684 4029 2797 4095 28),
2842 4041 2896 4083 et
2939 4030 3140 4085 idcirco
3169 4031 3396 4084 delatam
3446 4028 3762 4099 sihi'appel-

2217 4099 2470 4154 lationem
2523 4100 2653 4154 boni'
2706 4102 2975 4170 propriam
3029 4111 3084 4154 et
3141 4113 3319 4153 veram
3369 4111 3424 4152 et
3477 4102 3758 4170 perfectam

2216 4170 2459 4238 accipere
2509 4170 2710 4235 noluit,
2757 4171 2848 4223 sed
2891 4184 3009 4222 eam
3056 4179 3206 4238 grato
3255 4171 3436 4224 animo
3475 4173 3655 4224 retulit
3700 4173 3760 4223 ad

2215 4237 2453 4304 Patrem,
2478 4254 2598 4294 cum
2632 4241 2994 4308 increpatione
3023 4237 3183 4302 illius,
3215 4241 3304 4307 qui
3341 4239 3536 4294 Filium
3565 4243 3764 4294 volebat

2214 4310 2712 4379 superglorilicare;
2765 4310 3014 4362 omnibus
3082 4311 3295 4379 quidem
3347 4313 3550 4366 creatis
3618 4315 3763 4364 rebus

2214 4378 2496 4447 praestare,
2538 4394 2642 4433 non
2679 4380 3111 4447 comparatione,
3151 4378 3247 4432 sed
3280 4381 3632 4448 exsuperanti
3677 4397 3762 4432 ex-

2216 4449 2468 4503 cellentia
2504 4450 2732 4503 dicimus
2764 4449 3097 4502 Salvatorem
3148 4464 3268 4503 cum
3301 4449 3506 4518 Spiritu
3539 4459 3758 4504 sancto:

2219 4519 2290 4571 ita
2343 4528 2400 4572 ut
2453 4533 2564 4590 non
2629 4528 2777 4590 tanta
2826 4519 3132 4585 praestantia
3181 4532 3211 4570 a
3260 4519 3421 4573 Patre
3469 4531 3757 4588 superetur,
3801 4576 3808 4590 '

2215 4597 2414 4656 quanta
2451 4588 2564 4657 ipse
2594 4596 2648 4643 et
2680 4588 2910 4657 Spiritus
2944 4602 3176 4658 sanctus
3219 4589 3448 4658 reliqua,
3480 4605 3585 4643 non
3632 4607 3759 4658 qua:-

2215 4658 2364 4723 libet,
2388 4669 2664 4725 superant.
2685 4677 2704 4709 ι
2743 4658 2903 4711 Addit
2929 4657 3186 4727 Origenes
3211 4657 3404 4712 Filium
3439 4660 3514 4712 ita
3548 4657 3755 4727 angelis,

2212 4736 2268 4782 et
2311 4729 2538 4790 throuis,
2579 4737 2633 4782 et
2666 4727 3120 4782 dominationibus
3162 4737 3442 4796 praestare,
3491 4737 3548 4781 ut
3595 4731 3758 4782 verbis

2212 4799 2440 4866 exprimi
2492 4797 2607 4852 haec
2675 4799 2985 4866 praestantia
3036 4814 3139 4851 non
3191 4798 3391 4866 possit;
3444 4797 3538 4851 sed
3591 4809 3755 4866 tamen

2212 4865 2388 4922 Patris
2445 4868 2810 4937 prazstantiatn
2858 4868 2940 4920 sic
2995 4865 3585 4937 pergit’descrtbere:
3629 4865 3754 4917 Ἀλλ’

2210 4937 2356 5006 ὅμως
2388 4936 2494 4989 τῶν
2529 4935 2816 4996 τοσούτων,
2843 4945 2976 5000 etc.,
2998 4935 3055 4989 id
3097 4935 3202 5002 est,
3241 4954 3259 4986 ι
3290 4937 3394 4990 Sed
3432 4946 3606 4990 tamen
3643 4950 3752 4988 cmn

2212 5005 2327 5076 ipse
2365 5008 2528 5061 tantis
2578 5023 2644 5060 ac
2703 5005 2897 5059 talibus
2963 5007 3168 5060 naturis
3222 5015 3438 5074 praestet
3491 5010 3751 5076 essentia,

2210 5075 2499 5144 dignitate,
2540 5087 2593 5130 et
2635 5084 2898 5145 potestate
2929 5091 2993 5130 ac
3037 5077 3314 5129 divinitate
3345 5079 3448 5142 (est
3495 5075 3636 5128 enim
3682 5077 3751 5124 vi-

2209 5161 2340 5200 vens
2375 5147 2602 5201 Verbum
2632 5156 2686 5200 et
2713 5148 3032 5212 Sapientia),
3065 5145 3206 5199 Patri
3257 5145 3402 5198 nulla
3450 5159 3504 5197 re
3545 5160 3750 5210 cnlttpa-

2209 5225 2381 5272 ratur.
2410 5217 2503 5270 Est
2528 5218 2670 5269 enim
2721 5216 2896 5282 imago
2943 5216 3056 5282 ejus
3087 5216 3362 5275 bonitatis,
3407 5213 3750 5280 splendorque

2208 5301 2316 5339 non
2351 5285 2468 5351 Dei,
2499 5288 2592 5340 sed
2630 5286 2743 5353 ejus
2777 5286 2979 5350 gloriae,
3009 5287 3228 5353 ejusque
3276 5284 3408 5337 lucis
3438 5295 3666 5346 attertta‘,
3700 5291 3749 5331 et

2205 5369 2373 5423 vapor
2407 5372 2513 5410 non
2559 5356 2735 5409 Patris
2788 5355 2941 5422 (δίῳ.
2967 5355 3168 5419 vu,‘25,
3194 5353 3318 5420 26),
3360 5354 3454 5406 sed
3502 5355 3614 5423 ejus
3659 5365 3746 5423 po-

2207 5420 2439 5488 testatis,
2469 5426 2784 5490 sinceraque
2812 5420 3192 5492 omnipotentis
3217 5426 3336 5492 ejus
3364 5424 3544 5492 gloriae
3572 5420 3743 5480 ﬂuxio,

2203 5507 2260 5548 et
2287 5496 2558 5564 speculum
2590 5493 3251 5564 immaculatumejusdem
3281 5494 3626 5564 operationif,
3656 5503 3744 5564 per

2203 5560 2347 5632 quod
2381 5563 2652 5632 speculum
2688 5563 2886 5617 Paulus
2909 5574 2962 5616 et
2990 5560 3199 5624 Petrus,
3231 5560 3522 5628 eorumque
3551 5560 3743 5632 similes

2205 5629 2369 5688 Deum
2402 5629 2601 5695 vident,
2633 5634 2900 5686 dicentis:
2931 5633 3032 5697 Qui
3073 5633 3199 5686 vidit
3244 5649 3343 5698 nte,
3382 5633 3504 5684 vidit
3541 5629 3741 5681 Putrem

2203 5719 2394 5767 meum,
2426 5706 2512 5774 qui
2540 5704 2681 5774 misit
2714 5719 2793 5756 me
2820 5703 2998 5774 (Joan.
3027 5717 3098 5756 χιι
3117 5742 3133 5768 ,
3177 5701 3289 5770 45).
3319 5722 3336 5752 δ
3386 5705 3438 5755 1ο
3467 5700 3741 5774 Nones-set

2205 5768 2525 5843 ignoscenda
2568 5768 3043 5845 Origenis'culpa,
3094 5774 3140 5828 si
3188 5768 3288 5840 ea,
3333 5787 3451 5842 quae
3480 5768 3664 5843 .Ftlius
3707 5781 3738 5818 ιε
