4020 6306
306 346 419 402 789

1164 339 1743 397 ORICENIANORUM
1780 341 1913 398 LIB.
1941 333 2021 408 ιι,
2063 341 2216 398 CAP.
2254 343 2321 409 ιι,
2360 340 2635 410 thsr.
2674 320 2770 398 n.’

3453 343 3556 401 750

304 465 412 534 τὴν
456 461 786 535 προπέτειαν
822 459 1167 514 ὑποτίθεσθαι
1213 460 1303 512 τὸν
1352 461 1578 534 Σωτῆρα
1613 457 1752 516 εἶναι
1798 463 1890 516 τὸν

2007 462 2285 533 ignorasse
2309 461 2607 528 Christum,
2650 471 2912 533 quatenus
2937 463 3107 533 ipsam
3139 461 3405 529 Ecclesia,
3436 478 3559 533 quas

306 553 408 608 ἐπὶ
478 554 613 606 πᾶσι
651 552 808 605 Θεόν.
858 550 996 603 Ἀλλ’
1039 548 1152 603 οὑτι
1204 567 1267 618 γε
1318 553 1479 623 ἡμεῖς
1531 553 1791 618 τοιοῦτον,
1838 556 1887 607 οἱ

308 645 627 716 πειθόμενοι
672 643 823 714 αὑτῷ
860 643 1088 711 λέγοντι·
1134 662 1154 692 ι
1174 642 1235 694 'O
1260 642 1447 714 Πατὴρ
1485 646 1514 698 ὁ
1545 643 1767 716 πέμψας
1798 662 1885 717 με,

310 736 521 808 μείζων
558 734 661 807 μού
693 738 859 789 ἐστιν.
888 750 911 787 ι
951 733 1047 788 llis
1079 734 1348 803 vulgatam
1385 751 1450 790 ex
1469 736 1767 792 Athanasio
1802 752 1888 792 re-

309 828 662 899 Sponsionem
704 827 926 897 subjicit
969 826 1307 882 Hteschelius
1346 846 1360 881 :
1412 828 1489 881 Οὑ
1525 828 1743 899 μεγέθει
1782 830 1891 883 τινὶ

314 923 444 976 οὑδὲ
495 920 695 992 χρόνῳ,
746 918 882 972 ἀλλὰ
926 918 1017 972 διὰ
1062 919 1162 989 τὴν
1210 917 1270 982 ἐξ
1323 918 1487 972 αὑτοῦ
1528 919 1623 973 τοῦ
1674 920 1889 991 Πατρὸς

310 1014 587 1083 γέννησιν.
623 1030 640 1062 ι
676 1009 790 1065 Non
823 1010 1199 1080 magnitudine
1222 1009 1426 1077 aliqua,
1467 1024 1566 1065 nec
1616 1018 1878 1080 tempore,

316 1105 416 1159 sed
446 1114 665 1175 propter
704 1103 1107 1169 generationem
1136 1116 1205 1155 ex
1236 1101 1352 1170 ipso
1383 1102 1581 1165 Patre;
1619 1119 1638 1154 ι
1667 1112 1720 1158 et
1750 1103 1890 1158 alte-

310 1211 434 1249 ram
467 1195 641 1249 hanc:
684 1194 772 1256 Ὡς
810 1191 942 1256 Θεὸς
982 1190 1117 1245 Θεοῦ
1157 1189 1278 1262 οὑχ,
1314 1192 1391 1255 ὡς
1436 1191 1627 1266 Πατὴρ
1670 1193 1727 1247 δὲ
1758 1192 1889 1245 Υἱοῦ

311 1285 855 1356 ὲνανθρωπήσαντος.
896 1303 914 1334 ι
940 1280 1058 1336 Non
1092 1292 1150 1336 ut
1178 1282 1319 1336 Deus
1348 1284 1476 1347 Deo,
1515 1288 1607 1337 sed
1641 1293 1700 1336 ut
1732 1282 1893 1338 Pater

310 1375 476 1445 Filio,
518 1377 608 1445 qui
638 1377 928 1429 humanam
962 1373 1201 1442 suscepit
1245 1382 1517 1429 naturam.
1551 1392 1570 1425 ι
1605 1373 1675 1427 At
1714 1388 1801 1433 ea.
1836 1382 1894 1428 ut

310 1482 449 1522 vere
499 1467 701 1533 dicam,
750 1481 944 1537 parum
991 1466 1059 1520 ad
1099 1480 1238 1520 rem.
1269 1465 1628 1519 Allirmabant
1671 1466 1889 1533 quidam

312 1558 600 1616 Christum
632 1573 759 1613 esse
788 1559 1165 1614 universorum
1220 1558 1410 1623 Deum,
1464 1557 1627 1627 idque
1669 1574 1793 1614 vere
1839 1568 1895 1613 et

1991 566 2192 621 corpus
2222 552 2425 608 Christi
2449 563 2554 618 est,
2585 555 2818 624 ignorat.
2853 553 2970 610 Huc
3003 554 3557 625 addendam‘censeat

1990 645 2186 713 aliquis
2224 644 2440 715 longam
2484 646 2901 716 disputationem
2949 660 3012 700 ex
3058 646 3211 702 initio
3241 648 3371 703 tomi
3404 664 3467 714 ιι,
3496 650 3552 701 in

1989 733 2178 799 Joan.,
2205 752 2353 791 num.
2390 736 2666 804 2etseq.,
2707 738 2759 790 in
2799 752 2904 806 qua
2928 751 3113 792 vocem
3153 737 3289 802 Θεός
3331 739 3558 792 articulo

1991 841 2090 882 suo
2119 826 2464 893 coniunctam
2498 828 2780 898 distinguit
2811 825 3074 898 Origenes
3100 840 3130 881 a
3153 840 3285 882 voce
3309 826 3442 891 Θεός
3467 843 3560 883 eo—

1992 917 2112 972 dem
2158 918 2390 972 articulo
2436 918 2714 981 destituta,
2749 925 2913 987 atque
2963 919 3105 973 hanc
3137 918 3361 987 deputat
3396 918 3555 983 Filio,

1993 1009 2137 1063 illam
2167 1008 2314 1063 Patri
2349 1026 2363 1063 :
2402 1010 2545 1065 unde
2569 1010 2775 1080 Opinati
2802 1019 2925 1063 sunt
2946 1011 3164 1080 quidam
3196 1010 3355 1064 aliam
3378 1012 3555 1081 ipsum

1995 1100 2260 1156 Deitatem
2324 1084 2643 1170 ascripsisse
2672 1100 2843 1165 Patri,
2877 1116 2941 1156 ac
2967 1102 3440 1171 praestantiorem;
3477 1104 3564 1157 in-

1995 1191 2248 1245 feriorem
2307 1207 2438 1247 vero
2480 1192 2641 1246 Filio.
2698 1191 3040 1263 Quapropter
3083 1207 3144 1247 ea
3175 1192 3558 1249 Genebrardus

1995 1283 2061 1336 ab
2092 1284 2308 1337 Arianis
2340 1293 2523 1337 assuta
2566 1285 2732 1338 fuisse
2776 1284 3054 1339 censebat.
3093 1285 3164 1338 At
3212 1300 3334 1340 cum
3366 1301 3430 1341 ea
3484 1297 3563 1340 ta-

1994 1390 2121 1430 men
2147 1376 2335 1430 dextre
2381 1376 2550 1445 accipi
2576 1390 2737 1446 posse
2784 1386 3062 1446 agnoscat,
3103 1386 3159 1431 et
3190 1390 3287 1431 nos
3348 1391 3564 1447 quoque

1998 1467 2051 1520 in
2094 1465 2557 1522 Observatiom'bus
2587 1468 3012 1523 demonstraturi
3068 1469 3261 1532 simus,
3307 1482 3407 1523 cur
3445 1467 3564 1524 loco

1995 1558 2124 1614 huic
2171 1559 2292 1614 falsi
2340 1574 2675 1629 apponamus
2718 1569 2927 1625 notam,
2971 1574 3137 1615 causa
3174 1559 3319 1614 nulla
3353 1568 3458 1615 est.
3494 1560 3566 1615 At

311 1651 644 1708 orthodoxe.
671 1650 917 1705 Pertinet
970 1649 1100 1704 illud
1151 1662 1283 1705 sane
1318 1650 1384 1704 ad
1424 1649 1661 1704 divinam
1692 1650 1893 1705 Christi
1998 1650 2282 1706 manifeste
2315 1660 2560 1706 sanctum
2599 1650 2858 1721 Spiritum
2906 1652 3112 1706 honore
3157 1664 3254 1705 suo
3289 1666 3353 1705 ac
3392 1649 3567 1720 digni-

311 1751 594 1807 naturam,
628 1756 734 1796 non
761 1741 827 1795 ad
858 1742 1174 1796 humanam.
1203 1739 1375 1812 Negat
1402 1753 1433 1796 e
1470 1741 1744 1796 contrario
1771 1741 1896 1796 Ori-
1926 1810 1955 1813 ζ
2001 1749 2111 1795 tate
2137 1740 2392 1798 fraudare
2424 1751 2655 1798 conatur
2689 1742 2948 1813 Origenes
2976 1750 3105 1796 (om.
3154 1757 3252 1796 xm
3288 1743 3342 1795 in
3371 1740 3561 1804 Joan.,

312 1848 486 1907 genes
524 1834 870 1889 Servatorem
923 1846 1045 1887 esse
1080 1835 1458 1889 universorum
1488 1833 1654 1888 Deum
1682 1872 1698 1897 ,
1749 1833 1893 1902 quod

2000 1848 2148 1886 num.
2202 1832 2294 1895 25,
2349 1834 2436 1888 his
2486 1834 2699 1888 verbis:
2746 1810 2862 1904 (112)
2912 1832 3056 1905 Πρὸς
3111 1833 3201 1885 τὸν
3242 1832 3564 1904 βουλόμενον

314 1925 450 1982 inde
486 1927 677 1994 probat
700 1925 829 1994 quia
861 1924 1019 1978 Patre
1046 1925 1223 1979 minor
1259 1925 1351 1986 sit,
1378 1925 1470 1994 qui
1501 1933 1585 1978 est
1612 1924 1897 1978 universo-

1998 1923 2378 1994 ὑπερδοξὰζειν
2416 1924 2507 1978 τὸν
2555 1924 2702 1988 Υἱὺν,
2759 1926 2973 1979 πάντων
3019 1925 3115 1995 μὲν
3159 1924 3268 1977 τῶν
3326 1925 3569 1996 γενητῶν

316 2032 443 2073 rum
500 2017 661 2071 Deus.
720 2014 927 2069 Divina:
968 2028 1100 2084 ergo
1147 2014 1355 2070 Christi
1407 2023 1612 2070 naturae
1659 2014 1901 2069 detrahit

1998 2016 2304 2088 ὑπερέχειν,
2326 2016 2387 2069 οὑ
2424 2016 2727 2087 συγκρίσει,
2775 2016 2890 2069 ἀλλ’
2937 2016 3347 2091 ὑπερϐαλλούσῃ
3396 2018 3568 2091 ὑπερ-

318 2122 632 2179 supremam
678 2107 825 2161 illam
872 2104 1103 2178 θεότητα
1145 2120 1307 2175 supra
1364 2120 1452 2161 res
1490 2106 1793 2169 universas,
1845 2114 1900 2161 et

2006 2110 2128 2179 οχῇ,
2155 2108 2335 2179 φαμὲν
2372 2108 2463 2161 τὸν
2492 2108 2741 2182 Σωτῆρα,
2793 2109 2888 2161 καὶ
2933 2109 2993 2161 τὸ
3038 2109 3261 2181 Πνεῦμα
3290 2110 3352 2163 τὸ
3390 2108 3566 2179 ἅγιον,

319 2199 473 2256 Patri
507 2202 707 2256 addicit
739 2201 1114 2271 ;proindeque
1148 2198 1368 2269 μεγέθει
1400 2200 1534 2263 τινί,
1563 2192 1617 2255 et
1648 2210 1707 2253 ut
1730 2200 1897 2254 Deum

323 2291 458 2360 Deo,
488 2293 796 2348 inferiorem
827 2293 984 2347 Patre
1014 2291 1211 2347 Filium
1241 2292 1452 2355 statuit,
1485 2307 1590 2346 non
1622 2300 1684 2345 ut
1723 2292 1899 2346 homi-

321 2399 445 2438 nem
483 2383 615 2439 Deo.
646 2383 905 2439 Leontius
938 2384 1270 2455 Byzantinus
1294 2381 1639 2438 Scltoliorum
1684 2383 1897 2438 actione

321 2474 415 2536 lO.
447 2475 515 2528 ad
541 2474 972 2530 convincendum
1004 2475 1211 2529 erroris
1256 2472 1418 2541 hujus
1450 2472 1744 2543 Origenem
1796 2475 1896 2527 ista

319 2566 544 2620 adducit
574 2567 739 2620 verba
768 2581 836 2620 ex
863 2566 1094 2636 quadam
1138 2566 1310 2634 ipsius
1341 2564 1565 2634 epistola
1594 2582 1608 2619 :
1657 2563 1715 2617 Ὀ
1767 2564 1897 2628 Υἱὸς

318 2655 355 2727 ἢ
385 2655 585 2726 μείζων
618 2656 736 2710 ἐστὶ
762 2654 858 2709 τοῦ
884 2657 1118 2726 Πατρὸς.
1144 2656 1178 2727 ἢ
1209 2655 1466 2722 ἐλάττων,
1495 2655 1529 2727 ἦ
1558 2656 1690 2720 ἴσος·
1730 2657 1778 2709 εἰ
1805 2651 1897 2710 οὖν

312 2749 478 2814 δείξω
515 2750 597 2802 ὅτι
645 2748 767 2802 οὑδὲ
818 2748 1017 2819 μείζων
1059 2749 1226 2813 ἐστὶν,
1264 2746 1387 2801 οὑδὲ
1432 2749 1565 2812 ῐσος,
1608 2747 1764 2817 δῆλον
1814 2748 1897 2801 ὅτι

318 2841 560 2897 ἐλάττων
593 2841 763 2898 ἐστίν.
796 2840 1077 2897 Postremo
1105 2854 1227 2897 cum
1256 2843 1459 2897 dixerit
1503 2844 1755 2911 superius
1786 2842 1896 2897 Pa-

318 2944 462 2991 trem
498 2935 760 3000 essentia,
787 2934 1071 3003 dignitate,
1124 2935 1351 3000 virtute,
1406 2934 1709 2999 divinitate,
1742 2936 1897 2990 boni-

317 3036 436 3083 tate
477 3036 532 3081 et
577 3027 843 3096 sapientia
880 3036 1141 3095 priestare
1172 3026 1334 3089 Filio,
1369 3024 1510 3082 idem
1541 3042 1761 3096 quoque
1787 3028 1898 3081 sci-

316 3120 430 3174 scit
470 3121 541 3174 de
588 3120 815 3174 scientia
865 3130 1025 3175 tract.
1086 3119 1177 3184 50,
1227 3116 1283 3173 in
1324 3119 1544 3186 Mallia,
1600 3136 1750 3174 num.
1783 3120 1967 3209 55:c

323 3230 350 3263 ι
385 3211 633 3267 Forsitan
667 3220 844 3265 autem
877 3221 931 3265 et
963 3212 1105 3280 quod
1140 3212 1216 3265 ait
1243 3212 1453 3266 nescire
1480 3226 1539 3265 se
1579 3212 1719 3265 diem
1764 3226 1896 3265 con-

314 3304 706 3361 summationis
744 3314 799 3356 et
836 3301 1049 3363 horam.
1087 3312 1214 3356 ante
1240 3302 1696 3372 dispensationem
1732 3316 1887 3355 suam

316 3396 460 3451 dixit
496 3396 644 3466 quia,
684 3395 852 3449 Nemo
877 3395 996 3457 scit,
1049 3410 1214 3465 neque
1260 3395 1452 3463 angeli,
1508 3410 1669 3463 neque
1701 3392 1893 3457 Filius,

316 3488 430 3542 nisi
469 3488 613 3542 solus
646 3485 807 3540 Pater
837 3486 903 3539 “.
938 3485 1067 3540 Post
1096 3486 1554 3554 dispensationem
1591 3495 1768 3540 autem
1792 3486 1889 3539 im-

318 3578 526 3649 pletam
569 3593 909 3647 nequaquam
931 3577 1034 3632 hoc
1062 3576 1224 3639 dixit,
1256 3586 1541 3643 postquam
1581 3574 1716 3630 Deus
1748 3576 1897 3629 illum

320 3669 753 3739 super-exultavit,
780 3679 826 3721 et
856 3669 1067 3722 donavit
1122 3667 1170 3720 ei
1204 3683 1390 3722 nomen
1441 3668 1580 3732 quod
1620 3678 1695 3720 est
1741 3683 1898 3736 super

321 3777 481 3816 omne
528 3778 717 3815 nomen
771 3760 813 3792 ¹⁵
859 3776 873 3815 :
928 3776 1050 3815 nam
1105 3768 1290 3830 postea
1346 3769 1401 3812 et
1450 3759 1618 3814 Filius
1645 3761 1898 3829 cognovit

322 3855 611 3909 scientiam
663 3869 691 3907 a
742 3852 907 3909 Patre
950 3854 1275 3922 suscipiens,
1312 3852 1474 3907 etiam
1531 3851 1598 3906 de
1616 3852 1730 3905 ’die
1765 3867 1896 3905 con—

323 3947 707 4002 summationis
731 3956 787 3999 et
811 3945 968 4008 hora,
1004 3952 1066 3998 ut
1098 3944 1209 4012 jam
1246 3959 1351 3998 non
1383 3944 1557 3998 solum
1597 3942 1755 3997 Pater
1788 3942 1896 3997 sci-

322 4049 413 4095 ret
446 4039 513 4093 de
539 4054 625 4106 ea,
668 4039 760 4093 sed
784 4039 947 4091 etiam
986 4037 1179 4091 Filius.
1215 4056 1233 4089 ι
1269 4036 1432 4102 Quasi
1475 4035 1724 4090 Christus
1753 4050 1893 4089 non-

323 4131 431 4187 nisi
461 4142 581 4201 post
613 4140 840 4185 mortem
871 4129 1073 4182 obitam
1108 4130 1470 4198 cognitionem
1507 4128 1646 4181 hanc
1674 4143 1703 4180 a
1734 4127 1896 4182 Patre

326 4223 621 4292 acceperit.
660 4224 730 4275 At
770 4221 955 4277 sanior
999 4229 1082 4275 est
1131 4236 1251 4285 ante
1290 4219 1451 4290 paulo
1489 4230 1610 4287 post
1648 4220 1898 4287 sequitur

325 4312 433 4368 loci
463 4312 700 4382 ejusdem
730 4312 1017 4383 expositio,
1048 4323 1276 4367 eatenus
1310 4326 1504 4380 nempe
1539 4312 1727 4366 horam
1754 4310 1895 4365 hanc

410 4449 453 4482 “
476 4452 667 4508 Matth.
696 4468 846 4519 XXIV,
877 4452 967 4507 36.
1046 4454 1089 4484 "
1113 4452 1308 4522 Philip.
1337 4467 1401 4516 tt,
1430 4453 1476 4521 .9

2000 2200 2403 2272 ὑπερεχόμενον
2462 2202 2738 2267 τοσοῦτον,
2770 2202 2804 2273 ἢ
2842 2200 2934 2254 καὶ
2976 2200 3133 2254 πλέον
3176 2202 3283 2255 ἀπὸ
3325 2201 3419 2255 τοῦ
3463 2202 3574 2257 Ila-

1997 2291 2145 2362 τρὸς,
2178 2291 2286 2361 ὅσῳ
2315 2290 2571 2362 ὑπερέχει
2598 2290 2758 2354 αὑτὸς
2799 2290 2892 2344 καὶ
2920 2290 2982 2344 τὸ
3008 2290 3162 2359 ἅγιον
3193 2290 3416 2361 Πνεῦμα
3459 2289 3569 2345 τῶν

1996 2379 2219 2445 λοιπῶν,
2259 2382 2320 2433 οὑ
2361 2384 2470 2435 τῶν
2508 2382 2800 2452 τυχόντων.
2850 2383 3115 2452 Spiritum
3164 2393 3411 2437 sanctum
3458 2381 3571 2438 illic

2001 2470 2142 2526 infra
2169 2472 2385 2528 Patrem
2413 2474 2703 2542 deprimit:
2736 2472 2875 2528 Filio
2892 2489 3020 2529 vero
3041 2474 3328 2542 posthabet
3353 2482 3482 2530 tom.
3504 2490 3568 2539 ιι,

1996 2565 2051 2618 in
2076 2562 2262 2629 10am,
2285 2578 2433 2618 num.
2482 2563 2549 2618 6:
2583 2564 2691 2636 (93)
2732 2563 2917 2619 Ταῦτα
2944 2565 2999 2618 δὲ
3029 2565 3256 2619 ἐπιπολὺ
3282 2566 3572 2636 ἐξήτασται

1998 2657 2328 2726 σαφέστερον
2383 2656 2512 2712 ἰδεῖν
2565 2655 2927 2728 βουλομένοις,
2993 2656 3131 2721 πῶς,
3188 2656 3238 2710 εἰ
3292 2658 3472 2711 πάντα
3503 2658 3571 2711 δι’

1995 2747 2159 2804 αὑτοῦ
2186 2750 2423 2818 ἐγένετο,
2451 2749 2545 2804 καὶ
2568 2750 2629 2803 τὸ
2653 2748 2878 2821 Πνεῦμα
2908 2749 2995 2803 διὰ
3022 2750 3114 2803 τοῦ
3146 2749 3304 2819 λόγου
3330 2750 3569 2819 ἐγένετο,

1995 2839 2052 2893 ἓν
2105 2841 2213 2894 τῶν
2270 2842 2485 2896 πάντων
2535 2841 2799 2913 τυγχάνον
2833 2842 3233 2913 ὑποδεεστέρων
3274 2840 3371 2894 τοῦ
3417 2841 3482 2894 δι’
3511 2838 3573 2897 οὗ

1994 2934 2211 3002 ἐγένετο
2235 2934 2543 3004 νοούμενον,
2572 2935 2620 2987 εἰ
2652 2934 2746 2987 καὶ
2768 2932 2941 2997 λέξεις
2962 2934 3102 2997 τινὲς
3129 2935 3400 3005 περισπᾷν
3426 2936 3574 3006 ἡμᾶς

1996 3028 2076 3090 εἰς
2114 3024 2177 3078 τὸ
2206 3027 2446 3079 ἐναντίον
2487 3024 2754 3079 δοκοῦσιν.

2072 3116 2201 3172 VIII.
2258 3117 2421 3172 Laasae
2473 3118 2675 3172 Christi
2722 3118 3020 3187 majestatis
3074 3132 3225 3172 reum
3283 3116 3571 3188 Origenem

2001 3211 2211 3280 peragit
2238 3208 2605 3280 Hieronymus
2633 3209 2795 3277 epist.
2838 3210 2930 3275 59,
2958 3210 3027 3262 ad
3052 3208 3217 3273 Avit.,
3261 3224 3379 3278 cap.
3413 3225 3451 3272 ι,
3481 3209 3574 3263 tibi

2001 3300 2123 3355 libri
2162 3302 2320 3369 primi
2354 3301 2496 3369 Περὶ
2523 3299 2726 3370 ἀρχῶν
2747 3300 2939 3355 deliria
2972 3316 3430 3363 commemorans,
3458 3300 3573 3372 (94)

2003 3394 2205 3447 dixisse
2253 3393 2400 3446 illum
2438 3401 2637 3447 notat:
2689 3409 2706 3444 ι
2736 3392 3008 3446 Christum
3067 3391 3354 3446 collatione
3398 3391 3575 3447 Patris

2004 3484 2349 3553 splendorem
2381 3499 2504 3540 esse
2533 3499 2884 3555 perparvum,
2916 3483 3008 3553 qui
3039 3486 3179 3553 apud
3215 3499 3315 3538 nos
3344 3499 3443 3554 pro
3473 3484 3575 3539 im-

2003 3575 2299 3631 becillitate
2353 3586 2538 3630 nostra
2588 3589 2814 3646 magnus
2843 3587 2965 3630 esse
3008 3574 3277 3628 videatur.
3320 3593 3339 3625 ι
3373 3573 3576 3629 Deinde

2004 3665 2193 3721 addit:
2235 3664 2348 3737 (95)
2395 3685 2414 3717 ι
2452 3666 2691 3721 Duarum
2728 3666 3057 3729 statuarum,
3096 3664 3318 3734 majoris
3362 3674 3418 3719 et
3451 3680 3576 3734 par-

2003 3757 2179 3824 vulta;
2226 3760 2388 3813 unius
2424 3774 2543 3827 quae
2599 3760 2859 3812 mundum
2900 3757 3144 3826 impleat,
3200 3766 3256 3812 et
3297 3759 3571 3828 magnitu-

2004 3850 2129 3905 dine
2169 3865 2265 3905 sua
2296 3851 2697 3920 quodammodo
2740 3849 3023 3904 invisibilis
3075 3849 3187 3915 sit;
3239 3858 3299 3903 et
3351 3849 3576 3904 alterius

2004 3958 2127 4012 qua:
2154 3946 2254 3998 sub
2276 3943 2462 3998 oculos
2487 3946 2669 4007 cadat,
2701 3942 2855 4012 ponit
2884 3940 3193 4012 exemplum
3223 3982 3238 4007 ,
3271 3940 3439 4009 priori
3473 3940 3577 3995 Pan

2005 4044 2165 4101 trem,
2198 4037 2483 4106 posteriori
2510 4036 2710 4090 Filium
2734 4049 3079 4105 comparans.
3105 4052 3125 4086 ι
3152 4032 3495 4089 Justinianus
3519 4034 3573 4087 in

2002 4126 2235 4196 epismla
2285 4129 2350 4181 ad
2399 4126 2610 4181 Menam
2661 4127 2860 4193 gradus
2907 4127 2959 4181 in
3009 4125 3277 4181 Trinitate
3325 4126 3574 4195 posuisse

2004 4219 2179 4288 ipsum
2209 4218 2326 4281 ait,
2365 4228 2419 4273 et
2447 4218 2662 4274 Patrem
2694 4217 2834 4273 Filio
2857 4217 3117 4286 majorem
3155 4217 3376 4271 lliixisse
3407 4234 3422 4270 :
3460 4227 3573 4277 tum

2004 4326 2068 4367 ex
2106 4311 2239 4381 ipsis
2266 4310 2517 4382 Origenis
2551 4310 2734 4367 verbis
2775 4310 3181 4366 accusationem
3228 4322 3387 4363 suam
3420 4323 3573 4364 com-

327 4593 737 4650 dominabitur?
766 4611 785 4643 ι
813 4593 942 4660 Quae,
962 4608 1082 4647 cum
1114 4592 1494 4646 hmreticornm
1523 4591 1745 4661 propria
1769 4606 1892 4647 esse
1930 4574 1977 4631 ί)
2074 4589 2207 4661 (91)-
2234 4588 2442 4661 Dixisse
2478 4587 2626 4640 illum
2652 4593 2819 4650 notat,
2842 4584 3113 4639 Christum
3143 4582 3421 4661 collatione
3455 4580 3570 4661 ρα-

328 4665 565 4719 nescirct
616 4673 709 4716 aut
758 4664 1142 4726 dissinmlaret,
1175 4662 1369 4716 Filium
1401 4662 1492 4716 Dei
1529 4661 1667 4730 apud
1701 4676 1891 4716 omnes

325 4734 690 4798 Christianos,
740 4752 758 4784 ι
802 4734 1080 4789 fortiorem
1141 4733 1248 4786 Deo
1317 4733 1603 4799 imperium
1652 4741 1887 4793 tenente,

329 4804 560 4871 ejusque
586 4804 867 4858 Dominum
890 4805 1017 4866 dici,
1055 4818 1119 4856 ac
1151 4804 1326 4856 solum
1346 4803 1447 4856 coli
1479 4821 1496 4851 ι
1531 4803 1885 4869 querebatur.

330 4873 606 4927 Christum
656 4888 810 4942 ergo,
865 4883 921 4925 ut
966 4890 1031 4927 ex
1068 4874 1152 4926 his
1180 4883 1357 4942 patet,
1395 4888 1498 4926 non
1534 4871 1698 4942 Deum
1732 4882 1890 4941 negat

330 4942 617 5013 Origenes,
649 4944 741 4998 sed
773 4943 931 4997 Patre
956 4941 1215 5010 majorem
1250 4943 1416 4996 Denm
1450 4958 1466 5007 ;
1509 4956 1612 4995 nec
1643 4941 1887 5013 Catholi—

328 5011 679 5078 cos'refellit,
711 5015 805 5068 sed
834 5014 1294 5074 criminationem,
1342 5013 1427 5065 cui
1466 5011 1748 5065 materiam
1794 5014 1891 5065 dc-

330 5083 527 5137 derant
558 5084 933 5137 haereticorum
977 5093 1307 5148 commenta,
1338 5098 1366 5134 a
1400 5081 1734 5150 Christianis
1765 5097 1892 5150 pro-

329 5152 526 5221 pulsat.
560 5154 618 5207 D.
644 5152 902 5207 Prudent.
923 5153 1104 5208 Maran
1128 5153 1201 5206 De
1225 5152 1429 5206 divinit.
1452 5149 1651 5204 Christ.
1688 5149 1782 5205 lib.
1814 5168 1888 5212 tv,

331 5236 457 5290 cap.
491 5223 581 5287 16,
614 5240 761 5278 ιιιιιιι.
793 5224 849 5277 5.
886 5223 1016 5278 Vide
1047 5234 1098 5278 ct
1127 5223 1335 5278 Rullum
1384 5222 1594 5290 Defens.
1625 5221 1748 5289 ﬁdei
1787 5221 1890 5274 Νι-

329 5306 492 5378 ερηω
518 5295 595 5378 ile
629 5293 748 5378 Filii
777 5292 1170 5378 egopoouciq)‘,
1198 5309 1317 5361 cap.
1341 5292 1580 5378 9.nmum.
1610 5290 1700 5355 12,
1738 5301 1793 5346 et
1820 5291 1895 5343 De

330 5362 762 5417 subordinatione
796 5362 948 5423 Filii.
980 5380 1096 5431 cap.
1121 5362 1185 5426 ‘2,
1214 5379 1364 5416 num.
1388 5362 1443 5417 6.

405 5432 517 5504 (92)
555 5434 697 5503 Πρὸς
724 5434 814 5487 τὸν
846 5430 1184 5504 βουλόμενον,
1217 5444 1321 5487 etc.
1372 5433 1507 5504 Vide
1537 5430 1893 5504 pau_ln_supra

332 5501 772 5585 observan—tinem
826 5501 878 5557 in
912 5501 1026 5558 haec
1055 5504 1307 5572 Origenis
1338 5503 1499 5557 verba
1526 5518 1540 5555 :
1586 5501 1723 5554 Ἀλλ’
1747 5501 1896 5570 ὅμως

332 5588 440 5626 των
475 5590 762 5637 τοσουτων,
799 5585 905 5629 etc.

405 5643 755 5715 (93)7Ta.6'ra.
792 5644 849 5696 δὲ
892 5642 1125 5715 ἐπιπολὺ
1172 5639 1891 5715 ἐξήτασταιηειοηΕτ-Ριι-

334 5710 476 5766 trum
502 5710 741 5767 aliorum
785 5714 1049 5768 similibus
1099 5710 1277 5767 verbis
1318 5712 1557 5767 ostendit
1588 5710 1728 5767 infra
1776 5711 1891 5781 ipse

338 5782 564 5840 liuetius
589 5799 698 5855 quo
727 5798 890 5841 sensu
922 5786 1035 5839 haec
1068 5785 1240 5854 accipi
1266 5784 1521 5840 debeant.

2000 4652 2097 4714 tris
2129 4652 2454 4725 splendorem
2501 4673 2611 4710 esse
2656 4670 2986 4724 perparuum,
3031 4665 3141 4725 etc.
3187 4652 3409 4725 Videtur
3455 4652 3573 4707 hazc

2000 4723 2306 4783 criminatio
2361 4742 2425 4780 ex
2468 4727 2535 4780 iis
2590 4726 2722 4779 locis
2765 4726 2952 4792 petita,
2993 4723 3081 4776 ubi
3131 4724 3264 4777 dicit
3307 4723 3572 4793 Origenes

2005 4818 2024 4850 ι
2069 4802 2121 4853 in
2151 4799 2309 4852 Patre
2338 4797 2514 4851 nullas
2543 4810 2663 4851 esse
2690 4796 2964 4858 tenebras,
3004 4794 3197 4848 Filium
3225 4808 3359 4847 vero
3400 4794 3450 4845 in
3492 4802 3571 4844 te-

2000 4870 2187 4923 nebris
2219 4869 2421 4922 lucere.
2455 4886 2472 4917 ι
2506 4865 2611 4919 Sed
2643 4880 2750 4934 quo
2782 4879 2941 4918 sensit
2973 4864 3027 4918 id
3062 4863 3264 4918 dixerit
3287 4878 3445 4930 supra
3474 4875 3573 4914 ex-

1998 4941 2266 5008 ponimus,
2309 4954 2460 5008 ιιιιιιιἶ
2489 4936 2543 4998 3,
2599 4938 2653 4989 in
2694 4938 2806 4989 haec
2838 4934 3040 5008 verba:
3076 4951 3095 4984 ι
3130 4934 3236 5008 sed
3266 4945 3458 5008 vereor
3491 4940 3574 4983 ta--

1997 5003 2117 5064 inen
2178 5023 2243 5062 ne
2291 5007 2358 5060 de
2406 5005 2696 5060 Platonicae
2749 5005 3008 5058 doctrinae
3060 5003 3366 5066 narthecio,
3412 5018 3431 5050 ι
3460 5010 3568 5054 etc.

1995 5077 2130 5133 Vide
2173 5088 2227 5132 et
2261 5077 2470 5131 Bullutn
2522 5076 2737 5144 Defens.
2791 5074 2917 5143 ﬁdei
2960 5071 3200 5127 Nicwna:
3231 5072 3299 5125 de
3338 5070 3464 5125 Filii
3490 5069 3570 5142 τῷ

1994 5149 2281 5220 ὁμοουσίιρ.
2324 5163 2445 5216 cap.
2482 5145 2538 5206 9.
2569 5163 2716 5199 num.
2754 5146 2837 5200 I8.

2069 5210 2838 5289 (95)7'Duarimtgstatuarum,
2886 5215 3115 5289 majoris
3184 5210 3568 5289 et__parvulg,

1999 5279 2107 5345 etc.
2166 5279 2364 5342 Exstat
2418 5287 2634 5354 quidem
2690 5279 2993 5353 exemplum
3037 5286 3167 5354 Ahoc
3245 5279 3338 5340 lib.
3400 5296 3416 5334 I
3489 5279 3571 5335 De

1996 5361 2247 5428 princip.,
2275 5373 2393 5424 cap.
2427 5352 2481 5421 2,
2515 5371 2663 5411 num.
2695 5355 2746 5409 8.
2782 5352 2886 5428 Sed
2922 5356 2990 5428 de
3034 5352 3407 5428 lncarnatione
3454 5365 3574 5428 ina-

1998 5422 2255 5483 hifestiun
2317 5422 2399 5481 est
2446 5430 2729 5494 Urigenem
2791 5425 2960 5493 loqui,
2996 5437 3051 5478 et
3099 5426 3201 5478 hoc
3251 5422 3565 5494 exemplum

2000 5500 2206 5553 idcirco
2249 5490 2583 5557 adltibereft
2620 5497 2764 5565 quod
2797 5490 3118 5549 exinaniens
3144 5509 3204 5547 se
3247 5492 3438 5565 Filius,
3472 5490 3568 5559 qui

1996 5580 2115 5623 erat
2168 5569 2217 5622 in
2275 5569 2445 5621 forma
2493 5567 2607 5625 Dei.
2638 5563 2758 5632 iper
2816 5565 2987 5633 ipsam
3017 5566 3099 5619 sui
3137 5563 3565 5633 exinanitione_m

2000 5640 2185 5694 Studet
2236 5639 2388 5692 nobis
2436 5636 2525 5690 Dei
2575 5628 2959 5705 plenitudinem
3008 5636 3405 5705 demonstrare.
3442 5628 3563 5705 ηιξ.

2002 5709 2394 5832 Ριιιά.¹Μιιιίιιι
2440 5706 2542 5780 De_
2571 5698 2771 5760 divinit.
2823 5706 3018 5760 Christi
3043 5701 3150 5779 lib.
3208 5717 3281 5769 tv,
3322 5716 3443 5772 cap.
3475 5698 3564 5775 4.6,

2002 5796 2149 5832 num.
2222 5819 2236 5832 .

2002 5796 2149 5834 num.
2188 5796 2236 5834 ι.
