  <div class='ocr_page' id='page_1' title='image "/cluster/home/n/w/nwhite01/storage/ocr_20150623/17/mdp.39015031604831/381.png"; bbox 0 0 4020 6306; ppageno 0'>
   <div class='ocr_carea' id='block_1_1' title="bbox 481 362 575 421">
    <p class='ocr_par' dir='ltr' id='par_1_1' title="bbox 481 362 575 421">
     <span class='ocr_line' id='line_1_1' title="bbox 481 362 575 421; baseline 0.021 -2"><span class='ocrx_word' id='word_1_1' title='bbox 481 362 575 421; x_wconf 74' lang='grc'><strong>751</strong></span> 
     </span>
    </p>
   </div>
   <div class='ocr_carea' id='block_1_2' title="bbox 1738 364 2422 461">
    <p class='ocr_par' dir='ltr' id='par_1_2' title="bbox 1738 364 2422 461">
     <span class='ocr_line' id='line_1_2' title="bbox 1738 364 2422 461; baseline 0 -38"><span class='ocrx_word' id='word_1_2' title='bbox 1738 368 1819 461; x_wconf 39' lang='grc' dir='ltr'><strong>Ρ..</strong></span> <span class='ocrx_word' id='word_1_3' title='bbox 1839 364 2151 460; x_wconf 59' lang='grc' dir='ltr'><strong>ΒᾼΝΙΕΠΞ</strong></span> <span class='ocrx_word' id='word_1_4' title='bbox 2188 364 2422 425; x_wconf 80' lang='lat' dir='ltr'><strong>HUETII</strong></span> 
     </span>
    </p>
   </div>
   <div class='ocr_carea' id='block_1_3' title="bbox 3608 374 3709 429">
    <p class='ocr_par' dir='ltr' id='par_1_3' title="bbox 3608 374 3709 429">
     <span class='ocr_line' id='line_1_3' title="bbox 3608 374 3709 429; baseline 0.02 -2"><span class='ocrx_word' id='word_1_5' title='bbox 3608 374 3709 429; x_wconf 65' lang='lat'><strong>75!</strong></span> 
     </span>
    </p>
   </div>
   <div class='ocr_carea' id='block_1_4' title="bbox 480 476 3711 558">
    <p class='ocr_par' dir='ltr' id='par_1_4' title="bbox 480 476 3711 558">
     <span class='ocr_line' id='line_1_4' title="bbox 480 476 3711 558; baseline 0.003 -26"><span class='ocrx_word' id='word_1_6' title='bbox 480 478 697 548; x_wconf 84' lang='lat' dir='ltr'><strong>probat.</strong></span> <span class='ocrx_word' id='word_1_7' title='bbox 761 476 830 535; x_wconf 85' lang='lat' dir='ltr'><strong>Et</strong></span> <span class='ocrx_word' id='word_1_8' title='bbox 865 478 994 551; x_wconf 91' lang='lat' dir='ltr'><strong>quid</strong></span> <span class='ocrx_word' id='word_1_9' title='bbox 1054 478 1290 552; x_wconf 90' lang='lat' dir='ltr'><strong>reliquos</strong></span> <span class='ocrx_word' id='word_1_10' title='bbox 1341 494 1770 543; x_wconf 87' lang='lat' dir='ltr'><strong>commemorare</strong></span> <span class='ocrx_word' id='word_1_11' title='bbox 1825 487 2043 555; x_wconf 87' lang='lat' dir='ltr'><strong>attinet,</strong></span> <span class='ocrx_word' id='word_1_12' title='bbox 2072 493 2120 551; x_wconf 78' lang='grc' dir='ltr'><strong>Α</strong></span> <span class='ocrx_word' id='word_1_13' title='bbox 2148 496 2389 543; x_wconf 90' lang='lat' dir='ltr'><strong>vatorem</strong></span> <span class='ocrx_word' id='word_1_14' title='bbox 2425 500 2554 557; x_wconf 84' lang='lat' dir='ltr'><strong>ergo</strong></span> <span class='ocrx_word' id='word_1_15' title='bbox 2588 484 2960 540; x_wconf 88' lang='lat' dir='ltr'><strong>universorum</strong></span> <span class='ocrx_word' id='word_1_16' title='bbox 2982 483 3159 539; x_wconf 86' lang='lat' dir='ltr'><strong>Deum</strong></span> <span class='ocrx_word' id='word_1_17' title='bbox 3185 498 3306 541; x_wconf 89' lang='lat' dir='ltr'><strong>esse</strong></span> <span class='ocrx_word' id='word_1_18' title='bbox 3334 495 3517 558; x_wconf 87' lang='lat' dir='ltr'><strong>negat,</strong></span> <span class='ocrx_word' id='word_1_19' title='bbox 3539 487 3711 546; x_wconf 88' lang='lat' dir='ltr'><strong>Deum</strong></span> 
     </span>
    </p>
   </div>
   <div class='ocr_carea' id='block_1_5' title="bbox 477 571 2041 648">
    <p class='ocr_par' dir='ltr' id='par_1_5' title="bbox 477 571 2041 648">
     <span class='ocr_line' id='line_1_5' title="bbox 477 571 2041 648; baseline 0.004 -24"><span class='ocrx_word' id='word_1_20' title='bbox 477 586 599 625; x_wconf 92' lang='lat' dir='ltr'><strong>cum</strong></span> <span class='ocrx_word' id='word_1_21' title='bbox 661 586 761 640; x_wconf 90' lang='lat' dir='ltr'><strong>par</strong></span> <span class='ocrx_word' id='word_1_22' title='bbox 811 571 883 628; x_wconf 87' lang='lat' dir='ltr'><strong>sit</strong></span> <span class='ocrx_word' id='word_1_23' title='bbox 938 572 1263 643; x_wconf 90' lang='lat' dir='ltr'><strong>scriptorum</strong></span> <span class='ocrx_word' id='word_1_24' title='bbox 1328 572 1443 629; x_wconf 82' lang='lat' dir='ltr'><strong>fere</strong></span> <span class='ocrx_word' id='word_1_25' title='bbox 1496 576 1738 631; x_wconf 92' lang='lat' dir='ltr'><strong>omnium</strong></span> <span class='ocrx_word' id='word_1_26' title='bbox 1794 578 2041 648; x_wconf 83' lang='lat' dir='ltr'><strong>querela,</strong></span> 
     </span>
    </p>
   </div>
   <div class='ocr_carea' id='block_1_6' title="bbox 476 663 2042 739">
    <p class='ocr_par' dir='ltr' id='par_1_6' title="bbox 476 663 2042 739">
     <span class='ocr_line' id='line_1_6' title="bbox 476 663 2042 739; baseline 0.006 -25"><span class='ocrx_word' id='word_1_27' title='bbox 476 672 750 734; x_wconf 82' lang='lat' dir='ltr'><strong>quotquot</strong></span> <span class='ocrx_word' id='word_1_28' title='bbox 772 663 827 716; x_wconf 87' lang='lat' dir='ltr'><strong>in</strong></span> <span class='ocrx_word' id='word_1_29' title='bbox 860 663 979 734; x_wconf 87' lang='lat' dir='ltr'><strong>ejus</strong></span> <span class='ocrx_word' id='word_1_30' title='bbox 1006 666 1352 721; x_wconf 86' lang='lat' dir='ltr'><strong>recensendis</strong></span> <span class='ocrx_word' id='word_1_31' title='bbox 1375 668 1655 723; x_wconf 89' lang='lat' dir='ltr'><strong>erroribus</strong></span> <span class='ocrx_word' id='word_1_32' title='bbox 1682 683 1902 739; x_wconf 79' lang='lat' dir='ltr'><strong>operam</strong></span> <span class='ocrx_word' id='word_1_33' title='bbox 1939 669 2042 724; x_wconf 88' lang='lat' dir='ltr'><strong>ali-</strong></span> 
     </span>
    </p>
   </div>
   <div class='ocr_carea' id='block_1_7' title="bbox 479 754 2043 828">
    <p class='ocr_par' dir='ltr' id='par_1_7' title="bbox 479 754 2043 828">
     <span class='ocr_line' id='line_1_7' title="bbox 479 754 2043 828; baseline 0.008 -24"><span class='ocrx_word' id='word_1_34' title='bbox 479 769 641 822; x_wconf 84' lang='lat' dir='ltr'><strong>quam</strong></span> <span class='ocrx_word' id='word_1_35' title='bbox 678 755 1022 824; x_wconf 84' lang='lat' dir='ltr'><strong>posuerunt?</strong></span> <span class='ocrx_word' id='word_1_36' title='bbox 1049 754 1165 811; x_wconf 85' lang='lat' dir='ltr'><strong>Non</strong></span> <span class='ocrx_word' id='word_1_37' title='bbox 1205 757 1509 813; x_wconf 88' lang='lat' dir='ltr'><strong>minoribus</strong></span> <span class='ocrx_word' id='word_1_38' title='bbox 1543 759 1791 814; x_wconf 81' lang='lat' dir='ltr'><strong>doctrina</strong></span> <span class='ocrx_word' id='word_1_39' title='bbox 1820 760 1935 828; x_wconf 88' lang='lat' dir='ltr'><strong>ejus</strong></span> <span class='ocrx_word' id='word_1_40' title='bbox 1977 762 2043 817; x_wconf 90' lang='lat' dir='ltr'><strong>de</strong></span> 
     </span>
    </p>
   </div>
   <div class='ocr_carea' id='block_1_8' title="bbox 476 846 2043 924">
    <p class='ocr_par' dir='ltr' id='par_1_8' title="bbox 476 846 2043 924">
     <span class='ocr_line' id='line_1_8' title="bbox 476 846 2043 924; baseline 0.006 -26"><span class='ocrx_word' id='word_1_41' title='bbox 476 846 681 915; x_wconf 84' lang='lat' dir='ltr'><strong>Spiritu</strong></span> <span class='ocrx_word' id='word_1_42' title='bbox 732 856 921 900; x_wconf 89' lang='lat' dir='ltr'><strong>saneto</strong></span> <span class='ocrx_word' id='word_1_43' title='bbox 967 847 1466 905; x_wconf 83' lang='lat' dir='ltr'><strong>insimulationibus</strong></span> <span class='ocrx_word' id='word_1_44' title='bbox 1506 860 1565 905; x_wconf 90' lang='lat' dir='ltr'><strong>et</strong></span> <span class='ocrx_word' id='word_1_45' title='bbox 1601 853 1871 907; x_wconf 85' lang='lat' dir='ltr'><strong>conviciis</strong></span> <span class='ocrx_word' id='word_1_46' title='bbox 1917 867 2043 924; x_wconf 88' lang='lat' dir='ltr'><strong>pro-</strong></span> 
     </span>
    </p>
   </div>
   <div class='ocr_carea' id='block_1_9' title="bbox 466 936 2041 1013">
    <p class='ocr_par' dir='ltr' id='par_1_9' title="bbox 466 936 2041 1013">
     <span class='ocr_line' id='line_1_9' title="bbox 466 936 2041 1013; baseline 0.005 -22"><span class='ocrx_word' id='word_1_47' title='bbox 466 938 647 992; x_wconf 85' lang='lat' dir='ltr'><strong>scissa</strong></span> <span class='ocrx_word' id='word_1_48' title='bbox 675 947 759 993; x_wconf 90' lang='lat' dir='ltr'><strong>est</strong></span> <span class='ocrx_word' id='word_1_49' title='bbox 795 953 823 991; x_wconf 88' lang='lat' dir='ltr'><strong>a</strong></span> <span class='ocrx_word' id='word_1_50' title='bbox 861 936 1183 1008; x_wconf 90' lang='lat' dir='ltr'><strong>Theophilo,</strong></span> <span class='ocrx_word' id='word_1_51' title='bbox 1225 940 1553 1011; x_wconf 87' lang='lat' dir='ltr'><strong>Epiphanio,</strong></span> <span class='ocrx_word' id='word_1_52' title='bbox 1598 952 1653 997; x_wconf 91' lang='lat' dir='ltr'><strong>et</strong></span> <span class='ocrx_word' id='word_1_53' title='bbox 1677 953 1876 1013; x_wconf 59' lang='lat' dir='ltr'><strong>praeter</strong></span> <span class='ocrx_word' id='word_1_54' title='bbox 1907 944 2041 999; x_wconf 89' lang='lat' dir='ltr'><strong>alios</strong></span> 
     </span>
    </p>
   </div>
   <div class='ocr_carea' id='block_1_10' title="bbox 475 1028 2041 1104">
    <p class='ocr_par' dir='ltr' id='par_1_10' title="bbox 475 1028 2041 1104">
     <span class='ocr_line' id='line_1_10' title="bbox 475 1028 2041 1104; baseline 0.006 -22"><span class='ocrx_word' id='word_1_55' title='bbox 475 1045 505 1082; x_wconf 89' lang='lat' dir='ltr'><strong>a</strong></span> <span class='ocrx_word' id='word_1_56' title='bbox 542 1028 761 1096; x_wconf 85' lang='lat' dir='ltr'><strong>Basilio,</strong></span> <span class='ocrx_word' id='word_1_57' title='bbox 802 1030 893 1100; x_wconf 88' lang='lat' dir='ltr'><strong>qui</strong></span> <span class='ocrx_word' id='word_1_58' title='bbox 927 1028 1049 1084; x_wconf 88' lang='lat' dir='ltr'><strong>libri</strong></span> <span class='ocrx_word' id='word_1_59' title='bbox 1090 1030 1167 1085; x_wconf 89' lang='lat' dir='ltr'><strong>De</strong></span> <span class='ocrx_word' id='word_1_60' title='bbox 1218 1031 1424 1100; x_wconf 75' lang='lat' dir='ltr'><strong>Spiritu</strong></span> <span class='ocrx_word' id='word_1_61' title='bbox 1472 1044 1679 1098; x_wconf 87' lang='lat' dir='ltr'><strong>sancto,</strong></span> <span class='ocrx_word' id='word_1_62' title='bbox 1708 1050 1827 1104; x_wconf 89' lang='lat' dir='ltr'><strong>cap.</strong></span> <span class='ocrx_word' id='word_1_63' title='bbox 1859 1035 1951 1102; x_wconf 74' lang='grc'><strong>29,</strong></span> <span class='ocrx_word' id='word_1_64' title='bbox 1986 1046 2041 1090; x_wconf 91' lang='lat' dir='ltr'><strong>et</strong></span> 
     </span>
    </p>
   </div>
   <div class='ocr_carea' id='block_1_11' title="bbox 472 1119 2041 1192">
    <p class='ocr_par' dir='ltr' id='par_1_11' title="bbox 472 1119 2041 1192">
     <span class='ocr_line' id='line_1_11' title="bbox 472 1119 2041 1192; baseline 0.007 -20"><span class='ocrx_word' id='word_1_65' title='bbox 472 1120 638 1190; x_wconf 88' lang='lat' dir='ltr'><strong>epist.</strong></span> <span class='ocrx_word' id='word_1_66' title='bbox 670 1119 760 1188; x_wconf 73' lang='grc'><strong>41,</strong></span> <span class='ocrx_word' id='word_1_67' title='bbox 799 1121 1087 1192; x_wconf 88' lang='lat' dir='ltr'><strong>Origenem</strong></span> <span class='ocrx_word' id='word_1_68' title='bbox 1128 1122 1194 1177; x_wconf 92' lang='lat' dir='ltr'><strong>de</strong></span> <span class='ocrx_word' id='word_1_69' title='bbox 1241 1123 1443 1192; x_wconf 82' lang='lat' dir='ltr'><strong>Spiritu</strong></span> <span class='ocrx_word' id='word_1_70' title='bbox 1496 1135 1685 1181; x_wconf 89' lang='lat' dir='ltr'><strong>sancto</strong></span> <span class='ocrx_word' id='word_1_71' title='bbox 1738 1126 1880 1181; x_wconf 91' lang='lat' dir='ltr'><strong>male</strong></span> <span class='ocrx_word' id='word_1_72' title='bbox 1922 1142 2041 1183; x_wconf 91' lang='lat' dir='ltr'><strong>sen-</strong></span> 
     </span>
    </p>
   </div>
   <div class='ocr_carea' id='block_1_12' title="bbox 471 1213 2039 1285">
    <p class='ocr_par' dir='ltr' id='par_1_12' title="bbox 471 1213 2039 1285">
     <span class='ocr_line' id='line_1_12' title="bbox 471 1213 2039 1285; baseline 0.004 -18"><span class='ocrx_word' id='word_1_73' title='bbox 471 1213 720 1277; x_wconf 87' lang='lat' dir='ltr'><strong>tientem,</strong></span> <span class='ocrx_word' id='word_1_74' title='bbox 764 1214 807 1268; x_wconf 88' lang='lat' dir='ltr'><strong>si</strong></span> <span class='ocrx_word' id='word_1_75' title='bbox 839 1215 1055 1283; x_wconf 87' lang='lat' dir='ltr'><strong>quando</strong></span> <span class='ocrx_word' id='word_1_76' title='bbox 1101 1224 1251 1270; x_wconf 87' lang='lat' dir='ltr'><strong>recte</strong></span> <span class='ocrx_word' id='word_1_77' title='bbox 1296 1216 1510 1271; x_wconf 90' lang='lat' dir='ltr'><strong>locutus</strong></span> <span class='ocrx_word' id='word_1_78' title='bbox 1541 1229 1645 1285; x_wconf 91' lang='lat' dir='ltr'><strong>est,</strong></span> <span class='ocrx_word' id='word_1_79' title='bbox 1673 1219 1723 1272; x_wconf 92' lang='lat' dir='ltr'><strong>vi</strong></span> <span class='ocrx_word' id='word_1_80' title='bbox 1747 1229 2039 1273; x_wconf 82' lang='lat' dir='ltr'><strong>consuetu-</strong></span> 
     </span>
    </p>
   </div>
   <div class='ocr_carea' id='block_1_13' title="bbox 462 1304 2035 1379">
    <p class='ocr_par' dir='ltr' id='par_1_13' title="bbox 462 1304 2035 1379">
     <span class='ocr_line' id='line_1_13' title="bbox 462 1304 2035 1379; baseline 0.005 -23"><span class='ocrx_word' id='word_1_81' title='bbox 462 1304 615 1360; x_wconf 83' lang='lat' dir='ltr'><strong>diuis</strong></span> <span class='ocrx_word' id='word_1_82' title='bbox 648 1312 704 1358; x_wconf 89' lang='lat' dir='ltr'><strong>et</strong></span> <span class='ocrx_word' id='word_1_83' title='bbox 739 1305 1049 1361; x_wconf 81' lang='lat' dir='ltr'><strong>traditionis</strong></span> <span class='ocrx_word' id='word_1_84' title='bbox 1088 1308 1290 1361; x_wconf 89' lang='lat' dir='ltr'><strong>victum</strong></span> <span class='ocrx_word' id='word_1_85' title='bbox 1339 1308 1504 1363; x_wconf 83' lang='lat' dir='ltr'><strong>fuisse</strong></span> <span class='ocrx_word' id='word_1_86' title='bbox 1543 1310 1753 1364; x_wconf 83' lang='lat' dir='ltr'><strong>scribit.</strong></span> <span class='ocrx_word' id='word_1_87' title='bbox 1779 1310 2035 1379; x_wconf 85' lang='lat' dir='ltr'><strong>Ejusdem</strong></span> 
     </span>
    </p>
   </div>
   <div class='ocr_carea' id='block_1_14' title="bbox 462 1395 2033 1471">
    <p class='ocr_par' dir='ltr' id='par_1_14' title="bbox 462 1395 2033 1471">
     <span class='ocr_line' id='line_1_14' title="bbox 462 1395 2033 1471; baseline 0.006 -25"><span class='ocrx_word' id='word_1_88' title='bbox 462 1395 633 1448; x_wconf 83' lang='lat' dir='ltr'><strong>etiam</strong></span> <span class='ocrx_word' id='word_1_89' title='bbox 688 1411 842 1451; x_wconf 66' lang='lat' dir='ltr'><strong>noxae</strong></span> <span class='ocrx_word' id='word_1_90' title='bbox 906 1398 1191 1452; x_wconf 80' lang='lat' dir='ltr'><strong>arcessivit</strong></span> <span class='ocrx_word' id='word_1_91' title='bbox 1246 1400 1556 1471; x_wconf 87' lang='lat' dir='ltr'><strong>Dionysium</strong></span> <span class='ocrx_word' id='word_1_92' title='bbox 1610 1400 2033 1456; x_wconf 86' lang='lat' dir='ltr'><strong>Alexandrinum</strong></span> 
     </span>
    </p>
   </div>
   <div class='ocr_carea' id='block_1_15' title="bbox 464 1482 2037 1556">
    <p class='ocr_par' dir='ltr' id='par_1_15' title="bbox 464 1482 2037 1556">
     <span class='ocr_line' id='line_1_15' title="bbox 464 1482 2037 1556; baseline 0.006 -16"><span class='ocrx_word' id='word_1_93' title='bbox 464 1482 722 1556; x_wconf 84' lang='lat' dir='ltr'><strong>Origenis</strong></span> <span class='ocrx_word' id='word_1_94' title='bbox 754 1487 1075 1556; x_wconf 92' lang='lat' dir='ltr'><strong>discipulum</strong></span> <span class='ocrx_word' id='word_1_95' title='bbox 1104 1507 1116 1542; x_wconf 93' lang='lat'><strong>:</strong></span> <span class='ocrx_word' id='word_1_96' title='bbox 1144 1489 1281 1544; x_wconf 90' lang='lat' dir='ltr'><strong>adeo</strong></span> <span class='ocrx_word' id='word_1_97' title='bbox 1309 1500 1369 1544; x_wconf 90' lang='lat' dir='ltr'><strong>ut</strong></span> <span class='ocrx_word' id='word_1_98' title='bbox 1399 1507 1465 1545; x_wconf 87' lang='lat' dir='ltr'><strong>ex</strong></span> <span class='ocrx_word' id='word_1_99' title='bbox 1508 1492 1820 1547; x_wconf 86' lang='lat' dir='ltr'><strong>Adamantii</strong></span> <span class='ocrx_word' id='word_1_100' title='bbox 1851 1494 2037 1550; x_wconf 83' lang='lat' dir='ltr'><strong>schola</strong></span> 
     </span>
    </p>
   </div>
   <div class='ocr_carea' id='block_1_16' title="bbox 467 1577 2032 1651">
    <p class='ocr_par' dir='ltr' id='par_1_16' title="bbox 467 1577 2032 1651">
     <span class='ocr_line' id='line_1_16' title="bbox 467 1577 2032 1651; baseline 0.008 -23"><span class='ocrx_word' id='word_1_101' title='bbox 467 1577 628 1645; x_wconf 90' lang='lat' dir='ltr'><strong>primi</strong></span> <span class='ocrx_word' id='word_1_102' title='bbox 657 1578 897 1631; x_wconf 86' lang='lat' dir='ltr'><strong>omnium</strong></span> <span class='ocrx_word' id='word_1_103' title='bbox 935 1578 1194 1633; x_wconf 86' lang='lat' dir='ltr'><strong>adversus</strong></span> <span class='ocrx_word' id='word_1_104' title='bbox 1223 1580 1479 1651; x_wconf 89' lang='lat' dir='ltr'><strong>Spiritum</strong></span> <span class='ocrx_word' id='word_1_105' title='bbox 1533 1594 1782 1639; x_wconf 89' lang='lat' dir='ltr'><strong>sanctum</strong></span> <span class='ocrx_word' id='word_1_106' title='bbox 1816 1600 2032 1641; x_wconf 91' lang='lat' dir='ltr'><strong>errores</strong></span> 
     </span>
    </p>
   </div>
   <div class='ocr_carea' id='block_1_17' title="bbox 462 1668 2037 1748">
    <p class='ocr_par' dir='ltr' id='par_1_17' title="bbox 462 1668 2037 1748">
     <span class='ocr_line' id='line_1_17' title="bbox 462 1668 2037 1748; baseline 0.007 -27"><span class='ocrx_word' id='word_1_107' title='bbox 462 1668 753 1722; x_wconf 81' lang='lat' dir='ltr'><strong>videantur</strong></span> <span class='ocrx_word' id='word_1_108' title='bbox 784 1669 1071 1724; x_wconf 81' lang='lat' dir='ltr'><strong>exstitisse.</strong></span> <span class='ocrx_word' id='word_1_109' title='bbox 1096 1670 1177 1723; x_wconf 81' lang='lat' dir='ltr'><strong>Ad</strong></span> <span class='ocrx_word' id='word_1_110' title='bbox 1212 1673 1439 1727; x_wconf 84' lang='lat' dir='ltr'><strong>aliorum</strong></span> <span class='ocrx_word' id='word_1_111' title='bbox 1470 1675 1885 1732; x_wconf 88' lang='lat' dir='ltr'><strong>criminationes</strong></span> <span class='ocrx_word' id='word_1_112' title='bbox 1907 1678 2037 1748; x_wconf 59' lang='lat' dir='ltr'><strong>adjic</strong></span> 
     </span>
    </p>
   </div>
   <div class='ocr_carea' id='block_1_18' title="bbox 456 1759 2027 1837">
    <p class='ocr_par' dir='ltr' id='par_1_18' title="bbox 456 1759 2027 1837">
     <span class='ocr_line' id='line_1_18' title="bbox 456 1759 2027 1837; baseline 0.006 -23"><span class='ocrx_word' id='word_1_113' title='bbox 456 1762 541 1814; x_wconf 77' lang='lat' dir='ltr'><strong>cit</strong></span> <span class='ocrx_word' id='word_1_114' title='bbox 566 1759 928 1831; x_wconf 83' lang='lat' dir='ltr'><strong>Hieronymus</strong></span> <span class='ocrx_word' id='word_1_115' title='bbox 960 1762 1049 1817; x_wconf 86' lang='lat' dir='ltr'><strong>lib.</strong></span> <span class='ocrx_word' id='word_1_116' title='bbox 1086 1779 1123 1818; x_wconf 86' lang='grc' dir='ltr'>ιι</span> <span class='ocrx_word' id='word_1_117' title='bbox 1168 1762 1323 1831; x_wconf 82' lang='lat' dir='ltr'><strong>Apol.</strong></span> <span class='ocrx_word' id='word_1_118' title='bbox 1355 1766 1557 1820; x_wconf 78' lang='lat' dir='ltr'><strong>advers.</strong></span> <span class='ocrx_word' id='word_1_119' title='bbox 1590 1765 1797 1836; x_wconf 82' lang='lat' dir='ltr'><strong>Rnﬁn.,</strong></span> <span class='ocrx_word' id='word_1_120' title='bbox 1829 1783 1947 1837; x_wconf 89' lang='lat' dir='ltr'><strong>cap.</strong></span> <span class='ocrx_word' id='word_1_121' title='bbox 1973 1769 2027 1834; x_wconf 78' lang='lat'><strong>5,</strong></span> 
     </span>
    </p>
   </div>
   <div class='ocr_carea' id='block_1_19' title="bbox 2144 575 3713 650">
    <p class='ocr_par' dir='ltr' id='par_1_19' title="bbox 2144 575 3713 650">
     <span class='ocr_line' id='line_1_19' title="bbox 2144 575 3713 650; baseline 0.001 -16"><span class='ocrx_word' id='word_1_122' title='bbox 2144 578 2388 650; x_wconf 90' lang='lat' dir='ltr'><strong>intellige</strong></span> <span class='ocrx_word' id='word_1_123' title='bbox 2416 592 2445 632; x_wconf 92' lang='lat' dir='ltr'><strong>a</strong></span> <span class='ocrx_word' id='word_1_124' title='bbox 2472 591 2552 640; x_wconf 91' lang='lat' dir='ltr'><strong>se,</strong></span> <span class='ocrx_word' id='word_1_125' title='bbox 2592 589 2685 631; x_wconf 88' lang='lat' dir='ltr'><strong>seu</strong></span> <span class='ocrx_word' id='word_1_126' title='bbox 2717 575 2993 632; x_wconf 82' lang='grc' dir='ltr'><strong>αὐτόθεον.</strong></span> <span class='ocrx_word' id='word_1_127' title='bbox 3034 575 3169 631; x_wconf 92' lang='lat' dir='ltr'><strong>Cum</strong></span> <span class='ocrx_word' id='word_1_128' title='bbox 3200 578 3448 632; x_wconf 89' lang='lat' dir='ltr'><strong>eumdem</strong></span> <span class='ocrx_word' id='word_1_129' title='bbox 3495 581 3713 636; x_wconf 84' lang='lat' dir='ltr'><strong>univer-</strong></span> 
     </span>
    </p>
   </div>
   <div class='ocr_carea' id='block_1_20' title="bbox 2148 667 3709 741">
    <p class='ocr_par' dir='ltr' id='par_1_20' title="bbox 2148 667 3709 741">
     <span class='ocr_line' id='line_1_20' title="bbox 2148 667 3709 741; baseline 0 -15"><span class='ocrx_word' id='word_1_130' title='bbox 2148 686 2336 726; x_wconf 83' lang='lat' dir='ltr'><strong>sorum</strong></span> <span class='ocrx_word' id='word_1_131' title='bbox 2377 669 2545 725; x_wconf 89' lang='lat' dir='ltr'><strong>Deum</strong></span> <span class='ocrx_word' id='word_1_132' title='bbox 2578 682 2700 723; x_wconf 89' lang='lat' dir='ltr'><strong>esse</strong></span> <span class='ocrx_word' id='word_1_133' title='bbox 2742 670 2957 734; x_wconf 87' lang='lat' dir='ltr'><strong>asserit,</strong></span> <span class='ocrx_word' id='word_1_134' title='bbox 2991 667 3161 721; x_wconf 86' lang='lat' dir='ltr'><strong>Deum</strong></span> <span class='ocrx_word' id='word_1_135' title='bbox 3198 668 3444 739; x_wconf 89' lang='lat' dir='ltr'><strong>intellige</strong></span> <span class='ocrx_word' id='word_1_136' title='bbox 3468 686 3498 724; x_wconf 93' lang='lat' dir='ltr'><strong>a</strong></span> <span class='ocrx_word' id='word_1_137' title='bbox 3528 670 3709 741; x_wconf 81' lang='lat' dir='ltr'><strong>Patre,</strong></span> 
     </span>
    </p>
   </div>
   <div class='ocr_carea' id='block_1_21' title="bbox 2142 758 3711 832">
    <p class='ocr_par' dir='ltr' id='par_1_21' title="bbox 2142 758 3711 832">
     <span class='ocr_line' id='line_1_21' title="bbox 2142 758 3711 832; baseline 0.001 -15"><span class='ocrx_word' id='word_1_138' title='bbox 2142 762 2259 817; x_wconf 84' lang='lat' dir='ltr'><strong>sive</strong></span> <span class='ocrx_word' id='word_1_139' title='bbox 2294 763 2460 817; x_wconf 89' lang='lat' dir='ltr'><strong>Deum</strong></span> <span class='ocrx_word' id='word_1_140' title='bbox 2491 760 2557 814; x_wconf 93' lang='lat' dir='ltr'><strong>de</strong></span> <span class='ocrx_word' id='word_1_141' title='bbox 2593 759 2720 814; x_wconf 83' lang='lat' dir='ltr'><strong>Deo.</strong></span> <span class='ocrx_word' id='word_1_142' title='bbox 2755 758 2907 813; x_wconf 87' lang='lat' dir='ltr'><strong>Facit</strong></span> <span class='ocrx_word' id='word_1_143' title='bbox 2936 759 3101 813; x_wconf 90' lang='lat' dir='ltr'><strong>etiam</strong></span> <span class='ocrx_word' id='word_1_144' title='bbox 3136 774 3235 828; x_wconf 93' lang='lat' dir='ltr'><strong>pro</strong></span> <span class='ocrx_word' id='word_1_145' title='bbox 3277 758 3532 832; x_wconf 88' lang='lat' dir='ltr'><strong>Origene.</strong></span> <span class='ocrx_word' id='word_1_146' title='bbox 3568 766 3711 832; x_wconf 89' lang='lat' dir='ltr'><strong>quod</strong></span> 
     </span>
    </p>
   </div>
   <div class='ocr_carea' id='block_1_22' title="bbox 2143 849 3706 923">
    <p class='ocr_par' dir='ltr' id='par_1_22' title="bbox 2143 849 3706 923">
     <span class='ocr_line' id='line_1_22' title="bbox 2143 849 3706 923; baseline 0.001 -15"><span class='ocrx_word' id='word_1_147' title='bbox 2143 853 2378 909; x_wconf 85' lang='lat' dir='ltr'><strong>maxima</strong></span> <span class='ocrx_word' id='word_1_148' title='bbox 2406 851 2651 907; x_wconf 87' lang='lat' dir='ltr'><strong>locorum</strong></span> <span class='ocrx_word' id='word_1_149' title='bbox 2682 850 2916 913; x_wconf 90' lang='lat' dir='ltr'><strong>illorum,</strong></span> <span class='ocrx_word' id='word_1_150' title='bbox 2948 852 3144 920; x_wconf 90' lang='lat' dir='ltr'><strong>quibus</strong></span> <span class='ocrx_word' id='word_1_151' title='bbox 3200 849 3322 905; x_wconf 86' lang='lat' dir='ltr'><strong>Filii</strong></span> <span class='ocrx_word' id='word_1_152' title='bbox 3357 853 3706 923; x_wconf 88' lang='lat' dir='ltr'><strong>majestatem</strong></span> 
     </span>
    </p>
   </div>
   <div class='ocr_carea' id='block_1_23' title="bbox 2142 942 3717 1015">
    <p class='ocr_par' dir='ltr' id='par_1_23' title="bbox 2142 942 3717 1015">
     <span class='ocr_line' id='line_1_23' title="bbox 2142 942 3717 1015; baseline 0 -15"><span class='ocrx_word' id='word_1_153' title='bbox 2142 945 2434 1010; x_wconf 88' lang='lat' dir='ltr'><strong>imminuit,</strong></span> <span class='ocrx_word' id='word_1_154' title='bbox 2469 958 2597 1014; x_wconf 87' lang='lat' dir='ltr'><strong>pars</strong></span> <span class='ocrx_word' id='word_1_155' title='bbox 2624 958 2655 999; x_wconf 90' lang='lat' dir='ltr'><strong>e</strong></span> <span class='ocrx_word' id='word_1_156' title='bbox 2687 942 3088 997; x_wconf 76' lang='lat' dir='ltr'><strong>Commentariis</strong></span> <span class='ocrx_word' id='word_1_157' title='bbox 3118 944 3174 996; x_wconf 87' lang='lat' dir='ltr'><strong>in</strong></span> <span class='ocrx_word' id='word_1_158' title='bbox 3195 943 3456 998; x_wconf 79' lang='lat' dir='ltr'><strong>Joannem</strong></span> <span class='ocrx_word' id='word_1_159' title='bbox 3482 954 3568 999; x_wconf 85' lang='lat' dir='ltr'><strong>est</strong></span> <span class='ocrx_word' id='word_1_160' title='bbox 3596 960 3717 1015; x_wconf 85' lang='lat' dir='ltr'><strong>pro-</strong></span> 
     </span>
    </p>
   </div>
   <div class='ocr_carea' id='block_1_24' title="bbox 2144 1032 3710 1107">
    <p class='ocr_par' dir='ltr' id='par_1_24' title="bbox 2144 1032 3710 1107">
     <span class='ocr_line' id='line_1_24' title="bbox 2144 1032 3710 1107; baseline -0.001 -15"><span class='ocrx_word' id='word_1_161' title='bbox 2144 1036 2307 1102; x_wconf 81' lang='lat' dir='ltr'><strong>fecta,</strong></span> <span class='ocrx_word' id='word_1_162' title='bbox 2354 1050 2492 1107; x_wconf 90' lang='lat' dir='ltr'><strong>quos</strong></span> <span class='ocrx_word' id='word_1_163' title='bbox 2539 1034 2800 1090; x_wconf 87' lang='lat' dir='ltr'><strong>adversus</strong></span> <span class='ocrx_word' id='word_1_164' title='bbox 2853 1032 3256 1088; x_wconf 83' lang='lat' dir='ltr'><strong>Marcionistam</strong></span> <span class='ocrx_word' id='word_1_165' title='bbox 3314 1034 3710 1092; x_wconf 82' lang='lat' dir='ltr'><strong>Heracleonem</strong></span> 
     </span>
    </p>
   </div>
   <div class='ocr_carea' id='block_1_25' title="bbox 2139 1126 3711 1198">
    <p class='ocr_par' dir='ltr' id='par_1_25' title="bbox 2139 1126 3711 1198">
     <span class='ocr_line' id='line_1_25' title="bbox 2139 1126 3711 1198; baseline -0.001 -15"><span class='ocrx_word' id='word_1_166' title='bbox 2139 1130 2454 1198; x_wconf 88' lang='lat' dir='ltr'><strong>scripserat.</strong></span> <span class='ocrx_word' id='word_1_167' title='bbox 2500 1127 2555 1181; x_wconf 86' lang='lat' dir='ltr'><strong>Id</strong></span> <span class='ocrx_word' id='word_1_168' title='bbox 2608 1135 2784 1181; x_wconf 91' lang='lat' dir='ltr'><strong>autem</strong></span> <span class='ocrx_word' id='word_1_169' title='bbox 2835 1134 2955 1180; x_wconf 91' lang='lat' dir='ltr'><strong>erat</strong></span> <span class='ocrx_word' id='word_1_170' title='bbox 3009 1135 3166 1181; x_wconf 71' lang='lat' dir='ltr'><strong>secta:</strong></span> <span class='ocrx_word' id='word_1_171' title='bbox 3215 1126 3375 1197; x_wconf 83' lang='lat' dir='ltr'><strong>hujus</strong></span> <span class='ocrx_word' id='word_1_172' title='bbox 3431 1126 3711 1194; x_wconf 87' lang='lat' dir='ltr'><strong>delirium,</strong></span> 
     </span>
    </p>
   </div>
   <div class='ocr_carea' id='block_1_26' title="bbox 2139 1215 3711 1288">
    <p class='ocr_par' dir='ltr' id='par_1_26' title="bbox 2139 1215 3711 1288">
     <span class='ocr_line' id='line_1_26' title="bbox 2139 1215 3711 1288; baseline 0 -16"><span class='ocrx_word' id='word_1_173' title='bbox 2139 1218 2384 1288; x_wconf 90' lang='lat' dir='ltr'><strong>opiﬁcem</strong></span> <span class='ocrx_word' id='word_1_174' title='bbox 2442 1217 2627 1272; x_wconf 91' lang='lat' dir='ltr'><strong>mundi</strong></span> <span class='ocrx_word' id='word_1_175' title='bbox 2681 1215 2849 1270; x_wconf 92' lang='lat' dir='ltr'><strong>Deum</strong></span> <span class='ocrx_word' id='word_1_176' title='bbox 2910 1216 3073 1270; x_wconf 89' lang='lat' dir='ltr'><strong>alium</strong></span> <span class='ocrx_word' id='word_1_177' title='bbox 3129 1232 3251 1272; x_wconf 83' lang='lat' dir='ltr'><strong>esse</strong></span> <span class='ocrx_word' id='word_1_178' title='bbox 3284 1233 3313 1270; x_wconf 87' lang='lat' dir='ltr'><strong>a</strong></span> <span class='ocrx_word' id='word_1_179' title='bbox 3356 1218 3464 1273; x_wconf 91' lang='lat' dir='ltr'><strong>Deo</strong></span> <span class='ocrx_word' id='word_1_180' title='bbox 3500 1218 3711 1275; x_wconf 79' lang='lat' dir='ltr'><strong>Christi</strong></span> 
     </span>
    </p>
   </div>
   <div class='ocr_carea' id='block_1_27' title="bbox 2137 1308 3708 1379">
    <p class='ocr_par' dir='ltr' id='par_1_27' title="bbox 2137 1308 3708 1379">
     <span class='ocr_line' id='line_1_27' title="bbox 2137 1308 3708 1379; baseline 0.001 -14"><span class='ocrx_word' id='word_1_181' title='bbox 2137 1309 2321 1376; x_wconf 88' lang='lat' dir='ltr'><strong>Patre,</strong></span> <span class='ocrx_word' id='word_1_182' title='bbox 2361 1311 2586 1379; x_wconf 89' lang='lat' dir='ltr'><strong>ipsoque</strong></span> <span class='ocrx_word' id='word_1_183' title='bbox 2629 1323 2693 1363; x_wconf 85' lang='lat' dir='ltr'><strong>ac</strong></span> <span class='ocrx_word' id='word_1_184' title='bbox 2726 1308 2950 1364; x_wconf 80' lang='lat' dir='ltr'><strong>Christo</strong></span> <span class='ocrx_word' id='word_1_185' title='bbox 3020 1308 3355 1363; x_wconf 79' lang='lat' dir='ltr'><strong>inferiorem.</strong></span> <span class='ocrx_word' id='word_1_186' title='bbox 3407 1309 3526 1376; x_wconf 83' lang='lat' dir='ltr'><strong>Quo</strong></span> <span class='ocrx_word' id='word_1_187' title='bbox 3567 1311 3708 1366; x_wconf 82' lang='lat' dir='ltr'><strong>faci-</strong></span> 
     </span>
    </p>
   </div>
   <div class='ocr_carea' id='block_1_28' title="bbox 2138 1394 3706 1473">
    <p class='ocr_par' dir='ltr' id='par_1_28' title="bbox 2138 1394 3706 1473">
     <span class='ocr_line' id='line_1_28' title="bbox 2138 1394 3706 1473; baseline 0 -16"><span class='ocrx_word' id='word_1_188' title='bbox 2138 1394 2252 1459; x_wconf 52' lang='lat' dir='ltr'><strong>lius&#39;</strong></span> <span class='ocrx_word' id='word_1_189' title='bbox 2290 1412 2654 1457; x_wconf 88' lang='lat' dir='ltr'><strong>commentum</strong></span> <span class='ocrx_word' id='word_1_190' title='bbox 2713 1400 2975 1470; x_wconf 85' lang='lat' dir='ltr'><strong>ejusmodi</strong></span> <span class='ocrx_word' id='word_1_191' title='bbox 3033 1400 3345 1471; x_wconf 80' lang='lat' dir='ltr'><strong>proﬂigaret</strong></span> <span class='ocrx_word' id='word_1_192' title='bbox 3412 1400 3706 1473; x_wconf 78' lang='lat' dir='ltr'><strong>Origenes,</strong></span> 
     </span>
    </p>
   </div>
   <div class='ocr_carea' id='block_1_29' title="bbox 2138 1491 3709 1562">
    <p class='ocr_par' dir='ltr' id='par_1_29' title="bbox 2138 1491 3709 1562">
     <span class='ocr_line' id='line_1_29' title="bbox 2138 1491 3709 1562; baseline -0.002 -12"><span class='ocrx_word' id='word_1_193' title='bbox 2138 1494 2468 1550; x_wconf 84' lang='lat' dir='ltr'><strong>contrariam</strong></span> <span class='ocrx_word' id='word_1_194' title='bbox 2495 1492 2725 1547; x_wconf 81' lang='lat' dir='ltr'><strong>astruxit</strong></span> <span class='ocrx_word' id='word_1_195' title='bbox 2751 1491 3096 1555; x_wconf 89' lang='lat' dir='ltr'><strong>sententiam,</strong></span> <span class='ocrx_word' id='word_1_196' title='bbox 3125 1493 3480 1562; x_wconf 87' lang='lat' dir='ltr'><strong>probavilque</strong></span> <span class='ocrx_word' id='word_1_197' title='bbox 3520 1494 3709 1547; x_wconf 88' lang='lat' dir='ltr'><strong>mundi</strong></span> 
     </span>
    </p>
   </div>
   <div class='ocr_carea' id='block_1_30' title="bbox 2136 1578 3710 1650">
    <p class='ocr_par' dir='ltr' id='par_1_30' title="bbox 2136 1578 3710 1650">
     <span class='ocr_line' id='line_1_30' title="bbox 2136 1578 3710 1650; baseline 0 -15"><span class='ocrx_word' id='word_1_198' title='bbox 2136 1581 2385 1650; x_wconf 88' lang='lat' dir='ltr'><strong>opiﬁcem</strong></span> <span class='ocrx_word' id='word_1_199' title='bbox 2446 1580 2612 1633; x_wconf 87' lang='lat' dir='ltr'><strong>Deum</strong></span> <span class='ocrx_word' id='word_1_200' title='bbox 2656 1578 2874 1634; x_wconf 88' lang='lat' dir='ltr'><strong>Christo</strong></span> <span class='ocrx_word' id='word_1_201' title='bbox 2921 1578 3179 1649; x_wconf 83' lang='lat' dir='ltr'><strong>majorem</strong></span> <span class='ocrx_word' id='word_1_202' title='bbox 3212 1596 3333 1635; x_wconf 88' lang='lat' dir='ltr'><strong>esse</strong></span> <span class='ocrx_word' id='word_1_203' title='bbox 3367 1597 3432 1636; x_wconf 90' lang='lat' dir='ltr'><strong>ac</strong></span> <span class='ocrx_word' id='word_1_204' title='bbox 3459 1584 3710 1649; x_wconf 82' lang='lat' dir='ltr'><strong>superio-</strong></span> 
     </span>
    </p>
   </div>
   <div class='ocr_carea' id='block_1_31' title="bbox 2136 1671 3710 1741">
    <p class='ocr_par' dir='ltr' id='par_1_31' title="bbox 2136 1671 3710 1741">
     <span class='ocr_line' id='line_1_31' title="bbox 2136 1671 3710 1741; baseline 0.003 -16"><span class='ocrx_word' id='word_1_205' title='bbox 2136 1686 2274 1727; x_wconf 88' lang='lat' dir='ltr'><strong>rem.</strong></span> <span class='ocrx_word' id='word_1_206' title='bbox 2304 1671 2379 1727; x_wconf 89' lang='lat' dir='ltr'><strong>De</strong></span> <span class='ocrx_word' id='word_1_207' title='bbox 2414 1671 2615 1741; x_wconf 88' lang='lat' dir='ltr'><strong>Spiritu</strong></span> <span class='ocrx_word' id='word_1_208' title='bbox 2646 1680 2831 1726; x_wconf 89' lang='lat' dir='ltr'><strong>sancto</strong></span> <span class='ocrx_word' id='word_1_209' title='bbox 2858 1672 3156 1726; x_wconf 81' lang='lat' dir='ltr'><strong>orthodoxa</strong></span> <span class='ocrx_word' id='word_1_210' title='bbox 3192 1689 3313 1728; x_wconf 88' lang='lat' dir='ltr'><strong>eum</strong></span> <span class='ocrx_word' id='word_1_211' title='bbox 3355 1676 3557 1729; x_wconf 88' lang='lat' dir='ltr'><strong>sentire</strong></span> <span class='ocrx_word' id='word_1_212' title='bbox 3586 1690 3710 1731; x_wconf 64' lang='lat' dir='ltr'><strong>creo</strong></span> 
     </span>
    </p>
   </div>
   <div class='ocr_carea' id='block_1_32' title="bbox 2136 1764 3703 1835">
    <p class='ocr_par' dir='ltr' id='par_1_32' title="bbox 2136 1764 3703 1835">
     <span class='ocr_line' id='line_1_32' title="bbox 2136 1764 3703 1835; baseline 0.004 -18"><span class='ocrx_word' id='word_1_213' title='bbox 2136 1764 2231 1819; x_wconf 87' lang='lat' dir='ltr'><strong>das</strong></span> <span class='ocrx_word' id='word_1_214' title='bbox 2268 1766 2319 1819; x_wconf 91' lang='lat' dir='ltr'><strong>ln</strong></span> <span class='ocrx_word' id='word_1_215' title='bbox 2359 1764 2629 1817; x_wconf 67' lang='lat' dir='ltr'><strong>Prommio</strong></span> <span class='ocrx_word' id='word_1_216' title='bbox 2676 1765 2937 1820; x_wconf 83' lang='lat' dir='ltr'><strong>librorum</strong></span> <span class='ocrx_word' id='word_1_217' title='bbox 2991 1767 3127 1834; x_wconf 75' lang='grc' dir='ltr'><strong>Περὶ</strong></span> <span class='ocrx_word' id='word_1_218' title='bbox 3172 1764 3394 1835; x_wconf 76' lang='grc' dir='ltr'><strong>ἀρχῶν,</strong></span> <span class='ocrx_word' id='word_1_219' title='bbox 3450 1784 3601 1822; x_wconf 89' lang='lat' dir='ltr'><strong>num.</strong></span> <span class='ocrx_word' id='word_1_220' title='bbox 3646 1769 3703 1829; x_wconf 67' lang='grc'><strong>4.</strong></span> 
     </span>
    </p>
   </div>
   <div class='ocr_carea' id='block_1_33' title="bbox 465 1842 3703 1929">
    <p class='ocr_par' dir='ltr' id='par_1_33' title="bbox 465 1842 3703 1929">
     <span class='ocr_line' id='line_1_33' title="bbox 465 1842 3703 1929; baseline 0.004 -24"><span class='ocrx_word' id='word_1_221' title='bbox 465 1850 672 1905; x_wconf 80' lang='lat' dir='ltr'><strong>dixisse</strong></span> <span class='ocrx_word' id='word_1_222' title='bbox 707 1850 853 1906; x_wconf 91' lang='lat' dir='ltr'><strong>illum</strong></span> <span class='ocrx_word' id='word_1_223' title='bbox 879 1851 1057 1907; x_wconf 84' lang='lat' dir='ltr'><strong>Patris</strong></span> <span class='ocrx_word' id='word_1_224' title='bbox 1099 1862 1148 1908; x_wconf 91' lang='lat' dir='ltr'><strong>et</strong></span> <span class='ocrx_word' id='word_1_225' title='bbox 1184 1854 1306 1908; x_wconf 86' lang='lat' dir='ltr'><strong>Filii</strong></span> <span class='ocrx_word' id='word_1_226' title='bbox 1359 1856 1667 1911; x_wconf 90' lang='lat' dir='ltr'><strong>ministrum</strong></span> <span class='ocrx_word' id='word_1_227' title='bbox 1705 1873 1824 1913; x_wconf 90' lang='lat' dir='ltr'><strong>esse</strong></span> <span class='ocrx_word' id='word_1_228' title='bbox 1851 1859 2029 1929; x_wconf 81' lang='lat' dir='ltr'><strong>Spiri-</strong></span> <span class='ocrx_word' id='word_1_229' title='bbox 2064 1842 2105 1895; x_wconf 78' lang='grc' dir='ltr'><strong>Β</strong></span> <span class='ocrx_word' id='word_1_230' title='bbox 2145 1869 2268 1908; x_wconf 79' lang='lat' dir='ltr'><strong>Cum</strong></span> <span class='ocrx_word' id='word_1_231' title='bbox 2307 1856 2418 1909; x_wconf 75' lang='lat' dir='ltr'><strong>ait:</strong></span> <span class='ocrx_word' id='word_1_232' title='bbox 2462 1875 2480 1907; x_wconf 78' lang='grc' dir='ltr'>ι</span> <span class='ocrx_word' id='word_1_233' title='bbox 2527 1854 2663 1909; x_wconf 83' lang='lat' dir='ltr'><strong>Tum</strong></span> <span class='ocrx_word' id='word_1_234' title='bbox 2703 1857 2898 1912; x_wconf 82' lang='lat' dir='ltr'><strong>deinde</strong></span> <span class='ocrx_word' id='word_1_235' title='bbox 2924 1859 3129 1912; x_wconf 80' lang='lat' dir='ltr'><strong>honore</strong></span> <span class='ocrx_word' id='word_1_236' title='bbox 3165 1869 3218 1911; x_wconf 78' lang='lat' dir='ltr'><strong>et</strong></span> <span class='ocrx_word' id='word_1_237' title='bbox 3248 1858 3509 1928; x_wconf 69' lang='lat' dir='ltr'><strong>(ligllilale</strong></span> <span class='ocrx_word' id='word_1_238' title='bbox 3556 1859 3703 1914; x_wconf 80' lang='lat' dir='ltr'><strong>Patri</strong></span> 
     </span>
    </p>
   </div>
   <div class='ocr_carea' id='block_1_34' title="bbox 458 1942 2031 2017">
    <p class='ocr_par' dir='ltr' id='par_1_34' title="bbox 458 1942 2031 2017">
     <span class='ocr_line' id='line_1_34' title="bbox 458 1942 2031 2017; baseline 0.008 -22"><span class='ocrx_word' id='word_1_239' title='bbox 458 1948 581 1996; x_wconf 77' lang='lat' dir='ltr'><strong>tum</strong></span> <span class='ocrx_word' id='word_1_240' title='bbox 612 1951 856 1996; x_wconf 91' lang='lat' dir='ltr'><strong>sanctum</strong></span> <span class='ocrx_word' id='word_1_241' title='bbox 894 1961 909 1998; x_wconf 88' lang='lat'>:</span> <span class='ocrx_word' id='word_1_242' title='bbox 962 1953 1019 1998; x_wconf 91' lang='lat' dir='ltr'><strong>et</strong></span> <span class='ocrx_word' id='word_1_243' title='bbox 1059 1942 1393 2001; x_wconf 83' lang='lat' dir='ltr'><strong>Justinianus</strong></span> <span class='ocrx_word' id='word_1_244' title='bbox 1424 1947 1475 2001; x_wconf 92' lang='lat' dir='ltr'><strong>in</strong></span> <span class='ocrx_word' id='word_1_245' title='bbox 1504 1949 1610 2003; x_wconf 83' lang='lat' dir='ltr'><strong>line</strong></span> <span class='ocrx_word' id='word_1_246' title='bbox 1648 1950 1889 2017; x_wconf 72' lang='lat' dir='ltr'><strong>epistola:</strong></span> <span class='ocrx_word' id='word_1_247' title='bbox 1920 1966 2031 2006; x_wconf 66' lang='lat' dir='ltr'><strong>sue</strong></span> 
     </span>
    </p>
   </div>
   <div class='ocr_carea' id='block_1_35' title="bbox 466 2033 2032 2110">
    <p class='ocr_par' dir='ltr' id='par_1_35' title="bbox 466 2033 2032 2110">
     <span class='ocr_line' id='line_1_35' title="bbox 466 2033 2032 2110; baseline 0.006 -24"><span class='ocrx_word' id='word_1_248' title='bbox 466 2034 534 2088; x_wconf 88' lang='lat' dir='ltr'><strong>ad</strong></span> <span class='ocrx_word' id='word_1_249' title='bbox 567 2033 773 2087; x_wconf 85' lang='lat' dir='ltr'><strong>Menam</strong></span> <span class='ocrx_word' id='word_1_250' title='bbox 807 2034 1093 2101; x_wconf 86' lang='lat' dir='ltr'><strong>Origenem</strong></span> <span class='ocrx_word' id='word_1_251' title='bbox 1129 2036 1204 2090; x_wconf 86' lang='lat' dir='ltr'><strong>ait</strong></span> <span class='ocrx_word' id='word_1_252' title='bbox 1254 2035 1451 2091; x_wconf 88' lang='lat' dir='ltr'><strong>Filium</strong></span> <span class='ocrx_word' id='word_1_253' title='bbox 1492 2048 1545 2093; x_wconf 92' lang='lat' dir='ltr'><strong>et</strong></span> <span class='ocrx_word' id='word_1_254' title='bbox 1594 2041 1857 2110; x_wconf 84' lang='lat' dir='ltr'><strong>Spiritum</strong></span> <span class='ocrx_word' id='word_1_255' title='bbox 1904 2057 2032 2096; x_wconf 88' lang='lat' dir='ltr'><strong>san-</strong></span> 
     </span>
    </p>
   </div>
   <div class='ocr_carea' id='block_1_36' title="bbox 454 2125 2024 2197">
    <p class='ocr_par' dir='ltr' id='par_1_36' title="bbox 454 2125 2024 2197">
     <span class='ocr_line' id='line_1_36' title="bbox 454 2125 2024 2197; baseline 0.008 -20"><span class='ocrx_word' id='word_1_256' title='bbox 454 2134 609 2178; x_wconf 72' lang='lat' dir='ltr'><strong>ctum</strong></span> <span class='ocrx_word' id='word_1_257' title='bbox 654 2125 951 2196; x_wconf 88' lang='lat' dir='ltr'><strong>appellasse</strong></span> <span class='ocrx_word' id='word_1_258' title='bbox 992 2125 1337 2197; x_wconf 83' lang='grc' dir='ltr'><strong>λειτουργικὰ</strong></span> <span class='ocrx_word' id='word_1_259' title='bbox 1382 2128 1519 2197; x_wconf 79' lang='grc' dir='ltr'><strong>ζῶα,</strong></span> <span class='ocrx_word' id='word_1_260' title='bbox 1574 2149 1594 2183; x_wconf 77' lang='lat' dir='ltr'><strong>t</strong></span> <span class='ocrx_word' id='word_1_261' title='bbox 1632 2132 2024 2189; x_wconf 77' lang='lat' dir='ltr'><strong>ministratoris</strong></span> 
     </span>
    </p>
   </div>
   <div class='ocr_carea' id='block_1_37' title="bbox 452 2217 790 2271">
    <p class='ocr_par' dir='ltr' id='par_1_37' title="bbox 452 2217 790 2271">
     <span class='ocr_line' id='line_1_37' title="bbox 452 2217 790 2271; baseline 0.006 -2"><span class='ocrx_word' id='word_1_262' title='bbox 452 2217 739 2271; x_wconf 74' lang='lat' dir='ltr'><strong>animalia.</strong></span> <span class='ocrx_word' id='word_1_263' title='bbox 771 2237 790 2270; x_wconf 85' lang='grc'>›</span> 
     </span>
    </p>
   </div>
   <div class='ocr_carea' id='block_1_38' title="bbox 535 2307 2029 2384">
    <p class='ocr_par' dir='ltr' id='par_1_38' title="bbox 535 2307 2029 2384">
     <span class='ocr_line' id='line_1_38' title="bbox 535 2307 2029 2384; baseline 0.006 -23"><span class='ocrx_word' id='word_1_264' title='bbox 535 2307 629 2361; x_wconf 82' lang='lat' dir='ltr'><strong>IX.</strong></span> <span class='ocrx_word' id='word_1_265' title='bbox 672 2308 838 2363; x_wconf 80' lang='lat' dir='ltr'><strong>Multa</strong></span> <span class='ocrx_word' id='word_1_266' title='bbox 871 2310 1086 2381; x_wconf 90' lang='lat' dir='ltr'><strong>quidem</strong></span> <span class='ocrx_word' id='word_1_267' title='bbox 1120 2320 1309 2366; x_wconf 90' lang='lat' dir='ltr'><strong>contra</strong></span> <span class='ocrx_word' id='word_1_268' title='bbox 1337 2312 1453 2367; x_wconf 61' lang='lat' dir='ltr'><strong>haec</strong></span> <span class='ocrx_word' id='word_1_269' title='bbox 1491 2312 1545 2366; x_wconf 94' lang='lat' dir='ltr'><strong>in</strong></span> <span class='ocrx_word' id='word_1_270' title='bbox 1576 2312 1803 2383; x_wconf 82' lang='lat' dir='ltr'><strong>gratiam</strong></span> <span class='ocrx_word' id='word_1_271' title='bbox 1838 2313 2029 2384; x_wconf 88' lang='lat' dir='ltr'><strong>Orige-</strong></span> 
     </span>
    </p>
   </div>
   <div class='ocr_carea' id='block_1_39' title="bbox 461 2400 2016 2472">
    <p class='ocr_par' dir='ltr' id='par_1_39' title="bbox 461 2400 2016 2472">
     <span class='ocr_line' id='line_1_39' title="bbox 461 2400 2016 2472; baseline 0.005 -20"><span class='ocrx_word' id='word_1_272' title='bbox 461 2400 548 2454; x_wconf 87' lang='lat' dir='ltr'><strong>uis</strong></span> <span class='ocrx_word' id='word_1_273' title='bbox 585 2400 802 2455; x_wconf 89' lang='lat' dir='ltr'><strong>obtendi</strong></span> <span class='ocrx_word' id='word_1_274' title='bbox 834 2410 1085 2470; x_wconf 90' lang='lat' dir='ltr'><strong>possunt,</strong></span> <span class='ocrx_word' id='word_1_275' title='bbox 1128 2403 1326 2472; x_wconf 92' lang='lat' dir='ltr'><strong>quibus</strong></span> <span class='ocrx_word' id='word_1_276' title='bbox 1358 2402 1717 2457; x_wconf 80' lang='lat' dir='ltr'><strong>orthodoxam</strong></span> <span class='ocrx_word' id='word_1_277' title='bbox 1754 2404 1820 2458; x_wconf 88' lang='lat' dir='ltr'><strong>de</strong></span> <span class='ocrx_word' id='word_1_278' title='bbox 1851 2402 2016 2459; x_wconf 83' lang='lat' dir='ltr'><strong>Verbi</strong></span> 
     </span>
    </p>
   </div>
   <div class='ocr_carea' id='block_1_40' title="bbox 461 2490 2028 2559">
    <p class='ocr_par' dir='ltr' id='par_1_40' title="bbox 461 2490 2028 2559">
     <span class='ocr_line' id='line_1_40' title="bbox 461 2490 2028 2559; baseline 0.004 -17"><span class='ocrx_word' id='word_1_279' title='bbox 461 2490 723 2559; x_wconf 78' lang='lat' dir='ltr'><strong>dignitate</strong></span> <span class='ocrx_word' id='word_1_280' title='bbox 774 2493 1098 2547; x_wconf 88' lang='lat' dir='ltr'><strong>sententiam</strong></span> <span class='ocrx_word' id='word_1_281' title='bbox 1141 2493 1281 2545; x_wconf 91' lang='lat' dir='ltr'><strong>tueri</strong></span> <span class='ocrx_word' id='word_1_282' title='bbox 1327 2492 1474 2547; x_wconf 91' lang='lat' dir='ltr'><strong>visus</strong></span> <span class='ocrx_word' id='word_1_283' title='bbox 1519 2502 1643 2547; x_wconf 91' lang='lat' dir='ltr'><strong>est:</strong></span> <span class='ocrx_word' id='word_1_284' title='bbox 1692 2493 1787 2548; x_wconf 90' lang='lat' dir='ltr'><strong>sed</strong></span> <span class='ocrx_word' id='word_1_285' title='bbox 1816 2509 1879 2547; x_wconf 89' lang='lat' dir='ltr'><strong>ea</strong></span> <span class='ocrx_word' id='word_1_286' title='bbox 1915 2493 2028 2549; x_wconf 82' lang='lat' dir='ltr'><strong>fere</strong></span> 
     </span>
    </p>
   </div>
   <div class='ocr_carea' id='block_1_41' title="bbox 448 2582 2025 2664">
    <p class='ocr_par' dir='ltr' id='par_1_41' title="bbox 448 2582 2025 2664">
     <span class='ocr_line' id='line_1_41' title="bbox 448 2582 2025 2664; baseline 0.002 -26"><span class='ocrx_word' id='word_1_287' title='bbox 448 2596 494 2638; x_wconf 56' lang='lat' dir='ltr'><strong>*e</strong></span> <span class='ocrx_word' id='word_1_288' title='bbox 526 2582 679 2639; x_wconf 90' lang='lat' dir='ltr'><strong>libris</strong></span> <span class='ocrx_word' id='word_1_289' title='bbox 715 2583 1033 2664; x_wconf 34' lang='lat' dir='ltr'><strong>depro&#39;mpta</strong></span> <span class='ocrx_word' id='word_1_290' title='bbox 1078 2599 1199 2653; x_wconf 63' lang='lat' dir='ltr'><strong>qua;</strong></span> <span class='ocrx_word' id='word_1_291' title='bbox 1243 2583 1495 2638; x_wconf 73' lang='lat' dir='ltr'><strong>Ruﬁnum</strong></span> <span class='ocrx_word' id='word_1_292' title='bbox 1546 2585 1896 2654; x_wconf 88' lang='lat' dir='ltr'><strong>interpretem</strong></span> <span class='ocrx_word' id='word_1_293' title='bbox 1924 2587 2025 2641; x_wconf 89' lang='lat' dir='ltr'><strong>ha-</strong></span> 
     </span>
    </p>
   </div>
   <div class='ocr_carea' id='block_1_42' title="bbox 459 2670 2025 2747">
    <p class='ocr_par' dir='ltr' id='par_1_42' title="bbox 459 2670 2025 2747">
     <span class='ocr_line' id='line_1_42' title="bbox 459 2670 2025 2747; baseline 0.002 -19"><span class='ocrx_word' id='word_1_294' title='bbox 459 2674 612 2738; x_wconf 84' lang='lat' dir='ltr'><strong>bent,</strong></span> <span class='ocrx_word' id='word_1_295' title='bbox 655 2670 1053 2745; x_wconf 75' lang='lat' dir='ltr'><strong>proptereaque</strong></span> <span class='ocrx_word' id='word_1_296' title='bbox 1079 2674 1251 2728; x_wconf 63' lang='lat' dir='ltr'><strong>dubiae</strong></span> <span class='ocrx_word' id='word_1_297' title='bbox 1275 2683 1400 2729; x_wconf 91' lang='lat' dir='ltr'><strong>sunt</strong></span> <span class='ocrx_word' id='word_1_298' title='bbox 1439 2672 1585 2739; x_wconf 88' lang='lat' dir='ltr'><strong>ﬁdei,</strong></span> <span class='ocrx_word' id='word_1_299' title='bbox 1616 2686 1670 2730; x_wconf 93' lang='lat' dir='ltr'><strong>et</strong></span> <span class='ocrx_word' id='word_1_300' title='bbox 1697 2676 2025 2747; x_wconf 89' lang='lat' dir='ltr'><strong>interpolata</strong></span> 
     </span>
    </p>
   </div>
   <div class='ocr_carea' id='block_1_43' title="bbox 459 2766 2025 2837">
    <p class='ocr_par' dir='ltr' id='par_1_43' title="bbox 459 2766 2025 2837">
     <span class='ocr_line' id='line_1_43' title="bbox 459 2766 2025 2837; baseline 0.003 -18"><span class='ocrx_word' id='word_1_301' title='bbox 459 2767 605 2820; x_wconf 85' lang='lat' dir='ltr'><strong>credi</strong></span> <span class='ocrx_word' id='word_1_302' title='bbox 638 2776 889 2837; x_wconf 91' lang='lat' dir='ltr'><strong>possunt.</strong></span> <span class='ocrx_word' id='word_1_303' title='bbox 915 2766 1217 2823; x_wconf 78' lang='lat' dir='ltr'><strong>Aﬁeremus</strong></span> <span class='ocrx_word' id='word_1_304' title='bbox 1243 2776 1421 2822; x_wconf 90' lang='lat' dir='ltr'><strong>tamen</strong></span> <span class='ocrx_word' id='word_1_305' title='bbox 1452 2767 1686 2836; x_wconf 90' lang='lat' dir='ltr'><strong>singula,</strong></span> <span class='ocrx_word' id='word_1_306' title='bbox 1715 2784 1783 2824; x_wconf 92' lang='lat' dir='ltr'><strong>ne</strong></span> <span class='ocrx_word' id='word_1_307' title='bbox 1805 2784 2025 2823; x_wconf 89' lang='lat' dir='ltr'><strong>causam</strong></span> 
     </span>
    </p>
   </div>
   <div class='ocr_carea' id='block_1_44' title="bbox 446 2855 2027 2927">
    <p class='ocr_par' dir='ltr' id='par_1_44' title="bbox 446 2855 2027 2927">
     <span class='ocr_line' id='line_1_44' title="bbox 446 2855 2027 2927; baseline 0.001 -16"><span class='ocrx_word' id='word_1_308' title='bbox 446 2855 707 2927; x_wconf 86' lang='lat' dir='ltr'><strong>&#39;Origeuis</strong></span> <span class='ocrx_word' id='word_1_309' title='bbox 741 2856 1050 2913; x_wconf 87' lang='lat' dir='ltr'><strong>deseruisse</strong></span> <span class='ocrx_word' id='word_1_310' title='bbox 1090 2856 1386 2911; x_wconf 85' lang='lat' dir='ltr'><strong>videamur.</strong></span> <span class='ocrx_word' id='word_1_311' title='bbox 1417 2856 1495 2912; x_wconf 79' lang='lat' dir='ltr'><strong>Ac</strong></span> <span class='ocrx_word' id='word_1_312' title='bbox 1529 2858 1758 2927; x_wconf 89' lang='lat' dir='ltr'><strong>primum</strong></span> <span class='ocrx_word' id='word_1_313' title='bbox 1784 2861 1850 2913; x_wconf 91' lang='lat' dir='ltr'><strong>de</strong></span> <span class='ocrx_word' id='word_1_314' title='bbox 1870 2859 2027 2913; x_wconf 89' lang='lat' dir='ltr'><strong>Chri-</strong></span> 
     </span>
    </p>
   </div>
   <div class='ocr_carea' id='block_1_45' title="bbox 455 2948 2020 3018">
    <p class='ocr_par' dir='ltr' id='par_1_45' title="bbox 455 2948 2020 3018">
     <span class='ocr_line' id='line_1_45' title="bbox 455 2948 2020 3018; baseline 0.003 -16"><span class='ocrx_word' id='word_1_315' title='bbox 455 2957 542 3002; x_wconf 86' lang='lat' dir='ltr'><strong>sto</strong></span> <span class='ocrx_word' id='word_1_316' title='bbox 593 2948 707 3003; x_wconf 62' lang='lat' dir='ltr'><strong>hac</strong></span> <span class='ocrx_word' id='word_1_317' title='bbox 758 2949 1009 3018; x_wconf 91' lang='lat' dir='ltr'><strong>leguntur</strong></span> <span class='ocrx_word' id='word_1_318' title='bbox 1065 2949 1210 3003; x_wconf 92' lang='lat' dir='ltr'><strong>hom.</strong></span> <span class='ocrx_word' id='word_1_319' title='bbox 1269 2950 1303 3003; x_wconf 78' lang='grc'><strong>4</strong></span> <span class='ocrx_word' id='word_1_320' title='bbox 1374 2949 1429 3003; x_wconf 87' lang='lat' dir='ltr'><strong>in</strong></span> <span class='ocrx_word' id='word_1_321' title='bbox 1489 2948 1701 3015; x_wconf 85' lang='lat' dir='ltr'><strong>Genes.,</strong></span> <span class='ocrx_word' id='word_1_322' title='bbox 1756 2966 1904 3004; x_wconf 91' lang='lat' dir='ltr'><strong>num.</strong></span> <span class='ocrx_word' id='word_1_323' title='bbox 1950 2950 2020 3006; x_wconf 86' lang='lat'><strong>5:</strong></span> 
     </span>
    </p>
   </div>
   <div class='ocr_carea' id='block_1_46' title="bbox 462 3040 2025 3112">
    <p class='ocr_par' dir='ltr' id='par_1_46' title="bbox 462 3040 2025 3112">
     <span class='ocr_line' id='line_1_46' title="bbox 462 3040 2025 3112; baseline 0.003 -20"><span class='ocrx_word' id='word_1_324' title='bbox 462 3058 485 3092; x_wconf 67' lang='grc' dir='ltr'><em>ς</em></span> <span class='ocrx_word' id='word_1_325' title='bbox 513 3040 768 3096; x_wconf 90' lang='lat' dir='ltr'><strong>Formam</strong></span> <span class='ocrx_word' id='word_1_326' title='bbox 801 3057 1033 3111; x_wconf 88' lang='lat' dir='ltr'><strong>namque</strong></span> <span class='ocrx_word' id='word_1_327' title='bbox 1058 3042 1199 3097; x_wconf 83' lang='lat' dir='ltr'><strong>servi</strong></span> <span class='ocrx_word' id='word_1_328' title='bbox 1233 3041 1462 3110; x_wconf 90' lang='lat' dir='ltr'><strong>accepit,</strong></span> <span class='ocrx_word' id='word_1_329' title='bbox 1490 3050 1543 3097; x_wconf 92' lang='lat' dir='ltr'><strong>et</strong></span> <span class='ocrx_word' id='word_1_330' title='bbox 1573 3057 1695 3096; x_wconf 90' lang='lat' dir='ltr'><strong>cum</strong></span> <span class='ocrx_word' id='word_1_331' title='bbox 1741 3043 1856 3112; x_wconf 87' lang='lat' dir='ltr'><strong>ipse</strong></span> <span class='ocrx_word' id='word_1_332' title='bbox 1889 3045 2025 3096; x_wconf 90' lang='lat' dir='ltr'><strong>iuvi-</strong></span> 
     </span>
    </p>
   </div>
   <div class='ocr_carea' id='block_1_47' title="bbox 454 3131 2015 3202">
    <p class='ocr_par' dir='ltr' id='par_1_47' title="bbox 454 3131 2015 3202">
     <span class='ocr_line' id='line_1_47' title="bbox 454 3131 2015 3202; baseline 0.002 -16"><span class='ocrx_word' id='word_1_333' title='bbox 454 3131 630 3187; x_wconf 85' lang='lat' dir='ltr'><strong>sibilis</strong></span> <span class='ocrx_word' id='word_1_334' title='bbox 674 3134 747 3187; x_wconf 90' lang='lat' dir='ltr'><strong>sit</strong></span> <span class='ocrx_word' id='word_1_335' title='bbox 786 3143 1014 3197; x_wconf 66' lang='lat' dir='ltr'><strong>naturae,</strong></span> <span class='ocrx_word' id='word_1_336' title='bbox 1068 3141 1255 3202; x_wconf 91' lang='lat' dir='ltr'><strong>utpote</strong></span> <span class='ocrx_word' id='word_1_337' title='bbox 1308 3132 1533 3202; x_wconf 62' lang='lat' dir='ltr'><strong>aequalis</strong></span> <span class='ocrx_word' id='word_1_338' title='bbox 1577 3132 1740 3195; x_wconf 84' lang='lat' dir='ltr'><strong>Patri,</strong></span> <span class='ocrx_word' id='word_1_339' title='bbox 1774 3135 2015 3189; x_wconf 87' lang='lat' dir='ltr'><strong>habitum</strong></span> 
     </span>
    </p>
   </div>
   <div class='ocr_carea' id='block_1_48' title="bbox 448 3225 2021 3294">
    <p class='ocr_par' dir='ltr' id='par_1_48' title="bbox 448 3225 2021 3294">
     <span class='ocr_line' id='line_1_48' title="bbox 448 3225 2021 3294; baseline 0.003 -18"><span class='ocrx_word' id='word_1_340' title='bbox 448 3231 638 3279; x_wconf 79' lang='lat' dir='ltr'><strong>tamen</strong></span> <span class='ocrx_word' id='word_1_341' title='bbox 685 3225 951 3279; x_wconf 85' lang='lat' dir='ltr'><strong>visibilem</strong></span> <span class='ocrx_word' id='word_1_342' title='bbox 996 3226 1231 3294; x_wconf 86' lang='lat' dir='ltr'><strong>suscepit</strong></span> <span class='ocrx_word' id='word_1_343' title='bbox 1272 3246 1282 3279; x_wconf 94' lang='lat'>:</span> <span class='ocrx_word' id='word_1_344' title='bbox 1319 3244 1338 3278; x_wconf 83' lang='grc'>›</span> <span class='ocrx_word' id='word_1_345' title='bbox 1385 3235 1440 3279; x_wconf 88' lang='lat' dir='ltr'><strong>et</strong></span> <span class='ocrx_word' id='word_1_346' title='bbox 1494 3226 1596 3281; x_wconf 90' lang='lat' dir='ltr'><strong>ista</strong></span> <span class='ocrx_word' id='word_1_347' title='bbox 1650 3225 1788 3280; x_wconf 89' lang='lat' dir='ltr'><strong>libro</strong></span> <span class='ocrx_word' id='word_1_348' title='bbox 1827 3243 1901 3280; x_wconf 78' lang='grc' dir='ltr'>γη</span> <span class='ocrx_word' id='word_1_349' title='bbox 1964 3228 2021 3281; x_wconf 88' lang='lat' dir='ltr'><strong>in</strong></span> 
     </span>
    </p>
   </div>
   <div class='ocr_carea' id='block_1_49' title="bbox 466 3314 2021 3388">
    <p class='ocr_par' dir='ltr' id='par_1_49' title="bbox 466 3314 2021 3388">
     <span class='ocr_line' id='line_1_49' title="bbox 466 3314 2021 3388; baseline 0.004 -19"><span class='ocrx_word' id='word_1_350' title='bbox 466 3314 643 3385; x_wconf 82' lang='lat' dir='ltr'><strong>Epist.</strong></span> <span class='ocrx_word' id='word_1_351' title='bbox 679 3314 932 3387; x_wconf 85' lang='lat' dir='ltr'><strong>Pauliad</strong></span> <span class='ocrx_word' id='word_1_352' title='bbox 966 3315 1146 3382; x_wconf 74' lang='lat' dir='ltr'><strong>Rom,</strong></span> <span class='ocrx_word' id='word_1_353' title='bbox 1176 3332 1326 3372; x_wconf 89' lang='lat' dir='ltr'><strong>num.</strong></span> <span class='ocrx_word' id='word_1_354' title='bbox 1358 3317 1411 3383; x_wconf 83' lang='lat'><strong>5,</strong></span> <span class='ocrx_word' id='word_1_355' title='bbox 1433 3332 1553 3388; x_wconf 87' lang='lat' dir='ltr'><strong>pag.</strong></span> <span class='ocrx_word' id='word_1_356' title='bbox 1582 3317 1684 3373; x_wconf 83' lang='lat'><strong>599</strong></span> <span class='ocrx_word' id='word_1_357' title='bbox 1711 3337 1723 3372; x_wconf 93' lang='lat'>:</span> <span class='ocrx_word' id='word_1_358' title='bbox 1763 3336 1781 3369; x_wconf 83' lang='lat' dir='ltr'><strong>t</strong></span> <span class='ocrx_word' id='word_1_359' title='bbox 1804 3318 1868 3372; x_wconf 87' lang='lat' dir='ltr'><strong>Et</strong></span> <span class='ocrx_word' id='word_1_360' title='bbox 1902 3320 2021 3375; x_wconf 89' lang='lat' dir='ltr'><strong>ideo</strong></span> 
     </span>
    </p>
   </div>
   <div class='ocr_carea' id='block_1_50' title="bbox 448 3409 2019 3479">
    <p class='ocr_par' dir='ltr' id='par_1_50' title="bbox 448 3409 2019 3479">
     <span class='ocr_line' id='line_1_50' title="bbox 448 3409 2019 3479; baseline 0.002 -16"><span class='ocrx_word' id='word_1_361' title='bbox 448 3422 562 3463; x_wconf 86' lang='lat' dir='ltr'><strong>non</strong></span> <span class='ocrx_word' id='word_1_362' title='bbox 602 3409 669 3462; x_wconf 94' lang='lat' dir='ltr'><strong>ad</strong></span> <span class='ocrx_word' id='word_1_363' title='bbox 707 3409 955 3476; x_wconf 84' lang='lat' dir='ltr'><strong>injuriam</strong></span> <span class='ocrx_word' id='word_1_364' title='bbox 1011 3409 1229 3476; x_wconf 90' lang='lat' dir='ltr'><strong>dicitur,</strong></span> <span class='ocrx_word' id='word_1_365' title='bbox 1290 3409 1413 3479; x_wconf 91' lang='lat' dir='ltr'><strong>quia</strong></span> <span class='ocrx_word' id='word_1_366' title='bbox 1461 3410 1741 3479; x_wconf 87' lang='lat' dir='ltr'><strong>prophetis</strong></span> <span class='ocrx_word' id='word_1_367' title='bbox 1791 3411 2019 3478; x_wconf 89' lang='lat' dir='ltr'><strong>subjecti</strong></span> 
     </span>
    </p>
   </div>
   <div class='ocr_carea' id='block_1_51' title="bbox 453 3500 2021 3570">
    <p class='ocr_par' dir='ltr' id='par_1_51' title="bbox 453 3500 2021 3570">
     <span class='ocr_line' id='line_1_51' title="bbox 453 3500 2021 3570; baseline 0.001 -15"><span class='ocrx_word' id='word_1_368' title='bbox 453 3508 583 3555; x_wconf 89' lang='lat' dir='ltr'><strong>sunt</strong></span> <span class='ocrx_word' id='word_1_369' title='bbox 632 3500 875 3570; x_wconf 90' lang='lat' dir='ltr'><strong>spiritus,</strong></span> <span class='ocrx_word' id='word_1_370' title='bbox 918 3500 1009 3555; x_wconf 88' lang='lat' dir='ltr'><strong>sed</strong></span> <span class='ocrx_word' id='word_1_371' title='bbox 1044 3500 1109 3554; x_wconf 87' lang='lat' dir='ltr'><strong>ad</strong></span> <span class='ocrx_word' id='word_1_372' title='bbox 1146 3501 1645 3569; x_wconf 88' lang='lat' dir='ltr'><strong>dispensationem;</strong></span> <span class='ocrx_word' id='word_1_373' title='bbox 1700 3501 1841 3557; x_wconf 86' lang='lat' dir='ltr'><strong>sicut</strong></span> <span class='ocrx_word' id='word_1_374' title='bbox 1868 3513 1922 3557; x_wconf 91' lang='lat' dir='ltr'><strong>et</strong></span> <span class='ocrx_word' id='word_1_375' title='bbox 1954 3503 2021 3557; x_wconf 88' lang='lat' dir='ltr'><strong>il-</strong></span> 
     </span>
    </p>
   </div>
   <div class='ocr_carea' id='block_1_52' title="bbox 450 3590 2019 3663">
    <p class='ocr_par' dir='ltr' id='par_1_52' title="bbox 450 3590 2019 3663">
     <span class='ocr_line' id='line_1_52' title="bbox 450 3590 2019 3663; baseline 0.002 -18"><span class='ocrx_word' id='word_1_376' title='bbox 450 3590 544 3645; x_wconf 88' lang='lat' dir='ltr'><strong>lud</strong></span> <span class='ocrx_word' id='word_1_377' title='bbox 587 3592 804 3646; x_wconf 88' lang='lat' dir='ltr'><strong>dictum</strong></span> <span class='ocrx_word' id='word_1_378' title='bbox 860 3593 1155 3661; x_wconf 89' lang='lat' dir='ltr'><strong>accipimus</strong></span> <span class='ocrx_word' id='word_1_379' title='bbox 1208 3592 1273 3647; x_wconf 93' lang='lat' dir='ltr'><strong>de</strong></span> <span class='ocrx_word' id='word_1_380' title='bbox 1315 3591 1618 3657; x_wconf 85' lang='lat' dir='ltr'><strong>Salvatore,</strong></span> <span class='ocrx_word' id='word_1_381' title='bbox 1653 3594 1779 3663; x_wconf 90' lang='lat' dir='ltr'><strong>quia</strong></span> <span class='ocrx_word' id='word_1_382' title='bbox 1817 3605 1941 3647; x_wconf 87' lang='lat' dir='ltr'><strong>tunc</strong></span> <span class='ocrx_word' id='word_1_383' title='bbox 1970 3604 2019 3648; x_wconf 90' lang='lat' dir='ltr'><strong>et</strong></span> 
     </span>
    </p>
   </div>
   <div class='ocr_carea' id='block_1_53' title="bbox 452 3678 2017 3754">
    <p class='ocr_par' dir='ltr' id='par_1_53' title="bbox 452 3678 2017 3754">
     <span class='ocr_line' id='line_1_53' title="bbox 452 3678 2017 3754; baseline 0.002 -18"><span class='ocrx_word' id='word_1_384' title='bbox 452 3685 565 3751; x_wconf 87' lang='lat' dir='ltr'><strong>ipse</strong></span> <span class='ocrx_word' id='word_1_385' title='bbox 595 3678 772 3737; x_wconf 86' lang='lat' dir='ltr'><strong>Filius</strong></span> <span class='ocrx_word' id='word_1_386' title='bbox 806 3685 1070 3753; x_wconf 73' lang='lat' dir='ltr'><strong>subjectus</strong></span> <span class='ocrx_word' id='word_1_387' title='bbox 1104 3686 1200 3738; x_wconf 90' lang='lat' dir='ltr'><strong>erit</strong></span> <span class='ocrx_word' id='word_1_388' title='bbox 1230 3686 1317 3754; x_wconf 85' lang='lat' dir='ltr'><strong>qui</strong></span> <span class='ocrx_word' id='word_1_389' title='bbox 1352 3684 1449 3737; x_wconf 90' lang='lat' dir='ltr'><strong>sibi</strong></span> <span class='ocrx_word' id='word_1_390' title='bbox 1478 3684 1711 3738; x_wconf 79' lang='lat' dir='ltr'><strong>subdidit</strong></span> <span class='ocrx_word' id='word_1_391' title='bbox 1744 3687 1920 3739; x_wconf 87' lang='lat' dir='ltr'><strong>omnia</strong></span> <span class='ocrx_word' id='word_1_392' title='bbox 1951 3684 2017 3739; x_wconf 83' lang='grc'><strong>¹⁸.</strong></span> 
     </span>
    </p>
   </div>
   <div class='ocr_carea' id='block_1_54' title="bbox 450 3773 2014 3847">
    <p class='ocr_par' dir='ltr' id='par_1_54' title="bbox 450 3773 2014 3847">
     <span class='ocr_line' id='line_1_54' title="bbox 450 3773 2014 3847; baseline 0.004 -21"><span class='ocrx_word' id='word_1_393' title='bbox 450 3773 518 3827; x_wconf 88' lang='lat' dir='ltr'><strong>Et</strong></span> <span class='ocrx_word' id='word_1_394' title='bbox 564 3773 657 3830; x_wconf 75' lang='lat' dir='ltr'><strong>hit:</strong></span> <span class='ocrx_word' id='word_1_395' title='bbox 724 3776 868 3830; x_wconf 89' lang='lat' dir='ltr'><strong>enim</strong></span> <span class='ocrx_word' id='word_1_396' title='bbox 903 3776 1177 3843; x_wconf 85' lang='lat' dir='ltr'><strong>subjectus</strong></span> <span class='ocrx_word' id='word_1_397' title='bbox 1221 3793 1325 3831; x_wconf 91' lang='lat' dir='ltr'><strong>non</strong></span> <span class='ocrx_word' id='word_1_398' title='bbox 1366 3777 1520 3847; x_wconf 88' lang='lat' dir='ltr'><strong>quasi</strong></span> <span class='ocrx_word' id='word_1_399' title='bbox 1550 3777 1774 3831; x_wconf 77' lang='lat' dir='ltr'><strong>inferior</strong></span> <span class='ocrx_word' id='word_1_400' title='bbox 1794 3777 2014 3832; x_wconf 87' lang='lat' dir='ltr'><strong>dicitur.</strong></span> 
     </span>
    </p>
   </div>
   <div class='ocr_carea' id='block_1_55' title="bbox 443 3864 2014 3938">
    <p class='ocr_par' dir='ltr' id='par_1_55' title="bbox 443 3864 2014 3938">
     <span class='ocr_line' id='line_1_55' title="bbox 443 3864 2014 3938; baseline 0.003 -19"><span class='ocrx_word' id='word_1_401' title='bbox 443 3864 733 3932; x_wconf 71' lang='lat' dir='ltr'><strong>Quomodo</strong></span> <span class='ocrx_word' id='word_1_402' title='bbox 761 3868 904 3920; x_wconf 90' lang='lat' dir='ltr'><strong>enim</strong></span> <span class='ocrx_word' id='word_1_403' title='bbox 938 3866 1161 3921; x_wconf 81' lang='lat' dir='ltr'><strong>inferior</strong></span> <span class='ocrx_word' id='word_1_404' title='bbox 1189 3869 1296 3922; x_wconf 90' lang='lat' dir='ltr'><strong>dici</strong></span> <span class='ocrx_word' id='word_1_405' title='bbox 1325 3878 1524 3937; x_wconf 90' lang='lat' dir='ltr'><strong>potest,</strong></span> <span class='ocrx_word' id='word_1_406' title='bbox 1560 3868 1650 3938; x_wconf 93' lang='lat' dir='ltr'><strong>qui</strong></span> <span class='ocrx_word' id='word_1_407' title='bbox 1708 3868 1875 3923; x_wconf 87' lang='lat' dir='ltr'><strong>Filius</strong></span> <span class='ocrx_word' id='word_1_408' title='bbox 1907 3878 2014 3934; x_wconf 91' lang='lat' dir='ltr'><strong>est,</strong></span> 
     </span>
    </p>
   </div>
   <div class='ocr_carea' id='block_1_56' title="bbox 451 3954 2017 4027">
    <p class='ocr_par' dir='ltr' id='par_1_56' title="bbox 451 3954 2017 4027">
     <span class='ocr_line' id='line_1_56' title="bbox 451 3954 2017 4027; baseline 0.004 -21"><span class='ocrx_word' id='word_1_409' title='bbox 451 3965 505 4008; x_wconf 90' lang='lat' dir='ltr'><strong>et</strong></span> <span class='ocrx_word' id='word_1_410' title='bbox 535 3956 716 4009; x_wconf 88' lang='lat' dir='ltr'><strong>omnia</strong></span> <span class='ocrx_word' id='word_1_411' title='bbox 748 3964 832 4009; x_wconf 92' lang='lat' dir='ltr'><strong>est</strong></span> <span class='ocrx_word' id='word_1_412' title='bbox 856 3971 976 4024; x_wconf 63' lang='lat' dir='ltr'><strong>quae.</strong></span> <span class='ocrx_word' id='word_1_413' title='bbox 1006 3954 1207 4010; x_wconf 78' lang='lat' dir='ltr'><strong>Pater?</strong></span> <span class='ocrx_word' id='word_1_414' title='bbox 1241 3957 1434 4011; x_wconf 86' lang='lat' dir='ltr'><strong>Omnia</strong></span> <span class='ocrx_word' id='word_1_415' title='bbox 1457 3959 1625 4024; x_wconf 91' lang='lat' dir='ltr'><strong>enim,</strong></span> <span class='ocrx_word' id='word_1_416' title='bbox 1674 3959 1871 4027; x_wconf 89' lang='lat' dir='ltr'><strong>inquit,</strong></span> <span class='ocrx_word' id='word_1_417' title='bbox 1905 3959 2017 4013; x_wconf 84' lang='lat' dir='ltr'><strong>Pa—</strong></span> 
     </span>
    </p>
   </div>
   <div class='ocr_carea' id='block_1_57' title="bbox 450 4046 2015 4120">
    <p class='ocr_par' dir='ltr' id='par_1_57' title="bbox 450 4046 2015 4120">
     <span class='ocr_line' id='line_1_57' title="bbox 450 4046 2015 4120; baseline 0.005 -23"><span class='ocrx_word' id='word_1_418' title='bbox 450 4058 550 4109; x_wconf 86' lang='lat' dir='ltr'><strong>ter,</strong></span> <span class='ocrx_word' id='word_1_419' title='bbox 596 4053 710 4112; x_wconf 88' lang='lat' dir='ltr'><strong>tua,</strong></span> <span class='ocrx_word' id='word_1_420' title='bbox 751 4061 867 4099; x_wconf 87' lang='lat' dir='ltr'><strong>mea</strong></span> <span class='ocrx_word' id='word_1_421' title='bbox 909 4054 1032 4099; x_wconf 87' lang='lat' dir='ltr'><strong>sunt</strong></span> <span class='ocrx_word' id='word_1_422' title='bbox 1081 4046 1143 4099; x_wconf 71' lang='grc'><strong>⁸⁷.</strong></span> <span class='ocrx_word' id='word_1_423' title='bbox 1199 4064 1219 4099; x_wconf 76' lang='lat' dir='ltr'><strong>s</strong></span> <span class='ocrx_word' id='word_1_424' title='bbox 1263 4046 1402 4113; x_wconf 85' lang='lat' dir='ltr'><strong>Quin</strong></span> <span class='ocrx_word' id='word_1_425' title='bbox 1436 4049 1598 4102; x_wconf 86' lang='lat' dir='ltr'><strong>etiam</strong></span> <span class='ocrx_word' id='word_1_426' title='bbox 1649 4049 1769 4103; x_wconf 92' lang='lat' dir='ltr'><strong>libr.</strong></span> <span class='ocrx_word' id='word_1_427' title='bbox 1821 4066 1837 4103; x_wconf 83' lang='grc' dir='ltr'>ι</span> <span class='ocrx_word' id='word_1_428' title='bbox 1876 4052 2015 4120; x_wconf 77' lang='grc' dir='ltr'><strong>Περὶ</strong></span> 
     </span>
    </p>
   </div>
   <div class='ocr_carea' id='block_1_58' title="bbox 440 4134 2016 4207">
    <p class='ocr_par' dir='ltr' id='par_1_58' title="bbox 440 4134 2016 4207">
     <span class='ocr_line' id='line_1_58' title="bbox 440 4134 2016 4207; baseline 0.005 -18"><span class='ocrx_word' id='word_1_429' title='bbox 440 4134 671 4206; x_wconf 77' lang='grc' dir='ltr'><strong>ἀρχῶν,</strong></span> <span class='ocrx_word' id='word_1_430' title='bbox 705 4151 824 4207; x_wconf 89' lang='lat' dir='ltr'><strong>cap.</strong></span> <span class='ocrx_word' id='word_1_431' title='bbox 862 4137 918 4202; x_wconf 78' lang='grc'><strong>2,</strong></span> <span class='ocrx_word' id='word_1_432' title='bbox 944 4136 1190 4192; x_wconf 90' lang='lat' dir='ltr'><strong>eamdem</strong></span> <span class='ocrx_word' id='word_1_433' title='bbox 1233 4152 1353 4193; x_wconf 91' lang='lat' dir='ltr'><strong>esse</strong></span> <span class='ocrx_word' id='word_1_434' title='bbox 1400 4139 1555 4193; x_wconf 83' lang='lat' dir='ltr'><strong>docet</strong></span> <span class='ocrx_word' id='word_1_435' title='bbox 1588 4140 1765 4195; x_wconf 87' lang='lat' dir='ltr'><strong>Patris</strong></span> <span class='ocrx_word' id='word_1_436' title='bbox 1794 4150 1850 4197; x_wconf 91' lang='lat' dir='ltr'><strong>et</strong></span> <span class='ocrx_word' id='word_1_437' title='bbox 1896 4140 2016 4197; x_wconf 89' lang='lat' dir='ltr'><strong>Filii</strong></span> 
     </span>
    </p>
   </div>
   <div class='ocr_carea' id='block_1_59' title="bbox 446 4228 2013 4301">
    <p class='ocr_par' dir='ltr' id='par_1_59' title="bbox 446 4228 2013 4301">
     <span class='ocr_line' id='line_1_59' title="bbox 446 4228 2013 4301; baseline 0.002 -18"><span class='ocrx_word' id='word_1_438' title='bbox 446 4228 775 4297; x_wconf 88' lang='lat' dir='ltr'><strong>potentiam,</strong></span> <span class='ocrx_word' id='word_1_439' title='bbox 815 4229 1115 4284; x_wconf 91' lang='lat' dir='ltr'><strong>bonitatem</strong></span> <span class='ocrx_word' id='word_1_440' title='bbox 1174 4230 1439 4284; x_wconf 88' lang='lat' dir='ltr'><strong>eamdem.</strong></span> <span class='ocrx_word' id='word_1_441' title='bbox 1487 4230 1600 4301; x_wconf 72' lang='lat' dir='ltr'><strong>(se)</strong></span> <span class='ocrx_word' id='word_1_442' title='bbox 1637 4231 1787 4296; x_wconf 82' lang='lat' dir='ltr'><strong>Quod</strong></span> <span class='ocrx_word' id='word_1_443' title='bbox 1835 4242 2013 4286; x_wconf 82' lang='lat' dir='ltr'><strong>autem</strong></span> 
     </span>
    </p>
   </div>
   <div class='ocr_carea' id='block_1_60' title="bbox 450 4319 2016 4393">
    <p class='ocr_par' dir='ltr' id='par_1_60' title="bbox 450 4319 2016 4393">
     <span class='ocr_line' id='line_1_60' title="bbox 450 4319 2016 4393; baseline 0.003 -20"><span class='ocrx_word' id='word_1_444' title='bbox 450 4319 794 4376; x_wconf 84' lang='lat' dir='ltr'><strong>Servalorem</strong></span> <span class='ocrx_word' id='word_1_445' title='bbox 812 4322 1190 4377; x_wconf 86' lang='lat' dir='ltr'><strong>universorum</strong></span> <span class='ocrx_word' id='word_1_446' title='bbox 1208 4335 1329 4377; x_wconf 89' lang='lat' dir='ltr'><strong>esse</strong></span> <span class='ocrx_word' id='word_1_447' title='bbox 1351 4321 1517 4376; x_wconf 89' lang='lat' dir='ltr'><strong>Deum</strong></span> <span class='ocrx_word' id='word_1_448' title='bbox 1553 4324 1766 4393; x_wconf 85' lang='lat' dir='ltr'><strong>negavit</strong></span> <span class='ocrx_word' id='word_1_449' title='bbox 1786 4324 1878 4379; x_wconf 91' lang='lat' dir='ltr'><strong>lib.</strong></span> <span class='ocrx_word' id='word_1_450' title='bbox 1917 4339 2016 4378; x_wconf 85' lang='lat' dir='ltr'><strong>vut</strong></span> 
     </span>
    </p>
   </div>
   <div class='ocr_carea' id='block_1_61' title="bbox 434 4412 2017 4484">
    <p class='ocr_par' dir='ltr' id='par_1_61' title="bbox 434 4412 2017 4484">
     <span class='ocr_line' id='line_1_61' title="bbox 434 4412 2017 4484; baseline 0.004 -20"><span class='ocrx_word' id='word_1_451' title='bbox 434 4421 631 4465; x_wconf 78' lang='lat' dir='ltr'><strong>contra</strong></span> <span class='ocrx_word' id='word_1_452' title='bbox 666 4412 895 4473; x_wconf 82' lang='lat' dir='ltr'><strong>Celsum,</strong></span> <span class='ocrx_word' id='word_1_453' title='bbox 931 4428 1082 4466; x_wconf 88' lang='lat' dir='ltr'><strong>num.</strong></span> <span class='ocrx_word' id='word_1_454' title='bbox 1132 4412 1220 4478; x_wconf 71' lang='grc'><strong>14,</strong></span> <span class='ocrx_word' id='word_1_455' title='bbox 1267 4413 1393 4467; x_wconf 89' lang='lat' dir='ltr'><strong>huic</strong></span> <span class='ocrx_word' id='word_1_456' title='bbox 1440 4414 1567 4467; x_wconf 91' lang='lat' dir='ltr'><strong>illud</strong></span> <span class='ocrx_word' id='word_1_457' title='bbox 1615 4416 1811 4484; x_wconf 81' lang='lat' dir='ltr'><strong>Opponi</strong></span> <span class='ocrx_word' id='word_1_458' title='bbox 1841 4426 2017 4484; x_wconf 91' lang='lat' dir='ltr'><strong>potest</strong></span> 
     </span>
    </p>
   </div>
   <div class='ocr_carea' id='block_1_62' title="bbox 449 4501 2011 4577">
    <p class='ocr_par' dir='ltr' id='par_1_62' title="bbox 449 4501 2011 4577">
     <span class='ocr_line' id='line_1_62' title="bbox 449 4501 2011 4577; baseline 0.003 -19"><span class='ocrx_word' id='word_1_459' title='bbox 449 4519 481 4558; x_wconf 89' lang='lat' dir='ltr'><strong>e</strong></span> <span class='ocrx_word' id='word_1_460' title='bbox 507 4501 1037 4572; x_wconf 67' lang='lat' dir='ltr'><strong>Pra’fat.Contment.</strong></span> <span class='ocrx_word' id='word_1_461' title='bbox 1064 4506 1118 4556; x_wconf 88' lang='lat' dir='ltr'><strong>in</strong></span> <span class='ocrx_word' id='word_1_462' title='bbox 1139 4505 1324 4569; x_wconf 69' lang='lat' dir='ltr'><strong>leam,</strong></span> <span class='ocrx_word' id='word_1_463' title='bbox 1346 4521 1498 4559; x_wconf 90' lang='lat' dir='ltr'><strong>num.</strong></span> <span class='ocrx_word' id='word_1_464' title='bbox 1535 4506 1620 4572; x_wconf 79' lang='lat' dir='ltr'><strong>ll,</strong></span> <span class='ocrx_word' id='word_1_465' title='bbox 1653 4522 1774 4577; x_wconf 84' lang='lat' dir='ltr'><strong>pag.</strong></span> <span class='ocrx_word' id='word_1_466' title='bbox 1802 4507 1869 4560; x_wconf 70' lang='lat' dir='ltr'><strong>i9.</strong></span> <span class='ocrx_word' id='word_1_467' title='bbox 1897 4526 1911 4562; x_wconf 85' lang='lat'><strong>:</strong></span> <span class='ocrx_word' id='word_1_468' title='bbox 1939 4510 2011 4562; x_wconf 81' lang='grc' dir='ltr'><strong>Οὐ</strong></span> 
     </span>
    </p>
   </div>
   <div class='ocr_carea' id='block_1_63' title="bbox 449 4595 2015 4670">
    <p class='ocr_par' dir='ltr' id='par_1_63' title="bbox 449 4595 2015 4670">
     <span class='ocr_line' id='line_1_63' title="bbox 449 4595 2015 4670; baseline 0.005 -24"><span class='ocrx_word' id='word_1_469' title='bbox 449 4595 752 4666; x_wconf 83' lang='grc' dir='ltr'><strong>σιωπητέον</strong></span> <span class='ocrx_word' id='word_1_470' title='bbox 789 4596 865 4661; x_wconf 85' lang='grc' dir='ltr'><strong>δὲ,</strong></span> <span class='ocrx_word' id='word_1_471' title='bbox 899 4596 1019 4650; x_wconf 81' lang='grc' dir='ltr'>οὐδὲ</span> <span class='ocrx_word' id='word_1_472' title='bbox 1049 4595 1139 4649; x_wconf 83' lang='grc' dir='ltr'>τὸν</span> <span class='ocrx_word' id='word_1_473' title='bbox 1169 4596 1304 4667; x_wconf 85' lang='grc' dir='ltr'><strong>μετὰ</strong></span> <span class='ocrx_word' id='word_1_474' title='bbox 1348 4596 1437 4651; x_wconf 78' lang='grc' dir='ltr'><strong>τὸν</strong></span> <span class='ocrx_word' id='word_1_475' title='bbox 1482 4598 1702 4670; x_wconf 80' lang='grc' dir='ltr'><strong>Πατέρα</strong></span> <span class='ocrx_word' id='word_1_476' title='bbox 1742 4599 1848 4653; x_wconf 81' lang='grc' dir='ltr'><strong>τῶν</strong></span> <span class='ocrx_word' id='word_1_477' title='bbox 1878 4599 2015 4654; x_wconf 81' lang='grc' dir='ltr'><strong>ὅλων</strong></span> 
     </span>
    </p>
   </div>
   <div class='ocr_carea' id='block_1_64' title="bbox 437 4686 2017 4761">
    <p class='ocr_par' dir='ltr' id='par_1_64' title="bbox 437 4686 2017 4761">
     <span class='ocr_line' id='line_1_64' title="bbox 437 4686 2017 4761; baseline 0.004 -23"><span class='ocrx_word' id='word_1_478' title='bbox 437 4686 578 4739; x_wconf 81' lang='grc' dir='ltr'>’Θεὸν</span> <span class='ocrx_word' id='word_1_479' title='bbox 622 4688 814 4755; x_wconf 83' lang='grc' dir='ltr'><strong>Λόγον,</strong></span> <span class='ocrx_word' id='word_1_480' title='bbox 838 4689 1049 4753; x_wconf 79' lang='grc' dir='ltr'>οὐδενὸς</span> <span class='ocrx_word' id='word_1_481' title='bbox 1095 4691 1202 4761; x_wconf 74' lang='grc' dir='ltr'><strong>γὰρ</strong></span> <span class='ocrx_word' id='word_1_482' title='bbox 1240 4688 1455 4743; x_wconf 71' lang='grc' dir='ltr'><strong>ἔλαττον</strong></span> <span class='ocrx_word' id='word_1_483' title='bbox 1495 4691 1698 4759; x_wconf 80' lang='grc' dir='ltr'><strong>ἀγαθοῦ</strong></span> <span class='ocrx_word' id='word_1_484' title='bbox 1734 4692 1827 4745; x_wconf 81' lang='grc' dir='ltr'><strong>καὶ</strong></span> <span class='ocrx_word' id='word_1_485' title='bbox 1861 4691 2017 4745; x_wconf 74' lang='grc' dir='ltr'><strong>τοῦτο</strong></span> 
     </span>
    </p>
   </div>
   <div class='ocr_carea' id='block_1_65' title="bbox 442 4778 2011 4852">
    <p class='ocr_par' dir='ltr' id='par_1_65' title="bbox 442 4778 2011 4852">
     <span class='ocr_line' id='line_1_65' title="bbox 442 4778 2011 4852; baseline 0.004 -21"><span class='ocrx_word' id='word_1_486' title='bbox 442 4780 510 4832; x_wconf 73' lang='grc' dir='ltr'><strong>τὸ</strong></span> <span class='ocrx_word' id='word_1_487' title='bbox 548 4778 772 4848; x_wconf 77' lang='grc' dir='ltr'><strong>ἀγαθόν.</strong></span> <span class='ocrx_word' id='word_1_488' title='bbox 805 4780 936 4834; x_wconf 87' lang='lat' dir='ltr'><strong>Cum</strong></span> <span class='ocrx_word' id='word_1_489' title='bbox 962 4782 1107 4834; x_wconf 88' lang='lat' dir='ltr'><strong>enim</strong></span> <span class='ocrx_word' id='word_1_490' title='bbox 1134 4783 1316 4835; x_wconf 84' lang='lat' dir='ltr'><strong>omnia</strong></span> <span class='ocrx_word' id='word_1_491' title='bbox 1354 4782 1552 4837; x_wconf 87' lang='lat' dir='ltr'><strong>habeat</strong></span> <span class='ocrx_word' id='word_1_492' title='bbox 1577 4802 1604 4835; x_wconf 71' lang='grc' dir='ltr'><strong><em>υ</em></strong></span> <span class='ocrx_word' id='word_1_493' title='bbox 1632 4781 1794 4836; x_wconf 87' lang='lat' dir='ltr'><strong>Patre</strong></span> <span class='ocrx_word' id='word_1_494' title='bbox 1819 4782 2011 4852; x_wconf 88' lang='lat' dir='ltr'><strong>Filius,</strong></span> 
     </span>
    </p>
   </div>
   <div class='ocr_carea' id='block_1_66' title="bbox 440 4871 2016 4941">
    <p class='ocr_par' dir='ltr' id='par_1_66' title="bbox 440 4871 2016 4941">
     <span class='ocr_line' id='line_1_66' title="bbox 440 4871 2016 4941; baseline 0.003 -17"><span class='ocrx_word' id='word_1_495' title='bbox 440 4882 731 4941; x_wconf 79' lang='lat' dir='ltr'><strong>acceptum</strong></span> <span class='ocrx_word' id='word_1_496' title='bbox 757 4871 906 4925; x_wconf 90' lang='lat' dir='ltr'><strong>Patri</strong></span> <span class='ocrx_word' id='word_1_497' title='bbox 931 4872 1099 4927; x_wconf 83' lang='lat' dir='ltr'><strong>refert</strong></span> <span class='ocrx_word' id='word_1_498' title='bbox 1131 4876 1505 4931; x_wconf 90' lang='lat' dir='ltr'><strong>universorum</strong></span> <span class='ocrx_word' id='word_1_499' title='bbox 1541 4890 1666 4928; x_wconf 88' lang='lat' dir='ltr'><strong>esse</strong></span> <span class='ocrx_word' id='word_1_500' title='bbox 1713 4873 1873 4929; x_wconf 89' lang='lat' dir='ltr'><strong>Deus.</strong></span> <span class='ocrx_word' id='word_1_501' title='bbox 1910 4875 2016 4929; x_wconf 79' lang='lat' dir='ltr'><strong>Re-</strong></span> 
     </span>
    </p>
   </div>
   <div class='ocr_carea' id='block_1_67' title="bbox 444 4964 2017 5033">
    <p class='ocr_par' dir='ltr' id='par_1_67' title="bbox 444 4964 2017 5033">
     <span class='ocr_line' id='line_1_67' title="bbox 444 4964 2017 5033; baseline 0.001 -18"><span class='ocrx_word' id='word_1_502' title='bbox 444 4975 571 5015; x_wconf 76' lang='lat' dir='ltr'><strong>rum</strong></span> <span class='ocrx_word' id='word_1_503' title='bbox 607 4964 774 5033; x_wconf 87' lang='lat' dir='ltr'><strong>igitur</strong></span> <span class='ocrx_word' id='word_1_504' title='bbox 805 4965 1178 5018; x_wconf 88' lang='lat' dir='ltr'><strong>universarum</strong></span> <span class='ocrx_word' id='word_1_505' title='bbox 1230 4966 1369 5020; x_wconf 87' lang='lat' dir='ltr'><strong>Deus</strong></span> <span class='ocrx_word' id='word_1_506' title='bbox 1419 4975 1504 5019; x_wconf 83' lang='lat' dir='ltr'><strong>est</strong></span> <span class='ocrx_word' id='word_1_507' title='bbox 1555 4965 1715 5020; x_wconf 85' lang='lat' dir='ltr'><strong>Pater</strong></span> <span class='ocrx_word' id='word_1_508' title='bbox 1742 4980 1771 5019; x_wconf 90' lang='lat' dir='ltr'><strong>a</strong></span> <span class='ocrx_word' id='word_1_509' title='bbox 1798 4981 1890 5029; x_wconf 87' lang='lat' dir='ltr'><strong>se;</strong></span> <span class='ocrx_word' id='word_1_510' title='bbox 1928 4965 2017 5017; x_wconf 83' lang='lat' dir='ltr'><strong>Fi-</strong></span> 
     </span>
    </p>
   </div>
   <div class='ocr_carea' id='block_1_68' title="bbox 461 5052 2016 5110">
    <p class='ocr_par' dir='ltr' id='par_1_68' title="bbox 461 5052 2016 5110">
     <span class='ocr_line' id='line_1_68' title="bbox 461 5052 2016 5110; baseline 0.003 -6"><span class='ocrx_word' id='word_1_511' title='bbox 461 5052 565 5107; x_wconf 90' lang='lat' dir='ltr'><strong>lius</strong></span> <span class='ocrx_word' id='word_1_512' title='bbox 603 5057 918 5110; x_wconf 86' lang='lat' dir='ltr'><strong>earumdem</strong></span> <span class='ocrx_word' id='word_1_513' title='bbox 944 5070 1120 5109; x_wconf 88' lang='lat' dir='ltr'><strong>rerum</strong></span> <span class='ocrx_word' id='word_1_514' title='bbox 1147 5055 1286 5109; x_wconf 89' lang='lat' dir='ltr'><strong>Deus</strong></span> <span class='ocrx_word' id='word_1_515' title='bbox 1315 5064 1395 5110; x_wconf 88' lang='lat' dir='ltr'><strong>est</strong></span> <span class='ocrx_word' id='word_1_516' title='bbox 1428 5071 1457 5108; x_wconf 88' lang='lat' dir='ltr'><strong>a</strong></span> <span class='ocrx_word' id='word_1_517' title='bbox 1488 5056 1667 5110; x_wconf 86' lang='lat' dir='ltr'><strong>Patre.</strong></span> <span class='ocrx_word' id='word_1_518' title='bbox 1704 5056 1835 5110; x_wconf 87' lang='lat' dir='ltr'><strong>Cum</strong></span> <span class='ocrx_word' id='word_1_519' title='bbox 1887 5054 2016 5110; x_wconf 90' lang='lat' dir='ltr'><strong>Ser-</strong></span> 
     </span>
    </p>
   </div>
   <div class='ocr_carea' id='block_1_69' title="bbox 522 5255 1000 5323">
    <p class='ocr_par' dir='ltr' id='par_1_69' title="bbox 522 5255 1000 5323">
     <span class='ocr_line' id='line_1_69' title="bbox 522 5255 1000 5323; baseline 0.004 -13"><span class='ocrx_word' id='word_1_520' title='bbox 522 5255 565 5286; x_wconf 77' lang='lat'>“</span> <span class='ocrx_word' id='word_1_521' title='bbox 591 5255 611 5310; x_wconf 91' lang='grc' dir='ltr'><strong>Ι</strong></span> <span class='ocrx_word' id='word_1_522' title='bbox 636 5258 761 5313; x_wconf 85' lang='lat' dir='ltr'><strong>Cor.</strong></span> <span class='ocrx_word' id='word_1_523' title='bbox 796 5273 888 5323; x_wconf 91' lang='lat' dir='ltr'><strong>xv,</strong></span> <span class='ocrx_word' id='word_1_524' title='bbox 909 5256 1000 5313; x_wconf 80' lang='lat'><strong>28.</strong></span> 
     </span>
    </p>
   </div>
   <div class='ocr_carea' id='block_1_70' title="bbox 521 5390 2007 5465">
    <p class='ocr_par' dir='ltr' id='par_1_70' title="bbox 521 5390 2007 5465">
     <span class='ocr_line' id='line_1_70' title="bbox 521 5390 2007 5465; baseline 0 -17"><span class='ocrx_word' id='word_1_525' title='bbox 521 5391 656 5465; x_wconf 26' lang='lat'><strong>(96)”</strong></span> <span class='ocrx_word' id='word_1_526' title='bbox 677 5391 827 5465; x_wconf 83' lang='lat' dir='ltr'><strong>Quod</strong></span> <span class='ocrx_word' id='word_1_527' title='bbox 874 5405 1049 5448; x_wconf 89' lang='lat' dir='ltr'><strong>autem</strong></span> <span class='ocrx_word' id='word_1_528' title='bbox 1083 5390 1451 5465; x_wconf 83' lang='lat' dir='ltr'><strong>Seruatorem,_</strong></span> <span class='ocrx_word' id='word_1_529' title='bbox 1473 5404 1577 5465; x_wconf 88' lang='lat' dir='ltr'><strong>etc.</strong></span> <span class='ocrx_word' id='word_1_530' title='bbox 1626 5393 1778 5465; x_wconf 15' lang='lat' dir='ltr'><strong>,Vide</strong></span> <span class='ocrx_word' id='word_1_531' title='bbox 1824 5412 2007 5465; x_wconf 86' lang='lat' dir='ltr'><strong>supra,</strong></span> 
     </span>
    </p>
   </div>
   <div class='ocr_carea' id='block_1_71' title="bbox 448 5462 2009 5530">
    <p class='ocr_par' dir='ltr' id='par_1_71' title="bbox 448 5462 2009 5530">
     <span class='ocr_line' id='line_1_71' title="bbox 448 5462 2009 5530; baseline 0.001 -13"><span class='ocrx_word' id='word_1_532' title='bbox 448 5462 599 5517; x_wconf 86' lang='lat' dir='ltr'><strong>nuin.</strong></span> <span class='ocrx_word' id='word_1_533' title='bbox 628 5463 679 5527; x_wconf 90' lang='lat'><strong>7,</strong></span> <span class='ocrx_word' id='word_1_534' title='bbox 704 5463 1139 5518; x_wconf 86' lang='lat' dir='ltr'><strong>observationem</strong></span> <span class='ocrx_word' id='word_1_535' title='bbox 1166 5466 1217 5517; x_wconf 91' lang='lat' dir='ltr'><strong>in</strong></span> <span class='ocrx_word' id='word_1_536' title='bbox 1248 5465 1388 5516; x_wconf 90' lang='lat' dir='ltr'><strong>hunc</strong></span> <span class='ocrx_word' id='word_1_537' title='bbox 1419 5462 1670 5530; x_wconf 76' lang='lat' dir='ltr'><strong>Origeuis</strong></span> <span class='ocrx_word' id='word_1_538' title='bbox 1699 5462 2009 5519; x_wconf 79' lang='lat' dir='ltr'><strong>contextum</strong></span> 
     </span>
    </p>
   </div>
   <div class='ocr_carea' id='block_1_72' title="bbox 449 5533 2012 5601">
    <p class='ocr_par' dir='ltr' id='par_1_72' title="bbox 449 5533 2012 5601">
     <span class='ocr_line' id='line_1_72' title="bbox 449 5533 2012 5601; baseline 0.001 -14"><span class='ocrx_word' id='word_1_539' title='bbox 449 5548 515 5587; x_wconf 86' lang='lat' dir='ltr'><strong>ex</strong></span> <span class='ocrx_word' id='word_1_540' title='bbox 549 5534 639 5587; x_wconf 92' lang='lat' dir='ltr'><strong>lib.</strong></span> <span class='ocrx_word' id='word_1_541' title='bbox 665 5546 765 5601; x_wconf 80' lang='lat' dir='ltr'><strong>vttt</strong></span> <span class='ocrx_word' id='word_1_542' title='bbox 806 5546 986 5586; x_wconf 88' lang='lat' dir='ltr'><strong>contra</strong></span> <span class='ocrx_word' id='word_1_543' title='bbox 1019 5534 1152 5587; x_wconf 82' lang='lat' dir='ltr'><strong>Cels.</strong></span> <span class='ocrx_word' id='word_1_544' title='bbox 1189 5548 1207 5585; x_wconf 91' lang='lat'><strong><em>:</em></strong></span> <span class='ocrx_word' id='word_1_545' title='bbox 1248 5533 1425 5585; x_wconf 87' lang='grc' dir='ltr'><strong>Ἔστω</strong></span> <span class='ocrx_word' id='word_1_546' title='bbox 1454 5533 1509 5585; x_wconf 87' lang='grc' dir='ltr'><strong>δέ</strong></span> <span class='ocrx_word' id='word_1_547' title='bbox 1534 5550 1682 5598; x_wconf 85' lang='grc' dir='ltr'><strong>τινας</strong></span> <span class='ocrx_word' id='word_1_548' title='bbox 1702 5536 1775 5598; x_wconf 83' lang='grc' dir='ltr'><strong>ὼς</strong></span> <span class='ocrx_word' id='word_1_549' title='bbox 1797 5538 1875 5601; x_wconf 81' lang='grc' dir='ltr'><strong>ὲν,</strong></span> <span class='ocrx_word' id='word_1_550' title='bbox 1905 5546 2012 5589; x_wconf 91' lang='lat' dir='ltr'><strong>etc.</strong></span> 
     </span>
    </p>
   </div>
   <div class='ocr_carea' id='block_1_73' title="bbox 523 5600 2010 5671">
    <p class='ocr_par' dir='ltr' id='par_1_73' title="bbox 523 5600 2010 5671">
     <span class='ocr_line' id='line_1_73' title="bbox 523 5600 2010 5671; baseline 0.001 -15"><span class='ocrx_word' id='word_1_551' title='bbox 523 5602 634 5671; x_wconf 75' lang='lat'><strong>(97)</strong></span> <span class='ocrx_word' id='word_1_552' title='bbox 686 5600 875 5671; x_wconf 81' lang='lat' dir='ltr'><strong>Verum</strong></span> <span class='ocrx_word' id='word_1_553' title='bbox 898 5603 1029 5656; x_wconf 86' lang='lat' dir='ltr'><strong>leuia</strong></span> <span class='ocrx_word' id='word_1_554' title='bbox 1059 5614 1199 5667; x_wconf 85' lang='lat' dir='ltr'><strong>sunt,</strong></span> <span class='ocrx_word' id='word_1_555' title='bbox 1230 5614 1284 5655; x_wconf 89' lang='lat' dir='ltr'><strong>ut</strong></span> <span class='ocrx_word' id='word_1_556' title='bbox 1332 5605 1465 5664; x_wconf 75' lang='lat' dir='ltr'><strong>dixi,</strong></span> <span class='ocrx_word' id='word_1_557' title='bbox 1506 5620 1623 5669; x_wconf 78' lang='lat' dir='ltr'><strong>qutc</strong></span> <span class='ocrx_word' id='word_1_558' title='bbox 1659 5617 1908 5671; x_wconf 87' lang='lat' dir='ltr'><strong>petuntur</strong></span> <span class='ocrx_word' id='word_1_559' title='bbox 1946 5621 2010 5658; x_wconf 73' lang='lat' dir='ltr'><strong>ea:</strong></span> 
     </span>
    </p>
   </div>
   <div class='ocr_carea' id='block_1_74' title="bbox 442 5670 2008 5741">
    <p class='ocr_par' dir='ltr' id='par_1_74' title="bbox 442 5670 2008 5741">
     <span class='ocr_line' id='line_1_74' title="bbox 442 5670 2008 5741; baseline 0 -16"><span class='ocrx_word' id='word_1_560' title='bbox 442 5670 748 5741; x_wconf 68' lang='lat' dir='ltr'><strong>operibusa</strong></span> <span class='ocrx_word' id='word_1_561' title='bbox 778 5670 972 5739; x_wconf 76' lang='lat' dir='ltr'><strong>Ruﬁno</strong></span> <span class='ocrx_word' id='word_1_562' title='bbox 998 5672 1352 5741; x_wconf 85' lang='lat' dir='ltr'><strong>interpretatis</strong></span> <span class='ocrx_word' id='word_1_563' title='bbox 1381 5670 1700 5739; x_wconf 83' lang='lat' dir='ltr'><strong>testimonia,</strong></span> <span class='ocrx_word' id='word_1_564' title='bbox 1734 5686 1835 5729; x_wconf 86' lang='lat' dir='ltr'><strong>etc.</strong></span> <span class='ocrx_word' id='word_1_565' title='bbox 1873 5675 2008 5728; x_wconf 86' lang='lat' dir='ltr'><strong>Cra-</strong></span> 
     </span>
    </p>
   </div>
   <div class='ocr_carea' id='block_1_75' title="bbox 451 5740 2006 5813">
    <p class='ocr_par' dir='ltr' id='par_1_75' title="bbox 451 5740 2006 5813">
     <span class='ocr_line' id='line_1_75' title="bbox 451 5740 2006 5813; baseline 0.003 -19"><span class='ocrx_word' id='word_1_566' title='bbox 451 5742 603 5813; x_wconf 76' lang='lat' dir='ltr'><strong>vlora</strong></span> <span class='ocrx_word' id='word_1_567' title='bbox 646 5740 758 5813; x_wconf 82' lang='lat' dir='ltr'><strong>alia</strong></span> <span class='ocrx_word' id='word_1_568' title='bbox 794 5740 1139 5813; x_wconf 13' lang='lat' dir='ltr'><strong>testimonia;</strong></span> <span class='ocrx_word' id='word_1_569' title='bbox 1162 5743 1398 5810; x_wconf 90' lang='lat' dir='ltr'><strong>reperire</strong></span> <span class='ocrx_word' id='word_1_570' title='bbox 1421 5743 1706 5813; x_wconf 49' lang='lat' dir='ltr'><strong>.potuisset</strong></span> <span class='ocrx_word' id='word_1_571' title='bbox 1759 5744 2006 5810; x_wconf 83' lang='lat' dir='ltr'><strong>Huetius,</strong></span> 
     </span>
    </p>
   </div>
   <div class='ocr_carea' id='block_1_76' title="bbox 446 5809 2006 5882">
    <p class='ocr_par' dir='ltr' id='par_1_76' title="bbox 446 5809 2006 5882">
     <span class='ocr_line' id='line_1_76' title="bbox 446 5809 2006 5882; baseline 0.003 -17"><span class='ocrx_word' id='word_1_572' title='bbox 446 5813 498 5865; x_wconf 78' lang='lat' dir='ltr'><strong>si</strong></span> <span class='ocrx_word' id='word_1_573' title='bbox 530 5809 795 5867; x_wconf 83' lang='lat' dir='ltr'><strong>libuisset.</strong></span> <span class='ocrx_word' id='word_1_574' title='bbox 833 5811 998 5865; x_wconf 80' lang='lat' dir='ltr'><strong>Suam</strong></span> <span class='ocrx_word' id='word_1_575' title='bbox 1038 5811 1179 5866; x_wconf 89' lang='lat' dir='ltr'><strong>enim</strong></span> <span class='ocrx_word' id='word_1_576' title='bbox 1220 5809 1284 5868; x_wconf 82' lang='lat' dir='ltr'><strong>de</strong></span> <span class='ocrx_word' id='word_1_577' title='bbox 1322 5809 1521 5882; x_wconf 75' lang='lat' dir='ltr'><strong>Spiritu</strong></span> <span class='ocrx_word' id='word_1_578' title='bbox 1569 5824 1755 5870; x_wconf 86' lang='lat' dir='ltr'><strong>sancto</strong></span> <span class='ocrx_word' id='word_1_579' title='bbox 1791 5809 2006 5870; x_wconf 64' lang='lat' dir='ltr'><strong>sentem</strong></span> 
     </span>
    </p>
   </div>
   <div class='ocr_carea' id='block_1_77' title="bbox 1080 5256 1602 5323">
    <p class='ocr_par' dir='ltr' id='par_1_77' title="bbox 1080 5256 1602 5323">
     <span class='ocr_line' id='line_1_77' title="bbox 1080 5256 1602 5323; baseline 0.008 -12"><span class='ocrx_word' id='word_1_580' title='bbox 1080 5256 1123 5288; x_wconf 86' lang='lat'><strong>&quot;’</strong></span> <span class='ocrx_word' id='word_1_581' title='bbox 1148 5256 1305 5312; x_wconf 76' lang='lat' dir='ltr'><strong>Joau.</strong></span> <span class='ocrx_word' id='word_1_582' title='bbox 1340 5273 1472 5323; x_wconf 85' lang='lat' dir='ltr'><strong>xvu,</strong></span> <span class='ocrx_word' id='word_1_583' title='bbox 1516 5259 1602 5316; x_wconf 81' lang='grc'><strong>10.</strong></span> 
     </span>
    </p>
   </div>
   <div class='ocr_carea' id='block_1_78' title="bbox 1682 5260 2169 5331">
    <p class='ocr_par' dir='ltr' id='par_1_78' title="bbox 1682 5260 2169 5331">
     <span class='ocr_line' id='line_1_78' title="bbox 1682 5260 2169 5331; baseline -0.004 -16"><span class='ocrx_word' id='word_1_584' title='bbox 1682 5260 1725 5291; x_wconf 86' lang='grc'><strong>¹⁸</strong></span> <span class='ocrx_word' id='word_1_585' title='bbox 1757 5260 1957 5331; x_wconf 87' lang='lat' dir='ltr'><strong>Ephes.</strong></span> <span class='ocrx_word' id='word_1_586' title='bbox 2007 5277 2045 5327; x_wconf 89' lang='lat' dir='ltr'><strong>t,</strong></span> <span class='ocrx_word' id='word_1_587' title='bbox 2078 5260 2169 5314; x_wconf 76' lang='lat'><strong>2|.</strong></span> 
     </span>
    </p>
   </div>
   <div class='ocr_carea' id='block_1_79' title="bbox 2133 1946 3703 2021">
    <p class='ocr_par' dir='ltr' id='par_1_79' title="bbox 2133 1946 3703 2021">
     <span class='ocr_line' id='line_1_79' title="bbox 2133 1946 3703 2021; baseline 0.003 -21"><span class='ocrx_word' id='word_1_588' title='bbox 2133 1961 2195 2000; x_wconf 88' lang='lat' dir='ltr'><strong>ac</strong></span> <span class='ocrx_word' id='word_1_589' title='bbox 2221 1946 2357 2001; x_wconf 85' lang='lat' dir='ltr'><strong>Filio</strong></span> <span class='ocrx_word' id='word_1_590' title='bbox 2391 1948 2653 2003; x_wconf 84' lang='lat' dir='ltr'><strong>sociatum</strong></span> <span class='ocrx_word' id='word_1_591' title='bbox 2715 1950 3055 2004; x_wconf 86' lang='lat' dir='ltr'><strong>tradiderunt</strong></span> <span class='ocrx_word' id='word_1_592' title='bbox 3106 1949 3382 2021; x_wconf 76' lang='lat' dir='ltr'><strong>(aposmli)</strong></span> <span class='ocrx_word' id='word_1_593' title='bbox 3434 1952 3703 2021; x_wconf 84' lang='lat' dir='ltr'><strong>Spiritum</strong></span> 
     </span>
    </p>
   </div>
   <div class='ocr_carea' id='block_1_80' title="bbox 2132 2038 3705 2113">
    <p class='ocr_par' dir='ltr' id='par_1_80' title="bbox 2132 2038 3705 2113">
     <span class='ocr_line' id='line_1_80' title="bbox 2132 2038 3705 2113; baseline 0.002 -20"><span class='ocrx_word' id='word_1_594' title='bbox 2132 2049 2395 2093; x_wconf 85' lang='lat' dir='ltr'><strong>sanctum.</strong></span> <span class='ocrx_word' id='word_1_595' title='bbox 2431 2058 2451 2092; x_wconf 71' lang='grc' dir='ltr'><strong><em>ι</em></strong></span> <span class='ocrx_word' id='word_1_596' title='bbox 2485 2039 2597 2110; x_wconf 87' lang='grc'><strong>(97)</strong></span> <span class='ocrx_word' id='word_1_597' title='bbox 2634 2038 2830 2094; x_wconf 79' lang='lat' dir='ltr'><strong>Verum</strong></span> <span class='ocrx_word' id='word_1_598' title='bbox 2862 2041 3000 2096; x_wconf 84' lang='lat' dir='ltr'><strong>levia</strong></span> <span class='ocrx_word' id='word_1_599' title='bbox 3028 2053 3173 2106; x_wconf 90' lang='lat' dir='ltr'><strong>sunt,</strong></span> <span class='ocrx_word' id='word_1_600' title='bbox 3210 2052 3265 2095; x_wconf 93' lang='lat' dir='ltr'><strong>ut</strong></span> <span class='ocrx_word' id='word_1_601' title='bbox 3294 2043 3426 2107; x_wconf 85' lang='lat' dir='ltr'><strong>dixi,</strong></span> <span class='ocrx_word' id='word_1_602' title='bbox 3459 2059 3583 2111; x_wconf 69' lang='lat' dir='ltr'><strong>qua:</strong></span> <span class='ocrx_word' id='word_1_603' title='bbox 3608 2058 3705 2113; x_wconf 88' lang='lat' dir='ltr'><strong>pe-</strong></span> 
     </span>
    </p>
   </div>
   <div class='ocr_carea' id='block_1_81' title="bbox 2136 2132 3705 2202">
    <p class='ocr_par' dir='ltr' id='par_1_81' title="bbox 2136 2132 3705 2202">
     <span class='ocr_line' id='line_1_81' title="bbox 2136 2132 3705 2202; baseline 0.003 -17"><span class='ocrx_word' id='word_1_604' title='bbox 2136 2141 2324 2185; x_wconf 88' lang='lat' dir='ltr'><strong>tuntur</strong></span> <span class='ocrx_word' id='word_1_605' title='bbox 2355 2145 2423 2185; x_wconf 86' lang='lat' dir='ltr'><strong>ex</strong></span> <span class='ocrx_word' id='word_1_606' title='bbox 2462 2132 2720 2201; x_wconf 84' lang='lat' dir='ltr'><strong>Operibus</strong></span> <span class='ocrx_word' id='word_1_607' title='bbox 2747 2148 2775 2185; x_wconf 93' lang='lat' dir='ltr'><strong>a</strong></span> <span class='ocrx_word' id='word_1_608' title='bbox 2812 2133 3005 2188; x_wconf 79' lang='lat' dir='ltr'><strong>Ruﬁno</strong></span> <span class='ocrx_word' id='word_1_609' title='bbox 3039 2135 3409 2202; x_wconf 88' lang='lat' dir='ltr'><strong>interpretatis</strong></span> <span class='ocrx_word' id='word_1_610' title='bbox 3454 2136 3705 2189; x_wconf 82' lang='lat' dir='ltr'><strong>testimo-</strong></span> 
     </span>
    </p>
   </div>
   <div class='ocr_carea' id='block_1_82' title="bbox 2132 2223 3702 2294">
    <p class='ocr_par' dir='ltr' id='par_1_82' title="bbox 2132 2223 3702 2294">
     <span class='ocr_line' id='line_1_82' title="bbox 2132 2223 3702 2294; baseline 0.003 -19"><span class='ocrx_word' id='word_1_611' title='bbox 2132 2223 2223 2276; x_wconf 87' lang='lat' dir='ltr'><strong>nia</strong></span> <span class='ocrx_word' id='word_1_612' title='bbox 2254 2239 2269 2277; x_wconf 89' lang='lat'><strong>:</strong></span> <span class='ocrx_word' id='word_1_613' title='bbox 2300 2224 2569 2293; x_wconf 68' lang='lat' dir='ltr'><strong>praecipue</strong></span> <span class='ocrx_word' id='word_1_614' title='bbox 2613 2240 2745 2279; x_wconf 91' lang='lat' dir='ltr'><strong>vero</strong></span> <span class='ocrx_word' id='word_1_615' title='bbox 2774 2240 2839 2278; x_wconf 87' lang='lat' dir='ltr'><strong>ex</strong></span> <span class='ocrx_word' id='word_1_616' title='bbox 2872 2225 3021 2278; x_wconf 91' lang='lat' dir='ltr'><strong>libris</strong></span> <span class='ocrx_word' id='word_1_617' title='bbox 3053 2225 3191 2293; x_wconf 83' lang='grc' dir='ltr'><strong>Περὶ</strong></span> <span class='ocrx_word' id='word_1_618' title='bbox 3223 2224 3445 2294; x_wconf 79' lang='grc' dir='ltr'><strong>ἀρχῶν,</strong></span> <span class='ocrx_word' id='word_1_619' title='bbox 3488 2227 3541 2279; x_wconf 91' lang='lat' dir='ltr'><strong>in</strong></span> <span class='ocrx_word' id='word_1_620' title='bbox 3577 2226 3702 2294; x_wconf 58' lang='lat' dir='ltr'><strong>qui.</strong></span> 
     </span>
    </p>
   </div>
   <div class='ocr_carea' id='block_1_83' title="bbox 2140 2314 3701 2373">
    <p class='ocr_par' dir='ltr' id='par_1_83' title="bbox 2140 2314 3701 2373">
     <span class='ocr_line' id='line_1_83' title="bbox 2140 2314 3701 2373; baseline 0.003 -5"><span class='ocrx_word' id='word_1_621' title='bbox 2140 2317 2243 2368; x_wconf 82' lang='lat' dir='ltr'><strong>bus</strong></span> <span class='ocrx_word' id='word_1_622' title='bbox 2292 2332 2510 2370; x_wconf 85' lang='lat' dir='ltr'><strong>errores</strong></span> <span class='ocrx_word' id='word_1_623' title='bbox 2562 2316 2707 2370; x_wconf 90' lang='lat' dir='ltr'><strong>circa</strong></span> <span class='ocrx_word' id='word_1_624' title='bbox 2754 2314 3078 2370; x_wconf 89' lang='lat' dir='ltr'><strong>Trinitatem</strong></span> <span class='ocrx_word' id='word_1_625' title='bbox 3114 2316 3377 2370; x_wconf 83' lang='lat' dir='ltr'><strong>admissos</strong></span> <span class='ocrx_word' id='word_1_626' title='bbox 3406 2320 3701 2373; x_wconf 79' lang='lat' dir='ltr'><strong>emendare</strong></span> 
     </span>
    </p>
   </div>
   <div class='ocr_carea' id='block_1_84' title="bbox 2130 2406 3699 2475">
    <p class='ocr_par' dir='ltr' id='par_1_84' title="bbox 2130 2406 3699 2475">
     <span class='ocr_line' id='line_1_84' title="bbox 2130 2406 3699 2475; baseline 0.002 -16"><span class='ocrx_word' id='word_1_627' title='bbox 2130 2415 2351 2461; x_wconf 87' lang='lat' dir='ltr'><strong>conatus</strong></span> <span class='ocrx_word' id='word_1_628' title='bbox 2389 2416 2490 2461; x_wconf 92' lang='lat' dir='ltr'><strong>est.</strong></span> <span class='ocrx_word' id='word_1_629' title='bbox 2545 2406 2903 2473; x_wconf 87' lang='lat' dir='ltr'><strong>Quamobrem</strong></span> <span class='ocrx_word' id='word_1_630' title='bbox 2950 2407 3170 2461; x_wconf 82' lang='lat' dir='ltr'><strong>ﬁculnea</strong></span> <span class='ocrx_word' id='word_1_631' title='bbox 3218 2423 3429 2475; x_wconf 89' lang='lat' dir='ltr'><strong>quoque</strong></span> <span class='ocrx_word' id='word_1_632' title='bbox 3480 2417 3563 2462; x_wconf 90' lang='lat' dir='ltr'><strong>est</strong></span> <span class='ocrx_word' id='word_1_633' title='bbox 3592 2408 3699 2462; x_wconf 90' lang='lat' dir='ltr'><strong>loci</strong></span> 
     </span>
    </p>
   </div>
   <div class='ocr_carea' id='block_1_85' title="bbox 2129 2493 3694 2566">
    <p class='ocr_par' dir='ltr' id='par_1_85' title="bbox 2129 2493 3694 2566">
     <span class='ocr_line' id='line_1_85' title="bbox 2129 2493 3694 2566; baseline 0 -17"><span class='ocrx_word' id='word_1_634' title='bbox 2129 2495 2270 2550; x_wconf 88' lang='lat' dir='ltr'><strong>illius</strong></span> <span class='ocrx_word' id='word_1_635' title='bbox 2298 2497 2487 2561; x_wconf 90' lang='lat' dir='ltr'><strong>tutela,</strong></span> <span class='ocrx_word' id='word_1_636' title='bbox 2524 2512 2554 2550; x_wconf 91' lang='lat' dir='ltr'><strong>e</strong></span> <span class='ocrx_word' id='word_1_637' title='bbox 2577 2496 2716 2550; x_wconf 91' lang='lat' dir='ltr'><strong>libro</strong></span> <span class='ocrx_word' id='word_1_638' title='bbox 2748 2513 2763 2550; x_wconf 90' lang='grc' dir='ltr'>ι</span> <span class='ocrx_word' id='word_1_639' title='bbox 2792 2497 2948 2566; x_wconf 87' lang='lat' dir='ltr'><strong>hujus</strong></span> <span class='ocrx_word' id='word_1_640' title='bbox 2968 2495 3178 2564; x_wconf 84' lang='lat' dir='ltr'><strong>Operis,</strong></span> <span class='ocrx_word' id='word_1_641' title='bbox 3208 2512 3329 2564; x_wconf 85' lang='lat' dir='ltr'><strong>cap.</strong></span> <span class='ocrx_word' id='word_1_642' title='bbox 3349 2496 3401 2555; x_wconf 81' lang='grc'><strong>5,</strong></span> <span class='ocrx_word' id='word_1_643' title='bbox 3438 2510 3584 2548; x_wconf 89' lang='lat' dir='ltr'><strong>num.</strong></span> <span class='ocrx_word' id='word_1_644' title='bbox 3616 2493 3645 2546; x_wconf 88' lang='lat'><strong>7</strong></span> <span class='ocrx_word' id='word_1_645' title='bbox 3675 2512 3694 2549; x_wconf 92' lang='lat'><strong>:</strong></span> 
     </span>
    </p>
   </div>
   <div class='ocr_carea' id='block_1_86' title="bbox 2135 2574 3697 2653">
    <p class='ocr_par' dir='ltr' id='par_1_86' title="bbox 2135 2574 3697 2653">
     <span class='ocr_line' id='line_1_86' title="bbox 2135 2574 3697 2653; baseline 0.001 -16"><span class='ocrx_word' id='word_1_646' title='bbox 2135 2604 2154 2637; x_wconf 77' lang='grc' dir='ltr'>ι</span> <span class='ocrx_word' id='word_1_647' title='bbox 2192 2574 2363 2641; x_wconf 82' lang='lat' dir='ltr'><strong>Porro</strong></span> <span class='ocrx_word' id='word_1_648' title='bbox 2409 2595 2586 2642; x_wconf 86' lang='lat' dir='ltr'><strong>autem</strong></span> <span class='ocrx_word' id='word_1_649' title='bbox 2632 2586 2766 2639; x_wconf 90' lang='lat' dir='ltr'><strong>nihil</strong></span> <span class='ocrx_word' id='word_1_650' title='bbox 2812 2588 2863 2639; x_wconf 92' lang='lat' dir='ltr'><strong>in</strong></span> <span class='ocrx_word' id='word_1_651' title='bbox 2913 2586 3179 2640; x_wconf 84' lang='lat' dir='ltr'><strong>Trinitate</strong></span> <span class='ocrx_word' id='word_1_652' title='bbox 3223 2584 3395 2653; x_wconf 83' lang='lat' dir='ltr'><strong>majus</strong></span> <span class='ocrx_word' id='word_1_653' title='bbox 3447 2585 3697 2639; x_wconf 87' lang='lat' dir='ltr'><strong>minusve</strong></span> 
     </span>
    </p>
   </div>
   <div class='ocr_carea' id='block_1_87' title="bbox 2127 2676 3693 2748">
    <p class='ocr_par' dir='ltr' id='par_1_87' title="bbox 2127 2676 3693 2748">
     <span class='ocr_line' id='line_1_87' title="bbox 2127 2676 3693 2748; baseline -0.001 -16"><span class='ocrx_word' id='word_1_654' title='bbox 2127 2679 2410 2733; x_wconf 65' lang='lat' dir='ltr'><strong>dioendum</strong></span> <span class='ocrx_word' id='word_1_655' title='bbox 2442 2688 2561 2735; x_wconf 85' lang='lat' dir='ltr'><strong>est:</strong></span> <span class='ocrx_word' id='word_1_656' title='bbox 2596 2697 2615 2730; x_wconf 75' lang='grc' dir='ltr'><strong><em>ι</em></strong></span> <span class='ocrx_word' id='word_1_657' title='bbox 2647 2687 2701 2732; x_wconf 92' lang='lat' dir='ltr'><strong>et</strong></span> <span class='ocrx_word' id='word_1_658' title='bbox 2733 2679 2915 2748; x_wconf 89' lang='lat' dir='ltr'><strong>hujus,</strong></span> <span class='ocrx_word' id='word_1_659' title='bbox 2946 2678 3115 2733; x_wconf 88' lang='lat' dir='ltr'><strong>elibr.</strong></span> <span class='ocrx_word' id='word_1_660' title='bbox 3136 2693 3195 2740; x_wconf 84' lang='lat' dir='ltr'><strong>ll,</strong></span> <span class='ocrx_word' id='word_1_661' title='bbox 3223 2692 3341 2745; x_wconf 88' lang='lat' dir='ltr'><strong>cap.</strong></span> <span class='ocrx_word' id='word_1_662' title='bbox 3371 2676 3426 2742; x_wconf 72' lang='grc'><strong>2,</strong></span> <span class='ocrx_word' id='word_1_663' title='bbox 3457 2680 3647 2733; x_wconf 76' lang='lat' dir='ltr'><strong>nuth</strong></span> <span class='ocrx_word' id='word_1_664' title='bbox 3674 2693 3693 2730; x_wconf 89' lang='lat'><strong>:</strong></span> 
     </span>
    </p>
   </div>
   <div class='ocr_carea' id='block_1_88' title="bbox 2130 2768 3693 2839">
    <p class='ocr_par' dir='ltr' id='par_1_88' title="bbox 2130 2768 3693 2839">
     <span class='ocr_line' id='line_1_88' title="bbox 2130 2768 3693 2839; baseline -0.002 -15"><span class='ocrx_word' id='word_1_665' title='bbox 2130 2768 2296 2839; x_wconf 87' lang='lat' dir='ltr'><strong>Origo</strong></span> <span class='ocrx_word' id='word_1_666' title='bbox 2321 2780 2370 2823; x_wconf 91' lang='lat' dir='ltr'><strong>et</strong></span> <span class='ocrx_word' id='word_1_667' title='bbox 2406 2771 2521 2839; x_wconf 79' lang='lat' dir='ltr'><strong>fons</strong></span> <span class='ocrx_word' id='word_1_668' title='bbox 2563 2769 2717 2834; x_wconf 84' lang='lat' dir='ltr'><strong>Filii,</strong></span> <span class='ocrx_word' id='word_1_669' title='bbox 2752 2771 2828 2823; x_wconf 74' lang='lat' dir='ltr'><strong>vel</strong></span> <span class='ocrx_word' id='word_1_670' title='bbox 2860 2768 3090 2838; x_wconf 85' lang='lat' dir='ltr'><strong>Spiritus</strong></span> <span class='ocrx_word' id='word_1_671' title='bbox 3116 2770 3305 2835; x_wconf 85' lang='lat' dir='ltr'><strong>sancti,</strong></span> <span class='ocrx_word' id='word_1_672' title='bbox 3332 2768 3489 2821; x_wconf 84' lang='lat' dir='ltr'><strong>Pater</strong></span> <span class='ocrx_word' id='word_1_673' title='bbox 3520 2778 3617 2833; x_wconf 79' lang='lat' dir='ltr'><strong>est,</strong></span> <span class='ocrx_word' id='word_1_674' title='bbox 3643 2779 3693 2822; x_wconf 82' lang='lat' dir='ltr'><strong>et</strong></span> 
     </span>
    </p>
   </div>
   <div class='ocr_carea' id='block_1_89' title="bbox 2126 2858 3696 2929">
    <p class='ocr_par' dir='ltr' id='par_1_89' title="bbox 2126 2858 3696 2929">
     <span class='ocr_line' id='line_1_89' title="bbox 2126 2858 3696 2929; baseline 0 -14"><span class='ocrx_word' id='word_1_675' title='bbox 2126 2863 2256 2915; x_wconf 81' lang='lat' dir='ltr'><strong>nihil</strong></span> <span class='ocrx_word' id='word_1_676' title='bbox 2282 2864 2337 2915; x_wconf 89' lang='lat' dir='ltr'><strong>in</strong></span> <span class='ocrx_word' id='word_1_677' title='bbox 2364 2865 2428 2916; x_wconf 92' lang='lat' dir='ltr'><strong>iis</strong></span> <span class='ocrx_word' id='word_1_678' title='bbox 2460 2863 2719 2922; x_wconf 85' lang='lat' dir='ltr'><strong>anterius.</strong></span> <span class='ocrx_word' id='word_1_679' title='bbox 2747 2862 3063 2929; x_wconf 78' lang='lat' dir='ltr'><strong>posteriusve</strong></span> <span class='ocrx_word' id='word_1_680' title='bbox 3104 2862 3325 2929; x_wconf 81' lang='lat' dir='ltr'><strong>intelligi</strong></span> <span class='ocrx_word' id='word_1_681' title='bbox 3357 2870 3546 2925; x_wconf 84' lang='lat' dir='ltr'><strong>potest.</strong></span> <span class='ocrx_word' id='word_1_682' title='bbox 3586 2858 3696 2915; x_wconf 79' lang='lat' dir='ltr'><strong>Nec</strong></span> 
     </span>
    </p>
   </div>
   <div class='ocr_carea' id='block_1_90' title="bbox 2125 2952 3689 3023">
    <p class='ocr_par' dir='ltr' id='par_1_90' title="bbox 2125 2952 3689 3023">
     <span class='ocr_line' id='line_1_90' title="bbox 2125 2952 3689 3023; baseline 0.001 -17"><span class='ocrx_word' id='word_1_683' title='bbox 2125 2953 2391 3022; x_wconf 72' lang='lat' dir='ltr'><strong>gravioris</strong></span> <span class='ocrx_word' id='word_1_684' title='bbox 2428 2955 2609 3008; x_wconf 77' lang='lat' dir='ltr'><strong>istluec</strong></span> <span class='ocrx_word' id='word_1_685' title='bbox 2646 2969 2742 3022; x_wconf 89' lang='lat' dir='ltr'><strong>pro</strong></span> <span class='ocrx_word' id='word_1_686' title='bbox 2779 2952 3009 3023; x_wconf 82' lang='lat' dir='ltr'><strong>Origene</strong></span> <span class='ocrx_word' id='word_1_687' title='bbox 3037 2956 3287 3007; x_wconf 88' lang='lat' dir='ltr'><strong>momenti</strong></span> <span class='ocrx_word' id='word_1_688' title='bbox 3319 2969 3349 3007; x_wconf 91' lang='lat' dir='ltr'><strong>e</strong></span> <span class='ocrx_word' id='word_1_689' title='bbox 3380 2955 3469 3009; x_wconf 91' lang='lat' dir='ltr'><strong>lib.</strong></span> <span class='ocrx_word' id='word_1_690' title='bbox 3520 2971 3592 3008; x_wconf 80' lang='lat' dir='ltr'><strong>vn</strong></span> <span class='ocrx_word' id='word_1_691' title='bbox 3636 2956 3689 3008; x_wconf 82' lang='lat' dir='ltr'><strong>in</strong></span> 
     </span>
    </p>
   </div>
   <div class='ocr_carea' id='block_1_91' title="bbox 2127 3044 3694 3115">
    <p class='ocr_par' dir='ltr' id='par_1_91' title="bbox 2127 3044 3694 3115">
     <span class='ocr_line' id='line_1_91' title="bbox 2127 3044 3694 3115; baseline -0.001 -16"><span class='ocrx_word' id='word_1_692' title='bbox 2127 3046 2297 3115; x_wconf 86' lang='lat' dir='ltr'><strong>Epist.</strong></span> <span class='ocrx_word' id='word_1_693' title='bbox 2326 3049 2395 3098; x_wconf 86' lang='lat' dir='ltr'><strong>ad</strong></span> <span class='ocrx_word' id='word_1_694' title='bbox 2421 3044 2596 3113; x_wconf 84' lang='lat' dir='ltr'><strong>Rom.,</strong></span> <span class='ocrx_word' id='word_1_695' title='bbox 2637 3061 2783 3099; x_wconf 91' lang='lat' dir='ltr'><strong>num.</strong></span> <span class='ocrx_word' id='word_1_696' title='bbox 2826 3046 2913 3109; x_wconf 72' lang='lat'><strong>13,</strong></span> <span class='ocrx_word' id='word_1_697' title='bbox 2944 3059 3062 3114; x_wconf 84' lang='lat' dir='ltr'><strong>pag.</strong></span> <span class='ocrx_word' id='word_1_698' title='bbox 3101 3044 3205 3097; x_wconf 65' lang='lat' dir='ltr'><strong>(il?</strong></span> <span class='ocrx_word' id='word_1_699' title='bbox 3234 3044 3363 3098; x_wconf 86' lang='lat' dir='ltr'><strong>:Est</strong></span> <span class='ocrx_word' id='word_1_700' title='bbox 3386 3062 3509 3114; x_wconf 85' lang='lat' dir='ltr'><strong>ergo</strong></span> <span class='ocrx_word' id='word_1_701' title='bbox 3541 3046 3694 3100; x_wconf 71' lang='lat' dir='ltr'><strong>Chri-</strong></span> 
     </span>
    </p>
   </div>
   <div class='ocr_carea' id='block_1_92' title="bbox 2124 3131 3691 3199">
    <p class='ocr_par' dir='ltr' id='par_1_92' title="bbox 2124 3131 3691 3199">
     <span class='ocr_line' id='line_1_92' title="bbox 2124 3131 3691 3199; baseline 0.002 -15"><span class='ocrx_word' id='word_1_702' title='bbox 2124 3142 2233 3185; x_wconf 85' lang='lat' dir='ltr'><strong>stus</strong></span> <span class='ocrx_word' id='word_1_703' title='bbox 2269 3131 2403 3184; x_wconf 89' lang='lat' dir='ltr'><strong>Deus</strong></span> <span class='ocrx_word' id='word_1_704' title='bbox 2427 3148 2583 3199; x_wconf 85' lang='lat' dir='ltr'><strong>super</strong></span> <span class='ocrx_word' id='word_1_705' title='bbox 2620 3133 2816 3185; x_wconf 88' lang='lat' dir='ltr'><strong>omnia.</strong></span> <span class='ocrx_word' id='word_1_706' title='bbox 2853 3132 2982 3196; x_wconf 76' lang='lat' dir='ltr'><strong>Qua:</strong></span> <span class='ocrx_word' id='word_1_707' title='bbox 3025 3149 3200 3185; x_wconf 80' lang='lat' dir='ltr'><strong>omnia</strong></span> <span class='ocrx_word' id='word_1_708' title='bbox 3219 3134 3244 3187; x_wconf 88' lang='lat'><strong><em>?</em></strong></span> <span class='ocrx_word' id='word_1_709' title='bbox 3265 3133 3371 3186; x_wconf 90' lang='lat' dir='ltr'><strong>Illa</strong></span> <span class='ocrx_word' id='word_1_710' title='bbox 3398 3136 3509 3187; x_wconf 84' lang='lat' dir='ltr'><strong>sine</strong></span> <span class='ocrx_word' id='word_1_711' title='bbox 3532 3135 3691 3188; x_wconf 90' lang='lat' dir='ltr'><strong>dubio</strong></span> 
     </span>
    </p>
   </div>
   <div class='ocr_carea' id='block_1_93' title="bbox 2125 3223 3691 3294">
    <p class='ocr_par' dir='ltr' id='par_1_93' title="bbox 2125 3223 3691 3294">
     <span class='ocr_line' id='line_1_93' title="bbox 2125 3223 3691 3294; baseline 0.001 -18"><span class='ocrx_word' id='word_1_712' title='bbox 2125 3240 2241 3293; x_wconf 72' lang='lat' dir='ltr'><strong>qua:</strong></span> <span class='ocrx_word' id='word_1_713' title='bbox 2275 3234 2319 3277; x_wconf 93' lang='lat' dir='ltr'><strong>et</strong></span> <span class='ocrx_word' id='word_1_714' title='bbox 2349 3227 2507 3290; x_wconf 87' lang='lat' dir='ltr'><strong>paulo</strong></span> <span class='ocrx_word' id='word_1_715' title='bbox 2538 3234 2658 3276; x_wconf 89' lang='lat' dir='ltr'><strong>ante</strong></span> <span class='ocrx_word' id='word_1_716' title='bbox 2678 3223 2929 3288; x_wconf 75' lang='lat' dir='ltr'><strong>diximus,</strong></span> <span class='ocrx_word' id='word_1_717' title='bbox 2955 3243 2972 3274; x_wconf 79' lang='grc' dir='ltr'>ι</span> <span class='ocrx_word' id='word_1_718' title='bbox 3002 3241 3162 3294; x_wconf 86' lang='lat' dir='ltr'><strong>super</strong></span> <span class='ocrx_word' id='word_1_719' title='bbox 3183 3225 3505 3293; x_wconf 76' lang='lat' dir='ltr'><strong>principatus</strong></span> <span class='ocrx_word' id='word_1_720' title='bbox 3523 3236 3570 3277; x_wconf 91' lang='lat' dir='ltr'><strong>et</strong></span> <span class='ocrx_word' id='word_1_721' title='bbox 3594 3243 3691 3293; x_wconf 83' lang='lat' dir='ltr'><strong>po-</strong></span> 
     </span>
    </p>
   </div>
   <div class='ocr_carea' id='block_1_94' title="bbox 2128 3318 3692 3386">
    <p class='ocr_par' dir='ltr' id='par_1_94' title="bbox 2128 3318 3692 3386">
     <span class='ocr_line' id='line_1_94' title="bbox 2128 3318 3692 3386; baseline 0.001 -17"><span class='ocrx_word' id='word_1_722' title='bbox 2128 3324 2360 3379; x_wconf 87' lang='lat' dir='ltr'><strong>testates,</strong></span> <span class='ocrx_word' id='word_1_723' title='bbox 2398 3327 2445 3369; x_wconf 91' lang='lat' dir='ltr'><strong>et</strong></span> <span class='ocrx_word' id='word_1_724' title='bbox 2471 3318 2706 3381; x_wconf 80' lang='lat' dir='ltr'><strong>uirtutes,</strong></span> <span class='ocrx_word' id='word_1_725' title='bbox 2764 3326 2810 3370; x_wconf 89' lang='lat' dir='ltr'><strong>ct</strong></span> <span class='ocrx_word' id='word_1_726' title='bbox 2847 3334 2995 3370; x_wconf 88' lang='lat' dir='ltr'><strong>omne</strong></span> <span class='ocrx_word' id='word_1_727' title='bbox 3050 3334 3238 3371; x_wconf 86' lang='lat' dir='ltr'><strong>nomen</strong></span> <span class='ocrx_word' id='word_1_728' title='bbox 3282 3319 3419 3386; x_wconf 87' lang='lat' dir='ltr'><strong>quod</strong></span> <span class='ocrx_word' id='word_1_729' title='bbox 3452 3318 3692 3371; x_wconf 77' lang='lat' dir='ltr'><strong>nomina-</strong></span> 
     </span>
    </p>
   </div>
   <div class='ocr_carea' id='block_1_95' title="bbox 2128 3408 3680 3476">
    <p class='ocr_par' dir='ltr' id='par_1_95' title="bbox 2128 3408 3680 3476">
     <span class='ocr_line' id='line_1_95' title="bbox 2128 3408 3680 3476; baseline -0.001 -16"><span class='ocrx_word' id='word_1_730' title='bbox 2128 3417 2214 3461; x_wconf 88' lang='lat' dir='ltr'><strong>tur</strong></span> <span class='ocrx_word' id='word_1_731' title='bbox 2244 3424 2344 3460; x_wconf 91' lang='lat' dir='ltr'><strong>non</strong></span> <span class='ocrx_word' id='word_1_732' title='bbox 2368 3408 2535 3460; x_wconf 88' lang='lat' dir='ltr'><strong>solum</strong></span> <span class='ocrx_word' id='word_1_733' title='bbox 2559 3408 2613 3461; x_wconf 88' lang='lat' dir='ltr'><strong>in</strong></span> <span class='ocrx_word' id='word_1_734' title='bbox 2645 3408 2739 3461; x_wconf 85' lang='lat' dir='ltr'><strong>hoc</strong></span> <span class='ocrx_word' id='word_1_735' title='bbox 2773 3408 2985 3473; x_wconf 73' lang='lat' dir='ltr'><strong>swculo,</strong></span> <span class='ocrx_word' id='word_1_736' title='bbox 3002 3409 3089 3462; x_wconf 87' lang='lat' dir='ltr'><strong>sed</strong></span> <span class='ocrx_word' id='word_1_737' title='bbox 3115 3410 3341 3462; x_wconf 85' lang='lat' dir='ltr'><strong>etiamin</strong></span> <span class='ocrx_word' id='word_1_738' title='bbox 3365 3409 3546 3476; x_wconf 77' lang='lat' dir='ltr'><strong>futuro</strong></span> <span class='ocrx_word' id='word_1_739' title='bbox 3576 3408 3680 3463; x_wconf 76' lang='lat' dir='ltr'><strong>&quot;.s</strong></span> 
     </span>
    </p>
   </div>
   <div class='ocr_carea' id='block_1_96' title="bbox 2129 3500 3685 3568">
    <p class='ocr_par' dir='ltr' id='par_1_96' title="bbox 2129 3500 3685 3568">
     <span class='ocr_line' id='line_1_96' title="bbox 2129 3500 3685 3568; baseline 0 -15"><span class='ocrx_word' id='word_1_740' title='bbox 2129 3500 2232 3565; x_wconf 83' lang='lat' dir='ltr'><strong>Qui</strong></span> <span class='ocrx_word' id='word_1_741' title='bbox 2263 3509 2439 3553; x_wconf 88' lang='lat' dir='ltr'><strong>autem</strong></span> <span class='ocrx_word' id='word_1_742' title='bbox 2478 3517 2634 3567; x_wconf 82' lang='lat' dir='ltr'><strong>super</strong></span> <span class='ocrx_word' id='word_1_743' title='bbox 2668 3502 2843 3553; x_wconf 88' lang='lat' dir='ltr'><strong>omnia</strong></span> <span class='ocrx_word' id='word_1_744' title='bbox 2880 3512 2975 3567; x_wconf 88' lang='lat' dir='ltr'><strong>est,</strong></span> <span class='ocrx_word' id='word_1_745' title='bbox 3021 3517 3177 3568; x_wconf 88' lang='lat' dir='ltr'><strong>super</strong></span> <span class='ocrx_word' id='word_1_746' title='bbox 3209 3517 3263 3553; x_wconf 88' lang='lat' dir='ltr'><strong>se</strong></span> <span class='ocrx_word' id='word_1_747' title='bbox 3302 3501 3557 3554; x_wconf 88' lang='lat' dir='ltr'><strong>neminem</strong></span> <span class='ocrx_word' id='word_1_748' title='bbox 3588 3500 3685 3553; x_wconf 86' lang='lat' dir='ltr'><strong>Ita-</strong></span> 
     </span>
    </p>
   </div>
   <div class='ocr_carea' id='block_1_97' title="bbox 2128 3588 3689 3659">
    <p class='ocr_par' dir='ltr' id='par_1_97' title="bbox 2128 3588 3689 3659">
     <span class='ocr_line' id='line_1_97' title="bbox 2128 3588 3689 3659; baseline 0.001 -15"><span class='ocrx_word' id='word_1_749' title='bbox 2128 3593 2231 3644; x_wconf 88' lang='lat' dir='ltr'><strong>bet.</strong></span> <span class='ocrx_word' id='word_1_750' title='bbox 2288 3588 2412 3644; x_wconf 81' lang='lat' dir='ltr'><strong>Non</strong></span> <span class='ocrx_word' id='word_1_751' title='bbox 2448 3593 2585 3643; x_wconf 87' lang='lat' dir='ltr'><strong>enim</strong></span> <span class='ocrx_word' id='word_1_752' title='bbox 2616 3600 2729 3659; x_wconf 85' lang='lat' dir='ltr'><strong>post</strong></span> <span class='ocrx_word' id='word_1_753' title='bbox 2777 3588 2989 3643; x_wconf 87' lang='lat' dir='ltr'><strong>Patrem</strong></span> <span class='ocrx_word' id='word_1_754' title='bbox 3015 3602 3089 3643; x_wconf 89' lang='lat' dir='ltr'><strong>est</strong></span> <span class='ocrx_word' id='word_1_755' title='bbox 3117 3592 3244 3659; x_wconf 89' lang='lat' dir='ltr'><strong>ipse,</strong></span> <span class='ocrx_word' id='word_1_756' title='bbox 3278 3590 3368 3643; x_wconf 85' lang='lat' dir='ltr'><strong>sed</strong></span> <span class='ocrx_word' id='word_1_757' title='bbox 3400 3594 3464 3643; x_wconf 85' lang='lat' dir='ltr'><strong>de</strong></span> <span class='ocrx_word' id='word_1_758' title='bbox 3509 3590 3689 3648; x_wconf 83' lang='lat' dir='ltr'><strong>Patre.</strong></span> 
     </span>
    </p>
   </div>
   <div class='ocr_carea' id='block_1_98' title="bbox 2128 3682 3689 3752">
    <p class='ocr_par' dir='ltr' id='par_1_98' title="bbox 2128 3682 3689 3752">
     <span class='ocr_line' id='line_1_98' title="bbox 2128 3682 3689 3752; baseline -0.002 -14"><span class='ocrx_word' id='word_1_759' title='bbox 2128 3683 2244 3739; x_wconf 85' lang='lat' dir='ltr'><strong>Hoc</strong></span> <span class='ocrx_word' id='word_1_760' title='bbox 2301 3695 2474 3739; x_wconf 87' lang='lat' dir='ltr'><strong>autem</strong></span> <span class='ocrx_word' id='word_1_761' title='bbox 2512 3686 2647 3737; x_wconf 90' lang='lat' dir='ltr'><strong>idem</strong></span> <span class='ocrx_word' id='word_1_762' title='bbox 2695 3684 2955 3752; x_wconf 87' lang='lat' dir='ltr'><strong>sapientia</strong></span> <span class='ocrx_word' id='word_1_763' title='bbox 3009 3682 3105 3736; x_wconf 88' lang='lat' dir='ltr'><strong>Dei</strong></span> <span class='ocrx_word' id='word_1_764' title='bbox 3151 3684 3310 3735; x_wconf 85' lang='lat' dir='ltr'><strong>etiam</strong></span> <span class='ocrx_word' id='word_1_765' title='bbox 3372 3683 3435 3735; x_wconf 90' lang='lat' dir='ltr'><strong>de</strong></span> <span class='ocrx_word' id='word_1_766' title='bbox 3481 3682 3689 3749; x_wconf 79' lang='lat' dir='ltr'><strong>Spiritu</strong></span> 
     </span>
    </p>
   </div>
   <div class='ocr_carea' id='block_1_99' title="bbox 2127 3773 3691 3847">
    <p class='ocr_par' dir='ltr' id='par_1_99' title="bbox 2127 3773 3691 3847">
     <span class='ocr_line' id='line_1_99' title="bbox 2127 3773 3691 3847; baseline -0.002 -15"><span class='ocrx_word' id='word_1_767' title='bbox 2127 3786 2307 3832; x_wconf 86' lang='lat' dir='ltr'><strong>sancto</strong></span> <span class='ocrx_word' id='word_1_768' title='bbox 2335 3777 2555 3847; x_wconf 83' lang='lat' dir='ltr'><strong>intelligi</strong></span> <span class='ocrx_word' id='word_1_769' title='bbox 2580 3776 2741 3842; x_wconf 84' lang='lat' dir='ltr'><strong>dedit,</strong></span> <span class='ocrx_word' id='word_1_770' title='bbox 2771 3777 2857 3828; x_wconf 87' lang='lat' dir='ltr'><strong>ubi</strong></span> <span class='ocrx_word' id='word_1_771' title='bbox 2882 3775 3051 3829; x_wconf 87' lang='lat' dir='ltr'><strong>dicit:</strong></span> <span class='ocrx_word' id='word_1_772' title='bbox 3080 3793 3097 3826; x_wconf 73' lang='grc' dir='ltr'>ι</span> <span class='ocrx_word' id='word_1_773' title='bbox 3127 3773 3356 3843; x_wconf 88' lang='lat' dir='ltr'><strong>Spiritus</strong></span> <span class='ocrx_word' id='word_1_774' title='bbox 3376 3775 3589 3828; x_wconf 87' lang='lat' dir='ltr'><strong>Domini</strong></span> <span class='ocrx_word' id='word_1_775' title='bbox 3607 3790 3691 3829; x_wconf 78' lang='lat' dir='ltr'><strong>re-</strong></span> 
     </span>
    </p>
   </div>
   <div class='ocr_carea' id='block_1_100' title="bbox 2125 3867 3692 3938">
    <p class='ocr_par' dir='ltr' id='par_1_100' title="bbox 2125 3867 3692 3938">
     <span class='ocr_line' id='line_1_100' title="bbox 2125 3867 3692 3938; baseline -0.001 -17"><span class='ocrx_word' id='word_1_776' title='bbox 2125 3868 2278 3938; x_wconf 80' lang='lat' dir='ltr'><strong>pleuit</strong></span> <span class='ocrx_word' id='word_1_777' title='bbox 2302 3870 2477 3923; x_wconf 90' lang='lat' dir='ltr'><strong>orbem</strong></span> <span class='ocrx_word' id='word_1_778' title='bbox 2504 3882 2798 3933; x_wconf 86' lang='lat' dir='ltr'><strong>terrarum;</strong></span> <span class='ocrx_word' id='word_1_779' title='bbox 2825 3879 2871 3921; x_wconf 86' lang='lat' dir='ltr'><strong>et</strong></span> <span class='ocrx_word' id='word_1_780' title='bbox 2916 3867 3006 3938; x_wconf 84' lang='lat' dir='ltr'><strong>qui</strong></span> <span class='ocrx_word' id='word_1_781' title='bbox 3036 3867 3269 3921; x_wconf 86' lang='lat' dir='ltr'><strong>continet</strong></span> <span class='ocrx_word' id='word_1_782' title='bbox 3299 3867 3499 3930; x_wconf 88' lang='lat' dir='ltr'><strong>ontnia,</strong></span> <span class='ocrx_word' id='word_1_783' title='bbox 3527 3867 3692 3920; x_wconf 83' lang='lat' dir='ltr'><strong>scien-</strong></span> 
     </span>
    </p>
   </div>
   <div class='ocr_carea' id='block_1_101' title="bbox 2127 3954 2759 4015">
    <p class='ocr_par' dir='ltr' id='par_1_101' title="bbox 2127 3954 2759 4015">
     <span class='ocr_line' id='line_1_101' title="bbox 2127 3954 2759 4015; baseline -0.002 -1"><span class='ocrx_word' id='word_1_784' title='bbox 2127 3962 2257 4015; x_wconf 86' lang='lat' dir='ltr'><strong>tiam</strong></span> <span class='ocrx_word' id='word_1_785' title='bbox 2285 3963 2435 4015; x_wconf 82' lang='lat' dir='ltr'><strong>habet</strong></span> <span class='ocrx_word' id='word_1_786' title='bbox 2461 3963 2596 4015; x_wconf 83' lang='lat' dir='ltr'><strong>uocis</strong></span> <span class='ocrx_word' id='word_1_787' title='bbox 2622 3960 2721 4014; x_wconf 66' lang='grc' dir='ltr'><strong>η.»</strong></span> <span class='ocrx_word' id='word_1_788' title='bbox 2752 3954 2759 3971; x_wconf 83' lang='grc'><em>¹</em></span> 
     </span>
    </p>
   </div>
   <div class='ocr_carea' id='block_1_102' title="bbox 2196 4048 3685 4120">
    <p class='ocr_par' dir='ltr' id='par_1_102' title="bbox 2196 4048 3685 4120">
     <span class='ocr_line' id='line_1_102' title="bbox 2196 4048 3685 4120; baseline 0.001 -16"><span class='ocrx_word' id='word_1_789' title='bbox 2196 4049 2264 4104; x_wconf 79' lang='grc' dir='ltr'><strong>Χ.</strong></span> <span class='ocrx_word' id='word_1_790' title='bbox 2303 4050 2674 4105; x_wconf 86' lang='lat' dir='ltr'><strong>Favorabilior</strong></span> <span class='ocrx_word' id='word_1_791' title='bbox 2714 4050 2818 4105; x_wconf 91' lang='lat' dir='ltr'><strong>erit</strong></span> <span class='ocrx_word' id='word_1_792' title='bbox 2873 4065 2969 4119; x_wconf 89' lang='lat' dir='ltr'><strong>pro</strong></span> <span class='ocrx_word' id='word_1_793' title='bbox 3025 4048 3368 4120; x_wconf 86' lang='lat' dir='ltr'><strong>Origeuianis</strong></span> <span class='ocrx_word' id='word_1_794' title='bbox 3440 4050 3685 4117; x_wconf 74' lang='lat' dir='ltr'><strong>partibus</strong></span> 
     </span>
    </p>
   </div>
   <div class='ocr_carea' id='block_1_103' title="bbox 2125 4140 3691 4211">
    <p class='ocr_par' dir='ltr' id='par_1_103' title="bbox 2125 4140 3691 4211">
     <span class='ocr_line' id='line_1_103' title="bbox 2125 4140 3691 4211; baseline -0.003 -15"><span class='ocrx_word' id='word_1_795' title='bbox 2125 4143 2477 4211; x_wconf 68' lang='lat' dir='ltr'><strong>praescriptio,</strong></span> <span class='ocrx_word' id='word_1_796' title='bbox 2506 4156 2625 4208; x_wconf 62' lang='lat' dir='ltr'><strong>quat</strong></span> <span class='ocrx_word' id='word_1_797' title='bbox 2663 4158 2729 4196; x_wconf 91' lang='lat' dir='ltr'><strong>ex</strong></span> <span class='ocrx_word' id='word_1_798' title='bbox 2783 4141 3003 4209; x_wconf 88' lang='lat' dir='ltr'><strong>paribus</strong></span> <span class='ocrx_word' id='word_1_799' title='bbox 3054 4142 3105 4194; x_wconf 94' lang='lat' dir='ltr'><strong>in</strong></span> <span class='ocrx_word' id='word_1_800' title='bbox 3141 4140 3330 4194; x_wconf 88' lang='lat' dir='ltr'><strong>eodem</strong></span> <span class='ocrx_word' id='word_1_801' title='bbox 3368 4148 3691 4209; x_wconf 87' lang='lat' dir='ltr'><strong>argumento</strong></span> 
     </span>
    </p>
   </div>
   <div class='ocr_carea' id='block_1_104' title="bbox 2123 4232 3692 4303">
    <p class='ocr_par' dir='ltr' id='par_1_104' title="bbox 2123 4232 3692 4303">
     <span class='ocr_line' id='line_1_104' title="bbox 2123 4232 3692 4303; baseline -0.003 -14"><span class='ocrx_word' id='word_1_802' title='bbox 2123 4234 2343 4289; x_wconf 87' lang='lat' dir='ltr'><strong>Patrum</strong></span> <span class='ocrx_word' id='word_1_803' title='bbox 2415 4235 2643 4289; x_wconf 89' lang='lat' dir='ltr'><strong>aliorum</strong></span> <span class='ocrx_word' id='word_1_804' title='bbox 2698 4234 3058 4289; x_wconf 91' lang='lat' dir='ltr'><strong>locutionibus</strong></span> <span class='ocrx_word' id='word_1_805' title='bbox 3121 4233 3226 4299; x_wconf 85' lang='lat' dir='ltr'><strong>peti</strong></span> <span class='ocrx_word' id='word_1_806' title='bbox 3284 4242 3484 4303; x_wconf 86' lang='lat' dir='ltr'><strong>potest.</strong></span> <span class='ocrx_word' id='word_1_807' title='bbox 3544 4232 3692 4287; x_wconf 83' lang='lat' dir='ltr'><strong>inter</strong></span> 
     </span>
    </p>
   </div>
   <div class='ocr_carea' id='block_1_105' title="bbox 2122 4322 3691 4395">
    <p class='ocr_par' dir='ltr' id='par_1_105' title="bbox 2122 4322 3691 4395">
     <span class='ocr_line' id='line_1_105' title="bbox 2122 4322 3691 4395; baseline -0.002 -13"><span class='ocrx_word' id='word_1_808' title='bbox 2122 4326 2467 4382; x_wconf 87' lang='lat' dir='ltr'><strong>Christianos</strong></span> <span class='ocrx_word' id='word_1_809' title='bbox 2521 4327 2715 4395; x_wconf 90' lang='lat' dir='ltr'><strong>quippe</strong></span> <span class='ocrx_word' id='word_1_810' title='bbox 2766 4326 3043 4387; x_wconf 90' lang='lat' dir='ltr'><strong>doctores,</strong></span> <span class='ocrx_word' id='word_1_811' title='bbox 3101 4324 3191 4392; x_wconf 91' lang='lat' dir='ltr'><strong>qui</strong></span> <span class='ocrx_word' id='word_1_812' title='bbox 3243 4333 3368 4377; x_wconf 92' lang='lat' dir='ltr'><strong>ante</strong></span> <span class='ocrx_word' id='word_1_813' title='bbox 3416 4322 3691 4379; x_wconf 67' lang='lat' dir='ltr'><strong>Nicaenam</strong></span> 
     </span>
    </p>
   </div>
   <div class='ocr_carea' id='block_1_106' title="bbox 2124 4413 3692 4485">
    <p class='ocr_par' dir='ltr' id='par_1_106' title="bbox 2124 4413 3692 4485">
     <span class='ocr_line' id='line_1_106' title="bbox 2124 4413 3692 4485; baseline -0.003 -16"><span class='ocrx_word' id='word_1_814' title='bbox 2124 4413 2422 4471; x_wconf 84' lang='lat' dir='ltr'><strong>ﬂoruerunt</strong></span> <span class='ocrx_word' id='word_1_815' title='bbox 2456 4416 2744 4485; x_wconf 82' lang='lat' dir='ltr'><strong>synodum,</strong></span> <span class='ocrx_word' id='word_1_816' title='bbox 2796 4414 2945 4466; x_wconf 89' lang='lat' dir='ltr'><strong>multi</strong></span> <span class='ocrx_word' id='word_1_817' title='bbox 2990 4413 3057 4466; x_wconf 90' lang='lat' dir='ltr'><strong>de</strong></span> <span class='ocrx_word' id='word_1_818' title='bbox 3101 4413 3387 4466; x_wconf 88' lang='lat' dir='ltr'><strong>Trinitatis</strong></span> <span class='ocrx_word' id='word_1_819' title='bbox 3432 4413 3692 4482; x_wconf 89' lang='lat' dir='ltr'><strong>mysterio</strong></span> 
     </span>
    </p>
   </div>
   <div class='ocr_carea' id='block_1_107' title="bbox 2123 4500 3688 4579">
    <p class='ocr_par' dir='ltr' id='par_1_107' title="bbox 2123 4500 3688 4579">
     <span class='ocr_line' id='line_1_107' title="bbox 2123 4500 3688 4579; baseline -0.003 -18"><span class='ocrx_word' id='word_1_820' title='bbox 2123 4524 2312 4579; x_wconf 86' lang='lat' dir='ltr'><strong>parum</strong></span> <span class='ocrx_word' id='word_1_821' title='bbox 2363 4519 2519 4562; x_wconf 84' lang='lat' dir='ltr'><strong>caute</strong></span> <span class='ocrx_word' id='word_1_822' title='bbox 2575 4507 2736 4561; x_wconf 90' lang='lat' dir='ltr'><strong>locuti</strong></span> <span class='ocrx_word' id='word_1_823' title='bbox 2785 4518 2930 4561; x_wconf 91' lang='lat' dir='ltr'><strong>sunt.</strong></span> <span class='ocrx_word' id='word_1_824' title='bbox 2965 4507 3236 4561; x_wconf 85' lang='lat' dir='ltr'><strong>lnsincera</strong></span> <span class='ocrx_word' id='word_1_825' title='bbox 3266 4515 3415 4558; x_wconf 87' lang='lat' dir='ltr'><strong>certe</strong></span> <span class='ocrx_word' id='word_1_826' title='bbox 3448 4503 3549 4558; x_wconf 83' lang='lat' dir='ltr'><strong>fuit</strong></span> <span class='ocrx_word' id='word_1_827' title='bbox 3585 4500 3688 4560; x_wconf 82' lang='lat' dir='ltr'><strong>Ta-</strong></span> 
     </span>
    </p>
   </div>
   <div class='ocr_carea' id='block_1_108' title="bbox 2125 4594 3690 4666">
    <p class='ocr_par' dir='ltr' id='par_1_108' title="bbox 2125 4594 3690 4666">
     <span class='ocr_line' id='line_1_108' title="bbox 2125 4594 3690 4666; baseline -0.003 -14"><span class='ocrx_word' id='word_1_828' title='bbox 2125 4599 2280 4666; x_wconf 90' lang='lat' dir='ltr'><strong>tiani,</strong></span> <span class='ocrx_word' id='word_1_829' title='bbox 2333 4610 2389 4653; x_wconf 90' lang='lat' dir='ltr'><strong>et</strong></span> <span class='ocrx_word' id='word_1_830' title='bbox 2422 4598 2652 4653; x_wconf 78' lang='lat' dir='ltr'><strong>Tatinno</strong></span> <span class='ocrx_word' id='word_1_831' title='bbox 2697 4598 3009 4653; x_wconf 89' lang='lat' dir='ltr'><strong>vetustioris</strong></span> <span class='ocrx_word' id='word_1_832' title='bbox 3062 4596 3258 4653; x_wconf 87' lang='lat' dir='ltr'><strong>Justini</strong></span> <span class='ocrx_word' id='word_1_833' title='bbox 3312 4597 3380 4651; x_wconf 90' lang='lat' dir='ltr'><strong>de</strong></span> <span class='ocrx_word' id='word_1_834' title='bbox 3421 4594 3690 4649; x_wconf 86' lang='lat' dir='ltr'><strong>Trinitate</strong></span> 
     </span>
    </p>
   </div>
   <div class='ocr_carea' id='block_1_109' title="bbox 2124 4684 3689 4754">
    <p class='ocr_par' dir='ltr' id='par_1_109' title="bbox 2124 4684 3689 4754">
     <span class='ocr_line' id='line_1_109' title="bbox 2124 4684 3689 4754; baseline -0.001 -12"><span class='ocrx_word' id='word_1_835' title='bbox 2124 4688 2399 4744; x_wconf 87' lang='lat' dir='ltr'><strong>doctrina.</strong></span> <span class='ocrx_word' id='word_1_836' title='bbox 2432 4687 2489 4741; x_wconf 89' lang='lat' dir='ltr'><strong>lu</strong></span> <span class='ocrx_word' id='word_1_837' title='bbox 2531 4688 2776 4743; x_wconf 86' lang='lat' dir='ltr'><strong>eamdem</strong></span> <span class='ocrx_word' id='word_1_838' title='bbox 2810 4688 2956 4741; x_wconf 88' lang='lat' dir='ltr'><strong>venit</strong></span> <span class='ocrx_word' id='word_1_839' title='bbox 2981 4688 3421 4741; x_wconf 87' lang='lat' dir='ltr'><strong>criminationem</strong></span> <span class='ocrx_word' id='word_1_840' title='bbox 3452 4684 3689 4754; x_wconf 88' lang='lat' dir='ltr'><strong>pseudo-</strong></span> 
     </span>
    </p>
   </div>
   <div class='ocr_carea' id='block_1_110' title="bbox 2122 4777 3689 4850">
    <p class='ocr_par' dir='ltr' id='par_1_110' title="bbox 2122 4777 3689 4850">
     <span class='ocr_line' id='line_1_110' title="bbox 2122 4777 3689 4850; baseline -0.003 -15"><span class='ocrx_word' id='word_1_841' title='bbox 2122 4779 2572 4847; x_wconf 89' lang='lat' dir='ltr'><strong>Clemens,venit</strong></span> <span class='ocrx_word' id='word_1_842' title='bbox 2604 4792 2659 4835; x_wconf 88' lang='lat' dir='ltr'><strong>et</strong></span> <span class='ocrx_word' id='word_1_843' title='bbox 2683 4780 2976 4850; x_wconf 90' lang='lat' dir='ltr'><strong>Teophilus</strong></span> <span class='ocrx_word' id='word_1_844' title='bbox 3026 4780 3424 4832; x_wconf 86' lang='lat' dir='ltr'><strong>Antiochenus.</strong></span> <span class='ocrx_word' id='word_1_845' title='bbox 3468 4777 3689 4845; x_wconf 85' lang='lat' dir='ltr'><strong>indigna</strong></span> 
     </span>
    </p>
   </div>
   <div class='ocr_carea' id='block_1_111' title="bbox 2126 4868 3699 4941">
    <p class='ocr_par' dir='ltr' id='par_1_111' title="bbox 2126 4868 3699 4941">
     <span class='ocr_line' id='line_1_111' title="bbox 2126 4868 3699 4941; baseline -0.002 -15"><span class='ocrx_word' id='word_1_846' title='bbox 2126 4887 2278 4938; x_wconf 79' lang='lat' dir='ltr'><strong>vero,</strong></span> <span class='ocrx_word' id='word_1_847' title='bbox 2328 4882 2382 4926; x_wconf 89' lang='lat' dir='ltr'><strong>et</strong></span> <span class='ocrx_word' id='word_1_848' title='bbox 2432 4871 2773 4927; x_wconf 90' lang='lat' dir='ltr'><strong>intoleranda</strong></span> <span class='ocrx_word' id='word_1_849' title='bbox 2823 4869 3181 4941; x_wconf 85' lang='lat' dir='ltr'><strong>profuderunt</strong></span> <span class='ocrx_word' id='word_1_850' title='bbox 3231 4868 3599 4923; x_wconf 87' lang='lat' dir='ltr'><strong>Tertulliauus</strong></span> <span class='ocrx_word' id='word_1_851' title='bbox 3648 4882 3699 4923; x_wconf 81' lang='lat' dir='ltr'><strong>et</strong></span> 
     </span>
    </p>
   </div>
   <div class='ocr_carea' id='block_1_112' title="bbox 2128 4959 3698 5033">
    <p class='ocr_par' dir='ltr' id='par_1_112' title="bbox 2128 4959 3698 5033">
     <span class='ocr_line' id='line_1_112' title="bbox 2128 4959 3698 5033; baseline -0.002 -18"><span class='ocrx_word' id='word_1_852' title='bbox 2128 4962 2471 5028; x_wconf 85' lang='lat' dir='ltr'><strong>Lactantius;</strong></span> <span class='ocrx_word' id='word_1_853' title='bbox 2502 4962 2754 5017; x_wconf 87' lang='lat' dir='ltr'><strong>Clemens</strong></span> <span class='ocrx_word' id='word_1_854' title='bbox 2783 4976 3018 5033; x_wconf 92' lang='lat' dir='ltr'><strong>quoque,</strong></span> <span class='ocrx_word' id='word_1_855' title='bbox 3051 4961 3334 5031; x_wconf 88' lang='lat' dir='ltr'><strong>Dionysius</strong></span> <span class='ocrx_word' id='word_1_856' title='bbox 3375 4970 3431 5015; x_wconf 91' lang='lat' dir='ltr'><strong>et</strong></span> <span class='ocrx_word' id='word_1_857' title='bbox 3483 4959 3698 5013; x_wconf 86' lang='lat' dir='ltr'><strong>Pierius</strong></span> 
     </span>
    </p>
   </div>
   <div class='ocr_carea' id='block_1_113' title="bbox 2122 5049 3702 5124">
    <p class='ocr_par' dir='ltr' id='par_1_113' title="bbox 2122 5049 3702 5124">
     <span class='ocr_line' id='line_1_113' title="bbox 2122 5049 3702 5124; baseline -0.001 -18"><span class='ocrx_word' id='word_1_858' title='bbox 2122 5053 2521 5121; x_wconf 79' lang='lat' dir='ltr'><strong>Alexandrini;</strong></span> <span class='ocrx_word' id='word_1_859' title='bbox 2574 5054 2774 5124; x_wconf 89' lang='lat' dir='ltr'><strong>aliique</strong></span> <span class='ocrx_word' id='word_1_860' title='bbox 2826 5053 3150 5123; x_wconf 86' lang='lat' dir='ltr'><strong>complures.</strong></span> <span class='ocrx_word' id='word_1_861' title='bbox 3195 5050 3381 5121; x_wconf 90' lang='lat' dir='ltr'><strong>Itaque</strong></span> <span class='ocrx_word' id='word_1_862' title='bbox 3420 5066 3545 5105; x_wconf 89' lang='lat' dir='ltr'><strong>cum</strong></span> <span class='ocrx_word' id='word_1_863' title='bbox 3584 5049 3702 5108; x_wconf 84' lang='lat' dir='ltr'><strong>Ori-</strong></span> 
     </span>
    </p>
   </div>
   <div class='ocr_carea' id='block_1_114' title="bbox 2248 5258 2596 5328">
    <p class='ocr_par' dir='ltr' id='par_1_114' title="bbox 2248 5258 2596 5328">
     <span class='ocr_line' id='line_1_114' title="bbox 2248 5258 2596 5328; baseline 0.006 -15"><span class='ocrx_word' id='word_1_864' title='bbox 2248 5261 2291 5291; x_wconf 83' lang='lat'>“</span> <span class='ocrx_word' id='word_1_865' title='bbox 2318 5258 2445 5328; x_wconf 89' lang='lat' dir='ltr'><strong>Sap.</strong></span> <span class='ocrx_word' id='word_1_866' title='bbox 2474 5277 2511 5325; x_wconf 85' lang='grc' dir='ltr'><strong>ι,</strong></span> <span class='ocrx_word' id='word_1_867' title='bbox 2543 5259 2596 5315; x_wconf 88' lang='lat'><strong>7.</strong></span> 
     </span>
    </p>
   </div>
   <div class='ocr_carea' id='block_1_115' title="bbox 2124 5390 3691 5462">
    <p class='ocr_par' dir='ltr' id='par_1_115' title="bbox 2124 5390 3691 5462">
     <span class='ocr_line' id='line_1_115' title="bbox 2124 5390 3691 5462; baseline 0 -13"><span class='ocrx_word' id='word_1_868' title='bbox 2124 5396 2256 5449; x_wconf 88' lang='lat' dir='ltr'><strong>tiam</strong></span> <span class='ocrx_word' id='word_1_869' title='bbox 2289 5410 2393 5451; x_wconf 94' lang='lat' dir='ltr'><strong>non</strong></span> <span class='ocrx_word' id='word_1_870' title='bbox 2427 5396 2662 5450; x_wconf 89' lang='lat' dir='ltr'><strong>obscure</strong></span> <span class='ocrx_word' id='word_1_871' title='bbox 2695 5391 2938 5447; x_wconf 88' lang='lat' dir='ltr'><strong>declarat</strong></span> <span class='ocrx_word' id='word_1_872' title='bbox 2972 5392 3235 5462; x_wconf 90' lang='lat' dir='ltr'><strong>Origenes</strong></span> <span class='ocrx_word' id='word_1_873' title='bbox 3288 5392 3341 5447; x_wconf 94' lang='lat' dir='ltr'><strong>in</strong></span> <span class='ocrx_word' id='word_1_874' title='bbox 3389 5390 3509 5447; x_wconf 85' lang='lat' dir='ltr'><strong>aliis</strong></span> <span class='ocrx_word' id='word_1_875' title='bbox 3542 5392 3691 5449; x_wconf 86' lang='lat' dir='ltr'><strong>libris</strong></span> 
     </span>
    </p>
   </div>
   <div class='ocr_carea' id='block_1_116' title="bbox 2122 5462 3688 5534">
    <p class='ocr_par' dir='ltr' id='par_1_116' title="bbox 2122 5462 3688 5534">
     <span class='ocr_line' id='line_1_116' title="bbox 2122 5462 3688 5534; baseline -0.001 -17"><span class='ocrx_word' id='word_1_876' title='bbox 2122 5481 2349 5534; x_wconf 88' lang='lat' dir='ltr'><strong>quorum</strong></span> <span class='ocrx_word' id='word_1_877' title='bbox 2400 5464 2589 5519; x_wconf 72' lang='lat' dir='ltr'><strong>Grtnca</strong></span> <span class='ocrx_word' id='word_1_878' title='bbox 2658 5464 2950 5518; x_wconf 89' lang='lat' dir='ltr'><strong>etiamnum</strong></span> <span class='ocrx_word' id='word_1_879' title='bbox 3012 5473 3250 5518; x_wconf 85' lang='lat' dir='ltr'><strong>exstant.</strong></span> <span class='ocrx_word' id='word_1_880' title='bbox 3300 5462 3449 5534; x_wconf 84' lang='lat' dir='ltr'><strong>Hanc</strong></span> <span class='ocrx_word' id='word_1_881' title='bbox 3506 5477 3688 5531; x_wconf 86' lang='lat' dir='ltr'><strong>supra,</strong></span> 
     </span>
    </p>
   </div>
   <div class='ocr_carea' id='block_1_117' title="bbox 2122 5532 3691 5605">
    <p class='ocr_par' dir='ltr' id='par_1_117' title="bbox 2122 5532 3691 5605">
     <span class='ocr_line' id='line_1_117' title="bbox 2122 5532 3691 5605; baseline -0.001 -18"><span class='ocrx_word' id='word_1_882' title='bbox 2122 5532 2271 5605; x_wconf 77' lang='lat' dir='ltr'><strong>nutu.</strong></span> <span class='ocrx_word' id='word_1_883' title='bbox 2300 5539 2357 5599; x_wconf 73' lang='lat'><strong>2,</strong></span> <span class='ocrx_word' id='word_1_884' title='bbox 2389 5535 2737 5605; x_wconf 83' lang='lat' dir='ltr'><strong>exposuimus</strong></span> <span class='ocrx_word' id='word_1_885' title='bbox 2760 5535 2859 5605; x_wconf 89' lang='lat' dir='ltr'><strong>sub</strong></span> <span class='ocrx_word' id='word_1_886' title='bbox 2888 5534 3047 5588; x_wconf 87' lang='lat' dir='ltr'><strong>linem</strong></span> <span class='ocrx_word' id='word_1_887' title='bbox 3071 5532 3471 5605; x_wconf 83' lang='lat' dir='ltr'><strong>observationis</strong></span> <span class='ocrx_word' id='word_1_888' title='bbox 3493 5543 3691 5605; x_wconf 43' lang='lat' dir='ltr'><strong>nostra:</strong></span> 
     </span>
    </p>
   </div>
   <div class='ocr_carea' id='block_1_118' title="bbox 2118 5602 3685 5672">
    <p class='ocr_par' dir='ltr' id='par_1_118' title="bbox 2118 5602 3685 5672">
     <span class='ocr_line' id='line_1_118' title="bbox 2118 5602 3685 5672; baseline -0.001 -15"><span class='ocrx_word' id='word_1_889' title='bbox 2118 5604 2171 5657; x_wconf 86' lang='lat' dir='ltr'><strong>in</strong></span> <span class='ocrx_word' id='word_1_890' title='bbox 2195 5605 2306 5658; x_wconf 59' lang='lat' dir='ltr'><strong>haec</strong></span> <span class='ocrx_word' id='word_1_891' title='bbox 2343 5602 2503 5658; x_wconf 78' lang='lat' dir='ltr'><strong>verba</strong></span> <span class='ocrx_word' id='word_1_892' title='bbox 2530 5622 2543 5657; x_wconf 91' lang='lat'>:</span> <span class='ocrx_word' id='word_1_893' title='bbox 2570 5620 2589 5655; x_wconf 73' lang='grc' dir='ltr'>ι</span> <span class='ocrx_word' id='word_1_894' title='bbox 2612 5603 2971 5669; x_wconf 85' lang='lat' dir='ltr'><strong>Quamobrem</strong></span> <span class='ocrx_word' id='word_1_895' title='bbox 3012 5604 3347 5672; x_wconf 81' lang='lat' dir='ltr'><strong>Augustinus</strong></span> <span class='ocrx_word' id='word_1_896' title='bbox 3373 5608 3572 5657; x_wconf 75' lang='lat' dir='ltr'><strong>literes.</strong></span> <span class='ocrx_word' id='word_1_897' title='bbox 3599 5602 3685 5661; x_wconf 72' lang='grc'><strong>45,</strong></span> 
     </span>
    </p>
   </div>
   <div class='ocr_carea' id='block_1_119' title="bbox 2113 5672 3685 5739">
    <p class='ocr_par' dir='ltr' id='par_1_119' title="bbox 2113 5672 3685 5739">
     <span class='ocr_line' id='line_1_119' title="bbox 2113 5672 3685 5739; baseline -0.002 -13"><span class='ocrx_word' id='word_1_898' title='bbox 2113 5678 2181 5726; x_wconf 87' lang='lat' dir='ltr'><strong>ad</strong></span> <span class='ocrx_word' id='word_1_899' title='bbox 2243 5672 2691 5739; x_wconf 83' lang='lat' dir='ltr'><strong>Quodvultdeum,</strong></span> <span class='ocrx_word' id='word_1_900' title='bbox 2750 5690 2815 5727; x_wconf 83' lang='lat' dir='ltr'><strong>ac</strong></span> <span class='ocrx_word' id='word_1_901' title='bbox 2865 5673 3221 5739; x_wconf 78' lang='lat' dir='ltr'><strong>Justinianus,</strong></span> <span class='ocrx_word' id='word_1_902' title='bbox 3254 5690 3274 5723; x_wconf 84' lang='lat' dir='ltr'><strong>s</strong></span> <span class='ocrx_word' id='word_1_903' title='bbox 3335 5682 3479 5734; x_wconf 88' lang='lat' dir='ltr'><strong>etc.,</strong></span> <span class='ocrx_word' id='word_1_904' title='bbox 3528 5686 3685 5739; x_wconf 83' lang='lat' dir='ltr'><strong>quam</strong></span> 
     </span>
    </p>
   </div>
   <div class='ocr_carea' id='block_1_120' title="bbox 2114 5739 3685 5813">
    <p class='ocr_par' dir='ltr' id='par_1_120' title="bbox 2114 5739 3685 5813">
     <span class='ocr_line' id='line_1_120' title="bbox 2114 5739 3685 5813; baseline -0.001 -17"><span class='ocrx_word' id='word_1_905' title='bbox 2114 5745 2256 5798; x_wconf 89' lang='lat' dir='ltr'><strong>vide.</strong></span> <span class='ocrx_word' id='word_1_906' title='bbox 2300 5742 2432 5798; x_wconf 79' lang='lat' dir='ltr'><strong>Vide</strong></span> <span class='ocrx_word' id='word_1_907' title='bbox 2485 5745 2705 5813; x_wconf 88' lang='lat' dir='ltr'><strong>insuper</strong></span> <span class='ocrx_word' id='word_1_908' title='bbox 2764 5745 3071 5801; x_wconf 88' lang='lat' dir='ltr'><strong>testimonia</strong></span> <span class='ocrx_word' id='word_1_909' title='bbox 3116 5758 3236 5813; x_wconf 75' lang='lat' dir='ltr'><strong>qua:</strong></span> <span class='ocrx_word' id='word_1_910' title='bbox 3266 5741 3488 5798; x_wconf 79' lang='lat' dir='ltr'><strong>adducit</strong></span> <span class='ocrx_word' id='word_1_911' title='bbox 3523 5739 3685 5798; x_wconf 79' lang='lat' dir='ltr'><strong>Pant-</strong></span> 
     </span>
    </p>
   </div>
   <div class='ocr_carea' id='block_1_121' title="bbox 2113 5814 2809 5886">
    <p class='ocr_par' dir='ltr' id='par_1_121' title="bbox 2113 5814 2809 5886">
     <span class='ocr_line' id='line_1_121' title="bbox 2113 5814 2809 5886; baseline -0.001 -18"><span class='ocrx_word' id='word_1_912' title='bbox 2113 5814 2295 5883; x_wconf 86' lang='lat' dir='ltr'><strong>philus</strong></span> <span class='ocrx_word' id='word_1_913' title='bbox 2322 5814 2377 5870; x_wconf 89' lang='lat' dir='ltr'><strong>in</strong></span> <span class='ocrx_word' id='word_1_914' title='bbox 2410 5814 2665 5886; x_wconf 81' lang='lat' dir='ltr'><strong>Apologia</strong></span> <span class='ocrx_word' id='word_1_915' title='bbox 2693 5829 2809 5871; x_wconf 89' lang='lat' dir='ltr'><strong>sua.</strong></span> 
     </span>
    </p>
   </div>
  </div>
