4020 6306
261 366 362 422 753

1080 368 1652 429 ORIGENIANORUM
1695 373 1823 428 ue.
1867 373 1932 440 ιι,
1973 375 2124 431 cae.
2166 376 2232 441 ιι,
2272 374 2547 442 ριωετ.
2591 354 2659 429 ιιῖ

3402 375 3504 431 75ι

256 494 449 552 genem
481 481 585 536 hoc
611 491 929 553 argumento
961 492 1143 537 tuetur
1172 484 1529 543 Bellarminus
1560 488 1653 544 lib.
1680 505 1698 543 ι
1757 488 1831 544 De

1934 508 2065 562 ματι
2086 506 2100 519 ·
2136 491 2201 544 ἐκ
2229 491 2323 545 τοῦ
2365 490 2579 561 Πατρὸς
2609 491 2717 563 γὰρ
2753 490 2782 543 ὁ
2812 490 2939 555 Fid;
2962 507 2976 523 °
3007 490 3107 546 οὐκ
3137 492 3199 545 ὲκ
3234 490 3327 543 τοῦ
3372 491 3502 544 Υἱοῦ

257 570 481 639 Christ,
538 588 656 641 cap.
719 573 805 638 iO,
845 573 985 641 quod
1036 587 1169 628 sana
1209 585 1263 629 et
1324 577 1633 632 orthodoxa
1666 579 1829 635 fuerit

254 666 608 735 praeceptoris
634 666 799 736 ipsius
822 665 1142 731 Clementis,
1173 667 1565 738 discipulorum
1587 672 1828 743 Dionysii

251 756 627 818 Alexandrini,
660 766 714 811 et
742 755 990 827 Gregorii
1030 756 1423 832 Thaumaturgi
1471 764 1542 817 de
1571 766 1828 835 mysterio

252 857 459 906 saneta:
515 848 796 903 Trinitatis
850 850 1058 919 Opinio,
1120 852 1387 909 credibile
1441 856 1638 925 quippe
1684 872 1826 922 esse,

250 955 417 1011 qnam
450 956 478 993 a
502 938 780 995 Clemente
811 941 1117 996 doctrinam
1156 954 1463 1012 acceperat,
1509 948 1751 1003 eamdem
1796 964 1826 1002 a

250 1046 312 1087 se
336 1030 604 1087 excultam
634 1031 919 1101 discipulis
954 1033 1068 1088 suis
1103 1034 1431 1101 tradidisse;
1468 1037 1601 1092 nihil
1647 1039 1828 1107 profe-

250 1122 881 1195 ctoOrigeniautecausa:
898 1124 1233 1178 contrarium
1256 1127 1425 1197 magis
1443 1128 1622 1183 dicere
1634 1130 1823 1199 potuit.

250 1215 463 1273 Nullius
491 1216 631 1269 enim
659 1229 725 1268 ex
758 1214 841 1269 his
874 1214 1050 1271 tribus
1082 1216 1217 1271 satis
1258 1219 1376 1286 puri
1409 1217 1630 1273 fuerunt
1656 1232 1710 1275 et
1738 1221 1825 1275 in—

251 1310 390 1380 tegri
427 1308 493 1363 de
533 1307 802 1363 Trinitate
853 1322 1093 1364 sensus:
1137 1325 1259 1363 nam
1311 1320 1363 1365 et
1395 1310 1513 1365 Filii
1574 1313 1828 1367 substan-

251 1402 385 1456 tiam
408 1417 436 1455 a
464 1400 697 1455 Paterna
731 1401 802 1454 ita
836 1400 1077 1456 secernit
1109 1400 1390 1468 Clemens,
1429 1410 1488 1457 ut
1520 1403 1827 1461 inferiorem

251 1510 379 1549 eam
410 1502 661 1550 statuat:
700 1494 987 1564 Dionysius
1039 1509 1168 1549 vero
1198 1494 1604 1552 Alexandrinus
1634 1496 1826 1552 Filium

249 1585 433 1641 Patris
470 1585 700 1655 ποίημα,
734 1585 891 1653 eique
922 1584 1234 1639 dissimilem
1254 1600 1373 1641 esse
1397 1587 1551 1653 dixit,
1576 1596 1628 1641 et
1647 1586 1827 1657 ἀφῆκε

246 1679 437 1751 φωνὰς
491 1678 690 1749 ἥκιστα
731 1675 1047 1748 πρεπούσας
1092 1676 1171 1748 τῷ
1222 1678 1523 1748 Πνεύματι,
1581 1697 1599 1731 ι
1653 1678 1825 1735 Voces

248 1771 479 1843 Spiritui
511 1786 700 1841 parum
732 1770 1114 1825 convenientes
1142 1771 1342 1837 emisit,
1383 1791 1402 1822 ι
1452 1772 1629 1841 inquit
1667 1771 1825 1827 Basi-

1929 582 1959 633 ὁ
1986 584 2204 654 Πατήρ·
2240 582 2400 653 φύσει
2436 584 2495 637 δὲ
2521 584 2633 649 ἴσος
2655 598 2668 612 ·
2711 582 3002 653 Ἐγὼτὰρ,
3037 583 3190 656 φησὶ,
3226 582 3505 637 καὶόΠα·

1928 672 2040 742 tiu)
2060 672 2127 727 ἓν
2151 675 2355 743 ἐσμεν.
2402 673 2558 727 Οὖτω
2590 673 2682 727 καὶ
2709 673 2770 725 τὸ
2802 672 3023 743 Πνεῦμα
3069 671 3131 724 τὸ
3159 672 3310 740 ἆγιον
3349 670 3502 736 τάξει

1932 762 2031 833 μὲν
2049 762 2297 835 δεύτερον
2330 762 2423 816 τοῦ
2449 764 2601 831 Υίοῦ,
2630 762 2810 828 καθὼς
2837 757 2895 816 ἐν
2919 765 2984 834 τῇ
3023 761 3504 834 συναριθμήσειδε·

1928 851 2160 923 δήλωται
2180 868 2193 881 ⁸
2229 852 2317 905 ναὶ
2344 852 2448 925 μὴν
2482 852 2576 907 καὶ
2613 852 2916 924 ἀξιώματιο
2976 851 3201 923 Πνεῦμα
3227 851 3334 921 γὰρ
3367 850 3500 905 Υἱοῦ

1928 946 2162 1018 λέγεται,
2198 951 2275 1015 ὡς
2302 952 2390 1006 διὰ
2433 952 2525 1006 τοῦ
2562 950 2691 1004 Υἱοῦ
2724 948 3144 1023 χορηγούμενον.
3182 968 3199 1001 ι
3235 946 3503 1014 Quemad-

1929 1041 2146 1095 modum
2179 1041 2349 1097 Filius
2375 1043 2566 1097 ordine
2594 1042 2810 1110 quidem
2836 1040 3110 1096 secundas
3128 1048 3211 1093 est
3237 1053 3265 1090 a
3302 1036 3499 1090 Patre:

1927 1133 2078 1203 prior
2103 1134 2244 1188 enim
2268 1134 2490 1203 ponitur
2528 1133 2717 1198 Pater,
2740 1149 2860 1187 cum
2888 1139 3243 1186 numerantur
3274 1128 3500 1183 simul...

1928 1222 2196 1280 Praeterea
2232 1227 2505 1280 secundus
2531 1234 2614 1280 est
2639 1228 2802 1279 etiam
2825 1224 3121 1294 dignitate;
3153 1236 3275 1275 nam
3298 1236 3325 1273 a
3344 1219 3504 1273 Patre

1930 1327 2014 1373 est
2041 1316 2243 1383 Filius;
2280 1316 2445 1373 Pater
2473 1334 2578 1373 non
2612 1326 2694 1372 est
2721 1333 2749 1371 a
2783 1315 2953 1371 Filio:
2994 1326 3190 1369 natura
3224 1323 3401 1367 autem
3431 1327 3505 1367 ae-

1929 1409 2110 1479 qualis
2136 1420 2219 1465 est
2243 1425 2257 1475 ;
2283 1409 2392 1479 Ego
2410 1411 2568 1474 enim,
2592 1408 2786 1477 inquit,
2811 1416 2860 1460 et
2882 1405 3043 1460 Pater
3056 1421 3217 1459 unum
3235 1421 3414 1458 sumus
3431 1404 3495 1459 ³³.

1927 1502 2004 1558 lta
2040 1511 2093 1558 et
2115 1500 2351 1572 Spiritus
2388 1510 2609 1558 sanctus
2648 1501 2840 1555 ordine
2869 1500 3087 1569 quidem
3123 1498 3393 1554 secundus
3421 1506 3505 1551 est

1930 1608 1961 1648 a
2000 1594 2157 1657 Filio,
2188 1594 2649 1663 quemadmodum
2678 1594 3111 1648 demonstratum
3144 1601 3248 1656 est,
3271 1605 3392 1645 cum
3430 1591 3505 1644 si-

1930 1687 2040 1741 mul
2095 1698 2525 1743 numerarentur
2562 1704 2573 1739 :
2614 1696 2763 1741 certe
2804 1694 2859 1739 et
2930 1685 3227 1755 dignitate;
3270 1684 3507 1754 Spiritus

1931 1780 2074 1835 enim
2106 1778 2227 1833 Filii
2256 1780 2482 1841 dicitur,
2519 1786 2706 1847 utpote
2763 1792 2859 1847 per
2893 1776 3091 1829 Filium
3124 1775 3506 1832 subministrap

246 1864 358 1919 lius
382 1863 541 1934 epist.
570 1862 661 1929 4|,
692 1876 721 1916 a
762 1877 868 1931 quo
897 1863 1217 1933 castigatus,
1250 1877 1463 1932 quoque
1502 1873 1589 1919 est
1609 1862 1817 1934 Grego-

1935 1882 2042 1926 tus.
2081 1890 2100 1924 s
2167 1870 2293 1924 Haec
2335 1878 2688 1938 repraasentat
2734 1867 3056 1938 Euthymius
3105 1866 3157 1922 in
3198 1863 3506 1934 Panoplia,

246 1959 369 2014 rius
411 1956 850 2022 Thaumaturgns
902 1957 1044 2026 quod
1095 1954 1286 2010 Filium
1340 1965 1527 2024 aperte
1582 1967 1823 2012 creatum

249 2049 659 2123 praedicaverit.
683 2047 836 2102 Adeo
870 2057 929 2102 ut
956 2063 1143 2117 parum
1179 2058 1448 2103 attentum
1483 2048 1651 2103 fuisse
1681 2048 1824 2103 Ana-

246 2142 479 2199 stasium
508 2140 987 2196 Bibliothecarium
1023 2141 1317 2211 putandum
1355 2140 1451 2203 sit,
1505 2155 1627 2195 cum
1666 2141 1743 2193 ait
1771 2141 1824 2194 in

252 2234 521 2298 Historia,
553 2235 618 2288 ad
649 2250 737 2287 an.
767 2233 965 2288 Christi
993 2233 1121 2300 246,
1152 2233 1337 2288 laudes
1361 2232 1606 2302 Gregorii
1633 2233 1812 2287 Thau-

248 2327 483 2396 maturgi
524 2325 736 2380 silentio
769 2324 1031 2394 pressisse
1071 2324 1384 2388 Eusebium,
1412 2325 1557 2392 quod
1586 2325 1653 2378 ab
1688 2323 1815 2379 Ori-

243 2418 406 2487 genis
434 2417 626 2471 etArii
670 2416 1043 2473 deliramentis
1091 2430 1316 2486 prorsus
1362 2416 1527 2477 fuerit
1574 2415 1818 2471 alienus:

239 2522 370 2564 cum
407 2519 463 2564 et
491 2510 603 2563 lia-c
633 2509 987 2564 deliramenta
1017 2509 1087 2564 sit
1114 2519 1375 2569 sectatus.
1419 2524 1521 2564 nec
1567 2509 1821 2564 laudibus

238 2612 371 2655 enm
409 2598 675 2655 Eusebius
725 2599 1056 2656 fraudaverit
1102 2600 1195 2656 lib.
1234 2616 1285 2654 Vl
1348 2598 1519 2665 llist.,
1575 2614 1696 2669 cap.
1728 2601 1820 2655 30.

240 2690 476 2747 Constat
516 2692 751 2762 denique
803 2708 869 2746 ne
892 2692 1072 2746 Basilii
1104 2692 1320 2763 quidem
1357 2693 1708 2762 temporibus,
1758 2708 1821 2748 ac

242 2784 646 2839 recentioribus
704 2785 893 2851 etiam,
946 2782 1182 2854 Spiritus
1245 2784 1418 2839 sancti
1479 2784 1820 2839 divinitatem

241 2887 443 2943 aperte
489 2876 734 2945 profiteri
787 2892 949 2932 ausos
994 2891 1115 2951 esse
1167 2875 1500 2944 Catholicos,
1535 2891 1604 2932 ne
1644 2875 1824 2932 Pneu-

238 2967 708 3022 ntatomachorum
747 2967 1100 3037 petulantiam
1133 2968 1529 3037 experirentur.
1604 3004 1613 3032 τ

320 3058 706 3114 Verumtamen
732 3072 853 3114 cum
886 3058 1198 3115 inferiorem
1230 3059 1388 3113 Patre
1418 3048 1644 3125 Filium,
1682 3059 1822 3115 Filio

238 3148 513 3219 Spiritum
548 3160 794 3206 sanctum
834 3150 934 3205 visi
967 3160 1096 3205 sunt
1130 3151 1205 3205 illi
1245 3161 1504 3216 statuere,
1540 3152 1607 3207 ad
1630 3163 1823 3208 aucto-

238 3244 467 3298 ritatem
506 3243 782 3313 principii,
817 3244 1070 3314 originis,
1107 3258 1307 3309 causae,
1341 3244 1690 3313 paternitatis
1764 3256 1823 3300 et

236 3333 573 3406 ἀτεννησίας
626 3334 742 3390 fere
813 3337 1183 3402 attendernnt,
1238 3351 1361 3404 qua:
1422 3335 1563 3390 inter
1621 3342 1823 3390 sanctae

239 3425 535 3483 Trinitatis
585 3443 849 3497 personas
902 3430 1149 3484 ordinem
1205 3429 1442 3498 aliquem
1514 3429 1821 3483 constituit.

239 3517 384 3573 Nam
417 3520 559 3588 quod
595 3520 756 3575 Pater
796 3522 1122 3590 principium
1155 3520 1223 3575 sit
1253 3530 1307 3573 et
1336 3521 1490 3589 origo
1528 3517 1674 3586 Filii,
1703 3534 1823 3581 ma-

233 3612 333 3683 jor
376 3611 514 3668 Filio
541 3620 596 3667 et
629 3613 890 3683 dignitate
928 3615 1175 3667 anterior
1213 3612 1315 3667 dici
1373 3621 1571 3679 potest,
1620 3614 1824 3683 absque

242 3704 357 3760 ullo
390 3713 570 3759 tamen
620 3715 826 3761 natura:
884 3705 1306 3776 perfectionisve
1353 3704 1691 3760 discrimine.
1731 3704 1823 3761 Sic

244 3794 656 3867 intelligendum
704 3812 826 3852 esse
857 3797 986 3852 illud
1039 3797 1299 3852 Joannis:
1336 3797 1501 3851 Pater
1533 3798 1707 3866 major
1741 3814 1823 3852 me

244 3896 323 3941 est
354 3888 425 3952 ³⁸,
456 3903 650 3955 magna
689 3886 910 3941 Patrum
940 3903 1064 3956 pars
1106 3888 1367 3943 arbitrata
1405 3899 1525 3953 est;
1564 3890 1705 3958 quod
1730 3888 1822 3943 alii

245 3978 315 4033 de
349 3979 686 4035 humanitate
710 3981 915 4036 Christi
954 3984 1019 4036 ad
1053 3982 1232 4037 Patris
1276 3983 1615 4038 divinitatem
1671 3997 1822 4037 com—

245 4081 438 4141 parata
472 4071 918 4143 interpretantur.
966 4073 1097 4129 Item
1137 4075 1278 4144 quod
1337 4090 1365 4128 a
1389 4074 1542 4145 _Filio
1581 4074 1822 4143 Spiritus

246 4174 468 4222 sanctus
524 4169 686 4222 ducat
739 4168 1040 4237 originem,
1147 4168 1329 4223 minor
1383 4184 1447 4224 eo
1501 4167 1822 4237 appellatur.

245 4255 575 4311 Athanasius
613 4264 757 4312 orat.
811 4257 845 4310 2
901 4268 1084 4311 contra
1142 4257 1412 4312 Ariunos:
1443 4256 1679 4312 Τοιαῦτα
1723 4258 1821 4328 μὲν

243 4342 339 4402 οὖν
381 4351 494 4413 τοῖς
552 4349 822 4414 Ἰουδαίοις
867 4350 942 4413 ὡς
986 4349 1271 4419 ἅνθρωπος
1321 4349 1505 4419 ἔλεγεν
1539 4353 1567 4404 ὁ
1596 4349 1819 4421 Κύριος·

243 4442 358 4504 τοῖς
392 4440 450 4493 δὲ
477 4440 745 4512 μαθηταῖς
774 4442 873 4512 τὴν
913 4440 1142 4511 Θεότητα
1169 4441 1263 4495 καὶ
1301 4441 1398 4512 τὴν
1431 4441 1823 4512 μεγαλειότητα

1930 1972 2075 2036 part.
2107 1979 2169 2027 ιι,
2198 1950 2283 2016 tit.
2316 1962 2405 2029 12,
2431 1962 2521 2016 ubi
2564 1961 2717 2016 vides
2753 1961 2953 2031 gradus
2986 1961 3224 2031 aliquos,
3249 1970 3301 2015 et
3325 1959 3505 2028 digni-

1931 2060 2059 2113 tatis
2082 2056 2430 2128 ὑποϐάθμους
2458 2056 2510 2109 in
2537 2054 2804 2110 Trinitate
2822 2055 3171 2109 constitutos.
3198 2054 3374 2122 Atque
3402 2051 3507 2106 hac

1930 2148 2273 2220 potissimum
2318 2146 2670 2217 responsione
2713 2160 2993 2213 aspersam
3046 2144 3379 2213 Origeniano
3408 2157 3507 2197 tto-

1931 2241 2063 2296 mini
2092 2240 2419 2296 calumniam
2448 2240 2761 2307 abstergere
2810 2252 2869 2292 se
2915 2250 3071 2303 posse
3125 2235 3508 2291 Genebrardus

1930 2332 2260 2387 existimavit
2280 2330 2499 2385 Collect.
2528 2344 2645 2400 cap.
2671 2328 2724 2383 6.

2000 2422 2091 2476 X1.
2136 2420 2231 2475 His
2269 2421 2500 2476 fortasse
2541 2432 2820 2491 permotus
2876 2419 3204 2474 Athanasius
3247 2417 3509 2489 pratclare

1929 2514 1997 2569 de
2019 2512 2280 2567 Trinitate
2310 2513 2601 2582 Origenem
2632 2513 2914 2581 scripsisse
2949 2511 3111 2564 tradit
3134 2508 3231 2565 lib.
3263 2507 3337 2561 De
3365 2509 3509 2562 decr.

1931 2605 2141 2662 Nicaea.
2185 2605 2393 2674 synodi,
2433 2602 2660 2672 ejusque
2691 2603 3077 2656 auctoritatem
3116 2616 3226 2671 prae
3271 2616 3331 2656 se
3360 2600 3506 2655 fert:

1930 2699 2067 2771 Περὶ
2097 2699 2152 2753 δὲ
2188 2697 2280 2753 τοῦ
2311 2697 2513 2762 ἀϊδίως,
2556 2698 2750 2765 inquit,
2802 2697 3040 2749 συνεῖναι
3068 2695 3161 2749 τὸν
3210 2694 3383 2763 Λόγον
3431 2694 3513 2765 τῷ

1928 2791 2123 2861 Πατρὶ.
2151 2791 2243 2842 καὶ⁴
2268 2787 2343 2860 μὴ
2372 2788 2564 2859 ἐτέρας
2582 2787 2821 2857 οὐσίαςῆ
2847 2785 3216 2848 ὑποστάσεως,
3251 2783 3387 2838 ἀλλὰ
3410 2784 3510 2854 τῆς

1926 2879 2021 2934 τοῦ
2058 2878 2269 2951 [Iarpr
2299 2878 2426 2932 ἴδιον
2455 2878 2617 2932 αὐτὸν
2643 2872 2803 2942 εἶναι,
2840 2876 2916 2939 ὡς
2956 2874 3245 2946 εἰρήκασιν
3264 2873 3314 2924 οἱ
3347 2871 3407 2924 ὲν
3439 2874 3507 2942 τῇ

1932 2976 2156 3046 συνόδῳ,
2190 2974 2390 3040 ἐξέστω
2422 2973 2583 3027 πάλιν
2632 2973 2775 3044 ὑμᾶς
2808 2969 3041 3027 ἀκοῦσαι
3075 2970 3170 3025 καὶ
3219 2966 3372 3039 παρὰ
3413 2966 3507 3021 τοῦ

1931 3069 2217 3140 φιλοπόνου
2264 3068 2593 3142 Ὠριγὲνους.
2646 3087 2665 3119 ι
2706 3065 2942 3120 Verbum
2979 3079 3143 3135 porro
3196 3065 3265 3119 ab
3302 3072 3508 3116 aeterno

1931 3173 2053 3214 esse
2079 3172 2200 3212 cum
2219 3155 2402 3221 Patre,
2433 3170 2531 3208 nec
2552 3153 2789 3207 essentia
2811 3151 2895 3206 vel
2926 3150 3231 3206 substantia
3265 3147 3505 3211 differre,

1927 3249 2019 3302 sed
2052 3246 2364 3300 substantiae
2387 3255 2625 3314 paternae
2650 3243 2927 3312 proprimn
2960 3240 3110 3294 illum
3132 3254 3253 3293 esse
3277 3237 3500 3299 Filium,

1927 3348 1984 3392 ιιι
2010 3336 2261 3391 dixerunt
2290 3335 2381 3404 'qui
2408 3332 2768 3387 interfuerunt
2812 3330 3041 3385 Metella:
3103 3328 3330 3401 synodo,
3375 3326 3508 3381 licet

1927 3430 2102 3486 denuo
2136 3427 2293 3484 nobis
2346 3427 2538 3501 audire
2590 3440 2656 3479 ex
2689 3423 2964 3477 laborioso
3014 3421 3269 3491 Origene.
3308 3438 3327 3471 ι
3367 3418 3506 3473 Τιιιιι

1925 3524 2061 3585 duos
2105 3537 2170 3575 ex
2204 3536 2267 3575 eo
2300 3516 2573 3575 subnectit
2613 3516 2782 3579 locos,
2830 3514 3031 3584 quibus
3069 3522 3274 3566 azterna
3314 3509 3440 3564 Filii
3476 3524 3509 3564 a

1927 3615 2084 3669 Patre
2127 3611 2421 3683 processio,
2468 3624 2591 3663 cum
2631 3623 2802 3678 eoque
2835 3604 3115 3675 inqualitas
3185 3611 3369 3672 aperte
3411 3601 3507 3655 dc-

1927 3716 2279 3763 monstratur.
2317 3703 2574 3758 Basilinm
2600 3714 2837 3770 quoque,
2869 3696 3346 3752 etNazianzenum
3372 3692 3508 3748 Gre-

1925 3797 2134 3870 gorium
2201 3797 2371 3851 refert
2420 3794 2673 3850 Socrates
2706 3792 2803 3846 lib.
2861 3806 2936 3856 1v,
2976 3803 3095 3857 cap.
3147 3786 3240 3851 26,
3288 3801 3408 3840 cum
3436 3791 3506 3841 ab

1925 3894 2148 3951 Arianis
2200 3892 2451 3960 Origenis
2481 3888 2807 3944 auctoritate
2848 3895 2900 3939 et
2935 3882 3262 3940 testimoniis
3289 3892 3506 3949 preme—

1928 3993 2137 4051 rentur,
2158 3996 2441 4052 perperam
2466 3981 2536 4035 ab
2573 3979 2639 4032 iis
2665 3976 3002 4031 intellectum
3050 3971 3377 4029 ostendisse.
3409 3969 3507 4024 Di-

1926 4076 2146 4147 dymum
2179 4083 2438 4143 pra-terea
2469 4069 2720 4139 Origenis
2758 4071 2824 4122 de
2856 4067 3126 4121 Trinitate
3174 4060 3503 4117 sententiam

1929 4168 1999 4221 ita
2034 4179 2403 4237 propugnasse
2440 4164 2519 4217 ait
2549 4162 2911 4233 Hieronymus
2946 4160 3107 4230 epist.
3136 4156 3205 4211 65
3227 4157 3293 4211 ad
3344 4155 3506 4210 Pam.-

1928 4258 2103 4313 mach.
2128 4268 2181 4311 et
2206 4257 2407 4312 Ocean.
2447 4270 2571 4325 cap.
2623 4255 2676 4319 4,
2720 4263 2775 4308 et
2808 4252 3029 4322 Apotog.
3077 4251 3287 4305 advers.
3319 4247 3502 4316 Ruﬁn.

1928 4349 2022 4404 lib.
2058 4365 2118 4415 ιι,
2149 4364 2271 4417 cap.
2304 4347 2356 4411 4,
2402 4358 2463 4401 ut
2512 4344 2652 4400 male
2684 4345 3008 4400 sonantibus
3064 4342 3245 4396 verbis
3291 4350 3503 4394 rectum

1930 4453 2105 4497 tamen
2136 4456 2351 4496 sensum
2387 4440 2563 4493 inesse
2599 4439 2803 4493 diceret
2849 4454 2862 4491 :
2905 4454 2924 4487 ι
2971 4437 3227 4505 Didymus
3255 4473 3270 4500 ,
3311 4430 3504 4500 inquit,

244 4531 459 4596 δεικνὺς
488 4533 703 4599 ἑαυτοῦ,
734 4533 917 4587 οὐκέτι
946 4532 1204 4587 ἐλάττονα
1232 4535 1421 4588 ἑαυτὸν
1449 4534 1543 4588 τοῦ
1573 4534 1823 4606 ΙΙνεύμα-

1931 4536 1983 4589 in
2028 4535 2157 4605 ipsis
2186 4532 2327 4602 Περὶ
2352 4530 2572 4601 ἀρχῶν,
2605 4546 2740 4599 quos
2775 4541 2829 4582 tu
2890 4528 3281 4597 interpretatus
3320 4540 3398 4591 es,
3438 4524 3508 4578 li-

244 4639 356 4690 τος,
402 4624 536 4678 ἀλλὰ
584 4625 805 4696 μείζονα
850 4625 945 4679 καὶ
984 4624 1097 4678 ἴσον
1127 4626 1253 4679 ὄντα
1300 4627 1600 4697 σημαίνων,
1649 4626 1819 4680 ἐδίδου

248 4716 347 4789 μὲν
361 4716 424 4769 τὸ
440 4716 683 4788 Πνεῦμα,
720 4718 815 4770 καὶ
842 4717 1015 4787 ἔλεγε*
1046 4716 1264 4771 Λάϐετε
1283 4720 1348 4771 τὸ
1365 4717 1608 4788 Πνεῦμα
1626 4717 1818 4789 ἅγιον,

245 4808 361 4863 καί·
428 4808 568 4879 Ἐγὼ
580 4809 726 4864 αὐτὸ
741 4810 1117 4873 ἀποστέλλω,
1140 4810 1415 4877 κάκεῖνος
1430 4811 1536 4880 ἐμὲ
1551 4810 1819 4875 δοξάσει.

251 4919 272 4952 ι
332 4900 461 4956 Haec
522 4904 739 4973 quidem
808 4901 1006 4958 Iudaeis
1056 4910 1312 4970 tanquam
1372 4903 1533 4958 homo
1603 4902 1818 4956 dicebat

247 4990 549 5049 Dominus:
583 4993 861 5062 discipulis
895 5003 1075 5048 autem
1132 4993 1474 5048 divinitatem
1502 5001 1556 5046 et
1607 4993 1818 5062 magni-

247 5086 489 5140 tudinem
520 5101 674 5141 suam
699 5085 1016 5150 ostendens,
1053 5099 1157 5139 non
1181 5083 1298 5153 jam
1330 5084 1561 5153 amplius
1605 5098 1664 5137 se
1693 5082 1818 5153 Spi-

246 5178 354 5231 ritu
394 5176 678 5245 minorem,
706 5177 798 5232 sed
828 5178 1087 5247 majorem
1127 5185 1185 5231 et
1204 5176 1467 5246 aequalem
1496 5189 1617 5229 esse
1643 5177 1816 5246 signi-

246 5270 441 5332 ficans,
489 5269 652 5324 dabat
684 5270 903 5340 quidem
939 5269 1230 5340 Spiritum,
1264 5278 1321 5322 et
1365 5265 1579 5322 dicebat
1611 5284 1623 5321 :
1664 5266 1818 5320 Acci-

245 5364 353 5432 pite
371 5361 626 5431 Spiritum
655 5372 896 5415 sanctum
921 5361 998 5427 ²¹;
1023 5371 1078 5416 et
1107 5359 1411 5431 :Egoillum
1438 5357 1614 5423 mitto,
1639 5360 1821 5427 et'ipse

248 5474 330 5512 me
361 5455 673 5526 gloriﬁcabit
702 5458 770 5510 ”.
802 5474 820 5507 ι
848 5455 1060 5510 Clarius
1098 5456 1260 5509 etiam
1300 5454 1533 5510 Basilius
1561 5472 1576 5508 :
1610 5454 1821 5525 Ὠσπερ

247 5549 277 5601 ὁ
299 5548 428 5613 Υἱὸς
454 5546 605 5613 τάξει
637 5547 735 5620 μὲν
765 5547 1016 5619 δεύτερος
1043 5545 1137 5598 τοῦ
1176 5546 1389 5620 Πατρός
1411 5562 1424 5576 ·
1457 5547 1820 5618 προτέτακται

250 5640 357 5713 γὰρ
391 5644 418 5697 ὁ
446 5641 636 5714 Πατὴρ
658 5643 715 5694 ὲν
745 5643 808 5711 τῇ
843 5638 1325 5709 συναριθμήσει...,
1355 5640 1433 5692 ἔτι
1467 5639 1523 5692 δὲ
1545 5639 1640 5693 καὶ
1661 5638 1821 5705 ἁξιὼ-

1927 4627 2040 4682 bris
2069 4626 2261 4681 breves
2283 4620 3028 4685 dictavitcommentariolos,
3050 4621 3247 4690 quibus
3271 4633 3378 4673 non
3412 4632 3508 4672 ne-

1929 4727 2083 4790 garet
2114 4719 2182 4773 ab
2207 4715 2440 4785 Origene
2456 4714 2680 4783 scripta,
2706 4727 2826 4782 qua:
2854 4711 3052 4781 scripta
3085 4720 3255 4777 sunt;
3285 4709 3380 4764 sed
3408 4723 3507 4765 nos

1928 4809 2203 4880 simplices
2233 4807 2479 4863 homines
2514 4820 2620 4861 non
2655 4818 2818 4875 posse
2838 4802 3143 4872 intelligere
3172 4816 3291 4872 qua:
3313 4801 3509 4856 dicun~
3572 4866 3583 4877 ν

1930 4915 2054 4975 tur;
2079 4911 2136 4958 et
2161 4916 2267 4972 quo
2302 4914 2463 4954 sensu
2501 4898 2553 4952 in
2585 4899 2782 4953 bonam
2808 4904 3015 4966 partem
3048 4895 3220 4965 accipi
3250 4894 3503 4953 debeant.

1922 4993 2255 5065 persuadere
2284 4999 2533 5045 conatur.
2574 5006 2593 5042 ι
2651 4987 2879 5043 Accedit
2919 4986 3183 5058 anonymi
3218 4983 3504 5054 scriptoris

1923 5103 1952 5141 a
1984 5085 2178 5143 Photio
2229 5084 2355 5141 cod.
2415 5097 2558 5138 cxvn
2596 5081 3009 5136 commemorati
3073 5076 3403 5132 testificatio.
3456 5076 3505 5131 ls

1922 5180 2174 5251 Origenis
2230 5178 2604 5234 defensionem
2664 5176 2905 5245 quinque
2954 5174 3109 5229 libris
3142 5171 3503 5241 complexus,

1920 5272 2053 5343 φησὶ
2077 5270 2241 5343 μηδὲν
2264 5269 2424 5323 αὑτὸν
2444 5268 2584 5323 κατὰ
2609 5266 2766 5332 δόξαν
2789 5264 3054 5336 ἐσφάλθαι
3072 5264 3201 5337 περὶ
3221 5263 3320 5335 τῆς
3337 5263 3506 5335 Τριά-

1926 5362 2013 5425 δος
2036 5378 2051 5393 ο
2095 5359 2516 5432 ὰντιφερόμενον
2532 5358 2587 5412 δὲ
2610 5361 2675 5430 τῇ
2694 5357 2902 5429 αἱρέσει
2927 5354 3240 5418 Σαῦελλίου,
3262 5356 3342 5418 εἰς
3365 5354 3505 5425 μέγα

1927 5453 2095 5509 κακὸν
2131 5454 2346 5527 ἠρμένῃ
2376 5453 2496 5507 τότε
2519 5468 2535 5484 ο
2566 5453 2661 5506 καὶ
2681 5451 2780 5522 τὴν
2810 5448 2917 5502 τῶν
2942 5447 3246 5519 προσώπων
3273 5446 3504 5518 Τριάδα,

1929 5548 2327 5621 ἐναργεστάτην
2365 5547 2459 5601 καὶ
2498 5544 2709 5608 πολλοῖς
2730 5542 2950 5616 τρόποις
2968 5541 3329 5614 διαφέρουσαν
3357 5539 3507 5608 ἀγω-

1930 5640 2229 5711 νιζόμενον,
2271 5638 2624 5710 παραστῆσαι
2652 5634 2800 5707 παρὰ
2829 5627 3328 5707 τοῢίπροσήκοντος
3348 5670 3361 5697 ,
3414 5629 3510 5686 καὶ

322 5820 366 5851 ’⁸
396 5819 549 5875 Joan.
586 5835 695 5889 xiv,
728 5816 816 5876 28.
896 5818 936 5851 "
972 5814 1126 5873 Joan.
1167 5833 1255 5884 xx,
1290 5815 1375 5870 29..
1454 5817 1498 5847 ²¹
1529 5814 1684 5871 Joan.
1710 5831 1819 5885 xw,

1929 5859 1941 5871 .
2019 5817 2061 5851 ’³
2095 5814 2249 5885 han.
2300 5830 2353 5883 ιι,
2392 5814 2483 5869 5οε
