4020 6306
525 408 631 466 735

1784 401 1846 456 P.
1882 399 2197 454 DANIELIS
2232 399 2470 455 HUETII

3659 400 3765 456 756

521 521 604 584 εις
655 515 962 571 τούναντίον
1000 512 1362 584 ἀπενεχθῆναι
1397 531 1409 542 ·
1463 512 1521 579 ἐξ
1579 506 1638 567 οὗ
1684 512 1832 578 δόξαι
1874 510 1968 563 καὶ

2189 495 2553 578 ειέερὶεηιῑε.
2578 507 2814 580 Cyrillus
2839 507 2933 562 lib.
2959 523 3017 561 Ill
3051 515 3232 560 contra
3255 505 3466 562 Julian.
3493 523 3512 561 :
3538 509 3763 564 Πλάτων

510 605 797 683 τἍρειανῷ
814 607 1207 680 ἁρῤωστήματι
1228 604 1545 659 ἑαλωκέναι.
1579 623 1597 656 ι
1629 603 1773 659 Nihil
1803 605 1975 673 ipsum
2010 617 2091 657 as-

519 703 653 758 serit
677 703 818 758 circa
838 699 1162 754 Trinitatem
1189 711 1434 762 errasse;
1462 698 1557 753 sed
1583 712 1705 752 cum
1733 695 1952 753 Sabellii
1980 694 2092 749 hae-

519 795 686 848 resim
711 793 1070 862 impugnaret,
1096 804 1219 860 quae
1250 797 1360 843 tum
1397 789 1453 842 in
1497 802 1748 858 magnam
1770 785 2094 857 erumpebat

517 885 843 955 perniciem,
874 890 931 936 et
972 895 1329 950 personarum
1363 878 1686 934 Trinitatem
1739 876 2089 932 manifestam

517 985 574 1031 et
609 975 793 1031 multis
821 973 997 1028 modis
1027 971 1366 1027 differentem
1412 970 1746 1034 defenderet,
1787 976 1936 1025 extra
1979 966 2091 1022 cal-

517 1064 621 1119 lem
654 1062 872 1126 abiisse,
909 1069 960 1116 et
1007 1060 1059 1114 in
1106 1061 1436 1114 contrariam
1487 1069 1695 1128 partem
1727 1057 1892 1114 fuisse
1927 1058 2090 1113 abre—

517 1163 692 1222 ptum,
750 1152 987 1222 indeque
1038 1151 1213 1205 visum
1277 1151 1483 1205 Ariano
1527 1149 1716 1205 morbo
1764 1149 2032 1235 laborare.
2061 1167 2082 1201 ι

502 1244 674 1310 Quod
703 1244 780 1298 ait
812 1244 879 1297 de
911 1242 1216 1298 Sabelliana
1251 1242 1467 1307 haeresi,
1522 1243 1590 1296 de
1639 1241 1899 1297 Noetiana
1929 1239 2090 1295 intel-

514 1335 656 1406 lige;
682 1344 805 1404 post
835 1332 1122 1403 Origenem
1145 1333 1342 1403 quippe
1374 1348 1527 1388 suam
1571 1331 1840 1387 Sabellius
1889 1331 2089 1401 sparsit

503 1427 766 1486 haeresim
802 1444 818 1480 :
878 1439 1061 1479 verum
1119 1439 1226 1479 non
1258 1432 1365 1478 tam
1391 1437 1583 1478 novatn
1622 1422 1828 1478 invexit
1856 1432 2086 1489 sectam,

499 1497 679 1590 iquam
713 1529 945 1572 veterem
977 1531 1008 1569 a
1041 1515 1211 1570 Νοειο
1239 1525 1570 1586 praeceptore
1598 1530 1698 1571 suo
1720 1513 1972 1569 traditam
1995 1529 2085 1569 re-

501 1610 694 1678 ﬁnxit.
725 1608 974 1678 Equalis
1002 1617 1183 1662 autem
1209 1606 1461 1678 Origenis
1501 1606 1604 1662 fuit
1625 1605 1849 1675 Noetus,
1878 1605 1971 1676 qui
1995 1620 2089 1661 ve-

499 1679 650 1774 rteris
678 1709 733 1756 et
760 1701 873 1771 ipse
907 1709 1235 1770 propagator
1268 1699 1535 1754 haereseos
1576 1699 1756 1769 potius
1790 1714 1952 1769 quam
1987 1714 2086 1754 no-

512 1807 596 1845 vae
623 1800 816 1846 auctor
846 1791 1104 1845 dicendus
1149 1797 1255 1845 est.
1307 1788 1560 1859 Equalis
1605 1792 1771 1845 etiam
1808 1792 2088 1860 utriusque

2191 597 2286 651 ἕνα
2311 598 2408 669 μὲν
2431 594 2570 651 εἶναι
2591 598 2682 652 τὸν
2716 597 3045 670 δημιουργὸν
3077 597 3363 672 διωρίσατο
3387 599 3480 653 τὸν
3510 600 3764 654 ἁπάντων

2192 688 2384 753 αἴτιον,
2411 687 2470 743 ὂν
2502 689 2597 742 καὶ
2643 689 2889 760 προσεχῆ
2930 687 3008 758 τῷ
3058 690 3250 759 κόσμῳ
3294 689 3547 758 γενέσθαι
3589 691 3764 760 φησί’

2191 781 2596 852 προϋφεστάναι
2630 797 2694 850 γε
2739 780 2844 851 μὴν
2870 779 3034 834 αὐτοῦ
3087 781 3218 834 Θεὸν
3257 782 3462 854 ἕτερον,
3497 783 3617 853 ἦτοι
3667 784 3764 854 τὴν

2193 871 2336 926 ἰδέαν
2360 871 2621 940 τάγαθοῦ.
2646 872 3003 944 Προσεπινοεῖ
3039 873 3094 926 δὲ
3127 875 3221 926 καὶ
3253 873 3432 943 τρίτον
3448 874 3642 939 αἴτιον,
3670 873 3763 926 τά-

2191 962 2272 1030 ξει
2302 964 2359 1016 δὲ
2386 965 2481 1017 καὶ
2508 963 2666 1034 φύσει
2700 963 2810 1020 τῶν
2835 962 3064 1034 πρώτων
3100 965 3606 1036 μειονεκτούμενον,
3641 965 3671 1018 ὃ
3700 965 3763 1039 δὴ

2189 1053 2285 1108 καὶ
2328 1054 2508 1125 ψυχὴν
2552 1053 2663 1108 τῶν
2702 1054 2868 1108 ὅντων
2913 1054 3166 1109 ἁπάντων
3211 1055 3492 1110 ἀποκαλεῖ.
3534 1075 3554 1108 ι
3612 1056 3764 1112 Plato

2190 1162 2354 1201 unum
2377 1147 2592 1216 quidem
2609 1162 2730 1203 esse
2759 1147 3005 1218 opificem
3026 1148 3293 1215 deﬁnivit,
3315 1164 3496 1204 rerum
3516 1150 3759 1205 omnium

2192 1251 2433 1301 causam,
2465 1252 2630 1306 quem
2690 1246 2746 1291 et
2801 1237 3160 1307 propinquum
3208 1240 3410 1293 mundo
3440 1253 3562 1294 esse
3604 1239 3760 1305 dixit,
3821 1261 3824 1263 λ

2187 1327 2461 1383 exstitisse
2486 1343 2614 1382 vero
2636 1327 2808 1384 Deum
2826 1327 3053 1382 alterum
3083 1337 3210 1382 ante
3228 1328 3393 1395 hunc,
3422 1343 3614 1398 nempe
3634 1329 3762 1385 boni

2188 1419 2388 1474 idenm.
2409 1418 2696 1490 Excogitat
2718 1427 2979 1489 praeterea
2997 1429 3052 1474 et
3075 1419 3287 1473 tertiam
3307 1435 3552 1486 causam,
3571 1421 3762 1476 Ordine

2188 1511 2403 1578 quidem
2434 1522 2488 1566 et
2531 1521 2732 1565 natura
2767 1511 3042 1580 prioribus
3075 1510 3184 1566 illis
3233 1511 3568 1580 inferiorem,
3597 1527 3760 1582 quam

2192 1613 2248 1658 ει
2269 1602 2505 1656 animam
2530 1602 2910 1658 universarum
2949 1617 3131 1658 rerum
3187 1602 3443 1673 appellat.
3492 1623 3511 1656 ι
3547 1603 3665 1671 Quo
3693 1620 3763 1661 ex

2189 1694 2342 1749 fonte
2375 1693 2688 1764 proﬂuxere
2713 1708 2818 1747 non
2847 1692 3098 1762 Origenis
3127 1710 3343 1750 errores
3362 1695 3534 1751 solum
3565 1699 3764 1759 adverb

2188 1802 2281 1842 sus
2305 1786 2707 1842 sanctissimam
2756 1785 3110 1854 Trinitatem,
3167 1787 3469 1843 aliorumve
3493 1803 3628 1857 quos
3682 1804 3765 1846 re-

499 1868 623 1937 Vl'uit
653 1882 901 1954 Beryllus
927 1883 1223 1938 Bostrenus
1263 1883 1574 1953 episcopus,
1619 1884 1824 1939 erroris
1849 1883 2087 1952 ejusdem
2119 1861 2163 1919 Β
2193 1879 2504 1945 censuimus
2535 1876 2756 1932 Patrum
2789 1878 2970 1933 minus
3002 1871 3414 1948 circumspectat:
3443 1880 3760 1949 locutiones,

517 1972 857 2038 defensione,
905 1981 960 2029 et
1003 1972 1198 2029 deinde
1228 1974 1605 2042 repudiatione
1633 1974 1883 2043 celebris,
1937 1983 2087 2046 post-

516 2077 680 2134 quam
705 2064 773 2120 ab
799 2065 1033 2134 Origene
1069 2066 1374 2131 convictus,
1401 2075 1456 2121 et
1488 2066 1554 2121 ad
1583 2068 1856 2122 saniorem
1887 2067 2084 2122 doctri-

515 2176 645 2214 nam
673 2161 952 2225 traductus
975 2170 1077 2216 est.
1110 2161 1223 2217 llos
1258 2160 1573 2232 perstringit
1612 2160 1874 2230 Origenes
1903 2201 1920 2226 ,
1963 2175 2087 2215 cum

513 2253 641 2308 alibi
668 2252 1006 2325 frequenter,
1034 2265 1144 2310 tum
1165 2255 1218 2308 in
1245 2255 1384 2310 libro
1409 2270 1569 2324 quem
1602 2255 1658 2308 in
1694 2252 1988 2322 Epistolam
2017 2253 2086 2306 ad

516 2342 696 2399 Titum
723 2346 983 2416 scripsit;
1013 2347 1485 2417 quiquelaudatur
1511 2362 1540 2400 a
1563 2345 1842 2416 Pamphilo
1873 2346 1927 2399 in
1950 2347 2088 2414 Apo-

513 2431 676 2502 logia.
700 2432 860 2489 lnitia
881 2434 1142 2490 doctrinae
1167 2435 1455 2505 hujusjam
1489 2435 1613 2491 inde
1642 2436 1711 2490 ab
1735 2435 1921 2506 lgnatii
1953 2448 2088 2490 temo

511 2524 737 2588 poribus
770 2526 966 2594 repetit
1000 2524 1267 2581 Baronius
1310 2530 1376 2582 ad
1409 2542 1498 2582 an.
1529 2526 1730 2582 Christi
1775 2527 1902 2591 960,
1929 2543 2084 2582 num.

513 2614 604 2672 65.
641 2615 795 2683 Quod
841 2631 974 2687 ergo
1029 2617 1166 2672 dixit
1212 2634 1517 2690 anonymus
1562 2618 1784 2674 Sabellii
1838 2619 2085 2674 haeresim

515 2712 860 2780 impugnasse
887 2709 1224 2782 'Origenem,
1263 2712 1343 2768 sic
1388 2712 1763 2783 accipiendum
1804 2723 1908 2778 est,
1947 2713 2086 2767 hanc

513 2801 585 2856 ab
617 2817 686 2857 eo
716 2802 1087 2872 impugnatam
1117 2802 1365 2857 haeresim
1391 2818 1511 2872 quae
1533 2817 1563 2856 a
1599 2803 1828 2858 vetustis
1858 2802 2084 2860 haereti-

509 2894 592 2947 cis
617 2901 763 2960 urta,
788 2909 819 2948 ε
847 2893 1020 2950 Νοειο
1046 2904 1101 2950 ει
1122 2894 1334 2966 Beryllo
1360 2895 1474 2950 suis
1508 2903 1844 2966 propngnata
1877 2905 2084 2964 tempo-

511 2983 685 3050 ribus,
717 3001 918 3041 novum
950 2987 1145 3042 deinde
1176 3001 1207 3041 a
1246 2986 1482 3042 Sabellio
1507 3003 1705 3042 nomen
1738 3002 1802 3042 ac
1852 2985 2082 3042 formam

510 3077 741 3146 accepit.
773 3077 853 3132 Ac
881 3077 928 3131 si
960 3077 1082 3147 quis
1131 3075 1484 3150 Ἀρειανίζειν
1520 3078 1722 3133 diceret
1748 3077 2037 3147 Origenem
2062 3117 2080 3144 ,

511 3183 632 3224 eam
668 3183 863 3241 nempe
909 3171 1054 3226 tueri
1096 3169 1438 3236 doctrinam,
1470 3185 1590 3242 qua:
1618 3172 1788 3227 multo
1839 3181 1961 3243 post
2013 3175 2082 3230 ab

509 3264 644 3318 Aria
670 3261 1024 3332 amplificata,
1047 3278 1243 3318 nomen
1272 3261 1340 3318 ab
1363 3278 1428 3318 eo
1452 3264 1643 3334 adepta
1669 3273 1774 3320 est.

581 3352 696 3408 XII.
726 3354 950 3409 Multum
999 3356 1216 3424 quidem
1250 3355 1392 3410 valet
1436 3357 1577 3424 apud
1631 3372 1736 3422 me,
1771 3371 1867 3427 pro
1901 3373 1965 3412 eo
2019 3372 2084 3412 ac

511 3447 695 3514 debet,
742 3448 966 3502 Patrum
1013 3447 1228 3501 illorum
1262 3449 1561 3503 auctoritas
1586 3488 1604 3514 ,
1651 3449 1742 3518 qui
1779 3448 2082 3511 doctrinam

509 3541 762 3611 Origenis
788 3541 854 3594 de
882 3539 1152 3595 Trinitate
1184 3541 1463 3611 sull'ragiis
1487 3541 1602 3597 suis
1637 3543 2084 3610 comprobarunt.

509 3633 617 3686 Sed
659 3632 791 3687 mihi
823 3641 1000 3687 tamen
1029 3631 1203 3702 pluris
1232 3642 1316 3689 est
1348 3634 1464 3702 ipsa
1489 3634 1710 3701 veritas,
1735 3650 1898 3704 quam
1935 3643 1991 3691 et
2015 3651 2084 3692 ex

509 3723 853 3794 Origeniame
878 3725 1136 3781 doctrinae
1158 3726 1517 3790 connexione,
1541 3735 1594 3780 et
1623 3741 1688 3780 ex
1717 3736 1920 3782 attente
1955 3742 2083 3798 per-

510 3815 714 3884 spectis
757 3815 1066 3870 Adamantii
1119 3815 1320 3882 verbis,
1373 3826 1428 3870 et
1476 3831 1543 3868 ex
1581 3815 1805 3870 Palmm
1852 3813 2082 3872 aliorum

510 3905 872 3974 complurium
909 3906 1404 3972 testiﬁcationibus,
1431 3906 1543 3978 (98)
1574 3907 1627 3962 in
1659 3919 1842 3977 partes
1873 3920 2076 3964 sectam

509 4000 581 4053 ab
632 3999 752 4068 ipso
786 3998 1140 4064 Trinitatem,
1172 4009 1226 4054 et
1255 4001 1510 4055 essentia;
1542 4017 1606 4056 ac
1631 4001 1930 4058 divinitatis
1957 4005 2081 4074 qui-

509 4088 737 4144 busdam
775 4087 942 4143 veluti
974 4087 1234 4158 gradibus
1265 4088 1578 4143 distinctam
1608 4089 1984 4156 clamantium,
2009 4091 2076 4145 li-

509 4180 675 4251 quido
699 4179 833 4234 mihi
865 4180 1206 4248 perspexisse
1231 4179 1440 4233 videor.
1469 4181 1619 4254 Adde
1644 4180 1932 4237 Platonicae
1957 4183 2079 4251 phi-

509 4272 772 4343 losophiae
793 4272 1030 4337 decreta,
1081 4271 1147 4324 ad
1173 4285 1294 4341 quae
1321 4270 1438 4325 fere
1464 4286 1560 4324 sua
1587 4274 1855 4340 expressit
1885 4272 2079 4344 Orige-

508 4381 630 4430 nes,
651 4366 794 4433 quod
815 4363 928 4436 jam
963 4378 1127 4433 supra
1157 4362 1491 4429 monuimus,
1533 4362 1741 4417 larvam
1785 4367 2077 4433 quamdam

508 4459 801 4514 Trinitatis
866 4457 1154 4528 efﬁngere,
1203 4456 1451 4527 personis
1489 4464 1826 4511 constantem
1883 4458 2079 4523 tribus,

513 4549 770 4620 imequali
791 4549 1036 4619 praeditis
1069 4547 1356 4620 dignitate,
1398 4556 1664 4618 potestate
1687 4587 1704 4614 ,
1754 4548 2080 4620 antiquitate

582 4663 629 4695 “
652 4662 809 4720 Joan.
847 4681 889 4730 ι,
913 4665 971 4719 5.

2192 1972 2286 2027 sed
2314 1971 2572 2040 quidquid
2598 1970 2760 2024 etiam
2793 1969 2892 2025 fuit
2921 1979 3109 2026 contra
3153 1970 3295 2027 idem
3339 1973 3659 2044 mysterium
3693 1975 3762 2032 ab

2188 2063 2460 2118 haereticis
2492 2063 2805 2121 insanitum.

2260 2153 2400 2209 XIII.
2452 2154 2510 2210 Si
2541 2170 2648 2210 non
2677 2171 2744 2210 ex
2777 2171 2938 2226 supra
2967 2155 3144 2211 allatis
3167 2165 3223 2211 et
3244 2157 3296 2210 in
3324 2166 3612 2226 utramque
3635 2171 3758 2228 pars

2191 2257 2297 2304 tem
2347 2249 2611 2319 expositis
2648 2249 2992 2315 testimoniis,
3039 2250 3235 2318 quibus
3273 2248 3391 2304 Filii
3425 2261 3476 2305 et
3526 2251 3762 2320 Spiritus

2186 2341 2356 2396 sancti
2388 2341 2698 2412 dignitatem
2723 2340 3048 2396 labefactare
3079 2341 3161 2396 vel
3193 2357 3435 2397 asserere
3485 2344 3631 2399 visus
3679 2354 3761 2399 est

2188 2433 2471 2504 Origenes,
2511 2435 2648 2489 satis
2707 2434 2877 2504 ipsius
2921 2434 3096 2490 elucet
3123 2437 3440 2490 sententia:
3498 2446 3554 2491 at
3599 2437 3758 2492 facile

2187 2536 2339 2579 certe
2365 2524 2786 2594 deprehenditur
2811 2539 2879 2579 ex
2908 2525 3283 2595 sequentibus,
3329 2525 3381 2579 in
3417 2526 3614 2595 quibus
3645 2542 3762 2581 mo-

2186 2613 2430 2669 litionem
2463 2628 2642 2668 rerum
2664 2614 2717 2668 in
2743 2614 2909 2669 Deum
2935 2613 3149 2669 Patrem
3178 2615 3496 2671 transcribit
3520 2633 3537 2681 ;
3565 2616 3758 2672 Filium

2188 2722 2321 2761 vero
2345 2707 2726 2761 secundariam
2765 2717 2973 2761 tantum
3001 2708 3263 2762 creationi
3298 2709 3630 2778 impendisse
3648 2710 3764 2767 vult

2186 2813 2431 2866 operam,
2453 2808 2507 2851 et
2534 2797 2879 2851 instrumenti
2911 2797 2994 2852 vel
3029 2798 3260 2854 ministri
3296 2810 3478 2868 partes
3504 2799 3703 2856 obiisse
3731 2817 3748 2855 :

2186 2891 2297 2961 (99)
2327 2889 2480 2945 Οὕτω
2520 2889 2718 2956 τοίνυν,
2751 2890 2925 2960 inquit
2954 2899 3084 2946 tom.
3122 2906 3163 2945 ιι
3216 2893 3270 2945 in
3297 2892 3482 2957 Joan.,
3525 2908 3677 2947 num.
3700 2895 3760 2960 6,

2185 2985 2278 3037 καὶ
2311 2982 2518 3047 ἐνθάδε,
2550 2984 2598 3036 εἰ
2631 2983 2809 3037 πάντα
2832 2982 2920 3035 διὰ.
2941 2982 3034 3035 τοῦ
3065 2982 3238 3052 Λόγου
3267 2984 3504 3052 ἐγένετο,
3533 2985 3632 3056 οὐχ
3657 2985 3764 3039 ὑπὸ

2184 3077 2276 3130 τοῦ
2293 3077 2466 3146 Λόγου
2491 3077 2726 3145 ἐγένετο,
2760 3075 2873 3130 ἀλλ’
2906 3077 3008 3130 ὑπὸ
3047 3077 3352 3148 κρείττονος
3376 3079 3468 3131 καὶ
3514 3079 3757 3150 μείζονος

2185 3170 2335 3242 παρὰ
2349 3171 2441 3224 τὸν
2455 3170 2644 3239 Λόγονο
2663 3170 2800 3236 τίςδ*
2817 3170 2883 3225 ἂν
2899 3171 3052 3235 ἄλλος
3067 3164 3222 3235 οὗτος
3236 3173 3478 3246 τυγχάνῃ
3494 3173 3709 3245 (100),ῆ
3724 3175 3756 3227 ὁ

2187 3263 2412 3334 Πατήρ;
2444 3265 2646 3333 Duplex
2671 3273 2754 3320 est
2779 3265 2940 3335 hujus
2976 3264 3077 3318 loci
3109 3265 3276 3329 Iabes,
3315 3282 3434 3318 nam
3470 3275 3525 3321 et
3548 3266 3747 3322 Filium

2183 3352 2343 3409 Patre
2383 3355 2644 3408 minorem
2668 3371 2732 3409 ac
2753 3354 3065 3411 inferiorem
3100 3371 3220 3412 esse
3276 3357 3539 3424 decernit,
3568 3368 3624 3414 et
3667 3375 3747 3414 re-

2183 3461 2302 3500 rum
2338 3446 2667 3502 creationem
2703 3449 2921 3517 penitus
2946 3449 3046 3518 ipsi
3073 3448 3384 3517 abjudicat;
3432 3451 3487 3505 in
3515 3468 3620 3520 qua
3645 3452 3747 3508 Pa-

2186 3541 2254 3594 tri
2293 3549 2502 3594 tantum
2544 3539 2906 3608 ministrasse,
2961 3557 3066 3597 non
3099 3543 3400 3598 molitorem
3453 3544 3641 3601 itidem
3682 3555 3744 3602 ut

2182 3631 2396 3688 Patrem
2425 3632 2588 3687 fuisse
2629 3632 2759 3687 dicit
2783 3634 2875 3687 lib.
2902 3635 3074 3703 ιΠερὶ
3105 3634 3310 3704 ἀρχῶν
3337 3637 3390 3690 in
3428 3637 3544 3706 ipso
3573 3653 3750 3708 prate-

2183 3727 2315 3788 mio,
2340 3741 2487 3779 num.
2514 3725 2547 3778 4
2583 3742 2597 3779 :
2632 3742 2652 3777 ι
2690 3723 2848 3780 Jesus
2875 3724 3122 3781 Christus
3161 3729 3274 3796 ipse
3303 3730 3394 3799 qui
3421 3731 3587 3795 venit,
3621 3741 3748 3787 ante

2183 3833 2398 3873 ouantem
2431 3825 2741 3872 creaturam
2775 3827 2934 3873 natus
2962 3835 3028 3873 ex
3059 3819 3218 3873 Patre
3257 3831 3361 3875 est.
3397 3821 3497 3888 Qui
3526 3839 3648 3878 cum
3695 3825 3750 3880 in

2182 3909 2425 3964 omnium
2470 3912 2778 3965 conditione
2818 3909 2965 3966 Patri
3013 3911 3372 3969 ministrasset
3419 3916 3438 3984 (
3451 3932 3546 3984 per
3572 3918 3742 3986 ipsum

2183 4003 2324 4056 enim
2361 4004 2538 4056 omnia
2572 4003 2717 4072 facta
2742 4016 2859 4058 sunt
2883 4004 2950 4067 ”)
2986 4006 3294 4062 novissimis
3321 4009 3652 4080 temporibus
3676 4023 3762 4066 se-

2185 4093 2357 4164 ipsum
2387 4095 2708 4150 exinaniens
2740 4096 2906 4150 homo
2936 4096 3110 4152 factus
3154 4108 3238 4154 est
3265 4117 3280 4153 :
3311 4119 3332 4152 ι
3363 4083 3522 4169 quem
3572 4100 3750 4156 locum

2141 4220 2154 4234 .
2185 4187 2382 4255 repetit
2416 4197 2610 4240 auctor
2647 4185 2766 4242 libri
2794 4186 2871 4240 De
2901 4188 3093 4242 deitate
3121 4199 3170 4243 et
3199 4191 3566 4245 incarnatione
3600 4189 3753 4247 Verbi

2185 4276 2255 4327 ad
2289 4273 2636 4342 Januarium,
2660 4275 2751 4343 qui
2783 4284 2928 4329 tomo
2964 4284 3160 4346 quarto
3203 4291 3428 4346 cperunt
3467 4276 3753 4348 Augustini

2183 4367 2378 4437 subjici
2409 4369 2572 4432 solet,
2594 4384 2716 4438 cap.
2737 4368 2799 4421 'l.
2835 4367 3072 4438 Repetiit
3101 4379 3154 4422 et
3173 4380 3300 4424 ante
3325 4369 3472 4423 illum
3498 4369 3754 4439 Pamphi-

2186 4459 2268 4514 lus
2302 4459 2353 4512 in
2382 4459 2670 4530 Apologia:
2701 4468 2864 4530 atque
2905 4460 3052 4514 illum
3083 4476 3148 4515 ex
3183 4461 3276 4516 lib.
3309 4477 3366 4514 Ill
3394 4463 3448 4514 in
3484 4459 3655 4528 Epist.
3684 4459 3752 4513 ad

2190 4553 2394 4608 (Iuleas.
2421 4569 2435 4606 :
2465 4572 2484 4605 ι
2519 4553 2646 4607 Data
2666 4562 2753 4609 est
2773 4563 2951 4609 autem
2982 4553 3069 4609 lex
3096 4553 3269 4625 Moysi
3301 4570 3398 4625 per
3418 4554 3661 4625 angelos,
3697 4555 3756 4610 in

550 4783 691 4866 .(98)
716 4783 784 4838 In
807 4796 981 4866 partes
1006 4797 1201 4866 sect-am
1223 4789 1288 4866 alt
1309 4788 1422 4855 ipso
1453 4788 1811 4866 Trinitatem,
1833 4802 1939 4849 etc.
1994 4794 2074 4848 Ex
2105 4801 2152 4856 1)
2191 4793 2435 4862 procedit
2461 4805 2492 4846 e
2523 4804 2726 4856 mente,
2765 4801 2816 4845 ct
2854 4807 3031 4860 neque
3061 4802 3265 4866 partem
3289 4792 3530 4866 aliquam
3555 4795 3752 4850 mentis

508 4856 596 4910 his
619 4870 740 4924 quae
765 4871 929 4924 supra
956 4856 1203 4926 infraque
1227 4861 1658 4923 observavimus,
1715 4863 1846 4918 satis
1889 4873 2073 4918 osten-

507 4941 629 4981 sum
661 4935 746 4980 est
775 4926 950 4980 nullos
972 4928 1172 4996 gradus
1203 4928 1254 4981 in
1284 4928 1549 4985 Trinitate
1583 4934 1925 4989 constituisse
1948 4934 2074 4990 Ori-

510 5011 721 5071 genem,
749 4997 853 5050 nisi
886 5008 1129 5071 respectu
1160 5012 1357 5071 causae,
1392 5001 1664 5071 principii,
1698 5004 1861 5057 fontis
1891 5014 1944 5058 et
1972 5005 2079 5059 ori-

511 5065 688 5140 ginis;
725 5082 793 5140 ac
822 5065 1056 5140 proinde
1093 5067 1241 5140 nullo
1275 5065 1434 5140 modo
1468 5070 1522 5140 in
1569 5065 1755 5140 partes
1780 5084 1981 5128 sectam
2009 5075 2076 5128 ab

511 5135 629 5202 ipso
664 5135 837 5190 fuisse
857 5137 1150 5191 essentiam
1181 5137 1442 5193 divinam.
1479 5135 1653 5196 Unum
1684 5144 1786 5197 hoc
1812 5145 2005 5198 addam
2041 5159 2073 5199 e

511 5204 688 5259 libror
716 5206 856 5276 Περὶ
883 5205 1118 5277 ἀρχῶν,
1149 5223 1269 5276 cap.
1295 5208 1352 5276 9.,
1398 5226 1547 5268 num.
1600 5213 1664 5266 6:
1705 5231 1724 5264 ι
1765 5213 2072 5269 Observan-

513 5277 903 5346 dumnamque
926 5291 1009 5332 est
1033 5293 1100 5332 ne
1121 5279 1242 5346 quis
1272 5278 1516 5334 incurrat
1558 5282 1610 5336 in
1658 5283 1776 5338 illas
1810 5285 2074 5339 absurdus

509 5343 725 5424 liabulas
754 5343 941 5402 eorum
976 5351 1064 5424 qui
1111 5343 1443 5418 prolationes
1491 5355 1755 5421 quasdam
1776 5355 1892 5409 'sibi
1942 5355 2074 5424 ipsis

510 5415 809 5492 depingunt
853 5429 930 5492 ut_
957 5415 1192 5492 divinam
1253 5415 1525 5474 naturam'
1547 5424 1598 5476 in
1657 5433 1839 5492 partes
1880 5415 2074 5480 vocent

509 5484 784 5560 (secent),
823 5499 877 5543 et
902 5489 1070 5542 Deum
1096 5488 1334 5556 Patrem,
1376 5503 1635 5559 quantum
1657 5484 1729 5548 'in
1759 5509 1820 5549 se
1852 5505 1957 5560 cst,
1988 5496 2070 5548 di-

508 5556 720 5630 vidant,
751 5572 874 5630 cum
912 5561 1014 5614 hoc
1053 5561 1119 5615 de
1157 5556 1471 5630 incorporea
1511 5574 1703 5617 natura
1740 5565 1826 5620 vel
1875 5556 2071 5620 leviter

506 5626 770 5701 suspicari
789 5645 905 5701 non
926 5630 1094 5701 solum
1125 5626 1382 5686 extremae
1407 5633 1694 5701 impietatis
1739 5637 1844 5700 sit,
1882 5651 2067 5689 verum

507 5697 673 5772 etiam
704 5697 906 5752 ultimte
934 5697 1278 5768 insipientia,
1306 5717 1407 5757 nec
1431 5697 1654 5760 omnino
1671 5706 1736 5758 ad
1761 5697 2064 5772 intelligen-
2116 5710 2123 5716 '

511 5767 638 5840 tiam
652 5781 856 5840 _c0nseq
865 5783 997 5840 nens
1028 5767 1101 5840 ut
1117 5772 1454 5840 incorporea:
1475 5783 1682 5830 natura:
1698 5767 2070 5832 substantialis

507 5835 701 5891 divisio
747 5837 916 5906 possit
957 5837 1201 5910 intelligi.
1231 5835 1422 5916 Magis
1465 5857 1596 5915 ergo
1647 5845 1788 5901 sicut
1817 5846 2068 5904 voluntas

799 5930 864 5936 νο.-.
873 5931 1024 5940 --σι-η-
1038 5933 1042 5936 ν
1054 5933 1063 5937 -

2085 5940 2188 5983 ἠν

2179 4871 2354 4929 secat,
2380 4877 2553 4934 neque
2579 4866 2661 4915 ah.
2679 4875 3054 4934 eapseparatnr
3075 4875 3164 4915 aut
3192 4864 3472 4934 dividitur,
3502 4866 3593 4918 tali
3615 4880 3750 4934 qua-

2181 4935 2304 4988 dam
2335 4933 2530 5004 rspecie
2567 4931 2839 5004 putandus
2872 4943 2953 4986 est
3001 4931 3159 5004 Pater
3200 4933 3397 5004 Filium
3446 4931 3700 5004 genuisse
3726 4975 3742 5001 ,

2184 5003 2474 5070 imaginem
2503 5003 2711 5056 scilicet
2747 5017 2922 5066 suam,
2950 5013 3030 5067 ut,
3057 5003 3326 5073 sicutipse
3348 5003 3639 5059 invisibilis
3667 5014 3750 5059 est

2183 5089 2279 5144 per
2314 5084 2587 5145 naturam,
2629 5074 2700 5125 ita
2726 5073 3268 5145 imaginemquoque
3302 5075 3628 5129 invisibilem
3658 5089 3750 5145 ge-

2184 5141 2389 5198 nuerit.
2413 5141 2650 5198 Verbum
2683 5143 2826 5196 enim
2846 5141 2942 5197 est
2964 5143 3151 5208 Filius,
3173 5141 3226 5199 et
3261 5145 3382 5198 ideo
3408 5145 3538 5198 nihil
3580 5147 3633 5198 in
3661 5141 3753 5200 ‘eo

2179 5213 2438 5267 sensibile
2462 5213 2871 5284 intelligendum
2902 5224 3004 5267 est.
3036 5212 3313 5284 Sapientia
3347 5225 3450 5279 est,
3491 5225 3546 5269 et
3575 5219 3630 5268 in
3658 5231 3746 5270 sa-

2179 5284 2378 5352 pientia
2420 5283 2552 5336 nihil
2597 5299 2918 5350 corporeum
2969 5286 3349 5352 suspicandqu
3399 5295 3504 5349 est,
3543 5284 3745 5339 Lumen

2179 5364 2263 5408 est
2287 5370 2462 5407 verum
2491 5355 2628 5421 quod
2658 5353 2923 5406 illuminat
2951 5371 3152 5408 omnem
3173 5357 3433 5409 hominem
3463 5358 3750 5410 venientem

2180 5425 2234 5476 in
2263 5425 2401 5476 hunc
2434 5424 2685 5494 mandunt
2718 5421 2901 5493 (Joau.
2931 5441 2968 5489 ι,
2991 5424 3070 5494 9).
3100 5427 3196 5479 sed
3222 5426 3356 5479 nihil
3398 5427 3564 5481 habet
3601 5441 3751 5480 com-

2180 5509 2340 5566 mune
2357 5495 2423 5566 ad
2443 5493 2748 5566 solishujus
2770 5495 2983 5566 lumen.
3002 5493 3169 5548 {Haec
3190 5499 3352 5551 verba
3379 5500 3572 5566 repetit
3595 5497 3754 5550 Pam-

2178 5565 2356 5631 philus
2382 5564 2433 5617 in
2463 5562 2714 5634 Apologia
2743 5579 2865 5618 sua.
2893 5565 3023 5619 Vide
3047 5578 3311 5634 praeterea
3336 5562 3750 5623 observationes

2175 5636 2230 5687 in
2259 5650 2408 5688 num.
2445 5633 2478 5687 5
2507 5647 2562 5686 et
2591 5633 2644 5685 in
2678 5651 2822 5691 num.
2853 5635 2944 5690 9.4.

2247 5704 2358 5786 (99)
2381 5704 2551 5786 Oﬁtte
2596 5704 2824 5772 τοίνυν,
2863 5716 2969 5786 etc.
2999 5703 3134 5786 Vide
3161 5708 3320 5786 patilo
3346 5722 3526 5786 supra
3544 5723 3694 5765 num.
3715 5702 3750 5760 Ἰ

2177 5774 2672 5847 animadversiones
2703 5787 2920 5847 nostras
2954 5777 3005 5828 in
3038 5774 3184 5847 hunc
3218 5774 3465 5847 Origenis
3512 5777 3720 5835 locum.

2245 5843 2395 5916 (100)
2419 5845 2695 5918 Τυγχάνῃ.
2726 5843 2866 5916 Lege
2886 5846 3160 5919 τυγχάνοι.
3187 5843 3350 5905 Emi.

3677 5951 3684 5956 _
3701 5943 3732 5951 ..ο
