4020 6306
284 312 380 367 757

1126 313 1698 375 ORIGENIANORUM
1739 318 1868 375 LIB.
1911 321 1976 387 II,
2016 321 2168 379 CAP.
2212 323 2278 387 ll,
2324 323 2599 390 QUIEST.
2640 326 2707 380 ll.

3420 330 3522 387 7‘38

283 439 439 478 manu
472 431 527 479 et
550 424 755 481 virtute
790 428 1110 485 mediatoris
1132 430 1329 486 Christi
1361 434 1425 499 ",
1460 436 1550 504 qui
1602 452 1724 492 cum
1750 453 1839 493 es-

1954 440 2033 496 τὸν
2049 441 2181 496 Θεὸν
2207 437 2296 514 ἦν,
2318 443 2412 497 καὶ
2427 442 2559 507 Θεὸς
2590 439 2679 515 ἦν.
2716 462 2734 495 ι
2770 442 2904 498 Cum
2939 457 3067 500 vero
3100 444 3307 514 opificis
3329 447 3522 516 agebat

281 527 364 570 set
390 516 443 569 in
470 516 739 587 principio
763 516 995 574 Verbum
1040 520 1157 588 Dei,
1192 534 1247 577 et
1284 525 1425 593 apud
1464 526 1631 581 Deum
1663 540 1844 600 esset,

280 617 333 663 et
365 607 508 665 Deus
549 620 695 665 esset
744 610 1003 677 Verbum,
1036 611 1187 667 Patri
1217 615 1269 668 in
1294 616 1543 673 omnibus
1574 620 1848 675 ministra-

279 699 374 753 vit.
425 698 619 755 Omnia
662 701 800 756 enim
843 719 936 770 per
962 704 1132 772 ipsum
1151 706 1293 774 facta
1320 720 1463 775 sunt,
1499 710 1555 765 ld
1600 722 1705 777 est,
1739 729 1846 769 non

278 789 449 844 solum
478 800 762 856 creaturae,
784 792 878 848 sed
906 793 1062 849 etlex
1085 804 1141 850 et
1171 797 1499 865 prophetae.»
1528 801 1677 857 Unde
1704 813 1849 863 tomo

278 897 345 938 xx
380 883 433 935 in
472 882 662 949 Joan.,
686 900 836 940 num.
872 885 922 951 7,
970 888 1144 957 ipsum
1175 891 1388 960 quidem
1428 893 1702 967 αὐτόπτην
1731 911 1851 951 esse

279 975 355 1029 ait
382 989 570 1029 eorum
594 990 712 1046 quae
750 987 877 1032 sunt
901 978 954 1033 in
980 979 1178 1048 Patre;
1210 983 1434 1054 angelos
1458 994 1636 1040 autem
1668 988 1851 1045 videre

278 1070 477 1121 eadem
502 1082 601 1136 per
628 1069 824 1137 ipsum,
859 1058 1117 1145 tanquam
1166 1089 1262 1142 per
1297 1076 1644 1132 mediatorem
1669 1088 1723 1132 et
1750 1080 1853 1135 mi-

278 1158 513 1215 niatrum
538 1201 554 1227 ,
600 1161 675 1225 ὼς
703 1162 790 1215 διὰ
822 1165 1042 1235 μεσίτου
1072 1167 1167 1220 καὶ
1196 1168 1490 1241 ὑπηρέτου.
1543 1170 1607 1225 Ει
1643 1180 1773 1225 ιοιιι.
1809 1188 1847 1235 ι.

278 1266 433 1306 num.
461 1251 550 1315 22,
582 1252 856 1309 Christum
917 1265 1143 1313 eatenus
1177 1274 1297 1315 esse
1325 1260 1641 1316 Creatorem
1674 1264 1849 1333 docet,

279 1353 546 1412 quatenus
576 1344 713 1399 dixit
744 1344 903 1401 Pater
933 1368 943 1403 :
981 1346 1109 1402 Fiat
1147 1350 1264 1415 (tua,
1300 1352 1351 1405 id
1377 1362 1478 1417 est,
1510 1363 1775 1423 quatenus
1799 1356 1851 1411 in

278 1436 528 1490 Ltcienda
552 1436 667 1492 lucc
685 1436 831 1491 Patri
851 1440 1165 1494 ministrum
1180 1457 1239 1496 se
1256 1445 1506 1511 praebuit.
1549 1444 1629 1516 (1)
1648 1445 1852 1501 Claris-

278 1527 419 1581 sime
439 1542 571 1583 vero
599 1531 928 1585 sententiam
961 1532 1102 1587 hanc
1128 1535 1401 1603 expressit
1429 1534 1523 1588 lib.
1575 1551 1629 1589 vt
1667 1550 1849 1591 contr.

279 1616 456 1682 Cels,
500 1632 648 1675 num.
698 1619 785 1674 60'
818 1640 831 1674 :
870 1621 973 1674 Τὸν
1020 1624 1118 1693 μὲν
1169 1624 1451 1697 προσεχῶς
1523 1626 1853 1701 δημιουργὸν

278 1706 417 1791 εἶναι
440 1712 531 1765 τὸν
556 1712 683 1767 Υῐὺν
707 1712 801 1765 τοῦ
826 1713 960 1767 Θεοῦ
981 1715 1170 1785 Λόγον,
1190 1717 1282 1770 καὶ
1305 1717 1543 1789 ὡσπερεὶ
1560 1720 1854 1791 αὐτουργὸν

276 1788 374 1856 τοῦ
402 1803 606 1875 κόσμου
626 1820 642 1835 ο
670 1804 762 1857 τὸν
780 1804 837 1858 δὲ
858 1805 1076 1878 Πατέρα
1106 1807 1199 1862 τοῦ
1232 1788 1529 1881 Λόγου,
1555 1788 1853 1881 προστετα-
1886 1790 1927 1844 Β

277 1892 432 1963 χέναι
461 1893 538 1963 τῷ
563 1894 677 1965 Υἱῷ
703 1896 895 1949 ἑαυτοῦ
916 1897 1075 1968 Λόγῳ
1100 1898 1325 1968 ποιῆσαι
1352 1899 1446 1953 τὸν
1476 1900 1696 1972 κόσμον,
1717 1898 1853 1955 εἶναι

279 1983 514 2055 πρώτως
538 1984 887 2058 δημιουργόν.
916 1986 1034 2044 Jam
1068 2004 1196 2060 ergo
1231 1992 1399 2060 liquet
1448 2008 1555 2062 quo
1583 2008 1742 2048 sensu
1772 1995 1855 2049 di-

279 2077 425 2131 xerit
455 2077 508 2129 in
540 2074 744 2131 Catena
767 2078 1067 2136 Baltasaris
1090 2080 1335 2137 Corderii
1365 2083 1421 2137 in
1445 2083 1607 2138 Joan.
1642 2085 1706 2139 ad
1732 2101 1849 2156 cap.

283 2185 328 2233 ι,
389 2169 414 2221 1
460 2169 527 2239 (si
580 2172 737 2226 modo
784 2170 847 2227 ea'
908 2188 1036 2229 vere
1075 2185 1201 2230 sunt
1244 2173 1518 2247 Origcnis,
1566 2187 1621 2232 et
1654 2178 1855 2248 aliquid

284 2260 605 2317 Catenarum
633 2266 940 2322 auctoritati
978 2266 1319 2321 tribuendum
1343 2267 1448 2335 est)
1475 2287 1486 2322 :
1513 2270 1855 2340 Δημιουργὸν

287 2351 396 2408 τῶν
420 2355 634 2408 πάντων
657 2354 937 2425 τιθέμενος
952 2357 1135 2423 αὐτὸν,
1154 2358 1214 2410 τὸ
1233 2357 1328 2412 τοῦ
1346 2358 1518 2425 Λόγου
1536 2358 1707 2430 ὄνομα
1726 2377 1856 2416 κατ-

276 2446 473 2516 ηγορεῖ
522 2445 707 2501 αὑτοῦ.
751 2465 770 2498 t
806 2446 1062 2517 Opiﬁcem
1105 2464 1281 2503 rerum
1323 2450 1563 2504 omnium
1614 2460 1854 2505 statuens

280 2535 481 2605 ipsum,
518 2536 678 2592 Verbi
705 2540 924 2594 nomine
949 2543 1119 2610 ipsum
1150 2541 1351 2608 allicit;
1385 2560 1405 2594 ι
1434 2542 1523 2597 ubi
1552 2550 1605 2595 et
1628 2543 1854 2615 ποιητὴν

278 2627 388 2683 τῶν
414 2628 631 2683 πάντων
660 2630 932 2700 appellat:
962 2641 1016 2686 et
1047 2632 1124 2686 ait
1154 2633 1315 2702 paulo
1361 2644 1483 2703 post
1513 2653 1527 2689 :
1567 2635 1692 2699 Πῶς
1745 2636 1854 2709 γὰρ

276 2719 379 2772 οὐκ
407 2720 510 2773 ἔδει
539 2722 701 2775 αὐτὸν
741 2718 879 2775 εἶναι
909 2723 1019 2793 πρὸ
1076 2724 1317 2790 πάντων,
1350 2727 1444 2780 καὶ
1496 2729 1553 2781 ὲν
1584 2729 1724 2799 ἀρχῇ
1758 2730 1855 2798 τῆς

276 2810 565 2881 ὑπάρξεως
594 2810 770 2864 αὐτῶν
788 2811 1012 2882 κτίστην
1034 2812 1193 2877 ὄντας
1226 2832 1244 2864 ι
1275 2812 1556 2880 Quomodo
1582 2817 1725 2869 enim
1750 2832 1853 2869 non

278 2903 572 2971 oportebat
598 2917 717 2957 esse
742 2903 915 2971 ipsum
949 2915 1075 2957 ante
1100 2905 1301 2967 otnnia,
1348 2916 1402 2960 et
1454 2920 1575 2960 cum
1618 2906 1851 2974 primum

275 3012 335 3047 es
345 3009 405 3048 se
420 3006 713 3061 creperum,
731 2994 820 3062 qui
842 3009 1026 3049 eorum
1043 2994 1271 3049 Creator
1287 2996 1409 3050 est?
1430 3016 1447 3047 ι
1469 3009 1523 3050 et
1553 3012 1671 3051 mox
1694 3013 1708 3050 :
1727 2998 1854 3050 Ὅτε

273 3085 336 3139 δὲ
376 3085 718 3157 ἐδημιούργει
744 3087 823 3149 είς
855 3085 1039 3141 οὐσίαν
1077 3085 1238 3156 ἔφερε
1263 3086 1331 3140 τὰ
1361 3087 1557 3153 πάντα,
1588 3088 1680 3141 καὶ
1716 3087 1854 3159 πρὸς

355 3204 401 3236 ’⁸
431 3201 607 3257 Galat.
637 3218 716 3267 ιιι,
759 3202 847 3259 19.

1949 542 2154 602 partes,
2170 535 2379 589 cunctis
2395 534 2665 604 praebebat
2683 542 2739 588 ut
2754 542 2957 598 essent,
2974 544 3027 590 et
3042 545 3154 589 erat
3171 537 3309 604 apud
3330 537 3520 601 Deum,

1950 631 2004 677 et
2030 622 2168 677 Deus
2212 634 2361 688 erat;
2394 643 2414 675 ι
2459 633 2511 679 et
2530 624 2761 693 denique
2791 641 2804 676 :
2835 624 2972 676 Ἀλλ’
3007 626 3104 695 οὐχ
3132 626 3159 677 ὁ
3190 625 3521 701 δημιουργὸς

1949 712 2039 766 τοῦ
2058 713 2255 778 παντὸς
2276 713 2535 779 τοιοῦτος,
2555 715 2835 784 τυγχάνων
2852 714 2980 778 Θεὸς
2998 716 3164 783 Λόγος
3183 718 3300 771 κατ’
3313 718 3519 772 οὐσίανσ

1949 803 2028 856 διὸ
2057 805 2148 857 καὶ
2173 803 2358 872 Σοφία,
2383 806 2477 858 καὶ
2510 804 2755 875 Ἀλήθεια
2783 806 2838 857 ὲν
2869 808 2987 869 ταῖς
3016 805 3311 875 θεολογίαις
3335 809 3525 880 ὀνομά-

1951 893 2119 958 ζεται.
2159 914 2177 947 ι
2207 897 2277 949 At
2309 911 2415 950 non
2464 896 2539 950 ita
2595 912 2777 950 rerum
2828 897 3069 968 omnium
3098 898 3393 969 [Conditor,
3429 901 3521 970 qui

1952 987 2096 1041 Deus
2126 988 2358 1043 Verbum
2385 997 2467 1044 est
2489 991 2783 1045 secundum
2810 992 3124 1047 essentiam.
3156 992 3310 1049 Unde
3338 1006 3393 1050 et
3420 997 3522 1049 Sa-

1951 1077 2153 1148 pientia
2184 1079 2506 1148 appellatur.
2533 1090 2589 1135 et
2626 1080 2861 1145 Veritas,
2885 1097 3005 1136 cum
3034 1082 3100 1138 de
3132 1083 3294 1140 rebus
3327 1086 3523 1141 divinis

1952 1168 2253 1223 disseritur.
2291 1188 2310 1221 ι
2340 1169 2469 1224 Item
2491 1170 2583 1224 lib.
2611 1186 2681 1224 vu
2705 1172 2756 1224 in
2785 1169 2953 1239 Epist.
2978 1172 3046 1225 ad
3073 1171 3248 1239 Rom.,
3282 1190 3428 1228 num.
3450 1176 3518 1231 9:

1959 1277 1978 1311 ι
2017 1259 2161 1314 Nihil
2185 1271 2267 1316 est
2294 1262 2554 1329 visibilis,
2580 1263 2696 1318 sive
2720 1263 3011 1320 invisibilis
3041 1276 3304 1321 creaturae
3326 1308 3341 1332 ,
3378 1270 3525 1337 quod

1952 1351 2088 1407 Filio
2119 1354 2285 1422 possit
2321 1354 2634 1423 aquuari:
2672 1354 2820 1410 nullo
2874 1356 3023 1411 enim
3077 1366 3238 1427 pacto
3287 1361 3524 1415 creatori

1954 1458 2052 1500 suo
2084 1456 2347 1519 creatura,
2372 1456 2545 1513 potest
2569 1445 2805 1501 conferri
2838 1467 2851 1503 :
2882 1456 2937 1502 et
2964 1448 3009 1503 si
3055 1454 3271 1504 creator
3295 1452 3407 1519 ipse
3434 1452 3527 1503 dn-

1955 1547 2113 1591 natus
2141 1547 2226 1591 est
2250 1537 2424 1600 nobis,
2452 1540 2724 1607 quomodo
2754 1556 2859 1594 non
2884 1555 3004 1594 cum
3033 1542 3147 1611 ipso
3174 1543 3327 1597 nobis
3347 1546 3524 1598 omnls

1955 1638 2201 1681 creatura
2233 1628 2557 1682 donabitur?
2582 1649 2600 1681 ›
2635 1628 2834 1684 Rerum
2855 1630 3159 1687 effectorem
3184 1633 3377 1688 Filium
3405 1650 3527 1690 esse

1957 1726 2127 1787 putat,
2154 1719 2246 1773 sed
2278 1720 2652 1773 secundarium
2681 1740 2695 1776 :
2726 1732 2779 1777 et
2802 1739 2886 1778 res
2913 1725 3131 1794 quidem
3183 1741 3419 1792 creasse,
3470 1738 3527 1783 at

1960 1807 2304 1863 instrumenti
2347 1811 2461 1864 vice
2489 1811 2837 1882 fungentem;
2868 1814 3083 1870 Patrem
3112 1831 3238 1872 vero
3294 1819 3526 1873 ενοι]ιίοο

1958 1896 2042 1952 uis
2066 1911 2346 1954 auctorem
2371 1916 2510 1967 esse,
2546 1914 2596 1956 et
2622 1905 2931 1972 primariam
2966 1922 3029 1963 ac
3050 1909 3376 1979 praecipuam
3405 1925 3528 1964 cau-

1959 2004 2077 2045 sam
2105 2009 2118 2046 :
2148 2000 2309 2058 atque
2342 1994 2410 2046 ita
2437 2009 2592 2048 suum
2619 1996 2815 2064 cuique
2837 1996 3068 2053 cilicium
3111 2002 3361 2068 partitur.
3389 2000 3527 2058 Hinc

1958 2078 2268 2138 Gennadius
2305 2083 2396 2137 lib.
2428 2084 2506 2140 De
2552 2085 2821 2156 Dogmat.,
2857 2103 2979 2159 cap.
3012 2089 3045 2143 4
3076 2106 3088 2142 z
3122 2109 3139 2142 ι
3175 2090 3317 2145 Nihil
3349 2092 3525 2148 oﬂicio

1961 2173 2259 2244 singulare,
2309 2190 2408 2229 nec
2456 2176 2613 2232 alteri
2649 2181 3104 2236 communicabile
3154 2180 3240 2241 (in
3271 2182 3529 2241 Trinitate

1960 2265 2259 2335 credamus)
2287 2276 2345 2320 ut
2374 2264 2658 2334 Origenes.
2689 2289 2708 2320 ι
2747 2270 2884 2326 Hinc
2912 2272 3073 2326 etiam
3099 2272 3360 2343 Cyriacus
3386 2274 3528 2343 apud

1961 2354 2270 2411 Simeonem
2327 2357 2744 2428 Metaphrastem
2804 2361 2944 2416 inter
2979 2362 3228 2430 dogmata
3278 2363 3529 2434 Origeni-

1959 2456 2170 2503 starum
2190 2448 2604 2506 Palaestinorum
2624 2453 2802 2507 saeculi
2833 2454 2970 2507 sesti
2996 2455 3293 2525 ponitillud
3320 2475 3332 2511 :
3365 2475 3382 2506 t
3409 2455 3531 2512 Tri-

1961 2539 2189 2597 nitatem
2225 2559 2331 2596 non
2367 2542 2535 2598 fuisse
2574 2545 2755 2597 mundi
2787 2543 3059 2612 opificem,
3103 2564 3120 2596 t
3165 2555 3218 2599 et
3267 2546 3529 2602 .lustinia--

1962 2647 2065 2688 nus
2095 2629 2381 2701 Origenem
2409 2634 2759 2701 conqueritur
2790 2634 2984 2687 Filimn
3018 2644 3071 2691 et
3114 2636 3372 2705 Spiritum
3398 2653 3528 2693 san-

1961 2736 2106 2780 ctum
2146 2724 2448 2794 appellasse
2491 2725 2836 2795 λειτουργικὰ
2865 2724 3001 2791 ζῶα,
3060 2745 3079 2778 ι
3133 2728 3528 2786 ministratoris

1961 2817 2237 2882 animalia,
2274 2836 2291 2869 ι
2322 2826 2380 2870 ιιι
2403 2832 2560 2886 supra
2589 2834 2617 2870 a
2660 2832 2744 2871 me
2771 2821 3117 2872 observatum
3148 2828 3252 2872 est.

2032 2905 2175 2961 XIV.
2202 2904 2284 2979 (2)
2318 2906 2545 2962 Easdem
2579 2917 2757 2976 partes
2787 2908 2838 2961 in
2861 2923 3039 2962 rerum
3073 2908 3352 2963 molitione
3389 2926 3523 2965 non:

1962 2996 2093 3051 nulli
2149 3012 2181 3052 e
2239 2998 2624 3053 vetustioribus
2688 2997 2937 3055 Patribus
3000 3000 3133 3055 Filio
3198 3001 3524 3056 tribuerunt.

1962 3086 2291 3159 Theophilus
2316 3089 2682 3144 Antiochenus
2706 3090 2799 3145 lib.
2831 3106 2868 3145 ιι
2907 3092 2974 3145 ad
3006 3091 3316 3162 Atttolycum
3348 3090 3528 3146 :Toiic

353 3321 434 3391 (l)
463 3319 766 3391 Clarissima
791 3336 910 3374 vero
942 3321 1256 3391 sententiam
1292 3322 1425 3375 hanc
1467 3324 1722 3391 expressit
1756 3321 1850 3376 lib.
1883 3329 1927 3387 C
1960 3323 2324 3378 vetustioribus
2359 3318 2608 3375 Patribus
2645 3318 2785 3391 Filio
2822 3319 3135 3391 tribuerunt.
3174 3319 3334 3374 Certe
3363 3334 3391 3371 a
3419 3317 3524 3373 Pa-

276 3406 336 3447 γι
354 3390 470 3445 eant
479 3407 537 3442 ra
554 3390 929 3452 Celsum,num.
950 3390 1047 3444 60:
1074 3391 1184 3445 Τόν

281 3461 514 3515 nimium
546 3464 829 3531 urgeretur
856 3460 946 3515 hic
978 3460 1152 3526 locus,
1189 3462 1315 3515 illud
1341 3460 1518 3529 potius
1545 3464 1596 3516 in
1624 3462 1855 3529 Origene

277 3532 722 3600 vituperandum
746 3540 913 3595 esset,
947 3532 1090 3600 quod
1148 3532 1200 3583 in
1235 3532 1512 3586 creatione
1564 3532 1683 3600 plus
1716 3533 1856 3587 Filio

280 3549 700 3599 \‘ttuperanuum
746 3549 913 3595 esset,
947 3549 1090 3600 quon
1148 3549 1200 3583 ιιι
1235 3549 1512 3586 creatione
1601 3549 1683 3586 Ius
1716 3549 1852 3587 ruta

280 3601 491 3655 tribuat
513 3616 674 3669 quam
696 3599 874 3655 Patri:
908 3618 1029 3671 nam
1065 3601 1205 3655 illius
1222 3603 1313 3670 qui
1349 3613 1498 3671 creat
1525 3549 1704 3671 pﬂtres
1732 3618 1852 3659 esse

280 3680 471 3738 partes
500 3672 757 3741 rvidentur
782 3671 834 3724 in
863 3670 1159 3741 creatione,
1186 3686 1347 3740 quam
1376 3670 1646 3741 illius’qui
1675 3675 1849 3727 creari

276 3742 454 3810 jubet.
486 3740 597 3795 Sed
626 3757 733 3795 non
763 3757 826 3796 ea
858 3740 958 3810 fuit
984 3738 1488 3809 Origeni‘sentcntia
1517 3761 1529 3797 :
1556 3738 1654 3799 nec
1671 3744 1735 3796 de
1754 3742 1855 3796 Pa-

285 3824 370 3866 tre
399 3812 660 3875 detrahit,
692 3826 815 3865 cum
846 3809 981 3864 Filio
1000 3812 1336 3866 creationem
1359 3812 1545 3867 mundi
1575 3814 1850 3874 attribuit;

286 3896 388 3936 nec
420 3882 487 3936 de
534 3880 692 3943 Filio,
725 3894 850 3935 cum
901 3881 1370 3951 omnipotentiam.
1435 3898 1536 3950 qua
1592 3883 1849 3937 mundum

284 3953 517 4012 creavit,
544 3950 610 4004 ad
640 3951 853 4005 Patrem
880 3950 1065 4009 refert,
1087 3961 1143 4005 ut
1167 3952 1480 4020 primarium
1514 3952 1847 4011 Creatorem.

284 4021 420 4075 Cum
454 4022 660 4075 diceret
690 4021 879 4090 Celsus
905 4020 1181 4090 indignum
1208 4038 1318 4075 esse
1346 4023 1515 4090 primo
1537 4030 1585 4075 et
1612 4023 1842 4077 maximo

289 4091 398 4144 Deo
418 4089 804 4162 jubereaFiat
839 4092 954 4162 hoc,
992 4089 1198 4160 optime
1223 4161 1226 4162 ν
1251 4089 1540 4161 respondet
1584 4091 1847 4162 Origenes

292 4162 460 4215 Deum
486 4175 602 4232 non,
627 4161 781 4215 alicui
815 4160 1059 4215 ministro
1084 4162 1149 4215 ab
1186 4161 1301 4232 ejus
1332 4160 1632 4216 substantia
1653 4160 1848 4232 alieno

292 4233 432 4284 hanc
459 4231 791 4301 provinciam
823 4231 1180 4301 commisisse,
1220 4231 1319 4285 sed
1365 4232 1584 4300 proprio
1625 4231 1762 4286 Filio
1792 4243 1849 4285 et

291 4300 499 4364 Verbo.
526 4302 614 4355 cui
645 4301 825 4355 omnia
858 4301 1096 4372 tradidit.
1132 4300 1309 4356 Locus
1348 4311 1526 4372 autem
1572 4304 1636 4356 ad
1686 4318 1845 4372 quem

292 4372 380 4425 hic
416 4372 668 4425 lectorem
700 4370 1220 4440 dimittitOrigenes,
1251 4380 1433 4425 exstat
1467 4371 1559 4427 lib.
1596 4388 1655 4433 tt.
1696 4370 1844 4428 num.

290 4444 347 4507 9,
379 4442 466 4512 ubi
502 4442 592 4512 sic
624 4441 900 4512 loquitur:
947 4442 1009 4494 Et
1047 4440 1157 4512 γὰρ
1179 4441 1478 4512 ἐνετείλατο
1507 4442 1535 4493 ό
1564 4442 1715 4507 Θεὸς,
1754 4444 1849 4498 καὶ

289 4510 514 4593 tactam}
541 4510 609 4564 τὰ
632 4510 1230 4596 δημιουργήματαίτίς
1258 4511 1321 4596 an
1358 4511 1495 4596 κατα
1526 4513 1585 4565 τὸ
1609 4513 1851 4596 ⁹ἄρεσκον

286 4580 368 4653 τῷ
397 4580 717 4653 προφητικῷ
753 4580 1028 4653 ovesea;
1063 4581 1204 4653 sine
1238 4582 1337 4653 τὴν
1392 4580 1725 4653 τηλικαύτὴν
1754 4585 1848 4638 τοῦ

287 4599 368 4652 τῳ
397 4599 438 4633 π
475 4599 717 4653 οφητικῳ
753 4599 1028 4652 ιινευματι
1063 4599 1147 4652 ειη
1176 4599 1204 4633 ο
1238 4600 1268 4634 τ
1310 4600 1337 4634 ν
1392 4599 1422 4634 τ
1465 4599 1725 4653 Αικαυτην
1754 4599 1848 4638 του

287 4599 503 4725 Πατρςς
528 4653 745 4725 ἐντολὴν
774 4651 1139 4725 ἐκπληρῶσαι,
1154 4599 1480 4725 δυνηγδεὶῶἘ
1504 4653 1550 4725 ό,
1574 4654 1658 4707 ἵνα
1680 4653 1852 4725 οὕτως

286 4720 559 4793 ὀνομάσω,
574 4720 811 4793 ἔμψυχος
827 4720 993 4792 Λόγος
1011 4724 1104 4775 καὶ
1120 4720 1341 4792 ἀλήθεια
1358 4720 1633 4793 τυγχάνων
1654 4742 1695 4789 ;‹
1720 4724 1849 4777 Nam

291 4795 335 4847 si
370 4796 641 4846 mandavit
660 4794 819 4855 Deus,
846 4805 900 4847 et
921 4794 1151 4846 condita!
1175 4794 1296 4846 sunt
1323 4805 1603 4857 creaturae,
1624 4796 1746 4864 quis
1767 4805 1851 4849 est

292 4865 385 4933 qui
417 4866 712 4918 secundum
748 4864 1044 4933 prophetici
1078 4864 1312 4932 Spiritus
1347 4866 1690 4926 sententiam,
1731 4875 1850 4918 lun-

294 4946 408 4987 tum
448 4934 756 4988 mandatum
816 4933 1119 5001 adimplere
1147 4934 1430 5002 patuisset,
1460 4947 1655 5002 przeter
1684 4950 1805 4989 eum
1830 4975 1846 4997 ,

292 5004 404 5071 qui.
436 5014 493 5057 ut
537 5006 608 5056 ita
642 5005 843 5068 dicam,
897 5001 1192 5058 animatum
1256 5001 1512 5068 Verbum,
1545 5016 1600 5059 et
1645 5008 1850 5060 veritas

292 5074 408 5129 est?
442 5093 462 5125 ι
507 5073 621 5128 Huc
656 5074 957 5145 ergoiredit
1006 5082 1117 5128 tota
1161 5072 1409 5143 Origenis
1458 5076 1847 5145 ratiocinatio:

293 5144 756 5215 Quemadmodum
780 5144 941 5199 Patre
973 5145 1250 5215 indignum
1285 5159 1389 5198 non
1412 5154 1495 5199 est
1522 5144 1659 5200 Filio
1700 5162 1851 5215 man-

294 5212 427 5269 dare
456 5222 512 5268 ut
539 5216 792 5269 mundum
827 5225 997 5279 creet,
1046 5212 1174 5283 quia
1233 5215 1482 5284 proprius
1525 5216 1642 5283 ejus
1675 5214 1849 5274 Filius

295 5297 401 5348 est,
430 5300 491 5337 ac
521 5287 792 5352 proprium
826 5285 1093 5349 Verbum;
1137 5287 1207 5340 ita
1238 5302 1336 5340 nec
1366 5284 1502 5339 Filio
1535 5286 1846 5340 indecorum

296 5354 549 5425 mandata
602 5354 775 5410 Patris
821 5370 1132 5423 capessere,
1182 5358 1309 5425 quia
1344 5355 1489 5409 nulla
1526 5372 1611 5410 res
1665 5366 1845 5411 creata

295 5424 556 5494 ejusmodi
582 5427 829 5479 mandata
860 5426 1152 5493 adimplere
1190 5424 1562 5494 potuisset.—
1586 5427 1645 5480 D.
1679 5425 1844 5480 Prud.

296 5493 482 5566 hieran
520 5494 1039 5566 Qedivinit._(.‘hristi
1075 5496 1169 5548 lib.
1193 5493 1435 5566 tv,7cap.
1468 5493 1555 5558 16,
1597 5512 1740 5550 num.
1791 5496 1845 5550 6.

298 5561 435 5619 Vale
466 5574 523 5637 et
549 5564 1195 5637 BullumMDefensxﬁdei
1249 5561 1478 5637 Nicone,
1507 5570 1571 5622 de
1623 5566 1740 5621 Filii
1770 5567 1847 5637 τῷ

298 5634 586 5707 όμοουσίῳ,
614 5634 818 5707 cap._5,
850 5650 996 5689 num.
1022 5634 1077 5698 ϐ,
1103 5643 1156 5689 et
1180 5648 1296 5703 cap.
1324 5636 1378 5707 9,
1405 5653 1553 5690 num.
1587 5637 1672 5704 tO,
1697 5634 1847 5707 cujus

300 5686 704 5760 ostendistis;
722 5686 947 5759 nam.
984 5686 1613 5773 ὲόιῆιιέιιίἕέίὶιιιίέἷὲίίιιεῖ

372 5775 449 5846 (2)
482 5774 707 5831 Easdem
743 5783 915 5845 partes
944 5774 997 5831 iu
1039 5789 1208 5831 rerum
1241 5777 1506 5834 molitione
1537 5778 1777 5834 nonnulli
1820 5798 1846 5838 e

1192 3391 1309 3459 μὲν
1323 3390 1654 3461 προσεχῶς.
1674 3401 1777 3447 etc.
1799 3392 1858 3447 Si

1968 3403 2046 3448 tre
2069 3404 2322 3462 tanquam
2355 3406 2566 3462 summo
2621 3390 2813 3460 opiﬁce
2857 3391 3009 3462 quasi
3065 3389 3383 3457 imperante,
3431 3405 3529 3459 per

1964 3459 2383 3517 FiliumiPatris
2412 3459 2713 3528 iussionem
2752 3475 2816 3514 ac
2863 3459 3191 3512 voluntatem
3224 3474 3524 3528 exsequen-

1965 3542 2096 3596 tem,
2125 3541 2308 3587 creata
2337 3531 2500 3585 fuisse
2521 3530 2725 3593 omnia,
2749 3530 2882 3582 adeo
2908 3530 3167 3583 Ariauum
3195 3544 3299 3583 non
3330 3540 3428 3591 est,
3470 3541 3528 3583 ut

1961 3604 2127 3656 etiam
2163 3601 2411 3656 catholici
2442 3602 2694 3655 doctores
2739 3599 2833 3667 qui
2863 3607 2982 3667 post
3017 3597 3303 3651 concilium
3358 3599 3526 3652 Nice-

1961 3688 2089 3727 num
2116 3671 2388 3733 vixerunt,
2414 3672 2619 3739 quique
2644 3669 2855 3722 Ariame
2888 3668 3114 3739 hmresis
3141 3668 3390 3739 acerrimi
3427 3670 3524 3721 im-

1960 3752 2290 3811 pugnatores
2313 3736 2481 3801 fuere,
2509 3736 2705 3811 passim
2743 3738 2956 3811 illud‘in
3005 3739 3225 3811 scriptis
3253 3736 3525 3811 οων-φατε

1960 3806 2065 3866 ιιυῆ
2094 3813 2205 3865 sint
2238 3811 2417 3865 veriti.
2438 3806 2766 3863 Athanasius
2802 3810 2854 3862 in
2883 3808 2973 3861 lib.
3014 3807 3089 3860 De
3108 3806 3324 3861 decretis
3351 3806 3525 3861 Nico:-

1957 3899 2038 3935 nte
2062 3882 2269 3952 synodi,
2305 3882 2416 3935 [nec
2446 3883 2512 3934 de
2542 3879 2745 3952 psalmo
2766 3892 2996 3952 XXXllit
3025 3876 3143 3946 lpse
3166 3879 3443 3952 mandavit
3471 3888 3525 3933 et

1959 3946 2143 4007 creata
2172 3962 2317 4013 sunt,
2350 3968 2369 4001 ι
2414 3946 2637 4019 exponit
2684 3949 2796 4019 sic.
2823 3958 2882 4019 ut
2928 3946 3145 4019 Patrem
3203 3948 3335 4019 Filio
3366 3964 3521 4019 man-

1952 4024 2109 4075 dasse
2135 4021 2296 4075 velit:
2340 4016 2629 4083 Ἐνόξὲστι
2668 4016 2821 4090 Θεοῦ,
2856 4017 2931 4080 ὡς
2970 4017 3421 4090 χειρὶλχρωμένγου
3446 4018 3521 4089 τῷ

1954 4091 2068 4162 ίδίῳ
2097 4092 2399 4164 Λόγῳε-καὶ
2423 4094 2479 4143 ὲν
2511 4089 2656 4164 αὑτῴ
2674 4088 2949 4153 ποιοῦντος
2969 4088 3035 4164 ait
3058 4088 3254 4142 πάντα.
3294 4106 3312 4139 ι
3350 4088 3521 4164 Unius

1952 4159 2079 4217 sunt
2120 4159 2237 4225 Det,
2282 4162 2472 4230 inquit,
2511 4159 2682 4213 Verbo
2725 4174 2821 4214 suo
2876 4160 3246 4230 quasLmauu
3273 4159 3520 4230 propria

1954 4232 2176 4295 utentis,
2202 4242 2259 4285 et
2294 4228 2434 4283 iit-eo
2466 4230 2646 4283 omnia
2680 4230 2952 4284 facientis.
2988 4248 3007 4280 ι
3039 4228 3242 4284 Eodem
3271 4229 3411 4281 libro
3439 4230 3521 4282 in-

1952 4301 2034 4355 fra
2068 4320 2123 4356 :t
2162 4302 2374 4356 Etenim
2400 4301 2568 4355 Filius
2604 4299 2720 4364 Dei,
2753 4300 2946 4368 inquit,
2976 4310 3034 4352 ut
3083 4314 3149 4353 ex
3188 4299 3320 4368 ipsis
3372 4297 3522 4351 Scri-

1956 4373 2130 4441 pturis
2159 4382 2327 4441 patet,
2358 4373 2471 4441 ipse
2493 4382 2576 4423 est
2607 4370 2697 4422 Dei
2737 4367 3007 4441 Verbum,
3045 4379 3099 4423 et
3152 4367 3439 4441 sapientia,
3468 4380 3523 4423 ct

1958 4438 2245 4512 ilttago,’et
2277 4438 2485 4499 manus,
2520 4452 2576 4493 et
2615 4441 2806 4512 virtus.
2831 4458 2862 4512 _t
2905 4438 3002 4493 Ubi
3045 4455 3161 4512 non
3191 4439 3370 4512 minus
3396 4451 3520 4507 apte

1887 4501 1930 4558 Β
1957 4501 2156 4565 Filium
2217 4521 2373 4567 vocat
2430 4526 2644 4562 manum
2688 4510 2890 4571 Patris,
2931 4524 3091 4578 quam
3122 4508 3360 4563 Ecclesia
3396 4501 3518 4563 eum

1954 4583 2187 4651 appellat
2216 4582 2492 4634 Dexteram
2544 4580 2658 4651 Dei,
2684 4589 2739 4651 et
2777 4579 3043 4651 Spiritum
3070 4581 3519 4651 sanctumnomi-

1956 4648 2051 4705 nat
2082 4650 2317 4721 Digitum
2358 4653 2555 4721 deaftrte
2584 4650 2713 4721 ‘Dei,
2774 4649 2827 4701 in
2854 4648 2954 4721 illo
2983 4649 3188 4721 hymno
3208 4648 3519 4721 celebratis.

1954 4724 2093 4775 simo
2119 4716 2307 4776 {Veni
2342 4720 2557 4772 Creator
2574 4717 2821 4787 Spiritus.
2842 4716 3146 4773 Orientales
3179 4719 3230 4771 iu
3259 4716 3516 4788 Exemplo

1951 4792 2076 4859 ﬁdei
2098 4800 2289 4846 contra
2316 4789 2602 4844 Photiuum
2626 4789 2983 4859 luerelicum:
3029 4808 3049 4840 ι
3088 4788 3153 4842 Et
3186 4791 3402 4854 iterum,
3438 4790 3519 4841 in-

1951 4858 2163 4932 quiunt,
2192 4860 2576 4932 continuantes
2610 4858 3011 4932 Christianismi
3059 4858 3515 4932 intellectum__di-

1952 4928 2169 4986 ciznus:
2208 4929 2477 4997 Quoniam
2525 4929 2567 4983 sl
2606 4929 2729 4999 quis
2779 4931 3051 4984 Christum
3113 4931 3278 4983 Deum
3316 4928 3514 4999 Filium

1954 5002 2045 5057 Dei
2076 5011 2205 5055 ante
2234 5000 2426 5055 saecula
2457 4996 2846 5053 subsistentem
2875 5009 2930 5054 et
2974 5000 3374 5054 ministrantem
3413 4996 3516 5050 Pa-

1952 5072 2021 5126 tri
2045 5073 2110 5126 ad
2141 5072 2383 5126 omnium
2423 5069 2810 5139 perfectionem
2847 5086 2949 5123 non
2981 5072 3159 5135 dicat;
3190 5068 3284 5121 scd
3313 5081 3376 5139 es
3411 5083 3517 5136 quo

1950 5143 2017 5197 de
2049 5143 2219 5199 Maria
2275 5137 2436 5195 natus
2478 5150 2582 5205 est,
2611 5156 2675 5194 ex
2725 5154 2790 5193 eo
2821 5151 2873 5194 et
2908 5141 3179 5194 Christum
3215 5151 3268 5193 et
3320 5137 3514 5192 Filium

1949 5215 2285 5267 nominatum
2314 5226 2455 5278 esse,
2501 5222 2554 5266 et
2586 5211 2800 5265 initium
2857 5212 3133 5279 accepisse
3162 5219 3219 5262 ut
3269 5210 3340 5262 sit
3371 5210 3515 5267 Deus

1948 5284 2113 5348 dicat,
2166 5284 2455 5337 anathema
2487 5284 2577 5337 sit.
2632 5302 2651 5335 ι
2716 5280 2915 5336 Marius
2954 5282 3085 5336 item
3136 5280 3319 5335 Victor
3371 5279 3514 5336 libro

1949 5356 2120 5422 primo
2145 5354 2221 5408 De
2246 5369 2415 5408 rerum
2445 5354 2708 5407 creatione
2738 5369 2757 5406 .-

2018 5423 2151 5546 gitti!
2188 5426 2470 5479 mandante
2498 5423 2606 5475 Deo
2636 5439 2753 5477 cum
2780 5423 2963 5495 plenus
3001 5433 3169 5478 mente
3199 5422 3441 5477 Parentis

2070 5495 2190 5546 ilius
2218 5497 2537 5546 omnipotens
2563 5492 2775 5546 faceret.

2070 5495 2190 5548 ilius
2218 5497 2537 5563 omnipotens
2562 5492 2775 5561 faceret.

2019 5564 2220 5621 Eodem
2245 5576 2492 5634 spectant
2520 5576 2573 5616 et
2620 5564 2704 5616 illa
2748 5564 2996 5634 Prosperi
3034 5566 3085 5617 in
3118 5563 3506 5617 Commentario

1946 5639 2015 5691 ad
2059 5633 2317 5705 psalmum
2388 5650 2631 5689 cxcvm:
2690 5651 2707 5683 ι
2743 5633 2861 5705 Ipse
2922 5636 3195 5688 mandavit
3223 5645 3505 5705 et_t-re:tt:t

1947 5702 2110 5763 sunt:
2141 5707 2292 5773 Quod
2320 5708 2455 5761 enim
2474 5705 2612 5758 Deus
2635 5702 2791 5767 dicit,
2826 5702 2985 5758 Verbo
3009 5707 3173 5762 dicit:
3204 5714 3251 5757 et
3291 5703 3508 5757 l'erbttm

1945 5794 2037 5849 per
2069 5779 2207 5849 quod
2238 5777 2377 5851 [acta
2403 5786 2522 5833 sunt
2546 5774 2745 5843 omnia,
2777 5778 3086 5833 mandatum
3113 5776 3330 5831 dicentis
3360 5790 3507 5829 cxso-
