4020 6306
518 356 626 412 759

1797 346 1858 402 P.
1903 340 2222 400 DAMELIS
2262 336 2496 396 HUETll

3649 326 3745 382 760

513 497 608 533 τον
641 478 732 532 τὸν
761 475 932 545 Λόγον
970 474 1128 546 ἔσχεν
1157 471 1204 542 (ὁ
1239 468 1396 541 Θεὸς)
1428 468 1700 541 ὑπουργὸν
1742 469 1850 521 τῶν
1881 467 1970 520 ὑπ’
1993 466 2090 519 αὐ-

2213 463 2384 516 untati
2417 457 2649 514 servire.
2685 474 2702 504 ι
2739 452 2978 508 lrcnmus
2999 446 3092 502 lib.
3135 461 3215 511 ιιι,
3243 461 3360 517 cap.
3393 444 3425 498 8
3459 463 3472 500 :
3510 462 3528 495 ‹
3554 443 3642 500 Cui
3665 462 3746 502 er.

515 573 608 626 τοῦ
639 567 1040 641 γεγενημένων,
1059 565 1152 619 καὶ
1177 563 1243 616 δι’
1274 561 1436 616 αὐτοῦ
1465 563 1532 614 τὰ
1558 561 1736 616 πάντα
1765 560 2079 634 πεποίηκεν.

521 683 539 713 ς
574 663 686 718 Hoc
738 659 976 715 Verbum
1031 655 1220 710 habuit
1253 655 1440 724 (Deus)
1494 654 1799 708 ministrum
1858 667 2084 722 operum

515 767 760 816 suorum,
795 763 851 806 et
877 750 1056 802 omnia
1085 763 1181 819 per
1213 749 1386 816 ipsum
1416 745 1563 800 fecit.
1599 764 1617 795 ι
1651 743 1787 798 Tum
1820 743 2088 798 inferius:

527 844 716 898 Ὁπότε
743 841 799 894 δὲ
820 839 1074 910 ἐθέλησεν
1106 839 1134 891 ὁ
1165 836 1295 900 Θεὸς
1322 835 1545 905 ποιῆσαι
1577 834 1676 887 ὅσα
1713 831 2090 898 ἐϐουλεύσατο,

517 932 704 986 τοῦτον
729 930 818 984 τὸν
843 930 1012 998 Λόγον
1037 927 1295 997 ἐγέννησε
1325 925 1674 997 προφορικόν.
1698 943 1717 975 ι
1741 924 1966 991 Quando
1997 939 2095 978 au-

519 1035 624 1078 tem
668 1022 840 1077 voluit
880 1022 1019 1075 Deus
1056 1019 1241 1073 facere
1275 1032 1617 1086 quaecunque
1666 1015 2090 1080 deliberaverat,

521 1119 622 1171 hoc
659 1113 896 1168 Verbum
946 1114 1133 1183 genuit
1183 1111 1547 1181 prolatitium.
1576 1128 1594 1160 ι
1635 1109 1699 1164 Ει
1730 1107 1892 1176 paulo
1922 1117 2042 1178 post
2075 1124 2092 1162 :

518 1207 650 1272 Θεὸς
676 1201 773 1261 οὖν
799 1204 875 1258 ὢν
900 1205 928 1257 ὁ
957 1204 1148 1273 Λόγος,
1178 1205 1271 1258 καὶ
1304 1205 1367 1256 ἐκ
1409 1200 1542 1254 Θεοῦ
1583 1199 1864 1270 πεφυκὼς,
1895 1200 2096 1254 ὁπόταν

521 1299 824 1372 βούληταιὸ
854 1299 1044 1371 Πατὴρ
1081 1297 1189 1350 τῶν
1217 1297 1376 1359 ὅλων,
1408 1293 1620 1363 πέμπει
1668 1293 1830 1346 αὐτὸν
1861 1291 1942 1355 εἷς
1978 1309 2099 1345 τινα

519 1391 705 1447 τόπον.
740 1407 758 1441 ι
786 1389 920 1445 Cum
975 1405 1106 1460 ergo
1171 1387 1313 1442 Deus
1352 1387 1421 1441 sit
1456 1383 1719 1447 Verbum,
1761 1393 1816 1439 et
1865 1399 1932 1438 ex
1988 1383 2099 1438 Deo

520 1489 845 1550 prognatus,
875 1478 1314 1550 quotiescunque
1355 1477 1467 1530 vult
1495 1476 1658 1532 Pater
1690 1477 2098 1542 universorum,

522 1571 694 1625 mittit
721 1585 844 1624 eum
887 1571 939 1624 in
981 1571 1156 1626 locum
1211 1571 1472 1640 aliquem.
1498 1588 1518 1622 ι
1551 1568 1798 1624 Justinus
1859 1568 1911 1621 in
1971 1566 2101 1620 Dia-

523 1661 639 1730 Iogo
686 1677 804 1714 cum
839 1659 1110 1729 Tryphone
1141 1678 1160 1714 :
1188 1651 1356 1724 Οὗτος
1395 1662 1425 1713 ὁ
1455 1659 1639 1728 ὀφθεὶς
1672 1662 1786 1724 τοῖς
1819 1659 2102 1732 ’πατριάρ-

521 1770 647 1823 χαις
680 1752 965 1822 λεγόμενος
987 1751 1137 1816 Θεὸς,
1176 1751 1269 1806 καὶ
1298 1750 1562 1819 Ἀγγελος
1589 1753 1683 1804 καὶ
1715 1751 1917 1824 Κύριος
1945 1752 2099 1820 λέγε-

2197 572 2265 628 go
2297 549 2586 624 praicepitl
2621 546 2796 602 Verbo
2822 543 3053 606 scilicet,
3086 556 3183 608 per
3215 539 3384 628 quod.
3415 537 3608 604 inquit,
3634 538 3748 593 celi

2191 627 2390 703 firmati
2425 650 2584 706 sunt;
2617 659 2636 692 ι
2663 646 2718 693 et.
2744 636 2842 691 lib.
2875 649 2952 694 tv.
2981 648 3100 703 cap.
3134 631 3198 684 Π
3231 646 3245 683 :
3281 649 3299 680 ι
3331 627 3598 682 Ministrat
3621 629 3749 682 enim

2191 739 2240 794 ei
2266 736 2465 805 (Patri)
2498 733 2563 788 ad
2594 730 2774 786 omnia
2808 742 2904 783 sua
2939 725 3254 797 progenies,
3280 733 3336 777 et
3369 721 3616 788 figuratio
3642 736 3749 786 sua,

2195 830 2247 884 id
2311 837 2394 882 est
2457 825 2626 881 Filius
2668 829 2724 876 et
2748 818 2982 889 Spiritus
3018 827 3260 877 sanctus,
3301 811 3538 868 Ve’rbum
3565 819 3618 866 et
3661 812 3752 866 Sa-

2194 923 2395 994 pientia
2423 959 2438 986 ,
2478 919 2678 988 quibus
2715 913 2956 968 serviunt
3017 921 3072 965 et
3119 905 3345 975 subjecti
3399 913 3527 960 sunt
3583 919 3756 959 omnes

2202 1012 2400 1084 angeli.
2433 1029 2452 1063 ι
2493 1005 2742 1077 Episcopi
2798 1019 2893 1058 sex
2943 1001 3295 1076 Antiocheam
3345 997 3542 1067 synodi
3565 995 3617 1048 in
3651 995 3756 1064 epi-

2198 1105 2337 1162 stola
2371 1103 2436 1158 ad
2466 1100 2692 1156 Paulum
2735 1097 3152 1152 Samosatenum
3205 1099 3498 1158 antequam
3541 1088 3758 1156 depone-

2197 1205 2348 1250 retur
2374 1209 2388 1246 :
2419 1193 2618 1247 Τοῦτον
2638 1190 2732 1244 τὸν
2756 1188 2886 1242 Υἰὸν
2915 1183 3246 1255 πιστεύομεν
3274 1184 3373 1236 σὺν
3396 1179 3476 1252 τῷ
3495 1179 3664 1251 ﬂat-pl
3682 1178 3760 1232 ἀεὶ

2197 1289 2326 1342 ὄντα
2352 1282 2836 1355 ὲκπεπληρωκέναι
2862 1279 2923 1332 τὸ
2956 1277 3217 1349 πατρικὸν
3245 1274 3492 1345 βούλημα
3516 1273 3646 1345 πρὸς
3674 1271 3761 1344 τὴν

2203 1379 2380 1433 κτίσιν
2401 1377 2508 1432 τῶν
2539 1376 2697 1430 ὅλων.
2741 1392 2760 1424 ι
2789 1373 2943 1426 Hunc
2983 1367 3228 1441 (Filium)
3265 1367 3540 1421 credimus
3566 1379 3763 1435 semper

2210 1471 2569 1526 exsistentem
2615 1481 2738 1522 cum
2805 1463 2967 1518 Patre
3008 1460 3314 1531 implevisse
3353 1459 3638 1514 Paterttam
3677 1474 3762 1514 vo-

2203 1562 2469 1618 luntatem
2499 1561 2566 1617 ad
2607 1557 2942 1615 creationem
2990 1556 3391 1608 universorum.
3417 1571 3437 1603 ι
3493 1552 3662 1621 Atque
3701 1567 3760 1607 ex

2203 1657 2306 1711 hoc
2341 1657 2589 1726 dogmate
2635 1650 2982 1706 occasionem
3033 1649 3284 1702 videntur
3315 1647 3575 1702 habuisse
3617 1646 3763 1699 Arius

2203 1759 2257 1802 et
2283 1749 2490 1811 Aetius,
2517 1762 2616 1801 cur
2663 1743 2964 1799 creationis
2997 1756 3176 1796 rerum
3209 1740 3425 1793 Patrem
3467 1737 3762 1805 primariam

520 1863 634 1909 ται,
665 1845 752 1898 ἵνα
783 1845 877 1898 καὶ
902 1845 965 1898 ὲκ
990 1844 1194 1898 τούτων
1229 1843 1496 1912 ἐπιγνῶτε
1529 1843 1692 1897 αὐτὸν
1725 1844 2103 1916 ὑπηρετοῦντα

2208 1854 2323 1895 esse
2369 1851 2612 1901 causam,
2651 1835 3070 1889 instrumentum
3123 1846 3252 1883 vero
3295 1829 3494 1884 Filium
3541 1827 3762 1889 arbitra.

521 1936 600 2008 τῷ
625 1937 734 1991 τῶν
767 1938 901 1991 ὅλων
933 1937 1126 2008 Πατρί.
1153 1955 1172 1986 ι
1201 1936 1303 1990 Iste
1337 1935 1426 2004 qui
1459 1936 1785 2006 patriarchis
1820 1937 1968 1990 visus
1994 1945 2098 2000 est,

521 2037 577 2081 et
631 2027 829 2082 dicitur
883 2028 1042 2091 Deus,
1076 2035 1130 2079 et
1161 2024 1420 2095 Angelus,
1460 2036 1516 2079 et
1549 2024 1808 2078 Dominus
1864 2024 2101 2092 appella-

525 2132 654 2186 tur;
684 2129 743 2174 nt
768 2135 832 2173 ex
858 2119 940 2174 his
958 2134 1172 2190 quoque
1191 2115 1502 2187 intelligatis
1521 2116 1694 2186 ipsum
1720 2115 1866 2170 Patri
1887 2117 2100 2170 univer-

523 2224 706 2263 Sorum
733 2209 1071 2274 ministrare;
1099 2227 1118 2260 ι
1160 2217 1214 2263 et
1252 2207 1359 2263 alio
1384 2206 1500 2261 loco
1533 2224 1546 2258 :
1575 2206 1654 2259 Δι’
1696 2200 1772 2262 ὧν
1821 2207 2097 2261 ἀποδέδει-

522 2319 648 2356 κται
669 2301 774 2356 ὑπὸ
799 2301 876 2373 τῷ
904 2301 1076 2372 ﬂat-pi
1091 2300 1184 2354 καὶ
1207 2300 1398 2371 Κυρίῳ
1420 2299 1772 2370 τεταγμένος,
1791 2300 1882 2352 καὶ
1903 2300 2103 2371 ὑπηρε-

523 2392 630 2445 τῶν
658 2395 723 2464 τῇ
761 2391 922 2464 βουλῇ
971 2391 1160 2449 αὐτοῦ.
1207 2410 1227 2443 ‹
1253 2391 1355 2446 Per
1383 2406 1501 2460 quae
1553 2391 1984 2446 demonstratum
2015 2402 2099 2447 est

524 2483 669 2538 Patri
710 2493 764 2538 et
796 2484 1025 2540 Domino
1059 2481 1366 2552 subjectum
1396 2499 1518 2540 esse
1546 2483 1742 2553 ipsum,
1776 2497 1840 2538 ac
1871 2483 1987 2552 ejus
2008 2499 2100 2540 vo-

525 2664 726 2732 quitur.
774 2680 792 2710 ι
827 2660 1198 2730 Scriptor-ibus
1223 2659 1500 2732 illisilihft
1533 2661 1621 2713 hic.
1645 2675 1809 2714 unum
1837 2659 2101 2713 llilarium

527 2730 842 2801 adiungere,
867 2734 958 2800 qui
996 2733 1047 2785 in
1076 2733 1214 2801 libro
1245 2747 1298 2784 tv
1325 2731 1395 2783 De
1427 2730 1684 2784 Trinitate
1710 2746 1876 2801 agens
1900 2734 1966 2785 de
1989 2746 2103 2784 ver-

527 2799 614 2857 bis
639 2799 747 2854 illis
775 2799 976 2855 Cenes.
1006 2817 1019 2854 ι
1052 2821 1065 2855 :
1120 2819 1138 2853 ι
1175 2799 1464 2855 Faciamus
1497 2799 1768 2855 hominem
1809 2800 1874 2855 ad
1911 2801 2104 2869 imagi-

531 2885 656 2925 nem
699 2881 960 2927 nostram.
993 2889 1012 2922 ι
1053 2881 1186 2934 etc.,
1225 2872 1304 2925 sic
1334 2870 1618 2938 loquitur:
1657 2889 1674 2921 ι
1713 2869 1816 2924 Per
1868 2871 1921 2925 id
1960 2871 2103 2938 quod

530 2942 734 2995 dictum
765 2951 871 3003 est,
902 2939 1193 2995 Faciamus
1220 2940 1503 3003 hominem,
1528 2955 1593 2993 ex
1625 2954 1690 2993 eo
1721 2940 1877 3006 origo
1909 2951 2014 3006 est,
2036 2956 2103 2994 ex

529 3025 638 3078 quo
667 3012 808 3080 capit
835 3023 886 3064 et
917 3024 1128 3065 sermo:
1154 3011 1206 3064 in
1229 3023 1294 3064 eo
1320 3025 1449 3064 vero
1473 3011 1615 3079 quod
1650 3010 1790 3064 Deus
1810 3012 1876 3065 ad
1910 3011 2107 3080 imagi-

529 3095 654 3137 nem
671 3081 761 3135 Dei
783 3081 913 3135 facit
929 3082 1224 3143 hominem,
1245 3081 1586 3152 signiﬁcatur
1598 3082 1762 3135 etiam
1778 3081 1824 3135 is
1838 3095 1933 3150 per
1945 3096 2104 3152 quem

531 3161 942 3225 consummatur
971 3152 1235 3225 operatio.
1263 3150 1356 3225 iEt
1379 3151 1538 3219 paulo
1567 3161 1686 3220 post
1716 3168 1729 3204 :
1761 3171 1780 3202 ο
1803 3152 1857 3225 In
1877 3166 1943 3206 eo
1963 3150 2104 3220 quod
2134 3165 2179 3225 ο

532 3221 752 3292 dicitur,
788 3219 1097 3284 Faciamus,
1124 3232 1181 3277 et
1201 3223 1376 3292 jussio
1409 3219 1729 3292 exsequatur
1753 3231 1804 3275 et
1825 3219 2056 3275 factum.
2083 3238 2102 3272 ι

531 3291 599 3348 Et
627 3307 751 3345 mox
775 3293 965 3345 iterum
989 3294 1056 3348 de
1083 3292 1360 3362 Sapientia
1398 3292 1512 3345 sive
1542 3291 1680 3345 Filio
1708 3291 1801 3345 Dei
1831 3291 1976 3345 Patri
1992 3305 2108 3362 suo

535 3363 874 3430 aggaudeute
893 3365 943 3416 in
967 3361 1262 3418 creatiOnis
1281 3362 1557 3432 operibus,
1579 3362 1690 3415 lthC
1711 3362 1907 3416 habet:
1935 3379 1954 3413 ι
1978 3361 2113 3416 Cau-

533 3446 649 3504 sam
666 3433 858 3504 laetitiae
873 3449 982 3488 suae
1000 3433 1276 3504 Sapientia
1296 3434 1508 3504 docuit:
1532 3432 1813 3504 laetabatur
1839 3441 2020 3504 autem
2041 3432 2111 3486 ob

533 3501 772 3558 laetitiam
791 3501 984 3574 Patris
1021 3501 1426 3574 in'perfectione
1453 3502 1636 3574 mundi
1682 3511 1762 3574 et_
1770 3501 1822 3556 in
1844 3501 2112 3574 ililiis_ho-

532 3574 738 3644 mitium
791 3572 1039 3628 lzetanlis.
1086 3569 1357 3644 Scriptum
1389 3572 1647 3644 est_enim
1673 3585 1687 3625 :
1714 3569 1930 3644 Etvidit
1973 3571 2110 3626 Deus

535 3643 662 3712 quia
702 3644 836 3696 bona
887 3655 1006 3698 sunt
1041 3641 1270 3713 (Gem't.
1313 3643 1425 3704 l0).
1473 3641 1900 3713 PlacereuPatri
1945 3655 2110 3713 opera

540 3711 638 3784 sua
674 3716 889 3784 gaudet.
919 3729 1016 3784 per
1039 3711 1098 3768 se
1127 3729 1189 3768 ex
1216 3723 1484 3784 praecepto
1515 3713 1631 3783 ejus
1668 3711 1879 3766 effecta.
1913 3731 1934 3764 ι
1965 3711 2110 3766 Sane

542 3783 588 3834 si
626 3782 671 3836 is
699 3783 789 3850 qui
821 3782 1018 3838 dixerit
1055 3782 1295 3844 Patrem.
1326 3782 1430 3852 qua
1465 3782 1628 3838 Pater
1656 3793 1758 3845 est,
1795 3784 2109 3852 primarium

538 3866 659 3907 esse
697 3855 877 3907 mundi
911 3853 1184 3922 opiﬁcem,
1218 3856 1306 3923 qui
1347 3855 1462 3907 haec
1501 3853 1751 3908 universa
1795 3868 1889 3922 per
1915 3852 2108 3923 Filium

540 3938 698 3976 suum
728 3921 1053 3987 condiderit,
1090 3940 1208 3991 pro.
1229 3921 1430 3977 Ariano
1462 3924 1742 3978 habendus
1776 3921 1894 3985 est,
1926 3922 2016 3976 vix
2044 3921 2112 3974 ab

538 3991 846 4064 Arianismi
877 3993 995 4048 labe
1035 4010 1200 4064 purus
1247 3995 1352 4048 erit
1394 3994 1505 4064 ipse
1551 3993 1747 4048 Paulus
1790 3993 1841 4047 in
1871 3994 2046 4060 Epist.
2079 3991 2109 4046 Ι

540 4063 610 4116 ad
640 4060 911 4132 Corinth.,
945 4060 1064 4132 cap.
1093 4063 1150 4124 8.
1186 4078 1330 4116 vers.
1361 4060 1512 4127 (καθ
1542 4064 1807 4131 partibus,
1840 4074 1900 4117 ut
1928 4067 1998 4116 ita
2030 4064 2112 4117 lo-

543 4145 702 4200 quar,
737 4130 914 4187 Patris
945 4130 1151 4187 et'Filii
1182 4133 1233 4185 in
1275 4148 1452 4187 rerum
1488 4130 1761 4188 creatione
1792 4143 1846 4187 et
1883 4148 2110 4186 renova-

543 4204 690 4257 tione
705 4201 781 4256 sic
794 4202 1065 4258 disserens
1098 4221 1111 4256 :
1141 4202 1305 4256 Nobis
1325 4219 1456 4256 unus
1483 4211 1558 4256 est
1577 4202 1715 4256 Deus
1747 4203 1926 4262 Pater.
1961 4219 2111 4271 aquo

544 4272 741 4337 omnia,
785 4281 833 4326 et
867 4290 958 4327 nos
989 4278 1041 4326 in
1064 4275 1174 4341 ipso
1195 4288 1214 4326 :
1236 4285 1282 4326 et
1317 4289 1450 4326 unus
1490 4271 1742 4327 Dominus
1773 4272 1928 4326 Jesus
1955 4272 2110 4327 Clu-i-

541 4359 797 4412 nlus,per
819 4360 970 4412 quem
1011 4346 1210 4408 omnia,
1239 4355 1284 4396 et
1320 4359 1412 4396 nos
1445 4359 1536 4410 per
1583 4343 1774 4410 ipsum.
1805 4341 1938 4396 Nam
1981 4344 2107 4397 illttd

544 4414 608 4481 ἐξ
637 4411 722 4474 οὗ,
758 4432 788 4466 a
809 4411 935 4481 quo,
959 4430 1180 4468 causam
1210 4414 1436 4481 primam
1471 4411 1729 4466 denotare
1757 4412 2104 4466 manifestum

543 4498 652 4539 est.
686 4485 838 4540 Unde
866 4495 917 4537 et
951 4483 1262 4539 Theodorus
1297 4483 1432 4536 Beza
1470 4483 1536 4535 ad
1578 4484 1753 4536 locum
1796 4484 1909 4536 haec
1936 4483 2103 4536 adno-

545 4526 666 4610 ἱεῖἱέ
691 4526 1184 4609 ἴ”ὃιῖιιῖἰ>ἒι’ἱέἔέι”’
1213 4526 1753 4623 Γίιῆἷῖιῖεῇἶιεὶἧῖιῖἶ,’
1780 4526 2104 4622 ίῇΓρῐίὶίὲῖ-
2133 4526 2181 4582 D

543 4628 694 4699 pium
733 4624 1066 4699 trilmitur.__i_
1100 4623 1320 4699 Scil_ic_e_t
1350 4625 1462 4699 hare
1495 4622 1672 4699 o_t_nnia
1714 4623 1937 4677 omnino
1963 4622 2108 4699 reje-

545 4692 713 4752 i'enda
761 4703 886 4746 sunt
916 4695 981 4748 ad
1014 4695 1159 4748 illam
1191 4694 1308 4748 Filii
1335 4693 1831 4748 subordinationem
1866 4708 1975 4762 qua
2009 4692 2109 4747 Pa-

550 4768 706 4832 triiut
752 4766 959 4818 auctori
1001 4780 1097 4820 suo
1127 4765 1238 4828 (hic
1284 4765 1476 4818 iterum
1522 4764 1651 4832 ipsis
1684 4763 1872 4817 Hilarii
1925 4765 2108 4818 verbis

545 4831 694 4903 utor)
720 4833 993 4904 subjectus
1022 4831 1296 4901 est.'Quid
1321 4834 1462 4902 quod
1491 4831 1551 4886 in
1579 4834 1694 4902 ipso
1723 4833 1979 4904 Symbolo
2008 4832 2106 4904 Νί-

548 4921 705 4960 czeno
733 4905 955 4960 credere
973 4903 1242 4972 jubemur,
1277 4907 1448 4973 primo
1478 4922 1496 4954 ι
1529 4903 1582 4958 in
1613 4903 1773 4958 unum
1810 4904 1973 4958 Deum
2004 4903 2108 4957 Pa-

551 4989 693 5032 trem
723 4975 1174 5044 omnipotentem,
1211 4977 1450 5028 omnium
1492 4973 1787 5029 visibilium
1818 4984 1886 5028 et.
1921 4975 2111 5029 invisi-

548 5047 737 5102 liilium
771 5043 1084 5099 Creatorem
1118 5061 1132 5097 :
1162 5043 1182 5097 ὀ
1225 5046 1438 5108 deinde,
1472 5045 1564 5098 sin
1596 5060 1760 5098 unum
1820 5045 2106 5098 Dominum

553 5113 733 5170 Iesum
765 5117 1062 5180 Christum,
1090 5125 1220 5180 etc.,
1239 5130 1333 5184 per
1361 5128 1518 5183 quem
1548 5117 1727 5170 omnia
1759 5115 1900 5169 facta
1920 5126 2108 5169 sunt...

556 5185 628 5256 Ut
662 5188 845 5256 paucis
870 5203 982 5240 rem
1017 5197 1183 5240 totam
1215 5186 1543 5254 complectar
1569 5203 1582 5239 :
1606 5187 1695 5254 qui
1720 5185 1918 5240 dixerit
1942 5186 2108 5240 Deum

554 5253 796 5319 Patrem,
835 5272 1089 5327 tanquam
1137 5253 1347 5310 fontem
1385 5253 1678 5310 divinitatis
1718 5257 1960 5326 adeoque
1992 5270 2110 5310 om-

555 5327 726 5397 nium_
744 5341 1114 5397 operationum
1157 5327 1461 5380 divinarum
1521 5330 1818 5397 originem,
1857 5344 1886 5380 a
1927 5327 2108 5397 seipso

553 5411 652 5464 per
688 5395 878 5450 Filium
918 5414 1073 5452 suum
1105 5397 1363 5452 mundum
1415 5395 1739 5461 condidisse,
1783 5411 1845 5450 ac
1883 5395 2109 5466 proinde

553 5481 737 5539 rerum
789 5468 1025 5539 omnium
1061 5468 1380 5539 primarium
1429 5481 1549 5539 esse
1597 5469 1880 5535 opilicem;
1935 5482 2019 5522 nm
2062 5468 2117 5522 is.

551 5537 772 5591 Arianae
824 5537 1400 5606 haeresis’neutiquam
1453 5537 1784 5592 incusandus
1835 5547 1951 5603 est;
2000 5539 2106 5592 nisi

555 5620 685 5660 vero
722 5606 958 5676 antiquis
980 5608 1234 5663 Ecclesia:
1278 5607 1530 5662 Patribus
1557 5609 1842 5673 universis,
1867 5609 2110 5676 adeoque

555 5676 691 5744 ipsis
739 5679 1091 5746 scriptoribus
1156 5679 1529 5742 Θεοπνὲυστοις
1587 5679 1878 5735 Arianismi
1929 5679 2106 5732 dicam

560 5747 861 5817 impingere
893 5749 1136 5803 velimus.
1169 5751 1274 5802 Sed
1309 5750 1432 5802 illud
1472 5751 1686 5803 demum
1722 5749 1934 5802 Arianae
1959 5757 2108 5803 esset

561 5817 928 5888 blasphemiae,
971 5820 1012 5872 si
1049 5821 1168 5887 quis
1196 5819 1413 5875 doceret
1453 5818 1666 5875 Patrem
1704 5819 1816 5873 haec
1853 5819 2110 5875 universa

2206 1941 2395 1984 rentur
2425 1943 2440 1980 :
2468 1941 2629 1996 quam
2655 1939 2845 1978 eorum
2883 1923 3148 1976 insaniam
3177 1919 3581 1990 castigaverunt
3608 1917 3764 1972 Atha-

2206 2020 2388 2074 nasins
2409 2029 2547 2072 orat.
2572 2018 2609 2072 5
2635 2025 2689 2070 et
2712 2017 2768 2080 5,
2809 2015 3040 2086 Cyrillus
3062 2012 3152 2066 lib.
3185 2028 3254 2066 xv
3281 2021 3334 2065 et
3371 2027 3485 2076 xvi,
3511 2018 3563 2064 et
3598 2009 3704 2064 alii.

2276 2111 2390 2166 XV.
2425 2108 2540 2164 Non
2569 2109 2694 2163 Filii
2728 2111 3064 2176 majestatem
3095 2104 3271 2159 solum
3299 2102 3633 2172 oppugnavit
3654 2099 3765 2156 Ori-

2205 2219 2389 2277 genes,
2424 2203 2517 2259 sed
2549 2203 2616 2258 de
2649 2201 2763 2270 ejus
2795 2201 2960 2256 etiam
2991 2202 3237 2255 bonitate
3277 2197 3582 2253 detraxisse
3607 2195 3762 2264 ipsum

2205 2307 2391 2352 auctor
2423 2305 2506 2352 est
2557 2295 2915 2366 Hieronymus
2945 2293 3022 2363 (5)
3055 2293 3106 2346 in
3139 2291 3310 2360 Epist.
3349 2291 3422 2344 ad
3461 2289 3622 2350 Avit.,
3655 2302 3761 2358 cap.

2206 2391 2228 2444 l
2265 2407 2278 2443 :
2313 2410 2331 2442 ι
2365 2391 2530 2445 Deum
2571 2388 2788 2444 Patrem
2819 2387 3272 2458 omnipotentem,
3323 2385 3525 2454 inquit,
3552 2383 3764 2452 appellat

2204 2483 2433 2548 bonum,
2467 2492 2519 2537 et
2545 2481 2805 2553 perfectae
2837 2481 3101 2537 bonitatis
3129 2497 3142 2533 :
3173 2478 3372 2533 Filium
3407 2492 3514 2531 non
3547 2487 3661 2532 esse
3687 2475 3767 2531 bo-

2211 2661 2565 2715 eonstituisse
2605 2676 2704 2728 per
2761 2659 2984 2722 Filium,
3016 2668 3271 2727 tanquam
3316 2671 3416 2725 per
3459 2657 3767 2709 instrumen-

2213 2742 2325 2785 tum
2376 2733 2477 2786 sibi
2536 2742 2886 2793 extraneum,
2923 2740 3018 2783 aut
3065 2741 3318 2798 tanquam
3374 2742 3475 2796 per
3529 2729 3762 2798 virtutem

2212 2803 2448 2870 aliquam
2481 2811 2610 2854 ante
2641 2813 2836 2855 c:etera
2867 2801 3048 2854 omnia
3080 2795 3340 2870 creatam,
3380 2795 3552 2865 atque
3597 2795 3762 2870 abAip-

2211 2863 2326 2926 sius
2362 2872 2605 2925 essentia
2641 2870 2872 2925 alienam
2913 2887 2926 2922 :
2958 2885 3076 2939 quat
3108 2869 3360 2937 impietas
3396 2863 3634 2939 mentem
3657 2863 3763 2919 Ori-

2211 2943 2483 3010 genisine
2523 2957 2619 3010 per
2657 2941 2923 2994 somnium
2963 2936 3196 3010 quidem
3223 2936 3675 3010 unquatn__subiit.
3703 2968 3763 3010 τ-

2213 3004 2339 3066 llznc
2365 3004 2628 3078 Georgius
2663 3011 2848 3064 Bullus
2872 3011 2926 3063 in
2954 3004 3263 3078 Defensione
3289 3007 3420 3075 ﬁdei
3454 3006 3503 3060 Ν
3511 3004 3764 3078 ictenwde

2214 3081 2334 3135 Filii
2355 3079 2432 3151 τῷ
2455 3073 2748 3151 ὁμοουσὶῳ,
2771 3096 2899 3151 gap.
2924 3081 2976 3146 5,
3003 3073 3221 3144 n'um.6,
3246 3073 3506 3151 elcap.9,
3532 3073 3760 3151 nu_m.10.

2284 3152 2362 3221 (ὅ)
2395 3144 2594 3221 Auctor
2633 3144 2708 3205 esi
2755 3144 3131 3221 Hieronymus,
3159 3159 3292 3221 _et_c.
3344 3144 3558 3221 Pugnat
3597 3144 3764 3221 Hiero-

2213 3215 2358 3291 nymi
2401 3220 2666 3288 judicium
2707 3236 2833 3276 cum
2879 3215 3124 3290 pluribus
3147 3217 3402 3289 Origenis
3435 3215 3758 3291 testimoniis,

2209 3286 2512 3362 praesertim
2563 3306 2683 3345 cum
2722 3292 2830 3362 ibis
2878 3286 2998 3360 qure
3047 3291 3214 3362 docet
3252 3286 3395 3362 iam.
3436 3304 3452 3342 ι
3491 3288 3544 3341 in
3595 3286 3762 3362 10am,

2211 3356 2364 3415 itum.
2405 3361 2494 3425 Η,
2529 3361 2799 3429 apostolos
2834 3356 3240 3429 evangelizasse
3293 3360 3461 3420 bona,
3493 3367 3551 3409 ut
3592 3356 3766 3429 prtedi:

2210 3441 2370 3486 xerat
2418 3425 2608 3495 Isaias,
2639 3447 2760 3485 cum
2797 3425 3074 3485 Christum
3109 3429 3648 3495 evangelizavcrunt,
3691 3425 3766 3492 qui

2213 3511 2297 3556 est
2327 3522 2345 3553 ι
2375 3505 2573 3556 bonum
2615 3503 2765 3556 nullo
2809 3501 2917 3554 alio
2976 3501 3119 3555 bono
3180 3496 3426 3564 inferius,
3490 3496 3760 3550 multitudo

2211 3572 2500 3637 honorum,
2539 3573 2590 3624 in
2635 3588 2742 3640 quo
2775 3570 3169 3640 beneplacitum
3228 3569 3334 3625 fuit
3361 3583 3584 3623 omnem
3619 3566 3767 3640 pleni-

2215 3643 2453 3696 tudinem
2486 3637 2788 3696 divinitatis
2828 3637 3073 3695 habitare
3105 3640 3588 3711 corporaliter.....
3623 3637 3707 3711 qui
3737 3651 3762 3688 a

2212 3713 2354 3767 bono
2380 3713 2541 3768 Patre
2569 3714 2799 3781 accepit,
2824 3724 2877 3764 ιιι
2909 3722 3050 3765 esset
3084 3707 3242 3774 bona,
3268 3730 3286 3764 ι
3322 3712 3370 3763 id
3401 3721 3513 3772 est,
3547 3707 3764 3781 omnium

2212 3783 2471 3836 bonorum
2521 3775 2866 3848 complexio:
2897 3782 3123 3846 Οὐδενὸς
3164 3781 3273 3851 γὰρ
3322 3781 3548 3833 ἔλαττον
3577 3775 3766 3851 ἀγαιβοῦ

2212 3799 2471 3836 nouorum
2521 3799 2866 3848 compIeXIo:
2897 3799 3123 3846 υυοενος
3164 3799 3237 3851 γα
3322 3799 3548 3833 εΛατ-τον
3577 3799 3763 3846 αγαυου

2211 3851 2306 3923 καὶ
2335 3852 2493 3906 τοῦτο
2533 3852 2595 3905 τὸ
2625 3853 2937 3922 ἀγαθόν.....
2974 3851 3184 3922 Πλῆθος
3228 3799 3452 3923 ἕγαθῶν
3490 3853 3632 3923 ἐστιν
3667 3849 3763 3923 :l'q-

2213 3922 2510 3996 βοῆς-η...Αό
2537 3923 2645 3976 ἀπὸ
2670 3914 2764 3976 τοῦ
2795 3923 3000 3991 ἀγαθοῦ
3051 3914 3364 3996 Πατρὸξτὸ
3394 3919 3598 3996 ⁸ἀγα,θὰ
3642 3914 3766 3970 εἶνὰι

2209 3991 2412 4052 λαϐὼν.
2444 3992 2546 4060 Qui
2583 4009 2710 4063 ergo
2744 3997 2942 4048 bonum
3007 3991 3208 4062 nugare
3261 3993 3433 4063 potuit
3504 4005 3643 4063 eum.
3672 4002 3769 4063 (1-³ἓο

2211 4065 2393 4117 Omnia
2439 4059 2578 4118 bona
2631 4059 2899 4119 c'onlineri
2955 4059 3236 4118 declarat?
3269 4061 3502 4116 Videtur
3530 4059 3764 4132 Origenis

2212 4134 2548 4200 vituperandi
2597 4149 2726 4188 ausa
2763 4144 2978 4201 arrepta
3035 4150 3103 4187 ex
3139 4135 3222 4188 his
3250 4148 3370 4203 qua:
3399 4132 3548 4203 dixit
3580 4131 3628 4203 in
3663 4131 3764 4183 hate

2213 4203 2416 4258 Christi
2455 4204 2616 4258 verba
2642 4223 2654 4258 :
2687 4204 2824 4270 Quid
2845 4220 2923 4256 me
2942 4219 3091 4257 vocas
3121 4201 3309 4256 bonum
3333 4203 3358 4255 .9
3388 4201 3561 4255 Nemo
3594 4201 3764 4264 bonus,

2212 4275 2312 4327 nisi
2335 4273 2477 4328 solus
2500 4275 2634 4327 Deus
2660 4274 2811 4341 (Luc.
2844 4289 2998 4334 xvttt,
3038 4273 3148 4339 19).
3183 4273 3402 4340 Singula
3435 4271 3552 4324 loca
3580 4284 3766 4341 expeuf

2211 4345 2424 4397 damus.
2481 4338 2742 4414 Origenes
2781 4355 2906 4398 tom.
2937 4358 2952 4397 ι
2983 4345 3035 4396 in
3082 4338 3466 4414 lanna—num.
3503 4343 3591 4405 40,
3624 4338 3766 4414 ntad

2209 4415 2496 4468 Sanitatem
2548 4411 2762 4468 revocet
2811 4415 3127 4475 haereticos.
3175 4414 3266 4482 qui
3302 4413 3466 4467 alium
3507 4414 3664 4466 Deum
3687 4411 3764 4477 ju-

2209 4493 2372 4549 stum,
2402 4483 2564 4538 alium
2613 4485 2832 4544 bonum.
2865 4483 3026 4536 alium
3053 4493 3376 4549 creatorem,
3407 4485 3573 4536 alium
3617 4494 3762 4534 crea-

2211 4563 2326 4607 tore
2370 4555 2623 4621 majorem
2670 4555 2944 4619 dicebant,
2987 4553 3236 4608 concedit
3261 4554 3342 4608 eis
3376 4553 3542 4607 Deum
3567 4550 3761 4621 Patrem

2215 4619 2473 4678 Creatore
2513 4623 2774 4693 majorem
2805 4625 2911 4678 dici
2949 4637 3126 4691 posse,
3159 4623 3203 4677 si
3256 4624 3486 4678 Creator
3532 4623 3644 4689 ejus
3689 4619 3763 4693 Fi-

2211 4693 2317 4748 lius
2362 4691 2730 4763 intelligatur;
2779 4693 3050 4754 similiter.
3093 4693 3340 4763 «justum
3389 4703 3446 4747 et
3485 4694 3677 4748 bonum
3704 4691 3762 4744 de

2211 4763 2376 4819 Patre
2406 4772 2457 4819 et
2488 4763 2624 4818 Filio
2657 4763 2763 4818 dici
2799 4778 2978 4832 posse,
3009 4764 3149 4820 Filio
3194 4763 3408 4834 justitia
3458 4763 3756 4834 exsisgznte,

2211 4835 2300 4904 qui
2332 4835 2544 4904 accepit
2595 4830 2918 4904 potestatem
2960 4830 3261 4902 judicandi,
3299 4833 3554 4904 quoniam
3604 4830 3759 4886 Filius

2213 4903 2448 4959 hominis
2474 4903 2564 4960 est
2599 4903 2871 4975 (Joan._v,
2902 4905 3018 4975 27),
3046 4915 3102 4960 et
3141 4903 3409 4972 judicanit
3452 4905 3635 4959 orbem
3669 4910 3760 4975 ter-

2213 4990 2392 5028 rarum
2425 4976 2476 5028 in
2504 4975 2714 5045 justitia
2753 4973 2929 5044 (Psal.
2977 4973 3146 5042 xcv“,
3172 4976 3226 5045 9)
3259 4991 3273 5028 :
3303 4977 3462 5030 Patre
3497 4988 3620 5045 vero
3656 4973 3761 5045 (eos

2211 5047 2302 5114 qui
2337 5045 2388 5098 iu
2416 5039 2627 5114 justitia
2685 5039 2808 5100 Filii
2847 5046 3094 5115 castigati
3132 5039 3370 5111 iuerint,
3399 5054 3518 5115 post
3567 5039 3756 5097 Christi

2213 5131 2442 5185 regnum
2475 5116 2756 5172 beneﬁciis
2790 5115 3090 5187 alliciente),
3112 5119 3238 5171 boni
3300 5116 3617 5187 vocabulum
3651 5125 3760 5180 ope-

2212 5184 2360 5241 ribus
2395 5197 2703 5252 ostensuro,
2731 5188 2946 5257 quando
2973 5184 3140 5241 fuerit
3189 5189 3328 5241 Deus
3369 5187 3544 5257 omnia
3577 5184 3626 5257 in
3655 5195 3759 5236 om-

2210 5257 2369 5312 nibus
2399 5257 2448 5328 (Ι
2489 5258 2613 5328 Cor.
2646 5255 2879 5328 “.38).
2908 5277 2928 5310 ι
2957 5258 3108 5312 Hunc
3153 5257 3224 5312 ob
3251 5273 3470 5312 causam
3499 5255 3756 5328 Christum

2211 5323 2418 5384 dixisse
2441 5327 2700 5398 conjicit:
2729 5323 2868 5393 Quid
2914 5345 2995 5382 me
3043 5329 3278 5396 appellas
3327 5323 3755 5398 bonumfﬂNemo

2212 5399 2394 5472 bonus,
2420 5399 2521 5472 nisi
2543 5394 2686 5472 unus
2716 5399 2873 5472 Deus_
2905 5394 3288 5472 Pater—(Marc.
3309 5415 3388 5472 -χ,
3418 5400 3524 5468 18).
3557 5394 3752 5472 Nullum

2209 5469 2501 5523 Arianismi
2535 5468 2914 5539 veStigiumiu
2947 5471 3046 5524 hac
3091 5465 3271 5524 subtili
3307 5465 3750 5539 interpretatione,

2211 5553 2332 5607 qua:
2379 5539 2426 5593 si
2483 5532 2779 5594 bonitatem
2833 5538 2969 5594 Filio
3014 5540 3272 5602 detrahit,
3309 5532 3570 5607 justiiiam
3619 5532 3753 5587 Patri

2211 5611 2496 5664 detrahere
2518 5609 2744 5663 dicetur.
2784 5608 2983 5666 Eadem
3005 5610 3204 5664 Christi
3244 5612 3407 5665 verba
3451 5610 3751 5673 interpreta-

2214 5688 2299 5730 tur
2328 5681 2380 5733 in
2423 5679 2517 5734 lib.
2550 5693 2581 5730 ν
2619 5690 2815 5751 contra
2859 5679 3088 5746 Celsum,
3115 5696 3262 5736 num.
3309 5681 3399 5745 11,
3445 5679 3529 5751 ubi
3563 5674 3753 5751 solisel

2213 5751 2494 5822 stellarum
2526 5749 2746 5822 cultum
2785 5764 2835 5822 a7
2867 5751 3024 5822 Celso
3067 5751 3344 5822 defensum
3370 5749 3644 5822 refellens,
3679 5749 3750 5822 sic

2212 5820 2445 5890 quuitur
2473 5838 2486 5874 :
2523 5821 2580 5873 Ὀ
2603 5819 2790 5892 Σωτὴρ
2817 5819 2971 5891 ἡμῶν
3001 5820 3320 5890 καὶΚύριος,
3355 5819 3582 5880 ἀκούσας
3613 5819 3752 5877 ποτε.
