4020 6306
492 388 594 446 763

1767 392 1826 447 P.
1870 389 2183 448 DANIELIS
2222 392 2457 449 HUETII

3649 399 3757 454 764

498 505 719 574 quidem
755 516 820 559 ac
860 516 956 570 per
1006 502 1189 560 omnia
1247 502 1541 575 archetypo
1599 505 1697 575 ipsi
1745 507 1978 562 similem
2022 516 2077 562 et
2106 514 2151 570 Α
2182 510 2316 564 resis
2359 509 2497 565 libro
2540 526 2557 563 ι
2598 510 2738 578 Περὶ
2779 509 3005 580 ἀρχῶν,
3041 526 3164 581 cap.
3193 510 3250 576 2,
3292 526 3439 565 num.
3488 512 3545 578 6,
3584 513 3757 569 fuisse

490 598 796 669 aequalem,
856 600 953 654 sed
999 612 1313 668 expressam
1361 598 1576 665 leviter,
1627 611 1683 655 et
1743 602 2071 672 exemplaris

492 692 806 757 praestant-ia
856 691 1013 761 longe
1052 690 1389 748 inferiorem.
1436 691 1492 747 Si
1543 693 1762 763 quando
1788 693 1952 764 igitur
1977 694 2072 749 bo-

493 783 718 838 nitatem
753 783 876 837 Filii
906 782 1155 838 eamdem
1185 797 1308 839 esse
1344 785 1502 839 docet
1551 800 1615 839 ac
1648 785 1826 842 Patris
1858 787 2070 842 bonita-

494 885 680 943 tatem,
722 876 871 936 velut
911 876 1005 929 lib.
1057 890 1075 929 ι
1115 875 1258 945 Περὶ
1310 874 1535 947 ἀρχῶν,
1563 893 1685 948 cap.
1718 878 1777 943 2,
1811 895 1963 935 num.
2002 880 2069 936 10

491 978 547 1022 ct
580 970 666 1031 l5,
703 969 790 1022 ubl
837 971 1083 1024 eamdem
1132 983 1255 1024 esse
1301 971 1378 1025 ait
1411 970 1698 1040 utriusque
1748 974 2069 1041 potentiam,

491 1061 791 1116 bonitatem
838 1061 1128 1128 eamdem,
1170 1072 1226 1118 et
1279 1078 1619 1133 quaecunque
1671 1064 1839 1118 habet
1884 1063 2069 1131 Pater,

491 1155 695 1211 habere
726 1163 783 1208 et
814 1151 1039 1221 Filium,
1069 1155 1245 1211 facilis
1272 1165 1355 1211 est
1390 1156 1730 1223 intellectus;
1769 1157 1888 1211 l’t‘ilii
1917 1173 2070 1213 nem-

500 1260 567 1314 pe
590 1244 891 1300 bonitatem
925 1243 1178 1301 Paternte
1213 1247 1479 1301 bonitatis
1516 1262 1638 1302 esse
1664 1249 1986 1317 particulam
2018 1258 2073 1305 et

492 1354 704 1406 auram,
730 1354 761 1392 e
785 1337 1020 1394 Paterna
1064 1338 1313 1394 bonitate
1342 1340 1626 1408 deceptam
1656 1355 1720 1395 ac
1749 1340 2067 1396 delibatam.

494 1430 551 1484 Si
584 1432 803 1499 quando
854 1429 1004 1484 Patri
1055 1430 1156 1485 soli
1200 1430 1507 1486 bonitatem
1560 1431 1771 1499 tribuit,
1814 1433 2073 1503 primige-

491 1520 638 1577 niam
680 1522 1003 1588 bonitatem,
1035 1532 1091 1576 et
1131 1522 1397 1578 bonitatis
1439 1522 1695 1593 intelligit
1742 1524 2069 1594 principium

492 1626 557 1668 ac
581 1611 819 1678 fontem;
850 1611 1043 1669 Filium
1073 1621 1253 1668 autem
1298 1612 1531 1668 Paterna
1564 1615 1880 1670 tantumilla
1912 1616 2073 1671 boni.

495 1713 609 1760 tate
637 1705 998 1774 impertitum.
1031 1704 1198 1774 Cujus
1224 1705 1523 1776 impietatis
1551 1710 1893 1764 occasionem
1916 1709 2072 1765 vide-

494 1806 582 1851 tur
629 1796 909 1867 accepisse
951 1814 1017 1852 ex
1051 1798 1193 1853 male
1242 1799 1517 1856 intellecto
1543 1800 1798 1856 Matthan
1826 1816 1940 1867 xxx,
1976 1801 2070 1867 ΓΙ,

493 1900 549 1944 et
578 1888 738 1945 Joan.
765 1906 898 1956 xvn,
939 1890 1026 1957 15,
1059 1902 1114 1946 et
1147 1906 1212 1945 ex
1244 1891 1468 1947 Platone
1498 1892 1589 1962 qui
1628 1892 1748 1946 boni
1778 1908 1976 1950 nomen
2002 1894 2070 1950 ad

492 1981 662 2037 Demn
690 1982 1042 2052 peculiariter
1068 1987 1344 2053 pertinere
1380 1984 1619 2040 dicebat.

565 2072 705 2129 XVI.
740 2073 920 2129 Simili
951 2076 1110 2130 modo
1153 2074 1533 2144 explicandum
1578 2076 1728 2131 venit
1756 2076 1951 2145 dogma
1988 2074 2070 2129 al-

495 2178 690 2233 terum,
718 2169 865 2238 quod
913 2168 981 2222 ab
1030 2168 1146 2237 ipso
1196 2166 1538 2236 propositum
1591 2166 1760 2220 refert
1809 2166 2074 2237 Hierony-

495 2275 614 2313 tnus
647 2261 806 2330 epist.
838 2259 928 2324 59,
955 2260 1023 2313 ad
1062 2259 1229 2321 Avit.,
1262 2257 1431 2327 capJ
1468 2274 1482 2311 :
1516 2275 1534 2307 ι
1559 2256 1779 2324 Filiutn,
1810 2266 2070 2325 quantmn

493 2352 559 2403 ad
589 2350 831 2415 Patrem,
858 2365 962 2403 non
1008 2363 1131 2405 esse
1183 2349 1499 2412 veritatem,
1544 2359 1803 2417 quantum
1840 2350 1908 2403 ad
1951 2365 2070 2415 nos,

394 2476 397 2483 -
492 2458 613 2497 esse
645 2441 1023 2511 imaginariam
1057 2439 1361 2495 veritatem.
1393 2457 1411 2490 ι
1436 2437 1593 2492 Paria
1624 2440 1736 2493 tere
1767 2438 1927 2493 habet
1956 2438 2070 2491 Au-

493 2537 761 2605 gustinus,
789 2534 864 2589 De
896 2537 1080 2590 haeres.
1117 2535 1186 2588 ad
1238 2531 1661 2600 Quodvultdeum
1685 2572 1698 2595 ,
1752 2533 1941 2586 basres.
1963 2532 2068 2587 ἅδε

500 2644 517 2676 ι
554 2624 696 2680 Dicit
723 2634 986 2695 prmterea
1027 2622 1317 2695 Origenes,
1358 2624 1556 2691 inquit,
1592 2623 1735 2693 quod
1766 2621 1935 2678 Filius
1978 2623 2068 2678 Dei

494 2716 699 2771 sanctis
721 2716 1032 2771 hominibus
1058 2725 1425 2783 comparatus,
1442 2715 1642 2769 veritas
1667 2715 1772 2780 sit;
1807 2713 1883 2785 (6)
1924 2714 2070 2768 Patri

494 2805 763 2872 collatus,
816 2804 1178 2859 mendacium.
1233 2822 1253 2857 ι
1310 2801 1423 2858 Nec
1470 2804 1750 2858 dissimilia
1819 2820 1937 2872 qua:
2006 2819 2072 2858 ex

494 2897 726 2968 cpistola
776 2896 1034 2951 decretali
1081 2894 1494 2949 Palaestinorum
1549 2896 1927 2965 episcoporum
1981 2910 2071 2950 re-

494 2999 787 3060 pra'sentat
823 2988 998 3044 Guido
1027 2989 1323 3043 Carmelita
1356 2990 1616 3043 adversus
1640 2986 1984 3058 Origenistas
2017 2988 2070 3043 in

495 3082 699 3143 Summ.
727 3083 792 3136 de
814 3082 1025 3149 litarem,
1050 3082 1101 3135 in
1138 3083 1271 3136 liter.
1305 3080 1646 3151 Origenist.:
1684 3100 1703 3133 ι
1739 3081 1795 3136 Si
1828 3083 1919 3150 qui
1946 3090 2074 3137 sunt

496 3173 585 3244 qui
625 3174 676 3228 in
713 3174 826 3229 suis
861 3174 1179 3228 tractatibus
1214 3173 1555 3228 tradiderunt
1584 3174 1729 3243 quod
1770 3173 1938 3228 Filius
1971 3189 2071 3227 no-

496 3267 582 3322 bis
631 3275 979 3336 comparatus
1011 3266 1081 3320 sit
1124 3266 1345 3331 veritas,
1382 3265 1532 3319 Patri
1585 3266 1815 3321 collatus
1849 3266 2066 3319 menda-

496 3358 665 3426 cium,
691 3366 747 3413 et
781 3357 923 3426 quod
954 3367 1039 3412 est
1064 3355 1258 3411 Petrus
1288 3366 1346 3411 et
1380 3357 1577 3412 Paulus
1601 3362 1666 3412 ad
1700 3356 2065 3422 Salvatorem,

498 3447 606 3502 hoc
639 3456 722 3502 est
767 3446 1092 3517 Unigenitus
1118 3447 1287 3503 Filius
1315 3457 1371 3501 et
1403 3447 1547 3502 Deus
1577 3448 1815 3503 Verbum
1844 3462 2067 3518 compa-

499 3547 653 3592 ratus
688 3537 954 3595 Patri.....
1012 3547 1067 3593 et
1117 3538 1241 3608 ipsi,
1270 3550 1326 3591 et
1379 3538 1631 3608 dogmata
1683 3539 1924 3607 ipsorum
1960 3538 2070 3591 sint.

496 3628 758 3684 Ecclesia:
811 3630 1123 3684 anathema.
1153 3648 1172 3682 ι
1223 3628 1432 3694 Quibus
1483 3628 1810 3699 astipulatur
1865 3642 2072 3696 anony-

497 3736 621 3775 tnus
649 3720 738 3775 ille
769 3721 1021 3775 defensor
1047 3720 1319 3788 Origenis,
1344 3735 1505 3789 quem
1558 3720 1689 3782 dixi,
1723 3728 1779 3773 et
1806 3718 1951 3771 inter
1976 3734 2071 3772 ca-

502 3793 617 3878 pita
649 3812 700 3864 in
739 3812 856 3879 ipso
888 3809 1213 3879 reprehendi
1243 3810 1403 3864 solita
1449 3819 1786 3878 postremum
1818 3808 1944 3862 illud
1974 3824 2071 3879 po-

498 3901 582 3957 nit
614 3902 774 3956 εὊτι
808 3904 841 3974 ἡ
877 3900 1041 3955 εἰκὼν
1102 3900 1196 3954 τοῦ
1246 3900 1403 3965 Θεοῦ,
1446 3901 1522 3965 ὡς
1568 3900 1705 3972 πρὸς
1748 3901 1977 3961 ἐκεῖνον.
2012 3892 2073 3953 οὗ

499 3993 646 4044 ἔστιν
678 3989 863 4056 εἰκὼν,
889 3991 1011 4045 καθ’
1032 3992 1061 4044 ὃ
1089 3990 1273 4057 εἰκὼν,
1308 3993 1407 4044 οὐκ
1443 3992 1589 4045 ἔστιν
1610 3993 1856 4065 ἀλήθεια.
1895 4012 1913 4043 ί
1938 3992 2076 4045 Ima-

503 4084 684 4154 ginem
717 4083 808 4138 Dei
838 4092 1088 4153 respectu
1114 4084 1234 4152 ejus
1264 4085 1420 4154 cujus
1450 4095 1533 4139 est
1569 4086 1770 4154 imago,
1803 4094 2075 4154 quatenus

504 4184 587 4231 est
611 4174 809 4245 imago,
838 4189 946 4229 non
970 4190 1092 4231 esse
1128 4176 1432 4230 veritatem.
1457 4196 1477 4228 ι
1521 4176 1743 4231 Videtur
1794 4178 1910 4231 haec
1958 4176 2073 4231 haec

2174 616 2459 669 expressa,
2504 602 2598 657 sed
2648 601 2830 656 Rufini
2881 602 3089 656 artibus
3128 602 3489 669 dissimulata,
3523 614 3575 658 et
3618 604 3758 660 falsa

2176 692 2280 747 hac
2326 692 2781 761 interpretatione
2824 693 3057 748 obducta
3094 711 3107 748 :
3140 712 3158 745 ι
3182 693 3365 765 Imago
3392 711 3525 766 ergo
3559 705 3642 751 est
3674 698 3760 751 in-

2171 783 2403 840 visibilis
2438 785 2535 839 Dei
2580 783 2762 839 Patris
2812 783 3067 839 Salvator
3115 795 3325 850 noster,
3380 796 3649 856 quantum
3692 788 3759 842 ad

2175 876 2349 947 ipsum
2378 878 2597 948 quidem
2624 877 2862 940 Patrem,
2896 878 3102 933 veritas
3133 896 3148 945 ;
3184 889 3446 948 quantum
3475 889 3660 935 autem
3693 881 3760 936 ad

2174 986 2300 1034 nos,
2328 972 2528 1039 quibus
2574 972 2785 1027 revelat
2815 972 3062 1034 Patrem,
3102 972 3280 1043 imago
3312 982 3413 1036 est,
3446 989 3545 1043 per
3595 988 3759 1044 quam

2174 1064 2552 1133 cognoscimus
2582 1063 2821 1118 Patrem.
2854 1083 2874 1116 ι

2245 1152 2406 1208 XVII.
2442 1154 2573 1221 Qum
2617 1155 2837 1224 Origeni
2887 1154 3006 1209 dica
3050 1154 3273 1225 impingi
3327 1154 3487 1221 solet,
3523 1170 3759 1227 negasse

2174 1246 2349 1316 ipsum
2380 1246 2597 1301 Patrem
2621 1262 2651 1301 a
2680 1247 2838 1312 Filio,
2860 1246 3058 1301 Filium
3084 1262 3115 1301 a
3149 1246 3352 1314 Spiritu
3383 1261 3596 1311 saneto,
3631 1247 3760 1316 Spi-
3824 1270 3827 1273 ·

2174 1340 2341 1395 ritum
2397 1350 2645 1395 sanctum
2684 1342 2751 1395 ab
2782 1342 3012 1413 angelis,
3055 1342 3276 1408 angelos
3328 1342 3395 1395 ab
3440 1341 3760 1398 hominibus

2175 1432 2344 1487 videri
2378 1446 2557 1503 posse,
2580 1430 2755 1486 facilis
2784 1443 3085 1503 expurgatu
3121 1449 3224 1487 non
3245 1446 3348 1501 est,
3379 1435 3422 1488 si
3452 1434 3760 1489 criminan-

2177 1519 2312 1573 tium
2349 1535 2608 1574 nutnerus
2651 1531 2929 1590 spectetur
2964 1534 3020 1576 et
3062 1524 3382 1579 auctoritas.
3420 1523 3757 1580 Primariutn

2174 1609 2320 1662 hunc
2365 1624 2428 1662 ac
2460 1608 2789 1678 praecipuum
2821 1609 2962 1664 inter
2991 1611 3109 1679 ejus
3153 1625 3371 1665 errores
3398 1610 3592 1665 statuit
3626 1611 3759 1678 Epi-

2174 1699 2407 1769 phanius
2434 1700 2566 1753 hair.
2592 1714 2744 1763 LXIV,
2772 1714 2892 1767 cap.
2937 1699 2993 1763 4,
3025 1710 3081 1753 et
3107 1699 3159 1753 in
3199 1700 3483 1761 Ancorato,
3515 1714 3639 1769 cap.
3665 1699 3760 1767 63,

2175 1791 2266 1845 ubi
2304 1792 2464 1845 verba
2517 1791 2633 1859 ipsa
2685 1791 2937 1859 Origenis
2969 1792 3233 1846 exhibet:
3274 1791 3639 1857 Μαθέτωσαν,
3678 1793 3759 1847 in-

2173 1884 2311 1952 quit,
2349 1883 2467 1947 πῶς
2497 1884 2598 1937 οὐκ
2628 1884 2942 1956 ἀπηξίωσεν
2985 1884 3265 1956 Ὠριγένης
3304 1887 3500 1949 εἰπεῖν,
3545 1886 3629 1938 ὄτι
3660 1885 3763 1957 οὐχ

2170 1977 2275 2047 ὁρᾷ
2302 1976 2392 2028 τὸν
2418 1976 2637 2048 Πατέρα
2666 1979 2693 2029 ὀ
2724 1977 2851 2041 Υἱός
2870 1996 2886 2008 ο
2922 1977 3057 2031 ἀλλά
3085 1994 3270 2047 φησιν·
3322 1978 3407 2041 Ὠς
3435 1978 3495 2030 οὐ
3529 1976 3760 2032 δύναται

2171 2070 2303 2140 ὁρᾷν
2334 2068 2424 2121 τὸν
2456 2069 2677 2140 Πατέρα
2701 2070 2729 2121 ὁ
2758 2069 2908 2133 Υἱὸς,
2945 2071 3040 2123 καὶ
3064 2070 3127 2123 τὸ
3150 2070 3302 2136 ἄτιον
3326 2070 3553 2141 Πνεῦμα
3579 2072 3641 2124 οὐ
3671 2070 3763 2124 δύο

2170 2177 2329 2214 ναται
2354 2160 2482 2214 ἰδεῖν
2502 2161 2592 2214 τὸν
2628 2162 2773 2214 Υἱόν.
2806 2163 2915 2215 Καὶ
2944 2162 3124 2217 πάλινο
3142 2164 3204 2216 Οἱ
3225 2163 3444 2231 ἄγγελοι
3474 2164 3536 2215 οὐ
3565 2163 3763 2217 δύναν-

2170 2269 2260 2305 ται
2290 2252 2414 2305 ἰδεῖν
2444 2252 2505 2305 τὸ
2533 2253 2684 2322 ἅγιον
2712 2252 2953 2324 Πνεῦμα,
2976 2255 3068 2307 καὶ
3096 2256 3143 2307 ot
3177 2254 3451 2325 ἄνθρωποι
3470 2255 3532 2307 οὐ
3561 2254 3760 2309 δύναν-

2171 2360 2264 2397 ται
2318 2343 2445 2396 ἰδεῖν
2492 2345 2618 2407 τοὺς
2666 2344 2952 2413 ἀγγέλους.
2996 2365 3015 2396 t
3054 2345 3273 2400 Discant
3334 2349 3610 2415 quomodo
3649 2362 3759 2401 non

2175 2436 2445 2490 dubitavit
2496 2435 2763 2505 Origenes
2792 2435 2979 2492 dicere
3012 2438 3207 2494 Filium
3260 2454 3365 2495 non
3425 2438 3617 2494 videre
3651 2438 3757 2493 Pa-

2174 2536 2333 2593 trem,
2369 2528 2464 2582 sed
2500 2527 2635 2583 dicit
2664 2546 2677 2581 :
2711 2527 3175 2595 Quemadmodum
3200 2546 3305 2584 non
3331 2539 3513 2600 potest
3566 2529 3761 2585 videre

2174 2618 2389 2672 Patrem
2440 2617 2609 2674 Filias
2634 2659 2650 2684 ,
2703 2634 2804 2674 nec
2840 2618 3038 2674 Filium
3084 2619 3271 2675 videre
3303 2630 3479 2690 potest
3515 2619 3756 2690 Spiritus

2173 2717 2416 2765 sanctus.
2438 2710 2505 2764 Et
2533 2728 2745 2766 rursum
2781 2712 3007 2781 :Angeli
3028 2713 3209 2766 videre
3244 2727 3348 2765 non
3383 2709 3756 2781 possuntSpi-

2176 2806 2335 2859 ritum
2358 2816 2632 2870 sanctum,
2660 2814 2716 2860 ct
2754 2806 3002 2859 homines
3045 2819 3150 2858 non
3186 2813 3411 2873 possunt
3437 2803 3624 2856 videre
3656 2817 3756 2855 an-

2173 2896 2347 2965 gelos.
2384 2916 2403 2949 ι
2446 2896 2648 2951 Eadem
2695 2897 2921 2968 replicat
2946 2900 2998 2949 in
3026 2895 3254 2964 epistola
3289 2897 3353 2949 ad
3378 2892 3640 2948 Joannem
3663 2890 3756 2948 Je-

2179 2988 2657 3058 rosolymitanum,
2700 3005 2820 3059 cap.
2847 2988 2902 3041 9..
2939 2987 3306 3058 Hieronymus
3341 3000 3557 3055 quoque
3598 2998 3755 3039 erro-

2172 3094 2261 3135 res
2296 3095 2582 3136 recensens
2612 3081 2875 3135 librorum
2900 3079 3040 3148 Περὶ
3068 3076 3293 3148 ἀρχῶν,
3323 3078 3374 3132 in
3406 3075 3637 3148 epistola
3662 3073 3752 3143 59,

2175 3172 2245 3224 ad
2284 3172 2520 3239 Avitum,
2554 3171 2837 3241 scripsisse
2867 3187 2988 3225 eum
3016 3172 3091 3224 ait
3118 3173 3170 3225 in
3196 3170 3369 3241 primo
3394 3168 3575 3238 operis
3598 3167 3756 3234 hujus

2174 3264 2472 3330 volumine,
2509 3280 2528 3315 ι
2573 3261 2742 3317 Deum
2773 3261 3016 3330 Patrem,
3055 3277 3152 3332 per
3200 3271 3449 3316 naturam
3507 3259 3756 3314 invisibi-

2173 3354 2298 3422 lem,
2329 3370 2358 3409 a
2387 3354 2527 3410 Filio
2562 3370 2667 3409 non
2699 3354 2909 3420 videri;
2948 3373 2968 3406 ι
2992 3363 3046 3409 et
3089 3354 3142 3408 in
3174 3353 3408 3413 secundo
3444 3368 3460 3408 :
3502 3369 3522 3402 ι
3563 3352 3753 3406 Restat

2174 3456 2234 3500 ut
2268 3444 2561 3500 invisibilis
2598 3446 2671 3500 sit
2702 3445 2865 3499 Deus.
2900 3444 2955 3499 Si
2992 3454 3171 3499 autem
3202 3442 3496 3498 invisibilis
3520 3458 3617 3512 per
3654 3456 3752 3496 na-

2177 3547 2355 3591 turam
2387 3547 2493 3604 est,
2536 3552 2711 3607 neque
2746 3537 3015 3592 Salvatori
3056 3537 3285 3592 visibilis
3307 3537 3429 3591 erit.
3468 3556 3487 3589 ι
3521 3535 3671 3590 Idem
3697 3534 3755 3589 in

2172 3630 2398 3701 epistola
2429 3630 2519 3695 61,
2555 3631 2624 3684 ad
2663 3629 2999 3695 Pammach.,
3037 3644 3159 3699 cap.
3188 3629 3256 3683 '5:
3288 3646 3306 3679 ι
3332 3627 3396 3682 Ει
3426 3628 3662 3697 primum
3687 3626 3753 3681 de

2174 3723 2312 3777 libro
2336 3723 2477 3792 Περὶ
2499 3721 2723 3793 ἀρχῶν,
2754 3722 2843 3777 ubi
2883 3722 3122 3792 loquitur
3153 3737 3167 3774 :
3203 3719 3358 3775 Sicut
3385 3720 3529 3774 enim
3565 3719 3756 3773 incon—

2176 3829 2366 3882 gruum
2399 3822 2484 3868 est
2508 3814 2689 3867 dicere
2720 3813 2864 3881 quod
2897 3812 3068 3881 possit
3094 3811 3264 3866 Filius
3294 3811 3478 3866 videre
3510 3808 3749 3876 Patrem,

2176 3908 2248 3961 ita
2305 3906 2695 3961 inconveniens
2723 3917 2809 3962 εει
2840 3907 3052 3977 Opinari
3084 3908 3229 3977 quod
3260 3905 3501 3976 Spiritus
3532 3912 3753 3959 sanctus

2180 3998 2352 4068 possit
2428 3997 2613 4051 videre
2664 3995 2884 4050 Filium.
2931 4016 2950 4049 ι
3004 3996 3059 4051 1η
3112 4013 3217 4067 qua
3301 3995 3491 4050 hieresi
3572 4009 3753 4048 versa—

2182 4098 2293 4143 tum
2356 4087 2521 4143 fuisse
2583 4086 2846 4142 Joannem
2899 4086 3409 4159 Jerosolymitanum
3484 4096 3600 4141 toto
3652 4086 3753 4142 hoc

2183 4179 2361 4249 capite
2411 4178 2771 4234 demonstrat.
2817 4178 2926 4233 Par
2955 4187 3039 4234 est
3068 4176 3333 4234 Gennadii
3382 4176 3605 4248 querela
3655 4176 3749 4231 lib.

578 4361 658 4433 (6)
693 4360 859 4433 Patri
886 4360 1130 4433 collatus,
1166 4360 1517 4433 mendacium,
1552 4369 1658 4413 etc.
1700 4361 1922 4433 Fatetur
1962 4359 2067 4433 Pe:
2097 4362 2144 4418 D
2172 4360 2787 4433 nominejintelligatnr
2829 4359 3063 4433 Verbum
3116 4360 3244 4413 illud
3300 4359 3441 4430 quod
3484 4368 3744 4433 paternas

504 4430 680 4489 taviu's
717 4448 822 4486 non
852 4432 922 4485 ita
952 4431 1253 4503 desipuisse
1302 4430 1610 4502 Origenem,
1638 4442 1707 4503 Aut
1748 4431 1942 4486 Filium
1977 4430 2069 4484 Dei

506 4504 610 4560 ulla
665 4504 874 4557 ratione
921 4501 1260 4556 mendacium
1292 4501 1651 4556 diceretzsed
1702 4504 1839 4556 hanc
1882 4515 2074 4561 conse:

507 4574 779 4629 cutionetn
807 4588 871 4625 ex
901 4574 1017 4641 ejus
1042 4573 1306 4628 sententia
1353 4574 1421 4627 ab
1450 4571 1773 4642 Hieronymo
1801 4587 1963 4641 supra
1990 4572 2073 4626 ci-

509 4654 619 4700 tata
666 4640 955 4697 nonnullos
991 4645 1217 4698 eruisse.
1243 4642 1528 4697 Existimat
1559 4640 1784 4698 Huetius
1829 4640 1991 4704 hanc,
2018 4650 2074 4695 ut

508 4717 623 4784 ipse
652 4713 905 4784 appellat,
938 4714 1188 4768 haeresim
1236 4728 1300 4767 ex
1347 4713 1443 4769 lib.
1494 4730 1510 4768 ι
1561 4712 1913 4784 Deprincip.,
1949 4726 2069 4784 cap.

505 4782 562 4850 2,
595 4782 745 4838 num.
780 4782 835 4847 6,
892 4798 1206 4853 expressam
1241 4784 1429 4847 fuisse,
1483 4783 1575 4839 sed
1628 4783 1809 4837 Ruﬁni
1865 4783 2074 4838 artibus

505 4857 848 4916 intricatam,
877 4864 934 4909 et
964 4854 1102 4917 falsa.
1129 4855 1227 4923 hac
1259 4854 1708 4922 interpretatione
1734 4854 2020 4909 obductam
2052 4868 2067 4907 :

513 4945 534 4981 ι
560 4927 742 4994 Imago
767 4932 866 4994 est;
902 4924 1193 4979 invisibilis
1233 4924 1326 4977 Dei
1374 4924 1548 4994 Patris
1575 4924 1829 4978 Salvator
1858 4933 2067 4991 noster,

509 4992 771 5066 quantum
805 4992 872 5048 ad
918 4995 1090 5064 ipsum
1134 4994 1350 5066 quidem
1376 4993 2075 5066 Patrem,_veritas:quan-

514 5063 622 5121 tum
673 5074 853 5120 autem
882 5066 948 5118 ad
983 5077 1102 5128 nos,
1146 5063 1341 5132 quibus
1374 5066 1582 5120 revelat
1622 5064 1862 5131 Patrem,
1897 5065 2074 5134 imago

512 5147 621 5201 est,
646 5152 744 5207 per
768 5150 930 5207 qua_m
956 5136 1335 5207 cognoscimus
1360 5134 1601 5207 Patrem.
1632 5155 1655 5207 ε
1686 5137 1889 5191 Revera
1927 5133 2075 5190 locus

512 5204 725 5261 videtur
745 5204 839 5261 aut
862 5204 1065 5269 Ruﬁni,
1085 5214 1177 5258 aut
1201 5205 1542 5260 librariorum
1571 5205 1731 5275 culpa
1758 5214 2070 5272 corruptus:

514 5275 591 5330 ita
623 5285 681 5330 ut
710 5278 827 5346 haec
860 5274 1107 5346 Origenis
1155 5276 1420 5346 sententia
1470 5291 1591 5332 esse
1635 5274 1848 5343 debeat,
1880 5275 2075 5329 Filium

521 5354 770 5415 respectu
796 5344 980 5415 Patris
1005 5359 1128 5401 esse
1167 5344 1475 5413 imaginem,
1506 5356 1751 5415 respectu
1788 5346 1959 5401 nostri
1990 5360 2075 5400 ve-

518 5414 758 5471 ritatem.
784 5414 892 5471 Sed
918 5418 1117 5471 veritas
1148 5418 1248 5472 hoc
1272 5415 1410 5486 loco,
1437 5414 1913 5486 prout’oppouitur
1940 5416 2075 5469 ima-

517 5487 649 5552 gini,
684 5487 823 5540 idem
869 5495 1026 5541 sonat
1073 5502 1137 5540 ac
1162 5485 1456 5553 exemplar,
1491 5501 1587 5542 nec
1619 5484 1899 5556 Origenes,
1949 5500 2073 5541 cum

514 5557 709 5613 Filium
757 5567 1002 5625 respectu
1048 5556 1222 5611 Patris
1257 5556 1567 5626 imaginem,
1619 5568 1861 5625 respectu
1900 5556 2072 5611 nostri

518 5628 799 5685 veritatem
826 5629 939 5681 sive
967 5628 1244 5697 exemplar
1272 5642 1392 5682 esse
1413 5626 1563 5697 dicit,
1591 5644 1621 5683 a
1651 5626 2073 5697 caaterisiPatri-

517 5696 619 5753 bus
673 5697 899 5754 discedit
937 5699 1028 5765 qui
1078 5695 1292 5752 Patrem
1331 5696 1608 5766 exemplar
1660 5697 1805 5763 Filii,
1870 5695 2067 5752 Filium

527 5777 857 5839 cgterorunt
870 5766 1163 5834 exemplar,
1192 5766 1385 5839 Filium
1426 5768 1713 5839 imaginem
1741 5766 1939 5839 Patria,
1973 5781 2072 5839 nos

527 5837 650 5895 Filii
700 5836 961 5906 imagines
1010 5848 1132 5893 esse
1175 5837 1445 5895 dixerunt.
1490 5836 1560 5895 Si
1596 5847 1774 5896 autem
1828 5837 2073 5895 veritatis

2176 4445 2369 4486 omnes
2411 4432 2559 4487 ideas
2613 4431 3015 4499 complectitur,
3050 4436 3345 4486 secundum
3404 4433 3549 4499 quod
3613 4432 3752 4486 Deus

2174 4502 2356 4555 omnia
2404 4504 2689 4571 gubernat,
2730 4501 2860 4572 nihil
2917 4501 3129 4571 longius
3180 4503 3335 4556 abest
3385 4504 3452 4554 ab
3499 4502 3751 4572 Origenis

2175 4581 2377 4641 mente,
2408 4587 2573 4641 quam
2616 4583 2673 4626 ut
2715 4571 2849 4626 illud
2899 4573 3185 4641 veritatem
3228 4586 3333 4625 non
3373 4586 3494 4625 esse
3516 4571 3746 4627 diceret.

2175 4639 2379 4712 Degere
2410 4639 2659 4712 equidem
2683 4642 2867 4696 malim
2899 4658 2914 4694 :
2942 4640 3210 4706 Quantum
3235 4643 3302 4694 ad
3338 4644 3505 4712 ipsam
3535 4644 3747 4710 quidem

2176 4711 2416 4776 Patrem,
2447 4711 2633 4776 virtus,
2684 4713 2736 4767 id
2770 4721 2871 4778 est,
2904 4726 3136 4781 persona
3168 4712 3377 4765 divina.
3428 4711 3745 4781 Sedﬁtanten

2174 4782 2396 4836 retineri
2422 4791 2599 4854 potest
2618 4797 2719 4837 vox
2744 4781 2856 4854 illa,
2881 4780 3091 4854 veritas:
3118 4782 3283 4854 modo
3307 4796 3492 4835 verum
3523 4780 3745 4849 Filium,

2174 4866 2239 4907 ac
2269 4866 2395 4907 vere
2423 4851 2750 4907 'substantia
2785 4853 2966 4906 divina
2997 4870 3029 4907 a
3063 4851 3223 4906 Patre
3254 4852 3516 4906 donatum
3552 4853 3747 4908 intetli-

2211 4938 2381 4993 amus.
2422 4921 2705 4993 Vituperat
2760 4924 2865 4978 hoc
2923 4923 3039 4977 loco
3087 4924 3346 4993 Origenes
3405 4924 3664 4991 probolas
3713 4940 3743 4978 a

2156 4991 2570 5063 ‘Valentinianis
2628 4994 2683 5048 in
2740 4991 3651 5063 generationem,Filiiinductas,
3681 5010 3742 5049 ac

2174 5062 2371 5119 Filium
2414 5064 2602 5119 statuit
2634 5065 2711 5119 ita
2745 5061 3050 5132 imaginem
3083 5062 3179 5117 Dei
3207 5061 3493 5117 invisibilis
3522 5064 3655 5125 dici.
3688 5075 3742 5119 ut

2174 5149 2515 5203 nequaquam
2556 5134 3048 5203 assimileturhiltis
3101 5132 3445 5203 imaginibus,
3513 5150 3632 5203 quae
3686 5137 3740 5188 in

2174 5201 2397 5276 materia
2428 5203 2629 5276 aliqua,
2669 5205 2741 5276 ίαν
2765 5212 2841 5276 est
2885 5201 3040 5274 ligni,
3066 5206 3146 5276 yet
3177 5201 3366 5276 lapidis
3403 5201 3620 5276 depi‘ngi
3666 5204 3739 5258 vel

2173 5273 2403 5343 exsculpi
2424 5272 2623 5340 solent;
2653 5275 2746 5329 sed
2762 5274 2898 5328 sicut
2923 5272 3031 5342 ipse
3057 5272 3221 5327 Pater
3258 5273 3537 5327 invisibilis
3559 5272 3635 5328 est
3654 5290 3741 5343 per

2174 5358 2442 5408 naturam,
2474 5346 2550 5399 ita
2579 5345 2858 5414 imaginem
2878 5360 3084 5414 quoque
3132 5344 3446 5414 inuisibilem
3476 5347 3731 5414 genuerit.

2178 5414 2332 5483 Unde
2379 5415 2567 5470 statuit
2620 5413 2835 5480 Filium,
2870 5413 3129 5484 quantum
3184 5415 3250 5467 ad
3280 5413 3494 5468 Patrem
3526 5416 3737 5481 attinet,

2174 5499 2294 5541 esse
2319 5486 2635 5557 veritatem,
2668 5486 2721 5557 id
2773 5494 2875 5549 est,
2908 5500 3192 5557 personam
3230 5484 3486 5557 divinam,
3531 5500 3597 5540 ac
3631 5501 3737 5557 rem
3800 5536 3805 5557 ἶ

2174 5569 2303 5611 vere
2324 5570 2423 5626 per
2450 5569 2509 5610 se
2556 5555 2977 5621 subsistentem;
3010 5564 3271 5626 quantum
3298 5555 3363 5609 ad
3381 5571 3516 5626 gnos,
3554 5556 3743 5623 imagi-

2174 5616 2439 5694 nem,'per
2465 5640 2627 5705 quam
2650 5627 2830 5709 Deum
2859 5616 3255 5708 cognoscimus.
3284 5653 3355 5664 —
3375 5625 3440 5680 D.
3474 5616 3735 5679 Prutlent.
3789 5616 3810 5643 "‘

2173 5694 2381 5765 Maran.
2433 5694 2508 5750 De
2559 5696 2764 5750 dtmmt.
2812 5693 3006 5750 Christi
3060 5695 3153 5749 ltb.
3206 5709 3276 5758 IV,
3325 5710 3443 5765 cap.
3475 5695 3735 5759 16,ιιιηιι.

2177 5766 2233 5821 1.
2267 5764 2397 5821 Vide
2448 5774 2505 5820 et
2547 5766 2759 5822 Bullum
2804 5765 3018 5835 Defens.
3070 5766 3199 5827 ﬁdei
3247 5764 3478 5821 Nicena:
3514 5769 3582 5822 de
3614 5765 3733 5820 Filii

2178 5835 2253 5908 τῷ
2277 5836 2563 5909 bimo-acim,
2600 5851 2716 5910 cap.
2742 5839 2793 5907 9,
2824 5852 2973 5893 num.
3000 5837 3063 5894 i7
3095 5846 3150 5893 et
3188 5837 3270 5893 18.
