4020 6306
288 360 406 420 705
480 416 487 419 .

1145 367 1720 427 ORIGENIANORUM
1757 368 1889 426 LIB.
1928 368 1994 435 ll,
2034 366 2185 424 CAP.
2222 368 2290 434 ll,
2327 367 2597 436 QUASST.
2632 368 2698 424 Il.

3424 373 3523 428 766

285 482 367 537 De
393 482 710 556 dogmatib.,
734 500 861 555 cap.
887 487 922 542 4
947 502 962 539 :
996 504 1017 539 ι
1041 486 1204 555 Nihil,
1234 490 1431 559 inquit,
1465 490 1566 546 sibi
1599 490 1866 546 invisibile
1892 497 1939 552 Δ
1966 499 2019 545 et
2047 504 2400 560 cognoscere,
2451 488 2833 566 intellectualis
2864 498 3071 545 natura
3109 500 3211 546 est.
3254 491 3527 562 Quidquid

288 588 321 627 a
349 576 619 632 creaturis
669 578 748 648 (in
792 575 1052 635 Trinitate
1088 580 1384 653 credamus)
1417 592 1476 637 ut
1517 582 1804 653 Origenes.
1835 603 1854 638 ι

285 662 624 736 Legendum,
648 668 897 735 nil'allor,
926 681 983 725 tu
1012 674 1297 740 creaturis,
1329 676 1431 730 hoc
1460 687 1565 742 est,
1590 677 1862 733 nihilesse

289 757 583 815 credamus
608 761 662 815 in
696 760 986 830 Trinitate,
1025 765 1166 833 quod
1196 766 1265 821 ab
1288 765 1560 837 aliquibus
1585 768 1703 837 ejus
1739 782 1862 838 per-

286 850 442 903 sonis
474 850 645 906 videri
668 866 772 907 non
799 853 995 921 possit,
1018 856 1474 923 quemadmodum
1523 872 1551 910 a
1592 858 1860 913 creaturis

284 941 461 996 videri
502 957 605 996 non
666 952 863 1012 potest,
923 944 1065 1012 quod
1106 947 1312 1014 putavit
1361 945 1645 1016 Origenes.
1676 947 1783 1003 Par
1808 958 1863 1004 et

285 1031 381 1086 illa
420 1030 707 1087 Justiniani
755 1033 808 1087 in
858 1032 1103 1104 Epistola
1147 1036 1216 1089 ad
1274 1036 1520 1105 Menam,
1565 1048 1621 1094 et
1672 1040 1859 1095 lsidori

287 1124 385 1180 lib.
415 1140 510 1179 vm
539 1123 772 1195 0rigin.,
808 1141 928 1195 cap.
964 1126 1020 1191 5,
1061 1138 1116 1183 et
1160 1130 1411 1199 anonymi
1442 1132 1679 1186 auctoris
1723 1133 1861 1201 Apo-

287 1216 445 1285 logia:
470 1232 565 1285 pro
590 1215 835 1287 Origene,
870 1219 1010 1288 apud
1041 1218 1461 1287 Pbotium,eod.
1489 1236 1658 1288 exvit,
1687 1232 1741 1276 et
1765 1222 1860 1276 Ni-

283 1316 421 1361 ceta
445 1307 774 1377 Acominati,
807 1320 862 1364 et
888 1309 1107 1367 Honorii
1134 1313 1639 1382 Augustodunensis
1673 1316 1724 1368 in
1764 1314 1856 1368 lib.

283 1399 366 1454 De
392 1401 522 1458 har.
555 1412 609 1456 et
640 1400 867 1456 Cedreni
909 1403 960 1457 in
985 1401 1321 1469 Contpendio,
1358 1414 1414 1459 et
1439 1402 1618 1461 Suida
1652 1405 1702 1459 in
1730 1420 1862 1461 voce

297 1488 622 1561 Ὦριγένης,
656 1501 710 1546 et
735 1490 959 1547 Zonara
984 1491 1082 1548 lib.
1122 1508 1165 1547 tt
1208 1493 1261 1547 in
1290 1493 1471 1548 Decio.
1514 1494 1691 1565 Atque
1718 1498 1862 1551 hunc

282 1588 452 1652 porro
483 1597 726 1639 errorem
759 1585 827 1639 ab
870 1584 1194 1640 Adamantio
1242 1596 1516 1642 mutuatus
1548 1599 1633 1643 est
1676 1584 1859 1655 Arius,

283 1689 452 1743 quem
486 1674 670 1730 dicere
696 1690 886 1730 ausum
925 1690 1046 1731 esse
1079 1688 1266 1731 narrat
1295 1679 1627 1733 Athanasius
1656 1678 1733 1733 De
1770 1697 1860 1750 sy-

285 1766 481 1821 nodis:
527 1765 789 1821 Ἀδύνατα
822 1766 937 1839 Υἱῷ
963 1768 1056 1822 τὸν
1108 1769 1327 1840 Πατέρα
1383 1770 1703 1842 ἐξιχνιάσαι,
1752 1767 1864 1837 οἷός

282 1858 434 1909 ἐστιν
450 1858 534 1926 ἐφ’
563 1858 777 1911 ἑαυτοῦ.
797 1861 968 1923 Αὐτός
993 1858 1101 1931 γὰρ
1130 1863 1157 1913 ὁ
1185 1839 1311 1927 Υἱὸς
1338 1861 1435 1933 τὴν
1455 1839 1646 1916 ἑαυτοῦ
1675 1864 1858 1919 οὐσίαν
1894 1839 1937 1894 Β

282 1949 389 2002 οὐκ
429 1944 590 2003 οἶδεν.
641 1950 769 2013 Υἱὸς
798 1951 905 2023 γὰρ
956 1950 1054 2017 ὣν,
1100 1951 1312 2023 Θελήσει
1347 1954 1560 2024 Πατρὸς
1614 1956 1858 2027 ὑπῆρχεν

284 2039 522 2108 ἀληθῶς.
558 2040 653 2103 Τίς
676 2040 781 2112 γὰρ
808 2040 963 2110 λόγος
1000 2047 1270 2113 συγχωρεῖ
1291 2043 1380 2096 τὸν
1406 2046 1469 2097 ὲκ
1496 2047 1706 2116 Πατρός
1732 2047 1859 2103 ὄντα

286 2131 454 2183 αὐτὸν
473 2130 562 2183 τὸν
586 2134 918 2203 γεννήσαντα
940 2132 1142 2201 γνῶναι
1157 2135 1214 2188 ὲν
1235 2134 1531 2205 καταλήψει
1553 2152 1567 2202 ;
1593 2137 1757 2207 Δῆλον
1779 2138 1859 2190 ὅτι

286 2222 350 2274 τὸ
379 2222 553 2294 ἀρχὴν
583 2222 703 2293 ἕχον
736 2223 827 2277 τὸν
851 2224 1083 2295 ἄναρχον
1105 2224 1180 2289 ὥς
1216 2229 1362 2279 ἐστιν
1388 2227 1799 2300 ὲμπερινοῆσαι,
1823 2229 1858 2301 ἢ

287 2314 785 2387 ἑμπεριδράξασθαι
821 2317 918 2387 οὐχ
949 2310 1121 2371 οἷόντέ
1170 2320 1337 2376 ἐστιν.
1370 2338 1389 2371 ι
1426 2321 1678 2376 Possibile
1716 2323 1858 2376 enim

288 2407 395 2474 ipsi
430 2423 535 2462 non
562 2418 644 2463 est
666 2408 990 2480 investigare
1024 2409 1238 2465 Patrem
1265 2411 1443 2480 qualis
1472 2412 1523 2466 in
1551 2414 1730 2482 seipso
1753 2424 1858 2469 est.

283 2497 461 2554 Filius
486 2500 684 2569 quippe
712 2516 867 2555 suam
914 2501 1032 2570 ipse
1060 2503 1347 2557 essentiam
1380 2519 1486 2558 non
1522 2505 1687 2559 novit.
1724 2490 1857 2560 Cum

286 2591 363 2646 sit
392 2591 538 2645 enim
571 2591 762 2654 Filius,
803 2595 1084 2649 voluntate
1115 2595 1292 2652 Patris
1327 2597 1448 2651 talis
1476 2597 1703 2653 exstitit.
1727 2598 1861 2665 Qua

282 2682 432 2737 enim
473 2686 723 2739 concedit
756 2687 894 2741 ratio
941 2700 1064 2741 eum
1091 2688 1181 2757 qui
1217 2690 1289 2743 sit
1321 2704 1388 2743 ex
1434 2689 1616 2755 Patre,
1654 2692 1861 2757 genito-

287 2788 403 2828 rem
428 2773 604 2843 ipsum
631 2778 1111 2845 comprehensione
1122 2780 1488 2848 cognoscere?
1509 2780 1858 2852 Perspicuum

286 2872 394 2930 est,
434 2866 578 2934 quod
616 2866 778 2922 habet
809 2869 1156 2939 principium,
1186 2885 1307 2925 eum
1335 2872 1426 2940 qui
1448 2883 1634 2928 careat
1654 2876 1859 2942 princi-

284 2954 381 3024 pio
412 2965 591 3013 mente
615 2959 894 3027 complecti
924 2960 1007 3015 vel
1038 2963 1494 3030 comprehendere
1518 2979 1623 3018 non
1647 2980 1854 3034 posse.)

365 3046 545 3102 XVIII.
578 3051 648 3103 At
696 3065 815 3104 eam
845 3052 1279 3107 criminationem
1312 3053 1384 3107 ab
1417 3054 1649 3125 Origene
1678 3056 1861 3112 multis

285 3138 562 3207 depellere
596 3151 821 3194 conatur
846 3141 1070 3197 llulinus
1096 3142 1294 3196 lnvect.
1325 3160 1341 3199 l
1370 3145 1421 3197 in
1448 3143 1857 3216 Hieronymum,

285 3232 638 3301 ostenditque
672 3235 737 3288 ad
761 3233 1111 3289 refellendam
1160 3234 1665 3291 Valentinianorum
1693 3238 1860 3294 hare-

283 3322 419 3386 sim,
453 3320 546 3392 qui
579 3324 743 3378 Deum
768 3340 1088 3394 corporeum
1135 3328 1384 3382 humanis
1416 3328 1672 3383 membris
1705 3328 1858 3383 habi-

288 3421 461 3482 tuque
490 3425 828 3470 constantem
862 3418 1258 3485 describebant,
1285 3419 1569 3490 Origenem
1603 3420 1859 3489 probasse

289 3504 461 3561 Deum
488 3520 555 3559 ex
595 3517 785 3561 natura
812 3523 909 3564 sua
935 3523 1162 3579 corpore
1190 3524 1395 3573 carere,
1423 3526 1486 3565 ac
1514 3512 1740 3580 proinde
1759 3512 1858 3565 sub

284 3596 481 3653 oculos
499 3597 692 3652 cadere
716 3614 820 3654 non
848 3614 1024 3670 posse,
1059 3601 1314 3655 visionem
1348 3601 1545 3672 quippe
1573 3617 1857 3675 corporum

286 3699 449 3751 esse;
482 3686 629 3742 nosci
665 3698 843 3742 autem
879 3704 1056 3758 posse,
1111 3691 1250 3759 quod
1297 3693 1536 3759 cognitio
1586 3708 1764 3745 rerum
1795 3693 1865 3747 sit

289 3791 528 3845 corpore
575 3780 908 3842 carentium;
947 3782 1099 3835 nosci
1164 3781 1330 3850 igitur
1382 3780 1598 3836 Patrem
1628 3799 1656 3834 a
1689 3781 1863 3847 Filio,

289 3868 466 3922 videri
497 3869 827 3938 neutiquam.
848 3870 981 3924 Tum
1008 3872 1185 3926 locum
1206 3873 1378 3942 ipsum
1408 3872 1655 3942 Origenis
1674 3875 1868 3942 depro-

293 3958 491 4023 ntit,in
523 3974 629 4028 quo
661 3961 773 4014 hac
803 3961 1066 4016 habentur
1095 3980 1107 4014 :
1138 3981 1156 4014 ι
1182 3964 1337 4017 Aliud
1372 3973 1455 4019 est
1489 3965 1688 4030 videre,
1718 3964 1863 4019 aliud

294 4065 626 4120 cognoscere
654 4053 857 4109 :videri
878 4066 933 4109 et
966 4055 1145 4109 videre
1174 4071 1457 4126 corporum
1475 4067 1557 4112 est
1578 4056 1861 4126 ;cognosei

371 4233 451 4308 (η
477 4232 619 4308 Nam
646 4234 1015 4308 Hieronymus,
1050 4245 1153 4291 etc.
1181 4236 1291 4291 line
1320 4238 1439 4293 loco
1468 4254 1573 4291 non
1602 4238 1715 4293 suis
1746 4238 1861 4308 ipse

295 4305 485 4359 verbis
514 4304 751 4378 loquitur
774 4304 1052 4374 Origenes,
1081 4309 1174 4378 sed
1206 4308 1369 4360 alium
1407 4309 1614 4362 inducit
1637 4304 1860 4378 loquen-

300 4383 435 4449 teut.
463 4375 618 4443 cujus
650 4378 973 4449 sententiam
1024 4377 1168 4449 nulla
1202 4379 1609 4445 approbationis
1655 4375 1860 4449 signiti-

301 4446 517 4498 eatione
550 4447 856 4515 conﬁrmat,
891 4456 947 4498 ut
979 4446 1208 4515 quisque
1254 4452 1561 4515 perspicere
1584 4446 1766 4514 potest
1792 4463 1859 4503 ex

1960 598 2090 655 ergo
2118 584 2397 652 proprium
2434 596 2721 650 corporum
2745 590 2848 645 est,
2884 582 2986 637 hoc
3018 598 3118 637 nec
3151 585 3219 638 de
3242 583 3403 640 Patre
3421 598 3526 654 est,

1960 689 2063 728 nec
2119 673 2184 727 de
2218 671 2355 725 Filio
2406 670 2775 726 sentiendum.
2815 669 2970 734 Quod
2997 685 3127 725 vero
3178 674 3247 725 ad
3279 683 3526 729 naturam

1959 762 2194 831 pertinet
2229 762 2486 824 Deitatis,
2537 762 2640 814 hoc
2694 760 2835 813 inter
2862 758 3075 815 Patrem
3101 772 3155 816 et
3184 760 3379 815 Filium
3405 777 3528 818 con-

1960 862 2091 907 stat.
2130 871 2150 904 ›
2179 852 2266 906 Ait
2298 853 2516 906 demum
2557 852 2905 919 depravatam
2951 851 3055 907 hoc
3090 855 3228 917 loco,
3262 863 3316 908 et
3338 868 3527 909 corru-

1960 953 2105 1014 ptam
2139 943 2306 998 fuisse
2345 959 2497 997 suam
2533 943 3056 1013 interpretationem,
3089 951 3252 1014 atque
3298 945 3373 999 Ita
3401 959 3528 1014 pur-

1961 1037 2119 1106 gandi
2173 1037 2255 1089 sui
2289 1051 2453 1090 causa
2488 1036 2767 1090 concludit
2797 1052 2813 1089 :
2849 1054 2867 1086 ι
2910 1035 2969 1090 Si
3014 1036 3136 1104 quis
3175 1043 3336 1105 negat
3383 1034 3525 1105 quod

1960 1140 2067 1179 non
2110 1125 2180 1179 ita
2226 1126 2373 1178 videt
2422 1122 2591 1178 Filius
2626 1124 2867 1192 Patrem,
2901 1125 3042 1179 sicut
3093 1124 3254 1178 Pater
3286 1123 3526 1193 Filium;

1960 1223 2015 1268 et
2046 1229 2149 1267 non
2182 1213 2256 1267 ita
2294 1213 2444 1266 videt
2473 1212 2702 1279 Spiritus
2734 1222 2951 1267 sanctus
2986 1211 3200 1266 Patrem
3228 1220 3284 1265 et
3307 1209 3526 1275 Filium,

1959 1306 2099 1358 sicut
2130 1304 2276 1358 videt
2306 1303 2465 1358 Pater
2501 1303 2699 1358 Filium
2729 1314 2784 1358 et
2813 1302 3076 1372 Spiritum
3102 1312 3370 1367 sanctum,
3392 1314 3528 1355 ana-

1963 1395 2139 1448 thema
2173 1394 2263 1448 sit.
2313 1392 2467 1448 Videt
2501 1394 2673 1458 enim,
2726 1402 2779 1448 et
2828 1392 3110 1447 verissime
3134 1392 3300 1457 videt,
3341 1389 3437 1446 sed
3466 1396 3528 1446 ut

1962 1483 2102 1536 Deus
2128 1482 2319 1548 Deum,
2346 1493 2401 1537 et
2446 1483 2542 1536 lux
2570 1482 2767 1549 lucem,
2807 1490 2863 1536 et
2892 1497 2998 1535 non
3025 1491 3083 1535 ut
3117 1495 3243 1535 caro
3280 1492 3527 1547 carnem,

1962 1572 2053 1627 sed
2082 1582 2137 1625 ut
2167 1573 2402 1642 Spiritus
2432 1584 2692 1638 sanctus;
2754 1588 2859 1625 non
2920 1572 3199 1639 corporeis
3254 1569 3529 1637 sensibus,

1963 1668 2054 1721 sed
2088 1665 2379 1718 virtutibus
2410 1664 2658 1720 Deitatis.
2695 1684 2715 1717 ι
2751 1663 2929 1717 Ruﬁni
2964 1663 3370 1733 responsionem
3396 1663 3529 1717 arri-

1963 1758 2081 1826 puit
2122 1764 2178 1810 et
2226 1755 2447 1809 uberius
2494 1753 2792 1823 ettplicavit
2840 1752 3118 1806 Halloxius
3169 1752 3261 1806 lib.
3296 1768 3347 1805 tv
3373 1749 3523 1822 Orig.

1964 1845 2189 1911 defem.,
2222 1852 2416 1914 quast.
2440 1843 2496 1897 4.
2521 1842 2695 1897 Porro
2716 1842 2867 1897 locus
2895 1841 3140 1911 Origenis
3169 1842 3253 1896 his
3281 1841 3524 1897 celebra-

1967 1947 2053 1991 tus
2082 1935 2580 1991 concertationibus
2609 1942 2788 1987 exstat
2811 1932 2904 1987 lib.
2940 1948 2956 1986 t
2997 1934 3135 2001 Περὶ
3159 1930 3379 2002 ἀρχῶν,
3403 1945 3525 2000 cap.

1967 2029 2020 2095 I,
2076 2043 2225 2081 num.
2261 2027 2316 2093 8,
2357 2026 2443 2080 cui
2499 2024 2729 2079 similem
2765 2024 2993 2077 alterum
3046 2024 3282 2091 reperies
3327 2022 3421 2076 lib.
3463 2037 3525 2086 tt,

1965 2136 2086 2191 cap.
2114 2120 2169 2183 4,
2204 2135 2352 2172 num.
2385 2118 2439 2173 '5.
2473 2116 2564 2172 His
2590 2116 2810 2187 adiungi
2839 2124 3017 2185 potest
3056 2116 3122 2169 ad
3151 2116 3373 2170 tutelam
3406 2113 3531 2170 Ori-

1965 2208 2113 2278 gettis
2143 2216 2197 2259 et
2229 2205 2316 2259 ille
2338 2220 2550 2274 quoque
2577 2219 2607 2258 e
2645 2215 2775 2258 tom.
2814 2218 2881 2256 xx
2934 2201 2987 2255 itt
3034 2201 3216 2267 Joan.,
3248 2219 3396 2257 num.
3429 2205 3459 2257 7
3501 2221 3517 2258 :

1968 2299 2177 2368 Ὠσπερ
2204 2296 2522 2368 ἀνθρώπους
2546 2294 2611 2348 ἄν
2652 2311 2802 2357 τινας
2828 2293 3074 2365 εἴποιμεν
3106 2295 3198 2346 ἀπ’
3227 2295 3397 2366 ἀρχῆς
3426 2297 3527 2349 αὑ-

1962 2392 2165 2455 τόπτας
2196 2391 2474 2460 γεγονέναι
2504 2389 2595 2442 τοῦ
2621 2389 2817 2457 Λόγου,
2848 2390 2974 2459 περὶ
2992 2382 3064 2440 ὧν
3086 2390 3114 2441 ό
3141 2388 3351 2451 Λουκᾶς
3374 2405 3523 2459 φησι⁶

1963 2484 2168 2549 Καθὼς
2189 2482 2532 2550 παρέδοσαν
2544 2480 2686 2549 ἡμῖν
2710 2483 2763 2533 οὶ
2788 2480 2887 2534 ἀπ’
2904 2477 3095 2547 ἀρχῆς
3127 2480 3411 2532 αὐτόπται
3430 2479 3529 2532 καὶ

1963 2575 2252 2644 ὑπηρέται
2274 2575 2579 2644 γενόμενοι
2620 2573 2725 2626 τοῦ
2756 2574 2977 2641 Λόγου·
3010 2573 3150 2626 οὕτω
3178 2574 3266 2626 τὸν
3300 2574 3532 2645 Σωτῆρα

1965 2665 2238 2735 αὐτόπτην
2282 2663 2504 2733 λέξομεν
2550 2658 2688 2715 εἶναι
2732 2661 2841 2715 τῶν
2886 2664 3037 2733 παρὰ
3071 2661 3148 2732 τῷ
3192 2662 3386 2733 Πατρὶ,
3435 2661 3534 2717 καὶ

1965 2755 2103 2810 κατὰ
2136 2754 2294 2807 τοῦτο
2336 2752 2583 2825 εἰρῆσθαι
2610 2754 2698 2806 τό·
2738 2753 2946 2819 Οὐδεὶς
2982 2754 3133 2822 ἔγνω
3166 2754 3272 2807 τὸν
3299 2751 3532 2823 Πατέρα

1965 2850 2017 2901 εὶ
2035 2847 2119 2917 μὴ
2146 2850 2178 2900 ό
2210 2845 2362 2912 Υἱὸς,
2379 2844 2576 2899 οὐκέτι
2590 2846 2901 2900 αὐτόπτων
2917 2845 3105 2898 ὄντων
3122 2839 3211 2910 οἷς
3230 2843 3307 2898 ἂν
3333 2848 3365 2899 ό
3398 2844 3533 2911 Υἱὸς

1965 2940 2350 3007 ἀποκαλύψῃ·
2383 2938 2530 3008 δηλοῖ
2550 2937 2606 2990 δὲ
2634 2937 2698 2990 τὸ
2739 2937 3011 3008 αὐτόπτην
3037 2936 3143 2990 τῶν
3162 2938 3221 2989 ὲν
3245 2934 3323 3006 τῷ
3353 2936 3531 3009 Πατρὶ

1965 3030 2250 3100 τυγχάνειν
2277 3032 2366 3082 τὸν
2394 3030 2621 3100 Σωτῆρα
2652 3028 2837 3099 σαφῶς
2870 3030 2903 3099 ὴ
2933 3027 3263 3101 προκειμένη
3293 3027 3451 3107 λέξις⁵
3472 3030 3531 3082 ὲν

1967 3121 2077 3193 τῷ’
2125 3124 2194 3179 Ἀ
2234 3121 2348 3192 ἐγὼ
2382 3121 2608 3188 ἑώρακα
2653 3120 2812 3188 παρὰ
2840 3118 2921 3185 τῷ
2948 3120 3148 3188 Harp},
3188 3119 3385 3175 λαλῶρ
3433 3118 3535 3173 Hic

1963 3226 2166 3278 autem,
2227 3224 2286 3267 ut
2331 3212 2457 3266 alibi
2486 3226 2648 3279 sape,
2700 3209 2828 3264 illud
2873 3227 2937 3263 ex
2969 3211 3223 3280 Apologia
3260 3210 3530 3281 Pamphili

1964 3319 2232 3372 usurpare
2277 3303 2445 3357 licet:
2482 3322 2502 3354 ι
2541 3302 2771 3356 Dubium
2823 3312 3003 3356 autem
3063 3318 3168 3356 non
3230 3311 3335 3367 est,
3385 3304 3529 3373 quod

1964 3395 2151 3450 eodem
2188 3410 2349 3451 sensu
2392 3393 2555 3448 etiam
2597 3393 2651 3447 in
2687 3393 2899 3449 eateris
2933 3394 3154 3459 sentiat,
3182 3410 3282 3449 nec
3311 3395 3384 3450 sit
3423 3394 3531 3450 sibi

1964 3487 2078 3556 ipse
2108 3485 2431 3540 contrarius.
2465 3503 2483 3537 ι

2033 3592 2177 3648 XIX.
2210 3594 2462 3648 Altamen
2495 3608 2563 3648 ne
2609 3594 2847 3663 perfecte
2880 3593 3098 3663 quidem
3127 3603 3182 3648 et
3213 3594 3368 3663 plene
3424 3592 3528 3650 Pa-

1970 3694 2106 3741 trem
2139 3700 2169 3738 a
2208 3683 2348 3739 Filio
2387 3685 2560 3750 nosci,
2589 3686 2662 3739 ita
2698 3694 2755 3741 ut
2790 3700 2821 3739 a
2846 3686 3027 3755 seipse
3065 3686 3312 3740 noscitur
3345 3686 3532 3753 Pater,

1969 3784 2344 3852 minoremque
2375 3797 2497 3838 esse
2550 3782 2909 3849 cognitionem
2961 3782 3082 3838 Filii
3132 3797 3295 3852 quam
3354 3783 3528 3838 Patris

1965 3887 2350 3943 nonnunquam
2392 3872 2658 3942 Origenes
2680 3872 2949 3927 asseruit:
2979 3872 3057 3943 (7)
3106 3887 3229 3926 nam
3265 3872 3533 3943 Hierony-

1968 3977 2087 4017 mus
2148 3963 2202 4016 in
2250 3962 2409 4032 epist.
2486 3961 2575 4028 59,
2623 3962 2691 4015 ad
2746 3962 2909 4026 Αυίι..
2939 3976 3061 4031 cap.
3100 3962 3156 4026 4,
3188 3962 3383 4017 recitat
3425 3963 3531 4020 hoc

1965 4056 2142 4126 ipsius
2172 4054 2452 4109 decretum
2495 4068 2526 4108 e
2566 4053 2661 4109 lib.
2691 4069 2743 4109 tv
2772 4054 2912 4123 Περὶ
2942 4052 3169 4123 ἀρχῶν,
3216 4070 3368 4114 num.
3429 4054 3527 4124 '55,

1966 4239 2144 4294 cimus
2176 4237 2401 4293 artiﬁcis
2433 4238 2669 4291 animum
2702 4236 2837 4290 artis
2869 4236 3011 4291 seire
3041 4250 3370 4294 mensuram.
3408 4237 3528 4296 Nec

1966 4310 2182 4363 dubium
2235 4310 2363 4378 quin
2388 4309 2432 4361 si
2463 4306 2626 4361 Pater
2653 4307 2737 4378 sit
2766 4308 2818 4361 in
2843 4307 2999 4373 Filio,
3025 4317 3076 4361 et
3104 4308 3532 4375 comprehenda-

1969 4388 2055 4433 tur
2083 4380 2148 4433 ab
2169 4394 2234 4433 en
2254 4377 2313 4431 in
2352 4394 2457 4447 quo
2498 4388 2600 4431 est.
2643 4377 2737 4431 Sin
2767 4387 2944 4430 autem
2985 4378 3525 4444 comprehensionem

1964 4463 2085 4502 eam
2118 4450 2369 4512 dicimus,
2398 4456 2456 4500 ut
2486 4464 2591 4500 nett
2626 4448 2800 4501 solum
2827 4462 2988 4501 sensu
3022 4447 3144 4516 quis
3182 4456 3238 4500 et
3259 4447 3522 4515 sapientia

300 4515 420 4594 ipso
463 4514 801 4594 testimonio,
835 4506 1009 4594 ﬁtted:
1050 4506 1515 4594 Grace:ltaliet_ur
1543 4506 1639 4594 lib.
1685 4533 1739 4571 tv
1783 4517 1857 4572 De
1886 4506 1937 4565 Ι)
1963 4506 2405 4594 comprehendat,
2608 4526 2664 4571 et
2715 4516 2913 4571 virtute
2945 4527 3001 4572 et
3038 4506 3282 4594 petentia
3321 4506 3528 4594 cuneta

300 4584 601 4652 principiis,
651 4599 800 4637 num.
835 4585 923 4639 55.
978 4589 1155 4654 Atque
1195 4586 1407 4639 etiamsi
1449 4588 1547 4640 hoc
1600 4587 1717 4641 loco
1753 4603 1862 4642 non

303 4654 540 4725 alienam
597 4656 942 4725 sententiam,
988 4659 1081 4709 sed
1136 4671 1286 4708 suam
1319 4669 1667 4725 proponeret,
1716 4657 1862 4712 illius

305 4723 550 4794 profecto
578 4723 736 4777 verba
761 4727 947 4779 eodem
976 4740 1135 4780 sensu
1165 4723 1473 4794 accipienda
1505 4737 1723 4790 essent,
1752 4743 1861 4794 quo

306 4794 405 4867 ista
448 4792 628 4867 Basilii
661 4794 859 4867 exglib.
881 4811 930 4848 tv
956 4797 1203 4867 adversus
1233 4792 1547 4849 Eunomium
1579 4813 1598 4850 :
1633 4799 1696 4850 Εἰ
1723 4792 1860 4867 ἀλη-

305 4862 448 4935 θινὸς
476 4862 625 4927 Θεὸς,
661 4864 752 4935 καὶ
788 4864 921 4931 φῶς,
955 4866 1047 4919 καὶ
1081 4864 1367 4935 ἄτρεπτος,
1396 4868 1488 4917 καὶ
1516 4867 1737 4935 ἀγαθὸς,
1767 4862 1861 4921 καὶ

305 4932 479 5010 ἅγιος,
505 4935 598 5010 καὶ
631 4933 1033 5010 Κύριοςνό-Υἱός
1052 4953 1085 5010 '_
1108 4932 1279 5010 ταῦτα
1305 4938 1361 5010 δὲ
1387 4938 1477 5010 καὶ
1548 4932 1736 5010 Πατὴρ
1761 4936 1857 5004 ὢν,

304 5002 619 5127 mimici;
637 5002 800 5066 ἐστὶν,
817 5006 949 5060 ἀλλὰ
972 5007 1254 5127 regem;
1270 5007 1368 5059 οὐκ
1390 5007 1574 5071 οὐσίας
1598 5002 1859 5081 ὑπεροχῇ,

470 5076 748 5127 ποιότητος
768 5076 971 5127 ὑπεοϐο
1004 5080 1059 5127 ἦ.
1090 5097 1108 5127 ‹
1140 5078 1194 5127 St
1215 5093 1370 5127 verus
1396 5078 1557 5127 Deus.
1588 5089 1643 5127 et
1673 5080 1785 5127 lux-
1805 5090 1859 5127 et

470 5024 619 5068 ιοιως
637 5024 800 5066 εστιν,
817 5024 949 5060 mat
972 5024 1254 5129 {tetgovmr
1270 5024 1368 5059 ουκ
1390 5024 1574 5071 ουσιας
1598 5024 1859 5081 υπεροχῃ,

470 5076 748 5149 ποιότητος
768 5076 971 5149 ὑπερὸο
1004 5080 1059 5149 ᾗ.
1090 5097 1108 5129 ‹
1140 5078 1194 5131 Si
1215 5093 1370 5133 verus
1396 5078 1557 5142 Deus,
1588 5089 1643 5132 et
1672 5080 1785 5144 lux,
1805 5090 1861 5134 et

311 5144 678 5214 immutabilis,
704 5155 759 5199 et
800 5144 1080 5210 bonus-,"et
1104 5158 1363 5214 sanctus;
1395 5157 1450 5200 et
1482 5149 1735 5202 Dominus
1779 5159 1861 5205 est

307 5212 495 5267 Filius.
531 5214 650 5268 liae
679 5224 852 5269 autem
888 5226 942 5270 et
970 5217 1128 5272 Pater
1180 5233 1303 5271 cum
1347 5212 1439 5282 sit,
1474 5233 1579 5272 non
1610 5219 1860 5274 similiter

308 5286 551 5357 est,__sed_
570 5285 829 5354 amplius;
863 5302 966 5341 non
991 5289 1306 5342 substantia
1333 5290 1736 5357 exsuperantia,
1764 5292 1860 5345 sed

308 5353 585 5422 qualitatis
614 5353 946 5423 prastantia.
981 5376 1000 5408 ι
1030 5358 1095 5411 Ει
1127 5360 1262 5413 hanc
1302 5373 1421 5413 esse
1470 5353 1703 5413 mentem
1734 5360 1859 5415 Ori-

307 5424 460 5545 genis
494 5425 812 5494 intelligitur
850 5443 915 5480 ex
943 5428 1010 5481 iis
1035 5428 1211 5481 verbis
1231 5442 1350 5496 qua
1383 5430 1690 5496 praecedunt
1718 5432 1858 5500 apud

336 5492 718 5545 Iiernnvmum.
776 5497 864 5545 ubi
903 5496 1158 5545 Origenes
1208 5512 1308 5545 suo
1342 5498 1562 5545 nomine
1603 5499 1851 5545 lnnuitun

336 5492 718 5570 lieronymuni,
776 5497 864 5550 ubi
903 5496 1158 5570 Origenes
1185 5492 1308 5570 suo
1341 5492 1562 5570 nomine
1602 5492 1854 5570 loquitur,

309 5578 373 5616 ac
401 5565 589 5617 statuit
613 5580 716 5617 non
736 5580 855 5620 esse
875 5565 1091 5619 dubium
1112 5567 1237 5634 quin
1257 5567 1306 5620 si
1350 5565 1508 5623 Pater
1526 5570 1597 5624 sit
1618 5565 1853 5635 in'Filio,

310 5643 363 5705 et
405 5635 897 5705 comprehendatur
937 5636 1005 5689 ab
1057 5652 1141 5702 eo,
1179 5638 1374 5705 in1quo
1400 5647 1523 5693 est:
1554 5655 1573 5689 ι
1621 5640 1679 5694 Si
1713 5642 1857 5695 enim

313 5700 543 5779 Patren!
556 5705 835 5773 cognoscit
858 5703 1047 5772 Filius,
1078 5700 1525 5779 inquitfvidetur,
1548 5710 1601 5763 in
1625 5724 1691 5765 eo
1717 5711 1859 5779 quod

317 5773 466 5829 novit
494 5771 732 5841 Patrem,
757 5788 915 5845 posse
934 5771 1059 5860 eum~
1078 5771 1605 5864 comprehenderet
1622 5789 1683 5861 ut
1710 5771 1756 5840 si
1775 5781 1885 5863 «ιιι

1968 4596 2146 4642 teneat
2201 4590 2289 4657 qui
2328 4588 2767 4657 ceguovlt,_non
2811 4601 3096 4657 possumus
3144 4586 3326 4642 dicere
3380 4588 3523 4657 quod

1962 4655 2383 4725 comprehendat
2436 4656 2601 4710 Filius
2641 4655 2879 4710 Patrem.
2938 4655 3098 4709 Pater
3149 4671 3279 4711 vero
3335 4655 3519 4714 omnia

1962 4728 2383 4798 comprehendit.
2413 4727 2557 4798 Inter
2585 4726 2766 4798 omnia
2799 4733 2975 4798 autem
2997 4735 3051 4779 et
3073 4725 3238 4798 Filius
3262 4736 3364 4790 est,
3391 4742 3525 4798 ergo

1961 4808 2015 4851 et
2054 4796 2245 4864 Filium
2297 4796 2724 4864 comprehendit.
2763 4813 2782 4846 ι
2812 4794 3094 4850 Postrema
3128 4797 3289 4851 verba
3334 4794 3522 4853 Graece

1962 4868 2102 4934 apud
2146 4863 2507 4919 Iustinianum
2556 4866 2618 4917 ad
2653 4866 2857 4919 calcem
2900 4866 3060 4935 epist.
3092 4864 3156 4918 ad
3188 4865 3398 4919 Menam
3442 4869 3521 4921 sic

1958 4935 2236 5018 leguntur:
2257 4936 2392 5018 ῌὶρὲ
2417 4936 2445 4987 ὁ
2469 4935 2661 5018 Πατῂρ
2678 4935 3001 5018 ἐμπεριέχει
3017 4935 3086 4989 τὰ
3114 4935 3306 5018 πόιντα,
3334 4935 3525 5018 «ayss

1961 4952 2205 5061 teguntur
2225 4952 2236 4986 :
2257 4952 2319 4989 nt
2337 4952 2392 4988 οε
2417 4953 2445 4987 ο
2469 4952 2992 5058 υατῖλρὸεμπεριεχει
3017 4952 3086 4989 τα
3114 4952 3306 4999 παντα,
3334 4953 3441 5019 των
3464 4952 3519 4991 οε

1966 5076 2005 5078 _7
2043 5022 2179 5059 ντων
2223 5006 2284 5059 τὲ
2328 5008 2477 5078 ἐστιν
2520 5008 2548 5058 ό
2678 5023 2738 5071 ς,
2776 5005 2939 5078 ,δῆλον
2976 5008 3057 5061 ὅτι
3112 5005 3327 5078 καὶτὸν
3369 5006 3519 5078 [idm

1964 5076 2232 5131 Uuitatem
2266 5077 2512 5147 essentia
2541 5086 2595 5130 et
2615 5075 2976 5147 aqualitatem
3026 5078 3080 5132 in
3121 5076 3279 5147 Patre
3305 5086 3358 5130 et
3384 5075 3529 5132 Filio

1961 5147 2187 5201 tuirilice
2208 5148 2426 5215 exponit
2453 5145 2733 5216 Origenes,
2759 5149 2886 5201 dum
2912 5147 3132 5201 Patrem
3151 5162 3181 5200 a
3213 5145 3353 5201 Filio
3372 5162 3525 5202 com-

1962 5218 2217 5287 prehendi
2263 5218 2469 5281 statuit,
2500 5218 2622 5285 quia
2669 5217 2829 5273 Pater
2861 5218 2914 5272 in
2962 5216 3099 5287 Filio
3144 5227 3243 5287 est.
3301 5217 3521 5287 Patrem

1961 5285 2089 5358 ergo
2118 5289 2169 5340 in
2201 5287 2506 5358 Filioesse
2524 5288 2798 5358 credebat,
2837 5302 2940 5341 non
2990 5286 3115 5356 quia
3163 5285 3310 5341 Patri
3343 5285 3516 5343 Filius

1959 5355 2164 5421 obedit,
2194 5359 2285 5413 sed
2309 5357 2437 5427 quia
2468 5355 2604 5411 Filio
2634 5356 2793 5427 Pater
2818 5368 2981 5411 totam
3003 5355 3234 5411 divinam
3269 5358 3518 5413 substan-

1964 5430 2089 5482 tiam
2124 5426 2428 5497 generando
2460 5428 2697 5482 tradidit.
2730 5426 2885 5483 Unde
2914 5427 3195 5497 scientiam
3219 5438 3275 5484 et
3305 5429 3522 5496 sapien-

1963 5499 2089 5550 tiant
2113 5494 2167 5552 in
2197 5509 2423 5567 utroque
2442 5498 2701 5570 aqualem
2732 5497 2975 5566 agnoscit
3007 5494 3282 5570 Origenes,
3309 5494 3521 5552 ae'illud

1962 5576 2168 5623 tantum
2199 5568 2699 5638 comprehensionis
2736 5581 2931 5635 genus,
2951 5582 3057 5637 quo
3086 5568 3324 5638 genitum
3364 5582 3519 5638 eom-

1957 5638 2240 5709 prehendit
2271 5639 2499 5709 genitor,
2529 5654 2559 5692 a
2586 5637 2717 5709 Filio
2742 5636 2998 5709 removet.
3026 5636 3361 5694 —-'Domnus
3378 5636 3515 5709 Pru-

1959 5707 2107 5764 dent.
2160 5707 2349 5764 Maran
2388 5707 2717 5767 De'diviuit.
2757 5707 2952 5766 Christi
3003 5710 3095 5767 lib.
3141 5724 3221 5780 tv,
3265 5722 3388 5780 cap.
3423 5707 3497 5764 16

1962 5795 2115 5836 num.
2138 5779 2175 5835 2
2195 5789 2250 5836 et
2278 5780 2332 5836 4.

1962 5795 2115 5840 nunt.
2138 5789 2175 5835 2
2195 5789 2250 5839 et
2278 5789 2332 5836 4.
