4054 6310
479 325 579 381 767

1782 315 1844 372 P.
1883 313 2194 372 DANlELlS
2230 309 2464 368 HUETII

3619 300 3744 356 768

477 444 621 518 quod
648 451 701 496 et
732 441 919 499 Graece
944 438 1165 493 exhibet
1190 436 1526 492 .lustinianus
1568 435 1622 489 in
1659 435 1762 488 line
1799 433 2052 502 Epistolas
2083 473 2089 492 ι

2190 432 2256 486 πὸ
2279 431 2372 485 τοῦ
2406 428 2620 500 Πατρὸς
2647 424 2958 496 ἀγνοεισθαί
2991 425 3098 477 ὕπδ
3122 401 3216 474 τοῦ
3256 420 3408 484 Υἱοὶ),
3439 421 3742 491 διαρκοῦν-

485 536 557 590 ad
601 532 808 588 Menam
844 548 863 584 :

479 625 684 696 ὁμοίως
712 622 801 676 τὸν
834 621 966 674 Θεὸν
994 620 1082 688 ὑφ’
1110 617 1300 672 ἑαυτοῦ
1353 616 1736 686 γινώσκεσθαι,
1772 616 1849 687 τῷ
1895 614 2055 684 γινώ-

486 717 714 771 σκεσθαι
743 715 903 768 αὐτὸν
938 712 1042 766 ὑπὸ
1069 711 1162 764 τοῦ
1195 709 1530 779 Μονογενοῦς
1554 726 1570 742 ·
1589 711 1682 764 καὶ
1697 711 2055 778 ἁποφανεῖται

483 811 568 866 ὅτι
609 810 669 863 τὸ
718 807 1006 880 εἰρημένον
1031 821 1046 836 ο
1083 805 1134 857 Ὁ
1165 803 1368 873 Πατὴρ
1411 806 1443 858 ὀ
1472 803 1714 873 πέμψας
1744 820 1822 872 με
1851 799 2057 865 μείζων

477 921 602 976 μου
629 900 820 962 ἐστὶν,
845 901 902 952 ἐν
931 899 1096 951 πᾶσιν
1130 896 1348 967 ἀληθές.
1378 896 1537 948 ’Ὥστε
1569 897 1663 949 καὶ
1687 897 1740 948 ἐν
1761 895 1838 965 τῷ
1868 898 2006 948 νοεῖν
2030 897 2058 949 6

487 993 676 1065 Πατὴρ
718 992 978 1063 μειζόνως
1037 989 1131 1042 καὶ
1181 987 1520 1058 τρανοτέρως
1567 988 1661 1040 καὶ
1712 986 2058 1058 τελειοτέρως

485 1091 689 1143 νοεῖται
750 1085 841 1154 ὑφ’
885 1081 1115 1149 ἑαυτοῦ,
1165 1082 1197 1152 ἦ
1247 1079 1350 1134 ὑπὸ
1391 1078 1485 1132 τοῦ
1525 1080 1674 1134 Υἱοῦ.
1731 1098 1749 1130 ι
1806 1080 2061 1133 Curiosus

490 1179 660 1232 lector
684 1175 940 1243 inquirat.
967 1183 1144 1226 utrum
1182 1187 1209 1226 a
1252 1171 1541 1238 semetipso
1583 1181 1940 1240 cognoscatur
1963 1168 2069 1221 Pa«

495 1279 600 1334 ter,
625 1266 896 1336 quomodo
926 1264 1278 1331 cognoscitur
1322 1277 1348 1314 a
1387 1261 1556 1324 Filio;
1608 1261 1895 1328 sciensque
1931 1257 2062 1312 illud

495 1357 636 1429 quod
675 1356 936 1425 scriptum
970 1362 1053 1406 est
1082 1367 1096 1405 :
1134 1350 1303 1404 Pater
1336 1353 1426 1422 qui
1460 1352 1599 1404 misit
1633 1367 1735 1414 me,
1775 1349 1948 1417 major
1984 1364 2065 1402 me

496 1457 573 1504 est
602 1450 669 1514 ",
697 1448 750 1500 in
785 1446 1036 1499 omnibus
1077 1459 1266 1498 verum
1299 1458 1421 1497 esse
1463 1442 1778 1506 Contendet,
1825 1449 1888 1494 ut
1921 1441 2069 1495 dicat

497 1553 554 1601 et
581 1543 634 1596 in
661 1539 968 1605 cognitione
1019 1536 1160 1592 Filio
1197 1536 1411 1590 Patrem
1466 1549 1588 1588 esse
1619 1532 1902 1601 majorem,
1943 1533 2065 1586 dum

497 1630 794 1704 perfectius
829 1638 884 1684 et
911 1629 1100 1697 purius
1123 1642 1152 1680 a
1183 1625 1471 1694 semetipso
1506 1623 1870 1692 cognoscitur,
1908 1637 2067 1690 quam

503 1740 534 1779 a
565 1724 716 1778 Filio.
746 1742 765 1774 ι
795 1722 972 1790 Atque
1000 1720 1049 1773 id
1079 1735 1199 1774 esse
1237 1733 1412 1772 causa:
1438 1731 1606 1786 quare
1642 1715 1836 1769 Filium
1860 1729 1891 1768 a
1912 1713 2072 1768 Patre

903 530 1093 592 ’Ἄλλος
1143 528 1200 581 δέ
1253 546 1334 591 τις
1358 526 1584 598 ζητήσει
1630 528 1680 580 εί
1729 525 1925 595 ἀληθὲς
1988 524 2050 578 τὸ
2153 541 2245 587 τος
2269 520 2588 590 ἐξισωθῆναι
2617 519 2739 580 ταῖς
2764 510 3223 586 καταλήψεσιτοῦ
3257 513 3522 583 άγενήτου
3567 513 3736 567 Θεοῦ·

2158 612 2474 667 ἐπιστατέον
2506 609 2666 663 αὑτὸν
2687 610 2750 660 έκ
2780 607 2874 659 τοῦ
2902 603 3160 676 ἀλήθειαν
3191 599 3330 657 εἶναι
3361 603 3452 658 τὸν
3475 605 3741 677 Σωτῆρα,

2159 707 2254 761 καὶ
2283 703 2616 779 προσακτέον
2647 702 2727 755 ὅτι
2773 702 2823 754 εί
2860 699 3149 771 ὁλόκληρός
3203 699 3349 752 ἐστιν
3402 700 3435 770 ή
3481 698 3741 768 ἀλήθεια,

2160 800 2310 855 οὐδὲν
2337 797 2532 869 ἀληθὲς
2571 797 2771 864 ἀγνοεῖ,
2803 793 2892 846 ἴνα
2923 793 2996 863 μὴ
3027 791 3202 863 σκάζῃ
3235 791 3497 845 λείπουσα
3526 794 3560 863 ἡ
3597 791 3738 862 ἀλή-

2165 891 2282 945 θεια
2308 885 2388 953 οἷς
2424 889 2484 942 οὐ
2513 886 2790 956 γινώσκει,
2835 885 2956 939 κατ’
2988 885 3250 947 ἐκείνους,
3278 884 3640 955 τυγχάνουσιν
3676 885 3742 938 ἐν

2167 982 2312 1053 μόνῳ
2342 979 2421 1051 τῷ
2446 979 2640 1050 Πατρὶ,
2668 978 2700 1049 ἢ
2727 975 2987 1030 δεικνύτω
3012 993 3096 1040 τις
3120 978 3200 1030 ὅτι
3233 975 3378 1029 ἔστιν
3400 976 3435 1030 ἃ
3467 976 3746 1045 γινωσκόο

2171 1090 2306 1145 μενα
2337 1072 2435 1141 τῆς
2465 1069 2716 1142 ἀληθείας
2740 1068 3109 1141 προσηγορίας
3142 1070 3204 1121 οὐ
3235 1069 3593 1139 τυγχάνοντα,
3623 1069 3746 1124 ἀλλ’

2169 1167 2309 1237 ὑπὲρ
2340 1165 2508 1236 αὐτὴν
2553 1164 2703 1217 ὅντα.
2735 1163 3052 1217 Adtlcndum
3087 1178 3366 1218 censerem
3406 1172 3460 1216 et
3506 1162 3671 1216 istum
3712 1177 3745 1217 e
3825 1168 3832 1170 “

2171 1261 2268 1314 lib.
2312 1275 2328 1314 ι
2359 1259 2498 1327 Περὶ
2530 1256 2751 1326 ἀρχῶν,
2781 1271 2902 1323 cap.
2931 1257 2983 1320 5,
3018 1272 3164 1312 num.
3208 1258 3239 1310 4
3282 1256 3464 1327 (quem
3517 1265 3747 1327 usurpat

2171 1367 2289 1422 cap.
2334 1351 2402 1406 l8
2465 1362 2656 1405 auctor
2708 1349 2874 1404 libelli
2938 1349 3012 1403 De
3061 1351 3253 1402 deitnte
3297 1360 3344 1402 et
3379 1349 3748 1402 incarnatione

2179 1443 2356 1506 Verbi.
2386 1444 2450 1497 ad
2475 1441 2792 1497 Januarium
2817 1481 2832 1508 ,
2859 1442 2950 1511 qui
2993 1440 3339 1510 subjungitur
3368 1451 3515 1495 tomo
3549 1450 3749 1510 quarto

2150 1533 2480 1606 'Angustini)
2500 1554 2514 1601 ;
2533 1534 2586 1588 in
2618 1534 3094 1604 quocognitionem
3120 1533 3353 1602 Spiritus
3376 1533 3551 1588 sancti
3574 1547 3754 1602 aequa—

2177 1626 2277 1682 lem
2306 1643 2426 1681 esse
2457 1627 2747 1696 cognitioni
2773 1625 2953 1681 Patris
2986 1635 3040 1680 et
3073 1624 3189 1678 Filii
3219 1625 3540 1691 ostenditur,
3565 1624 3611 1679 si
3640 1640 3751 1680 non

2180 1721 2279 1773 hoc
2303 1735 2457 1787 opus,
2481 1728 2540 1773 ut
2573 1719 2734 1773 t0ties
2769 1718 2978 1783 monui,
3011 1719 3063 1771 in
3103 1718 3166 1771 iis
3204 1717 3438 1770 maxime
3465 1716 3659 1783 quibus
3684 1716 3756 1770 de

512 1812 920 1884 comprehendi,
944 1809 1158 1864 Patrem
1198 1823 1328 1863 vero
1357 1823 1386 1860 a
1415 1807 1554 1863 Filio
1584 1805 1900 1874 neutiquam
1929 1820 2079 1859 com-
2106 1805 2150 1860 B
2180 1810 2446 1866 Trinitate
2496 1811 2698 1881 agitur,
2733 1809 3074 1878 corrupisset
3129 1808 3380 1864 Ruﬁnus.
3429 1808 3520 1864 Sic
3572 1816 3753 1863 autem

506 1905 767 1977 prehendi
802 1903 1230 1974 posse-opinatus
1255 1899 1345 1960 sit.
1369 1899 1444 1952 ait
1473 1897 1866 1968 Hieronymus:
1888 1905 2076 1951 contra

507 2015 673 2070 quam
697 1999 976 2068 Paganino
1006 1993 1308 2050 Gaudentio
1341 1994 1517 2047 visum
1559 2002 1642 2046 est
1681 1991 1774 2045 lib.
1817 1990 1893 2044 De
1936 2005 2078 2043 com-

506 2103 684 2163 parat.
718 2091 892 2159 dogm.
926 2087 1140 2156 Origen.
1167 2103 1283 2140 cum
1312 2083 1504 2154 philos.
1541 2081 1927 2152 Platonis;qui
1961 2082 2079 2136 ideo

509 2183 788 2239 censuisse
817 2181 1105 2250 Origenem
1135 2177 1344 2242 scribit,
1377 2176 1572 2230 Filium
1591 2175 1773 2230 videre
1795 2189 1900 2228 non
1925 2186 2081 2243 posse

507 2271 750 2337 Patrem,
789 2272 915 2341 quia
943 2270 1141 2324 Filium
1179 2268 1367 2323 habuit
1405 2281 1503 2336 pro
1540 2281 1597 2320 re
1627 2274 1845 2331 creata;
1871 2264 2084 2319 intelle-

506 2361 657 2420 ctum
707 2372 888 2418 autem
933 2373 1174 2418 creatum
1211 2375 1326 2416 rem
1385 2359 1654 2413 inlinitam
1709 2370 1937 2412 cernere
1971 2369 2082 2410 non

515 2473 692 2528 posse.
727 2455 862 2511 Cum
897 2455 1040 2510 enim
1073 2464 1292 2522 putasse
1345 2449 1552 2511 feratur
1596 2460 1771 2517 neque
1812 2447 2008 2502 Filium
2051 2461 2083 2501 a

517 2549 940 2618 Spiritu'sancto
964 2545 1130 2600 videri
1160 2557 1340 2613 posse,
1358 2557 1534 2611 neque
1556 2539 1818 2610 Spiritum
1837 2550 2083 2594 sanctum

519 2639 588 2695 ab
615 2622 842 2706 angelis,
888 2651 1064 2704 neque
1111 2634 1336 2703 angelos
1389 2633 1456 2688 ab
1507 2632 1842 2696 hominibus,
1891 2644 2086 2685 vanam

516 2748 643 2788 esse
678 2732 927 2800 sequitur
955 2729 1248 2785 Gandentii
1281 2728 1672 2798 conjecturam.
1721 2725 1924 2781 Eodem
1970 2741 2091 2796 per-

522 2823 659 2878 tinet
704 2823 848 2892 quod
896 2823 1150 2891 queritur
1181 2819 1568 2891 Hieronymus,
1600 2834 1720 2889 cap.
1761 2815 1812 2884 l,
1847 2817 2088 2887 ejusdem

529 2914 782 2984 Epistolw
814 2915 883 2967 ad
918 2913 1081 2977 Avit.,
1116 2913 1421 2967 decrevisse
1455 2909 1766 2982 Origenem,
1791 2909 1958 2965 Deum
1978 2907 2090 2963 Pa-

526 3017 656 3064 trem
684 3022 794 3060 esse
821 3006 992 3059 lumen
1016 3003 1556 3072 incomprehensibile.
1592 3003 1912 3074 Anonymus
1952 3013 2091 3070 quo-

2177 1911 2475 1972 conceptus
2496 1911 2579 1957 est
2612 1920 2628 1957 :
2661 1919 2681 1952 ι
2722 1901 2874 1955 Sicut
2908 1902 3053 1956 enim
3093 1902 3160 1956 de
3189 1900 3326 1955 Filio
3361 1901 3599 1964 dicitur,
3628 1901 3758 1970 quia

2178 2012 2326 2049 nemo
2347 1996 2488 2049 novit
2525 1993 2736 2048 Patrem
2772 1995 2875 2049 nisi
2916 1992 3116 2056 Filius,
3140 2003 3188 2046 et
3222 1993 3308 2046 cui
3337 1992 3557 2046 voluerit
3583 1991 3759 2047 Filius

2186 2087 2415 2140 revelare
2444 2085 2489 2116 "
2525 2099 2539 2138 :
2569 2086 2684 2140 hac
2732 2086 2919 2139 eadem
2963 2085 3128 2138 etiam
3184 2084 3254 2139 de
3310 2084 3513 2152 Spiritu
3567 2094 3760 2143 sancto

2182 2176 2316 2230 dicit
2363 2176 2676 2246 Apostolus,
2734 2191 2858 2230 cum
2904 2177 2980 2228 ait
3017 2190 3032 2228 :
3074 2174 3244 2229 Nobis
3281 2187 3456 2229 autem
3504 2174 3753 2229 revelavit

2182 2267 2323 2322 Deus
2347 2285 2439 2338 per
2461 2267 2715 2337 Spiritum
2747 2285 2900 2322 suum
2926 2285 2944 2334 ,°
2977 2266 3213 2336 Spiritus
3235 2269 3372 2322 enim
3406 2269 3587 2322 omnia
3615 2284 3761 2324 scru-

2185 2371 2350 2426 tatur,
2374 2362 2530 2415 etiam
2554 2361 2662 2413 alta
2695 2360 2789 2415 Dei
2812 2361 2879 2416 ³⁸.
2921 2359 3026 2415 Sed
3069 2370 3121 2415 et
3153 2376 3340 2415 rursus
3371 2360 3421 2413 in
3466 2359 3766 2431 Evangelia

2186 2452 2251 2506 de
2279 2453 2477 2507 divinis
2525 2462 2578 2507 et
2632 2451 3081 2521 profundioribus
3127 2453 3392 2507 doctrinis
3428 2467 3761 2508 commemo-

2185 2559 2316 2598 rans
2373 2542 2644 2608 Salvator,
2697 2558 2833 2613 quas
2869 2546 3106 2598 nondum
3141 2559 3336 2615 capere
3393 2551 3647 2616 poterant
3681 2543 3763 2600 (li-

2188 2635 2380 2703 scipuli
2412 2636 2517 2702 sui,
2555 2637 2625 2690 ita
2653 2637 2728 2689 ait
2752 2635 2817 2689 ad
2855 2637 3126 2704 apostolos
3157 2653 3169 2689 :
3199 2636 3385 2688 Adhuc
3405 2635 3570 2688 multa
3599 2635 3766 2690 habeo

2187 2745 2306 2799 qua
2342 2731 2489 2784 vobis
2511 2730 2708 2797 dicam,
2754 2731 2846 2785 sed
2889 2748 2994 2784 non
3040 2731 3253 2797 potestis
3297 2729 3488 2782 amodo
3534 2743 3760 2799 capere:

2189 2837 2304 2876 cum
2322 2833 2494 2876 autem
2512 2823 2705 2876 venerit
2731 2823 3032 2876 consolator
3054 2820 3288 2890 Spiritus
3311 2831 3550 2885 sanctus,
3572 2821 3662 2874 ille
3677 2837 3762 2875 vos

2189 2913 2387 2967 docebit
2406 2914 2602 2979 omnia,
2622 2923 2667 2966 et
2686 2913 3029 2967 commonebit
3052 2915 3226 2968 omnia
3251 2929 3367 2984 qua:
3389 2914 3504 2967 dixi
3530 2913 3672 2967 vobis
3693 2913 3761 2965 ".

2193 3003 2256 3057 Et
2288 3004 2360 3058 ita
2399 3005 2741 3059 sentiendum
2777 3014 2881 3066 est,
2915 3004 3056 3074 quod
3096 3007 3236 3060 sicut
3279 3005 3447 3061 Filius
3489 3006 3582 3074 qui
3615 3005 3761 3059 solus

525 3106 853 3170 que‘anctor
895 3095 1167 3167 Apologia
1207 3111 1301 3165 pro
1359 3094 1608 3165 Origene,
1657 3093 1798 3164 apud
1837 3091 2089 3147 Photium
2128 3161 2161 3170 Δ
2196 3095 2472 3164 cognoscit
2512 3094 2768 3162 Patrem,
2815 3096 3021 3151 revelat
3071 3097 3159 3152 cui
3212 3096 3348 3161 vult,
3400 3097 3474 3151 ita
3526 3097 3766 3166 Spiritus

525 3161 649 3248 cod.
679 3206 844 3254 cxvu,
887 3190 1027 3244 inter
1063 3189 1239 3258 capita
1265 3187 1704 3242 criminationum
1729 3174 1848 3256 quae
1872 3184 2092 3257 Origeni
2121 3161 2164 3219 θ
2199 3196 2417 3242 sanctus
2444 3189 2532 3257 qui
2562 3187 2709 3242 solus
2756 3161 3032 3242 scrutatur
3055 3188 3216 3241 etiam
3265 3186 3370 3240 alta
3405 3186 3524 3251 Dei,
3566 3161 3766 3241 revelat

527 3283 788 3339 intentari
829 3281 1112 3347 solebant,
1155 3280 1370 3335 tertium
1430 3279 1559 3335 illud
1592 3280 1752 3350 fponit
1795 3278 1971 3353 [Υἱὺν]
2021 3279 2098 3351 μὴ

526 3367 816 3438 γινώσκειν
859 3369 948 3423 τὸν
990 3368 1242 3439 Πατέρα,
1283 3368 1358 3432 ὡς
1405 3369 1567 3432 αὐτὸς
1609 3368 1820 3422 ἑαυτόν.
1853 3387 1872 3422 ι
1902 3368 2098 3423 Filium

529 3474 637 3514 non
673 3473 1004 3529 cognoscere
1027 3457 1262 3524 Patrem,
1289 3467 1347 3516 ut
1370 3460 1548 3528 seipse
1567 3457 1732 3514 Pater
1761 3459 2094 3528 cognoscit.»

529 3546 701 3618 Hujus
735 3564 865 3605 sane
891 3551 1182 3604 commenti
1218 3558 1358 3603 notae
1391 3559 1607 3604 exstant
1659 3559 1804 3604 Iomo
1839 3565 1988 3603 nm
2023 3549 2101 3617 (8)

526 3640 586 3696 in
611 3640 799 3706 Joan.,
829 3657 979 3699 num.
1009 3641 1077 3696 18
1107 3637 1511 3696 εΓινώσκειοῦν
1535 3642 1625 3695 τὸν
1647 3641 1865 3714 Πατέρα
1897 3644 1926 3695 6
1952 3641 2101 3705 Υίὸς,

529 3730 682 3802 αὐτῷ
722 3729 800 3801 τῷ
828 3729 1113 3800 γινώσκειν
1153 3732 1314 3786 αὑτὸν
1341 3733 1454 3786 ὄντι
1497 3731 1737 3804 μεγίστῳ
1765 3732 1974 3804 ἀγαθῷ,
2009 3734 2105 3786 καὶ

529 3823 715 3879 ὁποῖον
743 3823 809 3877 ἂν
840 3826 868 3877 6
895 3825 986 3876 ὲπί
1003 3825 1216 3879 τελείαν
1241 3825 1442 3894 γνῶσιν
1467 3825 1541 3880 ὢν
1563 3828 1629 3898 ἦν
1649 3825 1908 3896 γινώσκει
1928 3829 1957 3881 6
1978 3827 2106 3890 Υἱὸς

529 3917 625 3972 τὸν
658 3919 894 3990 Πατέρα,
947 3913 1226 3990 ἐδοξάσθη.
1278 3917 1444 3992 Οἶμαι
1476 3923 1558 3976 ὅτι
1599 3924 1693 3978 καὶ
1724 3923 1914 3978 ἑαυτὸν
1943 3923 2107 3993 γινώ-

535 4025 702 4072 σκων,
749 4009 884 4080 ὅπερ
915 4012 1007 4063 καὶ
1036 4009 1168 4063 αὐτὸ
1213 4013 1273 4065 οὐ
1326 4013 1543 4084 μακρὰν
1593 4015 1782 4068 ἀποδεῖ
1824 4013 1920 4070 τοῦ
1973 4033 2109 4088 προ-

533 4099 716 4172 τέρου,
749 4097 1006 4170 ἐδοξάσθη
1049 4101 1114 4153 ὲκ
1142 4099 1235 4154 τοῦ
1280 4102 1440 4156 αὑτὸν
1474 4104 1792 4172 ἐγνωκέναι.
1831 4105 2110 4175 Cognitio-

536 4206 660 4247 nem
695 4206 801 4261 qua
853 4206 912 4246 se
949 4193 1230 4262 cognoscit
1265 4191 1455 4261 Filius,
1510 4197 1822 4264 cognitione
1867 4197 1958 4252 illa
2002 4212 2109 4267 qua

537 4281 823 4350 cognoscit
853 4280 1070 4336 Patrem
1129 4283 1291 4353 paulo
1331 4284 1641 4340 inferiorem
1691 4300 1815 4341 esse
1873 4287 2108 4353 deﬁnit;

537 4375 684 4446 quod
742 4389 868 4431 mox
914 4375 1153 4445 apertius
1194 4376 1485 4446 praedicat,
1529 4377 1717 4433 dicens
1768 4375 1866 4451 τὴν
1898 4377 2112 4450 Πατρὸς

539 4466 773 4541 θεωρίαν
799 4466 936 4522 εἶναι
973 4466 1194 4541 μείζονα
1218 4469 1319 4541 τῆς
1350 4472 1406 4524 ὲν
1435 4468 1550 4541 Υίῷ
1582 4469 1834 4541 θεωρίας.

2201 3281 2366 3334 Deum
2396 3280 2480 3334 cui
2505 3280 2650 3346 vult;
2689 3279 2921 3348 Spiritus
2959 3280 3098 3334 enim
3125 3280 3213 3333 ubi
3234 3279 3344 3333 vult
3377 3280 3545 3349 spirat
3569 3278 3636 3331 ³⁰.
3663 3277 3766 3333 Ne-

2199 3387 2305 3441 que
2333 3373 2476 3427 enim
2501 3373 2796 3443 putandum
2843 3382 2925 3426 est
2953 3373 3100 3441 quod
3136 3373 3296 3426 etiam
3334 3370 3570 3442 Spiritus
3621 3369 3760 3424 Filio

2202 3465 2479 3520 revelante
2532 3465 2831 3536 cognoscit.
2877 3463 2932 3518 Si
2981 3464 3124 3518 enim
3167 3463 3440 3519 revelante
3494 3462 3634 3516 Filio
3681 3477 3770 3518 co-

2203 3554 2411 3624 gnoscit
2442 3551 2654 3608 Patrem
2688 3552 2921 3621 Spiritus
2945 3565 3192 3618 sanctus,
3215 3569 3344 3624 ergo
3372 3567 3438 3607 ex
3469 3553 3768 3621 ignorantia

2158 3701 2161 3703 _
2204 3646 2269 3699 ad
2322 3645 2601 3700 scientiam
2636 3644 2780 3698 venit
2819 3661 2833 3696 :
2874 3643 3018 3712 quod
3052 3644 3236 3714 utique
3269 3655 3324 3699 et
3354 3645 3577 3714 impium
3626 3643 3769 3713 pari-

2208 3747 2289 3791 ter
2315 3745 2368 3790 et
2405 3736 2628 3790 stultum
2659 3743 2760 3801 est,
2814 3734 3077 3803 Spiritum
3136 3745 3381 3790 sanctum
3418 3734 3689 3801 confiteri,
3720 3743 3772 3788 et

2207 3828 2563 3899 ignorantiam
2594 3828 2641 3882 ei
2676 3826 2969 3884 ascribere.
3007 3846 3025 3879 ι
3049 3825 3104 3881 Si
3137 3827 3300 3881 ullam
3329 3826 3551 3896 Spiritui
3587 3837 3775 3882 sancto

2209 3920 2565 3990 ignorantiam
2628 3918 2999 3974 ascribendam
3055 3933 3178 3974 esse
3240 3916 3505 3988 Origenes
3573 3927 3774 3988 negat,

2205 4009 2464 4081 aqualem
2489 4009 2711 4065 omnino
2743 4008 3022 4064 scientiam
3075 4008 3174 4077 ipsi
3213 4009 3404 4064 tribuit
3433 4024 3498 4063 ac
3530 4008 3680 4063 Patri
3721 4015 3774 4064 et

2205 4101 2383 4170 Filio;
2418 4116 2518 4156 nec
2571 4100 2743 4168 major
2781 4099 2924 4154 enim
2959 4099 3254 4170 excogitari
3303 4109 3480 4168 potest
3526 4099 3772 4178 scicntia,

2209 4210 2370 4265 quam
2406 4209 2527 4264 qua:
2570 4194 2715 4247 nulla
2747 4194 2966 4264 penitus
3023 4192 3344 4263 ignorantiae
3390 4191 3622 4261 caligine
3657 4204 3776 4261 per-

2211 4286 2370 4342 tnista
2406 4295 2508 4342 est.

2281 4378 2420 4434 XXI.
2461 4378 2656 4434 Filium
2684 4379 2776 4435 Dei
2811 4393 2907 4449 pro
2936 4393 2997 4434 re
3025 4387 3212 4435 creata
3241 4380 3308 4434 ab
3359 4381 3594 4450 Origene
3624 4384 3777 4440 babi-

2141 4517 2187 4572 Β
2214 4483 2326 4530 tum
2356 4474 2522 4528 fuisse
2550 4488 2614 4528 ac
2645 4473 3020 4543 praedicatum,
3053 4486 3172 4542 quac
3193 4471 3521 4526 Arianorum
3555 4484 3610 4529 et
3640 4476 3778 4530 Ano-

615 4560 732 4616 ΧΧ.
757 4561 887 4630 Quae
906 4564 1156 4634 quamvis
1184 4573 1563 4618 asseveranter
1592 4563 1940 4631 pronuntiata
1976 4563 2110 4632 sint,
2143 4560 2183 4572 “’
2216 4580 2472 4622 manorum
2507 4565 2665 4635 impia
2702 4564 2800 4619 fuit
2831 4573 2885 4620 et
2920 4564 3177 4618 damnosa
3209 4564 3412 4633 Opinio,
3455 4567 3622 4619 verba
3671 4568 3778 4622 haec

544 4651 624 4726 (9)
645 4653 782 4708 idem
814 4655 930 4723 ipse
957 4665 1136 4711 tamen
1157 4656 1210 4710 in
1236 4655 1425 4710 iisdem
1451 4655 1872 4712 Commentariis
1891 4664 2039 4713 tomo
2065 4673 2106 4725 ι,

452 4797 466 4805 ,
543 4759 699 4802 num.
745 4743 852 4812 27,
903 4747 1163 4816 aequalem
1202 4747 1566 4816 cognitionem
1625 4747 1751 4803 Filii
1817 4749 2110 4819 cognitioni

545 4834 723 4892 Patris
747 4837 959 4892 videtur
985 4847 1240 4904 statuere,
1274 4838 1411 4894 adeo
1434 4840 1561 4908 quid
1583 4849 1900 4910 sequeretur
1925 4855 2114 4910 parum

546 4926 650 4996 ipsi
681 4937 856 4982 ratum
889 4927 1158 4997 ﬁxumque
1185 4928 1286 4982 fuit
1313 4944 1327 4980 :
1375 4929 1500 4984 Ἐὰν
1529 4930 1587 4983 δέ
1605 4947 1690 4995 τις
1727 4931 1886 5002 ζητῇ,
1916 4931 2115 5001 inquit,

547 5018 599 5072 el
627 5020 732 5074 πᾶν
764 5021 793 5074 ὃ
824 5019 878 5074 τί
893 5037 1021 5074 ποτε
1051 5021 1387 5090 ἐγνωσμένον
1413 5022 1517 5076 ὑπὸ
1544 5022 1634 5076 τοῦ
1655 5023 1865 5096 Πατρὸς
1889 5023 2031 5077 κατὰ
2056 5023 2118 5079 τὸ

551 5107 712 5180 βάθος
735 5110 830 5166 τοῦ
859 5110 1110 5176 πλούτου,
1145 5113 1238 5165 καὶ
1259 5112 1358 5182 τῆς
1385 5113 1594 5183 σοφίας,
1623 5115 1718 5168 καὶ
1745 5115 1844 5185 τῆς
1863 5113 2118 5183 γνώσεως

551 5199 739 5262 αὑτοῦ,
767 5203 1055 5257 ἐπίσταται
1097 5204 1126 5256 6
1159 5202 1349 5276 Σωτὴρ
1376 5203 1552 5275 ἡμῶν,
1583 5205 1677 5259 καὶ
1709 5206 1977 5279 φαντασίᾳ
2023 5207 2116 5261 τοῦ

551 5289 791 5358 δοξάζειν
813 5295 903 5347 τὸν
932 5293 1151 5367 Πατέρα
1175 5294 1538 5368 ἀποφαίνηται
1580 5313 1702 5351 τινα
1740 5299 2119 5369 γινωσκόμενα

626 5404 674 5438 ³⁸
707 5403 858 5460 Joan.
890 5421 1004 5473 xtv,
1028 5407 1122 5464 28.
1197 5409 1241 5440 "’
1261 5407 1397 5463 Luc.
1421 5424 1478 5475 x,
1509 5407 1600 5463 2‘2.
1674 5409 1759 5464 ⁸⁸1
1787 5409 1913 5464 Cor.
1949 5427 2008 5474 ιι,
2033 5411 2120 5466 l0.

629 5499 706 5570 (8)
737 5499 802 5554 In
845 5500 1006 5558 Joan.
1050 5520 1198 5560 num.
1236 5487 1326 5571 18,
1358 5513 1467 5560 etc.
1500 5503 1636 5559 Vide
1687 5519 1850 5570 supra
1903 5521 2054 5560 num.
2085 5507 2117 5558 7

561 5570 966 5696 οὶιειῗιιζῗιίοηῗε
997 5583 1212 5630 nostras
1246 5570 1458 5632 inhtec'
1473 5574 1636 5630 verba
1666 5589 1682 5628 :
1723 5573 1923 5628 Eodem
1976 5577 2096 5630 labo

565 5656 664 5694 ran
713 5656 758 5694 υι
786 5657 857 5696 ιο.
883 5657 913 5696 e
941 5658 990 5696 c.

565 5656 685 5694 rant
713 5656 857 5706 vmo,
883 5656 990 5698 etc.

637 5709 716 5774 (9)
745 5709 886 5781 idem
912 5713 1020 5779 ipse
1051 5722 1228 5767 tamen
1251 5714 1307 5767 in
1339 5715 1524 5768 iisdem
1567 5709 1991 5781 Commentariis,
2017 5723 2123 5770 etc.

573 5776 855 5852 Eqnalem
897 5776 1259 5849 cognitionem
1286 5781 1413 5841 Filii
1449 5781 1741 5855 cognitioni
1779 5781 1956 5840 Patris
1978 5776 1987 5781 ⁷
2012 5793 2126 5842 sta-

2213 4657 2537 4728 persuadere
2562 4664 2810 4728 possunt,
2834 4669 2953 4725 qum
2976 4671 3007 4712 e
3040 4655 3134 4711 lib.
3167 4672 3220 4711 tv
3242 4657 3379 4725 Περὶ
3397 4657 3782 4727 ἀρχῶνεάιίιι-

2213 4749 2288 4804 cit
2318 4746 2648 4802 Justinianus
2676 4747 2727 4801 in
2753 4745 2992 4816 Epistola
3025 4750 3095 4801 ad
3129 4747 3376 4803 Menam:
3397 4743 3567 4814 Οὗτος
3599 4753 3628 4804 6
3661 4750 3780 4814 Υἱὸς

2214 4841 2280 4893 ὲκ
2313 4838 2615 4910 θελήματος
2644 4837 2738 4892 τοῦ
2769 4839 2982 4912 Πατρὸς
3015 4839 3287 4910 γενηθεὶς,
3318 4840 3386 4907 ὅς
3411 4841 3584 4895 ἐστιν
3611 4841 3782 4896 εικὼν

2216 4931 2321 4987 τοῦ
2349 4930 2496 4986 Θεοῦ
2532 4930 2638 4986 τοῦ
2676 4929 2952 5000 ἀοράτου,
2995 4933 3088 4986 καὶ
3119 4933 3459 5004 ἀπαύγασμα
3495 4933 3596 5004 τῆς
3630 4934 3781 5005 δόξης

2217 5021 2402 5090 αὑτοῦ,
2437 5023 2722 5096 χαρακτήρ
2747 5040 2806 5076 τε
2834 5023 2933 5095 τῆς
2965 5024 3314 5090 ὑποστάσεως
3347 5025 3541 5090 αὐτοῦ,
3578 5026 3781 5099 πρωτό-

2216 5133 2373 5181 τοκος
2416 5116 2595 5188 πάσης
2653 5111 2901 5180 κτίσεως,
2944 5117 3169 5189 κτίσμα,
3207 5117 3383 5187 σοφία.
3417 5118 3566 5190 Αὐτὴ
3599 5119 3706 5190 γὰρ
3750 5118 3782 5189 ὴ

2225 5207 2390 5278 Σοφία
2406 5208 2588 5280 φησίν·
2619 5209 2680 5262 '0
2705 5208 2850 5275 Θεὸς
2881 5207 3085 5262 ἕκτισέ
3094 5210 3380 5280 μεάρχὴν
3398 5209 3556 5265 ὁδῶν
3570 5209 3783 5267 ἑαυτοῦ

2225 5299 2310 5364 εὶς
2344 5299 2489 5368 ἔργα
2541 5298 2777 5353 ἑαυτοῦ.
2808 5317 2827 5350 ι
2862 5297 2962 5354 llic
2994 5299 3164 5356 Filius
3198 5301 3264 5360 de
3291 5301 3570 5354 voluntate
3613 5299 3784 5357 Patris

2196 5413 2240 5447 ”
2266 5413 2422 5468 Joan.
2448 5427 2559 5479 xvi,
2591 5412 2690 5476 l2,
2724 5413 2828 5479 13;
2863 5426 2976 5479 xw,
3011 5413 3101 5468 26.
3181 5413 3226 5445 ³ο
3248 5412 3404 5469 Joan.
3438 5428 3522 5478 ιιι,
3557 5413 3610 5468 8.

2228 5508 2329 5562 ιυίι
2360 5508 2521 5563 etiam
2549 5507 2806 5576 Origenes
2839 5508 2930 5563 lib.
2959 5524 3008 5564 vr
3041 5516 3221 5562 contra
3251 5505 3482 5575 Celsum,
3519 5523 3670 5561 num.
3721 5504 3780 5562 l7

2227 5588 2282 5632 et
2321 5594 2470 5631 num.
2523 5576 2610 5647 65.
2655 5577 2786 5634 Vide
2835 5578 3042 5634 llullum
3095 5577 3305 5647 Delens.
3338 5577 3463 5646 ﬁdei
3516 5577 3774 5638 Nicena.

2231 5646 2546 5774 tlexgili‘iasqi
2591 5649 2881 5722 ὁμωυσίῳ,
2911 5658 3044 5706 sect.
3091 5648 3145 5705 2.
3177 5646 3312 5717 cap.
3347 5649 3398 5714 9,
3444 5663 3592 5702 num.
3640 5648 3675 5703 9
3733 5655 3782 5700 et

2232 5734 2301 5773 nu
2365 5757 2379 5773 .
2489 5757 2504 5772 .
