  <div class='ocr_page' id='page_1' title='image "/cluster/home/n/w/nwhite01/storage/ocr_20150623/17/mdp.39015031604831/390.png"; bbox 0 0 4054 6310; ppageno 0'>
   <div class='ocr_carea' id='block_1_1' title="bbox 266 422 373 479">
    <p class='ocr_par' dir='ltr' id='par_1_1' title="bbox 266 422 373 479">
     <span class='ocr_line' id='line_1_1' title="bbox 266 422 373 479; baseline 0.019 -2"><span class='ocrx_word' id='word_1_1' title='bbox 266 422 373 479; x_wconf 79' lang='lat'><strong>769</strong></span> 
     </span>
    </p>
   </div>
   <div class='ocr_carea' id='block_1_2' title="bbox 1121 420 2711 491">
    <p class='ocr_par' dir='ltr' id='par_1_2' title="bbox 1121 420 2711 491">
     <span class='ocr_line' id='line_1_2' title="bbox 1121 420 2711 491; baseline 0.001 -14"><span class='ocrx_word' id='word_1_2' title='bbox 1121 420 1694 479; x_wconf 76' lang='lat' dir='ltr'><strong>ORlGENlANORUM</strong></span> <span class='ocrx_word' id='word_1_3' title='bbox 1734 421 1865 482; x_wconf 85' lang='lat' dir='ltr'><strong>LIB.</strong></span> <span class='ocrx_word' id='word_1_4' title='bbox 1907 422 1977 488; x_wconf 85' lang='lat' dir='ltr'><strong>ll,</strong></span> <span class='ocrx_word' id='word_1_5' title='bbox 2020 422 2173 479; x_wconf 77' lang='lat' dir='ltr'><strong>CAP.</strong></span> <span class='ocrx_word' id='word_1_6' title='bbox 2215 423 2281 488; x_wconf 89' lang='lat' dir='ltr'><strong>ll,</strong></span> <span class='ocrx_word' id='word_1_7' title='bbox 2325 422 2601 491; x_wconf 66' lang='lat' dir='ltr'><strong>QUzEST.</strong></span> <span class='ocrx_word' id='word_1_8' title='bbox 2648 424 2711 479; x_wconf 90' lang='lat' dir='ltr'><strong>ll.</strong></span> 
     </span>
    </p>
   </div>
   <div class='ocr_carea' id='block_1_3' title="bbox 3424 432 3526 488">
    <p class='ocr_par' dir='ltr' id='par_1_3' title="bbox 3424 432 3526 488">
     <span class='ocr_line' id='line_1_3' title="bbox 3424 432 3526 488; baseline 0.039 -3"><span class='ocrx_word' id='word_1_9' title='bbox 3424 432 3526 488; x_wconf 83' lang='lat'><strong>770</strong></span> 
     </span>
    </p>
   </div>
   <div class='ocr_carea' id='block_1_4' title="bbox 269 541 3526 618">
    <p class='ocr_par' dir='ltr' id='par_1_4' title="bbox 269 541 3526 618">
     <span class='ocr_line' id='line_1_4' title="bbox 269 541 3526 618; baseline 0.002 -22"><span class='ocrx_word' id='word_1_10' title='bbox 269 549 580 612; x_wconf 87' lang='lat' dir='ltr'><strong>generatus,</strong></span> <span class='ocrx_word' id='word_1_11' title='bbox 611 541 699 611; x_wconf 76' lang='lat' dir='ltr'><strong>qui</strong></span> <span class='ocrx_word' id='word_1_12' title='bbox 724 550 802 596; x_wconf 76' lang='lat' dir='ltr'><strong>est</strong></span> <span class='ocrx_word' id='word_1_13' title='bbox 833 542 1005 612; x_wconf 83' lang='lat' dir='ltr'><strong><em>imago</em></strong></span> <span class='ocrx_word' id='word_1_14' title='bbox 1035 541 1136 597; x_wconf 75' lang='lat' dir='ltr'><strong>Dei</strong></span> <span class='ocrx_word' id='word_1_15' title='bbox 1190 543 1468 597; x_wconf 73' lang='lat' dir='ltr'><strong>invisibilis</strong></span> <span class='ocrx_word' id='word_1_16' title='bbox 1497 544 1564 607; x_wconf 85' lang='grc'><strong>³¹,</strong></span> <span class='ocrx_word' id='word_1_17' title='bbox 1594 552 1648 596; x_wconf 93' lang='lat' dir='ltr'><strong>et</strong></span> <span class='ocrx_word' id='word_1_18' title='bbox 1678 543 1856 613; x_wconf 82' lang='lat' dir='ltr'><strong>splen-</strong></span> <span class='ocrx_word' id='word_1_19' title='bbox 1888 550 1932 606; x_wconf 80' lang='grc' dir='ltr'><strong>Α</strong></span> <span class='ocrx_word' id='word_1_20' title='bbox 1964 542 2032 597; x_wconf 87' lang='lat' dir='ltr'><strong>ab</strong></span> <span class='ocrx_word' id='word_1_21' title='bbox 2062 557 2127 596; x_wconf 93' lang='lat' dir='ltr'><strong>eo</strong></span> <span class='ocrx_word' id='word_1_22' title='bbox 2154 541 2398 614; x_wconf 90' lang='lat' dir='ltr'><strong>(Patre):</strong></span> <span class='ocrx_word' id='word_1_23' title='bbox 2426 550 2567 613; x_wconf 87' lang='lat' dir='ltr'><strong>quod</strong></span> <span class='ocrx_word' id='word_1_24' title='bbox 2592 559 2811 599; x_wconf 88' lang='lat' dir='ltr'><strong>necesse</strong></span> <span class='ocrx_word' id='word_1_25' title='bbox 2835 557 2919 600; x_wconf 90' lang='lat' dir='ltr'><strong>est</strong></span> <span class='ocrx_word' id='word_1_26' title='bbox 2943 546 3207 618; x_wconf 88' lang='lat' dir='ltr'><strong>imprimis</strong></span> <span class='ocrx_word' id='word_1_27' title='bbox 3231 548 3428 617; x_wconf 86' lang='lat' dir='ltr'><strong>suscipi</strong></span> <span class='ocrx_word' id='word_1_28' title='bbox 3458 551 3526 601; x_wconf 86' lang='lat' dir='ltr'><strong>ah</strong></span> 
     </span>
    </p>
   </div>
   <div class='ocr_carea' id='block_1_5' title="bbox 267 629 1854 702">
    <p class='ocr_par' dir='ltr' id='par_1_5' title="bbox 267 629 1854 702">
     <span class='ocr_line' id='line_1_5' title="bbox 267 629 1854 702; baseline 0.003 -18"><span class='ocrx_word' id='word_1_29' title='bbox 267 631 368 685; x_wconf 92' lang='lat' dir='ltr'><strong>dor</strong></span> <span class='ocrx_word' id='word_1_30' title='bbox 420 629 604 699; x_wconf 68' lang='lat' dir='ltr'><strong>gloria:</strong></span> <span class='ocrx_word' id='word_1_31' title='bbox 663 631 813 701; x_wconf 87' lang='lat' dir='ltr'><strong>ejus,</strong></span> <span class='ocrx_word' id='word_1_32' title='bbox 870 640 926 684; x_wconf 87' lang='lat' dir='ltr'><strong>et</strong></span> <span class='ocrx_word' id='word_1_33' title='bbox 986 630 1158 701; x_wconf 86' lang='lat' dir='ltr'><strong>ﬁgura</strong></span> <span class='ocrx_word' id='word_1_34' title='bbox 1212 645 1468 702; x_wconf 85' lang='lat' dir='ltr'><strong>expressa</strong></span> <span class='ocrx_word' id='word_1_35' title='bbox 1536 632 1854 689; x_wconf 70' lang='lat' dir='ltr'><strong>substantia:</strong></span> 
     </span>
    </p>
   </div>
   <div class='ocr_carea' id='block_1_6' title="bbox 266 722 1845 794">
    <p class='ocr_par' dir='ltr' id='par_1_6' title="bbox 266 722 1845 794">
     <span class='ocr_line' id='line_1_6' title="bbox 266 722 1845 794; baseline 0.002 -17"><span class='ocrx_word' id='word_1_36' title='bbox 266 722 383 791; x_wconf 82' lang='lat' dir='ltr'><strong>ejus</strong></span> <span class='ocrx_word' id='word_1_37' title='bbox 420 722 490 790; x_wconf 80' lang='lat'><strong>”,</strong></span> <span class='ocrx_word' id='word_1_38' title='bbox 553 723 946 794; x_wconf 90' lang='lat' dir='ltr'><strong>primogenitus</strong></span> <span class='ocrx_word' id='word_1_39' title='bbox 1004 722 1181 779; x_wconf 86' lang='lat' dir='ltr'><strong>omnis</strong></span> <span class='ocrx_word' id='word_1_40' title='bbox 1226 734 1511 790; x_wconf 70' lang='lat' dir='ltr'><strong>creaturae,</strong></span> <span class='ocrx_word' id='word_1_41' title='bbox 1570 726 1845 791; x_wconf 90' lang='lat' dir='ltr'><strong>conditio,</strong></span> 
     </span>
    </p>
   </div>
   <div class='ocr_carea' id='block_1_7' title="bbox 262 814 1847 887">
    <p class='ocr_par' dir='ltr' id='par_1_7' title="bbox 262 814 1847 887">
     <span class='ocr_line' id='line_1_7' title="bbox 262 814 1847 887; baseline 0.002 -18"><span class='ocrx_word' id='word_1_42' title='bbox 262 814 548 884; x_wconf 73' lang='lat' dir='ltr'><strong>sapientia.</strong></span> <span class='ocrx_word' id='word_1_43' title='bbox 579 815 694 885; x_wconf 88' lang='lat' dir='ltr'><strong>Ipsa</strong></span> <span class='ocrx_word' id='word_1_44' title='bbox 728 817 871 870; x_wconf 89' lang='lat' dir='ltr'><strong>enim</strong></span> <span class='ocrx_word' id='word_1_45' title='bbox 908 814 1185 887; x_wconf 71' lang='lat' dir='ltr'><strong>Sapientia</strong></span> <span class='ocrx_word' id='word_1_46' title='bbox 1219 817 1349 873; x_wconf 91' lang='lat' dir='ltr'><strong>dicit</strong></span> <span class='ocrx_word' id='word_1_47' title='bbox 1379 835 1394 872; x_wconf 93' lang='lat'><strong>:</strong></span> <span class='ocrx_word' id='word_1_48' title='bbox 1424 817 1684 871; x_wconf 80' lang='lat' dir='ltr'><strong>Dominus</strong></span> <span class='ocrx_word' id='word_1_49' title='bbox 1720 834 1847 872; x_wconf 89' lang='lat' dir='ltr'><strong>con-</strong></span> 
     </span>
    </p>
   </div>
   <div class='ocr_carea' id='block_1_8' title="bbox 261 906 1843 981">
    <p class='ocr_par' dir='ltr' id='par_1_8' title="bbox 261 906 1843 981">
     <span class='ocr_line' id='line_1_8' title="bbox 261 906 1843 981; baseline 0.003 -21"><span class='ocrx_word' id='word_1_50' title='bbox 261 906 399 961; x_wconf 83' lang='lat' dir='ltr'><strong>didit</strong></span> <span class='ocrx_word' id='word_1_51' title='bbox 423 924 503 961; x_wconf 79' lang='lat' dir='ltr'><strong>me</strong></span> <span class='ocrx_word' id='word_1_52' title='bbox 554 907 763 961; x_wconf 85' lang='lat' dir='ltr'><strong>initium</strong></span> <span class='ocrx_word' id='word_1_53' title='bbox 789 910 993 963; x_wconf 77' lang='lat' dir='ltr'><strong>uiarum</strong></span> <span class='ocrx_word' id='word_1_54' title='bbox 1038 926 1256 964; x_wconf 77' lang='lat' dir='ltr'><strong>suarum</strong></span> <span class='ocrx_word' id='word_1_55' title='bbox 1286 912 1355 964; x_wconf 84' lang='lat' dir='ltr'><strong>ad</strong></span> <span class='ocrx_word' id='word_1_56' title='bbox 1393 927 1549 981; x_wconf 82' lang='lat' dir='ltr'><strong>Opera</strong></span> <span class='ocrx_word' id='word_1_57' title='bbox 1582 928 1679 965; x_wconf 71' lang='lat' dir='ltr'><strong>sua</strong></span> <span class='ocrx_word' id='word_1_58' title='bbox 1699 910 1780 975; x_wconf 87' lang='grc'><strong>³³;</strong></span> <span class='ocrx_word' id='word_1_59' title='bbox 1823 931 1843 964; x_wconf 72' lang='grc' dir='ltr'><strong>ι</strong></span> 
     </span>
    </p>
   </div>
   <div class='ocr_carea' id='block_1_9' title="bbox 259 998 1845 1073">
    <p class='ocr_par' dir='ltr' id='par_1_9' title="bbox 259 998 1845 1073">
     <span class='ocr_line' id='line_1_9' title="bbox 259 998 1845 1073; baseline 0.002 -19"><span class='ocrx_word' id='word_1_60' title='bbox 259 1007 317 1054; x_wconf 89' lang='lat' dir='ltr'><strong>et</strong></span> <span class='ocrx_word' id='word_1_61' title='bbox 343 999 447 1053; x_wconf 88' lang='lat' dir='ltr'><strong>ista</strong></span> <span class='ocrx_word' id='word_1_62' title='bbox 476 1014 541 1054; x_wconf 87' lang='lat' dir='ltr'><strong>ex</strong></span> <span class='ocrx_word' id='word_1_63' title='bbox 564 1000 751 1054; x_wconf 85' lang='lat' dir='ltr'><strong>eodem</strong></span> <span class='ocrx_word' id='word_1_64' title='bbox 794 1000 930 1056; x_wconf 91' lang='lat' dir='ltr'><strong>libro</strong></span> <span class='ocrx_word' id='word_1_65' title='bbox 965 1018 979 1055; x_wconf 87' lang='lat'><strong>:</strong></span> <span class='ocrx_word' id='word_1_66' title='bbox 1012 1002 1133 1056; x_wconf 89' lang='grc' dir='ltr'>Ὅτι</span> <span class='ocrx_word' id='word_1_67' title='bbox 1163 1002 1262 1073; x_wconf 81' lang='grc' dir='ltr'><strong>μὲν</strong></span> <span class='ocrx_word' id='word_1_68' title='bbox 1294 998 1387 1057; x_wconf 80' lang='grc' dir='ltr'>οὖν</span> <span class='ocrx_word' id='word_1_69' title='bbox 1426 1005 1535 1057; x_wconf 78' lang='grc' dir='ltr'>πᾶν</span> <span class='ocrx_word' id='word_1_70' title='bbox 1579 1005 1607 1057; x_wconf 84' lang='grc' dir='ltr'><strong>ὃ</strong></span> <span class='ocrx_word' id='word_1_71' title='bbox 1630 1003 1681 1057; x_wconf 82' lang='grc' dir='ltr'>τί</span> <span class='ocrx_word' id='word_1_72' title='bbox 1714 1021 1845 1057; x_wconf 88' lang='grc' dir='ltr'>ποτε</span> 
     </span>
    </p>
   </div>
   <div class='ocr_carea' id='block_1_10' title="bbox 258 1092 1841 1167">
    <p class='ocr_par' dir='ltr' id='par_1_10' title="bbox 258 1092 1841 1167">
     <span class='ocr_line' id='line_1_10' title="bbox 258 1092 1841 1167; baseline 0.002 -22"><span class='ocrx_word' id='word_1_73' title='bbox 258 1092 416 1165; x_wconf 89' lang='grc' dir='ltr'><strong>παρὰ</strong></span> <span class='ocrx_word' id='word_1_74' title='bbox 441 1092 531 1146; x_wconf 85' lang='grc' dir='ltr'><strong>τὸν</strong></span> <span class='ocrx_word' id='word_1_75' title='bbox 562 1092 781 1165; x_wconf 83' lang='grc' dir='ltr'><strong>Πατέρα</strong></span> <span class='ocrx_word' id='word_1_76' title='bbox 811 1094 907 1148; x_wconf 74' lang='grc' dir='ltr'>καὶ</span> <span class='ocrx_word' id='word_1_77' title='bbox 935 1094 1069 1148; x_wconf 83' lang='grc' dir='ltr'>Θεὸν</span> <span class='ocrx_word' id='word_1_78' title='bbox 1104 1095 1213 1148; x_wconf 85' lang='grc' dir='ltr'>τῶν</span> <span class='ocrx_word' id='word_1_79' title='bbox 1258 1095 1393 1149; x_wconf 84' lang='grc' dir='ltr'>ὅλων</span> <span class='ocrx_word' id='word_1_80' title='bbox 1420 1096 1646 1167; x_wconf 80' lang='grc' dir='ltr'>γενητόν</span> <span class='ocrx_word' id='word_1_81' title='bbox 1674 1098 1841 1161; x_wconf 83' lang='grc' dir='ltr'>ἐστιν,</span> 
     </span>
    </p>
   </div>
   <div class='ocr_carea' id='block_1_11' title="bbox 256 1183 1843 1258">
    <p class='ocr_par' dir='ltr' id='par_1_11' title="bbox 256 1183 1843 1258">
     <span class='ocr_line' id='line_1_11' title="bbox 256 1183 1843 1258; baseline 0.003 -20"><span class='ocrx_word' id='word_1_82' title='bbox 256 1183 326 1240; x_wconf 79' lang='grc' dir='ltr'><strong>ὲκ</strong></span> <span class='ocrx_word' id='word_1_83' title='bbox 348 1185 451 1255; x_wconf 81' lang='grc' dir='ltr'><strong>τῆς</strong></span> <span class='ocrx_word' id='word_1_84' title='bbox 479 1185 649 1257; x_wconf 83' lang='grc' dir='ltr'>αὐτῆς</span> <span class='ocrx_word' id='word_1_85' title='bbox 686 1184 1008 1250; x_wconf 82' lang='grc' dir='ltr'>ἀκολουθίας</span> <span class='ocrx_word' id='word_1_86' title='bbox 1061 1186 1380 1258; x_wconf 80' lang='grc' dir='ltr'><strong>πειθόμεθα.</strong></span> <span class='ocrx_word' id='word_1_87' title='bbox 1424 1206 1442 1241; x_wconf 80' lang='grc' dir='ltr'><strong>ι</strong></span> <span class='ocrx_word' id='word_1_88' title='bbox 1477 1189 1629 1256; x_wconf 86' lang='lat' dir='ltr'><strong>Quod</strong></span> <span class='ocrx_word' id='word_1_89' title='bbox 1681 1190 1843 1258; x_wconf 79' lang='lat' dir='ltr'><strong>igitur</strong></span> 
     </span>
    </p>
   </div>
   <div class='ocr_carea' id='block_1_12' title="bbox 255 1278 1838 1347">
    <p class='ocr_par' dir='ltr' id='par_1_12' title="bbox 255 1278 1838 1347">
     <span class='ocr_line' id='line_1_12' title="bbox 255 1278 1838 1347; baseline 0.001 -15"><span class='ocrx_word' id='word_1_90' title='bbox 255 1291 599 1347; x_wconf 71' lang='lat' dir='ltr'><strong>quaecunque</strong></span> <span class='ocrx_word' id='word_1_91' title='bbox 625 1278 731 1332; x_wconf 90' lang='lat' dir='ltr'><strong>alia</strong></span> <span class='ocrx_word' id='word_1_92' title='bbox 766 1293 874 1345; x_wconf 90' lang='lat' dir='ltr'><strong>res,</strong></span> <span class='ocrx_word' id='word_1_93' title='bbox 919 1287 1122 1347; x_wconf 69' lang='lat' dir='ltr'><strong>praeter</strong></span> <span class='ocrx_word' id='word_1_94' title='bbox 1157 1278 1373 1333; x_wconf 87' lang='lat' dir='ltr'><strong>Patrem</strong></span> <span class='ocrx_word' id='word_1_95' title='bbox 1405 1295 1472 1334; x_wconf 90' lang='lat' dir='ltr'><strong>ac</strong></span> <span class='ocrx_word' id='word_1_96' title='bbox 1506 1281 1673 1334; x_wconf 88' lang='lat' dir='ltr'><strong>Deum</strong></span> <span class='ocrx_word' id='word_1_97' title='bbox 1721 1281 1838 1333; x_wconf 87' lang='lat' dir='ltr'><strong>uni-</strong></span> 
     </span>
    </p>
   </div>
   <div class='ocr_carea' id='block_1_13' title="bbox 255 1370 1838 1442">
    <p class='ocr_par' dir='ltr' id='par_1_13' title="bbox 255 1370 1838 1442">
     <span class='ocr_line' id='line_1_13' title="bbox 255 1370 1838 1442; baseline 0.003 -21"><span class='ocrx_word' id='word_1_98' title='bbox 255 1384 569 1434; x_wconf 87' lang='lat' dir='ltr'><strong>versorum,</strong></span> <span class='ocrx_word' id='word_1_99' title='bbox 600 1379 783 1425; x_wconf 87' lang='lat' dir='ltr'><strong>creata</strong></span> <span class='ocrx_word' id='word_1_100' title='bbox 814 1380 921 1434; x_wconf 75' lang='grc' dir='ltr'>εει,</span> <span class='ocrx_word' id='word_1_101' title='bbox 967 1370 1157 1425; x_wconf 90' lang='lat' dir='ltr'><strong>eadem</strong></span> <span class='ocrx_word' id='word_1_102' title='bbox 1208 1372 1598 1442; x_wconf 83' lang='lat' dir='ltr'><strong>consequentia</strong></span> <span class='ocrx_word' id='word_1_103' title='bbox 1644 1372 1838 1426; x_wconf 85' lang='lat' dir='ltr'><strong>suade-</strong></span> 
     </span>
    </p>
   </div>
   <div class='ocr_carea' id='block_1_14' title="bbox 257 1463 1837 1533">
    <p class='ocr_par' dir='ltr' id='par_1_14' title="bbox 257 1463 1837 1533">
     <span class='ocr_line' id='line_1_14' title="bbox 257 1463 1837 1533; baseline 0.001 -17"><span class='ocrx_word' id='word_1_104' title='bbox 257 1478 421 1529; x_wconf 79' lang='lat' dir='ltr'><strong>ntur;</strong></span> <span class='ocrx_word' id='word_1_105' title='bbox 464 1480 482 1515; x_wconf 75' lang='grc' dir='ltr'><strong>ι</strong></span> <span class='ocrx_word' id='word_1_106' title='bbox 518 1478 731 1518; x_wconf 88' lang='lat' dir='ltr'><strong>necnon</strong></span> <span class='ocrx_word' id='word_1_107' title='bbox 764 1470 821 1517; x_wconf 85' lang='lat' dir='ltr'><strong>et</strong></span> <span class='ocrx_word' id='word_1_108' title='bbox 849 1464 965 1518; x_wconf 65' lang='lat' dir='ltr'><strong>haec</strong></span> <span class='ocrx_word' id='word_1_109' title='bbox 990 1477 1111 1533; x_wconf 67' lang='lat' dir='ltr'><strong>qua:</strong></span> <span class='ocrx_word' id='word_1_110' title='bbox 1139 1478 1206 1518; x_wconf 82' lang='lat' dir='ltr'><strong>ex</strong></span> <span class='ocrx_word' id='word_1_111' title='bbox 1229 1463 1396 1533; x_wconf 88' lang='lat' dir='ltr'><strong>ipsius</strong></span> <span class='ocrx_word' id='word_1_112' title='bbox 1429 1463 1837 1519; x_wconf 83' lang='lat' dir='ltr'><strong>Commentario</strong></span> 
     </span>
    </p>
   </div>
   <div class='ocr_carea' id='block_1_15' title="bbox 252 1554 1832 1625">
    <p class='ocr_par' dir='ltr' id='par_1_15' title="bbox 252 1554 1832 1625">
     <span class='ocr_line' id='line_1_15' title="bbox 252 1554 1832 1625; baseline 0.001 -18"><span class='ocrx_word' id='word_1_113' title='bbox 252 1556 308 1608; x_wconf 82' lang='lat' dir='ltr'><strong>in</strong></span> <span class='ocrx_word' id='word_1_114' title='bbox 341 1555 604 1623; x_wconf 75' lang='lat' dir='ltr'><strong>psalmum</strong></span> <span class='ocrx_word' id='word_1_115' title='bbox 635 1571 651 1610; x_wconf 86' lang='grc' dir='ltr'><strong>ι</strong></span> <span class='ocrx_word' id='word_1_116' title='bbox 681 1554 889 1625; x_wconf 80' lang='lat' dir='ltr'><strong>profert</strong></span> <span class='ocrx_word' id='word_1_117' title='bbox 917 1554 1252 1623; x_wconf 85' lang='lat' dir='ltr'><strong>Epiphanius</strong></span> <span class='ocrx_word' id='word_1_118' title='bbox 1275 1556 1409 1610; x_wconf 42' lang='lat' dir='ltr'><strong>hair.</strong></span> <span class='ocrx_word' id='word_1_119' title='bbox 1436 1572 1580 1619; x_wconf 78' lang='lat' dir='ltr'><strong>thv,</strong></span> <span class='ocrx_word' id='word_1_120' title='bbox 1608 1572 1727 1623; x_wconf 83' lang='lat' dir='ltr'><strong>cap.</strong></span> <span class='ocrx_word' id='word_1_121' title='bbox 1759 1555 1789 1608; x_wconf 87' lang='grc'>7</span> <span class='ocrx_word' id='word_1_122' title='bbox 1818 1573 1832 1609; x_wconf 90' lang='lat'><strong>:</strong></span> 
     </span>
    </p>
   </div>
   <div class='ocr_carea' id='block_1_16' title="bbox 262 1644 1833 1719">
    <p class='ocr_par' dir='ltr' id='par_1_16' title="bbox 262 1644 1833 1719">
     <span class='ocr_line' id='line_1_16' title="bbox 262 1644 1833 1719; baseline 0.001 -22"><span class='ocrx_word' id='word_1_123' title='bbox 262 1645 551 1718; x_wconf 81' lang='grc' dir='ltr'>Ἀξιοῦμεν</span> <span class='ocrx_word' id='word_1_124' title='bbox 574 1646 775 1709; x_wconf 80' lang='grc' dir='ltr'><strong>τοίνυν,</strong></span> <span class='ocrx_word' id='word_1_125' title='bbox 806 1645 929 1699; x_wconf 74' lang='grc' dir='ltr'>ἐπεὶ</span> <span class='ocrx_word' id='word_1_126' title='bbox 966 1646 1099 1718; x_wconf 82' lang='grc' dir='ltr'><strong>μηδὲ</strong></span> <span class='ocrx_word' id='word_1_127' title='bbox 1123 1648 1291 1719; x_wconf 75' lang='grc' dir='ltr'><strong>χωρὶς</strong></span> <span class='ocrx_word' id='word_1_128' title='bbox 1318 1645 1454 1700; x_wconf 85' lang='grc' dir='ltr'>Θεοῦ</span> <span class='ocrx_word' id='word_1_129' title='bbox 1486 1646 1651 1700; x_wconf 77' lang='grc' dir='ltr'>καλὸν</span> <span class='ocrx_word' id='word_1_130' title='bbox 1694 1644 1833 1699; x_wconf 78' lang='grc' dir='ltr'>εἶναι</span> 
     </span>
    </p>
   </div>
   <div class='ocr_carea' id='block_1_17' title="bbox 247 1737 1828 1808">
    <p class='ocr_par' dir='ltr' id='par_1_17' title="bbox 247 1737 1828 1808">
     <span class='ocr_line' id='line_1_17' title="bbox 247 1737 1828 1808; baseline 0 -17"><span class='ocrx_word' id='word_1_131' title='bbox 247 1737 494 1799; x_wconf 75' lang='grc' dir='ltr'>δύναται,</span> <span class='ocrx_word' id='word_1_132' title='bbox 537 1738 631 1791; x_wconf 78' lang='grc' dir='ltr'>καὶ</span> <span class='ocrx_word' id='word_1_133' title='bbox 678 1737 908 1808; x_wconf 74' lang='grc' dir='ltr'>μάλιστα</span> <span class='ocrx_word' id='word_1_134' title='bbox 941 1738 1127 1808; x_wconf 88' lang='grc' dir='ltr'>νόησις</span> <span class='ocrx_word' id='word_1_135' title='bbox 1158 1738 1390 1808; x_wconf 73' lang='grc' dir='ltr'>Γραφῶν</span> <span class='ocrx_word' id='word_1_136' title='bbox 1424 1738 1828 1802; x_wconf 84' lang='grc' dir='ltr'>θεοπνεύστων,</span> 
     </span>
    </p>
   </div>
   <div class='ocr_carea' id='block_1_18' title="bbox 243 1828 1827 1900">
    <p class='ocr_par' dir='ltr' id='par_1_18' title="bbox 243 1828 1827 1900">
     <span class='ocr_line' id='line_1_18' title="bbox 243 1828 1827 1900; baseline 0.001 -19"><span class='ocrx_word' id='word_1_137' title='bbox 243 1828 398 1892; x_wconf 83' lang='grc' dir='ltr'>ὅπως</span> <span class='ocrx_word' id='word_1_138' title='bbox 421 1828 499 1899; x_wconf 86' lang='grc' dir='ltr'>τῷ</span> <span class='ocrx_word' id='word_1_139' title='bbox 525 1828 699 1900; x_wconf 74' lang='grc' dir='ltr'>Πατρὶ</span> <span class='ocrx_word' id='word_1_140' title='bbox 718 1828 824 1881; x_wconf 84' lang='grc' dir='ltr'>τῶν</span> <span class='ocrx_word' id='word_1_141' title='bbox 856 1828 991 1881; x_wconf 83' lang='grc' dir='ltr'>ὅλων</span> <span class='ocrx_word' id='word_1_142' title='bbox 1018 1828 1134 1900; x_wconf 87' lang='grc' dir='ltr'><strong>Θεῷ</strong></span> <span class='ocrx_word' id='word_1_143' title='bbox 1147 1828 1233 1882; x_wconf 82' lang='grc' dir='ltr'><strong>διὰ</strong></span> <span class='ocrx_word' id='word_1_144' title='bbox 1260 1828 1351 1881; x_wconf 82' lang='grc' dir='ltr'><strong>τοῦ</strong></span> <span class='ocrx_word' id='word_1_145' title='bbox 1378 1830 1632 1900; x_wconf 82' lang='grc' dir='ltr'><strong>Σωτῆρος</strong></span> <span class='ocrx_word' id='word_1_146' title='bbox 1655 1830 1827 1900; x_wconf 76' lang='grc' dir='ltr'>ἡμῶν,</span> 
     </span>
    </p>
   </div>
   <div class='ocr_carea' id='block_1_19' title="bbox 1959 634 3529 707">
    <p class='ocr_par' dir='ltr' id='par_1_19' title="bbox 1959 634 3529 707">
     <span class='ocr_line' id='line_1_19' title="bbox 1959 634 3529 707; baseline 0.003 -18"><span class='ocrx_word' id='word_1_147' title='bbox 1959 635 2045 689; x_wconf 88' lang='lat' dir='ltr'><strong>his</strong></span> <span class='ocrx_word' id='word_1_148' title='bbox 2096 635 2188 704; x_wconf 82' lang='lat' dir='ltr'><strong>qui</strong></span> <span class='ocrx_word' id='word_1_149' title='bbox 2223 634 2359 690; x_wconf 87' lang='lat' dir='ltr'><strong>nihil</strong></span> <span class='ocrx_word' id='word_1_150' title='bbox 2417 636 2751 705; x_wconf 90' lang='lat' dir='ltr'><strong>ingenitum,</strong></span> <span class='ocrx_word' id='word_1_151' title='bbox 2810 637 2861 692; x_wconf 91' lang='lat' dir='ltr'><strong>id</strong></span> <span class='ocrx_word' id='word_1_152' title='bbox 2899 647 2982 692; x_wconf 91' lang='lat' dir='ltr'><strong>est</strong></span> <span class='ocrx_word' id='word_1_153' title='bbox 3023 640 3291 704; x_wconf 88' lang='lat' dir='ltr'><strong>innatum,</strong></span> <span class='ocrx_word' id='word_1_154' title='bbox 3328 652 3529 707; x_wconf 59' lang='lat' dir='ltr'><strong>prater</strong></span> 
     </span>
    </p>
   </div>
   <div class='ocr_carea' id='block_1_20' title="bbox 1953 725 3530 796">
    <p class='ocr_par' dir='ltr' id='par_1_20' title="bbox 1953 725 3530 796">
     <span class='ocr_line' id='line_1_20' title="bbox 1953 725 3530 796; baseline 0.002 -15"><span class='ocrx_word' id='word_1_155' title='bbox 1953 725 2127 781; x_wconf 88' lang='lat' dir='ltr'><strong>solum</strong></span> <span class='ocrx_word' id='word_1_156' title='bbox 2180 726 2350 781; x_wconf 89' lang='lat' dir='ltr'><strong>Deum</strong></span> <span class='ocrx_word' id='word_1_157' title='bbox 2380 727 2598 783; x_wconf 89' lang='lat' dir='ltr'><strong>Patrem</strong></span> <span class='ocrx_word' id='word_1_158' title='bbox 2630 730 2892 783; x_wconf 75' lang='lat' dir='ltr'><strong>fatentur.</strong></span> <span class='ocrx_word' id='word_1_159' title='bbox 2927 749 2945 781; x_wconf 72' lang='grc' dir='ltr'><strong>ι</strong></span> <span class='ocrx_word' id='word_1_160' title='bbox 2978 730 3129 796; x_wconf 85' lang='lat' dir='ltr'><strong>Quod</strong></span> <span class='ocrx_word' id='word_1_161' title='bbox 3170 733 3330 785; x_wconf 68' lang='lat' dir='ltr'><strong>vertit</strong></span> <span class='ocrx_word' id='word_1_162' title='bbox 3377 730 3530 784; x_wconf 77' lang='lat' dir='ltr'><strong>[luli-</strong></span> 
     </span>
    </p>
   </div>
   <div class='ocr_carea' id='block_1_21' title="bbox 1951 817 3528 890">
    <p class='ocr_par' dir='ltr' id='par_1_21' title="bbox 1951 817 3528 890">
     <span class='ocr_line' id='line_1_21' title="bbox 1951 817 3528 890; baseline 0.001 -20"><span class='ocrx_word' id='word_1_163' title='bbox 1951 831 2073 881; x_wconf 89' lang='lat' dir='ltr'><strong>nus,</strong></span> <span class='ocrx_word' id='word_1_164' title='bbox 2117 827 2274 870; x_wconf 74' lang='lat' dir='ltr'><strong>natus</strong></span> <span class='ocrx_word' id='word_1_165' title='bbox 2331 834 2399 869; x_wconf 89' lang='lat' dir='ltr'><strong>an</strong></span> <span class='ocrx_word' id='word_1_166' title='bbox 2431 817 2670 882; x_wconf 73' lang='lat' dir='ltr'><strong>innatus,</strong></span> <span class='ocrx_word' id='word_1_167' title='bbox 2696 820 2966 872; x_wconf 91' lang='lat' dir='ltr'><strong>redditum</strong></span> <span class='ocrx_word' id='word_1_168' title='bbox 2996 831 3078 874; x_wconf 91' lang='lat' dir='ltr'><strong>est</strong></span> <span class='ocrx_word' id='word_1_169' title='bbox 3107 820 3175 874; x_wconf 90' lang='lat' dir='ltr'><strong>ab</strong></span> <span class='ocrx_word' id='word_1_170' title='bbox 3202 821 3528 890; x_wconf 75' lang='lat' dir='ltr'><strong>Hieronymo</strong></span> 
     </span>
    </p>
   </div>
   <div class='ocr_carea' id='block_1_22' title="bbox 1949 908 3526 981">
    <p class='ocr_par' dir='ltr' id='par_1_22' title="bbox 1949 908 3526 981">
     <span class='ocr_line' id='line_1_22' title="bbox 1949 908 3526 981; baseline 0.003 -19"><span class='ocrx_word' id='word_1_171' title='bbox 1949 909 2107 978; x_wconf 86' lang='lat' dir='ltr'><strong>epist.</strong></span> <span class='ocrx_word' id='word_1_172' title='bbox 2154 908 2244 974; x_wconf 81' lang='lat'><strong>59,</strong></span> <span class='ocrx_word' id='word_1_173' title='bbox 2276 910 2349 961; x_wconf 87' lang='lat' dir='ltr'><strong>ad</strong></span> <span class='ocrx_word' id='word_1_174' title='bbox 2375 912 2541 974; x_wconf 80' lang='lat' dir='ltr'><strong>Avit.,</strong></span> <span class='ocrx_word' id='word_1_175' title='bbox 2579 926 2695 980; x_wconf 90' lang='lat' dir='ltr'><strong>cap.</strong></span> <span class='ocrx_word' id='word_1_176' title='bbox 2730 913 2781 977; x_wconf 87' lang='lat' dir='ltr'><strong>l,</strong></span> <span class='ocrx_word' id='word_1_177' title='bbox 2816 914 2991 981; x_wconf 78' lang='lat' dir='ltr'><strong>factus</strong></span> <span class='ocrx_word' id='word_1_178' title='bbox 3035 930 3102 965; x_wconf 81' lang='lat' dir='ltr'><strong>an</strong></span> <span class='ocrx_word' id='word_1_179' title='bbox 3151 914 3391 981; x_wconf 76' lang='lat' dir='ltr'><strong>infectus.</strong></span> <span class='ocrx_word' id='word_1_180' title='bbox 3429 910 3526 967; x_wconf 90' lang='lat' dir='ltr'><strong>Sic</strong></span> 
     </span>
    </p>
   </div>
   <div class='ocr_carea' id='block_1_23' title="bbox 1946 999 3521 1073">
    <p class='ocr_par' dir='ltr' id='par_1_23' title="bbox 1946 999 3521 1073">
     <span class='ocr_line' id='line_1_23' title="bbox 1946 999 3521 1073; baseline 0.001 -20"><span class='ocrx_word' id='word_1_181' title='bbox 1946 999 2091 1053; x_wconf 90' lang='lat' dir='ltr'><strong>enim</strong></span> <span class='ocrx_word' id='word_1_182' title='bbox 2124 999 2237 1066; x_wconf 88' lang='lat' dir='ltr'><strong>ille,</strong></span> <span class='ocrx_word' id='word_1_183' title='bbox 2272 1014 2490 1056; x_wconf 82' lang='lat' dir='ltr'><strong>errores</strong></span> <span class='ocrx_word' id='word_1_184' title='bbox 2540 1002 2663 1055; x_wconf 83' lang='lat' dir='ltr'><strong>libri</strong></span> <span class='ocrx_word' id='word_1_185' title='bbox 2700 1004 2860 1070; x_wconf 88' lang='lat' dir='ltr'><strong>primi</strong></span> <span class='ocrx_word' id='word_1_186' title='bbox 2908 1004 3048 1071; x_wconf 78' lang='grc' dir='ltr'>Περὶ</span> <span class='ocrx_word' id='word_1_187' title='bbox 3084 1002 3291 1073; x_wconf 82' lang='grc' dir='ltr'><strong>ἀρχῶν</strong></span> <span class='ocrx_word' id='word_1_188' title='bbox 3334 1018 3521 1057; x_wconf 78' lang='lat' dir='ltr'><strong>recen-</strong></span> 
     </span>
    </p>
   </div>
   <div class='ocr_carea' id='block_1_24' title="bbox 1945 1089 3518 1164">
    <p class='ocr_par' dir='ltr' id='par_1_24' title="bbox 1945 1089 3518 1164">
     <span class='ocr_line' id='line_1_24' title="bbox 1945 1089 3518 1164; baseline 0.001 -19"><span class='ocrx_word' id='word_1_189' title='bbox 1945 1106 2110 1145; x_wconf 90' lang='lat' dir='ltr'><strong>sens:</strong></span> <span class='ocrx_word' id='word_1_190' title='bbox 2144 1110 2163 1143; x_wconf 83' lang='grc' dir='ltr'><strong>ι</strong></span> <span class='ocrx_word' id='word_1_191' title='bbox 2222 1089 2466 1145; x_wconf 88' lang='lat' dir='ltr'><strong>Tertium</strong></span> <span class='ocrx_word' id='word_1_192' title='bbox 2521 1093 2780 1163; x_wconf 79' lang='lat' dir='ltr'><strong>dignitate</strong></span> <span class='ocrx_word' id='word_1_193' title='bbox 2810 1105 2863 1147; x_wconf 92' lang='lat' dir='ltr'><strong>et</strong></span> <span class='ocrx_word' id='word_1_194' title='bbox 2899 1094 3107 1149; x_wconf 87' lang='lat' dir='ltr'><strong>honore</strong></span> <span class='ocrx_word' id='word_1_195' title='bbox 3149 1105 3270 1164; x_wconf 90' lang='lat' dir='ltr'><strong>post</strong></span> <span class='ocrx_word' id='word_1_196' title='bbox 3300 1093 3518 1147; x_wconf 84' lang='lat' dir='ltr'><strong>Patrem</strong></span> 
     </span>
    </p>
   </div>
   <div class='ocr_carea' id='block_1_25' title="bbox 1943 1184 3521 1255">
    <p class='ocr_par' dir='ltr' id='par_1_25' title="bbox 1943 1184 3521 1255">
     <span class='ocr_line' id='line_1_25' title="bbox 1943 1184 3521 1255; baseline -0.001 -15"><span class='ocrx_word' id='word_1_197' title='bbox 1943 1193 1998 1240; x_wconf 91' lang='lat' dir='ltr'><strong>et</strong></span> <span class='ocrx_word' id='word_1_198' title='bbox 2043 1184 2241 1240; x_wconf 91' lang='lat' dir='ltr'><strong>Filium</strong></span> <span class='ocrx_word' id='word_1_199' title='bbox 2287 1185 2486 1239; x_wconf 83' lang='lat' dir='ltr'><strong>asserit</strong></span> <span class='ocrx_word' id='word_1_200' title='bbox 2517 1184 2781 1253; x_wconf 90' lang='lat' dir='ltr'><strong>Spiritum</strong></span> <span class='ocrx_word' id='word_1_201' title='bbox 2835 1195 3087 1240; x_wconf 87' lang='lat' dir='ltr'><strong>sanetum</strong></span> <span class='ocrx_word' id='word_1_202' title='bbox 3128 1186 3236 1241; x_wconf 90' lang='lat' dir='ltr'><strong>:de</strong></span> <span class='ocrx_word' id='word_1_203' title='bbox 3263 1200 3372 1255; x_wconf 89' lang='lat' dir='ltr'><strong>quo</strong></span> <span class='ocrx_word' id='word_1_204' title='bbox 3399 1200 3521 1241; x_wconf 87' lang='lat' dir='ltr'><strong>cum</strong></span> 
     </span>
    </p>
   </div>
   <div class='ocr_carea' id='block_1_26' title="bbox 1942 1277 3518 1349">
    <p class='ocr_par' dir='ltr' id='par_1_26' title="bbox 1942 1277 3518 1349">
     <span class='ocr_line' id='line_1_26' title="bbox 1942 1277 3518 1349; baseline 0.001 -18"><span class='ocrx_word' id='word_1_205' title='bbox 1942 1279 2192 1349; x_wconf 81' lang='lat' dir='ltr'><strong>ignorare</strong></span> <span class='ocrx_word' id='word_1_206' title='bbox 2238 1292 2298 1333; x_wconf 88' lang='lat' dir='ltr'><strong>se</strong></span> <span class='ocrx_word' id='word_1_207' title='bbox 2329 1277 2495 1342; x_wconf 85' lang='lat' dir='ltr'><strong>dicat,</strong></span> <span class='ocrx_word' id='word_1_208' title='bbox 2529 1287 2707 1331; x_wconf 91' lang='lat' dir='ltr'><strong>utrum</strong></span> <span class='ocrx_word' id='word_1_209' title='bbox 2738 1277 2915 1331; x_wconf 81' lang='lat' dir='ltr'><strong>factus</strong></span> <span class='ocrx_word' id='word_1_210' title='bbox 2956 1278 3027 1331; x_wconf 90' lang='lat' dir='ltr'><strong>sit</strong></span> <span class='ocrx_word' id='word_1_211' title='bbox 3068 1294 3134 1330; x_wconf 90' lang='lat' dir='ltr'><strong>an</strong></span> <span class='ocrx_word' id='word_1_212' title='bbox 3174 1278 3426 1340; x_wconf 83' lang='lat' dir='ltr'><strong>infectus,</strong></span> <span class='ocrx_word' id='word_1_213' title='bbox 3466 1278 3518 1332; x_wconf 91' lang='lat' dir='ltr'><strong>in</strong></span> 
     </span>
    </p>
   </div>
   <div class='ocr_carea' id='block_1_27' title="bbox 1943 1370 3520 1440">
    <p class='ocr_par' dir='ltr' id='par_1_27' title="bbox 1943 1370 3520 1440">
     <span class='ocr_line' id='line_1_27' title="bbox 1943 1370 3520 1440; baseline 0.001 -17"><span class='ocrx_word' id='word_1_214' title='bbox 1943 1372 2341 1439; x_wconf 85' lang='lat' dir='ltr'><strong>posterioribus</strong></span> <span class='ocrx_word' id='word_1_215' title='bbox 2394 1372 2523 1440; x_wconf 90' lang='lat' dir='ltr'><strong>quid</strong></span> <span class='ocrx_word' id='word_1_216' title='bbox 2567 1370 2635 1424; x_wconf 89' lang='lat' dir='ltr'><strong>de</strong></span> <span class='ocrx_word' id='word_1_217' title='bbox 2680 1386 2745 1425; x_wconf 92' lang='lat' dir='ltr'><strong>eo</strong></span> <span class='ocrx_word' id='word_1_218' title='bbox 2794 1372 3023 1425; x_wconf 90' lang='lat' dir='ltr'><strong>sentiret</strong></span> <span class='ocrx_word' id='word_1_219' title='bbox 3057 1372 3350 1437; x_wconf 82' lang='lat' dir='ltr'><strong>expressit,</strong></span> <span class='ocrx_word' id='word_1_220' title='bbox 3384 1371 3520 1425; x_wconf 86' lang='lat' dir='ltr'><strong>nihil</strong></span> 
     </span>
    </p>
   </div>
   <div class='ocr_carea' id='block_1_28' title="bbox 1940 1461 3506 1531">
    <p class='ocr_par' dir='ltr' id='par_1_28' title="bbox 1940 1461 3506 1531">
     <span class='ocr_line' id='line_1_28' title="bbox 1940 1461 3506 1531; baseline 0.002 -18"><span class='ocrx_word' id='word_1_221' title='bbox 1940 1464 2144 1531; x_wconf 85' lang='lat' dir='ltr'><strong>absque</strong></span> <span class='ocrx_word' id='word_1_222' title='bbox 2168 1465 2283 1518; x_wconf 92' lang='lat' dir='ltr'><strong>solo</strong></span> <span class='ocrx_word' id='word_1_223' title='bbox 2310 1463 2419 1517; x_wconf 86' lang='lat' dir='ltr'><strong>Deo</strong></span> <span class='ocrx_word' id='word_1_224' title='bbox 2445 1461 2606 1516; x_wconf 86' lang='lat' dir='ltr'><strong>Patre</strong></span> <span class='ocrx_word' id='word_1_225' title='bbox 2654 1462 2913 1517; x_wconf 82' lang='lat' dir='ltr'><strong>inlectum</strong></span> <span class='ocrx_word' id='word_1_226' title='bbox 2941 1477 3063 1517; x_wconf 90' lang='lat' dir='ltr'><strong>esse</strong></span> <span class='ocrx_word' id='word_1_227' title='bbox 3093 1464 3447 1518; x_wconf 88' lang='lat' dir='ltr'><strong>conﬁrmans.</strong></span> <span class='ocrx_word' id='word_1_228' title='bbox 3486 1482 3506 1516; x_wconf 82' lang='grc'>›</span> 
     </span>
    </p>
   </div>
   <div class='ocr_carea' id='block_1_29' title="bbox 1938 1553 3520 1628">
    <p class='ocr_par' dir='ltr' id='par_1_29' title="bbox 1938 1553 3520 1628">
     <span class='ocr_line' id='line_1_29' title="bbox 1938 1553 3520 1628; baseline 0.001 -21"><span class='ocrx_word' id='word_1_229' title='bbox 1938 1553 2244 1623; x_wconf 88' lang='lat' dir='ltr'><strong>Seripserat</strong></span> <span class='ocrx_word' id='word_1_230' title='bbox 2300 1555 2555 1608; x_wconf 88' lang='lat' dir='ltr'><strong>nimirum</strong></span> <span class='ocrx_word' id='word_1_231' title='bbox 2610 1554 2907 1625; x_wconf 77' lang='lat' dir='ltr'><strong>Origenes,</strong></span> <span class='ocrx_word' id='word_1_232' title='bbox 2969 1555 3267 1626; x_wconf 80' lang='grc' dir='ltr'>γενητὸςῆ</span> <span class='ocrx_word' id='word_1_233' title='bbox 3315 1554 3520 1628; x_wconf 83' lang='grc' dir='ltr'>ἀγένη-</span> 
     </span>
    </p>
   </div>
   <div class='ocr_carea' id='block_1_30' title="bbox 1935 1646 3512 1713">
    <p class='ocr_par' dir='ltr' id='par_1_30' title="bbox 1935 1646 3512 1713">
     <span class='ocr_line' id='line_1_30' title="bbox 1935 1646 3512 1713; baseline 0.003 -16"><span class='ocrx_word' id='word_1_234' title='bbox 1935 1663 2058 1709; x_wconf 78' lang='grc' dir='ltr'>τος,</span> <span class='ocrx_word' id='word_1_235' title='bbox 2109 1647 2562 1713; x_wconf 82' lang='lat' dir='ltr'><strong>quemadmodum</strong></span> <span class='ocrx_word' id='word_1_236' title='bbox 2604 1656 2658 1698; x_wconf 87' lang='lat' dir='ltr'><strong>et</strong></span> <span class='ocrx_word' id='word_1_237' title='bbox 2696 1656 2826 1698; x_wconf 90' lang='lat' dir='ltr'><strong>tom.</strong></span> <span class='ocrx_word' id='word_1_238' title='bbox 2867 1664 2903 1701; x_wconf 89' lang='lat' dir='ltr'><strong>ll</strong></span> <span class='ocrx_word' id='word_1_239' title='bbox 2950 1647 3005 1700; x_wconf 82' lang='lat' dir='ltr'><strong>in</strong></span> <span class='ocrx_word' id='word_1_240' title='bbox 3036 1646 3222 1712; x_wconf 88' lang='lat' dir='ltr'><strong>Joan.,</strong></span> <span class='ocrx_word' id='word_1_241' title='bbox 3262 1664 3409 1701; x_wconf 91' lang='lat' dir='ltr'><strong>num.</strong></span> <span class='ocrx_word' id='word_1_242' title='bbox 3434 1646 3512 1702; x_wconf 84' lang='lat'><strong>6:</strong></span> 
     </span>
    </p>
   </div>
   <div class='ocr_carea' id='block_1_31' title="bbox 1938 1738 3515 1809">
    <p class='ocr_par' dir='ltr' id='par_1_31' title="bbox 1938 1738 3515 1809">
     <span class='ocr_line' id='line_1_31' title="bbox 1938 1738 3515 1809; baseline 0.003 -20"><span class='ocrx_word' id='word_1_243' title='bbox 1938 1739 2087 1808; x_wconf 88' lang='grc' dir='ltr'>Ἔχει</span> <span class='ocrx_word' id='word_1_244' title='bbox 2126 1739 2181 1790; x_wconf 85' lang='grc' dir='ltr'><strong>δὲ</strong></span> <span class='ocrx_word' id='word_1_245' title='bbox 2221 1738 2561 1809; x_wconf 79' lang='grc' dir='ltr'>ὲπαπόρησιν</span> <span class='ocrx_word' id='word_1_246' title='bbox 2601 1738 2689 1792; x_wconf 84' lang='grc' dir='ltr'><strong>δίά</strong></span> <span class='ocrx_word' id='word_1_247' title='bbox 2729 1757 2788 1792; x_wconf 83' lang='grc' dir='ltr'><strong>τε</strong></span> <span class='ocrx_word' id='word_1_248' title='bbox 2826 1740 2888 1793; x_wconf 89' lang='grc' dir='ltr'>τό</span> <span class='ocrx_word' id='word_1_249' title='bbox 2913 1756 2925 1768; x_wconf 95' lang='grc'><strong>·</strong></span> <span class='ocrx_word' id='word_1_250' title='bbox 2969 1740 3173 1793; x_wconf 75' lang='grc' dir='ltr'>Πάντα</span> <span class='ocrx_word' id='word_1_251' title='bbox 3219 1738 3293 1792; x_wconf 85' lang='grc' dir='ltr'><strong>δι’</strong></span> <span class='ocrx_word' id='word_1_252' title='bbox 3327 1739 3515 1794; x_wconf 86' lang='grc' dir='ltr'>αὑτοῦ</span> 
     </span>
    </p>
   </div>
   <div class='ocr_carea' id='block_1_32' title="bbox 1932 1826 3515 1900">
    <p class='ocr_par' dir='ltr' id='par_1_32' title="bbox 1932 1826 3515 1900">
     <span class='ocr_line' id='line_1_32' title="bbox 1932 1826 3515 1900; baseline 0.004 -21"><span class='ocrx_word' id='word_1_253' title='bbox 1932 1826 2189 1896; x_wconf 79' lang='grc' dir='ltr'>ἐγένετο,</span> <span class='ocrx_word' id='word_1_254' title='bbox 2230 1828 2322 1880; x_wconf 75' lang='grc' dir='ltr'>καὶ</span> <span class='ocrx_word' id='word_1_255' title='bbox 2357 1828 2671 1881; x_wconf 77' lang='grc' dir='ltr'>ἀκολουθεῖν</span> <span class='ocrx_word' id='word_1_256' title='bbox 2697 1831 2757 1882; x_wconf 83' lang='grc' dir='ltr'><strong>τὸ</strong></span> <span class='ocrx_word' id='word_1_257' title='bbox 2787 1830 3012 1900; x_wconf 88' lang='grc' dir='ltr'>Πνεῦμα</span> <span class='ocrx_word' id='word_1_258' title='bbox 3038 1829 3262 1900; x_wconf 73' lang='grc' dir='ltr'>γενητὸν</span> <span class='ocrx_word' id='word_1_259' title='bbox 3300 1828 3359 1882; x_wconf 80' lang='grc' dir='ltr'>ὃν</span> <span class='ocrx_word' id='word_1_260' title='bbox 3378 1870 3392 1895; x_wconf 89' lang='grc'><strong>,</strong></span> <span class='ocrx_word' id='word_1_261' title='bbox 3425 1830 3515 1885; x_wconf 71' lang='grc' dir='ltr'>διὰ</span> 
     </span>
    </p>
   </div>
   <div class='ocr_carea' id='block_1_33' title="bbox 244 1898 3514 1993">
    <p class='ocr_par' dir='ltr' id='par_1_33' title="bbox 244 1898 3514 1993">
     <span class='ocr_line' id='line_1_33' title="bbox 244 1898 3514 1993; baseline 0.001 -22"><span class='ocrx_word' id='word_1_262' title='bbox 244 1919 341 1972; x_wconf 75' lang='grc' dir='ltr'><strong>καὶ</strong></span> <span class='ocrx_word' id='word_1_263' title='bbox 380 1898 683 1992; x_wconf 65' lang='grc' dir='ltr'>ἀρχιερέώς</span> <span class='ocrx_word' id='word_1_264' title='bbox 718 1919 945 1991; x_wconf 86' lang='grc' dir='ltr'>γενητοῦ</span> <span class='ocrx_word' id='word_1_265' title='bbox 985 1898 1120 1972; x_wconf 89' lang='grc' dir='ltr'>Θεοῦ</span> <span class='ocrx_word' id='word_1_266' title='bbox 1148 1920 1429 1992; x_wconf 82' lang='grc' dir='ltr'>προσιέναι</span> <span class='ocrx_word' id='word_1_267' title='bbox 1470 1898 1714 1991; x_wconf 57' lang='grc' dir='ltr'>αἰτήσειέ</span> <span class='ocrx_word' id='word_1_268' title='bbox 1740 1919 1828 1972; x_wconf 89' lang='grc' dir='ltr'><strong>δο-</strong></span> <span class='ocrx_word' id='word_1_269' title='bbox 1862 1898 1903 1952; x_wconf 77' lang='grc' dir='ltr'>Β</span> <span class='ocrx_word' id='word_1_270' title='bbox 1933 1919 2027 1971; x_wconf 87' lang='grc' dir='ltr'><strong>τοῦ</strong></span> <span class='ocrx_word' id='word_1_271' title='bbox 2046 1919 2217 1988; x_wconf 83' lang='grc' dir='ltr'>Λόγου</span> <span class='ocrx_word' id='word_1_272' title='bbox 2242 1921 2543 1989; x_wconf 87' lang='grc' dir='ltr'>γεγονέναι,</span> <span class='ocrx_word' id='word_1_273' title='bbox 2570 1922 2685 1984; x_wconf 84' lang='grc' dir='ltr'><strong>πῶς</strong></span> <span class='ocrx_word' id='word_1_274' title='bbox 2713 1922 2875 1974; x_wconf 76' lang='grc' dir='ltr'>οἱονεὶ</span> <span class='ocrx_word' id='word_1_275' title='bbox 2910 1898 3243 1993; x_wconf 79' lang='grc' dir='ltr'>προτιμᾶται</span> <span class='ocrx_word' id='word_1_276' title='bbox 3269 1921 3362 1975; x_wconf 91' lang='grc' dir='ltr'><strong>τοῦ</strong></span> <span class='ocrx_word' id='word_1_277' title='bbox 3386 1924 3514 1993; x_wconf 84' lang='grc' dir='ltr'>Χρι-</span> 
     </span>
    </p>
   </div>
   <div class='ocr_carea' id='block_1_34' title="bbox 240 2007 1825 2082">
    <p class='ocr_par' dir='ltr' id='par_1_34' title="bbox 240 2007 1825 2082">
     <span class='ocr_line' id='line_1_34' title="bbox 240 2007 1825 2082; baseline 0.001 -21"><span class='ocrx_word' id='word_1_278' title='bbox 240 2008 408 2081; x_wconf 83' lang='grc' dir='ltr'>θῆναι</span> <span class='ocrx_word' id='word_1_279' title='bbox 444 2012 575 2082; x_wconf 78' lang='grc' dir='ltr'>ἡμῖν</span> <span class='ocrx_word' id='word_1_280' title='bbox 607 2010 822 2082; x_wconf 84' lang='grc' dir='ltr'>πρῶτον</span> <span class='ocrx_word' id='word_1_281' title='bbox 870 2007 1051 2072; x_wconf 84' lang='grc' dir='ltr'>καλῶς</span> <span class='ocrx_word' id='word_1_282' title='bbox 1077 2009 1293 2082; x_wconf 76' lang='grc' dir='ltr'>ζητεϊνο</span> <span class='ocrx_word' id='word_1_283' title='bbox 1329 2019 1383 2065; x_wconf 90' lang='lat' dir='ltr'><strong>et</strong></span> <span class='ocrx_word' id='word_1_284' title='bbox 1414 2012 1529 2065; x_wconf 65' lang='lat' dir='ltr'><strong>haec</strong></span> <span class='ocrx_word' id='word_1_285' title='bbox 1563 2020 1825 2080; x_wconf 60' lang='lat' dir='ltr'><strong>praeterea</strong></span> 
     </span>
    </p>
   </div>
   <div class='ocr_carea' id='block_1_35' title="bbox 238 2102 1825 2172">
    <p class='ocr_par' dir='ltr' id='par_1_35' title="bbox 238 2102 1825 2172">
     <span class='ocr_line' id='line_1_35' title="bbox 238 2102 1825 2172; baseline 0 -15"><span class='ocrx_word' id='word_1_286' title='bbox 238 2116 368 2172; x_wconf 80' lang='lat' dir='ltr'><strong>quae</strong></span> <span class='ocrx_word' id='word_1_287' title='bbox 396 2118 461 2157; x_wconf 91' lang='lat' dir='ltr'><strong>ex</strong></span> <span class='ocrx_word' id='word_1_288' title='bbox 502 2118 568 2157; x_wconf 90' lang='lat' dir='ltr'><strong>eo</strong></span> <span class='ocrx_word' id='word_1_289' title='bbox 611 2103 806 2158; x_wconf 88' lang='lat' dir='ltr'><strong>recitat</strong></span> <span class='ocrx_word' id='word_1_290' title='bbox 854 2103 1125 2159; x_wconf 90' lang='lat' dir='ltr'><strong>Diodorus</strong></span> <span class='ocrx_word' id='word_1_291' title='bbox 1178 2104 1231 2157; x_wconf 92' lang='lat' dir='ltr'><strong>in</strong></span> <span class='ocrx_word' id='word_1_292' title='bbox 1286 2102 1488 2158; x_wconf 80' lang='lat' dir='ltr'><strong>Catena</strong></span> <span class='ocrx_word' id='word_1_293' title='bbox 1519 2102 1825 2159; x_wconf 67' lang='lat' dir='ltr'><strong>Contbeﬁsii</strong></span> 
     </span>
    </p>
   </div>
   <div class='ocr_carea' id='block_1_36' title="bbox 236 2194 1828 2268">
    <p class='ocr_par' dir='ltr' id='par_1_36' title="bbox 236 2194 1828 2268">
     <span class='ocr_line' id='line_1_36' title="bbox 236 2194 1828 2268; baseline 0 -21"><span class='ocrx_word' id='word_1_294' title='bbox 236 2194 485 2248; x_wconf 83' lang='lat' dir='ltr'><strong>nondum</strong></span> <span class='ocrx_word' id='word_1_295' title='bbox 516 2195 659 2249; x_wconf 91' lang='lat' dir='ltr'><strong>edita</strong></span> <span class='ocrx_word' id='word_1_296' title='bbox 684 2196 753 2249; x_wconf 84' lang='lat' dir='ltr'><strong>ad</strong></span> <span class='ocrx_word' id='word_1_297' title='bbox 777 2194 907 2251; x_wconf 78' lang='lat' dir='ltr'><strong>Gen.</strong></span> <span class='ocrx_word' id='word_1_298' title='bbox 937 2211 978 2262; x_wconf 86' lang='grc' dir='ltr'><strong>ι,</strong></span> <span class='ocrx_word' id='word_1_299' title='bbox 1008 2196 1077 2268; x_wconf 62' lang='lat'><strong>2;:</strong></span> <span class='ocrx_word' id='word_1_300' title='bbox 1105 2195 1465 2265; x_wconf 75' lang='grc' dir='ltr'><strong>Γεννηθήτω</strong></span> <span class='ocrx_word' id='word_1_301' title='bbox 1510 2194 1637 2266; x_wconf 68' lang='grc' dir='ltr'><em>φῶς</em></span> <span class='ocrx_word' id='word_1_302' title='bbox 1659 2213 1671 2226; x_wconf 74' lang='grc' dir='ltr'><strong>ο</strong></span> <span class='ocrx_word' id='word_1_303' title='bbox 1710 2195 1828 2259; x_wconf 83' lang='grc' dir='ltr'><strong>πῶς</strong></span> 
     </span>
    </p>
   </div>
   <div class='ocr_carea' id='block_1_37' title="bbox 237 2281 1822 2360">
    <p class='ocr_par' dir='ltr' id='par_1_37' title="bbox 237 2281 1822 2360">
     <span class='ocr_line' id='line_1_37' title="bbox 237 2281 1822 2360; baseline 0.004 -23"><span class='ocrx_word' id='word_1_304' title='bbox 237 2286 459 2358; x_wconf 79' lang='grc' dir='ltr'>νοήσω;</span> <span class='ocrx_word' id='word_1_305' title='bbox 500 2281 609 2358; x_wconf 75' lang='grc' dir='ltr'>ἆρα</span> <span class='ocrx_word' id='word_1_306' title='bbox 635 2285 697 2339; x_wconf 80' lang='grc' dir='ltr'><strong>τὸ</strong></span> <span class='ocrx_word' id='word_1_307' title='bbox 724 2286 997 2360; x_wconf 83' lang='grc' dir='ltr'>ἀληθινὸν,</span> <span class='ocrx_word' id='word_1_308' title='bbox 1025 2288 1118 2343; x_wconf 82' lang='grc' dir='ltr'><strong>τὸν</strong></span> <span class='ocrx_word' id='word_1_309' title='bbox 1143 2288 1272 2342; x_wconf 84' lang='grc' dir='ltr'>Υἱόν</span> <span class='ocrx_word' id='word_1_310' title='bbox 1302 2306 1317 2357; x_wconf 89' lang='grc'><strong>;</strong></span> <span class='ocrx_word' id='word_1_311' title='bbox 1349 2289 1492 2343; x_wconf 90' lang='lat' dir='ltr'><strong>Idem</strong></span> <span class='ocrx_word' id='word_1_312' title='bbox 1522 2289 1590 2344; x_wconf 89' lang='lat' dir='ltr'><strong>de</strong></span> <span class='ocrx_word' id='word_1_313' title='bbox 1618 2289 1822 2359; x_wconf 90' lang='lat' dir='ltr'><strong>Spiritu</strong></span> 
     </span>
    </p>
   </div>
   <div class='ocr_carea' id='block_1_38' title="bbox 236 2378 1823 2451">
    <p class='ocr_par' dir='ltr' id='par_1_38' title="bbox 236 2378 1823 2451">
     <span class='ocr_line' id='line_1_38' title="bbox 236 2378 1823 2451; baseline 0.003 -20"><span class='ocrx_word' id='word_1_314' title='bbox 236 2386 438 2432; x_wconf 87' lang='lat' dir='ltr'><strong>sancto</strong></span> <span class='ocrx_word' id='word_1_315' title='bbox 492 2378 790 2435; x_wconf 88' lang='lat' dir='ltr'><strong>decernere</strong></span> <span class='ocrx_word' id='word_1_316' title='bbox 850 2380 1089 2448; x_wconf 89' lang='lat' dir='ltr'><strong>videtur,</strong></span> <span class='ocrx_word' id='word_1_317' title='bbox 1131 2397 1255 2437; x_wconf 91' lang='lat' dir='ltr'><strong>cum</strong></span> <span class='ocrx_word' id='word_1_318' title='bbox 1312 2380 1389 2434; x_wconf 88' lang='lat' dir='ltr'><strong>ait</strong></span> <span class='ocrx_word' id='word_1_319' title='bbox 1446 2380 1500 2435; x_wconf 89' lang='lat' dir='ltr'><strong>in</strong></span> <span class='ocrx_word' id='word_1_320' title='bbox 1556 2380 1823 2451; x_wconf 74' lang='lat' dir='ltr'><strong>prooemio</strong></span> 
     </span>
    </p>
   </div>
   <div class='ocr_carea' id='block_1_39' title="bbox 234 2468 1824 2544">
    <p class='ocr_par' dir='ltr' id='par_1_39' title="bbox 234 2468 1824 2544">
     <span class='ocr_line' id='line_1_39' title="bbox 234 2468 1824 2544; baseline 0.003 -22"><span class='ocrx_word' id='word_1_321' title='bbox 234 2468 510 2523; x_wconf 84' lang='lat' dir='ltr'><strong>librorum</strong></span> <span class='ocrx_word' id='word_1_322' title='bbox 548 2470 689 2540; x_wconf 79' lang='grc' dir='ltr'>Περὶ</span> <span class='ocrx_word' id='word_1_323' title='bbox 720 2471 939 2541; x_wconf 81' lang='grc' dir='ltr'><strong>ἀρχῶν,</strong></span> <span class='ocrx_word' id='word_1_324' title='bbox 976 2490 1125 2530; x_wconf 90' lang='lat' dir='ltr'><strong>num.</strong></span> <span class='ocrx_word' id='word_1_325' title='bbox 1156 2475 1389 2544; x_wconf 70' lang='lat' dir='ltr'><strong>4,juxta</strong></span> <span class='ocrx_word' id='word_1_326' title='bbox 1427 2473 1610 2527; x_wconf 78' lang='lat' dir='ltr'><strong>Ruﬁni</strong></span> <span class='ocrx_word' id='word_1_327' title='bbox 1652 2473 1824 2527; x_wconf 83' lang='lat' dir='ltr'><strong>inter-</strong></span> 
     </span>
    </p>
   </div>
   <div class='ocr_carea' id='block_1_40' title="bbox 238 2560 1821 2634">
    <p class='ocr_par' dir='ltr' id='par_1_40' title="bbox 238 2560 1821 2634">
     <span class='ocr_line' id='line_1_40' title="bbox 238 2560 1821 2634; baseline 0.004 -23"><span class='ocrx_word' id='word_1_328' title='bbox 238 2560 651 2626; x_wconf 89' lang='lat' dir='ltr'><strong>pretationem:</strong></span> <span class='ocrx_word' id='word_1_329' title='bbox 694 2582 713 2613; x_wconf 76' lang='grc' dir='ltr'><strong>ι</strong></span> <span class='ocrx_word' id='word_1_330' title='bbox 763 2562 899 2617; x_wconf 85' lang='grc' dir='ltr'>Τυιη</span> <span class='ocrx_word' id='word_1_331' title='bbox 947 2562 1148 2618; x_wconf 91' lang='lat' dir='ltr'><strong>deinde</strong></span> <span class='ocrx_word' id='word_1_332' title='bbox 1199 2565 1405 2619; x_wconf 86' lang='lat' dir='ltr'><strong>honore</strong></span> <span class='ocrx_word' id='word_1_333' title='bbox 1439 2577 1503 2617; x_wconf 90' lang='lat' dir='ltr'><strong>ac</strong></span> <span class='ocrx_word' id='word_1_334' title='bbox 1556 2563 1821 2634; x_wconf 75' lang='lat' dir='ltr'><strong>dignitate</strong></span> 
     </span>
    </p>
   </div>
   <div class='ocr_carea' id='block_1_41' title="bbox 232 2647 1819 2723">
    <p class='ocr_par' dir='ltr' id='par_1_41' title="bbox 232 2647 1819 2723">
     <span class='ocr_line' id='line_1_41' title="bbox 232 2647 1819 2723; baseline 0.002 -20"><span class='ocrx_word' id='word_1_335' title='bbox 232 2647 392 2704; x_wconf 84' lang='lat' dir='ltr'><strong>Patri</strong></span> <span class='ocrx_word' id='word_1_336' title='bbox 434 2664 497 2704; x_wconf 91' lang='lat' dir='ltr'><strong>ac</strong></span> <span class='ocrx_word' id='word_1_337' title='bbox 534 2650 675 2706; x_wconf 87' lang='lat' dir='ltr'><strong>Filio</strong></span> <span class='ocrx_word' id='word_1_338' title='bbox 706 2653 981 2707; x_wconf 90' lang='lat' dir='ltr'><strong>sociatum</strong></span> <span class='ocrx_word' id='word_1_339' title='bbox 1012 2654 1355 2710; x_wconf 89' lang='lat' dir='ltr'><strong>tradiderunt</strong></span> <span class='ocrx_word' id='word_1_340' title='bbox 1399 2652 1659 2723; x_wconf 91' lang='lat' dir='ltr'><strong>Spiritum</strong></span> <span class='ocrx_word' id='word_1_341' title='bbox 1692 2670 1819 2707; x_wconf 85' lang='lat' dir='ltr'><strong>san-</strong></span> 
     </span>
    </p>
   </div>
   <div class='ocr_carea' id='block_1_42' title="bbox 232 2730 1813 2815">
    <p class='ocr_par' dir='ltr' id='par_1_42' title="bbox 232 2730 1813 2815">
     <span class='ocr_line' id='line_1_42' title="bbox 232 2730 1813 2815; baseline 0.003 -21"><span class='ocrx_word' id='word_1_342' title='bbox 232 2750 410 2795; x_wconf 91' lang='lat' dir='ltr'><strong>ctum.</strong></span> <span class='ocrx_word' id='word_1_343' title='bbox 435 2740 491 2795; x_wconf 93' lang='lat' dir='ltr'><strong>ln</strong></span> <span class='ocrx_word' id='word_1_344' title='bbox 522 2743 625 2797; x_wconf 90' lang='lat' dir='ltr'><strong>hoc</strong></span> <span class='ocrx_word' id='word_1_345' title='bbox 667 2758 773 2798; x_wconf 91' lang='lat' dir='ltr'><strong>non</strong></span> <span class='ocrx_word' id='word_1_346' title='bbox 796 2744 910 2815; x_wconf 87' lang='lat' dir='ltr'><strong>jam</strong></span> <span class='ocrx_word' id='word_1_347' title='bbox 954 2745 1241 2800; x_wconf 81' lang='lat' dir='ltr'><strong>manifeste</strong></span> <span class='ocrx_word' id='word_1_348' title='bbox 1278 2746 1606 2801; x_wconf 86' lang='lat' dir='ltr'><strong>discernitur</strong></span> <span class='ocrx_word' id='word_1_349' title='bbox 1635 2730 1813 2799; x_wconf 88' lang='lat' dir='ltr'><strong>utrum</strong></span> 
     </span>
    </p>
   </div>
   <div class='ocr_carea' id='block_1_43' title="bbox 232 2836 1813 2908">
    <p class='ocr_par' dir='ltr' id='par_1_43' title="bbox 232 2836 1813 2908">
     <span class='ocr_line' id='line_1_43' title="bbox 232 2836 1813 2908; baseline 0.001 -19"><span class='ocrx_word' id='word_1_350' title='bbox 232 2844 400 2890; x_wconf 87' lang='lat' dir='ltr'><strong>natus</strong></span> <span class='ocrx_word' id='word_1_351' title='bbox 425 2852 490 2889; x_wconf 88' lang='lat' dir='ltr'><strong>an</strong></span> <span class='ocrx_word' id='word_1_352' title='bbox 522 2836 775 2905; x_wconf 86' lang='lat' dir='ltr'><strong>innatus;</strong></span> <span class='ocrx_word' id='word_1_353' title='bbox 800 2855 820 2890; x_wconf 73' lang='grc' dir='ltr'><strong>ο</strong></span> <span class='ocrx_word' id='word_1_354' title='bbox 840 2848 897 2893; x_wconf 91' lang='lat' dir='ltr'><strong>et</strong></span> <span class='ocrx_word' id='word_1_355' title='bbox 923 2838 1017 2893; x_wconf 91' lang='lat' dir='ltr'><strong>lib.</strong></span> <span class='ocrx_word' id='word_1_356' title='bbox 1055 2854 1094 2903; x_wconf 88' lang='grc' dir='ltr'><strong>ι,</strong></span> <span class='ocrx_word' id='word_1_357' title='bbox 1120 2854 1237 2908; x_wconf 85' lang='lat' dir='ltr'><strong>cap.</strong></span> <span class='ocrx_word' id='word_1_358' title='bbox 1274 2838 1331 2904; x_wconf 76' lang='lat'><strong>2,</strong></span> <span class='ocrx_word' id='word_1_359' title='bbox 1368 2855 1516 2892; x_wconf 83' lang='lat' dir='ltr'><strong>nunt.</strong></span> <span class='ocrx_word' id='word_1_360' title='bbox 1548 2839 1601 2905; x_wconf 89' lang='lat'><strong>6,</strong></span> <span class='ocrx_word' id='word_1_361' title='bbox 1625 2839 1813 2893; x_wconf 87' lang='lat' dir='ltr'><strong>eodem</strong></span> 
     </span>
    </p>
   </div>
   <div class='ocr_carea' id='block_1_44' title="bbox 231 2926 1817 3003">
    <p class='ocr_par' dir='ltr' id='par_1_44' title="bbox 231 2926 1817 3003">
     <span class='ocr_line' id='line_1_44' title="bbox 231 2926 1817 3003; baseline 0 -22"><span class='ocrx_word' id='word_1_362' title='bbox 231 2926 539 2998; x_wconf 88' lang='lat' dir='ltr'><strong>interprete</strong></span> <span class='ocrx_word' id='word_1_363' title='bbox 571 2946 586 2983; x_wconf 91' lang='lat'>:</span> <span class='ocrx_word' id='word_1_364' title='bbox 622 2946 643 2981; x_wconf 77' lang='grc' dir='ltr'><strong>ι</strong></span> <span class='ocrx_word' id='word_1_365' title='bbox 674 2928 751 2984; x_wconf 90' lang='lat' dir='ltr'><strong>Ita</strong></span> <span class='ocrx_word' id='word_1_366' title='bbox 770 2944 900 3003; x_wconf 90' lang='lat' dir='ltr'><strong>ergo</strong></span> <span class='ocrx_word' id='word_1_367' title='bbox 925 2938 979 2986; x_wconf 93' lang='lat' dir='ltr'><strong>et</strong></span> <span class='ocrx_word' id='word_1_368' title='bbox 1006 2929 1128 2985; x_wconf 85' lang='lat' dir='ltr'><strong>Filii</strong></span> <span class='ocrx_word' id='word_1_369' title='bbox 1154 2930 1498 2986; x_wconf 83' lang='lat' dir='ltr'><strong>subsistentia</strong></span> <span class='ocrx_word' id='word_1_370' title='bbox 1528 2939 1817 3000; x_wconf 78' lang='lat' dir='ltr'><strong>generatur</strong></span> 
     </span>
    </p>
   </div>
   <div class='ocr_carea' id='block_1_45' title="bbox 301 3090 799 3158">
    <p class='ocr_par' dir='ltr' id='par_1_45' title="bbox 301 3090 799 3158">
     <span class='ocr_line' id='line_1_45' title="bbox 301 3090 799 3158; baseline 0.006 -14"><span class='ocrx_word' id='word_1_371' title='bbox 301 3090 351 3122; x_wconf 80' lang='grc'>⁸⁸</span> <span class='ocrx_word' id='word_1_372' title='bbox 391 3090 602 3147; x_wconf 89' lang='lat' dir='ltr'><strong>Coloss.</strong></span> <span class='ocrx_word' id='word_1_373' title='bbox 635 3106 679 3158; x_wconf 89' lang='grc' dir='ltr'><strong>ι,</strong></span> <span class='ocrx_word' id='word_1_374' title='bbox 709 3091 799 3147; x_wconf 78' lang='lat' dir='ltr'><strong>i5.</strong></span> 
     </span>
    </p>
   </div>
   <div class='ocr_carea' id='block_1_46' title="bbox 908 3088 1873 3159">
    <p class='ocr_par' dir='ltr' id='par_1_46' title="bbox 908 3088 1873 3159">
     <span class='ocr_line' id='line_1_46' title="bbox 908 3088 1873 3159; baseline -0.005 -10"><span class='ocrx_word' id='word_1_375' title='bbox 908 3093 953 3126; x_wconf 84' lang='grc'><strong>³¹</strong></span> <span class='ocrx_word' id='word_1_376' title='bbox 990 3092 1158 3149; x_wconf 84' lang='lat' dir='ltr'><strong>Hebr.</strong></span> <span class='ocrx_word' id='word_1_377' title='bbox 1184 3108 1224 3159; x_wconf 83' lang='grc' dir='ltr'><strong>ι,</strong></span> <span class='ocrx_word' id='word_1_378' title='bbox 1248 3093 1302 3147; x_wconf 78' lang='lat'><strong>5.</strong></span> <span class='ocrx_word' id='word_1_379' title='bbox 1380 3093 1425 3126; x_wconf 81' lang='grc'><strong>³³</strong></span> <span class='ocrx_word' id='word_1_380' title='bbox 1450 3093 1607 3147; x_wconf 89' lang='lat' dir='ltr'><strong>Prov.</strong></span> <span class='ocrx_word' id='word_1_381' title='bbox 1636 3106 1753 3153; x_wconf 90' lang='lat' dir='ltr'><strong>vut,</strong></span> <span class='ocrx_word' id='word_1_382' title='bbox 1782 3088 1873 3144; x_wconf 72' lang='lat'><strong>22.</strong></span> 
     </span>
    </p>
   </div>
   <div class='ocr_carea' id='block_1_47' title="bbox 1934 2010 3510 2083">
    <p class='ocr_par' dir='ltr' id='par_1_47' title="bbox 1934 2010 3510 2083">
     <span class='ocr_line' id='line_1_47' title="bbox 1934 2010 3510 2083; baseline 0.004 -20"><span class='ocrx_word' id='word_1_383' title='bbox 1934 2010 2060 2063; x_wconf 87' lang='grc' dir='ltr'>στοῦ</span> <span class='ocrx_word' id='word_1_384' title='bbox 2091 2011 2149 2065; x_wconf 80' lang='grc' dir='ltr'><strong>ἕν</strong></span> <span class='ocrx_word' id='word_1_385' title='bbox 2183 2029 2292 2064; x_wconf 85' lang='grc' dir='ltr'>τισι</span> <span class='ocrx_word' id='word_1_386' title='bbox 2326 2017 2584 2083; x_wconf 84' lang='grc' dir='ltr'>γραφαῖς.</span> <span class='ocrx_word' id='word_1_387' title='bbox 2623 2014 2752 2081; x_wconf 76' lang='lat' dir='ltr'><strong>Qua:</strong></span> <span class='ocrx_word' id='word_1_388' title='bbox 2787 2013 2854 2067; x_wconf 86' lang='lat' dir='ltr'><strong>ab</strong></span> <span class='ocrx_word' id='word_1_389' title='bbox 2898 2015 3117 2069; x_wconf 89' lang='lat' dir='ltr'><strong>Arianis</strong></span> <span class='ocrx_word' id='word_1_390' title='bbox 3159 2031 3282 2071; x_wconf 89' lang='lat' dir='ltr'><strong>esse</strong></span> <span class='ocrx_word' id='word_1_391' title='bbox 3323 2032 3510 2071; x_wconf 82' lang='lat' dir='ltr'><strong>assuta</strong></span> 
     </span>
    </p>
   </div>
   <div class='ocr_carea' id='block_1_48' title="bbox 1934 2102 3507 2161">
    <p class='ocr_par' dir='ltr' id='par_1_48' title="bbox 1934 2102 3507 2161">
     <span class='ocr_line' id='line_1_48' title="bbox 1934 2102 3507 2161; baseline 0.002 -4"><span class='ocrx_word' id='word_1_392' title='bbox 1934 2102 2053 2157; x_wconf 89' lang='lat' dir='ltr'><strong>sine</strong></span> <span class='ocrx_word' id='word_1_393' title='bbox 2106 2118 2267 2157; x_wconf 85' lang='lat' dir='ltr'><strong>causa</strong></span> <span class='ocrx_word' id='word_1_394' title='bbox 2300 2102 2676 2159; x_wconf 89' lang='lat' dir='ltr'><strong>Geuebrardus</strong></span> <span class='ocrx_word' id='word_1_395' title='bbox 2715 2106 3075 2159; x_wconf 87' lang='lat' dir='ltr'><strong>contendebat</strong></span> <span class='ocrx_word' id='word_1_396' title='bbox 3121 2106 3174 2159; x_wconf 88' lang='lat' dir='ltr'><strong>in</strong></span> <span class='ocrx_word' id='word_1_397' title='bbox 3219 2105 3507 2161; x_wconf 72' lang='lat' dir='ltr'><strong>Collecttm.</strong></span> 
     </span>
    </p>
   </div>
   <div class='ocr_carea' id='block_1_49' title="bbox 1930 2190 3511 2265">
    <p class='ocr_par' dir='ltr' id='par_1_49' title="bbox 1930 2190 3511 2265">
     <span class='ocr_line' id='line_1_49' title="bbox 1930 2190 3511 2265; baseline 0.002 -19"><span class='ocrx_word' id='word_1_398' title='bbox 1930 2193 1994 2246; x_wconf 84' lang='lat' dir='ltr'><strong>de</strong></span> <span class='ocrx_word' id='word_1_399' title='bbox 2035 2190 2153 2245; x_wconf 83' lang='lat' dir='ltr'><strong>Vita</strong></span> <span class='ocrx_word' id='word_1_400' title='bbox 2184 2196 2425 2263; x_wconf 70' lang='lat' dir='ltr'><strong>Origem,</strong></span> <span class='ocrx_word' id='word_1_401' title='bbox 2461 2210 2582 2264; x_wconf 90' lang='lat' dir='ltr'><strong>cap.</strong></span> <span class='ocrx_word' id='word_1_402' title='bbox 2629 2194 2683 2262; x_wconf 83' lang='lat'><strong>6,</strong></span> <span class='ocrx_word' id='word_1_403' title='bbox 2724 2204 2784 2249; x_wconf 88' lang='lat' dir='ltr'><strong>ut</strong></span> <span class='ocrx_word' id='word_1_404' title='bbox 2820 2195 3101 2264; x_wconf 85' lang='lat' dir='ltr'><strong>apparebit</strong></span> <span class='ocrx_word' id='word_1_405' title='bbox 3130 2212 3193 2249; x_wconf 83' lang='lat' dir='ltr'><strong>ex</strong></span> <span class='ocrx_word' id='word_1_406' title='bbox 3230 2202 3511 2265; x_wconf 81' lang='lat' dir='ltr'><strong>sequenti-</strong></span> 
     </span>
    </p>
   </div>
   <div class='ocr_carea' id='block_1_50' title="bbox 1928 2280 3509 2357">
    <p class='ocr_par' dir='ltr' id='par_1_50' title="bbox 1928 2280 3509 2357">
     <span class='ocr_line' id='line_1_50' title="bbox 1928 2280 3509 2357; baseline 0.004 -23"><span class='ocrx_word' id='word_1_407' title='bbox 1928 2281 2050 2335; x_wconf 88' lang='lat' dir='ltr'><strong>bus.</strong></span> <span class='ocrx_word' id='word_1_408' title='bbox 2086 2280 2199 2351; x_wconf 87' lang='lat' dir='ltr'><strong>(lO)</strong></span> <span class='ocrx_word' id='word_1_409' title='bbox 2229 2282 2357 2335; x_wconf 91' lang='lat' dir='ltr'><strong>Item</strong></span> <span class='ocrx_word' id='word_1_410' title='bbox 2385 2283 2543 2350; x_wconf 89' lang='lat' dir='ltr'><strong>paulo</strong></span> <span class='ocrx_word' id='word_1_411' title='bbox 2566 2286 2838 2350; x_wconf 85' lang='lat' dir='ltr'><strong>superius,</strong></span> <span class='ocrx_word' id='word_1_412' title='bbox 2866 2284 2954 2348; x_wconf 78' lang='grc' dir='ltr'><strong>Ὠς</strong></span> <span class='ocrx_word' id='word_1_413' title='bbox 2978 2285 3395 2357; x_wconf 76' lang='grc' dir='ltr'>εὐσεϐέστερον,</span> <span class='ocrx_word' id='word_1_414' title='bbox 3426 2287 3509 2341; x_wconf 80' lang='lat' dir='ltr'><strong>iu-</strong></span> 
     </span>
    </p>
   </div>
   <div class='ocr_carea' id='block_1_51' title="bbox 1927 2369 3506 2444">
    <p class='ocr_par' dir='ltr' id='par_1_51' title="bbox 1927 2369 3506 2444">
     <span class='ocr_line' id='line_1_51' title="bbox 1927 2369 3506 2444; baseline 0.004 -22"><span class='ocrx_word' id='word_1_415' title='bbox 1927 2370 2065 2439; x_wconf 90' lang='lat' dir='ltr'><strong>quit,</strong></span> <span class='ocrx_word' id='word_1_416' title='bbox 2096 2370 2190 2421; x_wconf 77' lang='grc' dir='ltr'>καὶ</span> <span class='ocrx_word' id='word_1_417' title='bbox 2210 2369 2407 2441; x_wconf 81' lang='grc' dir='ltr'>ἀληθὲς</span> <span class='ocrx_word' id='word_1_418' title='bbox 2434 2373 2772 2444; x_wconf 83' lang='grc' dir='ltr'><strong>προσιέμεθα</strong></span> <span class='ocrx_word' id='word_1_419' title='bbox 2800 2375 2883 2437; x_wconf 83' lang='grc' dir='ltr'><strong>τὸ,</strong></span> <span class='ocrx_word' id='word_1_420' title='bbox 2929 2374 3147 2428; x_wconf 79' lang='grc' dir='ltr'>πάντων</span> <span class='ocrx_word' id='word_1_421' title='bbox 3180 2375 3269 2428; x_wconf 86' lang='grc' dir='ltr'>διὰ</span> <span class='ocrx_word' id='word_1_422' title='bbox 3284 2374 3377 2429; x_wconf 91' lang='grc' dir='ltr'><strong>τοῦ</strong></span> <span class='ocrx_word' id='word_1_423' title='bbox 3401 2375 3506 2429; x_wconf 85' lang='grc' dir='ltr'><strong>Λό-</strong></span> 
     </span>
    </p>
   </div>
   <div class='ocr_carea' id='block_1_52' title="bbox 1922 2461 3509 2540">
    <p class='ocr_par' dir='ltr' id='par_1_52' title="bbox 1922 2461 3509 2540">
     <span class='ocr_line' id='line_1_52' title="bbox 1922 2461 3509 2540; baseline 0.007 -28"><span class='ocrx_word' id='word_1_424' title='bbox 1922 2477 2023 2529; x_wconf 91' lang='grc' dir='ltr'><strong>γου</strong></span> <span class='ocrx_word' id='word_1_425' title='bbox 2045 2461 2372 2531; x_wconf 85' lang='grc' dir='ltr'>γενομένων,</span> <span class='ocrx_word' id='word_1_426' title='bbox 2401 2464 2463 2516; x_wconf 85' lang='grc' dir='ltr'><strong>τὸ</strong></span> <span class='ocrx_word' id='word_1_427' title='bbox 2487 2464 2643 2532; x_wconf 82' lang='grc' dir='ltr'>ἆγιον</span> <span class='ocrx_word' id='word_1_428' title='bbox 2664 2465 2889 2537; x_wconf 81' lang='grc' dir='ltr'>Πνεῦμα</span> <span class='ocrx_word' id='word_1_429' title='bbox 2921 2468 3136 2521; x_wconf 84' lang='grc' dir='ltr'>πάντων</span> <span class='ocrx_word' id='word_1_430' title='bbox 3165 2464 3509 2540; x_wconf 79' lang='grc' dir='ltr'>εἶναιτιμιώ-</span> 
     </span>
    </p>
   </div>
   <div class='ocr_carea' id='block_1_53' title="bbox 1919 2555 3506 2634">
    <p class='ocr_par' dir='ltr' id='par_1_53' title="bbox 1919 2555 3506 2634">
     <span class='ocr_line' id='line_1_53' title="bbox 1919 2555 3506 2634; baseline 0.006 -28"><span class='ocrx_word' id='word_1_431' title='bbox 1919 2570 2098 2624; x_wconf 80' lang='grc' dir='ltr'>τερον,</span> <span class='ocrx_word' id='word_1_432' title='bbox 2144 2555 2240 2607; x_wconf 79' lang='grc' dir='ltr'>καὶ</span> <span class='ocrx_word' id='word_1_433' title='bbox 2288 2555 2440 2622; x_wconf 78' lang='grc' dir='ltr'>τάξει</span> <span class='ocrx_word' id='word_1_434' title='bbox 2480 2559 2697 2612; x_wconf 84' lang='grc' dir='ltr'>πάντων</span> <span class='ocrx_word' id='word_1_435' title='bbox 2742 2559 2850 2611; x_wconf 84' lang='grc' dir='ltr'><strong>τῶν</strong></span> <span class='ocrx_word' id='word_1_436' title='bbox 2899 2560 3003 2612; x_wconf 81' lang='grc' dir='ltr'>ὑπὸ</span> <span class='ocrx_word' id='word_1_437' title='bbox 3044 2563 3139 2613; x_wconf 89' lang='grc' dir='ltr'><strong>τοῦ</strong></span> <span class='ocrx_word' id='word_1_438' title='bbox 3179 2562 3391 2634; x_wconf 81' lang='grc' dir='ltr'>Πατρὸς</span> <span class='ocrx_word' id='word_1_439' title='bbox 3416 2562 3506 2617; x_wconf 80' lang='grc' dir='ltr'><strong>διὰ</strong></span> 
     </span>
    </p>
   </div>
   <div class='ocr_carea' id='block_1_54' title="bbox 1919 2647 3500 2721">
    <p class='ocr_par' dir='ltr' id='par_1_54' title="bbox 1919 2647 3500 2721">
     <span class='ocr_line' id='line_1_54' title="bbox 1919 2647 3500 2721; baseline 0.007 -21"><span class='ocrx_word' id='word_1_440' title='bbox 1919 2647 2155 2718; x_wconf 87' lang='grc' dir='ltr'>Χριστὸν</span> <span class='ocrx_word' id='word_1_441' title='bbox 2182 2650 2585 2721; x_wconf 86' lang='grc' dir='ltr'>γεγενημένων.</span> <span class='ocrx_word' id='word_1_442' title='bbox 2626 2651 2693 2705; x_wconf 82' lang='grc' dir='ltr'>Ει</span> <span class='ocrx_word' id='word_1_443' title='bbox 2728 2652 2887 2717; x_wconf 88' lang='lat' dir='ltr'><strong>paulo</strong></span> <span class='ocrx_word' id='word_1_444' title='bbox 2917 2652 3080 2717; x_wconf 77' lang='lat' dir='ltr'><strong>infra,</strong></span> <span class='ocrx_word' id='word_1_445' title='bbox 3124 2655 3313 2710; x_wconf 84' lang='lat' dir='ltr'><strong>eodem</strong></span> <span class='ocrx_word' id='word_1_446' title='bbox 3346 2671 3500 2711; x_wconf 88' lang='lat' dir='ltr'><strong>num.</strong></span> 
     </span>
    </p>
   </div>
   <div class='ocr_carea' id='block_1_55' title="bbox 1919 2739 3505 2820">
    <p class='ocr_par' dir='ltr' id='par_1_55' title="bbox 1919 2739 3505 2820">
     <span class='ocr_line' id='line_1_55' title="bbox 1919 2739 3505 2820; baseline 0.005 -25"><span class='ocrx_word' id='word_1_447' title='bbox 1919 2739 1974 2805; x_wconf 83' lang='lat'><strong>6,</strong></span> <span class='ocrx_word' id='word_1_448' title='bbox 2007 2757 2124 2811; x_wconf 86' lang='lat' dir='ltr'><strong>pag.</strong></span> <span class='ocrx_word' id='word_1_449' title='bbox 2156 2742 2224 2796; x_wconf 78' lang='lat'><strong>63</strong></span> <span class='ocrx_word' id='word_1_450' title='bbox 2253 2761 2268 2797; x_wconf 90' lang='lat'><strong>:</strong></span> <span class='ocrx_word' id='word_1_451' title='bbox 2293 2742 2480 2797; x_wconf 83' lang='grc' dir='ltr'>Ταῦτα</span> <span class='ocrx_word' id='word_1_452' title='bbox 2511 2743 2567 2797; x_wconf 85' lang='grc' dir='ltr'>δὲ</span> <span class='ocrx_word' id='word_1_453' title='bbox 2596 2744 2827 2797; x_wconf 78' lang='grc' dir='ltr'>ἐπιπολὺ</span> <span class='ocrx_word' id='word_1_454' title='bbox 2859 2744 3148 2816; x_wconf 74' lang='grc' dir='ltr'>ἐξήτασται</span> <span class='ocrx_word' id='word_1_455' title='bbox 3170 2747 3505 2820; x_wconf 69' lang='grc' dir='ltr'>σαφέστερον</span> 
     </span>
    </p>
   </div>
   <div class='ocr_carea' id='block_1_56' title="bbox 1924 2834 3498 2908">
    <p class='ocr_par' dir='ltr' id='par_1_56' title="bbox 1924 2834 3498 2908">
     <span class='ocr_line' id='line_1_56' title="bbox 1924 2834 3498 2908; baseline 0.004 -22"><span class='ocrx_word' id='word_1_456' title='bbox 1924 2834 2049 2887; x_wconf 74' lang='grc' dir='ltr'>ἰδεῖν</span> <span class='ocrx_word' id='word_1_457' title='bbox 2098 2834 2441 2905; x_wconf 83' lang='grc' dir='ltr'>βουλομένοις</span> <span class='ocrx_word' id='word_1_458' title='bbox 2474 2836 2612 2901; x_wconf 83' lang='grc' dir='ltr'>πῶς,</span> <span class='ocrx_word' id='word_1_459' title='bbox 2646 2838 2694 2889; x_wconf 87' lang='grc' dir='ltr'>εἰ</span> <span class='ocrx_word' id='word_1_460' title='bbox 2726 2838 2903 2892; x_wconf 80' lang='grc' dir='ltr'>πάντα</span> <span class='ocrx_word' id='word_1_461' title='bbox 2954 2837 3021 2890; x_wconf 85' lang='grc' dir='ltr'><strong>δι’</strong></span> <span class='ocrx_word' id='word_1_462' title='bbox 3050 2839 3215 2893; x_wconf 79' lang='grc' dir='ltr'>αὐτοῦ</span> <span class='ocrx_word' id='word_1_463' title='bbox 3245 2840 3498 2908; x_wconf 74' lang='grc' dir='ltr'>ἐγένετο,</span> 
     </span>
    </p>
   </div>
   <div class='ocr_carea' id='block_1_57' title="bbox 1919 2927 3059 3000">
    <p class='ocr_par' dir='ltr' id='par_1_57' title="bbox 1919 2927 3059 3000">
     <span class='ocr_line' id='line_1_57' title="bbox 1919 2927 3059 3000; baseline 0.003 -18"><span class='ocrx_word' id='word_1_464' title='bbox 1919 2928 2016 2982; x_wconf 73' lang='grc' dir='ltr'><strong>καὶ</strong></span> <span class='ocrx_word' id='word_1_465' title='bbox 2034 2929 2097 2982; x_wconf 86' lang='grc' dir='ltr'>τὺ</span> <span class='ocrx_word' id='word_1_466' title='bbox 2124 2927 2352 3000; x_wconf 78' lang='grc' dir='ltr'>Πνεῦμα</span> <span class='ocrx_word' id='word_1_467' title='bbox 2376 2928 2462 2981; x_wconf 76' lang='grc' dir='ltr'><strong>διὰ</strong></span> <span class='ocrx_word' id='word_1_468' title='bbox 2499 2928 2593 2981; x_wconf 87' lang='grc' dir='ltr'><strong>τοῦ</strong></span> <span class='ocrx_word' id='word_1_469' title='bbox 2624 2930 2798 2998; x_wconf 80' lang='grc' dir='ltr'>Λόγου</span> <span class='ocrx_word' id='word_1_470' title='bbox 2826 2930 3059 2999; x_wconf 81' lang='grc' dir='ltr'>ἐγένετο.</span> 
     </span>
    </p>
   </div>
   <div class='ocr_carea' id='block_1_58' title="bbox 305 3211 1831 3295">
    <p class='ocr_par' dir='ltr' id='par_1_58' title="bbox 305 3211 1813 3295">
     <span class='ocr_line' id='line_1_58' title="bbox 305 3211 1813 3295; baseline 0.001 -20"><span class='ocrx_word' id='word_1_471' title='bbox 305 3222 426 3295; x_wconf 10' lang='grc'><strong>(107)</strong></span> <span class='ocrx_word' id='word_1_472' title='bbox 452 3222 589 3279; x_wconf 85' lang='lat' dir='ltr'><strong>Item</strong></span> <span class='ocrx_word' id='word_1_473' title='bbox 616 3227 777 3294; x_wconf 84' lang='lat' dir='ltr'><strong>paulo</strong></span> <span class='ocrx_word' id='word_1_474' title='bbox 802 3211 1057 3294; x_wconf 48' lang='lat' dir='ltr'><strong>superius</strong></span> <span class='ocrx_word' id='word_1_475' title='bbox 1080 3265 1097 3292; x_wconf 91' lang='lat'><strong>,</strong></span> <span class='ocrx_word' id='word_1_476' title='bbox 1134 3225 1222 3287; x_wconf 84' lang='grc' dir='ltr'><strong>Ὠς</strong></span> <span class='ocrx_word' id='word_1_477' title='bbox 1260 3222 1646 3295; x_wconf 78' lang='grc' dir='ltr'>εὐσεϐέστερον</span> <span class='ocrx_word' id='word_1_478' title='bbox 1664 3263 1680 3287; x_wconf 94' lang='grc'><strong>,</strong></span> <span class='ocrx_word' id='word_1_479' title='bbox 1708 3234 1813 3277; x_wconf 90' lang='lat' dir='ltr'><strong>etc.</strong></span> 
     </span>
    </p>
   </div>
   <div class='ocr_carea' id='block_1_59' title="bbox 1918 3211 3497 3295">
    <p class='ocr_par' dir='ltr' id='par_1_59' title="bbox 1920 3222 3497 3295">
     <span class='ocr_line' id='line_1_59' title="bbox 1920 3222 3497 3295; baseline 0.003 -20"><span class='ocrx_word' id='word_1_480' title='bbox 1920 3222 2012 3295; x_wconf 90' lang='lat' dir='ltr'><strong>sed</strong></span> <span class='ocrx_word' id='word_1_481' title='bbox 2072 3238 2101 3274; x_wconf 91' lang='lat' dir='ltr'><strong>a</strong></span> <span class='ocrx_word' id='word_1_482' title='bbox 2166 3222 2298 3295; x_wconf 80' lang='lat' dir='ltr'><strong>Deo</strong></span> <span class='ocrx_word' id='word_1_483' title='bbox 2344 3226 2623 3279; x_wconf 83' lang='lat' dir='ltr'><strong>exstitisse</strong></span> <span class='ocrx_word' id='word_1_484' title='bbox 2698 3225 3072 3287; x_wconf 80' lang='lat' dir='ltr'><strong>contendens,</strong></span> <span class='ocrx_word' id='word_1_485' title='bbox 3143 3225 3225 3279; x_wconf 89' lang='lat' dir='ltr'><strong>his</strong></span> <span class='ocrx_word' id='word_1_486' title='bbox 3272 3226 3497 3281; x_wconf 78' lang='lat' dir='ltr'><strong>vocibus</strong></span> 
     </span>
    </p>
   </div>
   <div class='ocr_carea' id='block_1_60' title="bbox 228 3293 1808 3367">
    <p class='ocr_par' dir='ltr' id='par_1_60' title="bbox 228 3293 1808 3367">
     <span class='ocr_line' id='line_1_60' title="bbox 228 3293 1808 3367; baseline -0.001 -18"><span class='ocrx_word' id='word_1_487' title='bbox 228 3293 592 3361; x_wconf 71' lang='lat' dir='ltr'><strong>Blasphemiae</strong></span> <span class='ocrx_word' id='word_1_488' title='bbox 617 3293 681 3350; x_wconf 10' lang='lat' dir='ltr'><strong>fin</strong></span> <span class='ocrx_word' id='word_1_489' title='bbox 711 3293 975 3367; x_wconf 86' lang='lat' dir='ltr'><strong>Spiritum</strong></span> <span class='ocrx_word' id='word_1_490' title='bbox 1009 3306 1255 3367; x_wconf 84' lang='lat' dir='ltr'><strong>sanctum</strong></span> <span class='ocrx_word' id='word_1_491' title='bbox 1282 3293 1585 3367; x_wconf 78' lang='lat' dir='ltr'><strong>accusatur</strong></span> <span class='ocrx_word' id='word_1_492' title='bbox 1615 3293 1808 3367; x_wconf 86' lang='lat' dir='ltr'><strong>Orige-</strong></span> 
     </span>
    </p>
   </div>
   <div class='ocr_carea' id='block_1_61' title="bbox 226 3364 1811 3435">
    <p class='ocr_par' dir='ltr' id='par_1_61' title="bbox 226 3364 1811 3435">
     <span class='ocr_line' id='line_1_61' title="bbox 226 3364 1811 3435; baseline -0.003 -15"><span class='ocrx_word' id='word_1_493' title='bbox 226 3380 391 3435; x_wconf 27' lang='lat' dir='ltr'><strong>nesA;</strong></span> <span class='ocrx_word' id='word_1_494' title='bbox 434 3367 527 3420; x_wconf 90' lang='lat' dir='ltr'><strong>sed</strong></span> <span class='ocrx_word' id='word_1_495' title='bbox 554 3380 674 3435; x_wconf 71' lang='lat' dir='ltr'><strong>qua:</strong></span> <span class='ocrx_word' id='word_1_496' title='bbox 720 3364 788 3423; x_wconf 81' lang='lat' dir='ltr'><strong>ad</strong></span> <span class='ocrx_word' id='word_1_497' title='bbox 824 3366 968 3420; x_wconf 86' lang='lat' dir='ltr'><strong>hanc</strong></span> <span class='ocrx_word' id='word_1_498' title='bbox 1019 3365 1455 3420; x_wconf 90' lang='lat' dir='ltr'><strong>criminationem</strong></span> <span class='ocrx_word' id='word_1_499' title='bbox 1490 3364 1811 3417; x_wconf 89' lang='lat' dir='ltr'><strong>ﬁrmandam</strong></span> 
     </span>
    </p>
   </div>
   <div class='ocr_carea' id='block_1_62' title="bbox 224 3433 1815 3506">
    <p class='ocr_par' dir='ltr' id='par_1_62' title="bbox 224 3433 1815 3506">
     <span class='ocr_line' id='line_1_62' title="bbox 224 3433 1815 3506; baseline -0.001 -17"><span class='ocrx_word' id='word_1_500' title='bbox 224 3433 629 3506; x_wconf 71' lang='lat' dir='ltr'><strong>proferuntur,</strong></span> <span class='ocrx_word' id='word_1_501' title='bbox 662 3451 724 3492; x_wconf 88' lang='lat' dir='ltr'><strong>ea</strong></span> <span class='ocrx_word' id='word_1_502' title='bbox 752 3477 767 3503; x_wconf 94' lang='lat'><strong>,</strong></span> <span class='ocrx_word' id='word_1_503' title='bbox 805 3438 850 3491; x_wconf 89' lang='lat' dir='ltr'><strong>si</strong></span> <span class='ocrx_word' id='word_1_504' title='bbox 887 3436 1137 3506; x_wconf 72' lang='lat' dir='ltr'><strong>Graecum</strong></span> <span class='ocrx_word' id='word_1_505' title='bbox 1192 3443 1523 3506; x_wconf 81' lang='lat' dir='ltr'><strong>contextum</strong></span> <span class='ocrx_word' id='word_1_506' title='bbox 1558 3443 1815 3488; x_wconf 85' lang='lat' dir='ltr'><strong>accurate</strong></span> 
     </span>
    </p>
   </div>
   <div class='ocr_carea' id='block_1_63' title="bbox 223 3502 1813 3576">
    <p class='ocr_par' dir='ltr' id='par_1_63' title="bbox 223 3502 1813 3576">
     <span class='ocr_line' id='line_1_63' title="bbox 223 3502 1813 3576; baseline -0.003 -16"><span class='ocrx_word' id='word_1_507' title='bbox 223 3502 531 3574; x_wconf 75' lang='lat' dir='ltr'><strong>expendas,</strong></span> <span class='ocrx_word' id='word_1_508' title='bbox 556 3502 775 3561; x_wconf 88' lang='lat' dir='ltr'><strong>ﬁrmant</strong></span> <span class='ocrx_word' id='word_1_509' title='bbox 804 3507 983 3575; x_wconf 91' lang='lat' dir='ltr'><strong>potius</strong></span> <span class='ocrx_word' id='word_1_510' title='bbox 1009 3502 1257 3576; x_wconf 85' lang='lat' dir='ltr'><strong>Origenis</strong></span> <span class='ocrx_word' id='word_1_511' title='bbox 1287 3506 1354 3576; x_wconf 88' lang='lat' dir='ltr'><strong>de</strong></span> <span class='ocrx_word' id='word_1_512' title='bbox 1384 3504 1591 3576; x_wconf 88' lang='lat' dir='ltr'><strong>Spiritu</strong></span> <span class='ocrx_word' id='word_1_513' title='bbox 1622 3513 1813 3558; x_wconf 89' lang='lat' dir='ltr'><strong>sancto</strong></span> 
     </span>
    </p>
   </div>
   <div class='ocr_carea' id='block_1_64' title="bbox 224 3575 1811 3645">
    <p class='ocr_par' dir='ltr' id='par_1_64' title="bbox 224 3575 1811 3645">
     <span class='ocr_line' id='line_1_64' title="bbox 224 3575 1811 3645; baseline -0.001 -17"><span class='ocrx_word' id='word_1_514' title='bbox 224 3576 564 3641; x_wconf 83' lang='lat' dir='ltr'><strong>doctrinam,</strong></span> <span class='ocrx_word' id='word_1_515' title='bbox 609 3592 772 3645; x_wconf 89' lang='lat' dir='ltr'><strong>quam</strong></span> <span class='ocrx_word' id='word_1_516' title='bbox 801 3592 962 3643; x_wconf 88' lang='lat' dir='ltr'><strong>supra</strong></span> <span class='ocrx_word' id='word_1_517' title='bbox 1000 3575 1249 3645; x_wconf 78' lang='lat' dir='ltr'><strong>exposui.</strong></span> <span class='ocrx_word' id='word_1_518' title='bbox 1291 3575 1601 3645; x_wconf 85' lang='lat' dir='ltr'><strong>Accusandi</strong></span> <span class='ocrx_word' id='word_1_519' title='bbox 1637 3586 1811 3626; x_wconf 89' lang='lat' dir='ltr'><strong>mate-</strong></span> 
     </span>
    </p>
   </div>
   <div class='ocr_carea' id='block_1_65' title="bbox 224 3644 1813 3717">
    <p class='ocr_par' dir='ltr' id='par_1_65' title="bbox 224 3644 1813 3717">
     <span class='ocr_line' id='line_1_65' title="bbox 224 3644 1813 3717; baseline -0.001 -19"><span class='ocrx_word' id='word_1_520' title='bbox 224 3646 370 3699; x_wconf 81' lang='lat' dir='ltr'><strong>riam</strong></span> <span class='ocrx_word' id='word_1_521' title='bbox 388 3646 535 3698; x_wconf 85' lang='lat' dir='ltr'><strong>dedit</strong></span> <span class='ocrx_word' id='word_1_522' title='bbox 552 3644 685 3700; x_wconf 89' lang='lat' dir='ltr'><strong>satis</strong></span> <span class='ocrx_word' id='word_1_523' title='bbox 698 3646 856 3717; x_wconf 87' lang='lat' dir='ltr'><strong>longa</strong></span> <span class='ocrx_word' id='word_1_524' title='bbox 870 3644 1162 3716; x_wconf 78' lang='lat' dir='ltr'><strong>diSputatio</strong></span> <span class='ocrx_word' id='word_1_525' title='bbox 1180 3647 1243 3701; x_wconf 91' lang='lat' dir='ltr'><strong>de</strong></span> <span class='ocrx_word' id='word_1_526' title='bbox 1256 3655 1443 3717; x_wconf 77' lang='lat' dir='ltr'><strong>sancto</strong></span> <span class='ocrx_word' id='word_1_527' title='bbox 1459 3644 1813 3717; x_wconf 55' lang='lat' dir='ltr'><strong>Spiritu,qtt:_e</strong></span> 
     </span>
    </p>
   </div>
   <div class='ocr_carea' id='block_1_66' title="bbox 223 3712 1814 3785">
    <p class='ocr_par' dir='ltr' id='par_1_66' title="bbox 223 3712 1814 3785">
     <span class='ocr_line' id='line_1_66' title="bbox 223 3712 1814 3785; baseline -0.003 -16"><span class='ocrx_word' id='word_1_528' title='bbox 223 3725 415 3785; x_wconf 81' lang='lat' dir='ltr'><strong>exstat</strong></span> <span class='ocrx_word' id='word_1_529' title='bbox 438 3726 568 3769; x_wconf 89' lang='lat' dir='ltr'><strong>tom.</strong></span> <span class='ocrx_word' id='word_1_530' title='bbox 596 3732 634 3772; x_wconf 88' lang='lat' dir='ltr'><strong>tt</strong></span> <span class='ocrx_word' id='word_1_531' title='bbox 666 3718 721 3769; x_wconf 89' lang='lat' dir='ltr'><strong>in</strong></span> <span class='ocrx_word' id='word_1_532' title='bbox 759 3712 1120 3777; x_wconf 52' lang='lat' dir='ltr'><strong>Joan.,&#39;num.</strong></span> <span class='ocrx_word' id='word_1_533' title='bbox 1143 3718 1195 3775; x_wconf 89' lang='lat'><strong>6.</strong></span> <span class='ocrx_word' id='word_1_534' title='bbox 1222 3715 1437 3785; x_wconf 81' lang='lat' dir='ltr'><strong>pag._60</strong></span> <span class='ocrx_word' id='word_1_535' title='bbox 1464 3725 1515 3767; x_wconf 88' lang='lat' dir='ltr'><strong>et</strong></span> <span class='ocrx_word' id='word_1_536' title='bbox 1534 3730 1655 3785; x_wconf 84' lang='lat' dir='ltr'><strong>seq.</strong></span> <span class='ocrx_word' id='word_1_537' title='bbox 1700 3712 1814 3779; x_wconf 77' lang='grc' dir='ltr'><strong>Ἐξ-</strong></span> 
     </span>
    </p>
   </div>
   <div class='ocr_carea' id='block_1_67' title="bbox 219 3783 1811 3859">
    <p class='ocr_par' dir='ltr' id='par_1_67' title="bbox 219 3783 1811 3859">
     <span class='ocr_line' id='line_1_67' title="bbox 219 3783 1811 3859; baseline -0.001 -22"><span class='ocrx_word' id='word_1_538' title='bbox 219 3784 482 3859; x_wconf 74' lang='grc' dir='ltr'>εταστέον</span> <span class='ocrx_word' id='word_1_539' title='bbox 624 3786 887 3859; x_wconf 24' lang='grc' dir='ltr'>ἀληθοῦςῖ</span> <span class='ocrx_word' id='word_1_540' title='bbox 905 3785 1055 3859; x_wconf 62' lang='grc' dir='ltr'>ὄντος</span> <span class='ocrx_word' id='word_1_541' title='bbox 1102 3783 1236 3859; x_wconf 54' lang='grc' dir='ltr'>τοῦ,</span> <span class='ocrx_word' id='word_1_542' title='bbox 1270 3783 1475 3859; x_wconf 63' lang='grc' dir='ltr'><strong>Πάφςτᾳ</strong></span> <span class='ocrx_word' id='word_1_543' title='bbox 1520 3784 1592 3859; x_wconf 60' lang='lat' dir='ltr'><strong>dt‘</strong></span> <span class='ocrx_word' id='word_1_544' title='bbox 1624 3785 1811 3859; x_wconf 61' lang='grc' dir='ltr'>αὑτοῦ</span> 
     </span>
    </p>
   </div>
   <div class='ocr_carea' id='block_1_68' title="bbox 220 3854 1812 3926">
    <p class='ocr_par' dir='ltr' id='par_1_68' title="bbox 220 3854 1812 3926">
     <span class='ocr_line' id='line_1_68' title="bbox 220 3854 1812 3926; baseline -0.002 -17"><span class='ocrx_word' id='word_1_545' title='bbox 220 3856 488 3926; x_wconf 63' lang='grc' dir='ltr'>ἐγένετο,</span> <span class='ocrx_word' id='word_1_546' title='bbox 528 3858 577 3909; x_wconf 73' lang='grc' dir='ltr'>εἰ</span> <span class='ocrx_word' id='word_1_547' title='bbox 616 3854 806 3910; x_wconf 60' lang='grc' dir='ltr'>καὶ⁷τὸ</span> <span class='ocrx_word' id='word_1_548' title='bbox 841 3856 1065 3926; x_wconf 82' lang='grc' dir='ltr'>Πνεῦμα</span> <span class='ocrx_word' id='word_1_549' title='bbox 1099 3857 1159 3909; x_wconf 83' lang='grc' dir='ltr'><strong>τὸ</strong></span> <span class='ocrx_word' id='word_1_550' title='bbox 1197 3857 1349 3924; x_wconf 85' lang='grc' dir='ltr'>ἆγιον</span> <span class='ocrx_word' id='word_1_551' title='bbox 1383 3856 1449 3908; x_wconf 84' lang='grc' dir='ltr'><strong>δι’</strong></span> <span class='ocrx_word' id='word_1_552' title='bbox 1488 3854 1650 3907; x_wconf 79' lang='grc' dir='ltr'>αὑτοῦ</span> <span class='ocrx_word' id='word_1_553' title='bbox 1690 3854 1812 3926; x_wconf 59' lang='grc' dir='ltr'>ὲγέέ</span> 
     </span>
    </p>
   </div>
   <div class='ocr_carea' id='block_1_69' title="bbox 222 3921 1811 4000">
    <p class='ocr_par' dir='ltr' id='par_1_69' title="bbox 222 3921 1811 4000">
     <span class='ocr_line' id='line_1_69' title="bbox 222 3921 1811 4000; baseline -0.001 -20"><span class='ocrx_word' id='word_1_554' title='bbox 222 3921 368 4000; x_wconf 59' lang='grc' dir='ltr'>νέτο.</span> <span class='ocrx_word' id='word_1_555' title='bbox 406 3921 576 4000; x_wconf 83' lang='grc' dir='ltr'>Οἶμαι</span> <span class='ocrx_word' id='word_1_556' title='bbox 604 3927 713 4000; x_wconf 85' lang='grc' dir='ltr'>γὰρ</span> <span class='ocrx_word' id='word_1_557' title='bbox 750 3929 832 3982; x_wconf 81' lang='grc' dir='ltr'><strong>ὅτι</strong></span> <span class='ocrx_word' id='word_1_558' title='bbox 869 3926 959 4000; x_wconf 4' lang='grc' dir='ltr'>τῷ,</span> <span class='ocrx_word' id='word_1_559' title='bbox 982 3921 1079 3997; x_wconf 79' lang='grc' dir='ltr'><strong>μὲν</strong></span> <span class='ocrx_word' id='word_1_560' title='bbox 1115 3921 1376 4000; x_wconf 63' lang='grc' dir='ltr'>φάσδιοντι</span> <span class='ocrx_word' id='word_1_561' title='bbox 1415 3926 1640 4000; x_wconf 75' lang='grc' dir='ltr'>γενητὸν</span> <span class='ocrx_word' id='word_1_562' title='bbox 1680 3921 1811 4000; x_wconf 78' lang='grc' dir='ltr'>αὐτὸ</span> 
     </span>
    </p>
   </div>
   <div class='ocr_carea' id='block_1_70' title="bbox 222 3992 1810 4070">
    <p class='ocr_par' dir='ltr' id='par_1_70' title="bbox 222 3992 1810 4070">
     <span class='ocr_line' id='line_1_70' title="bbox 222 3992 1810 4070; baseline 0 -21"><span class='ocrx_word' id='word_1_563' title='bbox 222 3992 404 4070; x_wconf 74' lang='grc' dir='ltr'>εῖναι,</span> <span class='ocrx_word' id='word_1_564' title='bbox 446 3992 541 4070; x_wconf 59' lang='grc' dir='ltr'>αἰαὶ</span> <span class='ocrx_word' id='word_1_565' title='bbox 569 3992 885 4070; x_wconf 77' lang='grc' dir='ltr'>προῗεμένῳ</span> <span class='ocrx_word' id='word_1_566' title='bbox 921 3992 1049 4069; x_wconf 59' lang='lat' dir='ltr'><strong>Heg.</strong></span> <span class='ocrx_word' id='word_1_567' title='bbox 1082 3992 1447 4070; x_wconf 72' lang='grc' dir='ltr'>προσιεμένῳ]</span> <span class='ocrx_word' id='word_1_568' title='bbox 1485 3992 1566 4070; x_wconf 75' lang='grc' dir='ltr'><strong>τδ,</strong></span> <span class='ocrx_word' id='word_1_569' title='bbox 1607 3996 1810 4070; x_wconf 74' lang='grc' dir='ltr'>Πάντα</span> 
     </span>
    </p>
   </div>
   <div class='ocr_carea' id='block_1_71' title="bbox 223 4066 1810 4139">
    <p class='ocr_par' dir='ltr' id='par_1_71' title="bbox 223 4066 1810 4139">
     <span class='ocr_line' id='line_1_71' title="bbox 223 4066 1810 4139; baseline -0.001 -18"><span class='ocrx_word' id='word_1_570' title='bbox 223 4066 295 4139; x_wconf 73' lang='grc' dir='ltr'><strong>δι’</strong></span> <span class='ocrx_word' id='word_1_571' title='bbox 334 4067 524 4139; x_wconf 57' lang='grc' dir='ltr'>αὐτοῦ</span> <span class='ocrx_word' id='word_1_572' title='bbox 543 4066 1136 4139; x_wconf 47' lang='grc' dir='ltr'>ἐγένεξοβναγδιαῖον</span> <span class='ocrx_word' id='word_1_573' title='bbox 1160 4066 1710 4139; x_wconf 40' lang='grc' dir='ltr'>παραδέξασθαιηὸτι</span> <span class='ocrx_word' id='word_1_574' title='bbox 1749 4066 1810 4119; x_wconf 84' lang='grc' dir='ltr'>τὸ</span> 
     </span>
    </p>
   </div>
   <div class='ocr_carea' id='block_1_72' title="bbox 225 4135 1806 4209">
    <p class='ocr_par' dir='ltr' id='par_1_72' title="bbox 225 4135 1806 4209">
     <span class='ocr_line' id='line_1_72' title="bbox 225 4135 1806 4209; baseline -0.001 -18"><span class='ocrx_word' id='word_1_575' title='bbox 225 4138 384 4206; x_wconf 75' lang='grc' dir='ltr'>ἅγιον</span> <span class='ocrx_word' id='word_1_576' title='bbox 426 4135 655 4209; x_wconf 83' lang='grc' dir='ltr'>Πνεῦμα</span> <span class='ocrx_word' id='word_1_577' title='bbox 688 4138 777 4191; x_wconf 85' lang='grc' dir='ltr'><strong>διὰ</strong></span> <span class='ocrx_word' id='word_1_578' title='bbox 810 4138 903 4192; x_wconf 88' lang='grc' dir='ltr'><strong>τοῦ</strong></span> <span class='ocrx_word' id='word_1_579' title='bbox 930 4135 1105 4206; x_wconf 82' lang='grc' dir='ltr'>Λόγου</span> <span class='ocrx_word' id='word_1_580' title='bbox 1143 4135 1360 4208; x_wconf 78' lang='grc' dir='ltr'>ἐγένετο</span> <span class='ocrx_word' id='word_1_581' title='bbox 1384 4177 1408 4209; x_wconf 66' lang='lat'><strong>,</strong></span> <span class='ocrx_word' id='word_1_582' title='bbox 1439 4136 1806 4209; x_wconf 80' lang='grc' dir='ltr'>πρεσϐυτέρου</span> 
     </span>
    </p>
   </div>
   <div class='ocr_carea' id='block_1_73' title="bbox 224 4206 1806 4280">
    <p class='ocr_par' dir='ltr' id='par_1_73' title="bbox 224 4206 1806 4280">
     <span class='ocr_line' id='line_1_73' title="bbox 224 4206 1806 4280; baseline -0.001 -19"><span class='ocrx_word' id='word_1_583' title='bbox 224 4210 359 4280; x_wconf 49' lang='grc' dir='ltr'>παρέ</span> <span class='ocrx_word' id='word_1_584' title='bbox 395 4208 529 4280; x_wconf 80' lang='grc' dir='ltr'>αὐτρ</span> <span class='ocrx_word' id='word_1_585' title='bbox 564 4206 658 4280; x_wconf 66' lang='grc' dir='ltr'><strong>τοῦ</strong></span> <span class='ocrx_word' id='word_1_586' title='bbox 696 4209 869 4280; x_wconf 69' lang='grc' dir='ltr'>Λᾴγου</span> <span class='ocrx_word' id='word_1_587' title='bbox 909 4206 1283 4280; x_wconf 71' lang='grc' dir='ltr'>τυγχάνοντος.</span> <span class='ocrx_word' id='word_1_588' title='bbox 1328 4206 1419 4279; x_wconf 83' lang='grc' dir='ltr'>Τῷ</span> <span class='ocrx_word' id='word_1_589' title='bbox 1448 4206 1513 4280; x_wconf 60' lang='lat' dir='ltr'><strong>et</strong></span> <span class='ocrx_word' id='word_1_590' title='bbox 1555 4209 1629 4279; x_wconf 82' lang='grc' dir='ltr'><strong>μὴ</strong></span> <span class='ocrx_word' id='word_1_591' title='bbox 1682 4206 1806 4280; x_wconf 84' lang='grc' dir='ltr'>βου-</span> 
     </span>
    </p>
   </div>
   <div class='ocr_carea' id='block_1_74' title="bbox 222 4275 1803 4366">
    <p class='ocr_par' dir='ltr' id='par_1_74' title="bbox 222 4275 1803 4366">
     <span class='ocr_line' id='line_1_74' title="bbox 222 4275 1803 4366; baseline 0 -35"><span class='ocrx_word' id='word_1_592' title='bbox 222 4275 439 4366; x_wconf 51' lang='grc' dir='ltr'>ξομένῳ</span> <span class='ocrx_word' id='word_1_593' title='bbox 464 4278 527 4366; x_wconf 70' lang='grc' dir='ltr'><strong>τὸ</strong></span> <span class='ocrx_word' id='word_1_594' title='bbox 550 4278 713 4366; x_wconf 45' lang='grc' dir='ltr'>,ἅγιον</span> <span class='ocrx_word' id='word_1_595' title='bbox 736 4275 1083 4366; x_wconf 74' lang='grc' dir='ltr'>Πνεῦμα</span> <span class='ocrx_word' id='word_1_596' title='bbox 1116 4278 1210 4333; x_wconf 89' lang='grc' dir='ltr'><strong>τοῦ</strong></span> <span class='ocrx_word' id='word_1_597' title='bbox 1238 4275 1482 4366; x_wconf 35' lang='grc' dir='ltr'>ξςριλσὶὲοῦὶ</span> <span class='ocrx_word' id='word_1_598' title='bbox 1502 4275 1803 4366; x_wconf 38' lang='grc' dir='ltr'>γεγονηέᾈαι,</span> 
     </span>
    </p>
   </div>
   <div class='ocr_carea' id='block_1_75' title="bbox 222 4348 1805 4422">
    <p class='ocr_par' dir='ltr' id='par_1_75' title="bbox 222 4348 1805 4422">
     <span class='ocr_line' id='line_1_75' title="bbox 222 4348 1805 4422; baseline 0.001 -22"><span class='ocrx_word' id='word_1_599' title='bbox 222 4348 419 4422; x_wconf 69' lang='grc' dir='ltr'>ἕπεται</span> <span class='ocrx_word' id='word_1_600' title='bbox 445 4348 506 4401; x_wconf 84' lang='grc' dir='ltr'><strong>τὸ</strong></span> <span class='ocrx_word' id='word_1_601' title='bbox 538 4350 801 4422; x_wconf 70' lang='grc' dir='ltr'>ἀγένητον</span> <span class='ocrx_word' id='word_1_602' title='bbox 838 4348 970 4422; x_wconf 80' lang='grc' dir='ltr'>αὑτρ</span> <span class='ocrx_word' id='word_1_603' title='bbox 995 4349 1201 4418; x_wconf 86' lang='grc' dir='ltr'>λέγειν,</span> <span class='ocrx_word' id='word_1_604' title='bbox 1228 4348 1404 4422; x_wconf 69' lang='grc' dir='ltr'><strong>ἁλὴθῆ</strong></span> <span class='ocrx_word' id='word_1_605' title='bbox 1427 4349 1495 4422; x_wconf 69' lang='grc' dir='ltr'>τὰ</span> <span class='ocrx_word' id='word_1_606' title='bbox 1520 4352 1577 4402; x_wconf 84' lang='grc' dir='ltr'><strong>ὲν</strong></span> <span class='ocrx_word' id='word_1_607' title='bbox 1609 4348 1687 4419; x_wconf 81' lang='grc' dir='ltr'>τῷ</span> <span class='ocrx_word' id='word_1_608' title='bbox 1700 4348 1805 4402; x_wconf 81' lang='grc' dir='ltr'><strong>Εὐ-</strong></span> 
     </span>
    </p>
   </div>
   <div class='ocr_carea' id='block_1_76' title="bbox 219 4416 1803 4492">
    <p class='ocr_par' dir='ltr' id='par_1_76' title="bbox 219 4416 1803 4492">
     <span class='ocr_line' id='line_1_76' title="bbox 219 4416 1803 4492; baseline 0.001 -21"><span class='ocrx_word' id='word_1_609' title='bbox 219 4418 465 4490; x_wconf 80' lang='grc' dir='ltr'>αγγελίῳ</span> <span class='ocrx_word' id='word_1_610' title='bbox 485 4416 658 4491; x_wconf 82' lang='grc' dir='ltr'>τούτῳ</span> <span class='ocrx_word' id='word_1_611' title='bbox 692 4416 831 4474; x_wconf 72' lang='grc' dir='ltr'>εἶναι</span> <span class='ocrx_word' id='word_1_612' title='bbox 858 4416 1119 4492; x_wconf 62' lang='grc' dir='ltr'><strong>κρίνοντι1</strong></span> <span class='ocrx_word' id='word_1_613' title='bbox 1151 4440 1169 4472; x_wconf 81' lang='grc' dir='ltr'><strong>ι</strong></span> <span class='ocrx_word' id='word_1_614' title='bbox 1206 4416 1591 4490; x_wconf 63' lang='grc' dir='ltr'>Ιηῳίῆτιέηιίυιιι</span> <span class='ocrx_word' id='word_1_615' title='bbox 1623 4416 1803 4492; x_wconf 85' lang='lat' dir='ltr'><strong>autent</strong></span> 
     </span>
    </p>
   </div>
   <div class='ocr_carea' id='block_1_77' title="bbox 221 4490 1803 4559">
    <p class='ocr_par' dir='ltr' id='par_1_77' title="bbox 221 4490 1803 4559">
     <span class='ocr_line' id='line_1_77' title="bbox 221 4490 1803 4559; baseline 0 -16"><span class='ocrx_word' id='word_1_616' title='bbox 221 4501 347 4553; x_wconf 86' lang='lat' dir='ltr'><strong>est,</strong></span> <span class='ocrx_word' id='word_1_617' title='bbox 387 4506 509 4559; x_wconf 74' lang='lat' dir='ltr'><strong>cum</strong></span> <span class='ocrx_word' id='word_1_618' title='bbox 546 4490 731 4545; x_wconf 89' lang='lat' dir='ltr'><strong>verum</strong></span> <span class='ocrx_word' id='word_1_619' title='bbox 769 4493 839 4546; x_wconf 91' lang='lat' dir='ltr'><strong>sit</strong></span> <span class='ocrx_word' id='word_1_620' title='bbox 867 4490 996 4545; x_wconf 90' lang='lat' dir='ltr'><strong>illud</strong></span> <span class='ocrx_word' id='word_1_621' title='bbox 1037 4510 1050 4545; x_wconf 93' lang='lat'>:</span> <span class='ocrx_word' id='word_1_622' title='bbox 1084 4490 1277 4544; x_wconf 85' lang='lat' dir='ltr'><strong>Omnia</strong></span> <span class='ocrx_word' id='word_1_623' title='bbox 1305 4505 1399 4559; x_wconf 81' lang='lat' dir='ltr'><strong>per</strong></span> <span class='ocrx_word' id='word_1_624' title='bbox 1436 4506 1555 4542; x_wconf 84' lang='lat' dir='ltr'><strong>eum</strong></span> <span class='ocrx_word' id='word_1_625' title='bbox 1591 4491 1803 4543; x_wconf 76' lang='lat' dir='ltr'><strong>exstite-</strong></span> 
     </span>
    </p>
   </div>
   <div class='ocr_carea' id='block_1_78' title="bbox 1922 3293 3498 3365">
    <p class='ocr_par' dir='ltr' id='par_1_78' title="bbox 1922 3293 3498 3365">
     <span class='ocr_line' id='line_1_78' title="bbox 1922 3293 3498 3365; baseline 0.003 -19"><span class='ocrx_word' id='word_1_626' title='bbox 1922 3294 2092 3346; x_wconf 89' lang='lat' dir='ltr'><strong>utitur</strong></span> <span class='ocrx_word' id='word_1_627' title='bbox 2134 3293 2324 3365; x_wconf 35' lang='lat'><strong>5008’</strong></span> <span class='ocrx_word' id='word_1_628' title='bbox 2376 3295 2513 3360; x_wconf 84' lang='grc' dir='ltr'><strong>ὅλως</strong></span> <span class='ocrx_word' id='word_1_629' title='bbox 2558 3296 2645 3350; x_wconf 84' lang='grc' dir='ltr'><strong>διά</strong></span> <span class='ocrx_word' id='word_1_630' title='bbox 2701 3312 2875 3359; x_wconf 87' lang='grc' dir='ltr'>τινος,</span> <span class='ocrx_word' id='word_1_631' title='bbox 2915 3295 3031 3349; x_wconf 84' lang='grc' dir='ltr'>ἀλλ’</span> <span class='ocrx_word' id='word_1_632' title='bbox 3064 3295 3170 3348; x_wconf 83' lang='grc' dir='ltr'>ὑπὸ</span> <span class='ocrx_word' id='word_1_633' title='bbox 3202 3296 3337 3349; x_wconf 88' lang='grc' dir='ltr'>Θεοῦ</span> <span class='ocrx_word' id='word_1_634' title='bbox 3375 3297 3498 3365; x_wconf 81' lang='grc' dir='ltr'>ἐγέ-</span> 
     </span>
    </p>
   </div>
   <div class='ocr_carea' id='block_1_79' title="bbox 1920 3362 3493 3435">
    <p class='ocr_par' dir='ltr' id='par_1_79' title="bbox 1920 3362 3493 3435">
     <span class='ocr_line' id='line_1_79' title="bbox 1920 3362 3493 3435; baseline 0.003 -20"><span class='ocrx_word' id='word_1_635' title='bbox 1920 3379 2059 3435; x_wconf 55' lang='grc' dir='ltr'>νετο,</span> <span class='ocrx_word' id='word_1_636' title='bbox 2095 3382 2114 3413; x_wconf 82' lang='grc' dir='ltr'><strong>ι</strong></span> <span class='ocrx_word' id='word_1_637' title='bbox 2142 3362 2251 3417; x_wconf 83' lang='lat' dir='ltr'><strong>Nec</strong></span> <span class='ocrx_word' id='word_1_638' title='bbox 2276 3367 2501 3419; x_wconf 90' lang='lat' dir='ltr'><strong>omnino</strong></span> <span class='ocrx_word' id='word_1_639' title='bbox 2529 3383 2623 3435; x_wconf 89' lang='lat' dir='ltr'><strong>per</strong></span> <span class='ocrx_word' id='word_1_640' title='bbox 2651 3366 2813 3419; x_wconf 90' lang='lat' dir='ltr'><strong>alium</strong></span> <span class='ocrx_word' id='word_1_641' title='bbox 2837 3382 3182 3434; x_wconf 89' lang='lat' dir='ltr'><strong>quemquam,</strong></span> <span class='ocrx_word' id='word_1_642' title='bbox 3203 3369 3295 3420; x_wconf 86' lang='lat' dir='ltr'><strong>sed</strong></span> <span class='ocrx_word' id='word_1_643' title='bbox 3318 3383 3346 3420; x_wconf 88' lang='lat' dir='ltr'><strong>a</strong></span> <span class='ocrx_word' id='word_1_644' title='bbox 3384 3362 3493 3421; x_wconf 79' lang='lat' dir='ltr'><strong>Deo</strong></span> 
     </span>
    </p>
   </div>
   <div class='ocr_carea' id='block_1_80' title="bbox 1919 3434 3494 3505">
    <p class='ocr_par' dir='ltr' id='par_1_80' title="bbox 1919 3434 3494 3505">
     <span class='ocr_line' id='line_1_80' title="bbox 1919 3434 3494 3505; baseline 0.003 -19"><span class='ocrx_word' id='word_1_645' title='bbox 1919 3434 2151 3505; x_wconf 72' lang='lat' dir='ltr'><strong>exstitit.</strong></span> <span class='ocrx_word' id='word_1_646' title='bbox 2188 3453 2205 3484; x_wconf 74' lang='grc' dir='ltr'><strong>ι</strong></span> <span class='ocrx_word' id='word_1_647' title='bbox 2259 3434 2723 3499; x_wconf 84' lang='lat' dir='ltr'><strong>Quemadmodum</strong></span> <span class='ocrx_word' id='word_1_648' title='bbox 2768 3452 2897 3504; x_wconf 89' lang='lat' dir='ltr'><strong>ergo</strong></span> <span class='ocrx_word' id='word_1_649' title='bbox 2944 3438 3030 3490; x_wconf 89' lang='lat' dir='ltr'><strong>his</strong></span> <span class='ocrx_word' id='word_1_650' title='bbox 3078 3436 3130 3488; x_wconf 90' lang='lat' dir='ltr'><strong>in</strong></span> <span class='ocrx_word' id='word_1_651' title='bbox 3178 3436 3311 3491; x_wconf 90' lang='lat' dir='ltr'><strong>locis</strong></span> <span class='ocrx_word' id='word_1_652' title='bbox 3344 3436 3494 3505; x_wconf 78' lang='grc' dir='ltr'>γίνε-</span> 
     </span>
    </p>
   </div>
   <div class='ocr_carea' id='block_1_81' title="bbox 1918 3502 3493 3579">
    <p class='ocr_par' dir='ltr' id='par_1_81' title="bbox 1918 3502 3493 3579">
     <span class='ocr_line' id='line_1_81' title="bbox 1918 3502 3493 3579; baseline 0.005 -25"><span class='ocrx_word' id='word_1_653' title='bbox 1918 3502 2041 3579; x_wconf 68' lang='grc' dir='ltr'>σθαι</span> <span class='ocrx_word' id='word_1_654' title='bbox 2086 3504 2229 3579; x_wconf 80' lang='lat' dir='ltr'><strong>aliud</strong></span> <span class='ocrx_word' id='word_1_655' title='bbox 2273 3510 2495 3579; x_wconf 63' lang='lat' dir='ltr'><strong>omnino</strong></span> <span class='ocrx_word' id='word_1_656' title='bbox 2524 3516 2682 3559; x_wconf 91' lang='lat' dir='ltr'><strong>sonat</strong></span> <span class='ocrx_word' id='word_1_657' title='bbox 2712 3522 2775 3579; x_wconf 89' lang='lat' dir='ltr'><strong>ac</strong></span> <span class='ocrx_word' id='word_1_658' title='bbox 2807 3502 2979 3559; x_wconf 73' lang='lat' dir='ltr'><strong>creari</strong></span> <span class='ocrx_word' id='word_1_659' title='bbox 3012 3520 3031 3579; x_wconf 67' lang='grc' dir='ltr'><strong><em>ς</em></strong></span> <span class='ocrx_word' id='word_1_660' title='bbox 3061 3508 3141 3579; x_wconf 81' lang='lat' dir='ltr'><strong>sic</strong></span> <span class='ocrx_word' id='word_1_661' title='bbox 3173 3520 3297 3559; x_wconf 84' lang='lat' dir='ltr'><strong>cum</strong></span> <span class='ocrx_word' id='word_1_662' title='bbox 3335 3502 3493 3579; x_wconf 77' lang='lat' dir='ltr'><strong>suam</strong></span> 
     </span>
    </p>
   </div>
   <div class='ocr_carea' id='block_1_82' title="bbox 1916 3571 3493 3644">
    <p class='ocr_par' dir='ltr' id='par_1_82' title="bbox 1916 3571 3493 3644">
     <span class='ocr_line' id='line_1_82' title="bbox 1916 3571 3493 3644; baseline 0.001 -16"><span class='ocrx_word' id='word_1_663' title='bbox 1916 3571 2174 3643; x_wconf 81' lang='lat' dir='ltr'><strong>Origenes</strong></span> <span class='ocrx_word' id='word_1_664' title='bbox 2198 3574 2265 3628; x_wconf 91' lang='lat' dir='ltr'><strong>de</strong></span> <span class='ocrx_word' id='word_1_665' title='bbox 2294 3574 2529 3644; x_wconf 90' lang='lat' dir='ltr'><strong>Spiritus</strong></span> <span class='ocrx_word' id='word_1_666' title='bbox 2551 3578 2852 3630; x_wconf 66' lang='lat' dir='ltr'><strong>aeternitate</strong></span> <span class='ocrx_word' id='word_1_667' title='bbox 2879 3571 3200 3630; x_wconf 80' lang='lat' dir='ltr'><strong>sententiam</strong></span> <span class='ocrx_word' id='word_1_668' title='bbox 3232 3586 3309 3631; x_wconf 93' lang='lat' dir='ltr'><strong>tot</strong></span> <span class='ocrx_word' id='word_1_669' title='bbox 3330 3578 3493 3632; x_wconf 89' lang='lat' dir='ltr'><strong>rebus</strong></span> 
     </span>
    </p>
   </div>
   <div class='ocr_carea' id='block_1_83' title="bbox 1917 3645 3492 3706">
    <p class='ocr_par' dir='ltr' id='par_1_83' title="bbox 1917 3645 3492 3706">
     <span class='ocr_line' id='line_1_83' title="bbox 1917 3645 3492 3706; baseline 0.004 -11"><span class='ocrx_word' id='word_1_670' title='bbox 1917 3653 2142 3697; x_wconf 89' lang='lat' dir='ltr'><strong>testatus</strong></span> <span class='ocrx_word' id='word_1_671' title='bbox 2171 3645 2274 3706; x_wconf 88' lang='lat' dir='ltr'><strong>sit,</strong></span> <span class='ocrx_word' id='word_1_672' title='bbox 2306 3648 2710 3700; x_wconf 89' lang='lat' dir='ltr'><strong>accommodate</strong></span> <span class='ocrx_word' id='word_1_673' title='bbox 2738 3646 2803 3700; x_wconf 86' lang='lat' dir='ltr'><strong>ad</strong></span> <span class='ocrx_word' id='word_1_674' title='bbox 2836 3646 2977 3699; x_wconf 90' lang='lat' dir='ltr'><strong>hanc</strong></span> <span class='ocrx_word' id='word_1_675' title='bbox 3020 3646 3344 3700; x_wconf 89' lang='lat' dir='ltr'><strong>sententiam</strong></span> <span class='ocrx_word' id='word_1_676' title='bbox 3376 3650 3492 3701; x_wconf 87' lang='lat' dir='ltr'><strong>red-</strong></span> 
     </span>
    </p>
   </div>
   <div class='ocr_carea' id='block_1_84' title="bbox 1914 3710 3490 3785">
    <p class='ocr_par' dir='ltr' id='par_1_84' title="bbox 1914 3710 3490 3785">
     <span class='ocr_line' id='line_1_84' title="bbox 1914 3710 3490 3785; baseline 0.004 -21"><span class='ocrx_word' id='word_1_677' title='bbox 1914 3710 2103 3785; x_wconf 73' lang='lat' dir='ltr'><strong>denda:</strong></span> <span class='ocrx_word' id='word_1_678' title='bbox 2122 3725 2245 3768; x_wconf 91' lang='lat' dir='ltr'><strong>sunt</strong></span> <span class='ocrx_word' id='word_1_679' title='bbox 2273 3730 2431 3769; x_wconf 82' lang='lat' dir='ltr'><strong>voces</strong></span> <span class='ocrx_word' id='word_1_680' title='bbox 2460 3719 2760 3785; x_wconf 76' lang='lat' dir='ltr'><strong>generatim</strong></span> <span class='ocrx_word' id='word_1_681' title='bbox 2782 3717 2859 3769; x_wconf 92' lang='lat' dir='ltr'><strong>rei</strong></span> <span class='ocrx_word' id='word_1_682' title='bbox 2884 3726 3080 3771; x_wconf 72' lang='lat' dir='ltr'><strong>creatae</strong></span> <span class='ocrx_word' id='word_1_683' title='bbox 3108 3725 3201 3770; x_wconf 90' lang='lat' dir='ltr'><strong>aut</strong></span> <span class='ocrx_word' id='word_1_684' title='bbox 3233 3717 3490 3771; x_wconf 72' lang='lat' dir='ltr'><strong>increatae</strong></span> 
     </span>
    </p>
   </div>
   <div class='ocr_carea' id='block_1_85' title="bbox 1912 3784 3489 3857">
    <p class='ocr_par' dir='ltr' id='par_1_85' title="bbox 1912 3784 3489 3857">
     <span class='ocr_line' id='line_1_85' title="bbox 1912 3784 3489 3857; baseline 0.004 -21"><span class='ocrx_word' id='word_1_685' title='bbox 1912 3784 2156 3857; x_wconf 76' lang='lat' dir='ltr'><strong>quidem,</strong></span> <span class='ocrx_word' id='word_1_686' title='bbox 2179 3787 2272 3857; x_wconf 89' lang='lat' dir='ltr'><strong>sed</strong></span> <span class='ocrx_word' id='word_1_687' title='bbox 2301 3784 2479 3839; x_wconf 88' lang='lat' dir='ltr'><strong>tamen</strong></span> <span class='ocrx_word' id='word_1_688' title='bbox 2502 3802 2624 3841; x_wconf 90' lang='lat' dir='ltr'><strong>esse</strong></span> <span class='ocrx_word' id='word_1_689' title='bbox 2646 3789 2713 3842; x_wconf 91' lang='lat' dir='ltr'><strong>ab</strong></span> <span class='ocrx_word' id='word_1_690' title='bbox 2737 3787 2843 3841; x_wconf 88' lang='lat' dir='ltr'><strong>alio</strong></span> <span class='ocrx_word' id='word_1_691' title='bbox 2874 3788 3161 3856; x_wconf 88' lang='lat' dir='ltr'><strong>accipienti</strong></span> <span class='ocrx_word' id='word_1_692' title='bbox 3184 3802 3489 3857; x_wconf 80' lang='lat' dir='ltr'><strong>congruen—</strong></span> 
     </span>
    </p>
   </div>
   <div class='ocr_carea' id='block_1_86' title="bbox 1916 3855 3486 3926">
    <p class='ocr_par' dir='ltr' id='par_1_86' title="bbox 1916 3855 3486 3926">
     <span class='ocr_line' id='line_1_86' title="bbox 1916 3855 3486 3926; baseline 0.004 -21"><span class='ocrx_word' id='word_1_693' title='bbox 1916 3862 2014 3909; x_wconf 90' lang='lat' dir='ltr'><strong>tes.</strong></span> <span class='ocrx_word' id='word_1_694' title='bbox 2051 3855 2198 3910; x_wconf 85' lang='lat' dir='ltr'><strong>llanc</strong></span> <span class='ocrx_word' id='word_1_695' title='bbox 2245 3856 2640 3924; x_wconf 84' lang='lat' dir='ltr'><strong>interpretandi</strong></span> <span class='ocrx_word' id='word_1_696' title='bbox 2688 3859 2952 3911; x_wconf 84' lang='lat' dir='ltr'><strong>rationem</strong></span> <span class='ocrx_word' id='word_1_697' title='bbox 2995 3855 3193 3923; x_wconf 85' lang='lat' dir='ltr'><strong>probat</strong></span> <span class='ocrx_word' id='word_1_698' title='bbox 3238 3855 3486 3926; x_wconf 85' lang='lat' dir='ltr'><strong>Huetius,</strong></span> 
     </span>
    </p>
   </div>
   <div class='ocr_carea' id='block_1_87' title="bbox 1911 3926 3485 3999">
    <p class='ocr_par' dir='ltr' id='par_1_87' title="bbox 1911 3926 3485 3999">
     <span class='ocr_line' id='line_1_87' title="bbox 1911 3926 3485 3999; baseline 0.004 -23"><span class='ocrx_word' id='word_1_699' title='bbox 1911 3927 2159 3999; x_wconf 80' lang='lat' dir='ltr'><strong>quamvis</strong></span> <span class='ocrx_word' id='word_1_700' title='bbox 2204 3926 2395 3979; x_wconf 88' lang='lat' dir='ltr'><strong>adduci</strong></span> <span class='ocrx_word' id='word_1_701' title='bbox 2432 3942 2490 3981; x_wconf 90' lang='lat' dir='ltr'><strong>se</strong></span> <span class='ocrx_word' id='word_1_702' title='bbox 2543 3942 2646 3999; x_wconf 86' lang='lat' dir='ltr'><strong>non</strong></span> <span class='ocrx_word' id='word_1_703' title='bbox 2695 3943 2853 3996; x_wconf 88' lang='lat' dir='ltr'><strong>posse</strong></span> <span class='ocrx_word' id='word_1_704' title='bbox 2885 3929 3060 3993; x_wconf 88' lang='lat' dir='ltr'><strong>dicat,</strong></span> <span class='ocrx_word' id='word_1_705' title='bbox 3110 3927 3485 3999; x_wconf 79' lang='lat' dir='ltr'><strong>utOt-igenetn</strong></span> 
     </span>
    </p>
   </div>
   <div class='ocr_carea' id='block_1_88' title="bbox 1909 3996 2851 4066">
    <p class='ocr_par' dir='ltr' id='par_1_88' title="bbox 1909 3996 2851 4066">
     <span class='ocr_line' id='line_1_88' title="bbox 1909 3996 2851 4066; baseline 0.002 -19"><span class='ocrx_word' id='word_1_706' title='bbox 1909 3996 2197 4066; x_wconf 85' lang='lat' dir='ltr'><strong>probatum</strong></span> <span class='ocrx_word' id='word_1_707' title='bbox 2232 4006 2288 4049; x_wconf 92' lang='lat' dir='ltr'><strong>et</strong></span> <span class='ocrx_word' id='word_1_708' title='bbox 2320 4006 2605 4066; x_wconf 83' lang='lat' dir='ltr'><strong>purgatum</strong></span> <span class='ocrx_word' id='word_1_709' title='bbox 2636 3998 2851 4051; x_wconf 87' lang='lat' dir='ltr'><strong>habeat.</strong></span> 
     </span>
    </p>
   </div>
   <div class='ocr_carea' id='block_1_89' title="bbox 1979 4065 3482 4134">
    <p class='ocr_par' dir='ltr' id='par_1_89' title="bbox 1979 4065 3482 4134">
     <span class='ocr_line' id='line_1_89' title="bbox 1979 4065 3482 4134; baseline 0.003 -16"><span class='ocrx_word' id='word_1_710' title='bbox 1979 4065 2045 4118; x_wconf 75' lang='lat'><strong>2°</strong></span> <span class='ocrx_word' id='word_1_711' title='bbox 2076 4066 2374 4120; x_wconf 82' lang='lat' dir='ltr'><strong>Fatendum</strong></span> <span class='ocrx_word' id='word_1_712' title='bbox 2406 4065 2489 4121; x_wconf 82' lang='lat' dir='ltr'><strong>est</strong></span> <span class='ocrx_word' id='word_1_713' title='bbox 2512 4066 2796 4133; x_wconf 87' lang='lat' dir='ltr'><strong>Origenem</strong></span> <span class='ocrx_word' id='word_1_714' title='bbox 2828 4084 2932 4121; x_wconf 86' lang='lat' dir='ltr'><strong>non</strong></span> <span class='ocrx_word' id='word_1_715' title='bbox 2970 4067 3106 4121; x_wconf 84' lang='lat' dir='ltr'><strong>belle</strong></span> <span class='ocrx_word' id='word_1_716' title='bbox 3139 4067 3482 4134; x_wconf 83' lang='lat' dir='ltr'><strong>interpretari</strong></span> 
     </span>
    </p>
   </div>
   <div class='ocr_carea' id='block_1_90' title="bbox 1908 4136 3482 4206">
    <p class='ocr_par' dir='ltr' id='par_1_90' title="bbox 1908 4136 3482 4206">
     <span class='ocr_line' id='line_1_90' title="bbox 1908 4136 3482 4206; baseline 0.003 -20"><span class='ocrx_word' id='word_1_717' title='bbox 1908 4136 2074 4190; x_wconf 86' lang='lat' dir='ltr'><strong>verba</strong></span> <span class='ocrx_word' id='word_1_718' title='bbox 2113 4136 2356 4199; x_wconf 81' lang='lat' dir='ltr'><strong>Joannis,</strong></span> <span class='ocrx_word' id='word_1_719' title='bbox 2387 4151 2509 4205; x_wconf 63' lang='lat' dir='ltr'><strong>qua:</strong></span> <span class='ocrx_word' id='word_1_720' title='bbox 2551 4153 2671 4191; x_wconf 92' lang='lat' dir='ltr'><strong>cum</strong></span> <span class='ocrx_word' id='word_1_721' title='bbox 2703 4139 2767 4190; x_wconf 91' lang='lat' dir='ltr'><strong>ad</strong></span> <span class='ocrx_word' id='word_1_722' title='bbox 2800 4154 2885 4193; x_wconf 89' lang='lat' dir='ltr'><strong>res</strong></span> <span class='ocrx_word' id='word_1_723' title='bbox 2912 4149 3125 4191; x_wconf 90' lang='lat' dir='ltr'><strong>creatas</strong></span> <span class='ocrx_word' id='word_1_724' title='bbox 3154 4140 3482 4206; x_wconf 85' lang='lat' dir='ltr'><strong>pertineant,</strong></span> 
     </span>
    </p>
   </div>
   <div class='ocr_carea' id='block_1_91' title="bbox 1909 4207 3482 4275">
    <p class='ocr_par' dir='ltr' id='par_1_91' title="bbox 1909 4207 3482 4275">
     <span class='ocr_line' id='line_1_91' title="bbox 1909 4207 3482 4275; baseline 0.002 -17"><span class='ocrx_word' id='word_1_725' title='bbox 1909 4207 1974 4258; x_wconf 88' lang='lat' dir='ltr'><strong>ad</strong></span> <span class='ocrx_word' id='word_1_726' title='bbox 2009 4207 2268 4275; x_wconf 81' lang='lat' dir='ltr'><strong>Spiritum</strong></span> <span class='ocrx_word' id='word_1_727' title='bbox 2297 4219 2542 4260; x_wconf 87' lang='lat' dir='ltr'><strong>sanctum</strong></span> <span class='ocrx_word' id='word_1_728' title='bbox 2574 4210 2767 4261; x_wconf 79' lang='lat' dir='ltr'><strong>referri</strong></span> <span class='ocrx_word' id='word_1_729' title='bbox 2799 4224 2903 4261; x_wconf 91' lang='lat' dir='ltr'><strong>non</strong></span> <span class='ocrx_word' id='word_1_730' title='bbox 2938 4210 3227 4261; x_wconf 88' lang='lat' dir='ltr'><strong>debebant.</strong></span> <span class='ocrx_word' id='word_1_731' title='bbox 3259 4209 3363 4262; x_wconf 86' lang='lat' dir='ltr'><strong>Sed</strong></span> <span class='ocrx_word' id='word_1_732' title='bbox 3396 4219 3482 4261; x_wconf 85' lang='lat' dir='ltr'><strong>ta-</strong></span> 
     </span>
    </p>
   </div>
   <div class='ocr_carea' id='block_1_92' title="bbox 1908 4275 3480 4347">
    <p class='ocr_par' dir='ltr' id='par_1_92' title="bbox 1908 4275 3480 4347">
     <span class='ocr_line' id='line_1_92' title="bbox 1908 4275 3480 4347; baseline 0.003 -19"><span class='ocrx_word' id='word_1_733' title='bbox 1908 4290 2028 4347; x_wconf 88' lang='lat' dir='ltr'><strong>men</strong></span> <span class='ocrx_word' id='word_1_734' title='bbox 2054 4292 2173 4347; x_wconf 86' lang='lat' dir='ltr'><strong>cum</strong></span> <span class='ocrx_word' id='word_1_735' title='bbox 2204 4275 2353 4336; x_wconf 89' lang='lat' dir='ltr'><strong>illml,</strong></span> <span class='ocrx_word' id='word_1_736' title='bbox 2391 4277 2629 4345; x_wconf 79' lang='grc' dir='ltr'>ἐγένετο,</span> <span class='ocrx_word' id='word_1_737' title='bbox 2659 4279 2912 4333; x_wconf 88' lang='lat' dir='ltr'><strong>omnibus</strong></span> <span class='ocrx_word' id='word_1_738' title='bbox 2938 4280 3105 4333; x_wconf 89' lang='lat' dir='ltr'><strong>rebus</strong></span> <span class='ocrx_word' id='word_1_739' title='bbox 3155 4278 3369 4347; x_wconf 88' lang='lat' dir='ltr'><strong>aliquod</strong></span> <span class='ocrx_word' id='word_1_740' title='bbox 3396 4279 3480 4333; x_wconf 88' lang='lat' dir='ltr'><strong>sui</strong></span> 
     </span>
    </p>
   </div>
   <div class='ocr_carea' id='block_1_93' title="bbox 1908 4346 3477 4418">
    <p class='ocr_par' dir='ltr' id='par_1_93' title="bbox 1908 4346 3477 4418">
     <span class='ocr_line' id='line_1_93' title="bbox 1908 4346 3477 4418; baseline 0.001 -21"><span class='ocrx_word' id='word_1_741' title='bbox 1908 4346 2231 4418; x_wconf 81' lang='lat' dir='ltr'><strong>principium</strong></span> <span class='ocrx_word' id='word_1_742' title='bbox 2263 4347 2591 4401; x_wconf 87' lang='lat' dir='ltr'><strong>habentibus</strong></span> <span class='ocrx_word' id='word_1_743' title='bbox 2618 4351 2924 4413; x_wconf 85' lang='lat' dir='ltr'><strong>conveniat,</strong></span> <span class='ocrx_word' id='word_1_744' title='bbox 2958 4365 3063 4402; x_wconf 91' lang='lat' dir='ltr'><strong>non</strong></span> <span class='ocrx_word' id='word_1_745' title='bbox 3100 4360 3297 4417; x_wconf 69' lang='lat' dir='ltr'><strong>praeter</strong></span> <span class='ocrx_word' id='word_1_746' title='bbox 3319 4361 3477 4418; x_wconf 71' lang='lat' dir='ltr'><strong>suurn</strong></span> 
     </span>
    </p>
   </div>
   <div class='ocr_carea' id='block_1_94' title="bbox 1906 4417 3475 4484">
    <p class='ocr_par' dir='ltr' id='par_1_94' title="bbox 1906 4417 3475 4484">
     <span class='ocr_line' id='line_1_94' title="bbox 1906 4417 3475 4484; baseline 0.001 -16"><span class='ocrx_word' id='word_1_747' title='bbox 1906 4425 1960 4468; x_wconf 91' lang='lat' dir='ltr'><strong>et</strong></span> <span class='ocrx_word' id='word_1_748' title='bbox 2006 4417 2232 4470; x_wconf 89' lang='lat' dir='ltr'><strong>aliorum</strong></span> <span class='ocrx_word' id='word_1_749' title='bbox 2278 4418 2415 4470; x_wconf 90' lang='lat' dir='ltr'><strong>bene</strong></span> <span class='ocrx_word' id='word_1_750' title='bbox 2460 4419 2749 4472; x_wconf 86' lang='lat' dir='ltr'><strong>multorum</strong></span> <span class='ocrx_word' id='word_1_751' title='bbox 2796 4434 3003 4472; x_wconf 88' lang='lat' dir='ltr'><strong>morem</strong></span> <span class='ocrx_word' id='word_1_752' title='bbox 3033 4420 3110 4473; x_wconf 91' lang='lat' dir='ltr'><strong>sic</strong></span> <span class='ocrx_word' id='word_1_753' title='bbox 3140 4417 3475 4484; x_wconf 87' lang='lat' dir='ltr'><strong>Scripturatn</strong></span> 
     </span>
    </p>
   </div>
   <div class='ocr_carea' id='block_1_95' title="bbox 1908 4485 3478 4555">
    <p class='ocr_par' dir='ltr' id='par_1_95' title="bbox 1908 4485 3478 4555">
     <span class='ocr_line' id='line_1_95' title="bbox 1908 4485 3478 4555; baseline 0.003 -18"><span class='ocrx_word' id='word_1_754' title='bbox 1908 4485 2316 4555; x_wconf 81' lang='lat' dir='ltr'><strong>interpretatur.</strong></span> <span class='ocrx_word' id='word_1_755' title='bbox 2355 4488 2548 4541; x_wconf 89' lang='lat' dir='ltr'><strong>Solent</strong></span> <span class='ocrx_word' id='word_1_756' title='bbox 2591 4489 2733 4541; x_wconf 89' lang='lat' dir='ltr'><strong>enim</strong></span> <span class='ocrx_word' id='word_1_757' title='bbox 2780 4488 3135 4542; x_wconf 88' lang='lat' dir='ltr'><strong>ecclesiastici</strong></span> <span class='ocrx_word' id='word_1_758' title='bbox 3182 4490 3478 4555; x_wconf 78' lang='lat' dir='ltr'><strong>scriptores</strong></span> 
     </span>
    </p>
   </div>
   <div class='ocr_carea' id='block_1_96' title="bbox 222 4553 3477 4629">
    <p class='ocr_par' dir='ltr' id='par_1_96' title="bbox 222 4553 3477 4629">
     <span class='ocr_line' id='line_1_96' title="bbox 222 4553 3477 4629; baseline 0 -18"><span class='ocrx_word' id='word_1_759' title='bbox 222 4572 347 4614; x_wconf 85' lang='lat' dir='ltr'><strong>runt</strong></span> <span class='ocrx_word' id='word_1_760' title='bbox 373 4558 556 4628; x_wconf 82' lang='lat' dir='ltr'><strong>(Joan.</strong></span> <span class='ocrx_word' id='word_1_761' title='bbox 595 4576 632 4623; x_wconf 91' lang='lat' dir='ltr'><strong>t,</strong></span> <span class='ocrx_word' id='word_1_762' title='bbox 663 4561 741 4627; x_wconf 78' lang='lat'><strong>3),</strong></span> <span class='ocrx_word' id='word_1_763' title='bbox 768 4576 834 4614; x_wconf 90' lang='lat' dir='ltr'><strong>an</strong></span> <span class='ocrx_word' id='word_1_764' title='bbox 869 4562 982 4629; x_wconf 91' lang='lat' dir='ltr'><strong>ipse</strong></span> <span class='ocrx_word' id='word_1_765' title='bbox 1004 4561 1168 4614; x_wconf 91' lang='lat' dir='ltr'><strong>etiam</strong></span> <span class='ocrx_word' id='word_1_766' title='bbox 1192 4553 1428 4629; x_wconf 75' lang='lat' dir='ltr'><strong>Spiritus</strong></span> <span class='ocrx_word' id='word_1_767' title='bbox 1455 4570 1678 4614; x_wconf 90' lang='lat' dir='ltr'><strong>sanctus</strong></span> <span class='ocrx_word' id='word_1_768' title='bbox 1704 4575 1801 4629; x_wconf 92' lang='lat' dir='ltr'><strong>per</strong></span> <span class='ocrx_word' id='word_1_769' title='bbox 1832 4622 1863 4629; x_wconf 79' lang='lat'><strong><em>_</em></strong></span> <span class='ocrx_word' id='word_1_770' title='bbox 1902 4553 2117 4611; x_wconf 89' lang='lat' dir='ltr'><strong>Patrem</strong></span> <span class='ocrx_word' id='word_1_771' title='bbox 2155 4558 2373 4609; x_wconf 89' lang='lat' dir='ltr'><strong>unicum</strong></span> <span class='ocrx_word' id='word_1_772' title='bbox 2406 4558 2733 4629; x_wconf 83' lang='lat' dir='ltr'><strong>principium</strong></span> <span class='ocrx_word' id='word_1_773' title='bbox 2761 4560 2963 4623; x_wconf 86' lang='lat' dir='ltr'><strong>dicere,</strong></span> <span class='ocrx_word' id='word_1_774' title='bbox 2997 4556 3193 4611; x_wconf 90' lang='lat' dir='ltr'><strong>Filium</strong></span> <span class='ocrx_word' id='word_1_775' title='bbox 3218 4568 3273 4611; x_wconf 93' lang='lat' dir='ltr'><strong>et</strong></span> <span class='ocrx_word' id='word_1_776' title='bbox 3298 4553 3477 4627; x_wconf 85' lang='lat' dir='ltr'><strong>Spiri-</strong></span> 
     </span>
    </p>
   </div>
   <div class='ocr_carea' id='block_1_97' title="bbox 220 4622 3475 4700">
    <p class='ocr_par' dir='ltr' id='par_1_97' title="bbox 220 4622 3475 4700">
     <span class='ocr_line' id='line_1_97' title="bbox 220 4622 3475 4700; baseline -0.001 -16"><span class='ocrx_word' id='word_1_777' title='bbox 220 4644 349 4684; x_wconf 86' lang='lat' dir='ltr'><strong>eum</strong></span> <span class='ocrx_word' id='word_1_778' title='bbox 378 4622 669 4685; x_wconf 78' lang='lat' dir='ltr'><strong>exstiterit.</strong></span> <span class='ocrx_word' id='word_1_779' title='bbox 700 4622 837 4685; x_wconf 74' lang='lat' dir='ltr'><strong>illud</strong></span> <span class='ocrx_word' id='word_1_780' title='bbox 865 4622 1113 4700; x_wconf 76' lang='lat' dir='ltr'><strong>equidem</strong></span> <span class='ocrx_word' id='word_1_781' title='bbox 1144 4622 1381 4685; x_wconf 80' lang='lat' dir='ltr'><strong>arbitror</strong></span> <span class='ocrx_word' id='word_1_782' title='bbox 1409 4630 1479 4693; x_wconf 89' lang='lat' dir='ltr'><strong>ei,</strong></span> <span class='ocrx_word' id='word_1_783' title='bbox 1508 4630 1599 4699; x_wconf 89' lang='lat' dir='ltr'><strong>qui</strong></span> <span class='ocrx_word' id='word_1_784' title='bbox 1631 4622 1797 4698; x_wconf 75' lang='lat' dir='ltr'><strong>Spiri-</strong></span> <span class='ocrx_word' id='word_1_785' title='bbox 1832 4622 1873 4676; x_wconf 90' lang='lat' dir='ltr'><strong>D</strong></span> <span class='ocrx_word' id='word_1_786' title='bbox 1904 4634 2013 4700; x_wconf 83' lang='lat' dir='ltr'><strong>tum</strong></span> <span class='ocrx_word' id='word_1_787' title='bbox 2046 4637 2292 4700; x_wconf 77' lang='lat' dir='ltr'><strong>san_ctum</strong></span> <span class='ocrx_word' id='word_1_788' title='bbox 2320 4643 2383 4681; x_wconf 90' lang='lat' dir='ltr'><strong>ex</strong></span> <span class='ocrx_word' id='word_1_789' title='bbox 2406 4622 2728 4680; x_wconf 42' lang='lat' dir='ltr'><strong>Patre—esse</strong></span> <span class='ocrx_word' id='word_1_790' title='bbox 2759 4622 3169 4700; x_wconf 83' lang='lat' dir='ltr'><strong>demonstrant,</strong></span> <span class='ocrx_word' id='word_1_791' title='bbox 3198 4629 3324 4700; x_wconf 83' lang='lat' dir='ltr'><strong>quia</strong></span> <span class='ocrx_word' id='word_1_792' title='bbox 3344 4622 3475 4682; x_wconf 53' lang='lat' dir='ltr'><strong>&#39;ont-</strong></span> 
     </span>
    </p>
   </div>
   <div class='ocr_carea' id='block_1_98' title="bbox 223 4700 1797 4771">
    <p class='ocr_par' dir='ltr' id='par_1_98' title="bbox 223 4700 1797 4771">
     <span class='ocr_line' id='line_1_98' title="bbox 223 4700 1797 4771; baseline 0.001 -19"><span class='ocrx_word' id='word_1_793' title='bbox 223 4710 338 4753; x_wconf 89' lang='lat' dir='ltr'><strong>tum</strong></span> <span class='ocrx_word' id='word_1_794' title='bbox 385 4711 630 4754; x_wconf 90' lang='lat' dir='ltr'><strong>sanctum</strong></span> <span class='ocrx_word' id='word_1_795' title='bbox 688 4717 801 4757; x_wconf 91' lang='lat' dir='ltr'><strong>rem</strong></span> <span class='ocrx_word' id='word_1_796' title='bbox 846 4702 1086 4771; x_wconf 78' lang='lat' dir='ltr'><strong>genitam</strong></span> <span class='ocrx_word' id='word_1_797' title='bbox 1135 4716 1256 4756; x_wconf 89' lang='lat' dir='ltr'><strong>esse</strong></span> <span class='ocrx_word' id='word_1_798' title='bbox 1307 4703 1490 4763; x_wconf 89' lang='lat' dir='ltr'><strong>dicat,</strong></span> <span class='ocrx_word' id='word_1_799' title='bbox 1542 4716 1605 4753; x_wconf 91' lang='lat' dir='ltr'><strong>ac</strong></span> <span class='ocrx_word' id='word_1_800' title='bbox 1647 4700 1797 4771; x_wconf 87' lang='lat' dir='ltr'><strong>illud,</strong></span> 
     </span>
    </p>
   </div>
   <div class='ocr_carea' id='block_1_99' title="bbox 227 4770 1797 4837">
    <p class='ocr_par' dir='ltr' id='par_1_99' title="bbox 227 4770 1797 4837">
     <span class='ocr_line' id='line_1_99' title="bbox 227 4770 1797 4837; baseline 0.001 -16"><span class='ocrx_word' id='word_1_801' title='bbox 227 4772 419 4823; x_wconf 85' lang='lat' dir='ltr'><strong>Omnia</strong></span> <span class='ocrx_word' id='word_1_802' title='bbox 449 4787 541 4837; x_wconf 81' lang='lat' dir='ltr'><strong>per</strong></span> <span class='ocrx_word' id='word_1_803' title='bbox 582 4787 700 4824; x_wconf 86' lang='lat' dir='ltr'><strong>eum</strong></span> <span class='ocrx_word' id='word_1_804' title='bbox 730 4770 1045 4826; x_wconf 77' lang='lat' dir='ltr'><strong>exstiterunt</strong></span> <span class='ocrx_word' id='word_1_805' title='bbox 1066 4811 1081 4835; x_wconf 91' lang='lat'><strong>,</strong></span> <span class='ocrx_word' id='word_1_806' title='bbox 1105 4771 1354 4826; x_wconf 85' lang='lat' dir='ltr'><strong>admittat</strong></span> <span class='ocrx_word' id='word_1_807' title='bbox 1379 4810 1394 4833; x_wconf 86' lang='lat'><strong>,</strong></span> <span class='ocrx_word' id='word_1_808' title='bbox 1418 4770 1797 4835; x_wconf 86' lang='lat' dir='ltr'><strong>necessarium</strong></span> 
     </span>
    </p>
   </div>
   <div class='ocr_carea' id='block_1_100' title="bbox 224 4839 1797 4911">
    <p class='ocr_par' dir='ltr' id='par_1_100' title="bbox 224 4839 1797 4911">
     <span class='ocr_line' id='line_1_100' title="bbox 224 4839 1797 4911; baseline -0.001 -18"><span class='ocrx_word' id='word_1_809' title='bbox 224 4856 346 4894; x_wconf 89' lang='lat' dir='ltr'><strong>esse</strong></span> <span class='ocrx_word' id='word_1_810' title='bbox 377 4841 639 4909; x_wconf 90' lang='lat' dir='ltr'><strong>Spiritum</strong></span> <span class='ocrx_word' id='word_1_811' title='bbox 672 4852 919 4896; x_wconf 91' lang='lat' dir='ltr'><strong>sanctum</strong></span> <span class='ocrx_word' id='word_1_812' title='bbox 945 4856 1043 4911; x_wconf 90' lang='lat' dir='ltr'><strong>per</strong></span> <span class='ocrx_word' id='word_1_813' title='bbox 1068 4839 1323 4905; x_wconf 77' lang='lat' dir='ltr'><strong>Verbum,</strong></span> <span class='ocrx_word' id='word_1_814' title='bbox 1359 4842 1500 4907; x_wconf 89' lang='lat' dir='ltr'><strong>quod</strong></span> <span class='ocrx_word' id='word_1_815' title='bbox 1547 4854 1611 4894; x_wconf 91' lang='lat' dir='ltr'><strong>eo</strong></span> <span class='ocrx_word' id='word_1_816' title='bbox 1658 4854 1797 4911; x_wconf 65' lang='lat' dir='ltr'><strong>pra:-</strong></span> 
     </span>
    </p>
   </div>
   <div class='ocr_carea' id='block_1_101' title="bbox 224 4910 1802 4978">
    <p class='ocr_par' dir='ltr' id='par_1_101' title="bbox 224 4910 1802 4978">
     <span class='ocr_line' id='line_1_101' title="bbox 224 4910 1802 4978; baseline 0 -17"><span class='ocrx_word' id='word_1_817' title='bbox 224 4912 463 4966; x_wconf 90' lang='lat' dir='ltr'><strong>stantius</strong></span> <span class='ocrx_word' id='word_1_818' title='bbox 491 4921 609 4978; x_wconf 89' lang='lat' dir='ltr'><strong>est,</strong></span> <span class='ocrx_word' id='word_1_819' title='bbox 643 4912 796 4968; x_wconf 89' lang='lat' dir='ltr'><strong>l‘ateri</strong></span> <span class='ocrx_word' id='word_1_820' title='bbox 828 4910 1122 4967; x_wconf 80' lang='lat' dir='ltr'><strong>exstitisse.</strong></span> <span class='ocrx_word' id='word_1_821' title='bbox 1160 4911 1371 4965; x_wconf 82' lang='lat' dir='ltr'><strong>Nolenti</strong></span> <span class='ocrx_word' id='word_1_822' title='bbox 1414 4919 1596 4963; x_wconf 88' lang='lat' dir='ltr'><strong>autem</strong></span> <span class='ocrx_word' id='word_1_823' title='bbox 1631 4910 1802 4977; x_wconf 87' lang='lat' dir='ltr'><strong>Spiri-</strong></span> 
     </span>
    </p>
   </div>
   <div class='ocr_carea' id='block_1_102' title="bbox 227 4982 1796 5051">
    <p class='ocr_par' dir='ltr' id='par_1_102' title="bbox 227 4982 1796 5051">
     <span class='ocr_line' id='line_1_102' title="bbox 227 4982 1796 5051; baseline 0 -20"><span class='ocrx_word' id='word_1_824' title='bbox 227 4989 339 5033; x_wconf 91' lang='lat' dir='ltr'><strong>tum</strong></span> <span class='ocrx_word' id='word_1_825' title='bbox 364 4990 609 5051; x_wconf 88' lang='lat' dir='ltr'><strong>sanctum</strong></span> <span class='ocrx_word' id='word_1_826' title='bbox 638 4997 733 5051; x_wconf 89' lang='lat' dir='ltr'><strong>per</strong></span> <span class='ocrx_word' id='word_1_827' title='bbox 756 4983 1029 5037; x_wconf 86' lang='lat' dir='ltr'><strong>Christum</strong></span> <span class='ocrx_word' id='word_1_828' title='bbox 1054 4982 1351 5047; x_wconf 83' lang='lat' dir='ltr'><strong>exstitisse,</strong></span> <span class='ocrx_word' id='word_1_829' title='bbox 1375 4987 1796 5051; x_wconf 86' lang='lat' dir='ltr'><strong>consentaneum</strong></span> 
     </span>
    </p>
   </div>
   <div class='ocr_carea' id='block_1_103' title="bbox 224 5049 1799 5120">
    <p class='ocr_par' dir='ltr' id='par_1_103' title="bbox 224 5049 1799 5120">
     <span class='ocr_line' id='line_1_103' title="bbox 224 5049 1799 5120; baseline 0.001 -17"><span class='ocrx_word' id='word_1_830' title='bbox 224 5059 311 5120; x_wconf 77' lang='lat' dir='ltr'><strong>est</strong></span> <span class='ocrx_word' id='word_1_831' title='bbox 340 5049 817 5120; x_wconf 40' lang='lat' dir='ltr'><strong>ingenitum—illum</strong></span> <span class='ocrx_word' id='word_1_832' title='bbox 848 5054 1052 5116; x_wconf 89' lang='lat' dir='ltr'><strong>dicere,</strong></span> <span class='ocrx_word' id='word_1_833' title='bbox 1072 5054 1116 5107; x_wconf 94' lang='lat' dir='ltr'><strong>si</strong></span> <span class='ocrx_word' id='word_1_834' title='bbox 1140 5066 1263 5107; x_wconf 83' lang='lat' dir='ltr'><strong>vera</strong></span> <span class='ocrx_word' id='word_1_835' title='bbox 1288 5066 1410 5107; x_wconf 90' lang='lat' dir='ltr'><strong>esse</strong></span> <span class='ocrx_word' id='word_1_836' title='bbox 1431 5049 1658 5120; x_wconf 84' lang='lat' dir='ltr'><strong>judicet,</strong></span> <span class='ocrx_word' id='word_1_837' title='bbox 1679 5064 1799 5119; x_wconf 68' lang='lat' dir='ltr'><strong>qua:</strong></span> 
     </span>
    </p>
   </div>
   <div class='ocr_carea' id='block_1_104' title="bbox 222 5118 1089 5191">
    <p class='ocr_par' dir='ltr' id='par_1_104' title="bbox 222 5118 1089 5191">
     <span class='ocr_line' id='line_1_104' title="bbox 222 5118 1089 5191; baseline 0.001 -18"><span class='ocrx_word' id='word_1_838' title='bbox 222 5118 279 5174; x_wconf 86' lang='lat' dir='ltr'><strong>in</strong></span> <span class='ocrx_word' id='word_1_839' title='bbox 297 5118 421 5191; x_wconf 71' lang='lat' dir='ltr'><strong>hoc</strong></span> <span class='ocrx_word' id='word_1_840' title='bbox 438 5120 726 5191; x_wconf 88' lang='lat' dir='ltr'><strong>Evangelio</strong></span> <span class='ocrx_word' id='word_1_841' title='bbox 755 5123 1025 5191; x_wconf 85' lang='lat' dir='ltr'><strong>leguntur.</strong></span> <span class='ocrx_word' id='word_1_842' title='bbox 1069 5142 1089 5174; x_wconf 71' lang='grc' dir='ltr'><strong>ι</strong></span> 
     </span>
    </p>
   </div>
   <div class='ocr_carea' id='block_1_105' title="bbox 295 5189 1795 5257">
    <p class='ocr_par' dir='ltr' id='par_1_105' title="bbox 295 5189 1795 5257">
     <span class='ocr_line' id='line_1_105' title="bbox 295 5189 1795 5257; baseline 0.001 -15"><span class='ocrx_word' id='word_1_843' title='bbox 295 5190 429 5245; x_wconf 85' lang='lat' dir='ltr'><strong>Illud</strong></span> <span class='ocrx_word' id='word_1_844' title='bbox 458 5192 513 5245; x_wconf 80' lang='grc' dir='ltr'><strong>1ο</strong></span> <span class='ocrx_word' id='word_1_845' title='bbox 544 5189 940 5248; x_wconf 79' lang='lat' dir='ltr'><strong>observandum</strong></span> <span class='ocrx_word' id='word_1_846' title='bbox 973 5203 1057 5247; x_wconf 91' lang='lat' dir='ltr'><strong>est</strong></span> <span class='ocrx_word' id='word_1_847' title='bbox 1094 5196 1194 5250; x_wconf 90' lang='lat' dir='ltr'><strong>has</strong></span> <span class='ocrx_word' id='word_1_848' title='bbox 1225 5205 1409 5257; x_wconf 90' lang='lat' dir='ltr'><strong>voces,</strong></span> <span class='ocrx_word' id='word_1_849' title='bbox 1437 5189 1671 5255; x_wconf 76' lang='grc' dir='ltr'>ἐγένετο,</span> <span class='ocrx_word' id='word_1_850' title='bbox 1700 5205 1795 5257; x_wconf 88' lang='grc' dir='ltr'>γε-</span> 
     </span>
    </p>
   </div>
   <div class='ocr_carea' id='block_1_106' title="bbox 220 5261 1795 5344">
    <p class='ocr_par' dir='ltr' id='par_1_106' title="bbox 220 5261 1795 5344">
     <span class='ocr_line' id='line_1_106' title="bbox 220 5261 1795 5344; baseline -0.001 -29"><span class='ocrx_word' id='word_1_851' title='bbox 220 5261 460 5344; x_wconf 70' lang='grc' dir='ltr'>γυγέναι,</span> <span class='ocrx_word' id='word_1_852' title='bbox 489 5263 736 5344; x_wconf 68' lang='grc' dir='ltr'>γενητόν,</span> <span class='ocrx_word' id='word_1_853' title='bbox 767 5263 976 5344; x_wconf 82' lang='lat' dir='ltr'><strong>duobus</strong></span> <span class='ocrx_word' id='word_1_854' title='bbox 1006 5267 1179 5344; x_wconf 77' lang='lat' dir='ltr'><strong>modis</strong></span> <span class='ocrx_word' id='word_1_855' title='bbox 1202 5262 1375 5344; x_wconf 70' lang='lat' dir='ltr'><strong>accipi</strong></span> <span class='ocrx_word' id='word_1_856' title='bbox 1418 5275 1575 5344; x_wconf 76' lang='lat' dir='ltr'><strong>posse</strong></span> <span class='ocrx_word' id='word_1_857' title='bbox 1600 5277 1624 5341; x_wconf 41' lang='lat'><strong>;.</strong></span> <span class='ocrx_word' id='word_1_858' title='bbox 1642 5270 1693 5314; x_wconf 92' lang='lat' dir='ltr'><strong>et</strong></span> <span class='ocrx_word' id='word_1_859' title='bbox 1718 5262 1795 5341; x_wconf 40' lang='lat' dir='ltr'><strong>&#39;de</strong></span> 
     </span>
    </p>
   </div>
   <div class='ocr_carea' id='block_1_107' title="bbox 221 5331 1797 5404">
    <p class='ocr_par' dir='ltr' id='par_1_107' title="bbox 221 5331 1797 5404">
     <span class='ocr_line' id='line_1_107' title="bbox 221 5331 1797 5404; baseline -0.001 -20"><span class='ocrx_word' id='word_1_860' title='bbox 221 5333 388 5404; x_wconf 80' lang='lat' dir='ltr'><strong>rebus</strong></span> <span class='ocrx_word' id='word_1_861' title='bbox 418 5347 483 5385; x_wconf 84' lang='lat' dir='ltr'><strong>ex</strong></span> <span class='ocrx_word' id='word_1_862' title='bbox 507 5331 677 5389; x_wconf 85' lang='lat' dir='ltr'><strong>nihilo</strong></span> <span class='ocrx_word' id='word_1_863' title='bbox 692 5335 976 5404; x_wconf 17' lang='lat' dir='ltr'><strong>eireatis,et</strong></span> <span class='ocrx_word' id='word_1_864' title='bbox 995 5336 1060 5388; x_wconf 93' lang='lat' dir='ltr'><strong>de</strong></span> <span class='ocrx_word' id='word_1_865' title='bbox 1088 5336 1285 5404; x_wconf 67' lang='lat' dir='ltr'><strong>iisque:</strong></span> <span class='ocrx_word' id='word_1_866' title='bbox 1310 5332 1526 5404; x_wconf 72' lang='lat' dir='ltr'><strong>aliquod</strong></span> <span class='ocrx_word' id='word_1_867' title='bbox 1545 5331 1625 5383; x_wconf 91' lang='lat' dir='ltr'><strong>sui</strong></span> <span class='ocrx_word' id='word_1_868' title='bbox 1651 5332 1797 5397; x_wconf 90' lang='lat' dir='ltr'><strong>prin-</strong></span> 
     </span>
    </p>
   </div>
   <div class='ocr_carea' id='block_1_108' title="bbox 221 5400 1798 5473">
    <p class='ocr_par' dir='ltr' id='par_1_108' title="bbox 221 5400 1798 5473">
     <span class='ocr_line' id='line_1_108' title="bbox 221 5400 1798 5473; baseline -0.003 -18"><span class='ocrx_word' id='word_1_869' title='bbox 221 5401 424 5473; x_wconf 88' lang='lat' dir='ltr'><strong>cipium</strong></span> <span class='ocrx_word' id='word_1_870' title='bbox 450 5404 671 5458; x_wconf 87' lang='lat' dir='ltr'><strong>habent.</strong></span> <span class='ocrx_word' id='word_1_871' title='bbox 692 5402 828 5458; x_wconf 85' lang='lat' dir='ltr'><strong>Hinc</strong></span> <span class='ocrx_word' id='word_1_872' title='bbox 847 5400 1199 5473; x_wconf 69' lang='lat' dir='ltr'><strong>Epiphanius,</strong></span> <span class='ocrx_word' id='word_1_873' title='bbox 1214 5405 1305 5470; x_wconf 87' lang='lat' dir='ltr'><strong>qui</strong></span> <span class='ocrx_word' id='word_1_874' title='bbox 1328 5404 1380 5457; x_wconf 90' lang='lat' dir='ltr'><strong>in</strong></span> <span class='ocrx_word' id='word_1_875' title='bbox 1396 5400 1627 5467; x_wconf 85' lang='lat' dir='ltr'><strong>Origene</strong></span> <span class='ocrx_word' id='word_1_876' title='bbox 1644 5417 1798 5471; x_wconf 84' lang='grc' dir='ltr'>γενη-</span> 
     </span>
    </p>
   </div>
   <div class='ocr_carea' id='block_1_109' title="bbox 287 5473 1789 5536">
    <p class='ocr_par' dir='ltr' id='par_1_109' title="bbox 287 5473 1789 5536">
     <span class='ocr_line' id='line_1_109' title="bbox 287 5473 1789 5536; baseline -0.001 -11"><span class='ocrx_word' id='word_1_877' title='bbox 287 5489 316 5524; x_wconf 90' lang='grc' dir='ltr'><strong>ν</strong></span> <span class='ocrx_word' id='word_1_878' title='bbox 345 5474 487 5526; x_wconf 82' lang='lat' dir='ltr'><strong>idetn</strong></span> <span class='ocrx_word' id='word_1_879' title='bbox 523 5474 701 5529; x_wconf 67' lang='lat' dir='ltr'><strong>valere</strong></span> <span class='ocrx_word' id='word_1_880' title='bbox 722 5475 1001 5528; x_wconf 74' lang='lat' dir='ltr'><strong>existimat</strong></span> <span class='ocrx_word' id='word_1_881' title='bbox 1027 5490 1090 5528; x_wconf 88' lang='lat' dir='ltr'><strong>ac</strong></span> <span class='ocrx_word' id='word_1_882' title='bbox 1118 5484 1382 5531; x_wconf 83' lang='lat' dir='ltr'><strong>creatum.</strong></span> <span class='ocrx_word' id='word_1_883' title='bbox 1414 5473 1609 5527; x_wconf 69' lang='lat' dir='ltr'><strong>haeres.</strong></span> <span class='ocrx_word' id='word_1_884' title='bbox 1643 5487 1789 5536; x_wconf 74' lang='lat' dir='ltr'><strong>utv,</strong></span> 
     </span>
    </p>
   </div>
   <div class='ocr_carea' id='block_1_110' title="bbox 220 5540 1793 5613">
    <p class='ocr_par' dir='ltr' id='par_1_110' title="bbox 220 5540 1793 5613">
     <span class='ocr_line' id='line_1_110' title="bbox 220 5540 1793 5613; baseline -0.002 -18"><span class='ocrx_word' id='word_1_885' title='bbox 220 5541 325 5595; x_wconf 83' lang='lat' dir='ltr'><strong>hoc</strong></span> <span class='ocrx_word' id='word_1_886' title='bbox 371 5540 597 5598; x_wconf 76' lang='lat' dir='ltr'><strong>Joannis</strong></span> <span class='ocrx_word' id='word_1_887' title='bbox 627 5545 692 5599; x_wconf 92' lang='lat' dir='ltr'><strong>de</strong></span> <span class='ocrx_word' id='word_1_888' title='bbox 738 5542 961 5599; x_wconf 86' lang='lat' dir='ltr'><strong>Christo</strong></span> <span class='ocrx_word' id='word_1_889' title='bbox 1001 5544 1204 5598; x_wconf 91' lang='lat' dir='ltr'><strong>dictum</strong></span> <span class='ocrx_word' id='word_1_890' title='bbox 1228 5583 1244 5608; x_wconf 92' lang='lat'><strong>,</strong></span> <span class='ocrx_word' id='word_1_891' title='bbox 1274 5541 1489 5613; x_wconf 79' lang='grc' dir='ltr'>πρῶτός</span> <span class='ocrx_word' id='word_1_892' title='bbox 1542 5558 1642 5612; x_wconf 87' lang='grc' dir='ltr'><strong>μου</strong></span> <span class='ocrx_word' id='word_1_893' title='bbox 1672 5541 1793 5610; x_wconf 85' lang='grc' dir='ltr'>ὲγέ-</span> 
     </span>
    </p>
   </div>
   <div class='ocr_carea' id='block_1_111' title="bbox 220 5613 1789 5681">
    <p class='ocr_par' dir='ltr' id='par_1_111' title="bbox 220 5613 1789 5681">
     <span class='ocr_line' id='line_1_111' title="bbox 220 5613 1789 5681; baseline 0.002 -19"><span class='ocrx_word' id='word_1_894' title='bbox 220 5627 361 5676; x_wconf 86' lang='grc' dir='ltr'>νετο,</span> <span class='ocrx_word' id='word_1_895' title='bbox 398 5614 541 5666; x_wconf 88' lang='lat' dir='ltr'><strong>idem</strong></span> <span class='ocrx_word' id='word_1_896' title='bbox 576 5628 700 5669; x_wconf 87' lang='lat' dir='ltr'><strong>esse</strong></span> <span class='ocrx_word' id='word_1_897' title='bbox 732 5615 1035 5678; x_wconf 90' lang='lat' dir='ltr'><strong>contendit,</strong></span> <span class='ocrx_word' id='word_1_898' title='bbox 1068 5629 1131 5669; x_wconf 87' lang='lat' dir='ltr'><strong>ac</strong></span> <span class='ocrx_word' id='word_1_899' title='bbox 1161 5625 1281 5667; x_wconf 82' lang='lat' dir='ltr'><strong>ante</strong></span> <span class='ocrx_word' id='word_1_900' title='bbox 1308 5629 1387 5665; x_wconf 88' lang='lat' dir='ltr'><strong>me</strong></span> <span class='ocrx_word' id='word_1_901' title='bbox 1428 5614 1563 5681; x_wconf 77' lang='lat' dir='ltr'><strong>fuit,</strong></span> <span class='ocrx_word' id='word_1_902' title='bbox 1598 5613 1789 5665; x_wconf 68' lang='lat' dir='ltr'><strong>haeres.</strong></span> 
     </span>
    </p>
   </div>
   <div class='ocr_carea' id='block_1_112' title="bbox 220 5681 1841 5752">
    <p class='ocr_par' dir='ltr' id='par_1_112' title="bbox 220 5681 1841 5752">
     <span class='ocr_line' id='line_1_112' title="bbox 220 5681 1841 5752; baseline 0.001 -19"><span class='ocrx_word' id='word_1_903' title='bbox 220 5696 409 5735; x_wconf 81' lang='lat' dir='ltr'><strong>vaut.</strong></span> <span class='ocrx_word' id='word_1_904' title='bbox 442 5684 559 5752; x_wconf 87' lang='lat' dir='ltr'><strong>Ipse</strong></span> <span class='ocrx_word' id='word_1_905' title='bbox 589 5684 851 5752; x_wconf 86' lang='lat' dir='ltr'><strong>Origenes</strong></span> <span class='ocrx_word' id='word_1_906' title='bbox 904 5684 1094 5737; x_wconf 85' lang='lat' dir='ltr'><strong>Filium</strong></span> <span class='ocrx_word' id='word_1_907' title='bbox 1121 5724 1136 5748; x_wconf 93' lang='lat'><strong>,</strong></span> <span class='ocrx_word' id='word_1_908' title='bbox 1182 5688 1248 5738; x_wconf 91' lang='lat' dir='ltr'><strong>de</strong></span> <span class='ocrx_word' id='word_1_909' title='bbox 1295 5681 1449 5750; x_wconf 89' lang='lat' dir='ltr'><strong>cujus</strong></span> <span class='ocrx_word' id='word_1_910' title='bbox 1493 5683 1794 5736; x_wconf 67' lang='lat' dir='ltr'><strong>aeternitate</strong></span> <span class='ocrx_word' id='word_1_911' title='bbox 1835 5711 1841 5717; x_wconf 95' lang='lat'><em>-</em></span> 
     </span>
    </p>
   </div>
   <div class='ocr_carea' id='block_1_113' title="bbox 224 5752 1794 5825">
    <p class='ocr_par' dir='ltr' id='par_1_113' title="bbox 224 5752 1794 5825">
     <span class='ocr_line' id='line_1_113' title="bbox 224 5752 1794 5825; baseline 0.001 -23"><span class='ocrx_word' id='word_1_912' title='bbox 224 5756 450 5825; x_wconf 69' lang='lat' dir='ltr'><strong>tun-ilice</strong></span> <span class='ocrx_word' id='word_1_913' title='bbox 477 5756 682 5820; x_wconf 84' lang='lat' dir='ltr'><strong>sensit,</strong></span> <span class='ocrx_word' id='word_1_914' title='bbox 714 5752 846 5806; x_wconf 78' lang='grc' dir='ltr'>Θεὸν</span> <span class='ocrx_word' id='word_1_915' title='bbox 871 5755 1116 5825; x_wconf 80' lang='grc' dir='ltr'>γενητόν,</span> <span class='ocrx_word' id='word_1_916' title='bbox 1146 5754 1307 5807; x_wconf 84' lang='lat' dir='ltr'><strong>Deum</strong></span> <span class='ocrx_word' id='word_1_917' title='bbox 1326 5755 1583 5825; x_wconf 65' lang='lat' dir='ltr'><strong>genitum,</strong></span> <span class='ocrx_word' id='word_1_918' title='bbox 1613 5752 1794 5819; x_wconf 82' lang='lat' dir='ltr'><strong>appel-</strong></span> 
     </span>
    </p>
   </div>
   <div class='ocr_carea' id='block_1_114' title="bbox 221 5819 1795 5894">
    <p class='ocr_par' dir='ltr' id='par_1_114' title="bbox 221 5819 1795 5894">
     <span class='ocr_line' id='line_1_114' title="bbox 221 5819 1795 5894; baseline 0.001 -21"><span class='ocrx_word' id='word_1_919' title='bbox 221 5819 338 5894; x_wconf 84' lang='lat' dir='ltr'><strong>lare</strong></span> <span class='ocrx_word' id='word_1_920' title='bbox 368 5839 473 5877; x_wconf 86' lang='lat' dir='ltr'><strong>non</strong></span> <span class='ocrx_word' id='word_1_921' title='bbox 504 5824 732 5889; x_wconf 80' lang='lat' dir='ltr'><strong>dubitat,</strong></span> <span class='ocrx_word' id='word_1_922' title='bbox 765 5832 823 5877; x_wconf 93' lang='lat' dir='ltr'><strong>ut</strong></span> <span class='ocrx_word' id='word_1_923' title='bbox 848 5819 1008 5894; x_wconf 80' lang='lat' dir='ltr'><strong>supra</strong></span> <span class='ocrx_word' id='word_1_924' title='bbox 1035 5825 1289 5878; x_wconf 88' lang='lat' dir='ltr'><strong>vidimus.</strong></span> <span class='ocrx_word' id='word_1_925' title='bbox 1324 5819 1462 5878; x_wconf 80' lang='lat' dir='ltr'><strong>Hinc</strong></span> <span class='ocrx_word' id='word_1_926' title='bbox 1487 5826 1709 5875; x_wconf 87' lang='lat' dir='ltr'><strong>verbum</strong></span> <span class='ocrx_word' id='word_1_927' title='bbox 1739 5830 1795 5875; x_wconf 85' lang='lat' dir='ltr'><strong>et</strong></span> 
     </span>
    </p>
   </div>
   <div class='ocr_carea' id='block_1_115' title="bbox 225 5892 1788 5967">
    <p class='ocr_par' dir='ltr' id='par_1_115' title="bbox 225 5892 1788 5967">
     <span class='ocr_line' id='line_1_115' title="bbox 225 5892 1788 5967; baseline 0.001 -23"><span class='ocrx_word' id='word_1_928' title='bbox 225 5892 511 5951; x_wconf 78' lang='lat' dir='ltr'><strong>veritatem</strong></span> <span class='ocrx_word' id='word_1_929' title='bbox 536 5892 946 5952; x_wconf 77' lang='lat' dir='ltr'><strong>substantialem</strong></span> <span class='ocrx_word' id='word_1_930' title='bbox 978 5908 1089 5952; x_wconf 90' lang='lat' dir='ltr'><strong>non</strong></span> <span class='ocrx_word' id='word_1_931' title='bbox 1118 5910 1214 5966; x_wconf 91' lang='lat' dir='ltr'><strong>per</strong></span> <span class='ocrx_word' id='word_1_932' title='bbox 1246 5894 1411 5950; x_wconf 88' lang='lat' dir='ltr'><strong>alium</strong></span> <span class='ocrx_word' id='word_1_933' title='bbox 1439 5906 1788 5967; x_wconf 81' lang='lat' dir='ltr'><strong>quemquam,</strong></span> 
     </span>
    </p>
   </div>
   <div class='ocr_carea' id='block_1_116' title="bbox 1899 4695 3473 4765">
    <p class='ocr_par' dir='ltr' id='par_1_116' title="bbox 1899 4695 3473 4765">
     <span class='ocr_line' id='line_1_116' title="bbox 1899 4695 3473 4765; baseline 0.003 -17"><span class='ocrx_word' id='word_1_934' title='bbox 1899 4697 1989 4748; x_wconf 87' lang='lat' dir='ltr'><strong>nia</strong></span> <span class='ocrx_word' id='word_1_935' title='bbox 2024 4712 2090 4750; x_wconf 83' lang='lat' dir='ltr'><strong>ex</strong></span> <span class='ocrx_word' id='word_1_936' title='bbox 2127 4695 2283 4749; x_wconf 85' lang='lat' dir='ltr'><strong>Patre</strong></span> <span class='ocrx_word' id='word_1_937' title='bbox 2308 4712 2427 4751; x_wconf 89' lang='lat' dir='ltr'><strong>esse</strong></span> <span class='ocrx_word' id='word_1_938' title='bbox 2460 4700 2510 4751; x_wconf 93' lang='lat' dir='ltr'><strong>in</strong></span> <span class='ocrx_word' id='word_1_939' title='bbox 2537 4697 2833 4764; x_wconf 89' lang='lat' dir='ltr'><strong>Scripturis</strong></span> <span class='ocrx_word' id='word_1_940' title='bbox 2857 4698 3128 4765; x_wconf 91' lang='lat' dir='ltr'><strong>dicuntur,</strong></span> <span class='ocrx_word' id='word_1_941' title='bbox 3153 4695 3248 4751; x_wconf 63' lang='lat' dir='ltr'><strong>nec</strong></span> <span class='ocrx_word' id='word_1_942' title='bbox 3276 4699 3473 4752; x_wconf 68' lang='lat' dir='ltr'><strong>ltlllum</strong></span> 
     </span>
    </p>
   </div>
   <div class='ocr_carea' id='block_1_117' title="bbox 1898 4767 3475 4838">
    <p class='ocr_par' dir='ltr' id='par_1_117' title="bbox 1898 4767 3475 4838">
     <span class='ocr_line' id='line_1_117' title="bbox 1898 4767 3475 4838; baseline 0.003 -20"><span class='ocrx_word' id='word_1_943' title='bbox 1898 4767 2247 4838; x_wconf 82' lang='lat' dir='ltr'><strong>etSpiritum</strong></span> <span class='ocrx_word' id='word_1_944' title='bbox 2285 4767 2337 4820; x_wconf 91' lang='lat' dir='ltr'><strong>in</strong></span> <span class='ocrx_word' id='word_1_945' title='bbox 2386 4767 2488 4838; x_wconf 79' lang='lat' dir='ltr'><strong>hoc</strong></span> <span class='ocrx_word' id='word_1_946' title='bbox 2538 4783 2659 4820; x_wconf 87' lang='lat' dir='ltr'><strong>cunt</strong></span> <span class='ocrx_word' id='word_1_947' title='bbox 2712 4769 2873 4821; x_wconf 89' lang='lat' dir='ltr'><strong>rebus</strong></span> <span class='ocrx_word' id='word_1_948' title='bbox 2907 4775 3106 4821; x_wconf 85' lang='lat' dir='ltr'><strong>creatis</strong></span> <span class='ocrx_word' id='word_1_949' title='bbox 3153 4784 3475 4838; x_wconf 86' lang='lat' dir='ltr'><strong>comparare</strong></span> 
     </span>
    </p>
   </div>
   <div class='ocr_carea' id='block_1_118' title="bbox 1899 4835 3474 4906">
    <p class='ocr_par' dir='ltr' id='par_1_118' title="bbox 1899 4835 3474 4906">
     <span class='ocr_line' id='line_1_118' title="bbox 1899 4835 3474 4906; baseline 0.003 -18"><span class='ocrx_word' id='word_1_950' title='bbox 1899 4835 2170 4906; x_wconf 86' lang='lat' dir='ltr'><strong>dubitant,</strong></span> <span class='ocrx_word' id='word_1_951' title='bbox 2204 4838 2344 4904; x_wconf 92' lang='lat' dir='ltr'><strong>quod</strong></span> <span class='ocrx_word' id='word_1_952' title='bbox 2373 4853 2402 4890; x_wconf 93' lang='lat' dir='ltr'><strong>a</strong></span> <span class='ocrx_word' id='word_1_953' title='bbox 2442 4836 2603 4890; x_wconf 89' lang='lat' dir='ltr'><strong>Patre</strong></span> <span class='ocrx_word' id='word_1_954' title='bbox 2641 4852 2761 4891; x_wconf 88' lang='lat' dir='ltr'><strong>esse</strong></span> <span class='ocrx_word' id='word_1_955' title='bbox 2797 4839 3130 4906; x_wconf 88' lang='lat' dir='ltr'><strong>acceperint,</strong></span> <span class='ocrx_word' id='word_1_956' title='bbox 3158 4835 3293 4894; x_wconf 72' lang='lat' dir='ltr'><strong>licet</strong></span> <span class='ocrx_word' id='word_1_957' title='bbox 3314 4840 3474 4893; x_wconf 86' lang='lat' dir='ltr'><strong>modo</strong></span> 
     </span>
    </p>
   </div>
   <div class='ocr_carea' id='block_1_119' title="bbox 1899 4905 3470 4978">
    <p class='ocr_par' dir='ltr' id='par_1_119' title="bbox 1899 4905 3470 4978">
     <span class='ocr_line' id='line_1_119' title="bbox 1899 4905 3470 4978; baseline 0.001 -21"><span class='ocrx_word' id='word_1_958' title='bbox 1899 4905 2057 4975; x_wconf 86' lang='lat' dir='ltr'><strong>longe</strong></span> <span class='ocrx_word' id='word_1_959' title='bbox 2089 4907 2321 4978; x_wconf 73' lang='lat' dir='ltr'><strong>diverso</strong></span> <span class='ocrx_word' id='word_1_960' title='bbox 2373 4922 2438 4962; x_wconf 89' lang='lat' dir='ltr'><strong>ac</strong></span> <span class='ocrx_word' id='word_1_961' title='bbox 2489 4922 2577 4962; x_wconf 90' lang='lat' dir='ltr'><strong>res</strong></span> <span class='ocrx_word' id='word_1_962' title='bbox 2620 4918 2836 4962; x_wconf 73' lang='lat' dir='ltr'><strong>creatae.</strong></span> <span class='ocrx_word' id='word_1_963' title='bbox 2885 4905 3144 4978; x_wconf 85' lang='lat' dir='ltr'><strong>Origenes</strong></span> <span class='ocrx_word' id='word_1_964' title='bbox 3202 4919 3331 4962; x_wconf 91' lang='lat' dir='ltr'><strong>tom.</strong></span> <span class='ocrx_word' id='word_1_965' title='bbox 3391 4924 3470 4970; x_wconf 85' lang='lat' dir='ltr'><strong>tv,</strong></span> 
     </span>
    </p>
   </div>
   <div class='ocr_carea' id='block_1_120' title="bbox 1896 4976 3473 5047">
    <p class='ocr_par' dir='ltr' id='par_1_120' title="bbox 1896 4976 3473 5047">
     <span class='ocr_line' id='line_1_120' title="bbox 1896 4976 3473 5047; baseline 0.001 -18"><span class='ocrx_word' id='word_1_966' title='bbox 1896 4990 2048 5030; x_wconf 89' lang='lat' dir='ltr'><strong>num.</strong></span> <span class='ocrx_word' id='word_1_967' title='bbox 2081 4976 2153 5029; x_wconf 75' lang='lat'><strong>‘22</strong></span> <span class='ocrx_word' id='word_1_968' title='bbox 2174 5015 2189 5040; x_wconf 93' lang='lat'><strong>,</strong></span> <span class='ocrx_word' id='word_1_969' title='bbox 2222 4992 2341 5047; x_wconf 87' lang='lat' dir='ltr'><strong>pag.</strong></span> <span class='ocrx_word' id='word_1_970' title='bbox 2374 4978 2474 5043; x_wconf 86' lang='lat'><strong>80,</strong></span> <span class='ocrx_word' id='word_1_971' title='bbox 2505 4977 2670 5032; x_wconf 90' lang='lat' dir='ltr'><strong>multa</strong></span> <span class='ocrx_word' id='word_1_972' title='bbox 2700 4994 2818 5032; x_wconf 91' lang='lat' dir='ltr'><strong>esse</strong></span> <span class='ocrx_word' id='word_1_973' title='bbox 2861 4976 3049 5032; x_wconf 77' lang='lat' dir='ltr'><strong>statuit</strong></span> <span class='ocrx_word' id='word_1_974' title='bbox 3093 4980 3146 5032; x_wconf 87' lang='lat' dir='ltr'><strong>itt</strong></span> <span class='ocrx_word' id='word_1_975' title='bbox 3177 4981 3283 5032; x_wconf 89' lang='lat' dir='ltr'><strong>Deo</strong></span> <span class='ocrx_word' id='word_1_976' title='bbox 3310 5018 3324 5041; x_wconf 90' lang='lat'><strong>,</strong></span> <span class='ocrx_word' id='word_1_977' title='bbox 3350 4994 3473 5047; x_wconf 67' lang='lat' dir='ltr'><strong>quae</strong></span> 
     </span>
    </p>
   </div>
   <div class='ocr_carea' id='block_1_121' title="bbox 1898 5047 3471 5112">
    <p class='ocr_par' dir='ltr' id='par_1_121' title="bbox 1898 5047 3471 5112">
     <span class='ocr_line' id='line_1_121' title="bbox 1898 5047 3471 5112; baseline 0.003 -14"><span class='ocrx_word' id='word_1_978' title='bbox 1898 5061 2005 5099; x_wconf 91' lang='lat' dir='ltr'><strong>non</strong></span> <span class='ocrx_word' id='word_1_979' title='bbox 2053 5047 2228 5101; x_wconf 92' lang='lat' dir='ltr'><strong>solum</strong></span> <span class='ocrx_word' id='word_1_980' title='bbox 2278 5048 2345 5101; x_wconf 90' lang='lat' dir='ltr'><strong>ab</strong></span> <span class='ocrx_word' id='word_1_981' title='bbox 2374 5050 2609 5101; x_wconf 88' lang='lat' dir='ltr'><strong>humana</strong></span> <span class='ocrx_word' id='word_1_982' title='bbox 2640 5061 2834 5102; x_wconf 91' lang='lat' dir='ltr'><strong>natura</strong></span> <span class='ocrx_word' id='word_1_983' title='bbox 2863 5088 2878 5112; x_wconf 93' lang='lat'><strong>,</strong></span> <span class='ocrx_word' id='word_1_984' title='bbox 2915 5052 3010 5103; x_wconf 90' lang='lat' dir='ltr'><strong>sed</strong></span> <span class='ocrx_word' id='word_1_985' title='bbox 3050 5054 3213 5103; x_wconf 90' lang='lat' dir='ltr'><strong>etiam</strong></span> <span class='ocrx_word' id='word_1_986' title='bbox 3252 5052 3320 5102; x_wconf 88' lang='lat' dir='ltr'><strong>ab</strong></span> <span class='ocrx_word' id='word_1_987' title='bbox 3346 5049 3471 5103; x_wconf 86' lang='lat' dir='ltr'><strong>aliis</strong></span> 
     </span>
    </p>
   </div>
   <div class='ocr_carea' id='block_1_122' title="bbox 1897 5117 3468 5239">
    <p class='ocr_par' dir='ltr' id='par_1_122' title="bbox 1897 5117 3468 5239">
     <span class='ocr_line' id='line_1_122' title="bbox 1897 5117 3468 5239; baseline 0.004 -71"><span class='ocrx_word' id='word_1_988' title='bbox 1897 5127 2095 5239; x_wconf 50' lang='lat' dir='ltr'><strong>praeter</strong></span> <span class='ocrx_word' id='word_1_989' title='bbox 2129 5117 2322 5171; x_wconf 85' lang='lat' dir='ltr'><strong>Filium</strong></span> <span class='ocrx_word' id='word_1_990' title='bbox 2368 5128 2423 5172; x_wconf 91' lang='lat' dir='ltr'><strong>et</strong></span> <span class='ocrx_word' id='word_1_991' title='bbox 2461 5118 2720 5186; x_wconf 87' lang='lat' dir='ltr'><strong>Spiritum</strong></span> <span class='ocrx_word' id='word_1_992' title='bbox 2766 5120 2963 5188; x_wconf 84' lang='lat' dir='ltr'><strong>genitis</strong></span> <span class='ocrx_word' id='word_1_993' title='bbox 3010 5120 3170 5174; x_wconf 89' lang='lat' dir='ltr'><strong>rebus</strong></span> <span class='ocrx_word' id='word_1_994' title='bbox 3214 5134 3468 5187; x_wconf 82' lang='lat' dir='ltr'><strong>compre-</strong></span> 
     </span>
     <span class='ocr_line' id='line_1_123' title="bbox 1936 5187 3468 5239; baseline 0 0"><span class='ocrx_word' id='word_1_995' title='bbox 1936 5189 2058 5239; x_wconf 89' lang='lat' dir='ltr'><strong>endi</strong></span> <span class='ocrx_word' id='word_1_996' title='bbox 2087 5202 2192 5239; x_wconf 90' lang='lat' dir='ltr'><strong>non</strong></span> <span class='ocrx_word' id='word_1_997' title='bbox 2226 5187 2456 5239; x_wconf 85' lang='lat' dir='ltr'><strong>Dossint.</strong></span> <span class='ocrx_word' id='word_1_998' title='bbox 2486 5187 2704 5239; x_wconf 77' lang='lat' dir='ltr'><strong>Minime</strong></span> <span class='ocrx_word' id='word_1_999' title='bbox 2737 5203 2867 5239; x_wconf 81' lang='lat' dir='ltr'><strong>emo</strong></span> <span class='ocrx_word' id='word_1_1000' title='bbox 2897 5190 3113 5239; x_wconf 89' lang='lat' dir='ltr'><strong>tnirum.</strong></span> <span class='ocrx_word' id='word_1_1001' title='bbox 3149 5190 3192 5239; x_wconf 88' lang='lat' dir='ltr'><strong>si</strong></span> <span class='ocrx_word' id='word_1_1002' title='bbox 3228 5203 3351 5239; x_wconf 88' lang='lat' dir='ltr'><strong>cum</strong></span> <span class='ocrx_word' id='word_1_1003' title='bbox 3381 5189 3468 5239; x_wconf 83' lang='lat' dir='ltr'><strong>io-</strong></span> 
     </span>
    </p>
   </div>
   <div class='ocr_carea' id='block_1_123' title="bbox 1936 5187 3468 5259">
    <p class='ocr_par' dir='ltr' id='par_1_123' title="bbox 1936 5187 3468 5259">
     <span class='ocr_line' id='line_1_124' title="bbox 1936 5187 3468 5259; baseline 0.001 -20"><span class='ocrx_word' id='word_1_1004' title='bbox 1936 5189 2192 5259; x_wconf 9' lang='lat' dir='ltr'><strong>endiﬂnron</strong></span> <span class='ocrx_word' id='word_1_1005' title='bbox 2225 5187 2456 5257; x_wconf 89' lang='lat' dir='ltr'><strong>possint.</strong></span> <span class='ocrx_word' id='word_1_1006' title='bbox 2486 5187 2704 5242; x_wconf 79' lang='lat' dir='ltr'><strong>Minime</strong></span> <span class='ocrx_word' id='word_1_1007' title='bbox 2737 5187 2867 5259; x_wconf 78' lang='lat' dir='ltr'><strong>ergo</strong></span> <span class='ocrx_word' id='word_1_1008' title='bbox 2897 5190 3113 5252; x_wconf 86' lang='lat' dir='ltr'><strong>mirum,</strong></span> <span class='ocrx_word' id='word_1_1009' title='bbox 3149 5190 3192 5243; x_wconf 90' lang='lat' dir='ltr'><strong>si</strong></span> <span class='ocrx_word' id='word_1_1010' title='bbox 3228 5203 3351 5241; x_wconf 88' lang='lat' dir='ltr'><strong>cum</strong></span> <span class='ocrx_word' id='word_1_1011' title='bbox 3381 5189 3468 5258; x_wconf 84' lang='lat' dir='ltr'><strong>ip-</strong></span> 
     </span>
    </p>
   </div>
   <div class='ocr_carea' id='block_1_124' title="bbox 1896 5257 3467 5328">
    <p class='ocr_par' dir='ltr' id='par_1_124' title="bbox 1896 5257 3467 5328">
     <span class='ocr_line' id='line_1_125' title="bbox 1896 5257 3467 5328; baseline 0.002 -18"><span class='ocrx_word' id='word_1_1012' title='bbox 1896 5270 2017 5310; x_wconf 90' lang='lat' dir='ltr'><strong>sum</strong></span> <span class='ocrx_word' id='word_1_1013' title='bbox 2050 5257 2243 5311; x_wconf 83' lang='lat' dir='ltr'><strong>Filium</strong></span> <span class='ocrx_word' id='word_1_1014' title='bbox 2279 5259 2331 5310; x_wconf 91' lang='lat' dir='ltr'><strong>in</strong></span> <span class='ocrx_word' id='word_1_1015' title='bbox 2369 5259 2562 5322; x_wconf 84' lang='lat' dir='ltr'><strong>rebus,</strong></span> <span class='ocrx_word' id='word_1_1016' title='bbox 2592 5275 2711 5328; x_wconf 76' lang='lat' dir='ltr'><strong>qua:</strong></span> <span class='ocrx_word' id='word_1_1017' title='bbox 2742 5274 2771 5310; x_wconf 85' lang='lat' dir='ltr'><strong>a</strong></span> <span class='ocrx_word' id='word_1_1018' title='bbox 2809 5257 2922 5314; x_wconf 83' lang='lat' dir='ltr'><strong>Deo</strong></span> <span class='ocrx_word' id='word_1_1019' title='bbox 2951 5274 3070 5313; x_wconf 88' lang='lat' dir='ltr'><strong>esse</strong></span> <span class='ocrx_word' id='word_1_1020' title='bbox 3104 5260 3333 5323; x_wconf 88' lang='lat' dir='ltr'><strong>habent,</strong></span> <span class='ocrx_word' id='word_1_1021' title='bbox 3364 5257 3467 5313; x_wconf 76' lang='lat' dir='ltr'><strong>nu—</strong></span> 
     </span>
    </p>
   </div>
   <div class='ocr_carea' id='block_1_125' title="bbox 1898 5328 3347 5398">
    <p class='ocr_par' dir='ltr' id='par_1_125' title="bbox 1898 5328 3347 5398">
     <span class='ocr_line' id='line_1_126' title="bbox 1898 5328 3347 5398; baseline 0.003 -20"><span class='ocrx_word' id='word_1_1022' title='bbox 1898 5338 2091 5398; x_wconf 86' lang='lat' dir='ltr'><strong>t_neret,</strong></span> <span class='ocrx_word' id='word_1_1023' title='bbox 2130 5328 2392 5397; x_wconf 85' lang='lat' dir='ltr'><strong>Spiritum</strong></span> <span class='ocrx_word' id='word_1_1024' title='bbox 2421 5340 2669 5382; x_wconf 87' lang='lat' dir='ltr'><strong>sanctum</strong></span> <span class='ocrx_word' id='word_1_1025' title='bbox 2702 5330 2755 5383; x_wconf 92' lang='lat' dir='ltr'><strong>in</strong></span> <span class='ocrx_word' id='word_1_1026' title='bbox 2787 5329 2852 5384; x_wconf 87' lang='lat' dir='ltr'><strong>iis</strong></span> <span class='ocrx_word' id='word_1_1027' title='bbox 2885 5339 3197 5394; x_wconf 86' lang='lat' dir='ltr'><strong>recenseat,</strong></span> <span class='ocrx_word' id='word_1_1028' title='bbox 3227 5343 3347 5398; x_wconf 61' lang='lat' dir='ltr'><strong>quae</strong></span> 
     </span>
    </p>
   </div>
   <div class='ocr_carea' id='block_1_126' title="bbox 1894 5395 3468 5454">
    <p class='ocr_par' dir='ltr' id='par_1_126' title="bbox 1894 5395 3468 5454">
     <span class='ocr_line' id='line_1_127' title="bbox 1894 5395 3468 5454; baseline 0.002 -3"><span class='ocrx_word' id='word_1_1029' title='bbox 1894 5395 2092 5451; x_wconf 85' lang='lat' dir='ltr'><strong>Filium</strong></span> <span class='ocrx_word' id='word_1_1030' title='bbox 2141 5395 2485 5453; x_wconf 74' lang='lat' dir='ltr'><strong>exstiterunt.</strong></span> <span class='ocrx_word' id='word_1_1031' title='bbox 2519 5398 2750 5454; x_wconf 66' lang='lat' dir='ltr'><strong>Nicaeum</strong></span> <span class='ocrx_word' id='word_1_1032' title='bbox 2792 5402 2911 5453; x_wconf 90' lang='lat' dir='ltr'><strong>lidei</strong></span> <span class='ocrx_word' id='word_1_1033' title='bbox 2949 5395 3260 5453; x_wconf 76' lang='lat' dir='ltr'><strong>acerrimus</strong></span> <span class='ocrx_word' id='word_1_1034' title='bbox 3284 5395 3468 5454; x_wconf 71' lang='lat' dir='ltr'><strong>defen-</strong></span> 
     </span>
    </p>
   </div>
   <div class='ocr_carea' id='block_1_127' title="bbox 1896 5467 3463 5538">
    <p class='ocr_par' dir='ltr' id='par_1_127' title="bbox 1896 5467 3463 5538">
     <span class='ocr_line' id='line_1_128' title="bbox 1896 5467 3463 5538; baseline 0.001 -16"><span class='ocrx_word' id='word_1_1035' title='bbox 1896 5483 1988 5522; x_wconf 90' lang='lat' dir='ltr'><strong>sor</strong></span> <span class='ocrx_word' id='word_1_1036' title='bbox 2020 5467 2256 5523; x_wconf 86' lang='lat' dir='ltr'><strong>Hilarius</strong></span> <span class='ocrx_word' id='word_1_1037' title='bbox 2286 5469 2506 5523; x_wconf 82' lang='lat' dir='ltr'><strong>Arianis</strong></span> <span class='ocrx_word' id='word_1_1038' title='bbox 2532 5470 2822 5523; x_wconf 88' lang='lat' dir='ltr'><strong>cavillandi</strong></span> <span class='ocrx_word' id='word_1_1039' title='bbox 2865 5484 3025 5523; x_wconf 85' lang='lat' dir='ltr'><strong>causa</strong></span> <span class='ocrx_word' id='word_1_1040' title='bbox 3069 5469 3463 5538; x_wconf 61' lang='lat' dir='ltr'><strong>quxrentibus.</strong></span> 
     </span>
    </p>
   </div>
   <div class='ocr_carea' id='block_1_128' title="bbox 1895 5537 3461 5611">
    <p class='ocr_par' dir='ltr' id='par_1_128' title="bbox 1895 5537 3461 5611">
     <span class='ocr_line' id='line_1_129' title="bbox 1895 5537 3461 5611; baseline 0.001 -19"><span class='ocrx_word' id='word_1_1041' title='bbox 1895 5551 2175 5611; x_wconf 86' lang='lat' dir='ltr'><strong>per_quetn</strong></span> <span class='ocrx_word' id='word_1_1042' title='bbox 2202 5537 2783 5611; x_wconf 8' lang='lat' dir='ltr'><strong>sitSpiritusqsanctus,</strong></span> <span class='ocrx_word' id='word_1_1043' title='bbox 2812 5537 3131 5611; x_wconf 77' lang='lat' dir='ltr'><strong>responsum</strong></span> <span class='ocrx_word' id='word_1_1044' title='bbox 3158 5538 3312 5593; x_wconf 79' lang='lat' dir='ltr'><strong>aﬂ&#39;ert</strong></span> <span class='ocrx_word' id='word_1_1045' title='bbox 3343 5538 3461 5611; x_wconf 90' lang='lat' dir='ltr'><strong>(lib.</strong></span> 
     </span>
    </p>
   </div>
   <div class='ocr_carea' id='block_1_129' title="bbox 1895 5608 3464 5680">
    <p class='ocr_par' dir='ltr' id='par_1_129' title="bbox 1895 5608 3464 5680">
     <span class='ocr_line' id='line_1_130' title="bbox 1895 5608 3464 5680; baseline 0 -19"><span class='ocrx_word' id='word_1_1046' title='bbox 1895 5621 1953 5661; x_wconf 87' lang='lat' dir='ltr'><strong>tx</strong></span> <span class='ocrx_word' id='word_1_1047' title='bbox 1978 5609 2055 5662; x_wconf 83' lang='lat' dir='ltr'><strong>De</strong></span> <span class='ocrx_word' id='word_1_1048' title='bbox 2092 5610 2277 5663; x_wconf 87' lang='lat' dir='ltr'><strong>Trinit.</strong></span> <span class='ocrx_word' id='word_1_1049' title='bbox 2298 5649 2315 5675; x_wconf 93' lang='lat'><strong>,</strong></span> <span class='ocrx_word' id='word_1_1050' title='bbox 2345 5625 2490 5662; x_wconf 91' lang='lat' dir='ltr'><strong>num.</strong></span> <span class='ocrx_word' id='word_1_1051' title='bbox 2522 5609 2613 5680; x_wconf 79' lang='lat'><strong>29)</strong></span> <span class='ocrx_word' id='word_1_1052' title='bbox 2644 5609 2771 5663; x_wconf 91' lang='lat' dir='ltr'><strong>huic</strong></span> <span class='ocrx_word' id='word_1_1053' title='bbox 2800 5610 3051 5679; x_wconf 78' lang='lat' dir='ltr'><strong>Origenis</strong></span> <span class='ocrx_word' id='word_1_1054' title='bbox 3090 5608 3211 5663; x_wconf 89' lang='lat' dir='ltr'><strong>loco</strong></span> <span class='ocrx_word' id='word_1_1055' title='bbox 3250 5608 3464 5663; x_wconf 79' lang='lat' dir='ltr'><strong>similli-</strong></span> 
     </span>
    </p>
   </div>
   <div class='ocr_carea' id='block_1_130' title="bbox 1894 5680 3465 5750">
    <p class='ocr_par' dir='ltr' id='par_1_130' title="bbox 1894 5680 3465 5750">
     <span class='ocr_line' id='line_1_131' title="bbox 1894 5680 3465 5750; baseline 0.001 -18"><span class='ocrx_word' id='word_1_1056' title='bbox 1894 5694 2080 5733; x_wconf 91' lang='lat' dir='ltr'><strong>mum:</strong></span> <span class='ocrx_word' id='word_1_1057' title='bbox 2119 5682 2302 5733; x_wconf 61' lang='lat' dir='ltr'><strong>otium</strong></span> <span class='ocrx_word' id='word_1_1058' title='bbox 2336 5680 2558 5744; x_wconf 90' lang='lat' dir='ltr'><strong>dicunt,</strong></span> <span class='ocrx_word' id='word_1_1059' title='bbox 2591 5681 2799 5748; x_wconf 80' lang='lat' dir='ltr'><strong>inquit,</strong></span> <span class='ocrx_word' id='word_1_1060' title='bbox 2826 5697 2924 5749; x_wconf 82' lang='lat' dir='ltr'><strong>per</strong></span> <span class='ocrx_word' id='word_1_1061' title='bbox 2969 5695 3130 5750; x_wconf 88' lang='lat' dir='ltr'><strong>quem</strong></span> <span class='ocrx_word' id='word_1_1062' title='bbox 3163 5682 3268 5742; x_wconf 81' lang='lat' dir='ltr'><strong>sit,</strong></span> <span class='ocrx_word' id='word_1_1063' title='bbox 3300 5691 3354 5733; x_wconf 91' lang='lat' dir='ltr'><strong>et</strong></span> <span class='ocrx_word' id='word_1_1064' title='bbox 3393 5681 3465 5734; x_wconf 87' lang='lat' dir='ltr'><strong>ob</strong></span> 
     </span>
    </p>
   </div>
   <div class='ocr_carea' id='block_1_131' title="bbox 1894 5750 3462 5820">
    <p class='ocr_par' dir='ltr' id='par_1_131' title="bbox 1894 5750 3462 5820">
     <span class='ocr_line' id='line_1_132' title="bbox 1894 5750 3462 5820; baseline 0.001 -18"><span class='ocrx_word' id='word_1_1065' title='bbox 1894 5751 2023 5820; x_wconf 89' lang='lat' dir='ltr'><strong>quid</strong></span> <span class='ocrx_word' id='word_1_1066' title='bbox 2054 5752 2143 5816; x_wconf 87' lang='lat' dir='ltr'><strong>sit,</strong></span> <span class='ocrx_word' id='word_1_1067' title='bbox 2166 5750 2252 5804; x_wconf 86' lang='lat' dir='ltr'><strong>vel</strong></span> <span class='ocrx_word' id='word_1_1068' title='bbox 2279 5750 2455 5819; x_wconf 84' lang='lat' dir='ltr'><strong>qualis</strong></span> <span class='ocrx_word' id='word_1_1069' title='bbox 2478 5750 2550 5803; x_wconf 82' lang='lat' dir='ltr'><strong>sit</strong></span> <span class='ocrx_word' id='word_1_1070' title='bbox 2576 5767 2590 5803; x_wconf 91' lang='lat'><strong>:</strong></span> <span class='ocrx_word' id='word_1_1071' title='bbox 2619 5753 2663 5803; x_wconf 89' lang='lat' dir='ltr'><strong>si</strong></span> <span class='ocrx_word' id='word_1_1072' title='bbox 2694 5751 2975 5819; x_wconf 87' lang='lat' dir='ltr'><strong>responsio</strong></span> <span class='ocrx_word' id='word_1_1073' title='bbox 2998 5761 3183 5805; x_wconf 83' lang='lat' dir='ltr'><strong>nostra</strong></span> <span class='ocrx_word' id='word_1_1074' title='bbox 3212 5751 3462 5817; x_wconf 82' lang='lat' dir='ltr'><strong>displice-</strong></span> 
     </span>
    </p>
   </div>
   <div class='ocr_carea' id='block_1_132' title="bbox 1891 5820 3461 5889">
    <p class='ocr_par' dir='ltr' id='par_1_132' title="bbox 1891 5820 3461 5889">
     <span class='ocr_line' id='line_1_133' title="bbox 1891 5820 3461 5889; baseline -0.001 -13"><span class='ocrx_word' id='word_1_1075' title='bbox 1891 5822 1973 5876; x_wconf 88' lang='lat' dir='ltr'><strong>bit</strong></span> <span class='ocrx_word' id='word_1_1076' title='bbox 2006 5820 2300 5875; x_wconf 86' lang='lat' dir='ltr'><strong>dicentium</strong></span> <span class='ocrx_word' id='word_1_1077' title='bbox 2322 5857 2337 5881; x_wconf 94' lang='lat'><strong>,</strong></span> <span class='ocrx_word' id='word_1_1078' title='bbox 2379 5832 2472 5888; x_wconf 88' lang='lat' dir='ltr'><strong>per</strong></span> <span class='ocrx_word' id='word_1_1079' title='bbox 2510 5835 2667 5889; x_wconf 89' lang='lat' dir='ltr'><strong>quem</strong></span> <span class='ocrx_word' id='word_1_1080' title='bbox 2708 5821 2888 5875; x_wconf 88' lang='lat' dir='ltr'><strong>omnia</strong></span> <span class='ocrx_word' id='word_1_1081' title='bbox 2913 5860 2928 5886; x_wconf 91' lang='lat'><strong>,</strong></span> <span class='ocrx_word' id='word_1_1082' title='bbox 2958 5829 3116 5875; x_wconf 72' lang='lat' dir='ltr'><strong>et&#39;ex</strong></span> <span class='ocrx_word' id='word_1_1083' title='bbox 3147 5835 3256 5889; x_wconf 83' lang='lat' dir='ltr'><strong>quo</strong></span> <span class='ocrx_word' id='word_1_1084' title='bbox 3280 5822 3461 5875; x_wconf 84' lang='lat' dir='ltr'><strong>omnia</strong></span> 
     </span>
    </p>
   </div>
   <div class='ocr_carea' id='block_1_133' title="bbox 1894 5889 3460 5963">
    <p class='ocr_par' dir='ltr' id='par_1_133' title="bbox 1894 5889 3460 5963">
     <span class='ocr_line' id='line_1_134' title="bbox 1894 5889 3460 5963; baseline -0.003 -13"><span class='ocrx_word' id='word_1_1085' title='bbox 1894 5898 2114 5963; x_wconf 56' lang='lat' dir='ltr'><strong>sunt,“</strong></span> <span class='ocrx_word' id='word_1_1086' title='bbox 2128 5890 2254 5962; x_wconf 87' lang='lat' dir='ltr'><strong>quia</strong></span> <span class='ocrx_word' id='word_1_1087' title='bbox 2287 5889 2520 5960; x_wconf 78' lang='lat' dir='ltr'><strong>Spiritus</strong></span> <span class='ocrx_word' id='word_1_1088' title='bbox 2548 5899 2631 5948; x_wconf 79' lang='lat' dir='ltr'><strong>est</strong></span> <span class='ocrx_word' id='word_1_1089' title='bbox 2658 5891 2772 5961; x_wconf 85' lang='lat' dir='ltr'><strong>Del,</strong></span> <span class='ocrx_word' id='word_1_1090' title='bbox 2799 5890 3000 5950; x_wconf 85' lang='lat' dir='ltr'><strong>donum</strong></span> <span class='ocrx_word' id='word_1_1091' title='bbox 3031 5891 3266 5950; x_wconf 83' lang='lat' dir='ltr'><strong>ﬁdelium</strong></span> <span class='ocrx_word' id='word_1_1092' title='bbox 3295 5904 3310 5955; x_wconf 83' lang='lat'><strong>;</strong></span> <span class='ocrx_word' id='word_1_1093' title='bbox 3345 5890 3460 5945; x_wconf 82' lang='lat' dir='ltr'><strong>dis-</strong></span> 
     </span>
    </p>
   </div>
  </div>
