4054 6310
279 337 380 392 775

1130 312 1701 392 ORIGENIANORUM
1741 335 1875 393 LIB.
1911 336 1978 401 ιι,
2020 336 2174 393 CAP.
2213 338 2282 403 ιι,
2323 337 2600 406 obesa“.
2628 339 2695 394 ιι.

3419 345 3520 398 ΤΗ

278 455 481 524 Spiritu
562 462 752 512 sancto
807 454 1133 512 decrevisse.
1201 454 1467 511 Similiter
1516 455 1850 525 Epiphanius
1877 460 1925 517 Α
1952 455 2292 525 aggredimur
2323 455 2538 520 facere,
2587 457 2878 514 aﬁ‘eremus
2915 456 3165 530 Origenis
3210 459 3520 515 testimonia

275 551 410 604 hazr.
442 562 595 611 Lxlv,
628 564 745 616 cap.
779 548 814 603 4
840 565 855 599 :
901 548 993 601 Ἕκ
1013 546 1111 618 τῆς
1133 547 1319 610 οὐσίας
1345 546 1439 600 τοῦ
1482 548 1694 620 Πατρὸς
1720 548 1847 602 τοῦ·

274 657 365 694 τον
398 638 572 711 (Υίὸν)
614 642 933 712 εἰσηγεῖται,
967 638 1183 693 κτιστόν
1221 638 1278 692 δὲ
1318 638 1435 709 ἅμα
1457 653 1472 669 ⁸
1504 639 1751 710 βούλεται
1791 641 1849 695 δὲ

272 732 348 796 ὡς
399 732 541 787 κατά
593 732 752 802 χάριν
802 730 891 787 τὸν
935 731 1061 784 Υἰὸν
1104 730 1266 784 αὐτὸν
1318 731 1598 785 καλεῖσθαι
1646 730 1845 800 λέγειν.

278 843 298 875 «
333 825 412 879 Ex
447 824 745 879 substantia
778 823 957 878 Patris
984 839 1105 878 eum
1145 821 1384 896 (Filium)
1407 840 1528 879 esse
1557 824 1849 879 arbitratur

273 914 622 988 (Origenes),
664 915 759 969 sed
807 915 1158 969 nihilominus
1200 924 1463 969 creatum.
1496 916 1620 969 Vult
1669 926 1846 970 autem

271 1009 426 1077 quasi
476 1023 574 1078 per
622 1010 849 1079 gratiam
903 1006 1099 1062 Filium
1149 1008 1326 1077 ipsum
1389 1009 1713 1078 appellatum
1764 1009 1849 1062 di-

270 1115 401 1155 cere
442 1115 457 1166 ;
499 1118 518 1151 ι
553 1107 607 1154 et
638 1115 760 1169 cap.
795 1100 829 1153 5
871 1117 884 1154 :
920 1099 1280 1171 Φανερὼτατα
1312 1098 1402 1152 τὸν
1435 1099 1564 1153 Υίὸν
1593 1099 1684 1153 τοῦ
1714 1101 1848 1156 Θεοῦ

270 1194 482 1266 κτίσμα
507 1192 825 1264 ἐδογμάτισε
845 1233 859 1258 ,
891 1190 986 1244 καὶ
1016 1191 1125 1243 ἀπὸ
1167 1190 1265 1261 τῆς
1288 1190 1415 1262 ’περῖ¹
1449 1191 1541 1245 τοῦ
1575 1191 1705 1245 Υἱοῦ
1732 1192 1852 1245 τόλ-

277 1304 391 1357 μης
414 1284 593 1356 γνῴης
614 1286 695 1338 ὅτι
728 1284 820 1337 καὶ
851 1284 911 1337 τὸ
938 1282 1163 1352 Πνεῦμα
1186 1282 1248 1335 τὸ
1274 1282 1427 1351 ἅγιον
1476 1284 1691 1337 κτιστὸν
1737 1286 1851 1337 είσ-

270 1378 548 1450 ηγήσατο.
590 1394 609 1427 ι
649 1375 1004 1445 Apertissimc
1039 1373 1235 1427 Filium
1268 1375 1359 1429 Dei
1395 1387 1697 1430 creaturam
1733 1392 1852 1431 esse

271 1469 641 1529 asseveravit,
668 1476 721 1521 et
750 1466 817 1521 ab
857 1466 958 1520 hac
991 1465 1042 1519 in
1080 1463 1277 1519 Filium
1323 1466 1548 1520 audacia
1593 1482 1756 1521 nosce
1799 1475 1854 1522 et

265 1574 373 1629 pro
437 1572 495 1613 re
550 1567 733 1613 creata
784 1556 1044 1624 Spiritum
1104 1565 1353 1610 sanctum
1392 1556 1687 1616 habuisse;
1725 1574 1744 1607 ι
1798 1566 1854 1612 et

269 1664 395 1721 cap.
430 1649 501 1704 8:
543 1648 731 1701 Ὁπότε
768 1646 825 1700 δὲ
857 1648 914 1699 ὲν
954 1645 1167 1709 πολλοῖς
1204 1645 1391 1708 τόποις
1425 1644 1656 1716 εὕρομεν
1693 1645 1853 1701 αὑτὸν

268 1743 368 1797 τὸν
402 1741 682 1813 Μονογενῆ
715 1740 846 1794 Θεὸν
882 1738 1346 1815 ᾁπαλλοτριοῦντα
1376 1741 1475 1810 τῆς
1513 1739 1605 1792 τοῦ
1643 1740 1855 1813 Πατρὸς

268 1834 528 1904 θεότητος
563 1849 621 1885 τε
657 1831 751 1885 καὶ
786 1829 995 1894 οὐσίας,
1028 1828 1163 1901 ὁμοῦ
1203 1848 1264 1882 τε
1304 1832 1398 1884 καὶ
1436 1831 1496 1883 τὸ
1533 1830 1758 1901 Πνεῦμα
1791 1830 1851 1884 τὸ

267 1927 449 1995 ἅγιον,
489 1924 679 1977 τούτου
718 1922 876 1993 χάριν
914 1923 973 1975 τὸ
1005 1922 1231 1992 γενητὸν
1266 1922 1398 1975 Θεὸν
1436 1923 1715 1995 εἰρηκέναι
1754 1924 1852 1977 αὑ-

268 2018 390 2081 τὸν,
420 2015 590 2084 σαφές
628 2016 796 2076 ἐστιν,
835 2015 915 2067 ὅτι
952 2013 1167 2066 κτιστὺν
1216 2012 1474 2084 ὁρίζεται.
1530 2031 1549 2063 ‹
1588 2012 1853 2078 Quoniam

270 2116 458 2161 autem
492 2107 543 2159 in
583 2106 768 2160 multis
810 2104 941 2161 locis
985 2106 1294 2161 invenimus
1337 2120 1458 2159 eum
1506 2103 1851 2171 Unigenitum

271 2197 446 2251 Deum
486 2204 851 2266 segregantem
885 2211 912 2248 a
944 2194 1125 2249 Patris
1174 2197 1461 2249 divinitate
1494 2205 1549 2248 et
1593 2196 1853 2248 substan-

276 2290 355 2344 tia
383 2308 399 2355 ;
432 2288 590 2343 simul
624 2302 752 2341 vero
784 2296 837 2341 et
864 2286 1126 2355 Spiritum
1170 2297 1417 2341 sanctum
1444 2303 1460 2351 ;
1496 2286 1699 2341 idcirco
1729 2300 1853 2339 eum

272 2381 595 2449 productum
632 2379 796 2435 Deum
825 2377 1029 2433 dixisse
1060 2376 1263 2445 liquet,
1291 2377 1415 2446 quia
1458 2384 1702 2430 creatum
1730 2388 1855 2430 esse

270 2472 543 2527 decernit.
581 2491 599 2522 ι
632 2470 967 2526 Justinianus
999 2468 1051 2523 in
1098 2467 1273 2535 Epist.
1307 2469 1379 2521 ad
1411 2467 1622 2521 Menam
1654 2466 1856 2521 dixisse

268 2564 659 2619 Adamantiutn
726 2562 958 2616 asserit:
1006 2559 1128 2613 Ὀτι
1185 2562 1212 2614 ὁ
1268 2560 1434 2624 Υἱὸς,
1473 2559 1663 2613 καὶτὸ
1701 2558 1855 2627 ἅγιον

265 2655 501 2725 Πνεῦμα
532 2655 807 2725 κτίσματὰ
838 2655 975 2717 εἰσι,
1016 2653 1110 2706 καὶ
1149 2655 1285 2724 ὅπερ
1320 2653 1482 2723 ἡμεῖς
1516 2652 1682 2723 ἐσμεν
1719 2650 1856 2721 πρὸς

265 2748 367 2803 τὸν
400 2748 550 2809 Υίὸν,
584 2746 742 2800 τοῦτο
778 2748 807 2799 ὁ
844 2747 974 2810 Υἱός
1007 2748 1123 2799 ἐστι
1158 2744 1294 2817 πρὸς
1325 2743 1561 2813 Πατέρα.
1605 2759 1626 2794 ι
1660 2742 1853 2796 Filium

262 2849 331 2896 et
360 2839 621 2910 Spiritum
660 2847 913 2894 sanctum
948 2853 1035 2892 res
1061 2851 1181 2891 esse
1206 2844 1437 2897 creatas,
1473 2835 1725 2903 quodque
1758 2848 1855 2887 nos

267 2943 462 2985 sumus
491 2928 556 2981 ad
586 2927 801 2991 Filium,
823 2928 875 2981 id
906 2926 1103 2980 Filium
1141 2939 1263 2979 esse
1289 2924 1353 2978 ad
1381 2924 1619 2978 Patrem.
1656 2941 1675 2973 ι
1717 2922 1856 2976 Pho-

271 3025 387 3077 tius
422 3022 545 3075 cod.
570 3035 660 3073 vut
691 3020 882 3073 scribit
913 3016 1200 3088 Origenem
1230 3016 1482 3071 docuisse
1514 3015 1566 3068 iu
1602 3013 1696 3069 lib.
1733 3030 1748 3066 I
1784 3014 1857 3067 De

267 3114 501 3186 princip.
522 3153 538 3178 ,
563 3111 655 3165 τὸν
692 3111 790 3183 μὲν
820 3110 950 3164 Υίὸν
985 3108 1089 3162 ὑπὸ
1122 3106 1215 3161 τοῦ
1252 3106 1465 3177 Πατρὸς
1505 3105 1853 3178 πεποιῆσθαι,

268 3174 337 3259 τὸ
371 3174 705 3275 δὲ’Πνεῦμα
728 3202 833 3256 ὑπὸ
865 3201 959 3255 τοῦ
996 3199 1148 3254 Υἱοῦ.
1184 3218 1207 3251 ‹
1251 3174 1445 3253 Filium
1484 3212 1604 3254 esse
1632 3216 1661 3253 a
1692 3174 1856 3253 Patre
1882 3174 1925 3231 Ο

273 3299 501 3361 factum,
534 3296 796 3366 Spiritum
832 3301 1078 3350 sanctum
1109 3308 1140 3346 a
1184 3290 1339 3344 Filio.
1379 3309 1397 3342 ι
1430 3289 1639 3357 Quibus
1671 3304 1858 3344 assen-

275 3389 488 3442 tiuntur
512 3386 869 3456 Augustinus,
915 3383 1217 3449 Cedrenus,
1264 3381 1480 3450 Suidas,
1524 3380 1762 3435 Zonaras
1806 3389 1861 3435 et

272 3477 522 3535 Nicetas.
844 3496 847 3499 ·

350 3569 543 3626 XXIII.
595 3567 653 3623 Si
703 3583 829 3637 quae
880 3578 1060 3621 tamen
1113 3566 1327 3635 culpam
1380 3564 1518 3618 hanc
1566 3572 1861 3617 extenuare

276 3670 530 3734 possunt,
559 3661 901 3732 colligamus.
932 3660 1160 3714 Ruﬁnus
1189 3658 1262 3711 De
1285 3656 1461 3711 adutt.
1488 3655 1609 3709 libr.
1643 3654 1860 3722 Origen.

278 3759 445 3828 huius
463 3759 732 3813 haereseos
776 3757 926 3810 virus
974 3754 1127 3808 libris
1177 3751 1427 3822 Origenis
1472 3750 1647 3804 aliena
1698 3764 1860 3803 manu

280 3851 513 3907 aliusum
545 3849 894 3904 existimabat
921 3864 935 3900 :
988 3864 1009 3899 ι
1046 3844 1298 3914 Nunquid
1325 3882 1341 3907 ,
1367 3843 1563 3912 inquit,
1594 3843 1646 3895 in
1673 3842 1861 3896 eodem

280 3956 447 4017 Opere
478 3942 721 4011 ejusdem
754 3938 916 4003 libri,
955 3937 1224 3991 interdum
1247 3975 1263 4002 ,
1295 3945 1354 3988 ut
1385 3934 1645 3999 diximus,
1674 3933 1859 3987 statim

282 4037 339 4092 in
388 4031 745 4102 consequenti
787 4028 1022 4099 capitulo
1072 4027 1272 4083 oblitus
1318 4025 1400 4080 sui
1451 4039 1575 4080 esse
1637 4024 1865 4093 potuit?

222 4196 227 4199 _
282 4128 451 4185 Verbi
478 4140 662 4187 causa,
690 4133 751 4177 ut
773 4123 865 4193 qui
900 4121 1151 4192 superius
1177 4120 1391 4174 dixerat
1426 4133 1691 4186 nusquam
1722 4117 1866 4171 inve-

280 4218 389 4273 niri
422 4218 477 4271 in
505 4214 651 4271 omni
683 4213 964 4282 Scriptura
1006 4211 1096 4265 ubi
1136 4209 1374 4279 Spiritus
1408 4217 1635 4264 sanctus
1689 4209 1864 4261 factus

286 4309 371 4368 vel
391 4317 613 4365 creatus
643 4321 767 4363 esse
793 4306 1092 4367 diceretur,
1118 4304 1378 4359 continuo
1405 4298 1698 4370 subjiceret
1726 4300 1868 4354 inter

284 4412 513 4459 caeteras
538 4408 822 4456 creaturas
845 4396 1051 4452 factum
1083 4410 1204 4452 esse
1233 4395 1497 4467 Spiritum
1526 4393 1815 4450 sanctum?
1844 4412 1860 4444 ι

287 4493 498 4551 Similia
543 4492 745 4563 regerit
778 4489 1164 4545 Genebrardus
1210 4489 1262 4543 in
1314 4487 1604 4542 Collectan.
1649 4487 1712 4539 de
1748 4484 1869 4538 Vita

288 4584 534 4656 Origen.,
568 4600 687 4655 cap.
712 4587 764 4639 6.
800 4582 1061 4654 Didymus
1086 4596 1216 4636 vero
1238 4621 1254 4645 ,
1295 4596 1402 4636 non
1437 4579 1649 4634 eximite
1692 4578 1867 4633 solum

288 4677 608 4735 eruditionis
636 4678 817 4742 homo,
836 4676 930 4730 sed
963 4674 1284 4728 orthodoxae
1301 4673 1464 4727 etiam
1490 4670 1634 4738 ﬁdei,
1661 4671 1863 4740 scripta

290 4771 508 4841 quidem
532 4771 597 4823 ab
622 4767 855 4839 Origene
884 4781 992 4821 nou
1016 4774 1179 4837 negat
1210 4780 1331 4835 quae
1360 4763 1519 4833 objici
1547 4763 1745 4829 solent,
1770 4761 1862 4816 sed

292 4864 348 4920 in
384 4862 581 4918 malam
624 4871 833 4931 partem
884 4858 1029 4915 ﬂecti
1073 4859 1273 4914 asserit
1321 4872 1352 4912 a
1386 4855 1702 4920 malevolis,
1749 4868 1869 4924 quae

292 4965 441 5013 recta
460 4962 711 5025 poterant
732 4952 1183 5023 interpretatione
1209 4948 1445 5006 defendi.
1476 4946 1531 5002 1d
1552 4946 1866 5017 priusquam

364 5111 481 5185 (il)
519 5108 724 5185 Prigre,
747 5122 911 5185 _que_m
946 5100 1543 5185 adducitlustinianus,
1572 5108 1686 5185 etc.
1714 5098 1864 5185 Quod

293 5170 941 5254 supra'ait__Epiplian_ius
983 5177 1050 5228 ab
1078 5174 1308 5254 Origene
1354 5188 1458 5254 non
1499 5180 1692 5254 natura
1720 5170 1865 5254 .nsed

295 5240 471 5322 gratia
509 5240 904 5322 Filium-dici,
954 5240 1318 5322 commentum
1369 5251 1461 5322 est
1506 5240 1573 5293 ab
1616 5240 1867 5322 omnibus

294 5310 553 5393 Origenis
583 5319 861 5393 principiis
892 5314 1347 5393 remotissimﬁumz
1368 5311 1508 5365 Idem
1543 5324 1649 5393 ηομ
1695 5310 1868 5393 dicam

297 5378 364 5448 de
395 5378 861 5462 generatione-ex
902 5389 1178 5462 voluntate
1208 5382 1415 5445 Patris;
1459 5396 1580 5462 qua;
1618 5378 1867 5462 loquendi

296 5448 438 5517 ratio
485 5475 607 5516 cum
644 5458 828 5513 multis
875 5458 995 5511 aliis
1032 5454 1253 5522 probata
1284 5490 1299 5514 ,
1347 5448 1573 5506 tum—ad
1614 5448 1871 5522 Origenis

295 5532 620 5588 sententiam
640 5529 775 5582 satis
793 5521 1223 5581 accommodata.
1240 5522 1373 5575 Nam
1398 5536 1520 5574 cum
1547 5521 1878 5582 voluntatem

300 5603 481 5658 Patris
508 5602 561 5654 in
588 5599 724 5653 Filio
754 5606 1173 5667 generatatu,_ac
1205 5590 1539 5667 lo‘taanilio
1563 5588 1872 5667 communio

299 5684 477 5729 catam
509 5672 722 5732 doceat,
754 5659 825 5722 ita
862 5674 920 5719 ut
949 5664 1198 5719 identitas
1225 5662 1295 5716 sit
1319 5661 1610 5732 voluntatis
1639 5659 1694 5713 in
1725 5668 1876 5732 utro-

338 5727 417 5799 ue’
446 5759 463 5809 ;
513 5756 622 5794 non
641 5727 942 5809 ‘immerito
979 5748 1080 5789 nec
1110 5732 1454 5809 incommode
1476 5730 1679 5809 “dicere
1704 5727 1879 5809 potuit

347 5800 500 5870 ilium
536 5825 605 5867 ex
640 5806 821 5864 Patris
850 5805 1125 5863 voluntate
1164 5801 1431 5873 genitum.
1470 5800 1624 5869 Quod
1667 5807 1877 5870 spectat

1949 536 2192 615 qtizedam
2227 547 2512 601 catliolicm
2548 548 2807 603 doctrinae
2836 551 2968 604 satis
3013 561 3392 606 consentanea.
3431 551 3523 606 Fi-

1948 636 2078 691 lium
2110 637 2419 693 Creatorem
2449 641 2680 708 appellat
2718 641 2811 696 lib.
2840 655 2914 696 vn
2948 643 3004 695 in
3031 641 3200 711 Epist.
3236 648 3305 695 ad
3338 642 3522 707 Rom..

1948 742 2101 781 num.
2128 726 2182 791 9,
2214 738 2269 782 et
2294 744 2320 781 a
2351 731 2514 784 rebus
2538 732 2738 786 creatis
2763 732 2971 787 diserte
3002 733 3234 787 secernit
3264 750 3279 786 :
3323 753 3341 785 ι
3376 732 3523 788 Nihil

1949 829 2034 874 est
2067 821 2235 888 enim,
2270 822 2465 888 inquit,
2494 822 2608 877 sive
2633 823 2882 892 visibilis,
2917 825 3030 879 sive
3053 824 3340 879 invisibilis
3370 840 3525 880 crea-

1951 920 2106 977 turas,
2129 915 2275 983 quod
2308 914 2451 968 Filio
2479 915 2650 985 possit
2679 916 2953 985 adaequari
2980 934 2995 981 ;
3026 916 3171 971 nullo
3199 916 3339 971 enim
3368 924 3525 985 pacto

1950 1005 2181 1060 creatori
2216 1020 2314 1059 suo
2349 1016 2596 1060 creatura
2646 1016 2825 1077 potest
2850 1008 3115 1074 conl'erri';
3140 1018 3195 1062 et
3223 1008 3266 1062 si
3297 1007 3523 1061 Creator

1952 1096 2065 1166 ipse
2096 1096 2326 1151 donatus
2354 1104 2438 1151 est
2478 1098 2654 1162 nobis,
2690 1100 2961 1167 quomodo
2991 1114 3095 1153 non
3133 1114 3254 1154 eum
3286 1099 3402 1166 ipso
3430 1114 3529 1155 no-

1949 1187 2035 1241 bis
2071 1188 2248 1241 omnis
2289 1196 2542 1243 creatura
2584 1190 2930 1245 donabitur?
2965 1209 2983 1242 ι
3035 1201 3089 1244 et
3129 1191 3181 1244 in
3222 1192 3528 1258 Anacepha-

1952 1278 2099 1333 ιωοεὶ
2123 1280 2215 1333 lib.
2247 1296 2298 1333 tv
2325 1279 2465 1350 Περὶ
2497 1280 2718 1351 ἀρχῶν,
2751 1300 2901 1337 num.
2929 1283 2999 1337 28
3024 1302 3039 1339 :
3074 1302 3092 1334 ι
3130 1282 3247 1337 Νοη
3275 1284 3417 1338 enim
3446 1282 3529 1336 di-

1952 1372 2145 1432 cimus,
2179 1371 2319 1425 sicut
2348 1374 2584 1426 hmretici
2625 1382 2841 1443 putant,
2875 1384 3083 1443 partem
3127 1374 3361 1443 aliquam
3399 1373 3529 1429 sub-

1954 1467 2164 1517 stantiae
2208 1463 2301 1518 Dei
2343 1465 2394 1517 in
2424 1463 2616 1517 Filium
2653 1480 2867 1519 versam
2892 1506 2906 1529 ,
2938 1476 3031 1519 aut
3056 1481 3121 1521 ex
3164 1466 3323 1520 nullis
3352 1465 3531 1520 subsi-

1919 1552 1934 1570 '
1955 1554 2216 1609 stentibus
2246 1555 2440 1608 Filium
2484 1564 2822 1623 procreatum
2860 1571 2891 1609 a
2923 1556 3111 1619 Patre,
3145 1556 3195 1609 id
3228 1564 3344 1616 est,
3375 1565 3527 1608 extra

1955 1645 2308 1700 substantiam
2339 1662 2519 1709 suam,
2555 1657 2614 1699 ttt
2647 1648 2810 1701 fuerit
2852 1648 3142 1717 aliquando
3169 1649 3388 1716 quando
3420 1663 3528 1700 non

1959 1735 2142 1800 fuerit,
2171 1739 2263 1791 sed
2302 1738 2546 1793 abscisso
2578 1739 2725 1793 omni
2772 1753 2933 1792 sensu
2974 1754 3259 1809 corporeo,
3292 1754 3356 1792 ex
3394 1738 3531 1791 invi-

1956 1829 2097 1884 sibili
2130 1839 2184 1884 et
2214 1829 2535 1900 incorporeo
2561 1830 2797 1885 Verbum
2835 1842 2889 1886 et
2920 1831 3254 1902 Sapientiam
3291 1832 3529 1902 genitam

1955 1920 2186 1975 dicimus
2209 1959 2225 1984 ,
2259 1920 2464 1990 absque
2502 1921 2607 1975 ulla
2658 1924 2924 1991 corporali
2974 1924 3266 1991 passione,
3301 1926 3448 1978 velut
3484 1925 3530 1979 si

1958 2013 2201 2067 voluntas
2248 2015 2509 2083 procedat
2557 2030 2588 2069 e
2636 2024 2836 2070 mente.
2876 2034 2894 2067 ι
2932 2015 3130 2071 Locum
3174 2016 3316 2070 hunc
3353 2020 3534 2084 capite

1957 2102 2024 2157 18
2057 2105 2253 2174 repetit
2298 2115 2488 2160 auctor
2523 2106 2686 2160 libelli
2720 2106 2795 2159 De
2842 2106 3036 2160 deitate
3085 2116 3133 2161 et
3169 2108 3535 2163 incarnatione

1970 2193 2155 2259 Verbi,
2207 2200 2273 2250 ad
2324 2195 2677 2261 Januarium,
2708 2197 2796 2266 qui
2854 2197 3082 2250 habetur
3131 2197 3182 2250 in
3237 2197 3343 2251 ﬁne
3404 2197 3533 2252 tomi

1957 2288 2134 2356 quarti
2159 2287 2469 2357 Augustini.
2494 2290 2669 2358 Atque
2704 2290 2818 2343 hate
2839 2290 3002 2344 verba
3031 2303 3046 2342 :
3078 2315 3096 2341 ο
3137 2289 3241 2341 Aut
3273 2305 3338 2344 ex
3370 2289 3534 2344 nullis

1959 2379 2381 2434 subsistentibus
2416 2379 2610 2434 Filium
2643 2389 2985 2450 procreatum
3031 2398 3059 2434 a
3103 2379 3307 2447 Patre,
3356 2381 3407 2436 id
3451 2394 3535 2437 est

1957 2481 2111 2526 extra
2139 2472 2500 2526 substantiam
2529 2489 2704 2534 suam,
2733 2480 2793 2525 ut
2814 2472 2979 2526 fuerit
3000 2472 3291 2543 aliquando
3316 2474 3536 2543 quando

1958 2580 2066 2619 non
2108 2565 2312 2628 fuerit,
2354 2584 2373 2618 ι
2408 2580 2564 2619 nemo
2614 2580 2717 2618 non
2750 2564 2895 2617 videt
2934 2564 3015 2617 vel
3063 2579 3091 2617 a
3133 2562 3336 2618 Ruﬁno
3367 2563 3535 2619 luis-e

1959 2657 2399 2727 interpretationi
2434 2658 2662 2718 intexta,
2689 2656 2771 2709 vel
2792 2657 2861 2710 ab
2885 2655 3005 2709 aliis
3030 2654 3225 2709 Ruﬁno
3262 2655 3534 2724 antiquio.

1959 2751 2109 2805 ribus
2147 2750 2337 2804 Grteco
2395 2748 2500 2818 ipsi
2547 2748 2824 2804 contextui
2861 2748 3058 2802 infarta
3097 2756 3286 2801 contra
3320 2749 3532 2805 Arium.

1959 2855 2119 2910 quem
2147 2841 2479 2895 Sozomenus
2518 2840 2611 2894 lib.
2642 2857 2685 2900 I,
2714 2855 2833 2909 cap.
2871 2838 2969 2905 15,
3001 2836 3078 2890 ait
3107 2837 3371 2909 πρότερον
3405 2838 3535 2906 παρ’

1958 2932 2145 3003 ἐτέρου
2188 2932 2261 3003 μὴ
2288 2932 2573 3005 εἰρημένον
2606 2932 2871 3002 τολμῆσαι
2910 2934 2966 2983 ἐν
3002 2931 3298 3002 Ἐκκλησία
3322 2928 3536 2999 ἀποφή-

1960 3024 2172 3088 νασθαι,
2200 3024 2290 3076 τὸν
2321 3024 2447 3076 Υίὸν
2480 3021 2574 3075 τοῦ
2614 3022 2749 3075 Θεοῦ
2775 3022 2833 3089 ἐξ
2860 3022 2958 3073 οὐκ
2987 3021 3153 3074 ὄντων
3185 3016 3536 3089 γεγενῆσθαι,

1964 3117 2059 3170 καὶ
2073 3111 2211 3169 εἷναί
2242 3134 2374 3169 ποτε
2398 3117 2485 3170 ὅτε
2516 3116 2615 3169 οὐκ
2649 3112 2735 3186 ἦν.
2770 3133 2787 3165 ι
2816 3114 3051 3168 l’rimum
3085 3115 3136 3167 in
3170 3112 3406 3169 Ecclesia
3441 3127 3540 3165 au-

1957 3224 2076 3262 sum
2127 3223 2248 3263 esse
2292 3209 2506 3272 dicere,
2536 3212 2681 3277 quod
2731 3221 2889 3261 nemo
2934 3219 3065 3261 ante
3112 3206 3258 3260 illum
3303 3206 3539 3269 dixerat,

1958 3298 2152 3353 Filium
2187 3301 2396 3354 scilicet
2429 3299 2519 3353 Dei
2549 3316 2615 3353 ex
2651 3315 2753 3353 non
2785 3299 3126 3353 exstantibus
3158 3298 3454 3359 exstitisse.
3482 3305 3542 3352 et

1958 3390 2127 3446 fuisse
2166 3391 2456 3460 aliquando
2509 3406 2632 3445 cum
2689 3392 2925 3444 nondum
2982 3398 3148 3444 esset.
3210 3406 3229 3440 ι
3273 3387 3538 3444 Disertis-

1961 3483 2099 3537 sima
2127 3484 2288 3537 etiam
2318 3484 2431 3536 haec
2459 3481 2525 3535 de
2563 3492 2751 3536 saneto
2778 3482 2984 3551 Spiritu
3020 3496 3051 3535 e
3089 3481 3183 3534 lib.
3214 3496 3228 3532 ι
3261 3479 3405 3548 Περὶ
3431 3478 3536 3550 ἀρ-

1960 3574 2105 3646 χῶν,
2123 3590 2241 3643 cap.
2273 3576 2327 3637 5,
2354 3592 2500 3629 num.
2528 3574 2600 3628 5:
2637 3592 2657 3625 ‹
2690 3572 3071 3628 Verumtamen
3106 3587 3277 3642 usque
3304 3573 3371 3627 ad
3401 3589 3542 3642 pra:-

1962 3680 2086 3719 scns
2109 3664 2315 3718 nttllum
2345 3678 2650 3719 sermonem
2679 3664 2732 3717 in
2759 3663 3059 3732 Scripturis
3080 3664 3283 3718 sanctis
3300 3663 3543 3718 invenire

1963 3758 2238 3825 potuimus
2284 3771 2381 3826 per
2424 3772 2584 3825 quem
2634 3754 2873 3825 Spiritus
2901 3770 3125 3810 sanetus
3159 3754 3366 3809 factura
3399 3769 3544 3817 esse,

1962 3848 2045 3900 vel
2071 3856 2318 3901 creatura
2346 3848 2658 3913 diceretur;
2692 3862 2761 3901 ne
2792 3861 2858 3900 eo
2891 3846 3107 3915 quidem
3141 3846 3305 3900 modo
3334 3860 3445 3914 quo
3475 3844 3544 3897 de

1969 3937 2248 4007 Sapientia
2283 3937 2488 3992 referre
2513 3937 3065 4005 Salomonem-supra
3095 3936 3430 3999 edocuimus,
3459 3934 3545 3987 vel

1980 4044 2101 4095 quae
2157 4029 2222 4082 de
2255 4029 2399 4093 vita,
2430 4028 2514 4082 vel
2560 4027 2731 4081 Verbo
2758 4066 2774 4091 ,
2823 4027 3052 4095 aliisque
3102 4024 3548 4096 appellationibus

1977 4121 2101 4175 Filii
2129 4121 2222 4176 Dei
2260 4122 2602 4192 intelligenda
2630 4134 2749 4174 esse
2773 4119 3144 4173 tractavimus.
3180 4135 3199 4169 ι
3225 4119 3403 4187 Atque
3435 4118 3549 4172 bac

1972 4213 2193 4282 quidem
2242 4226 2273 4265 e
2304 4210 2608 4264 Ruﬁnianis
2646 4209 3191 4277 interpretationibus
3231 4209 3547 4285 deprompta

1971 4305 2367 4366 testimonia,ut
2391 4306 2567 4358 minus
2595 4302 2769 4357 valida
2801 4301 3178 4372 praemisimus,
3202 4299 3347 4354 velut
3377 4298 3548 4354 levio-

1974 4404 2087 4452 rem
2126 4399 2415 4466 quamdam
2447 4403 2801 4449 armaturam.
2834 4394 2941 4448 Sed
2962 4392 3074 4462 jam
3105 4394 3357 4448 cominus
3385 4392 3539 4462 signa

1970 4503 2342 4544 conseramus.

2053 4581 2271 4650 Aliquot
2308 4578 2589 4633 attulimus
2626 4577 2797 4639 locos,
2822 4576 3094 4646 quibusin
3122 4583 3427 4631 creatarum
3465 4588 3551 4628 re-

1976 4690 2092 4729 rum
2122 4672 2342 4727 censum
2378 4672 2582 4726 detrusi
2612 4671 2865 4733 videntur
2898 4669 2966 4723 ab
2997 4668 3233 4737 Origene
3284 4667 3454 4721 Filius
3495 4676 3552 4720 et

1975 4765 2207 4835 Spiritus
2233 4775 2471 4818 sanctus.
2498 4762 2608 4832 (ll)
2628 4762 2834 4825 Priore,
2867 4774 3025 4828 quem
3052 4760 3266 4814 adducit
3292 4756 3552 4811 Iustinia-

1966 4869 2111 4916 nus,
2180 4852 2347 4908 Filius
2411 4852 2607 4907 dicitur
2676 4850 2743 4902 ὲκ
2817 4848 3118 4921 θελήματος
3178 4847 3274 4901 τοῦ
3341 4846 3551 4917 Πατρὸς

1966 4943 2271 5015 γεννηθεὶς,
2311 4943 2657 5017 πρωτότοκος
2691 4939 2870 5011 πάσης
2905 4938 3154 5004 κτίσεως,
3194 4937 3417 5007 κτίσμα.
3448 4936 3554 4991 Be-

1976 5099 2040 5151 ad
2094 5097 2516 5151 Proverbiorum
2559 5094 2775 5160 locum,
2827 5112 2847 5145 ‹
2884 5092 3140 5148 Dominus
3181 5090 3419 5160 condidit
3464 5103 3553 5145 me

1974 5167 2162 5229 (Prov.
2195 5183 2305 5230 vm,
2336 5168 2451 5237 22).
2491 5183 2512 5217 ι
2544 5175 2650 5223 etc.
2671 5205 2688 5231 ,
2716 5159 2823 5234 quo
2869 5163 3044 5237 fretus
3071 5161 3329 5237 Origenes
3358 5159 3551 5237 Filium

1978 5239 2255 5293 conditum
2282 5248 2336 5291 et
2368 5231 2479 5291 rem
2524 5231 2803 5290 conditam
2848 5233 3154 5304 appellasse
3186 5231 3381 5304 dicitur
3416 5232 3549 5304 ;_v_i-

1975 5309 2210 5364 deudum
2256 5322 2492 5378 quonam
2550 5307 2604 5361 id
2654 5320 2817 5378 sensu
2863 5300 3375 5378 praestiteritlnam
3421 5301 3553 5378 vitio

1976 5378 2115 5432 verti
2164 5369 2289 5431 non'
2307 5387 2517 5451 potest,
2566 5374 2710 5451 quod
2758 5369 3056 5451 Scriptura;
3108 5369 3550 5451 ver‘bisnutatur),

1977 5458 2158 5502 utrum
2189 5451 2289 5501 hoc
2307 5440 2675 5502 testimonium
2703 5447 2772 5499 ad
2801 5440 3147 5498 evertendam
3174 5440 3297 5495 Filii
3333 5440 3550 5493 aeterni-

1988 5527 2177 5584 tatem,
2212 5528 2271 5570 ut
2305 5518 2510 5572 clarqu
2554 5526 2609 5571 et
2648 5524 2894 5585 apertum
2926 5512 3221 5585 adhibeat;
3258 5525 3323 5585 an
3353 5510 3551 5579 potius.

1984 5598 2044 5642 ut
2077 5588 2129 5642 in
2144 5580 2387 5658 ,obscuro
2416 5580 2706 5658 etidil'ﬁcil'i
2740 5584 2893 5658 loco,
2917 5584 2995 5658 ad
3026 5580 3251 5636 subtiles
3281 5584 3555 5658 interpre-

1987 5650 2219 5714 tationes
2271 5657 2569 5724 confugiat.
2606 5654 2781 5709 Litcm
2827 5653 3089 5724 dirimunt
3136 5667 3253 5724 qua:
3305 5650 3554 5724 leguntur

1982 5727 2077 5783 lib.
2124 5743 2137 5782 I
2166 5727 2240 5781 De
2280 5720 2506 5797 princip.
2531 5765 2547 5789 ,
2574 5740 2695 5794 cap.
2724 5724 2760 5777 2
2786 5763 2802 5788 ,
2833 5722 3049 5797 num._2
3080 5721 3194 5797 et__5
3217 5761 3232 5785 ,
3252 5721 3376 5797 _ubi_
3397 5720 3551 5797 illud,

1989 5816 2009 5877 ς
2042 5787 2300 5856 Dominus
2326 5787 2698 5875 condiditme,
2728 5813 2747 5849 ι
2777 5787 2883 5877 non
2910 5794 2977 5851 de
2999 5794 3113 5865 ipsa
3138 5791 3437 5877 Sapientia,
3460 5787 3555 5844 sed
