4054 6310
583 372 689 428 775

1915 387 1974 442 Ρ.
2017 388 2330 445 DANIELIS
2367 389 2601 446 HUETll

3727 397 3827 452 776

581 495 845 564 spiciebat
873 508 1062 562 nempe
1090 493 1153 545 ad
1196 493 1322 547 illud
1353 495 1609 552 Proverb.
1642 513 1771 566 v111,
1798 499 1889 563 22,
1934 503 1992 555 Ὀ
2018 502 2126 556 est.

2249 511 2367 561 mm
2393 514 2475 562 nx
2489 512 2606 562 ωνκ
2636 512 2766 578 περ
2788 501 2929 556 LXX
2954 502 3288 577 ,ἐκτησάμην
3315 506 3601 579 ἄνθρωπον
3632 508 3716 564 διὰ
3737 511 3823 564 τοῦ

580 585 765 641 ἐκτισέ
799 603 864 656 με
888 585 1063 657 ἀρχὴν
1095 584 1228 638 ὁδῶν
1256 586 1419 640 αὑτοῦ
1447 604 1460 616 ·
1495 607 1512 639 ι
1554 590 1690 643 Deus
1721 594 1926 646 creavit
1952 608 2036 647 me
2063 595 2159 647 ini-

581 678 714 731 tium
753 678 962 730 viarum
1013 692 1259 730 suarum.
1299 697 1316 727 ι
1373 678 1445 731 Ita
1499 679 1753 734 nimirum
1806 683 2157 738 reddiderunt

581 770 726 822 hunc
758 784 970 820 versum
1022 766 1348 836 lnterpretes
1401 769 1540 823 LXX
1567 811 1580 832 ,
1619 773 1710 840 qui
1761 772 2025 828 llebraiee
2063 777 2158 829 ha-

580 859 668 912 bet
710 866 823 944 ’,πρ
856 858 1082 925 possedit
1122 875 1222 914 me.
1272 857 1441 915 Vertit
1489 863 1718 930 Aquila,
1755 866 2022 938 ἐκτήσατὸ
2064 885 2152 939 με,

577 962 632 1006 ct
665 953 742 1006 sic
769 953 1000 1006 fortasse
1029 952 1310 1022 legendum
1341 971 1559 1025 quoque
1589 961 1726 1027 apud
1746 960 1870 1025 τοὺς
1897 962 1986 1026 0';
2015 964 2155 1017 hanc

582 1048 724 1100 enim
779 1047 1064 1100 lectionem
1101 1057 1320 1101 tuentur
1345 1048 1580 1105 Basilius
1608 1051 1698 1104 lib.
1741 1068 1779 1105 ιι
1811 1050 2011 1105 Contra
2043 1053 2153 1106 Eu-

577 1140 831 1200 nomium,
857 1136 1156 1208 Gregorius
1180 1138 1455 1206 Nyssrnus
1479 1140 1572 1193 lib.
1605 1156 1622 1194 ι
1672 1153 1856 1195 contra
1882 1143 2148 1206 eumdem,

577 1239 634 1283 et
684 1229 1044 1299 Hieronymus
1089 1230 1144 1282 in
1187 1229 1348 1283 Isaia:
1399 1247 1560 1296 xxvt,
1599 1232 1682 1285 1³5.
1729 1232 2048 1303 Quanquam
2097 1245 2152 1289 et

573 1317 882 1382 Cbaldmus,
911 1329 966 1373 et
998 1320 1188 1389 Syrus,
1226 1330 1280 1373 et
1311 1322 1520 1386 Arabs,
1555 1334 1608 1376 et
1647 1325 1883 1377 maxima
1931 1324 2148 1378 Patrum

572 1410 738 1463 etiam
774 1410 1127 1464 vetustiorum
1183 1423 1306 1476 pars
1338 1411 1610 1465 hodierna:
1642 1412 1861 1484 lectioni
1909 1429 2148 1468 consen-

573 1502 734 1555 tiunt.
770 1500 913 1554 Sane
949 1503 1016 1556 ad
1051 1503 1452 1573 generationem
1486 1502 1604 1557 Filii
1646 1516 1827 1572 potest
1857 1515 2148 1574 utrumque

571 1593 845 1662 pertinere
874 1592 1075 1659 ἔκτισε,
1101 1597 1314 1658 creavit,
1341 1596 1391 1648 id
1421 1606 1504 1648 est
1531 1597 1735 1662 genuit.
1770 1595 1964 1651 Cicero
2005 1597 2098 1650 lib.
2129 1613 2145 1650 1

573 1685 650 1738 De
683 1685 925 1752 republ.:
962 1704 980 1736 ι
1020 1686 1286 1752 Quoniam
1323 1688 1549 1756 plurima
1595 1686 1854 1740 beneficia
1906 1689 2147 1742 continet

573 1780 786 1848 patria,
832 1789 885 1833 et
951 1789 1029 1832 est
1095 1781 1366 1846 antiquior
1436 1795 1668 1846 parens.
1705 1795 1866 1847 quam
1923 1780 1968 1834 is
2025 1779 2140 1849 qui,

2263 593 2420 646 Θεοῦ.
2480 594 2724 663 Vulgata,
2761 594 2983 648 Possedi
3010 597 3268 651 hominem
3306 616 3396 665 per
3418 599 3608 654 Deum.
3642 601 3826 656 Filium

2278 685 2442 754 igitur
2471 685 2677 754 κτίσμα
2710 685 2777 737 ab
2809 684 3042 757 Origene
3072 687 3273 743 dietum
3305 690 3526 745 credere
3554 707 3828 760 possmnus

2270 777 2372 830 hoc
2406 792 2593 841 sensu,
2624 793 2730 846 quo
2754 777 2874 831 Filii
2903 794 2931 832 a
2979 777 3296 849 parentihits
3340 783 3514 834 creari
3558 784 3826 840 dicuntur.

2257 867 2595 937 Quapropter
2625 884 2749 923 cum
2777 879 2908 925 tom.
2952 887 2967 924 1
3002 871 3059 924 in
3096 870 3280 934 Joan.,
3315 888 3466 926 nmn.
3491 873 3585 939 2'2,
3619 873 3830 944 Sapien-

2259 960 2385 1012 tiam
2419 960 2734 1025 animatam,
2779 961 2831 1014 id
2862 971 2946 1016 est
2979 961 3172 1016 Filium
3195 1003 3209 1026 ,
3247 964 3448 1018 diceret
3484 979 3514 1017 a
3548 965 3660 1019 Deo
3715 980 3828 1021 esse

2254 1060 2529 1112 creatam,
2561 1052 2885 1108 locutionem
2927 1053 3073 1108 illam
3119 1055 3348 1109 mollivit
3409 1055 3512 1111 hoc
3561 1065 3827 1127 tempera-

2257 1154 2457 1208 mento,
2497 1144 2563 1197 ἵν’
2593 1143 2766 1208 οὕτως
2798 1146 2957 1199 εἴπω.
2990 1146 3064 1200 En
3100 1146 3193 1201 tibi
3229 1148 3389 1200 verba
3429 1166 3441 1200 :
3474 1147 3585 1200 Καὶ
3614 1145 3825 1202 λεκτέον

2252 1236 2333 1289 ὅτι
2373 1236 2596 1301 κτίσας,
2647 1237 2711 1290 ἵν’
2760 1236 2932 1302 οὕτως
2970 1239 3106 1292 εῐπω
3131 1280 3145 1303 ,
3169 1232 3269 1311 τὴν
3297 1239 3533 1311 ἔμψυχον
3578 1240 3825 1309 Σοφίανό
3893 1244 3898 1246 ἡ

2251 1328 2404 1394 Θεὸς,
2441 1330 2577 1401 αὐτῇ
2614 1329 2934 1403 ἐπέτρεψεν,
2970 1340 3074 1384 etc.
3108 1330 3216 1384 Nec
3245 1331 3325 1386 sic
3356 1341 3532 1386 tamen
3564 1333 3711 1387 docti
3736 1350 3822 1388 cu-

2245 1421 2462 1490 jusdam
2495 1423 2592 1475 viri
2627 1422 3080 1490 reprehensiones
3113 1422 3261 1478 locus
3305 1423 3405 1477 iste
3437 1423 3648 1494 effugit.

2322 1517 2673 1586 Sequentium
2713 1520 2952 1572 locorum
2987 1521 3189 1574 crimen
3226 1521 3326 1576 hoc
3356 1533 3475 1586 est,
3513 1524 3656 1590 quod
3702 1521 3823 1578 Ser-

2251 1620 2404 1664 vator
2437 1621 2619 1666 noster
2643 1612 2940 1682 appelletur
2971 1612 3100 1676 Θεὸς
3134 1615 3359 1686 γενητὸς
3385 1632 3398 1644 ο
3435 1617 3588 1681 cujus
3612 1624 3818 1685 postre-

2248 1717 2348 1756 mte
2382 1703 2528 1758 vocis
2554 1717 2616 1757 ea
2649 1713 2735 1757 est
2763 1703 3116 1773 ambiguitas,
3157 1715 3212 1759 et
3261 1717 3367 1759 tam
3402 1707 3612 1760 crebris
3642 1709 3822 1776 dispu-

2250 1795 2542 1850 tationibus
2598 1795 2887 1851 ventilatus
2946 1797 3284 1860 intellectus,
3345 1807 3399 1850 ut
3459 1800 3638 1853 omnis
3703 1799 3821 1853 inde

572 1882 630 1925 ut
682 1871 872 1938 aiunt,
915 1873 1236 1930 creaverit.»
1287 1872 1539 1942 Virgilius
1589 1870 1810 1925 Αῖηεὶιι.
1866 1889 1938 1936 x,
1999 1888 2126 1926 vers.

2245 1887 2562 1956 quaestionis
2599 1888 2758 1958 hujus
2788 1889 3017 1958 pendeat
3052 1888 3384 1956 dijudicatio.
3421 1889 3817 1945 Perscrutanda

570 1962 698 2025 551,

642 2073 918 2144 Sylvicola:
952 2074 1137 2128 Fauno
1161 2075 1362 2146 Dryope
1398 2092 1548 2145 quem
1577 2083 1803 2144 nympha
1836 2082 2062 2129 crearat.

565 2163 892 2220 Claudianus
924 2184 939 2220 1
981 2166 1052 2220 De
1080 2175 1260 2234 raptu,
1296 2181 1437 2220 vers.
1469 2166 1558 2234 59,
1589 2166 1679 2220 60.

852 2258 997 2313 Nam
1017 2260 1274 2330 quidquid
1311 2259 1496 2328 ubique

638 2344 814 2419 Gignit
848 2350 1228 2413 materiestc
1253 2360 1302 2402 te
1332 2350 1562 2403 donante
1590 2362 1824 2404 creatur.

563 2438 672 2496 Sed
732 2451 787 2496 et
843 2441 1148 2510 ἐκτήσατο,
1217 2444 1484 2508 possedit,
1545 2443 1612 2496 de
1671 2442 1985 2512 parentibus
2023 2441 2154 2496 dici-

561 2541 682 2596 tur;
724 2531 952 2602 quorum
985 2533 1118 2586 nihil
1161 2542 1268 2586 tam
1302 2535 1578 2600 proprium
1610 2544 1694 2585 est
1738 2547 1901 2602 quam
1953 2531 2144 2598 liberi,

559 2636 700 2694 quos
729 2630 1044 2690 genuerunt.
1083 2621 1439 2688 Quamobrem
1478 2623 1586 2676 Eva
1615 2623 1750 2678 dixit
1809 2623 1878 2677 de
1915 2621 2084 2678 Caino
2121 2641 2134 2676 :

562 2784 631 2837 de
664 2783 752 2838 his
780 2799 899 2853 qua:
929 2785 981 2839 in
1014 2785 1102 2838 illa
1127 2795 1182 2839 et
1207 2799 1304 2855 per
1329 2784 1474 2838 illam
1499 2783 1720 2855 condita
1751 2780 2127 2855 sunt,_intelli-

559 2855 794 2924 gendum
832 2863 1052 2910 monet:
1093 2874 1111 2906 ‹
1148 2853 1332 2914 Ιιηηιο
1363 2856 1474 2922 ipsa
1499 2869 1650 2924 ergo,
1682 2853 2131 2924 inquit,Sapien-

563 2921 652 2996 tia:
680 2925 1026 2979 subsistentia
1055 2966 1070 2990 ,
1123 2928 1248 2996 quia
1281 2921 1458 2978 omnis
1490 2921 1664 2979 virtus
1701 2921 1767 2978 ac
1807 2921 2133 2996 deformatio

561 2991 756 3064 futurae
781 2991 1261 3063 ineratcreaturte,
1280 2996 1366 3049 vel
1393 3009 1578 3048 eorum
1612 3009 1731 3063 quae
1763 2993 2135 3064 principaliter

562 3063 871 3131 exsistunt,
909 3066 990 3119 vel
1044 3081 1231 3120 eorum
1275 3081 1397 3133 quae
1439 3065 1694 3119 accidunt
1739 3063 2136 3133 consequenter

559 3133 762 3204 virtute
787 3135 1140 3202 praescientiae
1161 3136 1501 3200 praeformata
1530 3145 1689 3202 atque
1711 3135 2005 3204 disposita;
2039 3147 2135 3202 pro

2250 1983 2428 2054 itaque
2451 1982 2537 2035 illa
2554 1993 2634 2036 est
2664 1993 2934 2047 accurate,
2966 1983 3058 2038 sed
3081 1984 3286 2052 paucis.
3314 1985 3350 2037 A
3378 1984 3612 2052 γεννάω,
3641 1986 3816 2054 gigno,

2250 2071 2309 2126 fit
2340 2073 2618 2144 γεννητὸς,
2652 2075 2892 2139 genitus;
2938 2087 2968 2126 a
3001 2071 3248 2142 γίνομαι,
3283 2089 3398 2124 sum
3424 2111 3438 2135 ,
3477 2073 3711 2135 exsisto,
3767 2072 3821 2126 fit

2247 2164 2492 2235 γενητός,
2531 2167 2629 2218 hoc
2658 2173 2760 2228 est,
2797 2163 2994 2218 habent
3028 2164 3091 2216 ab
3123 2164 3302 2234 aliqua
3347 2175 3402 2217 ut
3429 2165 3514 2217 sit.
3561 2164 3748 2231 itaque
3776 2164 3815 2218 si

2249 2256 2462 2324 proprie
2498 2255 2639 2324 loqui
2668 2255 2914 2318 velimus,
2947 2256 3086 2310 Deus
3116 2253 3277 2308 Pater
3303 2263 3385 2309 est
3418 2253 3739 2326 ἀγέννητος,
3769 2264 3819 2307 et

2248 2344 2532 2414 ἀγένητος,
2567 2345 2690 2414 quia
2717 2360 2891 2414 neque
2923 2346 2990 2399 ab
3021 2346 3127 2398 ullo
3150 2347 3366 2415 genitus
3389 2356 3507 2409 est,
3548 2360 3729 2415 neque
3756 2345 3817 2400 ab

2247 2434 2356 2488 ullo
2383 2434 2545 2488 habet
2576 2445 2630 2487 ut
2655 2435 2899 2489 exsistat.
2936 2435 3062 2489 Item
3092 2434 3258 2489 Filius
3294 2443 3376 2490 est
3410 2436 3707 2508 γεννητός,
3737 2451 3817 2506 ge-

2245 2526 2409 2589 nitus,
2455 2540 2577 2579 nam
2607 2527 2845 2594 gignitur
2891 2541 2921 2579 a
2954 2525 3116 2580 Patre
3154 2545 3168 2581 :
3213 2537 3296 2581 cst
3337 2529 3597 2598 γενητὸς,
3635 2544 3762 2582 nam
3787 2545 3816 2582 ει

2243 2617 2406 2672 Patre
2431 2617 2512 2672 sic
2536 2627 2795 2688 tanquam
2826 2633 2857 2672 a
2884 2618 3148 2688 principio
3176 2618 3340 2673 habet
3369 2629 3426 2673 ut
3457 2620 3548 2677 sit.
3584 2609 3818 2689 Spiritus

2239 2779 2362 2834 dum
2393 2780 2631 2833 rationes
2677 2776 2983 2848 futurarum
3008 2792 3188 2832 rerum
3221 2779 3371 2848 prius
3413 2795 3441 2834 a
3465 2781 3578 2835 Deo
3621 2781 3673 2834 in
3713 2779 3816 2835 Sa-

2239 2851 2441 2920 pientia
2487 2847 3067 2920 descriptaszionmia
3103 2847 3242 2902 enim
3283 2851 3337 2904 in
3379 2849 3654 2920 Sapientia
3695 2851 3817 2919 fecit

2237 2918 2412 2990 (Psat.
2445 2918 2687 2990 011,24).
2724 2922 2801 2973 Ac
2834 2919 3120 2973 dicendum
3153 2930 3238 2974 est
3267 2918 3605 2983 Deutu,‘cu1n
3629 2918 3818 2975 viven-

2241 2989 2348 3043 tem
2381 2989 2740 3061 Sapientiam,
2782 2999 2840 3041 nt
2868 2992 2952 3061 ita
2980 2990 3179 3061 dicam,
3201 2991 3568 3054 condidisset,
3607 2992 3655 3044 ei
3695 3007 3816 3061 per-

2242 3061 2454 3131 misisse
2480 3070 2535 3112 ut
2567 3060 2634 3114 ab
2661 3059 2765 3123 his,
2791 3074 2912 3128 quae
2943 3059 2994 3113 in
3024 3060 3136 3128 ipsa
3162 3073 3342 3124 erant,
3383 3062 3574 3131 figuris
3605 3071 3661 3114 et
3697 3059 3817 3129 spe-

2241 3130 2445 3192 ciebus,
2470 3131 2685 3197 opinor,
2713 3131 3118 3184 subsistentiam
3139 3170 3153 3191 ,
3177 3130 3681 3199 et‘p‘lasmationem
3706 3172 3722 3197 ,
3760 3141 3816 3186 et

560 3201 648 3255 his
675 3200 827 3286 ipsis,
856 3221 976 3286 qua:
1021 3207 1072 3260 in
1107 3209 1222 3276 ipsa
1251 3207 1524 3286 Sapientia
1562 3200 1706 3286 velut
1747 3200 2130 3286 descriptaa‘ac
2159 3203 2201 3260 C
2237 3200 2730 3286 formas'prmberet
2760 3200 3000 3286 cutibus“
3017 3210 3070 3281 et
3097 3203 3374 3283 πηκτίδι..
3395 3221 3424 3284 ι.
3451 3201 3650 3286 lt‘iquet
3680 3217 3812 3286 ergo

560 3275 919 3342 praefigurata:
943 3275 1162 3332 fuerant
1183 3276 1468 3339 creaturis,
1500 3276 1732 3344 seipsam
1763 3290 1857 3342 per
1882 3275 2132 3329 Salomo-

558 3357 684 3414 1_Iem
733 3346 864 3401 dicit
911 3358 1150 3401 creatam
1190 3363 1313 3402 esse
1358 3345 1636 3414 Sapientia
1673 3346 1881 3399 initium
1922 3345 2129 3398 viarum

559 3411 679 3480 Dei,
711 3417 997 3470 continens
1031 3420 1240 3473 scilicet
1268 3419 1322 3472 in
1362 3411 1649 3483 semetipsa
1681 3418 1950 3469 universae
1979 3428 2132 3468 crea-

559 3491 692 3554 turae
716 3487 798 3540 vel
834 3486 1017 3554 initia,
1044 3489 1126 3544 vel
1173 3490 1396 3554 formas,
1432 3487 1513 3541 vel
1551 3489 1780 3554 species.
1819 3504 1837 3537 ι
1871 3483 2012 3538 Nihil
2041 3483 2128 3539 hic

553 3551 627 3607 ab
657 3556 872 3611 Arianis
908 3551 1016 3612 non
1046 3560 1306 3613 latissime
1347 3551 1682 3625 discrepans.
1718 3556 1874 3622 Quod
1901 3556 1988 3610 isti
2017 3555 2129 3608 cla-

553 3637 676 3678 rum
711 3635 765 3678 et
791 3629 1136 3696 perspicuum
1168 3629 1475 3692 ducebant,
1515 3629 1567 3681 id
1615 3626 1906 3697 Origenes,
1939 3635 1998 3679 ut
2026 3625 2126 3697 oh-

554 3709 772 3766 scurum
805 3709 858 3750 et
886 3695 1120 3765 difiieile,
1152 3700 1425 3753 subtiliter
1455 3695 1873 3766 interpretatur:
1897 3697 2040 3764 quod
2061 3695 2126 3748 de

553 3761 832 3838 Sapientia
864 3770 977 3834 ipsa
1005 3761 1172 3838 accipi
1195 3770 1468 3831 volebant,
1503 3769 1554 3821 id
1580 3761 1648 3820 ab
1674 3783 1735 3820 ea
1767 3761 1980 3838 summo
2009 3775 2125 3818 stu-

553 3834 644 3886 dio
688 3850 949 3890 removet.
986 3834 1258 3908 Suspicari
1291 3841 1413 3909 quis
1445 3849 1628 3909 posset
1672 3838 1921 3891 Rufinum
1954 3836 2125 3889 inter-

449 3966 455 3971 _
550 3915 760 3978 pretem
799 3909 900 3978 hoc
929 3908 1320 3973 testimonium,
1354 3913 1497 3978 quod
1543 3908 1730 3963 Grasce
1770 3923 1875 3962 non
1921 3913 2120 3969 exstat,

551 3971 619 4054 de
647 3989 755 4054 suo
801 3971 1527 4054 licenter_inseruisSe;__aut
1576 3980 1766 4054 saltem
1811 3978 2119 4054 ampliasse.

553 4039 660 4119 Sed
692 4045 831 4119 hanc
857 4049 1217 4119 suSpicionem
1254 4039 1465 4118 repellit
1491 4050 1601 4119 ipse
1629 4039 1916 4116 Origenes,
1947 4044 2121 4119 qui

551 4113 674 4186 aliis
702 4113 836 4170 lucis
859 4113 1188 4185 Sapientiam
1219 4113 1489 4174 con—ditant
1510 4113 1749 4181 'l'atctur,
1768 4113 2043 4186 quatenus,
2064 4115 2118 4167 in

548 4184 789 4258 ea_Deus
836 4184 1077 4241 omnium
1111 4206 1286 4244 rerum
1329 4191 1657 4258 exemplaria
1692 4184 1997 4257 descripsit.
2030 4185 2121 4258 Sic

544 4255 693 4307 enim
737 4256 1142 4324 loquiturtom.
1191 4277 1203 4314 ι
1249 4263 1304 4314 in
1357 4255 1557 4321 10am,
1601 4264 1750 4312 nu'm.
1794 4255 1924 4312 22—:
1966 4256 2117 4310 Ἐπί-

547 4339 745 4400 στῃσον
874 4330 922 4380 εἰ
954 4323 1066 4400 οἷόν
1086 4331 1143 4383 τέ
1197 4334 1315 4384 ἐστι
1343 4331 1438 4383 καὶ
1463 4330 1602 4400 κατὰ
1632 4329 1690 4400 τὸ
1724 4329 2118 4400 σημαινόμενον

541 4395 704 4472 τοῦτο
723 4397 1036 4472 ἐκδέχεσθαι
1061 4403 1208 4472 ἡμᾶς
1222 4402 1301 4460 τὸ.
1335 4403 1436 4454 Ἔν
1455 4399 1610 4469 ἀρχῇ
1622 4399 1722 4472 frit”
1751 4395 2005 4468 ὀᾌόγοξ,
2031 4399 2115 4450 ἵνα

544 4467 686 4541 κατα
713 4467 810 4538 τὴν
837 4467 1036 4541 Σοφίαν
1062 4467 1155 4525 καὶ
1181 4474 1307 4536 τοὺς
1323 4467 1645 4535 τύπουςτοῦ
1674 4467 2015 4541 συστήματος
2028 4487 2118 4538 γε-

2233 3270 2371 3323 nihil
2410 3271 2555 3324 aliud
2605 3269 2905 3341 sibigvelle
2957 3267 3287 3340 Origenem,
3322 3273 3424 3327 nisi
3472 3267 3812 3341 Sapientian

2232 3341 2692 3411 quodammodoa
2727 3339 2838 3411 Deo
2870 3339 3168 3411 conditam,
3191 3351 3245 3395 et
3273 3339 3646 3411 permittente,
3672 3347 3814 3406 sive,

2234 3421 2294 3464 ut
2324 3411 2452 3464 alibi
2506 3410 2749 3479 loquitur
2774 3451 2789 3476 ,
2823 3410 3051 3476 jubente
3093 3410 3232 3472 Deo,
3271 3410 3451 3466 Omnia
3497 3413 3813 3466 condidisse

2232 3483 2298 3534 ad
2333 3480 2664 3549 exemplaria
2699 3491 2754 3534 et
2786 3482 2971 3545 ideas,
3013 3496 3149 3551 quas
3189 3479 3330 3536 Deus
3368 3484 3419 3536 in
3461 3483 3578 3550 ipsa
3623 3483 3812 3547 dispo-

2230 3561 2422 3605 suerat
2455 3561 2509 3604 et
2541 3552 2928 3616 descripserat.
2973 3551 3038 3604 Et
3079 3563 3225 3605 torno
3248 3554 3459 3614 eodem,
3491 3569 3642 3606 num.
3691 3551 3762 3606 59
3793 3569 3808 3606 :

2227 3621 2320 3692 Μὴ
2352 3621 2846 3692 napactwn’qeﬁrm
2865 3621 2920 3673 δὲ
2948 3624 3102 3692 ἡμῖν,
3133 3621 3266 3691 μηδὲ
3288 3621 3422 3692 Θεοῦ
3457 3623 3626 3692 Σοφία
3662 3623 3813 3676 εὐλό-

2227 3689 2340 3763 γως
2372 3689 2683 3763 τυγχάνων,
2708 3689 2800 3743 καὶ
2831 3691 2918 3744 διὰ
2947 3689 3106 3744 τοῦτο
3133 3689 3277 3745 τοῦτ’
3309 3689 3448 3763 εἶναι
3477 3689 3807 3763 λεγόμενος·

2226 3762 2293 3836 of:
2321 3761 2430 3836 γᾴρ
2474 3765 2532 3814 ἐν
2559 3762 2754 3836 -ψιλαίς
2801 3763 3124 3836 φαντασίαις
3165 3763 3258 3816 τοῦ
3292 3762 3426 3836 Θεοῦ
3465 3766 3575 3836 καὶ-
3593 3761 3811 3836 Harpe;

2225 3832 2333 3885 τῶν
2355 3832 2489 3904 ὅλων
2518 3833 2616 3903 τὴν
2645 3834 2938 3885 ὑπόστασιν
2982 3833 3094 3902 ἔχει
3131 3836 3164 3904 ὴ
3197 3835 3364 3903 Σοφία
3413 3834 3578 3888 αὐτοῦ
3605 3875 3620 3899 ,
3665 3832 3811 3889 κατὰ

2225 3903 2292 3976 τὰ
2319 3903 2575 3976 ᾀνάλογον
2597 3906 2707 3976 τοῖς
2731 3903 3088 3976 ἀνθρωπίνοις
3107 3903 3398 3976 ἐννοήμασι
3420 3907 3808 3974 φαντάσματα.

2225 3974 2288 4044 Εἰ
2315 3974 2369 4026 δέ
2400 3969 2625 4037 τιςόἷὸς
2647 3974 2705 4026 τέ
2727 3969 2871 4026 ἐστιν
2897 3974 3184 4044 ἀσώματον
3208 3969 3505 4030 etiamet»
3541 3969 3810 4029 ποικίλων

2225 4042 2595 4115 Θεωρημὰτων
2621 4045 2979 4114 περιεχόντων
3007 4042 3132 4109 τοὺς
3153 4045 3260 4101 τῶν
3281 4047 3416 4102 ὅλων
3448 4049 3661 4112 λόγους,
3703 4047 3810 4110 ζῶ-

2225 4131 2324 4189 σαν
2358 4116 2452 4168 καὶ
2491 4115 2936 4189 οἱονεὶ-’ἔμψυχον
2969 4116 3212 4189 ἐπινοεῖν
3233 4157 3248 4180 ,
3283 4117 3488 4189 εἵσεται
3527 4118 3628 4189 τὴν
3662 4117 3809 4189 ὑπὲρ

2222 4187 2402 4258 πᾶσαν
2440 4187 2616 4239 κτίσιν
2665 4185 2875 4258 Σοφίαν
2902 4185 2994 4239 τοῦ
3022 4187 3180 4258 ίΘεοῦ
3227 4188 3404 4258 καλῶς
3452 4185 3595 4258 περι
3632 4185 3811 4258 αὐτῆς

2221 4256 2520 4324 λέγουσαν·
2565 4257 2616 4308 Ὀ
2649 4256 2791 4322 Θεὸς
2828 4257 3032 4310 ἐκτισέ
3065 4275 3143 4326 με
3178 4257 3374 4327 ἀρχὴν
3410 4256 3568 4312 όδῶλν
3614 4256 3810 4313 at)th

2220 4329 2308 4400 εὶς
2346 4328 2491 4400 ἔργα
2514 4327 2731 4400 αὑτοῦ,
2760 4328 2826 4379 δι’
2859 4329 2928 4398 ἣν
2961 4328 3138 4400 κτίσιν
3180 4329 3460 4400 δεδρνηται
3513 4328 3636 4400 καὶὴ
3653 4331 3808 4382 πᾶσα

2221 4399 2398 4470 κτίσις
2425 4399 2760 4466 ὑφεστάναι,
2785 4396 3209 4470 οὑκίάνένδοχος
3239 4396 3373 4454 οὖσα
3414 4399 3563 4461 θείας
3601 4398 3809 4468 Σοφίας

2221 4468 2343 4522 καθ’
2368 4470 2435 4539 ἢν
2459 4469 2770 4539 γεγένηται.
2812 4489 2829 4521 ι
2865 4469 2994 4523 Illud
3038 4468 3216 4524 autem
3254 4471 3472 4524 silentio
3511 4487 3620 4523 non
3667 4486 3809 4538 pm:-

543 4535 997 4616 ντλθεὶς,’τῶν-’ὲν
1055 4535 1520 4616 αὐτῷννοίημὰτων
1565 4547 1633 4597 τὰ
1668 4535 2113 4616 πάντᾷγίνηται.

2233 4535 2546 4616 tereundum
2571 4535 2672 4604 est,
2696 4539 2882 4616 Jesnm
2911 4539 3003 4594 Dei
3041 4540 3371 4616 sapientiam
3419 4541 3618 4594 merito
3634 4535 3808 4616 exsi-

541 4598 858 4684 Qipatthp,
879 4612 1066 4684 ὥσπερ
1099 4598 1240 4668 κατά
1265 4598 1391 4678 τόῧς
1416 4598 2116 4684 ἀρχιτεκτονικορξτύᾶτους

539 4679 900 4753 οὲλοδομείται
956 4683 988 4753 ἢ
1032 4679 1372 4740 τεκταίνεται
1428 4679 1575 4737 οἰκία
1613 4684 1706 4736 καὶ
1741 4681 1906 4745 ναῦς,
1941 4683 2114 4753 ἀρχὴν

537 4745 640 4833 τῆς
661 4745 837 4814 οίίείας
853 4745 1092 4833 ,καὶξτῆς
1116 4755 1254 4833 νεὼς
1273 4758 1504 4833 ἐχόντιυν
1535 4755 1659 4833 τοὺς
1699 4754 1757 4806 ἐν
1780 4753 1858 4823 τῷ
1891 4745 2113 4833 asia-irin

533 4822 743 4895 τύπους
781 4823 875 4875 καί⁵
930 4822 1145 4892 λόγους⁸
1199 4822 1340 4880 οὔτῶ
1381 4825 1452 4878 τὰ
1505 4825 1795 4895 σύμπαντα
1832 4822 2112 4895 γεγονέναι

540 4890 679 4969 κατα
730 4895 857 4969 τοὺς
898 4895 956 4948 ἐν
1119 4897 1290 4969 Σοφίᾳ
1335 4890 1966 4969 προτρανὼθὲνταςςὺπρ
2015 4892 2110 4969 τοῦ

528 4961 673 5035 θεοῦ
700 4963 806 5017 τῶν
834 4961 1112 5035 ἐσομένὼν
1157 4961 1348 5034 λόγους
1370 4961 1390 4995 ·’
1418 4961 1624 5021 Πὶὶντα
1666 4965 1777 5033 γὰρ
1810 4965 1880 5017 ἐν
1923 4965 2112 5032 Σοφίᾳ

533 5031 807 5103 ἐποίησε.
839 5031 948 5087 Καὶ
981 5037 1198 5090 λεκτέον
1232 5031 1312 5090 ὅτι
1339 5039 1566 5103 κτίσας,
1610 5031 1697 5089 ἵνα
1738 5031 1911 5098 οὕτως
1948 5031 2106 5101 erm,

536 5100 776 5196 ξμψγχον
813 5107 1073 5194 τῖοφίανῤ
1119 5107 1282 5196 ρεὸς,
1308 5100 1800 5196 ὶαὺτῇῃέττέτνρεψεν
1846 5105 1954 5158 ἀπὸ
1999 5100 2107 5192 τῷν

533 5171 593 5252 ὲν
613 5171 748 5252 ager]
766 5171 949 5252 τιξπών
961 5174 1217 5252 τοῖςλοῦσι
1234 5171 1330 5252 καὶ
1351 5183 1417 5251 τῇ
1432 5171 1567 5252 ¹ὕλῃ,
1599 5171 1772 5252 οἶμαι,
1806 5179 2106 5252 παρασχεῖν

533 5240 632 5321 Τὴν
660 5240 891 5321 βτέαρξιν
914 5249 1012 5304 καὶ
1044 5240 1144 5320 τὴν
1164 5249 1358 5302 πλάσιν
1385 5240 1476 5302 καὶ
1513 5240 1582 5304 τὰ
1615 5240 1767 5319 είδηζ
1812 5267 1830 5300 ι
1875 5240 2106 5321 Proinde

536 5314 743 5390 inspice
775 5314 841 5371 an
865 5321 917 5390 i_n
936 5321 1076 5373 hanc
1099 5314 1437 5375 sententiam
1459 5321 1595 5390 illud
1617 5314 1834 5390 quoque
1855 5320 2106 5390 accipere

531 5383 940 5460 possimus,“
981 5391 1241 5458 principio
1293 5403 1404 5444 erat
1457 5383 1680 5444 Verbum
1724 5383 1904 5460 (Joan.
1948 5383 1991 5460 ις
2023 5388 2099 5460 1),

527 5465 591 5506 ut
623 5457 800 5529 omnia
832 5458 962 5513 fiant
984 5457 1278 5515 Secundum
1305 5461 1634 5529 Sapientiam
1670 5457 1741 5515 etv
1771 5458 2100 5529 exetnplaria

528 5525 773 5579 omnium
817 5529 868 5581 in
923 5544 987 5584 ea
1026 5525 1440 5585 consistentiuin
1486 5531 1748 5583 idearmn.
1817 5529 1908 5583 Sic
1934 5525 2097 5581 enim

529 5595 1233 5672 υρίιιοςμᾳυθηιιιιιιιιοιιυιιι
1270 5602 1336 5654 ad
1364 5600 1792 5672 architectenica
1826 5599 2100 5672 exempla-

527 5666 608 5736 ria
637 5666 939 5736 aadificatur
961 5680 1054 5722 aut
1099 5671 1396 5724 fabricatur
1454 5671 1647 5725 domus
1677 5682 1731 5724 et
1771 5671 1944 5730 navis,
1979 5681 2098 5736 Quae

527 5734 1196 5812 principiumhabentab
1237 5740 1639 5812 exemplaribus
1681 5749 1736 5793 et
1789 5734 2091 5793 rationibus

524 5803 830 5865 architecto
861 5805 1251 5878 insidentibus;
1283 5810 1363 5883 sic
1381 5803 1561 5884 omnia
1588 5810 1728 5887 facta
1750 5823 1870 5888 esse
1887 5822 2091 5890 secuti-

2225 4620 2385 4672 stere,
2415 4617 2466 4662 et
2507 4609 2645 4663 hanc
2695 4610 2764 4663 ob
2800 4625 3022 4664 causam
3072 4611 3174 4664 hoc
3213 4612 3433 4664 nomine
3484 4609 3804 4678 appellari:

2223 4680 2422 4750 quippe
2465 4694 2586 4733 cum
2626 4694 2732 4733 nor.
2779 4680 2832 4733 in
2890 4682 3046 4735 nudis
3107 4680 3532 4750 cogitationibus
3593 4679 3690 4734 Dei
3743 4692 3804 4736 et

2222 4749 2403 4804 Patris
2451 4752 2827 4804 universorum
2868 4749 3232 4806 substantiam
3269 4751 3466 4805 habeat
3508 4750 3804 4817 Sapientia

2223 4820 2424 4886 ipsius,
2483 4820 2708 4890 perinde
2759 4828 2920 4890 atque
2973 4823 3353 4888 phantasmata
3395 4820 3801 4888 cogitationum

2222 4891 2602 4946 humanarum.
2638 4889 2790 4955 Quod
2816 4889 2858 4944 si
2885 4892 3008 4958 quis
3035 4900 3211 4959 potest
3241 4891 3622 4959 incorpoream
3668 4893 3801 4948 sub-

2219 4963 2471 5015 Stantiam
2497 4961 2768 5014 variarum
2815 4961 3286 5030 speculationum,
3319 4962 3562 5016 omnium
3607 4976 3797 5016 rerum

2217 5043 2296 5084 rat
2307 5031 2454 5084 ioncs
2479 5032 2896 5096 continentium,
2918 5032 3185 5085 viventem
3212 5041 3267 5084 et
3293 5031 3456 5085 veluti
3491 5030 3796 5086 animatam

2215 5104 2596 5163 considerare,
2622 5102 2668 5156 is
2699 5103 2858 5170 plane
2891 5101 2984 5156 Dei
3013 5103 3343 5172 Sapientiam
3365 5101 3513 5155 omni
3533 5112 3796 5157 creatura

2217 5173 2652 5238 praestantiorem
2709 5174 2947 5241 reperiet
3001 5176 3141 5227 bene
3188 5175 3256 5226 de
3305 5174 3482 5240 seipsa
3545 5172 3790 5227 dicere:

2215 5242 2354 5294 Deus
2389 5242 2578 5295 creavit
2615 5258 2697 5295 me
2737 5243 2952 5296 initium
2993 5245 3197 5296 viarum
3232 5259 3449 5296 suarum
3505 5244 3577 5293 ad
3630 5258 3797 5310 opera

2211 5311 2326 5380 eius
2353 5312 2537 5383 (Prov,
2567 5326 2686 5378 vui,
2731 5312 2846 5384 22),
2899 5328 2994 5382 per
3024 5329 3189 5382 quam
3235 5312 3564 5367 creationem
3613 5313 3794 5380 potuit

2211 5387 2414 5447 quaevis
2439 5392 2689 5437 creatura
2737 5384 3068 5448 subsistere,
3113 5384 3257 5437 haud
3283 5398 3479 5451 expers
3513 5385 3793 5437 exsistens

2210 5455 2406 5508 divina:
2436 5454 2723 5522 Sapientiae
2775 5454 3069 5509 secundum
3123 5469 3285 5522 quam
3340 5455 3478 5506 facta
3509 5462 3619 5508 est.
3659 5471 3680 5503 ι
3726 5451 3788 5506 In

2210 5523 2314 5577 hoc
2352 5539 2482 5595 ergo
2519 5525 2693 5593 posita
2732 5539 2814 5580 est
2858 5526 2973 5595 illa,
2997 5523 3295 5592 Sapientiae
3350 5523 3586 5585 creatio,
3634 5524 3787 5595 quod

2208 5596 2391 5647 omnia
2423 5593 2522 5662 per
2555 5612 2674 5648 eam
2724 5606 2906 5651 creata
2951 5594 3189 5657 fuerint,
3229 5595 3454 5663 ejusque
3505 5593 3786 5663 p_articeps

2206 5665 2348 5717 facta
2383 5660 2549 5718 fuerit
2589 5669 2794 5732 qumvis
2832 5675 3099 5721 creatura.
3137 5691 3204 5702 —
3247 5660 3488 5718 Domnus
3526 5660 3784 5732 Pruden-

2208 5736 2315 5788 tius
2344 5736 2531 5793 Marau
2559 5730 2638 5792 De
2670 5739 2941 5793 divinitate
2986 5733 3220 5801 Christi,
3263 5734 3359 5788 lib.
3398 5747 3475 5797 1v,
3504 5749 3644 5804 μαι).
3690 5730 3779 5796 15,

2188 5819 2357 5861 :num.
2386 5806 2435 5859 1.
