4054 6310
272 351 372 406 777

1114 349 1684 406 ORIGENIANORUM
1728 351 1852 406 LIB.
1898 351 1961 415 ll,
1999 352 2149 407 CAP.
2195 353 2261 417 Il,
2302 353 2575 422 QUIEST.
2620 358 2683 412 II.
3419 364 3517 415 ’ΠΩ

270 488 397 532 vero
428 480 653 527 sanctus
674 480 777 520 non
808 475 889 521 est
917 468 1195 537 γεννητὸς,
1236 471 1329 523 sed
1365 470 1607 540 γενητὸς,
1639 470 1821 540 genito

1952 479 2050 534 est,
2085 470 2260 538 inquit
2287 511 2302 534 ,
2325 473 2465 541 quod
2500 474 2683 528 dicunt
2713 491 2831 529 eum
2853 477 3093 535 innatum
3117 482 3289 537 dicere
3319 482 3517 541 Filium

268 583 381 622 rem
419 566 567 620 enim
603 579 708 619 non
768 562 969 625 habet,
1024 561 1115 615 sed
1151 562 1311 615 habet
1348 576 1378 614 a
1423 561 1581 616 Patre
1622 570 1673 615 et
1705 561 1842 615 Filio

267 669 326 713 ut
354 658 609 713 exsistat.
638 655 762 710 Haec
792 663 876 709 est
907 652 1121 721 propria
1168 667 1361 707 vocum
1412 653 1622 708 illarum
1665 653 1834 718 notio,

263 766 425 821 quam
457 758 638 805 tamen
669 762 769 802 nec
804 760 1019 816 semper
1047 754 1331 801 servarunt
1368 744 1589 811 Patres,
1624 756 1679 801 et
1709 763 1839 807 cou-

261 844 407 898 sulto
440 840 871 913 permiscuerunt
900 853 962 894 ac
1006 837 1373 895 confuderunt
1411 840 1640 904 Ariani,
1688 849 1748 894 ut
1786 841 1837 893 in

260 935 514 1005 ambigua
552 947 683 987 voce
715 931 925 987 facilius
958 930 1202 985 fraudem
1236 941 1534 987 struerent.
1573 931 1837 1004 Origenes

258 1042 394 1081 vero
413 1041 536 1082 cum
564 1024 765 1079 Filium
812 1024 1047 1095 appellat
1067 1023 1293 1095 γενητὸν
1317 1024 1470 1088 Θεὸν,
1503 1026 1580 1079 sic
1610 1026 1791 1096 accipe
1819 1046 1831 1079 :

262 1141 281 1172 ι
316 1119 421 1187 Qui
456 1118 778 1189 principium
810 1118 890 1172 sui
911 1118 1075 1173 habet
1099 1156 1115 1181 ,
1143 1127 1194 1172 et
1223 1117 1517 1173 exsistendi
1545 1118 1777 1173 initium.
1811 1139 1830 1172 ι

256 1212 400 1267 Filio
427 1212 641 1281 quidem
676 1224 964 1265 commune
1005 1219 1087 1265 est
1118 1224 1241 1263 cum
1278 1210 1485 1266 creatis
1527 1210 1718 1274 rebus,
1752 1213 1832 1267 sui

254 1304 582 1375 principium
614 1317 678 1358 ac
717 1303 981 1373 originem
1028 1302 1231 1357 habere
1268 1321 1284 1357 :
1320 1303 1608 1357 emanandi
1654 1314 1832 1359 autem

253 1413 318 1452 ex
346 1397 441 1451 illo
463 1396 727 1467 principio
771 1410 835 1449 ar.
885 1394 1184 1465 prodeundi
1229 1395 1369 1450 ratio
1415 1394 1574 1465 plane
1619 1396 1832 1451 diversa

251 1496 337 1543 est
380 1504 393 1538 :
433 1488 614 1559 prodit
633 1487 776 1542 enim
794 1486 967 1541 Filius
997 1501 1093 1556 per
1116 1486 1519 1556 generationem
1537 1494 1829 1555 aeternam;

254 1583 525 1647 prodeunt
558 1591 759 1637 creatae
800 1596 888 1636 res
926 1596 1023 1651 per
1062 1582 1439 1651 temporariam
1473 1580 1828 1638 creationem.

250 1672 370 1729 Hoc
400 1688 585 1741 sensu,
608 1688 716 1743 quo
758 1673 903 1737 dixi,
940 1690 1126 1731 vocem
1179 1673 1443 1745 ἀγένητος
1484 1689 1515 1727 a
1557 1674 1832 1729 veteribus

247 1774 569 1836 usurpatam
600 1765 789 1820 scribit
825 1766 1157 1821 Athanasius
1184 1766 1277 1820 lib.
1319 1764 1396 1821 De
1437 1766 1653 1836 synodis
1708 1767 1831 1819 Ari-

1956 560 2066 615 Dei.
2099 561 2319 615 Dixerat
2344 577 2536 632 nempe
2561 564 2820 634 Origenes
2851 568 3132 640 ἀγένητον,
3163 574 3305 641 quod
3348 575 3521 643 ipsius

1948 652 2269 715 adversarii,
2295 654 2616 709 contentiosi
2667 655 2914 713 homines
2942 669 2996 715 et
3026 661 3187 717 rixosi
3208 702 3224 729 ,
3254 665 3514 723 confude-

1948 752 2073 797 runt
2102 759 2224 797 cum
2248 744 2569 817 ἀγέννητον,
2596 755 2655 801 ιιι
2685 763 2871 804 ansam
2902 750 3166 808 haberent
3207 755 3512 812 calumniae.

1945 833 2149 890 Contra
2191 850 2320 891 vero
2353 837 2625 906 Socrates,
2656 839 2723 895 de
2766 841 2995 898 Eusebio
3033 844 3279 923 loquens,
3319 850 3514 907 merito

1943 929 2084 985 dixit
2120 947 2132 983 :
2194 931 2524 1003 Θαυμαστὴς
2567 932 2661 985 καὶ
2690 933 2936 1005 ζηλωτὴς
2981 935 3197 1004 ἐγένετο
3227 939 3335 993 τῶν
3374 941 3519 1015 Ὦριο

1942 1020 2131 1088 γένους
2175 1020 2394 1091 βιϐλίων
2419 1039 2431 1050 ’
2476 1022 2534 1075 ὲν
2587 1021 2668 1087 οἷς
2707 1025 2983 1097 πανταχοῦ
3039 1028 3129 1081 τὸν
3174 1030 3299 1083 Υἱὸν
3332 1034 3395 1085 ὲκ
3422 1031 3514 1087 τοῦ

1942 1113 2155 1185 Πατρὸς
2187 1115 2514 1185 γεννηθέντα
2561 1116 2907 1188 εὑρίσκουσιν
2951 1121 3000 1172 οἱ
3047 1122 3154 1174 τῶν
3208 1123 3516 1195 Ὠριγένους

1943 1202 2161 1273 βιϐλίων
2193 1204 2253 1257 τὸ
2289 1203 2450 1275 βάθος
2471 1208 2801 1279 κατανοῆσαι
2829 1208 3135 1281 δυνάμενοι.
3164 1229 3183 1261 ι
3207 1213 3516 1269 Admirator

1939 1306 1994 1350 et
2016 1296 2302 1352 :emulator
2341 1297 2600 1352 librorum
2638 1299 2889 1369 Origenis
2918 1301 3055 1365 fuit,
3104 1304 3155 1358 in
3200 1306 3396 1375 quibus
3432 1306 3518 1362 Fi-

1940 1388 2069 1442 lium
2096 1404 2162 1444 ex
2179 1387 2337 1444 Patre
2356 1398 2541 1445 natum
2568 1391 2771 1461 ubique
2800 1393 3099 1461 reperiunt,
3126 1397 3218 1465 qui
3251 1397 3511 1455 librorum

1939 1479 2188 1551 Origenis
2225 1480 2647 1550 profunditatem
2689 1483 2874 1539 animo
2896 1496 3183 1555 penetrare
3213 1501 3460 1559 possunt.
3490 1510 3507 1544 ι

1938 1571 2300 1643 Hieronymus
2343 1587 2474 1627 vero
2506 1572 2712 1629 dixisse
2753 1574 2929 1644 ipsum
2976 1574 3251 1635 ailirmans
3283 1599 3301 1632 ι
3352 1579 3515 1637 Chri-

1936 1674 2076 1718 stum
2106 1664 2299 1718 Filium
2338 1665 2431 1719 Dei
2450 1680 2557 1721 non
2578 1675 2761 1721 natum
2792 1681 2947 1735 esse,
2972 1671 3065 1725 sed
3095 1670 3318 1737 factum,
3352 1691 3372 1725 ι
3410 1674 3514 1731 hoc

1937 1764 2040 1820 est,
2084 1756 2349 1827 ἀγένητον
2384 1765 2439 1813 et
2486 1758 2748 1829 γενητὸν,
2780 1772 3073 1833 utramque
3124 1764 3266 1818 hanc
3322 1780 3507 1828 vocem

247 1858 385 1910 mini
438 1856 790 1925 eLSeleuciw
832 1873 849 1910 :
884 1857 997 1912 Οὐκ
1056 1858 1357 1930 ἀγνοοῦμεν
1390 1859 1446 1912 δὲ
1499 1859 1581 1912 ὅτι
1629 1860 1723 1913 καὶ
1778 1862 1821 1912 oi

1936 1848 1988 1901 in
2026 1847 2189 1900 alium
2222 1848 2503 1918 detorquet
2532 1850 2859 1905 intellectum
2888 1862 2950 1907 ac
2989 1854 3057 1908 ab
3084 1852 3317 1925 Origene
3352 1873 3511 1912 usur-

246 1949 535 2020 εἰρηκότες
556 1948 614 2001 ἓν
636 1948 695 2001 τὸ
722 1948 1000 2021 ἀγένητον,
1035 1950 1124 2003 τὸν
1152 1950 1369 2023 Πατέρα
1412 1951 1659 2019 λέγοντες
1686 1993 1698 2013 ,
1734 1953 1833 2022 οὐχ

243 2038 326 2103 ὼς
370 2038 597 2111 γενητοῦ
638 2041 732 2093 καὶ
768 2028 1073 2111 ποιήματος
1105 2039 1256 2103 ὄντος
1306 2040 1400 2093 τοῦ
1444 2040 1616 2109 Λόγου
1662 2040 1833 2102 οὕτως

247 2130 519 2202 ἔγραψαν,
548 2130 662 2183 ἀλλ’
686 2131 767 2183 ὅτι
796 2129 869 2200 μὴ
895 2129 1006 2201 ἔχει
1051 2130 1142 2182 τὸν
1178 2131 1370 2183 αἴτιον.
1414 2148 1433 2180 ι
1467 2129 1579 2183 Νοιι
1623 2133 1836 2195 ignora-

250 2238 376 2277 mus
422 2233 598 2276 antem
631 2236 723 2276 eos
756 2222 847 2291 qni
870 2236 875 2245 ‘
898 2222 1150 2276 dixerunt
1181 2237 1343 2276 unum
1380 2236 1503 2277 esse
1544 2222 1833 2293 ἀγένητον,

251 2312 473 2367 Patrem
516 2313 889 2381 signiﬁcantes
910 2352 925 2376 ,
953 2328 1059 2368 non
1089 2314 1159 2367 ita
1211 2313 1499 2382 scripsisse
1528 2315 1682 2381 quasi
1707 2316 1833 2369 Ver-

246 2399 377 2453 bum
400 2399 469 2454 sit
494 2400 721 2472 γενητὸν
743 2410 798 2456 et
819 2415 977 2470 opus,
1004 2401 1096 2456 sed
1123 2400 1246 2471 quia
1284 2400 1447 2455 Pater
1476 2415 1695 2457 causam
1726 2418 1829 2456 non

244 2490 433 2546 liabet.
468 2510 487 2543 ι
526 2492 740 2547 Patrem
778 2492 981 2547 dictum
1021 2506 1142 2547 esse
1174 2493 1250 2546 ait
1281 2492 1572 2565 ἀγένητον,
1601 2495 1724 2563 quia
1760 2495 1828 2548 ab

241 2579 356 2633 alio
394 2595 500 2635 non
538 2582 703 2637 habet
742 2592 801 2639 ut
838 2583 945 2649 sit;
987 2582 1183 2638 Filium
1219 2594 1398 2638 autem
1448 2585 1674 2657 γενητὸν
1708 2600 1830 2641 esse

244 2681 407 2740 negat
434 2671 535 2727 hac
570 2674 813 2739 nmione,
848 2675 992 2743 quod
1021 2675 1088 2729 ab
1111 2675 1217 2730 alio
1242 2676 1420 2731 factus
1446 2677 1517 2731 sit
1544 2694 1559 2732 :
1592 2679 1683 2732 sed
1718 2693 1824 2732 non

243 2766 409 2829 negat
436 2759 664 2831 γενητὸν
697 2775 820 2817 esse
868 2762 974 2817 alia
1024 2765 1244 2819 notione
1270 2805 1284 2829 ,
1323 2780 1386 2821 ea
1430 2766 1636 2820 scilicet
1662 2781 1823 2837 quam

242 2848 507 2913 iudicavi,
537 2851 681 2919 quod
712 2852 781 2906 ab
813 2851 920 2907 alio
960 2853 1160 2909 habeat
1201 2864 1260 2910 ut
1292 2855 1393 2922 sit,
1431 2871 1539 2911 non
1569 2866 1823 2926 tanquam

240 2952 334 2990 res
370 2937 532 3005 facta,
561 2941 652 2995 sed
683 2950 938 3009 tanquam
973 2959 1059 2999 res
1081 2946 1264 3015 genita
1286 2987 1301 3003 .
1336 2946 1509 3017 Atque
1543 2949 1616 3003 ita
1659 2947 1828 3004 Filius

239 3029 354 3083 dici
402 3040 581 3099 potest
624 3032 906 3107 ἀγένητος,
934 3036 1024 3105 qui
1062 3035 1130 3091 ab
1160 3038 1264 3093 alio
1297 3054 1401 3094 non
1438 3040 1599 3096 habet
1636 3050 1693 3095 ut
1734 3040 1824 3107 sit,

238 3136 444 3192 nempe
474 3131 730 3195 tanquam
755 3141 890 3196 opus
916 3168 932 3189 .
967 3143 1063 3184 seu
1103 3145 1190 3185 res
1233 3128 1371 3186 facta
1394 3173 1410 3199 ,
1448 3133 1532 3187 vel
1564 3143 1818 3202 tanquam

242 3231 338 3270 res
359 3226 542 3271 creata
578 3234 595 3273 :
635 3227 691 3272 et
735 3220 995 3291 γενητὸς,
1032 3223 1123 3292 qui
1171 3224 1239 3277 ah
1280 3224 1388 3279 alio
1419 3226 1584 3280 habet
1620 3235 1680 3280 ut
1727 3228 1819 3290 sit,

240 3320 443 3375 nempe
468 3315 726 3377 tanquam
767 3325 858 3364 res
888 3312 1067 3380 genita
1097 3322 1152 3368 et
1182 3312 1371 3368 Filius.
1409 3314 1504 3370 Sic
1535 3316 1817 3387 Origenes,

237 3398 339 3468 qui
387 3397 613 3471 γενητὸν
636 3398 770 3453 Θεὸν
802 3402 1105 3472 appellasse
1130 3402 1325 3458 Filium
1357 3405 1703 3461 insimulatur
1722 3449 1736 3470 ,
1765 3417 1821 3460 et

240 3492 338 3559 qui
368 3500 501 3546 tom.
531 3508 568 3546 Il
596 3492 648 3547 in
676 3493 862 3559 Joan.,
897 3510 1047 3549 num.
1078 3494 1131 3557 6,
1152 3496 1377 3553 credere
1416 3514 1476 3552 se
1502 3498 1637 3551 dixit
1665 3499 1823 3567 ἀγέν-

241 3602 406 3655 νητον
439 3585 771 3657 (legendum,
802 3586 888 3640 vel
917 3596 1066 3643 certe
1110 3587 1515 3659 intelligendum
1537 3592 1820 3663 ἀγένητον)

244 3676 414 3749 μηδὲν
445 3676 630 3750 ἕτερον
660 3676 754 3732 τοῦ
786 3678 1002 3750 Πατρὸς
1027 3672 1168 3731 εἶναι
1189 3716 1203 3743 ,
1238 3678 1343 3733 hoc
1380 3689 1464 3732 est
1505 3695 1666 3732 unum
1713 3678 1820 3732 Pa-

248 3780 386 3824 trem
415 3770 683 3840 principlo
714 3784 937 3835 carere,
966 3786 1065 3825 nec
1107 3770 1176 3827 ab
1223 3769 1328 3826 alio
1372 3770 1574 3824 habere
1623 3780 1681 3823 ut
1728 3772 1819 3833 sit,

245 3860 443 3916 Filium
473 3870 651 3917 tamen
688 3863 953 3934 ἀγένητον
999 3872 1155 3918 vocat
1206 3862 1301 3917 lib.
1356 3877 1409 3918 vt
1453 3871 1635 3915 contra
1657 3861 1820 3925 σείς..

247 3970 397 4010 num.
426 3956 512 4017 I7,
566 3953 701 4009 Οΰτε
732 3956 841 4027 γάρ
872 3956 961 4009 τὸν
983 3955 1245 4025 ἀγένητον
1271 3956 1366 4009 καὶ
1383 3954 1564 4027 πάσης
1586 3957 1819 4027 γενητῆς

246 4047 462 4115 φύσεως
502 4047 844 4119 πρωτότοκον
885 4050 1005 4102 κατ’
1042 4047 1198 4112 ἀξίαν
1237 4047 1432 4101 εἰδέναι
1468 4064 1553 4110 τις
1596 4047 1817 4102 δύναται

242 4139 357 4203 ὼςὸ
381 4140 649 4209 γεννήσας
678 4141 839 4193 αὑτὸν
869 4141 1080 4211 Πατήρ.
1103 4140 1215 4194 Illic
1244 4138 1509 4209 ἀγένητον
1536 4148 1691 4193 sonat
1712 4156 1816 4193 non

244 4225 469 4295 factum,
496 4243 600 4280 non
626 4237 882 4281 creatum.
920 4225 1059 4280 Hinc
1114 4236 1295 4279 natam
1354 4226 1550 4294 opinor
1588 4226 1816 4293 primam

243 4336 274 4371 c
333 4318 811 4374 criminationibus
878 4319 1141 4373 adversus
1204 4318 1490 4389 Origenetn
1545 4315 1816 4377 conﬂatis,

242 4427 380 4482 quas
418 4410 732 4482 Pamphilus
778 4410 833 4466 in
876 4411 1135 4482 Apologia
1181 4418 1447 4465 recenset.
1498 4406 1686 4461 Prima
1723 4407 1817 4461 illa

314 4501 361 4534 “
390 4501 531 4556 Psal.
569 4516 754 4562 Lxxn,
791 4502 841 4556 6.
918 4502 963 4534 ³⁸
1002 4501 1146 4555 Psal.
1187 4516 1248 4567 ιι,
1283 4501 1336 4554 7.

1935 1948 2058 2004 pata
2088 1949 2174 1993 est
2210 1955 2224 1991 :
2257 1941 2346 2008 qui
2384 1956 2507 1995 cum
2539 1942 2675 1996 dixit
2710 1942 2908 1999 Filium
2960 1946 3245 2019 ἀγένητον,
3292 1950 3346 2005 id
3402 1952 3506 2006 sibi

1934 2030 2138 2093 voluit,
2170 2046 2274 2083 non
2308 2045 2429 2085 esse
2463 2032 2664 2087 factum
2694 2048 2797 2101 nec
2844 2046 3107 2092 creatum.
3153 2039 3354 2093 Contra
3381 2040 3508 2096 Hie—

1936 2134 2196 2191 ronymus
2226 2123 2497 2189 exposuit,
2526 2139 2632 2179 non
2665 2139 2786 2181 esse
2819 2138 3035 2197 natum,
3080 2132 3235 2201 quasi
3281 2134 3509 2189 dixisset

1933 2210 2263 2281 ἀγέννητον·
2309 2226 2432 2266 cum
2463 2227 2593 2269 vero
2621 2213 2818 2270 Filium
2849 2216 2985 2272 dixit
3022 2220 3248 2291 γενητὸν
3272 2260 3288 2286 ,
3327 2223 3377 2277 id
3402 2223 3505 2278 sibi

1931 2299 2123 2364 voluit,
2156 2301 2356 2357 habere
2394 2304 2570 2371 ipsum
2618 2305 2700 2360 sui
2744 2306 3106 2377 principium;
3157 2321 3350 2366 contra
3384 2313 3510 2368 Hie-

1932 2406 2194 2463 ronymus
2228 2397 2526 2466 exposuit,
2571 2414 2680 2453 esse
2707 2398 2924 2468 factum.
2969 2399 3172 2474 Nempe
3218 2405 3296 2460 sic
3341 2407 3504 2461 verba

1929 2482 2176 2553 Origenis
2226 2487 2278 2539 in
2329 2489 2627 2555 pessimum
2679 2506 2901 2546 sensum
2974 2493 3195 2549 trahere
3267 2498 3505 2552 amabat.

1931 2574 2045 2647 (12)
2083 2576 2157 2630 Ita
2179 2576 2512 2646 Epiphanius
2538 2581 2668 2635 liter.
2695 2597 2840 2647 wa,
2870 2598 2990 2652 cap.
3022 2584 3076 2649 8,
3108 2586 3255 2641 vocis
3286 2589 3508 2660 γενητὸς

1929 2683 2082 2722 usum
2150 2668 2202 2723 in
2260 2670 2382 2725 aliis
2444 2674 2797 2742 probaturum
2853 2690 2911 2730 se
2955 2675 3120 2742 dicit,
3170 2678 3221 2732 in
3274 2678 3506 2750 Origene

1927 2763 2209 2817 damnare.
2240 2762 2441 2818 Contra
2464 2780 2526 2819 ea
2551 2781 2683 2820 vero
2705 2782 2825 2836 quae
2854 2768 3025 2832 addit,
3053 2769 3192 2825 velle
3217 2769 3503 2839 Origenem

1925 2854 2066 2909 κατά
2095 2855 2256 2927 χάριν
2278 2855 2370 2909 τὸν
2395 2856 2524 2910 Υἱὸν
2554 2857 2713 2912 αὐτὸν
2730 2858 3013 2913 καλεῖσθαι
3040 2878 3055 2892 ·
3092 2878 3113 2913 ι
3140 2860 3244 2916 Per
3266 2864 3499 2933 gratiam

1926 2948 2123 3003 Filium
2158 2951 2329 3017 ipsum
2364 2947 2677 3021 (Christum)
2722 2950 3015 3021 appellari,
3055 2972 3074 3005 ι
3135 2962 3381 3023 prompta
3416 2969 3503 3010 εει

1925 3056 1988 3095 ex
2025 3042 2144 3111 ipso
2172 3040 2411 3112 Origene
2437 3041 2709 3106 defensio,
2740 3043 2834 3112 qui
2866 3044 3071 3100 diserte
3101 3047 3261 3101 docet
3296 3056 3427 3103 tom.
3462 3064 3499 3102 ιι

1922 3130 1980 3182 in
2003 3127 2190 3193 Jorm.,
2240 3146 2388 3184 num.
2438 3128 2492 3195 6,
2534 3130 2693 3202 μόνον
2738 3131 2829 3185 τὸν
2864 3137 3121 3207 μονογενῆ
3156 3135 3315 3206 φύσει
3373 3136 3502 3191 Υἱὸν

1928 3219 2165 3291 ἀρχῆθεν
2196 3219 2482 3291 τυγχάνειν
2501 3237 2515 3253 ⁸
2546 3222 2711 3277 etlib.
2736 3238 2807 3277 νιι
2832 3224 2886 3277 in
2918 3222 3214 3291 Epistolam
3238 3228 3305 3281 ad
3326 3226 3502 3291 Rom,

1931 3326 2081 3364 num.
2109 3311 2161 3372 1,
2203 3330 2222 3362 ι
2267 3313 2419 3367 Sicut
2460 3314 2602 3366 enim
2632 3313 2785 3368 multi
2822 3325 2949 3369 sunt
2992 3317 3083 3371 lilii
3128 3318 3243 3379 Dei,
3270 3330 3327 3373 ut
3357 3319 3504 3375 Scri-

1928 3413 2085 3469 ptura
2136 3404 2269 3458 dicit
2308 3423 2321 3459 :
2363 3403 2473 3473 Ego
2526 3405 2694 3463 dixi:
2733 3405 2823 3459 Dii
2859 3408 3006 3472 eatis,
3051 3418 3100 3462 et
3147 3410 3249 3479 ﬁlii
3296 3411 3503 3466 Εποιεὶ

1927 3511 2104 3548 omnes
2132 3495 2202 3560 ³⁸,
2240 3512 2378 3551 unus
2408 3507 2588 3551 tamen
2623 3508 2710 3551 est
2733 3506 2929 3553 natura
2954 3498 3125 3553 Filius
3151 3510 3207 3555 et
3246 3499 3503 3571 Unigeui-

1928 3599 2013 3643 tus
2034 3589 2101 3643 de
2125 3587 2303 3645 Patre.
2344 3607 2364 3641 ι

1997 3681 2296 3737 Commode
2326 3695 2456 3736 vero
2485 3688 2781 3751 exponetur
2810 3680 2959 3735 locus
2996 3696 3025 3733 a
3082 3680 3314 3737 Diodoro
3363 3682 3502 3737 reci-

1928 3783 2091 3835 tatus.
2118 3773 2206 3828 ubi
2239 3774 2329 3827 lux
2352 3788 2381 3826 a
2416 3773 2524 3827 Deo
2546 3773 2802 3842 producta
2828 3772 3023 3829 Genes.
3057 3789 3096 3839 I,
3119 3773 3175 3841 5,
3198 3774 3363 3829 Filius
3383 3788 3501 3829 eSSe

1931 3864 2171 3927 dicitur,
2200 3864 2245 3917 si
2290 3864 2719 3933 respondeamus
2770 3864 2823 3917 id
2877 3864 3165 3935 allegorice
3208 3866 3274 3919 ad
3304 3864 3500 3921 Filium

1928 3953 2244 4024 abOrigene
2275 3955 2444 4011 fuisse
2472 3954 2724 4009 relatum.
2766 3954 3030 4023 Quoniam
3048 3957 3191 4012 enim
3222 3971 3499 4027 nunquam

1928 4064 2033 4100 non
2074 4049 2207 4101 dicit
2236 4046 2399 4102 Pater
2431 4064 2446 4101 :
2487 4064 2507 4098 ι
2538 4046 2648 4117 Ego
2678 4046 2840 4102 hodie
2865 4047 3022 4117 genui
3057 4056 3107 4103 te
3138 4048 3182 4081 ⁸³
3208 4064 3224 4113 ;
3268 4068 3286 4101 ι
3318 4049 3499 4105 induci

1923 4154 2137 4208 quoque
2166 4149 2342 4206 potest
2363 4152 2577 4209 semper
2601 4139 2818 4194 dicens:
2854 4138 3125 4210 Gignatur
3157 4140 3324 4196 Filius
3350 4157 3502 4197 meus

1924 4231 2015 4297 qui
2048 4240 2135 4286 est
2179 4231 2271 4286 lux
2306 4246 2456 4286 vera.
2488 4230 2698 4287 Firmat
2735 4210 2881 4287 banc
2914 4234 3319 4302 responsionem
3369 4248 3496 4299 vox,

1926 4322 2261 4396 γεννηθήτω,
2307 4326 2556 4396 gignatur
2585 4341 2605 4380 :
2635 4324 2718 4380 sic
2756 4325 2902 4380 enim
2937 4324 3133 4396 legitur
3179 4326 3230 4379 in
3270 4324 3498 4388 Catena,

1926 4432 2032 4471 non
2067 4427 2123 4468 ut
2150 4416 2326 4487 vulgo,
2355 4417 2660 4489 γενηθήτω,
2700 4416 2815 4481 ﬁat.
2850 4416 3073 4473 Penitus
3116 4433 3245 4473 vero
3276 4419 3327 4473 id
3367 4434 3500 4473 cun-

316 4616 432 4689 (12)
488 4618 577 4689 lto
617 4616 950 4689 Epiphanius
992 4617 1128 4689 uocis
1162 4616 1412 4687 γενητὸς
1484 4632 1657 4689 usum,
1703 4626 1809 4671 etc.

1929 4617 2104 4681 ιπλῶς
2136 4616 2278 4689 ἀρχὴ
2296 4616 2406 4671 τῶν
2434 4617 2603 4671 ὄντων
2630 4619 2659 4671 ὁ
2685 4617 2838 4681 Θεός.
2874 4636 2894 4670 ι
2930 4616 3043 4671 Νοιι
3083 4616 3321 4689 absurde
3370 4616 3493 4686 quis

244 4688 503 4757 Displicet
544 4688 844 4757 Epiphanio
892 4698 947 4742 et
992 4687 1320 4758 Hieronymo
1375 4688 1577 4757 genitus
1625 4687 1761 4758 Deus
1794 4703 1813 4741 :

246 4760 390 4812 idem
435 4774 556 4813 esse
606 4761 795 4811 volunt
834 4767 889 4812 et
932 4759 1133 4827 factum
1187 4757 1251 4811 ac
1296 4769 1570 4823 creatum,
1622 4757 1814 4812 saltem

246 4830 388 4898 apud
421 4828 711 4896 Origenem
733 4869 749 4894 ,
780 4828 848 4883 de
876 4830 1029 4895 cujus
1070 4828 1382 4898 Arianismo
1420 4844 1524 4898 non
1565 4828 1809 4897 praeludi-

246 4896 416 4970 ciutn,
436 4901 532 4954 sed
572 4899 730 4970 plane
750 4900 1011 4965 judicium
1038 4898 1299 4970 iecerant.
1341 4896 1445 4953 Sed
1475 4896 1605 4970 illud
1652 4915 1813 4970 γενη-

243 4969 357 5036 τὸν,
398 4984 517 5021 cum
559 4967 627 5024 de
661 4968 798 5024 Filio
826 4970 1028 5025 dicitur
1050 4971 1115 5023 ab
1139 4967 1400 5039 Origene,
1423 5038 1430 5039 ί
1452 4967 1536 5039 vel
1571 4967 1812 5037 genera-

246 5043 342 5095 tim
386 5041 659 5109 signiﬁcat
680 5042 728 5094 id
755 5040 896 5109 quod
919 5041 1078 5094 habet
1105 5038 1432 5109 aliquodﬁsni
1462 5038 1808 5107 principium,

246 5113 329 5165 vel
364 5107 543 5163 veram
576 5107 975 5181 generationem
1011 5107 1277 5180 designat.
1314 5107 1607 5181 Utriusque
1640 5110 1807 5181 inter-

245 5178 840 5252 pretatiouis'exempla
868 5182 1067 5251 passim
1101 5178 1400 5252 occurrunt
1423 5196 1438 5245 ;
1473 5178 1659 5252 prima:
1695 5179 1810 5252 qni-

244 5250 367 5304 dem
419 5264 541 5306 cum
592 5250 1078 5319 Origenes’solum
1129 5251 1342 5304 Patrem
1389 5250 1687 5319 ingenitum
1723 5251 1811 5301 de-

245 5333 546 5386 monstrat,
574 5338 639 5376 ac
668 5321 865 5376 Filium
904 5338 1026 5377 cum
1055 5321 1221 5376 rebus
1252 5321 1451 5374 creatis
1478 5322 1531 5373 iu
1566 5334 1631 5373 eo
1659 5335 1798 5373 com-

245 5407 443 5460 parare
492 5408 597 5447 non
660 5394 891 5455 dubitat,
925 5403 1055 5447 tom.
1109 5406 1149 5445 ll
1204 5393 1259 5444 in
1303 5391 1489 5454 Joan.,
1551 5405 1697 5443 num.
1752 5392 1807 5451 6,

242 5465 388 5530 quod
418 5479 445 5514 a
477 5461 636 5516 Patre
665 5463 935 5530 acceperit
979 5474 1043 5517 ut
1089 5470 1254 5526 esset,
1295 5476 1419 5516 cum
1473 5462 1575 5514 hoc
1627 5472 1805 5512 tamen

243 5533 582 5596 discrimine,
613 5538 757 5604 quod
786 5531 958 5604 Filius
993 5533 1062 5585 ab
1093 5543 1297 5589 aeterno
1331 5533 1566 5603 genitus,
1603 5531 1805 5604 istacin

246 5612 491 5669 tempore
548 5600 766 5657 creata.
832 5603 923 5657 Sic
973 5604 1136 5656 etiam
1201 5600 1355 5658 tomf
1398 5616 1436 5667 ι,
1509 5616 1662 5655 num.
1718 5600 1808 5665 I7,

245 5682 371 5741 pag.
408 5672 508 5726 I9:
527 5674 642 5728 Οὐκ
672 5672 889 5736 ἀτόπως
916 5673 973 5726 δὲ
1000 5673 1094 5726 καὶ
1122 5672 1211 5725 τὸν
1234 5673 1342 5726 τῶν
1375 5672 1510 5725 ὅλων
1533 5670 1665 5723 Θεὸν
1697 5671 1812 5741 ἐρεῖ

246 5687 371 5741 pag.
408 5687 475 5726 13
493 5687 508 5724 :
527 5687 642 5728 υυκ
672 5687 889 5736 ατοπως
916 5687 973 5726 οε
1000 5687 1094 5726 και
1122 5687 1211 5725 τον
1234 5689 1342 5726 των
1375 5687 1510 5725 οΑων
1533 5687 1665 5723 υεον
1697 5687 1721 5723 ε

246 5757 331 5805 τις
363 5742 558 5815 ἀρχὴν,
581 5744 763 5813 σαφῶς
786 5743 1104 5814 προπίπτων
1124 5744 1205 5815 ότι
1228 5744 1369 5815 ἀρχὴ
1394 5742 1524 5815 rio?)
1546 5744 1575 5794 ό
1592 5687 1761 5815 Dari:

249 5815 341 5865 καὶ
362 5814 507 5885 ἁρχὴ
540 5813 1035 5885 δημιουργημάτων
1069 5816 1098 5868 ὁ
1137 5813 1488 5885 δημιουργὸς,
1522 5813 1614 5866 καὶ
1637 5813 1813 5878 άπαξ·

570 5914 842 5974 Pn'nor.
884 5914 1001 5976 Gn.
1036 5913 1240 5975 XVII.

1790 5786 1791 5789 ‘
1796 5781 1810 5798 Ο

1923 4686 2302 4741 universorum
2355 4689 2520 4741 Deum
2581 4690 2908 4758 principium
2967 4688 3183 4758 dixerit,
3221 4686 3395 4756 palam
3427 4703 3495 4741 eo

1919 4759 2239 4827 procidens,
2270 4766 2329 4812 ut
2358 4758 2481 4811 Filii
2511 4757 2840 4827 principium
2874 4759 2944 4813 sit
2966 4757 3158 4822 Pater,
3196 4767 3248 4810 et
3284 4758 3493 4827 princi-

1917 4830 2066 4896 pium
2092 4838 2462 4882 creaturarum
2492 4827 2735 4891 Creator,
2765 4844 2826 4883 ac
2846 4829 3141 4896 generatim
3171 4827 3492 4896 principium

1919 4895 2123 4952 entium
2157 4898 2314 4953 Deus.
2351 4916 2370 4948 ι
2407 4897 2607 4951 Eodem
2633 4913 2792 4953 sensu
2813 4895 2969 4953 docet
2989 4908 3120 4952 tom.
3148 4895 3207 4959 ιι,
3232 4912 3378 4950 num.
3396 4895 3490 4957 25,

1920 4970 2120 5022 multas
2148 4970 2240 5022 Dei
2274 4969 2636 5038 proprietates
2664 4970 2914 5038 cognosci
2947 4984 3054 5023 non
3103 4982 3261 5037 posse
3294 4968 3491 5038 abnu-

1923 5053 2079 5108 mana
2111 5035 2326 5103 natura,
2360 5035 2499 5092 forte
2528 5038 2690 5093 etiam
2713 5035 2813 5094 n'ec
2834 5041 2902 5093 ab
2926 5040 3048 5093 aliis
3078 5035 3275 5108 praeter
3293 5035 3488 5108 Filium

1920 5106 2281 5180 etASpiritum
2339 5116 2591 5180 sanctum
2633 5110 2828 5180 genitis
2879 5106 3237 5180 ιιειιιιδέτάχα
3287 5106 3343 5159 δὲ
3397 5107 3492 5161 καὶ

1920 5177 2124 5251 ἑτέροις
2149 5178 2562 5251 παράΧριστὺν
2616 5177 2712 5233 ,ἰαὶ
2756 5178 2816 5231 τὸ
2856 5178 3027 5251 ,ἅγιον
3063 5177 3301 5251 Πνεῦμα-
3329 5192 3491 5250 γενη-

1916 5252 2047 5311 τοῖς.
2078 5248 2421 5319 Νιιιιιιειωτ
2454 5250 2952 5321 repugnatgenitns
2990 5248 3248 5321 Deus,_si
3291 5249 3361 5300 ita
3393 5248 3490 5300 ac-

1916 5321 2180 5388 cipiatur;
2214 5330 2271 5373 at
2306 5333 2414 5387 quo
2442 5319 2604 5374 sensu
2645 5319 2974 5389 Epiphanius
3026 5330 3080 5372 et
3132 5319 3491 5387 Hieronymus

1916 5391 2213 5460 accipiunt,
2263 5392 2700 5460 nusquamapnd
2734 5390 3022 5457 Origenem
3076 5390 3349 5460 occurrit;
3383 5389 3489 5442 nisi

1918 5458 2059 5515 forte
2085 5459 2313 5514 velimus
2338 5463 2509 5529 ipsam
2540 5458 2720 5515 Patris
2742 5470 2989 5513 naturam
3034 5474 3099 5513 ex
3138 5458 3492 5529 nihilo_crea-

1920 5534 2130 5601 tamﬂab
2158 5527 2391 5601 Origene
2414 5530 2736 5601 existimari.
2776 5530 2907 5601 Nam
2944 5529 3275 5601 voluntatem
3313 5527 3489 5585 Patris

1919 5601 1971 5655 in
2023 5600 2160 5655 Filio
2190 5598 2360 5669 nasci,
2401 5600 2682 5672 γινόμενον
2732 5601 2791 5653 ὲν
2834 5599 2912 5670 τῷ
2936 5598 3085 5672 -Υἱῴ,
3120 5600 3401 5672 declarat,
3431 5608 3493 5672 ut

1920 5686 2081 5739 supra
2111 5672 2360 5726 vidimus.
2397 5701 2468 5712 —
2511 5669 2573 5725 Β.
2624 5669 2892 5725 Ριιιιιεηῑζ
2934 5669 3123 5726 Maium
3165 5670 3240 5723 De
3280 5669 3488 5724 divinit.

1923 5740 2141 5812 Christi,
2171 5743 2260 5798 lib.
2294 5758 2368 5811 tv,
2400 5759 2521 5814 cap.
2554 5741 2646 5810 t5,
2673 5758 2824 5797 num.
2855 5743 2914 5796 1.

3098 5905 3178 5964 ‘25
