4054 6310
3408 360 3508 411 782

282 366 379 426 781
1124 364 1693 423 ΟΒΙΟΕΝΙΑΝΟΒΗΜ
1734 364 1858 419 LIB.
1902 365 1965 428 ll,
2002 364 2155 420 CAP.
2198 363 2261 428 11,
2304 361 2579 430 ΩΙΙΑΞΞΤ.
2620 360 2683 415 11.

281 483 684 554 nem,quodille
705 483 1156 552 sitprimogenitus
1174 484 1340 537 omnis
1360 482 1848 552 creaturw,etquod
1881 487 1922 542 Α
1956 490 2013 533 ut
2061 488 2204 535 esset
2240 478 2430 544 Filius,
2466 477 2560 531 sed
2606 487 2820 546 semper
2867 473 2986 538 fuit,
3037 477 3227 537 etest,
3275 469 3417 523 sicut
3459 482 3512 523 et

279 592 387 647 prae
410 577 621 631 naturis
654 574 876 645 reliquis
902 575 970 629 sit
995 572 1344 644 τελειωτάτη,
1379 583 1437 627 ut
1473 573 1707 641 loquitur
1727 573 1844 627 Cle-

280 683 431 723 mens
474 666 871 721 Alexandrinns
901 666 992 720 lib.
1036 681 1107 719 vtt
1152 665 1375 720 Strom.:
1399 665 1509 718 Καὶ
1544 664 1842 733 ἁγιωτάτη,

278 760 373 814 καὶ
400 758 734 830 κυριωτάτη,
769 758 861 812 nat
889 756 1360 828 ἡγεμονικωτάτη,
1380 756 1845 826 καὶβασιλικωτά-

277 867 366 922 τη,
403 849 585 921 ἡΥἰοῦ
611 850 770 917 φύσις
804 849 935 920 ὴτῷ
976 849 1119 919 μόνῳ
1148 848 1546 920 παντοκράτορι
1589 865 1847 919 προσεχε-

279 940 471 1010 στάτη.
511 957 530 991 ε
566 938 987 1003 Perfectissima,
1020 951 1075 992 et
1101 938 1468 1003 sanctissima,
1514 950 1566 991 et
1615 940 1847 994 maxime

276 1033 584 1094 dominans,
608 1038 664 1085 et
693 1030 928 1084 maxime
967 1030 1315 1099 imperatoria
1348 1045 1412 1084 ac
1438 1030 1578 1098 regia
1597 1029 1718 1085 Filii
1752 1046 1847 1083 na-

277 1134 421 1191 tura,
442 1139 560 1193 qua:
583 1124 680 1179 soli
712 1123 1081 1193 Omnipotenti
1110 1123 1563 1192 propinquissima
1584 1131 1682 1178 est.
1700 1143 1718 1176 ι
1742 1123 1844 1177 Sed

277 1230 469 1286 parum
500 1215 726 1269 interest
752 1230 855 1284 qua
887 1228 1018 1270 voce
1044 1214 1165 1268 Filii
1203 1224 1383 1270 ortum
1417 1229 1446 1268 a
1485 1214 1643 1269 Patre
1677 1214 1845 1284 signi-

279 1305 544 1368 ﬁcaverit,
572 1306 685 1360 sive
711 1304 928 1359 κτιστόν
955 1304 1251 1372 appellans,
1306 1304 1419 1359 sive
1447 1304 1687 1374 ποιητόν,
1735 1303 1847 1357 sive

277 1396 558 1467 γεννητόν,
586 1397 872 1451 dummodo
898 1397 964 1452 de
990 1412 1047 1450 re
1088 1403 1314 1449 constet.
1346 1394 1689 1448 Manifestum
1724 1395 1848 1448 hinc

276 1498 361 1542 est
388 1489 553 1541 etiam
580 1502 683 1554 quo
706 1502 865 1541 sensu
890 1488 1089 1541 dixerit
1110 1495 1237 1541 tom.
1275 1488 1387 1541 uin
1411 1485 1599 1552 Joan.,
1625 1501 1771 1539 num.
1790 1486 1844 1551 ‘2,

277 1578 476 1633 Filium
519 1595 548 1633 e
584 1578 863 1632 divinitate
916 1577 1092 1632 Patris
1146 1578 1481 1632 divinitatem
1529 1594 1681 1632 suam
1716 1579 1844 1631 hau-

280 1674 388 1725 rire
425 1680 481 1725 ει
527 1670 767 1732 trahere,
802 1668 909 1721 ἀπὸ
936 1665 1029 1719 τοῦ
1065 1665 1199 1720 Θεοῦ
1242 1667 1541 1737 ἁρύσαντα,
1593 1679 1668 1730 et,
1711 1667 1847 1719 σπά-

1946 570 2128 625 Pater.
2166 587 2185 617 ι
2219 567 2579 635 Quamobrem
2618 562 2940 617 Athanasius
2996 560 3046 614 in
3096 560 3231 613 libro
3287 558 3361 611 De
3416 559 3511 610 de-

1945 657 2100 709 cretis
2146 654 2383 708 Nicwnw
2427 652 2613 722 synodi
2662 651 2740 705 sic
2767 650 2844 705 ait
2880 666 2893 704 :
2931 650 3066 721 Περὶ
3096 648 3151 701 δὲ
3197 646 3290 701 τοῦ
3331 647 3515 710 ἀϊδίως

1948 749 2182 799 συνεῖναι
2207 745 2297 799 τὸν
2325 745 2493 814 Λόγον
2520 743 2595 813 τῷ
2621 742 2903 813 Humi..."
2942 741 3140 806 ἐξέστω
3177 740 3335 794 πάλιν
3372 740 3514 809 ὑμᾶς

1946 838 2172 892 ἀκοῦσαι
2201 838 2292 891 καὶ
2320 836 2468 906 παρὰ
2499 832 2590 888 τοῦ
2641 833 2923 902 φιλοπόνου
2957 831 3257 902 Ὠριγένους
3290 847 3304 860 ·
3328 840 3381 884 ει
3414 830 3515 884 So-

1945 940 2143 995 crates,
2175 930 2266 983 lib.
2298 944 2396 991 vu,
2436 941 2555 995 cap.
2593 926 2657 990 6,
2703 934 2985 993 postquam
3046 922 3275 976 lectitari
3327 922 3514 977 solitos

1949 1022 2115 1077 fuisse
2141 1022 2275 1077 dixit
2306 1020 2583 1076 Platonem
2618 1035 2645 1072 a
2672 1018 2924 1086 Georgio,
2955 1014 3238 1085 Origenem
3280 1029 3308 1067 a
3332 1013 3514 1068 Timo-

1948 1116 2072 1169 theo
2096 1114 2313 1169 Arianis
2342 1112 2675 1182 presbyteris
2704 1129 2716 1164 :
2750 1108 3036 1179 Θαυμάσαι
3065 1102 3156 1160 οὖν
3186 1122 3296 1177 μοι,
3317 1106 3511 1174 inquit,

1946 1206 2122 1260 ἔπεισι
2166 1206 2281 1271 πῶς
2312 1200 2453 1260 οῦτοι
2492 1206 2540 1258 οἱ
2591 1202 2779 1274 ἄνδρες
2817 1204 2883 1273 τῇ
2919 1200 3205 1271 Ἀρειανῶν
3252 1197 3517 1272 θρησκείᾳ

1948 1298 2301 1369 παρέμειναν,
2338 1289 2413 1349 ὧν
2436 1297 2463 1347 6
2494 1296 2590 1366 μὲν
2620 1293 2709 1348 τόν
2738 1293 2997 1347 Πλάτωνα
3028 1292 3113 1345 ἀεὶ
3150 1288 3288 1361 μετὰ
3329 1291 3514 1360 χεῖρας

1948 1385 2090 1459 εἶχεν
2122 1406 2134 1418 ·
2160 1391 2187 1441 ό
2212 1388 2268 1442 δὲ
2289 1388 2378 1442 τὸν
2403 1386 2685 1458 Ὠριγένην
2701 1385 2955 1438 ἀνέπνεεν
2977 1403 2987 1414 ·
3006 1382 3125 1436 οὐδὲ
3155 1381 3262 1452 γὰρ
3291 1380 3516 1434 Πλάτων

1945 1482 2005 1533 τὸ
2025 1480 2273 1551 δεύτερον
2311 1480 2404 1532 καὶ
2432 1479 2491 1531 τὸ
2514 1478 2693 1550 τρίτον
2723 1479 2913 1539 αἴτιον,
2946 1475 3019 1538 ὼς
3047 1473 3207 1536 αὐτὸς
3232 1472 3517 1543 ὀνομάζειν

1948 1571 2156 1638 εἴωθεν,
2192 1570 2364 1642 ἀρχὴν
2400 1568 2683 1641 ὑπάρξεως
2718 1568 2992 1637 εἰληφέναι
3029 1566 3157 1636 φησί
3190 1581 3203 1593 ⁸
3239 1564 3331 1616 καὶ
3372 1564 3514 1634 Ὠρι-

1948 1665 2108 1735 γένης
2172 1664 2432 1717 συναῒδιον
2485 1662 2756 1733 πανταχοῦ
2825 1662 3071 1733 ὁμολογεῖ
3130 1660 3221 1713 τὸν
3262 1658 3388 1711 Υῑδν
3437 1656 3516 1727 τῷ

277 1780 450 1817 σαντα
477 1762 574 1831 τῆς
610 1760 858 1832 θεότητος
883 1761 962 1822 εἰς
990 1760 1201 1826 ἑαυτὸν,
1263 1762 1361 1814 boc
1396 1769 1500 1823 est,
1550 1761 1846 1828 portionem

1950 1755 2142 1828 Πατρί.
2196 1756 2366 1810 Vertit
2394 1754 2724 1823 Epiphanius
2772 1752 3137 1809 Scholasticus
3174 1768 3184 1799 :
3219 1770 3237 1804 ‹
3268 1751 3411 1820 Mihi.
3435 1760 3515 1805 ta-

275 1828 611 1916 divinitatis,
655 1828 763 1906 non
799 1852 1157 1906 divinitatem.
1194 1851 1483 1916 Praeterea,
1521 1854 1770 1920 quoniam
1804 1856 1845 1908 si
1881 1828 1921 1881 Β
1952 1863 2071 1899 men
2094 1847 2303 1900 videtur
2327 1846 2665 1911 admirabile,
2690 1847 2956 1914 quomodo
2986 1844 3120 1899 tales
3159 1844 3260 1899 viri
3282 1842 3512 1897 inAria-

275 1945 447 1999 solem
498 1954 758 1999 aeternum
794 1956 983 2010 ponas,
1036 1942 1208 1995 lucem
1271 1953 1594 1995 coaeternam
1650 1958 1849 2012 ponere

277 2051 501 2090 necesse
524 2043 629 2097 est,
675 2033 877 2088 idcirco
899 2044 1226 2087 coaeternum
1264 2032 1401 2086 Filio
1439 2032 1649 2087 Patrem
1684 2048 1848 2095 agno-

274 2129 356 2183 vit
406 2137 531 2180 tom.
583 2143 597 2179 I
638 2127 691 2179 in
730 2123 914 2187 Joan.,
964 2140 1111 2178 num.
1170 2124 1260 2178 ⁸52.
1299 2124 1426 2176 Ὅτε
1476 2124 1533 2177 δὲ
1570 2124 1629 2177 τό
1662 2141 1675 2153 °
1723 2126 1851 2189 Υἱός

270 2235 393 2286 ¹μου
407 2213 465 2271 εἷ
474 2217 574 2281 σὺ,
591 2216 703 2281 ἐγὼ
722 2215 987 2283 σήμερον
1006 2213 1335 2283 γεγέννηκά
1358 2231 1453 2277 σε,
1482 2214 1694 2283 λέγεται
1719 2216 1851 2286 πρὸς

277 2309 431 2364 αὑτὸν
466 2309 569 2362 ὑπὸ
596 2307 685 2362 τοῦ
713 2306 868 2372 Θεοῦ,
895 2300 938 2374 ᾧ
963 2306 1047 2359 ἀεί
1085 2308 1200 2358 ἐστι
1236 2306 1296 2358 τὸ
1331 2308 1569 2377 σήμερον
1604 2324 1615 2336 ⁸
1645 2307 1743 2360 οὐκ
1774 2306 1849 2359 ἔνι

276 2402 387 2473 γὰρ
420 2402 624 2474 ἑσπέρα
653 2400 786 2454 Θεοῦ
814 2417 827 2430 ·
859 2399 968 2468 ἐγὼ
1011 2399 1067 2452 δὲ
1112 2398 1348 2470 ἡγοῦμαι
1384 2399 1464 2450 ὅτι
1498 2398 1617 2451 οὐδὲ
1646 2400 1847 2469 πρωῒα,

273 2493 390 2546 ἀλλ’
420 2495 448 2545 6
478 2492 958 2563 συμπαρεκτείνων
984 2494 1050 2561 τῇ
1085 2491 1331 2561 ἀγενήτῳ
1367 2490 1459 2543 καὶ
1496 2490 1650 2559 ἀϊδίῳ
1684 2489 1847 2542 αὐτοῦ

272 2584 409 2653 ζωῇ,
428 2582 494 2635 ἵν’
520 2581 690 2643 οὕτως
712 2580 871 2645 εἴπω,
903 2580 1111 2650 χρόνος,
1148 2580 1329 2650 ἡμέρα
1365 2578 1510 2649 αὑτῷ
1532 2580 1645 2632 ἐστι
1676 2580 1848 2649 σήμε-

273 2690 389 2745 ρον,
420 2667 534 2745 ὲνῇ
568 2673 889 2743 γεγέννηται
915 2675 943 2724 ὁ
976 2673 1105 2736 Υἱός
1134 2689 1147 2701 ·
1181 2673 1353 2745 ἀρχῆς
1390 2673 1652 2739 γενέσεως
1686 2672 1847 2725 αὐτοῦ

269 2764 446 2830 οὕτως
482 2767 579 2836 οὐχ
627 2765 1043 2837 εὑρισκομένης,
1094 2764 1167 2827 ὼς
1198 2763 1319 2816 οὐδὲ
1364 2763 1464 2833 τῆς
1514 2763 1723 2835 ἡμέρας
1752 2781 1764 2794 ·
1797 2774 1850 2817 ει

272 2856 372 2915 lib.
406 2857 615 2925 [Περὶ
665 2856 891 2925 ἀρχῶν,
926 2872 1047 2925 cap.
1086 2856 1141 2917 2,
1177 2872 1327 2913 num.
1358 2854 1456 2909 10:
1495 2873 1512 2906 ι
1542 2855 1644 2908 Per
1673 2856 1848 2909 Evan-

270 2949 476 3019 gelium
507 2949 733 3004 docetur
764 2949 891 3019 quia
919 2948 1095 3001 omnia
1126 2964 1217 3016 per
1260 2948 1429 3014 ipsum
1467 2946 1607 3015 facta
1636 2956 1776 3010 sunt,
1800 2956 1847 3000 et

269 3044 386 3095 sine
419 3042 529 3110 ipso
559 3040 754 3109 factum
786 3051 859 3095 est
894 3038 1026 3093 nihil
1068 3039 1135 3071 ³⁸·
1171 3056 1187 3091 :
1238 3048 1293 3095 et
1325 3040 1584 3109 intelligat
1612 3054 1677 3094 ex
1725 3040 1847 3101 hoc,

270 3132 402 3201 quia
447 3148 551 3187 non
611 3141 785 3202 potest
845 3129 1118 3199 antiquior
1185 3143 1309 3184 esse
1383 3130 1437 3184 in
1514 3129 1623 3183 Deo
1675 3129 1918 3217 omni-c

268 3226 512 3293 potentis
541 3223 845 3292 appellatio,
882 3239 1045 3293 quam
1102 3221 1282 3276 Patris
1310 3239 1323 3275 :
1359 3236 1456 3291 per
1486 3220 1677 3275 Filium
1705 3222 1847 3275 enim

268 3316 621 3384 omnipotens
667 3324 752 3370 est
812 3313 1002 3379 Pater;
1064 3332 1083 3365 ι
1151 3322 1207 3367 ει
1262 3313 1442 3381 capite
1498 3314 1742 3382 sequenti
1785 3314 1850 3366 de

271 3408 339 3463 S.
383 3408 650 3462 Triuitate
691 3406 916 3476 loquens
965 3406 1040 3460 ait
1074 3423 1221 3460 num.
1256 3405 1289 3459 4
1324 3424 1337 3459 :
1373 3425 1390 3455 ι
1436 3405 1509 3459 Ea
1556 3404 1625 3459 de
1655 3405 1850 3473 quibus

275 3500 581 3569 loquimur,
614 3508 845 3554 tractatu
898 3497 1118 3569 quidem
1170 3496 1437 3552 sermonis
1482 3496 1852 3565 temporaliter

268 3592 650 3658 nominantur,
704 3600 895 3646 natura
943 3598 1124 3645 autem
1159 3592 1241 3645 sui
1289 3604 1505 3646 omnem
1555 3588 1851 3658 intelligen-

268 3684 405 3737 tiam
442 3697 636 3737 sensus
672 3681 986 3750 temporalis
1028 3682 1327 3747 excedunt;
1379 3698 1397 3732 ι
1442 3688 1498 3733 ει
1544 3679 1637 3733 lib.
1684 3694 1756 3744 tv,
1794 3680 1850 3732 in

268 3773 738 3843 Anacephalwosi,
774 3788 926 3828 num.
960 3772 1031 3829 28
1067 3788 1081 3827 ;
1118 3792 1136 3824 ι
1179 3771 1352 3842 Supra
1406 3786 1565 3825 omne
1615 3780 1848 3839 tempus,

267 3876 328 3920 et
352 3878 518 3929 supra
558 3864 737 3918 omnia
790 3865 1006 3930 saecula,
1049 3873 1102 3918 et
1134 3880 1295 3933 supra
1326 3878 1539 3918 omnem
1574 3865 1846 3918 aeternita-

272 3969 382 4013 tem
419 3955 764 4026 intelligenda
807 3964 933 4010 sunt
974 3970 1038 4010 ea
1065 3972 1182 4025 qua:
1212 3957 1275 4011 de
1308 3955 1487 4018 Patre,
1519 3966 1573 4010 et
1602 3956 1762 4019 Filio,
1797 3962 1850 4008 ct

270 4049 482 4120 Spiritu
510 4055 699 4103 sancto
724 4048 996 4103 dicuntur.
1022 4048 1151 4102 Haec
1177 4048 1318 4103 enim
1346 4047 1457 4102 sola
1493 4047 1733 4102 Trinitas
1764 4056 1850 4101 est

271 4159 394 4213 quae
420 4158 636 4198 omnem
668 4158 888 4198 sensum
933 4142 1319 4211 intelligentiae,
1360 4158 1465 4198 non
1504 4141 1674 4197 solum
1706 4151 1846 4194 tctu-

271 4237 500 4307 poralis,
529 4251 716 4291 verum
743 4235 905 4290 etiam
928 4235 1199 4290 mternalis
1221 4234 1454 4289 excedit.
1473 4233 1676 4289 Caetera
1694 4249 1843 4296 vero,

270 4345 393 4398 qua:
418 4338 541 4383 sunt
575 4339 727 4383 extra
765 4327 1111 4393 Trinitatem,
1158 4327 1210 4380 in
1244 4328 1455 4383 saeculis
1505 4335 1559 4382 et
1610 4328 1662 4380 in
1711 4337 1845 4380 temo

270 4420 494 4489 poribus
530 4420 800 4473 metienda
846 4430 990 4474 sunt.
1032 4438 1051 4471 ι
1093 4417 1225 4484 Quae
1277 4418 1393 4472 loca
1431 4432 1551 4486 cap.
1590 4418 1656 4471 15
1678 4426 1731 4470 ει
1775 4417 1842 4472 l9

1952 1952 2138 1989 norum
2162 1936 2275 2006 lege
2314 1938 2631 2002 manserint,
2664 1952 2889 2005 quorum
2923 1952 3059 1991 unus
3084 1936 3298 2006 quidem
3329 1934 3514 1990 Plato-

1951 2045 2071 2082 nem
2126 2042 2337 2087 semper
2373 2028 2605 2083 habebat
2653 2029 2705 2083 in
2751 2028 3037 2095 manibus,
3079 2029 3218 2084 alter
3273 2028 3515 2097 spirabat

1945 2120 2145 2191 jngiter
2188 2120 2474 2191 Origenem
2516 2140 2530 2174 :
2566 2137 2685 2177 cum
2721 2137 2986 2191 nusquam
3015 2122 3169 2177 Plato
3219 2121 3511 2176 secundam

1951 2214 2031 2266 vel
2072 2213 2281 2267 tertiam
2343 2229 2561 2268 causam
2631 2213 2792 2284 (sicut
2845 2214 2961 2282 ipse
3009 2213 3291 2267 nominare
3352 2211 3510 2282 solet)

1952 2306 2159 2358 initium
2186 2306 2544 2361 subsistentia:
2582 2314 2788 2360 asserat
2811 2306 3139 2373 percepisse,
3162 2314 3216 2359 et
3253 2303 3514 2373 Origenes

1950 2405 2274 2450 comternurn
2304 2394 2503 2464 ubique
2524 2395 2760 2449 fateatur
2789 2394 2983 2449 Filium
3016 2393 3198 2459 Patri;
3224 2414 3242 2446 ι
3268 2393 3514 2449 eLGuido

1950 2486 2197 2541 Elnensis
2225 2486 2275 2539 in
2307 2478 2526 2542 Summa
2572 2492 2637 2543 de
2686 2488 2971 2542 Itwresibus
3003 2503 3021 2541 :
3062 2506 3081 2540 ε
3123 2486 3407 2555 Origenes,
3436 2487 3516 2539 in-

1949 2578 2086 2646 quit,
2126 2596 2283 2649 super
2344 2577 2637 2650 Epistolam
2684 2582 2752 2633 ad
2803 2578 2957 2633 Rom.
2998 2594 3012 2633 t
3063 2594 3167 2633 non
3191 2586 3273 2634 est
3296 2587 3517 2633 secutus

1948 2684 2188 2726 errorem
2237 2672 2352 2725 Arii
2386 2674 2451 2726 de
2492 2672 2808 2727 exsisteutia
2841 2671 2963 2726 Filii
3002 2671 3094 2726 Dei
3131 2687 3146 2724 :
3177 2671 3341 2726 Arius
3368 2672 3512 2727 enim

1948 2763 2080 2816 dicit
2102 2765 2241 2831 quod
2269 2774 2385 2818 erat
2420 2774 2627 2835 tempus
2656 2765 2874 2834 quando
2903 2762 2996 2817 Dei
3036 2764 3205 2819 Filius
3234 2782 3338 2821 non
3373 2774 3514 2831 erat,

1949 2856 2091 2922 quod
2123 2854 2373 2923 reprobat
2420 2854 2684 2923 Origenes
2707 2856 3011 2926 dupliciter,
3042 2860 3215 2927 primo
3241 2871 3517 2926 exponens

1950 2947 2077 3002 illud
2102 2946 2257 3002 Rom.
2295 2962 2340 3011 ι,
2374 2946 2476 3011 Qui
2507 2946 2675 3014 {actus
2704 2958 2777 3001 est
2805 2966 2869 3002 ea:
2899 2950 3094 3003 semine
3123 2947 3291 3001 David
3331 2963 3516 3000 secun-

1949 3038 2073 3091 dum
2096 3055 2326 3103 carnem,
2354 3040 2486 3095 dicit
2511 3039 2590 3093 sic
2623 3057 2637 3095 :
2672 3039 2866 3094 Factus
2887 3051 2970 3095 est
2998 3049 3177 3093 autem
3211 3039 3330 3093 sine
3351 3038 3517 3093 dubio

1951 3128 2003 3184 id
2030 3132 2168 3199 quod
2202 3132 2349 3201 prius
2384 3148 2488 3193 non
2523 3142 2642 3188 erat
2675 3134 2972 3188 secundum
3022 3148 3237 3188 carnem
3272 3147 3286 3184 :
3325 3147 3517 3186 secun-

1953 3226 2076 3279 dum
2119 3235 2296 3278 autem
2352 3226 2621 3294 spiritum,
2671 3226 2725 3280 id
2779 3236 2862 3281 est
2901 3227 3191 3281 secundum
3229 3225 3515 3290 Deitatem,

1952 3332 2055 3386 qua
2089 3315 2229 3370 Deus
2252 3326 2332 3371 est
2365 3317 2608 3386 spiritus,
2654 3317 2803 3386 prius
2832 3327 2971 3385 erat,
3002 3327 3055 3372 et
3097 3331 3203 3371 non
3224 3324 3342 3371 erat
3382 3326 3519 3369 tem-

1950 3424 2049 3478 pus
2074 3409 2290 3478 quando
2315 3425 2420 3462 non
2475 3417 2613 3462 erat.
2673 3406 2921 3463 Secundo
2972 3406 3225 3476 reprobat
3271 3420 3515 3460 errorem

1951 3499 2061 3551 Arii
2093 3514 2213 3552 cum
2248 3499 2325 3552 ait
2356 3517 2369 3552 :
2402 3498 2811 3561 Observandum
2841 3508 2923 3553 est
2951 3499 3095 3552 enim
3146 3498 3273 3566 quia
3297 3512 3403 3552 non
3436 3498 3517 3552 di-

1948 3593 2024 3644 cit
2065 3607 2079 3642 :
2118 3589 2223 3654 Qui
2282 3592 2683 3658 prwdestinatus
2726 3599 2799 3643 est
2852 3587 3021 3642 Filius
3061 3588 3159 3642 Dei
3222 3590 3278 3640 in
3329 3589 3519 3643 virtute

1949 3683 2489 3751 secundnnﬁspiritum
2512 3680 2966 3749 sanctiﬁcationis,
2987 3682 3081 3734 sed
3108 3680 3152 3710 ³⁸
3183 3679 3318 3733 dicit
3359 3697 3372 3733 :
3410 3678 3518 3746 Qui

1950 3773 2241 3825 destinatus
2273 3782 2347 3825 est
2395 3771 2570 3826 Filius
2620 3772 2715 3827 Dei
2758 3773 2813 3827 in
2874 3774 3145 3827 virtute...
3207 3772 3518 3828 Destinatur

1948 3865 2091 3920 enim
2117 3864 2206 3918 ille
2241 3864 2331 3932 qui
2367 3874 2491 3919 est:
2525 3865 2942 3934 praedestinatur
2970 3879 3098 3918 vero
3135 3863 3224 3917 ille
3249 3866 3336 3933 qui
3377 3880 3515 3920 non-

1949 3960 2074 4014 dum
2103 3967 2187 4014 est
2214 4001 2230 4027 ,
2260 3959 2402 4013 sicut
2427 3961 2493 4012 de
2522 3958 2605 4013 bis
2639 3958 2768 4012 dicit
2800 3957 3089 4027 Aposmlus
3120 3973 3133 4008 :
3161 3957 3302 4023 Quos
3341 3967 3517 4014 autem

1946 4052 2224 4116 prwscivit,
2251 4050 2371 4104 illos
2398 4060 2444 4103 et
2484 4049 2870 4120 prwdestinavit
2902 4049 2965 4104 ³⁷.
3004 4048 3250 4104 Praesciri
3295 4065 3423 4121 ergo
3464 4062 3519 4103 et

1948 4143 2317 4212 praedestinari
2380 4152 2607 4212 possunt
2660 4141 2733 4195 illi
2782 4142 2871 4209 qui
2920 4142 3160 4195 nondum
3202 4152 3367 4209 sunt;
3430 4141 3518 4196 ille

1947 4246 2124 4289 autem
2154 4235 2375 4304 quiest,
2407 4244 2461 4290 et
2510 4250 2723 4303 semper
2764 4245 2867 4297 est,
2914 4250 3021 4289 non
3078 4234 3514 4303 praedestinatur,

1946 4328 2037 4381 sed
2070 4328 2434 4382 destinatur...
2466 4326 2636 4383 Filius
2675 4338 2856 4382 autem
2893 4328 2986 4383 Dei
3046 4341 3260 4395 semper
3290 4324 3393 4379 fuit
3448 4327 3517 4378 ab

1946 4426 2165 4482 aeterno,
2209 4426 2265 4471 et
2303 4433 2406 4472 non
2440 4418 2538 4472 iuit
2567 4429 2774 4489 tempus
2806 4420 3020 4490 quando
3057 4433 3165 4471 non
3195 4416 3379 4471 fuerit.
3414 4414 3517 4470 Ubi

271 4520 501 4580 usurpat
545 4510 776 4579 scriptor
819 4508 999 4579 operis
1037 4508 1116 4560 De
1152 4508 1345 4561 deitate
1390 4517 1439 4561 et
1479 4508 1843 4561 incarnatione
1876 4510 1919 4564 D
1951 4516 2094 4576 patet
2126 4509 2267 4578 quod
2296 4507 2554 4579 Origenes
2584 4525 2826 4565 errorem
2855 4510 2970 4564 Arii
3024 4509 3168 4565 clare
3219 4509 3459 4564 damnat.
3490 4526 3511 4560 ι

281 4600 459 4667 Verbi,
487 4603 629 4671 quod
661 4601 889 4655 habetur
915 4600 969 4654 in
991 4599 1139 4654 calce
1168 4600 1344 4669 quarti
1375 4599 1503 4652 tomi
1530 4599 1835 4669 Augustini.

271 4690 368 4747 His
419 4692 648 4761 adjunge
698 4699 755 4745 et
805 4691 966 4745 istum
1004 4704 1036 4744 e
1076 4689 1172 4744 lib.
1214 4707 1229 4743 ι
1268 4692 1324 4744 in
1367 4688 1538 4757 Epist.
1573 4692 1639 4743 ad
1662 4687 1837 4753 Rom.,

270 4799 392 4852 cap.
422 4785 475 4851 1,
500 4800 649 4838 num.
674 4784 707 4838 5
752 4803 765 4837 :
808 4802 827 4835 ι
859 4783 957 4850 Qui
996 4791 1266 4852 nunquam
1320 4785 1733 4853 praedestinatus
1762 4791 1843 4836 est

339 4939 406 4971 ³⁸¹
435 4937 591 4994 Joan.
640 4955 679 5002 ι,
735 4937 789 4991 5.
920 4939 978 4969 ⁷³⁸
1019 4937 1172 4996 Rom.
1204 4953 1241 5004 ι,
1279 4938 1334 4993 4.

271 5117 460 5173 neret;
488 5109 575 5163 isti
605 5123 753 5175 vero,
789 5109 913 5178 quia
945 5117 1028 5163 est
1053 5109 1214 5175 Deus,
1249 5106 1506 5169 Verbum,
1542 5105 1837 5175 Sapientia,

277 5181 507 5245 Veritas,
546 5178 800 5248 splendor
823 5179 999 5232 Patris
1025 5190 1079 5234 et
1126 5178 1726 5249 imagoabsolutissima
1756 5181 1838 5232 cui

270 5250 405 5303 nihil
457 5247 597 5302 desit
637 5250 775 5317 quod
815 5249 1034 5318 quidem
1081 5251 1150 5304 sit
1197 5247 1259 5302 in'
1290 5248 1473 5318 Patre.
1499 5247 1635 5313 Quin
1677 5249 1839 5303 etiam

274 5335 377 5372 non
404 5319 568 5373 solius
599 5318 776 5373 Patris
813 5317 1221 5387 Omnipotentim
1260 5317 1494 5373 consulit
1534 5319 1586 5371 in
1614 5319 1711 5369 hac
1744 5320 1835 5372 ab-

270 5390 436 5442 surda
474 5391 746 5458 opinione,
804 5390 896 5442 scd
946 5391 1113 5457 ipsius
1160 5390 1320 5442 etiam
1352 5387 1523 5458 _Fi|ii.
1571 5387 1839 5442 Metuebat

269 5460 415 5513 enim
443 5456 612 5512 ut'vel
642 5458 803 5511 Pater
835 5456 1194 5527 omnipo'cns,
1226 5458 1307 5511 vel
1348 5456 1517 5511 Filius
1550 5458 1839 5525 aporrhaaa

272 5529 417 5583 illius
447 5531 847 5597 omnipotentiae
878 5544 1091 5597 semper
1141 5529 1303 5581 fuisse
1354 5528 1838 5597 detuonstraretur,

272 5602 371 5651 nisi
426 5596 761 5653 exstitissent
787 5614 871 5652 res
900 5596 1093 5652 creatae
1120 5599 1174 5651 in
1214 5596 1522 5664 quasPater
1556 5607 1611 5651 et
1646 5596 1836 5663 Filius,

271 5669 466 5787 auibus
509 5685 668 5722 unam
710 5680 763 5721 et
798 5668 1040 5722 eamdem
1088 5668 1531 5734 omnipotentiam
1576 5667 1838 5731 adhibuit,

306 5740 700 5787 mninarentur.
738 5737 858 5787 llzec
884 5738 1058 5787 legere
1094 5746 1176 5787 est
1213 5737 1266 5787 in
1300 5738 1390 5787 lib.
1430 5752 1448 5787 ι
1486 5736 1563 5787 De
1593 5738 1835 5787 vrincin..

306 5740 700 5793 ominarentur.
738 5737 858 5791 llazc
884 5738 1058 5806 legere
1094 5746 1176 5791 est
1213 5737 1266 5790 in
1300 5738 1390 5791 lib.
1430 5752 1448 5791 ι
1486 5736 1563 5791 De
1592 5738 1835 5805 princip.,

275 5822 393 5874 cap.
426 5809 481 5875 3,
510 5825 657 5863 num.
693 5807 778 5863 10.
835 5810 1188 5874 Quamobrem
1244 5807 1357 5862 hazc
1403 5810 1468 5864 de
1519 5807 1837 5863 mundorum

1947 4601 2197 4655 Pluribus
2230 4601 2281 4655 id
2313 4602 2541 4671 probare
2569 4603 2896 4671 superﬂuum
2914 4611 3016 4668 est,
3035 4601 3176 4671 quod
3205 4616 3271 4655 ex
3304 4601 3520 4671 gemino

1947 4692 2198 4763 Origenis
2224 4693 2341 4749 loco
2368 4694 2500 4749 satis
2533 4696 2784 4762 probavit
2827 4695 3161 4749 Athanasius
3195 4694 3247 4747 in
3281 4693 3515 4748 Decretis

1952 4780 2187 4837 Νὶεωηω
2241 4784 2450 4852 synodi.
2509 4782 2679 4839 Porro
2725 4799 2845 4851 qua:
2892 4786 2958 4840 de
2999 4784 3120 4840 Filii
3171 4788 3520 4856 generatione

1446 4939 1487 4970 ³⁷
1520 4937 1673 4993 Rom.
1744 4955 1859 5006 vm,
1921 4938 2012 4993 29.

1950 5109 2291 5181 antiquitate,
2314 5120 2415 5181 aut
2445 5109 2490 5163 si
2520 5108 2953 5181 vis,aeternitate
2978 5109 3189 5181 opinio,
3217 5123 3331 5181 non
3348 5110 3516 5181 magis

1948 5180 2091 5231 Ιςειιὶι
2140 5180 2494 5249 aeternitatem
2522 5177 2642 5233 Filii
2670 5196 2832 5249 quam
2885 5177 3080 5234 Patris.
3124 5178 3261 5234 Hinc
3291 5177 3515 5235 Hermo-

1947 5265 2109 5318 genes
2132 5250 2218 5316 qui
2245 5248 2418 5302 adhuc
2449 5248 2735 5304 absurdius
2765 5253 3041 5304 materiam
3078 5251 3371 5303 increatam
3416 5251 3516 5305 lin-

1946 5323 2125 5388 gebut,
2186 5319 2315 5372 nihil
2357 5320 2479 5374 novi
2534 5319 2601 5373 de
2652 5319 2787 5374 Filio
2839 5320 2953 5383 Dei,
2990 5330 3125 5373 teste
3160 5319 3512 5387 Tertulliano,

1944 5387 2251 5455 el‘l‘utierat;
2283 5404 2383 5459 nec
2402 5392 2814 5444 consecutiones
2838 5406 2974 5458 quas
3003 5405 3066 5443 ex
3101 5390 3216 5459 ejus
3244 5392 3515 5445 sententia

1948 5461 2139 5530 merito
2172 5461 2311 5530 eruit
2335 5458 2728 5530 ATertullianus,
2758 5462 2928 5530 magis
2954 5463 3004 5513 in
3029 5458 3243 5522 Filium,
3266 5476 3430 5529 quam
3460 5462 3512 5515 in

1944 5527 2157 5583 Patrem
2191 5528 2394 5595 injuria:
2423 5539 2568 5588 sunt.
2591 5558 2661 5571 —
2690 5530 2751 5583 D.
2783 5527 2943 5585 Prud.
2980 5531 3170 5585 Marum
3197 5527 3514 5587 De'divinit.

1946 5598 2159 5671 Christi,
2192 5599 2283 5671 lib.
2316 5614 2396 5671 tv,
2422 5601 2667 5671 cap.__M,
2713 5617 2858 5655 num.
2888 5600 2938 5655 5.
2959 5601 3091 5656 Vide
3132 5603 3351 5669 insuper
3389 5599 3514 5671 Bul-

1949 5668 2056 5721 lum
2111 5669 2319 5737 Defens.
2343 5668 2502 5795 ofdei'
2534 5669 2767 5727 Nicazna:
2822 5673 2888 5728 de
2941 5671 3062 5727 Filii
3110 5671 3187 5743 τῷ
3239 5668 3509 5744 ἀυναῐόιῳ,

1949 5741 2137 5796 cau.5.
2167 5755 2313 5796 num.
2382 5777 2397 5795 .

1942 5753 2061 5810 cap.
2082 5753 2137 5810 ὀ,
2167 5755 2313 5796 num.
2343 5753 2397 5795 υ.
