4054 6310
508 332 612 391 733

1771 329 1832 388 Ρ.
1877 329 2190 387 DANIELIS
2228 329 2460 387 HUETII

3647 323 3748 382 781

505 451 763 515 diximus,
801 447 987 503 eadem
1015 447 1079 501 de
1108 445 1345 518 Spiritus
1382 446 1556 502 sancti
1602 447 1949 517 processione
1989 447 2075 502 in-
2105 451 2148 507 Α
2179 447 2418 516 gignitur
2445 447 2512 501 ab
2545 444 2689 514 igne,
2722 452 2890 515 atque
2933 440 3276 508 diffunditur,
3307 453 3522 496 coaevus
3547 438 3621 492 illi
3645 451 3746 507 est,

503 541 788 612 telligeuda
817 547 962 595 sunt.
1353 595 1359 602 _

573 630 653 688 Ne
681 631 804 702 quis
848 645 977 686 vero
1012 643 1112 682 nos
1157 626 1305 691 solis,
1345 627 1648 698 solarisque
1703 628 1838 684 radii
1887 643 2077 685 exem-

503 723 676 793 plum;
715 723 780 778 ad
831 721 1185 778 declarandos
1215 717 1468 790 Origenis
1505 735 1697 775 sensus
1739 721 1908 792 gratis
1937 722 2078 776 asci-

502 816 645 871 visse
674 823 843 885 putet,
897 828 963 869 en
1019 814 1191 882 ipsius
1251 815 1416 868 verba
1459 813 1606 869 hom.
1640 829 1693 867 ix
1751 815 1807 867 in
1850 813 2072 882 larem,

500 923 647 962 num.
671 909 705 962 4
749 924 761 960 :
796 905 904 975 (15)
947 904 1072 964 Ἐὰν
1092 900 1184 958 οὖν
1215 904 1492 976 ἐπιστήσω
1523 921 1605 958 σοι
1654 905 1745 982 ἐπὶ
1770 906 1862 959 τοῦ
1897 907 2077 978 Σωτῆ-

503 1013 627 1068 ρος,
669 997 750 1050 ὅτι
809 996 929 1067 οὐχὶ
972 995 1260 1068 ἐγέννησεν
1302 998 1330 1048 6
1383 996 1571 1069 Πατὴρ
1625 996 1716 1049 τὸν
1777 998 1926 1063 Υῑὸν,
1981 999 2076 1052 καὶ

495 1086 764 1140 ἀπέλυσεν
798 1085 960 1162 αὐτὸν
997 1089 1024 1139 ὁ
1071 1087 1260 1158 Πατὴρ
1302 1086 1409 1140 ἀπὸ
1447 1087 1544 1158 τῆς
1585 1087 1850 1156 γενέσεως
1886 1088 2074 1157 αὐτοῦ,

493 1178 608 1232 ἀλλ’
635 1178 721 1231 ἀεὶ
751 1179 914 1250 γεννᾷ
931 1178 1091 1232 αὐτόν
1111 1197 1124 1210 ο
1143 1180 1478 1251 παραστήσω
1506 1179 1597 1232 καὶ
1625 1180 1716 1232 ἐπὶ
1742 1179 1835 1232 τοῦ
1867 1179 2073 1233 δικαίου

492 1271 872 1344 παραπλήσιον
903 1289 917 1302 ⁸
956 1271 1154 1344 ἴδωμεν
1195 1272 1252 1325 δὲ
1308 1271 1392 1335 τίς
1418 1271 1572 1343 ἡμῶν
1604 1273 1750 1326 ἐστιν
1790 1274 1818 1325 ὁ
1861 1275 2071 1347 Σωτήρ.

503 1361 870 1436 ’Δπαύγασμα
901 1363 1060 1435 δόξης
1083 1380 1097 1394 ·
1123 1363 1185 1416 τὸ
1214 1363 1554 1435 ἀπαύγασμα
1579 1364 1736 1435 δόξης
1783 1367 1900 1437 οὐχὶ
1929 1367 2074 1435 ἅπαξ

488 1453 830 1525 γεγέννηται,
858 1454 952 1508 καὶ
978 1453 1097 1523 οὐχὶ
1122 1455 1376 1523 γεννᾶται
1402 1471 1414 1484 ·
1441 1454 1554 1507 ἀλλ’
1575 1455 1698 1510 ὅσον
1728 1457 1844 1510 ἐστὶ
1878 1457 1937 1510 τὸ
1959 1457 2074 1528 φῶς

419 1564 446 1579 ·
490 1547 772 1618 ποιητικὸν
811 1545 901 1598 τοῦ
933 1546 1388 1617 ἀπαυγάσματος,
1427 1546 1518 1599 ἐπὶ
1546 1546 1797 1600 τοσοῦτον
1819 1551 2073 1617 γεννᾶται

488 1639 550 1693 τὸ
579 1639 919 1708 ἀπαύγασμα
950 1638 1049 1709 τῆς
1083 1637 1242 1710 δόξης
1275 1637 1370 1692 τοῦ
1412 1638 1548 1692 Θεοῦ
1570 1657 1582 1671 ·
1610 1640 1638 1692 ὁ
1690 1640 1878 1713 Σωτὴρ
1918 1642 2073 1713 ἡμῶν

491 1729 650 1798 σοφία
695 1729 812 1782 ἐστὶ
856 1728 949 1782 τοῦ
986 1728 1118 1782 Θεοῦ
1159 1745 1173 1758 °
1225 1729 1341 1781 ἐστὶ
1376 1729 1432 1781 δὲ
1463 1731 1496 1800 ὴ
1535 1729 1696 1798 σοφία
1735 1731 2072 1801 ἀπαύγασμα

2181 545 2410 594 etesset
2438 545 2762 602 coaeternus,
2795 536 2839 590 si
2880 543 3025 589 esset
3058 533 3198 603 ignis
3233 541 3491 586 aeternus.
3527 550 3544 582 ι
3570 528 3753 596 Itaque

2181 642 2248 683 eo
2275 627 2622 697 discrepabat
2647 627 2716 681 ab
2743 625 2978 696 Origene
3010 623 3194 686 Arius,
3239 625 3379 690 quod
3417 621 3507 674 hic
3557 620 3752 675 Filium

2182 720 2392 776 diceret
2415 734 2535 774 esse
2567 720 2769 774 factum
2796 717 2854 784 ἐξ
2884 718 2984 770 οὐκ
3015 715 3326 779 δντων,ὶιοο
3353 724 3437 768 est
3463 729 3528 767 ra:
3565 713 3752 780 nihilo,

2181 819 2383 868 etcum
2421 820 2580 866 antea
2618 827 2724 866 non
2764 819 2907 865 esset
2954 827 2967 864 :
3016 809 3106 864 ille
3152 816 3395 877 paterna;
3439 807 3758 862 substantia

2181 911 2482 980 portionem
2529 918 2648 960 esse
2676 911 2732 959 et
2789 900 3057 957 eﬁluvinm
3109 901 3177 954 ab
3202 909 3407 955 aeterno
3435 913 3666 952 manans
3703 907 3758 954 et

2181 1001 2327 1056 Patri
2355 1007 2713 1054 coaeternum.
2749 995 2867 1062 Quo
2896 993 2944 1046 in
2976 1006 3164 1046 errore
3199 999 3447 1044 versatos
3475 1004 3598 1045 esse
3629 988 3758 1043 Psa-

2185 1094 2469 1166 thyrianos
2500 1089 2813 1150 haereticos,
2845 1084 2980 1141 Ario
3023 1094 3339 1156 prognatos,
3365 1095 3552 1137 narrat
3583 1081 3760 1138 Theo-

2181 1186 2405 1238 doretus
2437 1181 2490 1235 in
2533 1177 2625 1234 lib.
2657 1193 2711 1231 Iv
2743 1175 2823 1231 De
2850 1176 2981 1230 liter.
3026 1173 3135 1243 fab.
3185 1173 3431 1243 Scriptor
3468 1173 3655 1241 operis
3686 1171 3761 1227 De

2179 1274 2373 1328 deitate
2412 1280 2461 1325 et
2509 1268 2871 1323 incarnatione
2911 1263 3090 1330 Verbi,
3129 1265 3197 1317 ad
3258 1260 3613 1326 Januarium,
3664 1262 3757 1331 qui

2183 1365 2248 1418 ad
2297 1363 2505 1419 calcem
2553 1359 2681 1414 tomi
2735 1356 2798 1413 IV
2847 1357 3130 1428 Augustini
3190 1356 3478 1427 reperitur,
3531 1365 3589 1408 et
3643 1353 3760 1411 fere

2181 1456 2432 1529 Origenis
2496 1453 2712 1509 laciniis
2781 1451 3164 1508 suffarcinatus
3233 1457 3365 1514 est,
3441 1447 3759 1503 auctoribus

2180 1547 2393 1604 Joanne
2437 1557 2492 1602 ct
2541 1545 2710 1602 Paulo
2763 1543 3012 1615 generari
3046 1541 3279 1598 Verbum
3323 1540 3461 1596 dixit
3507 1554 3630 1609 cap.
3667 1540 3756 1606 ill,

2179 1639 2633 1711 quemadmodum
2681 1637 2938 1709 splendor
2965 1651 2992 1689 a
3025 1635 3143 1690 luce
3171 1632 3532 1705 proliciscitur
3562 1651 3578 1688 :
3614 1650 3633 1682 ι
3659 1630 3756 1687 Est

2182 1746 2436 1801 namque,
2474 1731 2671 1799 inquit,
2717 1729 2794 1782 ita
2825 1737 3026 1782 aeterna
3065 1741 3130 1782 ac
3162 1725 3494 1795 sempiterna
3525 1737 3755 1793 genera-

488 1821 665 1888 φωτὸς
697 1821 868 1874 ἀϊδίου
895 1837 909 1851 ο
946 1824 994 1874 εἰ
1021 1816 1114 1874 οὖν
1146 1822 1174 1874 ὁ
1219 1819 1409 1893 Σωτὴρ
1437 1821 1523 1875 ἀεὶ
1551 1825 1822 1892 γεννᾶται,
1863 1823 1958 1878 καὶ
1985 1823 2053 1878 διὲ

2176 1824 2269 1890 ιίο,
2299 1823 2438 1878 sicut
2473 1822 2730 1892 splendor
2760 1830 3052 1892 generatur
3084 1835 3114 1874 a
3153 1818 3314 1884 luce;
3357 1835 3378 1870 ›
3411 1827 3465 1872 et
3494 1831 3614 1885 cap.
3647 1815 3749 1871 i9:

487 1912 646 1966 ⁵τοῦτο
694 1913 840 1982 λέγει
885 1929 900 1944 ο
948 1911 1068 1981 Πρὸ
1097 1911 1164 1965 δὲ
1196 1911 1438 1966 πάντων
1461 1913 1711 1977 βουνῶν
1737 1915 1920 1985 γεννᾷ
1951 1933 2028 1986 με
2050 1933 2064 1948 ·

483 2005 608 2076 οὐχι
655 2004 711 2057 δέ
737 2022 750 2034 ·
778 2004 897 2073 Πρὸ
928 2004 996 2059 δὲ
1044 2004 1161 2058 τῶν
1190 2003 1431 2058 πάντων
1455 2004 1702 2069 ,βουνῶν
1750 2007 2069 2079 γεγέννηκέ

370 2112 378 2124 ‘
479 2114 558 2167 με
589 2113 603 2129 ο
638 2096 775 2150 ἀλλὰ
796 2096 908 2166 πρὸ
953 2097 1194 2150 πάντων
1214 2095 1461 2161 ,βουνῶν
1503 2097 1686 2168 γεννᾷ
1702 2118 1800 2169 με,
1849 2101 1945 2155 καὶ
1982 2101 2068 2156 ἀεὶ

483 2191 738 2259 γεννᾶται
783 2193 812 2244 6
853 2190 1045 2264 Σωτὴρ
1081 2190 1186 2244 ὑπὸ
1224 2191 1316 2244 τοῦ
1348 2191 1580 2264 Πατρός.
1641 2189 1842 2247 Eadem
1899 2195 2069 2250 utitur

483 2279 841 2337 similitudine
935 2280 1301 2338 Tertullianus
1363 2283 1667 2354 Apologet.,
1748 2301 1867 2354 cap.
1918 2286 1986 2340 21
2047 2305 2061 2340 :

488 2389 508 2423 ι
549 2371 724 2428 Etiam
774 2387 896 2428 eum
930 2375 1112 2429 radius
1157 2390 1224 2429 ex
1255 2375 1369 2429 sole
1423 2377 1741 2445 porrigitur,
1795 2379 1971 2443 portio
1996 2395 2063 2434 ex

482 2477 718 2519 summa.
748 2465 852 2520 Sed
883 2464 960 2518 sol
988 2466 1096 2519 erit
1121 2466 1172 2519 in
1207 2465 1380 2530 radio,
1405 2467 1532 2535 quia
1565 2467 1696 2522 solis
1723 2477 1808 2522 est
1839 2468 2058 2535 radius;

479 2569 582 2609 nec
628 2565 915 2625 separatur
965 2557 1292 2621 substantia,
1344 2559 1436 2613 sed
1500 2559 1828 2616 extenditur.
1885 2559 1961 2616 ita
1997 2562 2063 2616 de

481 2644 684 2714 Spiritu
715 2647 972 2716 Spiritus,
1010 2658 1065 2705 et
1096 2651 1162 2706 de
1213 2651 1324 2707 Deo
1347 2651 1507 2718 Deus,
1564 2661 1624 2706 ut
1657 2652 1837 2708 lumen
1881 2653 1946 2708 de
1981 2653 2063 2708 lu-

481 2737 626 2792 mine
652 2753 940 2795 accensum
970 2757 980 2789 :
1011 2754 1192 2798 manet
1222 2745 1425 2816 integra
1448 2757 1501 2801 et
1523 2745 1790 2801 indefecta
1820 2747 2061 2801 materia:

480 2828 701 2894 matrix,
734 2837 788 2883 et
830 2830 875 2885 si
927 2831 1107 2900 plures
1161 2833 1288 2888 inde
1320 2835 1574 2890 traduces
1622 2835 1904 2906 qualitatis
1936 2852 2057 2891 mu-

480 2917 669 2972 tueris.
703 2917 774 2971 lta
805 2930 859 2973 et
887 2924 1029 2990 quod
1062 2923 1126 2976 de
1161 2923 1267 2979 Deo
1305 2926 1603 2996 profectum
1636 2936 1738 2990 est.
1772 2926 1915 2982 Deus
1950 2937 2054 2994 est,

477 3015 533 3062 et
561 3008 654 3063 Dei
685 3009 876 3077 Filius,
899 3021 953 3067 et
980 3030 1118 3070 unus
1145 3017 1323 3072 ambo.
1345 3036 1363 3069 ι
1409 3017 1618 3084 Quibus
1659 3020 1772 3075 hmo
1798 3031 2057 3077 assonant

477 3110 510 3152 e
533 3097 672 3153 libro
703 3107 887 3154 contra
924 3098 1211 3168 Praxeam,
1250 3122 1374 3178 cap.
1415 3107 1485 3162 9:
1522 3127 1540 3160 ι
1571 3105 1732 3162 Pater
1771 3119 1880 3164 tota
1913 3105 2044 3166 sub-

2180 1934 2200 1966 ι
2238 1915 2343 1972 Sed
2383 1924 2437 1972 et
2490 1915 2730 1970 Joannes
2761 1913 2966 1968 indicat
3017 1911 3144 1980 quia
3179 1910 3321 1966 Deus
3347 1910 3440 1963 tua:
3483 1919 3558 1963 est
3594 1907 3663 1973 ³³,
3700 1916 3754 1960 et

2170 2008 2370 2063 Paulus
2402 2009 2651 2079 designat
2679 2007 2802 2078 quia
2831 2004 3002 2060 Filius
3036 2003 3294 2074 Splendor
3315 2003 3447 2056 lucis
3477 2012 3692 2056 wterna:
3707 1999 3753 2031 "

2168 2103 2240 2158 sit
2281 2101 2445 2156 Deus.
2499 2100 2656 2156 Sicut
2706 2113 2836 2166 ergo
2881 2112 3154 2168 nunquam
3190 2097 3278 2150 lux
3319 2093 3434 2150 sine
3463 2093 3757 2162 Splendore

2171 2208 2291 2250 esse
2319 2192 2519 2265 potuit,
2557 2192 2634 2246 ita
2663 2206 2764 2246 nec
2795 2189 2968 2246 Filius
2994 2188 3212 2259 quidem
3241 2187 3360 2242 sine
3387 2185 3546 2240 Patre
3593 2184 3753 2238 intel-

2165 2283 2254 2356 ligi
2286 2293 2486 2354 potest,
2539 2283 2629 2354 qui
2653 2293 2707 2338 et
2727 2283 2902 2353 ﬁgura
2932 2295 3174 2350 expressa
3201 2279 3509 2332 substantiis
3537 2277 3657 2346 ejus
3678 2277 3749 2345 “,

2167 2386 2220 2430 et
2268 2373 2533 2440 Verbum,
2587 2383 2642 2430 et
2705 2373 2985 2444 Sapientia
3013 2372 3232 2427 dicitur.
3267 2389 3288 2422 ›
3322 2369 3560 2438 Denique
3602 2384 3750 2440 sym-

2162 2466 2344 2522 bolum
2375 2465 2573 2520 Filium
2601 2478 2720 2521 esse
2749 2463 2993 2520 decernit
3045 2479 3064 2514 ι
3103 2460 3270 2515 Deum
3301 2460 3367 2516 de
3397 2460 3527 2526 Deo,
3563 2461 3746 2516 lumen

2161 2560 2229 2613 de
2265 2557 2489 2613 lumine.
2534 2575 2554 2609 ι

2231 2647 2396 2703 XXV.
2438 2647 2508 2702 At
2551 2663 2657 2702 non
2685 2646 2736 2702 in
2787 2646 2855 2702 iis
2885 2644 3080 2712 solum,
3108 2644 3201 2701 sed
3241 2643 3296 2700 in
3324 2644 3441 2699 aliis
3469 2643 3638 2698 etiam
3673 2641 3742 2698 ad

2159 2740 2363 2798 Christi
2395 2741 2830 2812 generationem,
2862 2747 2918 2792 et
2961 2737 3204 2808 Spiritus
3228 2737 3402 2792 sancti
3437 2737 3741 2807 processio-

2161 2847 2284 2888 nem
2330 2831 2755 2902 pertinentibus,
2787 2837 2842 2884 et
2886 2829 2975 2883 hic
3003 2843 3162 2898 quem
3193 2828 3315 2884 dico
3345 2826 3736 2892 Tertullianus,

2157 2931 2210 2976 et
2243 2920 2333 2974 alii
2367 2920 2610 2991 plerique
2661 2933 2726 2974 ex
2759 2917 3156 2988 antiquissimis
3209 2917 3542 2981 doctoribus,
3572 2927 3627 2970 et
3651 2916 3738 2971 Ni-

2157 3024 2308 3065 ctena
2370 3009 2576 3080 synodo
2624 3009 3011 3072 anterioribus,
3089 3006 3337 3077 Origenis
3404 3007 3734 3076 impietatem

2157 3100 2333 3155 dicam
2361 3114 2426 3153 an
2455 3098 2779 3168 imperitiam
2823 3097 2906 3154 vel
2955 3107 3236 3166 aequarunt
3265 3097 3349 3151 vel
3382 3109 3734 3168 superarunt.

475 3188 671 3242 stantia
701 3199 786 3243 est
817 3205 829 3240 :
860 3189 1027 3246 Filius
1081 3207 1212 3246 vero
1247 3194 1514 3250 derivatio
1571 3197 1734 3252 totius
1777 3206 1832 3251 et
1867 3198 2042 3265 portio
2079 3184 2120 3242 C
2165 3190 2560 3262 (i6)Justinus,
2584 3190 3312 3262 Athenagoras,Tlieopliilus
3337 3191 3732 3256 Antioclienus,

478 3278 618 3331 sicut
647 3279 762 3348 ipse
794 3281 1080 3352 profitetur
1107 3300 1121 3338 :
1148 3285 1286 3350 Quia
1309 3283 1476 3340 Pater
1497 3288 1669 3358 major
1691 3304 1772 3341 me
1802 3298 1876 3343 est
1907 3289 1995 3344 ’7‘.
2026 3309 2046 3342 ι

477 3368 628 3424 Unde
651 3369 819 3443 liquet
843 3391 952 3444 quo
984 3390 1143 3431 sensu
1169 3377 1369 3432 dixerit
1397 3389 1584 3432 eontra
1619 3376 1813 3444 Prax.,
1870 3396 1990 3450 cap.
2017 3381 2053 3436 2

472 3469 527 3512 ct
559 3459 638 3514 ιε
677 3480 695 3514 i
732 3461 982 3529 Patrem,
1032 3478 1086 3521 et
1126 3465 1319 3522 Filium
1359 3479 1413 3524 et
1481 3467 1742 3540 Spiritum
1798 3483 2051 3526 sanctum

473 3551 632 3609 unius
669 3570 793 3611 esse
845 3559 1184 3626 substantiae,
1234 3571 1292 3615 et
1329 3563 1487 3618 unius
1536 3571 1731 3628 status,
1785 3572 1838 3618 et
1889 3565 2052 3619 unius

472 3647 775 3713 potestatis,
802 3658 856 3703 et
885 3648 1080 3705 Filium
1113 3666 1216 3705 non
1246 3652 1462 3708 aliunde
1495 3654 1762 3709 deducere
1783 3669 1865 3718 se,
1887 3671 2050 3725 quam

470 3743 537 3789 rte
551 3727 854 3793 substantia
880 3738 1076 3795 Patris.
1106 3761 1124 3792 ›
1146 3743 1476 3814 Augustinus
1510 3744 1624 3813 ipse
1649 3747 2051 3814 comparatione

469 3828 656 3883 eadem
674 3831 1073 3899 generationem
1089 3833 1248 3888 Verbi
1263 3835 1497 3905 explicat
1514 3837 1648 3892 Ilbro
1666 3853 1714 3892 vr
1735 3836 1815 3892 De
1833 3836 2050 3907 Trinit.,

471 3921 586 3988 ipso
606 3921 778 3985 initio,
798 3925 890 3977 sed
917 3939 1022 3980 non
1047 3928 1232 3980 eadem
1271 3928 1394 3983 inde
1415 3929 1651 4000 colligit:
1679 3949 1699 3983 ι
1735 3929 1856 4002 Ipse
1871 3932 2048 3999 Arius,

469 4009 663 4080 inquit,
681 4013 880 4068 dixisse
897 4013 1068 4069 fertur
1088 4033 1102 4069 :
1120 4016 1176 4071 Si
1199 4015 1363 4070 Filius
1385 4029 1492 4084 est,
1510 4031 1666 4076 natus
1685 4033 1770 4076 est
1789 4040 1803 4077 :
1819 4025 1863 4078 si
1891 4036 2052 4081 natus

471 4109 575 4166 est,
607 4113 723 4156 erat
774 4113 984 4173 tempus
1010 4107 1226 4177 quando
1259 4123 1366 4164 non
1407 4119 1526 4164 erat
1557 4111 1766 4177 Filius;
1823 4127 1929 4168 non
1961 4115 2046 4169 in-

472 4194 714 4265 telligens
735 4197 895 4252 etiam
931 4209 1112 4253 natum
1146 4214 1269 4254 esse
1326 4199 1435 4254 Deo
1469 4203 1856 4271 sempiternum
1898 4221 2042 4272 esse,

468 4295 526 4340 ut
567 4289 639 4343 sit
666 4300 966 4348 comteruus
1017 4291 1164 4348 Patri
1216 4291 1429 4348 Filius:
1460 4293 1600 4350 sicut
1647 4296 1905 4366 splendor
1952 4299 2045 4369 qui

2161 3284 2444 3350 Tatianus,
2499 3285 2612 3353 ipse
2649 3283 3014 3339 'I‘ertullianus
3079 3293 3130 3338 et
3190 3283 3526 3346 Lactantius,
3565 3282 3732 3336 Deum

2160 3375 2416 3431 dixerunt
2445 3390 2566 3430 cum
2603 3377 2788 3430 mundi
2832 3376 3161 3430 creationem
3196 3375 3570 3440 meditaretur,
3606 3372 3733 3426 Ver-

2160 3465 2284 3520 bum
2318 3479 2476 3519 suum
2515 3464 2822 3536 protulisse,
2853 3479 2962 3534 quo
2979 3464 3298 3519 administro
3320 3463 3371 3516 in
3405 3476 3588 3517 rerum
3615 3476 3730 3516 nio-

2161 3560 2348 3614 litione
2381 3555 2987 3625 uteretur.Gregorium
3018 3569 3231 3625 quoque
3263 3553 3727 3624 Thaumaturgum

2161 3650 2356 3706 Filium
2399 3651 2602 3704 dixisse
2636 3656 2882 3704 creatum
2920 3656 2977 3702 et
3025 3647 3231 3702 factum
3283 3646 3447 3700 tradit
3501 3645 3731 3701 Basilius

2158 3743 2318 3814 epist.
2355 3742 2445 3797 64.
2499 3741 2776 3812 Leguntur
2821 3751 2875 3796 et
2928 3741 3031 3795 ista
3070 3739 3308 3810 Dionysii
3355 3738 3725 3804 Alexandrini,

2157 3851 2277 3905 qua:
2291 3844 2416 3890 sunt
2437 3835 2725 3903 singularis
2743 3834 3030 3895 vecordiaa,
3052 3832 3246 3886 Filium
3263 3831 3355 3886 Dei
3379 3845 3500 3885 esse
3521 3829 3730 3901 ποίημα

2156 3926 2251 3979 καὶ
2275 3925 2520 3996 γενητὸν,
2569 3917 2718 3989 ξένον
2759 3922 2901 3977 κατὰ
2927 3923 3112 3977 οὐσίαν
3148 3922 3240 3976 τοῦ
3277 3921 3509 3994 Πατρὸς,
3539 3921 3729 3993 ὥσπερ

2160 4018 2307 4072 ἐστὶν
2363 4019 2392 4070 6
2432 4017 2674 4089 γεωργὸς
2743 4017 2878 4090 πρὸς
2927 4018 3024 4089 τὴν
3078 4015 3346 4087 ἄμπελον.
3413 4035 3433 4069 ‹
3475 4016 3622 4087 Opus
3669 4027 3726 4072 et

2158 4110 2382 4176 factum,
2408 4113 2642 4165 alienum
2670 4112 2844 4180 quoad
2877 4111 3235 4166 substantiam
3260 4127 3287 4164 a
3320 4111 3503 4179 Patre,
3537 4125 3724 4181 quem-

2155 4202 2442 4256 admodum
2495 4213 2580 4258 est
2617 4203 2849 4272 agricola
2892 4204 2962 4258 ad
3021 4203 3205 4259 vitem.
3246 4223 3265 4256 ι
3315 4204 3544 4258 Demum
3601 4204 3726 4258 sub-

2145 4294 2265 4364 jicit
2296 4307 2310 4348 :
2337 4295 2448 4349 Καὶ
2485 4295 2593 4368 γὰρ
2620 4296 2696 4374 ὠς
2727 4297 2936 4368 ποίημα
2967 4296 3063 4361 ὢν,
3097 4297 3197 4350 οὐκ
3227 4292 3298 4369 ἦν
3321 4297 3450 4369 πρὶν
3481 4297 3720 4368 γένηται.

536 4443 780 4501 '"Joan.
813 4461 924 4515 xw,
954 4446 1045 4503 9.8.
1119 4447 1164 4480 ³⁸
1187 4448 1340 4506 Joan.
1367 4450 1474 4519 1,5.
1550 4451 1790 4524 1“Hebr”
1827 4469 1866 4518 ι,
1915 4455 1970 4510 5.
2044 4456 2089 4490 “
2126 4457 2253 4512 ibid.

535 4580 647 4666 (15)
677 4581 818 4666 Ἔὰζ
832 4578 1262 4666 adtremat-170w
1277 4604 1377 4642 σοι
1392 4587 1615 4666 ἐπὶ-τοῦ
1631 4589 1920 4666 Σωτῆρος,
1941 4605 2046 4649 etc.

2162 4609 2251 4663 per
2281 4604 2333 4666 et
2359 4596 2634 4664 Splendor.
2665 4596 2912 4650 Salvator
2946 4611 3074 4666 ergo
3113 4606 3296 4650 noster
3331 4597 3418 4664 qui
3449 4597 3720 4666 Sapientia

464 4651 745 4729 @ternam
775 4651 934 4707 Verbi
961 4673 1015 4729 _a
1058 4651 1217 4712 Patre
1263 4661 1666 4729 generationem
1721 4651 1917 4718 statuit
1952 4666 2038 4720 hic

466 4722 881 4804 0r_igeni.-s,_nec
926 4726 1070 4804 aliud
1129 4722 1421 4804 quidquam
1476 4746 1540 4783 ex
1594 4732 1696 4786 hoc
1751 4733 1872 4788 loco
1917 4736 2036 4789 erui

463 4802 657 4874 potest.
715 4794 840 4874 nisi_
873 4794 1208 4874 splendorem
1243 4794 1430 4874 tandiu
1487 4804 1768 4867 exsistere,
1796 4807 2033 4874 quandiu

463 4867 548 4918 lux
579 4864 691 4942 ipsa
728 4865 962 4942 exsistit.
994 4867 1170 4942 Alium
1203 4872 1346 4942 enim
1375 4886 1593 4942 sensum
1640 4864 1882 4942 patinoii
1915 4891 2041 4942 posv

1034 4937 1171 5026 ’.ξλὶς
1205 4940 1476 5018 ὅσοηὲστὶ
1517 4941 1578 4994 τὸ
1619 4935 1734 5026 τρὦς
1767 4935 2041 5026 ποιητικον

455 5005 548 5055 τοῦ
576 5005 1026 5087 ἀπαυγασματος,
1069 5009 1444 5087 ἐπὶλτοσοῦτον
1487 5005 1740 5081 γεννᾶται
1771 5015 1830 5068 τὸ
1864 5005 2042 5068 ἀπαύ-

456 5088 643 5154 γασμα
681 5076 1104 5154 τῆςλδόξηςποῦ
1153 5079 1307 5154 Θεοῦ.
1348 5103 1377 5154 γι
1414 5076 1661 5148 Quamliu
1713 5087 1924 5140 exsistit
1953 5089 2041 5140 lux

455 5141 1261 5227 t't‘iiitilenii-SplelltlDIiSleltlill
1309 5141 1546 5227 gignitur
1575 5156 1828 5222 splendor
1860 5158 2042 5227 gloria:

462 5213 572 5294 Dei.
613 5232 632 5263 ι
663 5214 836 5271 Minus
868 5219 1006 5273 belle
1033 5213 1393 5294 llicrorry't‘Iius
1412 5223 1492 5276 sic
1530 5213 1762 5280 reddidit
1799 5244 1812 5279 :
1845 5213 2042 5294 inuo-

463 5291 779 5366 tiescunque
827 5299 1004 5366 ortum
1063 5291 1241 5366 fuerit
1275 5291 1455 5366 lumen
1494 5310 1590 5366 _ex_
1624 5309 1731 5363 quo
1788 5291 2043 5366 splendor

454 5357 855 5436 ori-turntoties.
881 5360 1056 5414 oritur
1085 5373 1136 5412 et
1163 5362 1420 5436 splendor
1459 5357 1658 5436 gloriae:
1701 5387 1720 5419 ι
1759 5357 1880 5421 Habe
1927 5371 2037 5436 ipsa

453 5425 700 5510 flrig‘enis
747 5427 907 5505 verba
957 5425 1207 5510 repetere
1239 5425 1804 5510 videtanPamphilus
1844 5425 2043 5510 Martyr

454 5496 507 5566 in
530 5496 812 5578 .Apologiq
847 5513 962 5564 sua,
1007 5496 1128 5568 cap.
1165 5503 1198 5556 5
1232 5518 1244 5554 :
1277 5521 1307 5578 ε
1333 5496 1808 5578 Vulcanius-ergo,
1848 5496 2038 5578 inquit,

451 5566 578 5648 quis.
604 5567 672 5619 sit
721 5566 968 5648 salvator
1025 5566 1230 5625 noster.
1270 5566 1808 5648 Splendor,_dicitiir,
1853 5566 2038 5648 gloria}

453 5631 639 5703 (Hebr.
684 5653 723 5701 t,
750 5637 825 5707 5),
866 5639 928 5711 id
966 5653 1048 5711 est
1080 5631 1455 5695 mteriim'lucus
1496 5631 1750 5711 splendor
1783 5631 1808 5702 τ’
1838 5631 1891 5702 ἕι
1917 5631 2036 5703 cci;

453 5717 563 5756 tum
609 5716 691 5759 est
739 5709 879 5774 quod
909 5710 1183 5784 splendor
1227 5729 1290 5766 ex
1345 5709 1544 5766 lumine
1600 5717 2031 5784 inseparabiliter

454 5787 763 5841 generatur,
807 5787 861 5831 et
889 5778 1059 5832 donec
1098 5793 1412 5848 permaneat
1445 5784 1556 5851 lux,
1582 5778 1864 5854 permanet
1891 5805 2031 5846 sem-

2146 4677 2228 4718 i-st
2262 4665 2559 4735 (Sapientia
2594 4679 2770 4720 autem
2813 4667 2902 4721 Dei
2933 4665 3046 4734 ipsa
3092 4676 3178 4721 est
3216 4668 3467 4736 Splendor
3509 4665 3722 4723 aeternae

2146 4736 2323 4805 lucis),
2367 4738 2800 4804 inseparabiliter
2826 4747 2880 4791 et
2920 4737 3284 4792 indesinenter
3326 4749 3616 4804 generatur
3655 4755 3721 4795 ex

2145 4805 2322 4861 Patre.
2356 4805 2447 4860 Sic
2471 4807 2615 4862 enim
2638 4818 2691 4861 et
2725 4809 2837 4877 ipsa
2865 4809 2931 4861 de
2966 4821 3024 4860 se
3055 4809 3329 4877 Sapientia
3355 4825 3448 4876 per
3476 4811 3720 4863 Salomo-

2147 4893 2266 4948 nein
2298 4878 2431 4931 dicit
2459 4894 2473 4930 :
2508 4877 2640 4932 Ante
2669 4894 2841 4932 omnes
2871 4878 3028 4931 colles
3057 4887 3266 4946 general
3289 4895 3367 4931 me
3401 4879 3582 4948 (Prov.
3607 4897 3719 4948 viti,

2145 4946 2237 5018 25)
2267 4964 2281 5012 ;
2317 4963 2421 5002 non
2452 4949 2595 5002 enim
2627 4949 2761 5001 dixit
2794 4965 2808 5002 :
2841 4950 2974 5002 Ante
3006 4963 3180 5001 omnes
3220 4949 3383 5003 colles
3409 4946 3591 5018 genuit
3620 4946 3715 5018 me,

2145 5023 2239 5072 sed
2287 5028 2498 5088 generat
2530 5035 2629 5072 me.
2664 5019 2717 5072 In
2745 5035 2850 5088 quo
2883 5019 3246 5087 signiﬁcantia
3277 5023 3719 5088 sempiternitatis

2145 5098 2240 5142 est.
2270 5109 2288 5139 ι

2220 5157 2334 5229 (lii)
2392 5158 2655 5220 Justinus,
2707 5159 3092 5227 Athenagoras,
3157 5159 3466 5227 TheOplnlns
3532 5162 3715 5216 Antio-

2147 5229 2359 5290 chenus,
2387 5239 2490 5283 etc.
2512 5232 2627 5296 Quo
2658 5245 2816 5283 sensu
2843 5231 3062 5300 intelligi
3089 5233 3283 5287 debeat
3303 5236 3444 5299 quod
3472 5234 3718 5287 dixerunt

2149 5300 2221 5370 illi
2245 5302 2451 5370 antiqui
2485 5303 2750 5363 doctores,
2777 5315 2911 5366 quos
2935 5303 3019 5356 hic
3052 5317 3106 5357 et
3138 5301 3274 5354 infra
3307 5305 3440 5355 citat
3473 5303 3714 5367 Huctius,

2147 5368 2340 5436 Deum,
2376 5368 2495 5424 cum
2527 5371 2708 5423 mundi
2737 5373 3065 5426 creationem
3093 5374 3466 5434 meditaretur,
3488 5373 3715 5427 Verbum

2142 5449 2296 5511 suum
2329 5441 2640 5511 protulisse,
2686 5441 2806 5495 fuse
2845 5445 3068 5509 exponit
3113 5443 3344 5496 domnus
3394 5441 3718 5500 Prudentius

2141 5509 2395 5564 Maran'in
2417 5527 2512 5564 suo
2528 5510 2600 5564 De
2616 5511 2886 5565 divinitate
2903 5512 3096 5566 Christi
3115 5516 3248 5565 libro
3265 5530 3334 5574 iv,
3354 5529 3477 5579 cap.
3491 5513 3544 5576 4,
3566 5531 3711 5569 num.

2139 5579 2206 5645 5;
2234 5596 2353 5654 cap:
2388 5581 2442 5644 6,
2492 5597 2636 5654 nunt.
2670 5581 2702 5635 5
2744 5591 2798 5635 el
2826 5597 2968 5654 rseq.;
3003 5600 3116 5654 cap.
3145 5583 3198 5645 7,
3227 5600 3373 5637 nunt.
3401 5583 3469 5647 2;
3511 5599 3630 5653 cap.
3659 5589 3711 5649 8,

2143 5667 2290 5704 num.
2323 5651 2434 5724 fiet
2483 5652 2558 5724 ii;
2623 5667 2744 5722 Cap.
2777 5653 2875 5724 12,
2909 5651 3125 5708 ιιιιιη.“2
3148 5665 3199 5709 et
3243 5668 3358 5722 seq.
3381 5669 3413 5724 ;_
3475 5651 3597 5724 cap}
3619 5657 3710 5721 22,

2140 5736 2288 5775 num.
2336 5723 2370 5776 -1
2414 5733 2466 5774 et
2495 5721 2560 5788 5;
2621 5721 2740 5792 cap.
2767 5722 2857 5790 25,
2891 5740 3037 5781 num.
3063 5724 3136 5793 6;
3206 5721 3333 5794 cap.
3350 5721 3441 5792 Ἡ,
3481 5721 3632 5779 nutu.
3655 5725 3710 5780 2.

2140 5792 2309 5856 Quem
2338 5793 2476 5847 vide.

2189 5809 2309 5846 uetn
2338 5809 2476 5847 νιυε.
