  <div class='ocr_page' id='page_1' title='image "/cluster/home/n/w/nwhite01/storage/ocr_20150623/17/mdp.39015031604831/398.png"; bbox 0 0 4054 6310; ppageno 0'>
   <div class='ocr_carea' id='block_1_1' title="bbox 321 399 427 450">
    <p class='ocr_par' dir='ltr' id='par_1_1' title="bbox 321 399 427 450">
     <span class='ocr_line' id='line_1_1' title="bbox 321 399 427 450; baseline 0 0"><span class='ocrx_word' id='word_1_1' title='bbox 321 399 427 450; x_wconf 69' lang='lat'><strong>73&#39;)</strong></span> 
     </span>
    </p>
   </div>
   <div class='ocr_carea' id='block_1_2' title="bbox 1116 391 2685 459">
    <p class='ocr_par' dir='ltr' id='par_1_2' title="bbox 1116 391 2685 459">
     <span class='ocr_line' id='line_1_2' title="bbox 1116 391 2685 459; baseline -0.002 -9"><span class='ocrx_word' id='word_1_2' title='bbox 1116 392 1689 450; x_wconf 70' lang='lat' dir='ltr'><strong>ORIGENIANORUM</strong></span> <span class='ocrx_word' id='word_1_3' title='bbox 1731 392 1854 446; x_wconf 79' lang='lat' dir='ltr'><strong>LIB.</strong></span> <span class='ocrx_word' id='word_1_4' title='bbox 1902 391 1963 459; x_wconf 95' lang='lat' dir='ltr'><strong>ll,</strong></span> <span class='ocrx_word' id='word_1_5' title='bbox 2003 392 2154 449; x_wconf 77' lang='lat' dir='ltr'><strong>CAP.</strong></span> <span class='ocrx_word' id='word_1_6' title='bbox 2198 392 2262 456; x_wconf 88' lang='lat' dir='ltr'><strong>Il,</strong></span> <span class='ocrx_word' id='word_1_7' title='bbox 2304 392 2581 459; x_wconf 65' lang='lat' dir='ltr'><strong>QUASST.</strong></span> <span class='ocrx_word' id='word_1_8' title='bbox 2624 391 2685 447; x_wconf 93' lang='lat' dir='ltr'><strong>ll.</strong></span> 
     </span>
    </p>
   </div>
   <div class='ocr_carea' id='block_1_3' title="bbox 2012 278 2184 298">
    <p class='ocr_par' dir='ltr' id='par_1_3' title="bbox 2012 278 2184 298">
     <span class='ocr_line' id='line_1_3' title="bbox 2012 278 2184 298; baseline 0.006 -8"><span class='ocrx_word' id='word_1_9' title='bbox 2012 278 2145 294; x_wconf 46' lang='grc' dir='ltr'><strong>’φ’-ὴ,</strong></span> <span class='ocrx_word' id='word_1_10' title='bbox 2173 293 2184 298; x_wconf 85' lang='lat'><em>_</em></span> 
     </span>
    </p>
   </div>
   <div class='ocr_carea' id='block_1_4' title="bbox 3439 395 3550 453">
    <p class='ocr_par' dir='ltr' id='par_1_4' title="bbox 3439 395 3550 453">
     <span class='ocr_line' id='line_1_4' title="bbox 3439 395 3550 453; baseline 0.027 -3"><span class='ocrx_word' id='word_1_11' title='bbox 3439 395 3550 453; x_wconf 67' lang='lat'><strong>786</strong></span> 
     </span>
    </p>
   </div>
   <div class='ocr_carea' id='block_1_5' title="bbox 304 508 3545 589">
    <p class='ocr_par' dir='ltr' id='par_1_5' title="bbox 304 508 3545 589">
     <span class='ocr_line' id='line_1_5' title="bbox 304 508 3545 589; baseline -0.001 -16"><span class='ocrx_word' id='word_1_12' title='bbox 304 536 325 573; x_wconf 77' lang='grc' dir='ltr'><strong>ι</strong></span> <span class='ocrx_word' id='word_1_13' title='bbox 363 519 571 574; x_wconf 84' lang='lat' dir='ltr'><strong>Etenim</strong></span> <span class='ocrx_word' id='word_1_14' title='bbox 588 529 770 589; x_wconf 95' lang='lat' dir='ltr'><strong>utpote</strong></span> <span class='ocrx_word' id='word_1_15' title='bbox 798 518 887 587; x_wconf 90' lang='lat' dir='ltr'><strong>qui</strong></span> <span class='ocrx_word' id='word_1_16' title='bbox 913 518 983 572; x_wconf 82' lang='lat' dir='ltr'><strong>sit</strong></span> <span class='ocrx_word' id='word_1_17' title='bbox 1005 530 1162 585; x_wconf 89' lang='lat' dir='ltr'><strong>opus,</strong></span> <span class='ocrx_word' id='word_1_18' title='bbox 1190 531 1296 571; x_wconf 91' lang='lat' dir='ltr'><strong>non</strong></span> <span class='ocrx_word' id='word_1_19' title='bbox 1328 523 1445 571; x_wconf 89' lang='lat' dir='ltr'><strong>erat</strong></span> <span class='ocrx_word' id='word_1_20' title='bbox 1480 524 1768 584; x_wconf 76' lang='lat' dir='ltr'><strong>antequam</strong></span> <span class='ocrx_word' id='word_1_21' title='bbox 1791 513 1869 566; x_wconf 79' lang='lat' dir='ltr'><strong>fa-</strong></span> <span class='ocrx_word' id='word_1_22' title='bbox 1899 518 1943 574; x_wconf 80' lang='grc' dir='ltr'><strong>Α</strong></span> <span class='ocrx_word' id='word_1_23' title='bbox 1972 514 2113 583; x_wconf 90' lang='lat' dir='ltr'><strong>quod</strong></span> <span class='ocrx_word' id='word_1_24' title='bbox 2129 513 2236 569; x_wconf 90' lang='lat' dir='ltr'><strong>duo</strong></span> <span class='ocrx_word' id='word_1_25' title='bbox 2258 514 2345 570; x_wconf 87' lang='lat' dir='ltr'><strong>illa</strong></span> <span class='ocrx_word' id='word_1_26' title='bbox 2368 512 2666 582; x_wconf 88' lang='lat' dir='ltr'><strong>seraphim,</strong></span> <span class='ocrx_word' id='word_1_27' title='bbox 2686 524 2805 580; x_wconf 76' lang='lat' dir='ltr'><strong>qua:</strong></span> <span class='ocrx_word' id='word_1_28' title='bbox 2829 509 2882 564; x_wconf 92' lang='lat' dir='ltr'><strong>in</strong></span> <span class='ocrx_word' id='word_1_29' title='bbox 2906 508 3042 565; x_wconf 86' lang='lat' dir='ltr'><strong>Isaia</strong></span> <span class='ocrx_word' id='word_1_30' title='bbox 3066 510 3210 567; x_wconf 91' lang='lat' dir='ltr'><strong>senis</strong></span> <span class='ocrx_word' id='word_1_31' title='bbox 3225 510 3326 566; x_wconf 88' lang='lat' dir='ltr'><strong>alis</strong></span> <span class='ocrx_word' id='word_1_32' title='bbox 3341 511 3545 570; x_wconf 90' lang='lat' dir='ltr'><strong>descri-</strong></span> 
     </span>
    </p>
   </div>
   <div class='ocr_carea' id='block_1_6' title="bbox 302 603 1870 679">
    <p class='ocr_par' dir='ltr' id='par_1_6' title="bbox 302 603 1870 679">
     <span class='ocr_line' id='line_1_6' title="bbox 302 603 1870 679; baseline -0.006 -13"><span class='ocrx_word' id='word_1_33' title='bbox 302 623 422 666; x_wconf 88' lang='lat' dir='ltr'><strong>ctus</strong></span> <span class='ocrx_word' id='word_1_34' title='bbox 440 621 605 665; x_wconf 85' lang='lat' dir='ltr'><strong>esset.</strong></span> <span class='ocrx_word' id='word_1_35' title='bbox 628 630 647 663; x_wconf 72' lang='grc' dir='ltr'><strong>ι</strong></span> <span class='ocrx_word' id='word_1_36' title='bbox 674 610 1069 679; x_wconf 79' lang='lat' dir='ltr'><strong>Theognostum</strong></span> <span class='ocrx_word' id='word_1_37' title='bbox 1093 607 1255 662; x_wconf 90' lang='lat' dir='ltr'><strong>etiam</strong></span> <span class='ocrx_word' id='word_1_38' title='bbox 1276 605 1707 660; x_wconf 83' lang='lat' dir='ltr'><strong>Alexandrinum</strong></span> <span class='ocrx_word' id='word_1_39' title='bbox 1751 603 1870 660; x_wconf 86' lang='lat' dir='ltr'><strong>Ori-</strong></span> 
     </span>
    </p>
   </div>
   <div class='ocr_carea' id='block_1_7' title="bbox 299 698 1869 774">
    <p class='ocr_par' dir='ltr' id='par_1_7' title="bbox 299 698 1869 774">
     <span class='ocr_line' id='line_1_7' title="bbox 299 698 1869 774; baseline -0.003 -17"><span class='ocrx_word' id='word_1_40' title='bbox 299 705 451 774; x_wconf 71' lang='lat' dir='ltr'><strong>gen&#39;s</strong></span> <span class='ocrx_word' id='word_1_41' title='bbox 482 702 743 757; x_wconf 82' lang='lat' dir='ltr'><strong>asseclam</strong></span> <span class='ocrx_word' id='word_1_42' title='bbox 783 702 918 757; x_wconf 90' lang='lat' dir='ltr'><strong>lihro</strong></span> <span class='ocrx_word' id='word_1_43' title='bbox 967 700 1365 771; x_wconf 79' lang='lat' dir='ltr'><strong>Hypotyposcon</strong></span> <span class='ocrx_word' id='word_1_44' title='bbox 1410 700 1644 756; x_wconf 88' lang='lat' dir='ltr'><strong>secundo</strong></span> <span class='ocrx_word' id='word_1_45' title='bbox 1667 698 1869 753; x_wconf 78' lang='lat' dir='ltr'><strong>dixisse</strong></span> 
     </span>
    </p>
   </div>
   <div class='ocr_carea' id='block_1_8' title="bbox 301 788 1865 860">
    <p class='ocr_par' dir='ltr' id='par_1_8' title="bbox 301 788 1865 860">
     <span class='ocr_line' id='line_1_8' title="bbox 301 788 1865 860; baseline -0.003 -13"><span class='ocrx_word' id='word_1_46' title='bbox 301 803 496 847; x_wconf 83' lang='lat' dir='ltr'><strong>narrat</strong></span> <span class='ocrx_word' id='word_1_47' title='bbox 523 791 748 846; x_wconf 88' lang='lat' dir='ltr'><strong>Photius</strong></span> <span class='ocrx_word' id='word_1_48' title='bbox 779 792 967 846; x_wconf 81' lang='lat' dir='ltr'><strong>Filium</strong></span> <span class='ocrx_word' id='word_1_49' title='bbox 992 807 1113 847; x_wconf 90' lang='lat' dir='ltr'><strong>esse</strong></span> <span class='ocrx_word' id='word_1_50' title='bbox 1142 800 1382 845; x_wconf 85' lang='lat' dir='ltr'><strong>creatum</strong></span> <span class='ocrx_word' id='word_1_51' title='bbox 1413 788 1865 860; x_wconf 88' lang='lat' dir='ltr'><strong>quamvisipsius,</strong></span> 
     </span>
    </p>
   </div>
   <div class='ocr_carea' id='block_1_9' title="bbox 292 883 1870 955">
    <p class='ocr_par' dir='ltr' id='par_1_9' title="bbox 292 883 1870 955">
     <span class='ocr_line' id='line_1_9' title="bbox 292 883 1870 955; baseline -0.004 -15"><span class='ocrx_word' id='word_1_52' title='bbox 292 898 354 941; x_wconf 86' lang='lat' dir='ltr'><strong>et</strong></span> <span class='ocrx_word' id='word_1_53' title='bbox 382 886 619 955; x_wconf 82' lang='lat' dir='ltr'><strong>Dionysii</strong></span> <span class='ocrx_word' id='word_1_54' title='bbox 650 899 863 955; x_wconf 91' lang='lat' dir='ltr'><strong>quoque</strong></span> <span class='ocrx_word' id='word_1_55' title='bbox 886 884 1234 939; x_wconf 81' lang='lat' dir='ltr'><strong>Alexandrini</strong></span> <span class='ocrx_word' id='word_1_56' title='bbox 1269 885 1593 938; x_wconf 88' lang='lat' dir='ltr'><strong>auctoritate</strong></span> <span class='ocrx_word' id='word_1_57' title='bbox 1623 884 1689 937; x_wconf 91' lang='lat' dir='ltr'><strong>ad</strong></span> <span class='ocrx_word' id='word_1_58' title='bbox 1717 883 1870 935; x_wconf 85' lang='lat' dir='ltr'><strong>Aria-</strong></span> 
     </span>
    </p>
   </div>
   <div class='ocr_carea' id='block_1_10' title="bbox 296 971 1869 1043">
    <p class='ocr_par' dir='ltr' id='par_1_10' title="bbox 296 971 1869 1043">
     <span class='ocr_line' id='line_1_10' title="bbox 296 971 1869 1043; baseline -0.002 -12"><span class='ocrx_word' id='word_1_59' title='bbox 296 991 399 1031; x_wconf 84' lang='lat' dir='ltr'><strong>nos</strong></span> <span class='ocrx_word' id='word_1_60' title='bbox 429 976 782 1030; x_wconf 81' lang='lat' dir='ltr'><strong>confutandos</strong></span> <span class='ocrx_word' id='word_1_61' title='bbox 810 975 1142 1029; x_wconf 73' lang='lat' dir='ltr'><strong>Athanasius</strong></span> <span class='ocrx_word' id='word_1_62' title='bbox 1171 988 1301 1027; x_wconf 88' lang='lat' dir='ltr'><strong>usus</strong></span> <span class='ocrx_word' id='word_1_63' title='bbox 1328 973 1416 1027; x_wconf 89' lang='lat' dir='ltr'><strong>sit.</strong></span> <span class='ocrx_word' id='word_1_64' title='bbox 1476 972 1627 1039; x_wconf 83' lang='lat' dir='ltr'><strong>Quod</strong></span> <span class='ocrx_word' id='word_1_65' title='bbox 1667 971 1869 1043; x_wconf 81' lang='lat' dir='ltr'><strong>allego-</strong></span> 
     </span>
    </p>
   </div>
   <div class='ocr_carea' id='block_1_11' title="bbox 296 1063 1869 1136">
    <p class='ocr_par' dir='ltr' id='par_1_11' title="bbox 296 1063 1869 1136">
     <span class='ocr_line' id='line_1_11' title="bbox 296 1063 1869 1136; baseline -0.002 -14"><span class='ocrx_word' id='word_1_66' title='bbox 296 1069 410 1124; x_wconf 83' lang='lat' dir='ltr'><strong>rice</strong></span> <span class='ocrx_word' id='word_1_67' title='bbox 438 1069 639 1122; x_wconf 87' lang='lat' dir='ltr'><strong>dictum</strong></span> <span class='ocrx_word' id='word_1_68' title='bbox 687 1068 1046 1121; x_wconf 81' lang='lat' dir='ltr'><strong>indicavimus</strong></span> <span class='ocrx_word' id='word_1_69' title='bbox 1077 1067 1144 1120; x_wconf 85' lang='lat' dir='ltr'><strong>ab</strong></span> <span class='ocrx_word' id='word_1_70' title='bbox 1169 1064 1425 1136; x_wconf 88' lang='lat' dir='ltr'><strong>Origene,</strong></span> <span class='ocrx_word' id='word_1_71' title='bbox 1487 1075 1598 1120; x_wconf 90' lang='lat' dir='ltr'><strong>tum</strong></span> <span class='ocrx_word' id='word_1_72' title='bbox 1627 1080 1656 1119; x_wconf 92' lang='lat' dir='ltr'><strong>a</strong></span> <span class='ocrx_word' id='word_1_73' title='bbox 1708 1063 1869 1119; x_wconf 83' lang='lat' dir='ltr'><strong>Patre</strong></span> 
     </span>
    </p>
   </div>
   <div class='ocr_carea' id='block_1_12' title="bbox 292 1155 1868 1229">
    <p class='ocr_par' dir='ltr' id='par_1_12' title="bbox 292 1155 1868 1229">
     <span class='ocr_line' id='line_1_12' title="bbox 292 1155 1868 1229; baseline -0.001 -16"><span class='ocrx_word' id='word_1_74' title='bbox 292 1168 618 1229; x_wconf 87' lang='lat' dir='ltr'><strong>productum</strong></span> <span class='ocrx_word' id='word_1_75' title='bbox 667 1158 886 1223; x_wconf 78' lang='lat' dir='ltr'><strong>Filium,</strong></span> <span class='ocrx_word' id='word_1_76' title='bbox 938 1158 1153 1228; x_wconf 84' lang='lat' dir='ltr'><strong>quando</strong></span> <span class='ocrx_word' id='word_1_77' title='bbox 1202 1155 1361 1226; x_wconf 90' lang='lat' dir='ltr'><strong>jussit</strong></span> <span class='ocrx_word' id='word_1_78' title='bbox 1415 1156 1532 1211; x_wconf 89' lang='lat' dir='ltr'><strong>lleri</strong></span> <span class='ocrx_word' id='word_1_79' title='bbox 1574 1156 1767 1221; x_wconf 84' lang='lat' dir='ltr'><strong>lucem,</strong></span> <span class='ocrx_word' id='word_1_80' title='bbox 1817 1156 1868 1211; x_wconf 87' lang='lat' dir='ltr'><strong>id</strong></span> 
     </span>
    </p>
   </div>
   <div class='ocr_carea' id='block_1_13' title="bbox 294 1247 1865 1321">
    <p class='ocr_par' dir='ltr' id='par_1_13' title="bbox 294 1247 1865 1321">
     <span class='ocr_line' id='line_1_13' title="bbox 294 1247 1865 1321; baseline -0.004 -16"><span class='ocrx_word' id='word_1_81' title='bbox 294 1252 454 1321; x_wconf 83' lang='lat' dir='ltr'><strong>plane</strong></span> <span class='ocrx_word' id='word_1_82' title='bbox 501 1262 554 1305; x_wconf 95' lang='lat' dir='ltr'><strong>et</strong></span> <span class='ocrx_word' id='word_1_83' title='bbox 585 1260 767 1320; x_wconf 90' lang='lat' dir='ltr'><strong>apcrte</strong></span> <span class='ocrx_word' id='word_1_84' title='bbox 799 1249 932 1305; x_wconf 90' lang='lat' dir='ltr'><strong>dixit</strong></span> <span class='ocrx_word' id='word_1_85' title='bbox 960 1248 1321 1304; x_wconf 88' lang='lat' dir='ltr'><strong>Tertullianus</strong></span> <span class='ocrx_word' id='word_1_86' title='bbox 1360 1248 1547 1302; x_wconf 81' lang='lat' dir='ltr'><strong>eontra</strong></span> <span class='ocrx_word' id='word_1_87' title='bbox 1583 1247 1865 1312; x_wconf 76' lang='lat' dir='ltr'><strong>Praxeam,</strong></span> 
     </span>
    </p>
   </div>
   <div class='ocr_carea' id='block_1_14' title="bbox 292 1339 1865 1411">
    <p class='ocr_par' dir='ltr' id='par_1_14' title="bbox 292 1339 1865 1411">
     <span class='ocr_line' id='line_1_14' title="bbox 292 1339 1865 1411; baseline -0.003 -14"><span class='ocrx_word' id='word_1_88' title='bbox 292 1358 418 1411; x_wconf 77' lang='lat' dir='ltr'><strong>cap.</strong></span> <span class='ocrx_word' id='word_1_89' title='bbox 456 1341 536 1395; x_wconf 71' lang='grc' dir='ltr'><strong>δε</strong></span> <span class='ocrx_word' id='word_1_90' title='bbox 588 1360 606 1393; x_wconf 77' lang='grc' dir='ltr'><strong>ι</strong></span> <span class='ocrx_word' id='word_1_91' title='bbox 656 1339 807 1394; x_wconf 86' lang='lat' dir='ltr'><strong>&#39;I‘unc</strong></span> <span class='ocrx_word' id='word_1_92' title='bbox 858 1341 974 1410; x_wconf 89' lang='lat' dir='ltr'><strong>ipse</strong></span> <span class='ocrx_word' id='word_1_93' title='bbox 1024 1354 1204 1395; x_wconf 86' lang='lat' dir='ltr'><strong>sermo</strong></span> <span class='ocrx_word' id='word_1_94' title='bbox 1257 1339 1491 1410; x_wconf 87' lang='lat' dir='ltr'><strong>speciem</strong></span> <span class='ocrx_word' id='word_1_95' title='bbox 1522 1350 1577 1395; x_wconf 89' lang='lat' dir='ltr'><strong>et</strong></span> <span class='ocrx_word' id='word_1_96' title='bbox 1617 1348 1865 1395; x_wconf 86' lang='lat' dir='ltr'><strong>ornatum</strong></span> 
     </span>
    </p>
   </div>
   <div class='ocr_carea' id='block_1_15' title="bbox 292 1428 1863 1495">
    <p class='ocr_par' dir='ltr' id='par_1_15' title="bbox 292 1428 1863 1495">
     <span class='ocr_line' id='line_1_15' title="bbox 292 1428 1863 1495; baseline -0.001 -10"><span class='ocrx_word' id='word_1_97' title='bbox 292 1446 456 1485; x_wconf 89' lang='lat' dir='ltr'><strong>suum</strong></span> <span class='ocrx_word' id='word_1_98' title='bbox 508 1430 694 1495; x_wconf 91' lang='lat' dir='ltr'><strong>sumit,</strong></span> <span class='ocrx_word' id='word_1_99' title='bbox 737 1443 931 1483; x_wconf 90' lang='lat' dir='ltr'><strong>sonum</strong></span> <span class='ocrx_word' id='word_1_100' title='bbox 982 1439 1039 1485; x_wconf 89' lang='lat' dir='ltr'><strong>et</strong></span> <span class='ocrx_word' id='word_1_101' title='bbox 1070 1444 1279 1494; x_wconf 89' lang='lat' dir='ltr'><strong>vocem,</strong></span> <span class='ocrx_word' id='word_1_102' title='bbox 1335 1444 1456 1484; x_wconf 92' lang='lat' dir='ltr'><strong>cum</strong></span> <span class='ocrx_word' id='word_1_103' title='bbox 1501 1430 1640 1485; x_wconf 81' lang='lat' dir='ltr'><strong>dixit</strong></span> <span class='ocrx_word' id='word_1_104' title='bbox 1681 1428 1863 1485; x_wconf 86' lang='lat' dir='ltr'><strong>Deus:</strong></span> 
     </span>
    </p>
   </div>
   <div class='ocr_carea' id='block_1_16' title="bbox 301 1519 1867 1591">
    <p class='ocr_par' dir='ltr' id='par_1_16' title="bbox 301 1519 1867 1591">
     <span class='ocr_line' id='line_1_16' title="bbox 301 1519 1867 1591; baseline 0.001 -16"><span class='ocrx_word' id='word_1_105' title='bbox 301 1520 433 1576; x_wconf 81' lang='lat' dir='ltr'><strong>Fiat</strong></span> <span class='ocrx_word' id='word_1_106' title='bbox 454 1522 545 1577; x_wconf 74' lang='lat' dir='ltr'><strong>tua:</strong></span> <span class='ocrx_word' id='word_1_107' title='bbox 570 1522 635 1574; x_wconf 75' lang='lat'><strong>“.</strong></span> <span class='ocrx_word' id='word_1_108' title='bbox 674 1542 692 1574; x_wconf 75' lang='grc' dir='ltr'><strong>ι</strong></span> <span class='ocrx_word' id='word_1_109' title='bbox 746 1520 852 1576; x_wconf 88' lang='lat' dir='ltr'><strong>Sed</strong></span> <span class='ocrx_word' id='word_1_110' title='bbox 887 1520 1029 1591; x_wconf 89' lang='lat' dir='ltr'><strong>quod</strong></span> <span class='ocrx_word' id='word_1_111' title='bbox 1065 1520 1118 1575; x_wconf 91' lang='lat' dir='ltr'><strong>in</strong></span> <span class='ocrx_word' id='word_1_112' title='bbox 1149 1519 1368 1576; x_wconf 89' lang='lat' dir='ltr'><strong>homine</strong></span> <span class='ocrx_word' id='word_1_113' title='bbox 1412 1522 1601 1575; x_wconf 88' lang='lat' dir='ltr'><strong>horum</strong></span> <span class='ocrx_word' id='word_1_114' title='bbox 1657 1530 1867 1589; x_wconf 88' lang='lat' dir='ltr'><strong>tempo-</strong></span> 
     </span>
    </p>
   </div>
   <div class='ocr_carea' id='block_1_17' title="bbox 297 1612 1870 1684">
    <p class='ocr_par' dir='ltr' id='par_1_17' title="bbox 297 1612 1870 1684">
     <span class='ocr_line' id='line_1_17' title="bbox 297 1612 1870 1684; baseline -0.001 -15"><span class='ocrx_word' id='word_1_115' title='bbox 297 1631 417 1670; x_wconf 91' lang='lat' dir='ltr'><strong>rum</strong></span> <span class='ocrx_word' id='word_1_116' title='bbox 448 1616 663 1684; x_wconf 75' lang='lat' dir='ltr'><strong>aequali,</strong></span> <span class='ocrx_word' id='word_1_117' title='bbox 687 1615 883 1684; x_wconf 89' lang='lat' dir='ltr'><strong>quibus</strong></span> <span class='ocrx_word' id='word_1_118' title='bbox 914 1614 1152 1670; x_wconf 88' lang='lat' dir='ltr'><strong>nondum</strong></span> <span class='ocrx_word' id='word_1_119' title='bbox 1182 1615 1506 1683; x_wconf 62' lang='lat' dir='ltr'><strong>quaestiones</strong></span> <span class='ocrx_word' id='word_1_120' title='bbox 1535 1613 1638 1668; x_wconf 72' lang='lat' dir='ltr'><strong>illa:</strong></span> <span class='ocrx_word' id='word_1_121' title='bbox 1659 1612 1870 1668; x_wconf 77' lang='lat' dir='ltr'><strong>fuerant</strong></span> 
     </span>
    </p>
   </div>
   <div class='ocr_carea' id='block_1_18' title="bbox 295 1707 1865 1777">
    <p class='ocr_par' dir='ltr' id='par_1_18' title="bbox 295 1707 1865 1777">
     <span class='ocr_line' id='line_1_18' title="bbox 295 1707 1865 1777; baseline 0.001 -17"><span class='ocrx_word' id='word_1_122' title='bbox 295 1707 590 1773; x_wconf 60' lang='lat' dir='ltr'><strong>ventilata,</strong></span> <span class='ocrx_word' id='word_1_123' title='bbox 610 1708 982 1776; x_wconf 83' lang='lat' dir='ltr'><strong>excipiendum</strong></span> <span class='ocrx_word' id='word_1_124' title='bbox 1000 1717 1084 1763; x_wconf 87' lang='lat' dir='ltr'><strong>est</strong></span> <span class='ocrx_word' id='word_1_125' title='bbox 1112 1708 1289 1762; x_wconf 89' lang='lat' dir='ltr'><strong>minus</strong></span> <span class='ocrx_word' id='word_1_126' title='bbox 1315 1722 1527 1771; x_wconf 80' lang='lat' dir='ltr'><strong>severe,</strong></span> <span class='ocrx_word' id='word_1_127' title='bbox 1556 1708 1865 1777; x_wconf 87' lang='lat' dir='ltr'><strong>neutiquam</strong></span> 
     </span>
    </p>
   </div>
   <div class='ocr_carea' id='block_1_19' title="bbox 298 1796 1866 1868">
    <p class='ocr_par' dir='ltr' id='par_1_19' title="bbox 298 1796 1866 1868">
     <span class='ocr_line' id='line_1_19' title="bbox 298 1796 1866 1868; baseline -0.001 -16"><span class='ocrx_word' id='word_1_128' title='bbox 298 1799 351 1852; x_wconf 87' lang='lat' dir='ltr'><strong>id</strong></span> <span class='ocrx_word' id='word_1_129' title='bbox 384 1799 510 1853; x_wconf 81' lang='lat' dir='ltr'><strong>ferri</strong></span> <span class='ocrx_word' id='word_1_130' title='bbox 557 1807 732 1867; x_wconf 86' lang='lat' dir='ltr'><strong>potest</strong></span> <span class='ocrx_word' id='word_1_131' title='bbox 778 1798 829 1852; x_wconf 94' lang='lat' dir='ltr'><strong>iu</strong></span> <span class='ocrx_word' id='word_1_132' title='bbox 870 1797 1106 1868; x_wconf 80' lang='lat' dir='ltr'><strong>Ruperto</strong></span> <span class='ocrx_word' id='word_1_133' title='bbox 1136 1798 1214 1853; x_wconf 89' lang='lat' dir='ltr'><strong>sic</strong></span> <span class='ocrx_word' id='word_1_134' title='bbox 1261 1797 1513 1867; x_wconf 87' lang='lat' dir='ltr'><strong>loquente</strong></span> <span class='ocrx_word' id='word_1_135' title='bbox 1558 1796 1866 1855; x_wconf 83' lang='lat' dir='ltr'><strong>lib.tCom-</strong></span> 
     </span>
    </p>
   </div>
   <div class='ocr_carea' id='block_1_20' title="bbox 298 1884 1084 1958">
    <p class='ocr_par' dir='ltr' id='par_1_20' title="bbox 298 1884 1084 1958">
     <span class='ocr_line' id='line_1_20' title="bbox 298 1884 1084 1958; baseline 0.004 -16"><span class='ocrx_word' id='word_1_136' title='bbox 298 1897 459 1943; x_wconf 86' lang='lat' dir='ltr'><strong>ment.</strong></span> <span class='ocrx_word' id='word_1_137' title='bbox 492 1884 545 1943; x_wconf 77' lang='lat' dir='ltr'><strong>in</strong></span> <span class='ocrx_word' id='word_1_138' title='bbox 579 1885 789 1954; x_wconf 81' lang='lat' dir='ltr'><strong>Cenes,</strong></span> <span class='ocrx_word' id='word_1_139' title='bbox 846 1903 962 1958; x_wconf 89' lang='lat' dir='ltr'><strong>cap.</strong></span> <span class='ocrx_word' id='word_1_140' title='bbox 993 1904 1024 1943; x_wconf 84' lang='lat' dir='ltr'><strong>x</strong></span> <span class='ocrx_word' id='word_1_141' title='bbox 1069 1907 1084 1945; x_wconf 90' lang='lat'><strong>:</strong></span> 
     </span>
    </p>
   </div>
   <div class='ocr_carea' id='block_1_21' title="bbox 290 1975 1869 2047">
    <p class='ocr_par' dir='ltr' id='par_1_21' title="bbox 290 1975 1869 2047">
     <span class='ocr_line' id='line_1_21' title="bbox 290 1975 1869 2047; baseline -0.001 -14"><span class='ocrx_word' id='word_1_142' title='bbox 290 1992 509 2041; x_wconf 77' lang='lat' dir='ltr'><strong>statum,</strong></span> <span class='ocrx_word' id='word_1_143' title='bbox 561 1988 615 2033; x_wconf 83' lang='lat' dir='ltr'><strong>et</strong></span> <span class='ocrx_word' id='word_1_144' title='bbox 674 1980 854 2032; x_wconf 86' lang='lat' dir='ltr'><strong>omnia</strong></span> <span class='ocrx_word' id='word_1_145' title='bbox 906 1976 1279 2047; x_wconf 86' lang='lat' dir='ltr'><strong>potentialiter</strong></span> <span class='ocrx_word' id='word_1_146' title='bbox 1319 1976 1604 2032; x_wconf 89' lang='lat' dir='ltr'><strong>continens</strong></span> <span class='ocrx_word' id='word_1_147' title='bbox 1638 1975 1869 2033; x_wconf 82' lang='lat' dir='ltr'><strong>Verbum</strong></span> 
     </span>
    </p>
   </div>
   <div class='ocr_carea' id='block_1_22' title="bbox 292 2069 1875 2139">
    <p class='ocr_par' dir='ltr' id='par_1_22' title="bbox 292 2069 1875 2139">
     <span class='ocr_line' id='line_1_22' title="bbox 292 2069 1875 2139; baseline 0.001 -14"><span class='ocrx_word' id='word_1_148' title='bbox 292 2079 429 2125; x_wconf 86' lang='lat' dir='ltr'><strong>tunc</strong></span> <span class='ocrx_word' id='word_1_149' title='bbox 454 2070 612 2125; x_wconf 82' lang='lat' dir='ltr'><strong>Pater</strong></span> <span class='ocrx_word' id='word_1_150' title='bbox 646 2069 931 2124; x_wconf 80' lang='lat' dir='ltr'><strong>actualiter</strong></span> <span class='ocrx_word' id='word_1_151' title='bbox 972 2069 1274 2139; x_wconf 75' lang='lat' dir='ltr'><strong>generavit,</strong></span> <span class='ocrx_word' id='word_1_152' title='bbox 1340 2070 1555 2138; x_wconf 84' lang='lat' dir='ltr'><strong>quando</strong></span> <span class='ocrx_word' id='word_1_153' title='bbox 1580 2070 1775 2125; x_wconf 66' lang='lat' dir='ltr'><strong>caelum</strong></span> <span class='ocrx_word' id='word_1_154' title='bbox 1818 2079 1875 2126; x_wconf 88' lang='lat' dir='ltr'><strong>et</strong></span> 
     </span>
    </p>
   </div>
   <div class='ocr_carea' id='block_1_23' title="bbox 298 2159 1873 2229">
    <p class='ocr_par' dir='ltr' id='par_1_23' title="bbox 298 2159 1873 2229">
     <span class='ocr_line' id='line_1_23' title="bbox 298 2159 1873 2229; baseline 0.001 -15"><span class='ocrx_word' id='word_1_155' title='bbox 298 2170 501 2214; x_wconf 87' lang='lat' dir='ltr'><strong>terram</strong></span> <span class='ocrx_word' id='word_1_156' title='bbox 527 2160 757 2223; x_wconf 85' lang='lat' dir='ltr'><strong>creavit,</strong></span> <span class='ocrx_word' id='word_1_157' title='bbox 791 2160 1011 2229; x_wconf 83' lang='lat' dir='ltr'><strong>quando</strong></span> <span class='ocrx_word' id='word_1_158' title='bbox 1040 2160 1213 2215; x_wconf 90' lang='lat' dir='ltr'><strong>lucem</strong></span> <span class='ocrx_word' id='word_1_159' title='bbox 1242 2168 1295 2213; x_wconf 89' lang='lat' dir='ltr'><strong>et</strong></span> <span class='ocrx_word' id='word_1_160' title='bbox 1328 2171 1522 2215; x_wconf 60' lang='lat' dir='ltr'><strong>cetera</strong></span> <span class='ocrx_word' id='word_1_161' title='bbox 1553 2160 1704 2215; x_wconf 78' lang='lat' dir='ltr'><strong>fecit.</strong></span> <span class='ocrx_word' id='word_1_162' title='bbox 1732 2159 1873 2215; x_wconf 82' lang='lat' dir='ltr'><strong>Eru-</strong></span> 
     </span>
    </p>
   </div>
   <div class='ocr_carea' id='block_1_24' title="bbox 296 2249 1870 2320">
    <p class='ocr_par' dir='ltr' id='par_1_24' title="bbox 296 2249 1870 2320">
     <span class='ocr_line' id='line_1_24' title="bbox 296 2249 1870 2320; baseline 0.002 -17"><span class='ocrx_word' id='word_1_163' title='bbox 296 2250 457 2303; x_wconf 81' lang='lat' dir='ltr'><strong>ctavit</strong></span> <span class='ocrx_word' id='word_1_164' title='bbox 495 2264 621 2317; x_wconf 86' lang='lat' dir='ltr'><strong>ergo</strong></span> <span class='ocrx_word' id='word_1_165' title='bbox 647 2267 737 2303; x_wconf 88' lang='lat' dir='ltr'><strong>cor</strong></span> <span class='ocrx_word' id='word_1_166' title='bbox 760 2249 939 2306; x_wconf 87' lang='lat' dir='ltr'><strong>Patris</strong></span> <span class='ocrx_word' id='word_1_167' title='bbox 976 2249 1196 2305; x_wconf 79' lang='lat' dir='ltr'><strong>Verbum</strong></span> <span class='ocrx_word' id='word_1_168' title='bbox 1221 2253 1412 2305; x_wconf 82' lang='lat' dir='ltr'><strong>bonum</strong></span> <span class='ocrx_word' id='word_1_169' title='bbox 1435 2251 1479 2283; x_wconf 74' lang='lat'><strong>&quot;</strong></span> <span class='ocrx_word' id='word_1_170' title='bbox 1506 2260 1559 2305; x_wconf 90' lang='lat' dir='ltr'><strong>et</strong></span> <span class='ocrx_word' id='word_1_171' title='bbox 1595 2267 1660 2306; x_wconf 77' lang='lat' dir='ltr'><strong>ex</strong></span> <span class='ocrx_word' id='word_1_172' title='bbox 1703 2262 1870 2320; x_wconf 82' lang='lat' dir='ltr'><strong>utero,</strong></span> 
     </span>
    </p>
   </div>
   <div class='ocr_carea' id='block_1_25' title="bbox 298 2341 1872 2412">
    <p class='ocr_par' dir='ltr' id='par_1_25' title="bbox 298 2341 1872 2412">
     <span class='ocr_line' id='line_1_25' title="bbox 298 2341 1872 2412; baseline 0.002 -17"><span class='ocrx_word' id='word_1_173' title='bbox 298 2344 353 2395; x_wconf 88' lang='lat' dir='ltr'><strong>id</strong></span> <span class='ocrx_word' id='word_1_174' title='bbox 396 2353 479 2395; x_wconf 90' lang='lat' dir='ltr'><strong>est</strong></span> <span class='ocrx_word' id='word_1_175' title='bbox 528 2343 593 2397; x_wconf 86' lang='lat' dir='ltr'><strong>de</strong></span> <span class='ocrx_word' id='word_1_176' title='bbox 619 2358 730 2398; x_wconf 73' lang='lat' dir='ltr'><strong>sua:</strong></span> <span class='ocrx_word' id='word_1_177' title='bbox 775 2342 1090 2401; x_wconf 77' lang='lat' dir='ltr'><strong>substantia:</strong></span> <span class='ocrx_word' id='word_1_178' title='bbox 1121 2354 1353 2408; x_wconf 78' lang='lat' dir='ltr'><strong>secreto,</strong></span> <span class='ocrx_word' id='word_1_179' title='bbox 1398 2352 1522 2397; x_wconf 96' lang='lat' dir='ltr'><strong>ante</strong></span> <span class='ocrx_word' id='word_1_180' title='bbox 1568 2341 1872 2412; x_wconf 81' lang='lat' dir='ltr'><strong>Luciferum</strong></span> 
     </span>
    </p>
   </div>
   <div class='ocr_carea' id='block_1_26' title="bbox 291 2432 1526 2505">
    <p class='ocr_par' dir='ltr' id='par_1_26' title="bbox 291 2432 1526 2505">
     <span class='ocr_line' id='line_1_26' title="bbox 291 2432 1526 2505; baseline 0.002 -18"><span class='ocrx_word' id='word_1_181' title='bbox 291 2432 481 2505; x_wconf 83' lang='lat' dir='ltr'><strong>genuit</strong></span> <span class='ocrx_word' id='word_1_182' title='bbox 510 2435 638 2490; x_wconf 91' lang='lat' dir='ltr'><strong>illud</strong></span> <span class='ocrx_word' id='word_1_183' title='bbox 668 2436 733 2499; x_wconf 70' lang='grc' dir='ltr'><strong>δ’,</strong></span> <span class='ocrx_word' id='word_1_184' title='bbox 757 2436 971 2505; x_wconf 90' lang='lat' dir='ltr'><strong>quando</strong></span> <span class='ocrx_word' id='word_1_185' title='bbox 1000 2435 1138 2491; x_wconf 94' lang='lat' dir='ltr'><strong>dixit</strong></span> <span class='ocrx_word' id='word_1_186' title='bbox 1166 2456 1181 2491; x_wconf 89' lang='lat'><strong>:</strong></span> <span class='ocrx_word' id='word_1_187' title='bbox 1212 2435 1335 2490; x_wconf 84' lang='lat' dir='ltr'><strong>Fiat</strong></span> <span class='ocrx_word' id='word_1_188' title='bbox 1359 2436 1473 2490; x_wconf 70' lang='lat' dir='ltr'><strong>lux.</strong></span> <span class='ocrx_word' id='word_1_189' title='bbox 1505 2454 1526 2489; x_wconf 68' lang='grc' dir='ltr'><strong>ι</strong></span> 
     </span>
    </p>
   </div>
   <div class='ocr_carea' id='block_1_27' title="bbox 368 2523 1869 2597">
    <p class='ocr_par' dir='ltr' id='par_1_27' title="bbox 368 2523 1869 2597">
     <span class='ocr_line' id='line_1_27' title="bbox 368 2523 1869 2597; baseline 0.001 -19"><span class='ocrx_word' id='word_1_190' title='bbox 368 2523 556 2580; x_wconf 81' lang='lat' dir='ltr'><strong>XXVI.</strong></span> <span class='ocrx_word' id='word_1_191' title='bbox 594 2526 689 2581; x_wconf 86' lang='lat' dir='ltr'><strong>Est</strong></span> <span class='ocrx_word' id='word_1_192' title='bbox 732 2528 872 2594; x_wconf 84' lang='lat' dir='ltr'><strong>apud</strong></span> <span class='ocrx_word' id='word_1_193' title='bbox 918 2526 1209 2597; x_wconf 86' lang='lat' dir='ltr'><strong>Origenem</strong></span> <span class='ocrx_word' id='word_1_194' title='bbox 1261 2526 1410 2583; x_wconf 87' lang='lat' dir='ltr'><strong>hom.</strong></span> <span class='ocrx_word' id='word_1_195' title='bbox 1458 2525 1485 2581; x_wconf 83' lang='grc'><strong>1</strong></span> <span class='ocrx_word' id='word_1_196' title='bbox 1532 2528 1586 2580; x_wconf 86' lang='lat' dir='ltr'><strong>in</strong></span> <span class='ocrx_word' id='word_1_197' title='bbox 1635 2525 1869 2591; x_wconf 84' lang='lat' dir='ltr'><strong>Isaiam,</strong></span> 
     </span>
    </p>
   </div>
   <div class='ocr_carea' id='block_1_28' title="bbox 292 2617 1869 2690">
    <p class='ocr_par' dir='ltr' id='par_1_28' title="bbox 292 2617 1869 2690">
     <span class='ocr_line' id='line_1_28' title="bbox 292 2617 1869 2690; baseline 0.001 -18"><span class='ocrx_word' id='word_1_198' title='bbox 292 2633 445 2672; x_wconf 78' lang='lat' dir='ltr'><strong>num.</strong></span> <span class='ocrx_word' id='word_1_199' title='bbox 480 2617 536 2683; x_wconf 74' lang='lat'><strong>2,</strong></span> <span class='ocrx_word' id='word_1_200' title='bbox 569 2619 675 2672; x_wconf 89' lang='lat' dir='ltr'><strong>duo</strong></span> <span class='ocrx_word' id='word_1_201' title='bbox 702 2618 977 2689; x_wconf 89' lang='lat' dir='ltr'><strong>seraphim</strong></span> <span class='ocrx_word' id='word_1_202' title='bbox 1007 2619 1203 2689; x_wconf 82' lang='lat' dir='ltr'><strong>quibus</strong></span> <span class='ocrx_word' id='word_1_203' title='bbox 1236 2618 1429 2676; x_wconf 87' lang='lat' dir='ltr'><strong>solium</strong></span> <span class='ocrx_word' id='word_1_204' title='bbox 1470 2618 1564 2674; x_wconf 90' lang='lat' dir='ltr'><strong>Dei</strong></span> <span class='ocrx_word' id='word_1_205' title='bbox 1613 2621 1869 2690; x_wconf 78' lang='lat' dir='ltr'><strong>stipatum</strong></span> 
     </span>
    </p>
   </div>
   <div class='ocr_carea' id='block_1_29' title="bbox 290 2709 1870 2779">
    <p class='ocr_par' dir='ltr' id='par_1_29' title="bbox 290 2709 1870 2779">
     <span class='ocr_line' id='line_1_29' title="bbox 290 2709 1870 2779; baseline 0.003 -19"><span class='ocrx_word' id='word_1_206' title='bbox 290 2709 494 2764; x_wconf 88' lang='lat' dir='ltr'><strong>vidisse</strong></span> <span class='ocrx_word' id='word_1_207' title='bbox 540 2725 600 2766; x_wconf 91' lang='lat' dir='ltr'><strong>se</strong></span> <span class='ocrx_word' id='word_1_208' title='bbox 648 2711 841 2765; x_wconf 90' lang='lat' dir='ltr'><strong>scribit</strong></span> <span class='ocrx_word' id='word_1_209' title='bbox 898 2710 1162 2779; x_wconf 83' lang='lat' dir='ltr'><strong>propheta</strong></span> <span class='ocrx_word' id='word_1_210' title='bbox 1193 2710 1260 2777; x_wconf 79' lang='lat'><strong>“,</strong></span> <span class='ocrx_word' id='word_1_211' title='bbox 1303 2726 1367 2766; x_wconf 91' lang='lat' dir='ltr'><strong>ea</strong></span> <span class='ocrx_word' id='word_1_212' title='bbox 1404 2725 1525 2767; x_wconf 88' lang='lat' dir='ltr'><strong>esse</strong></span> <span class='ocrx_word' id='word_1_213' title='bbox 1570 2711 1870 2773; x_wconf 85' lang='lat' dir='ltr'><strong>Christum,</strong></span> 
     </span>
    </p>
   </div>
   <div class='ocr_carea' id='block_1_30' title="bbox 288 2800 1869 2870">
    <p class='ocr_par' dir='ltr' id='par_1_30' title="bbox 288 2800 1869 2870">
     <span class='ocr_line' id='line_1_30' title="bbox 288 2800 1869 2870; baseline 0 -15"><span class='ocrx_word' id='word_1_214' title='bbox 288 2810 350 2855; x_wconf 89' lang='lat' dir='ltr'><strong>et</strong></span> <span class='ocrx_word' id='word_1_215' title='bbox 399 2800 659 2869; x_wconf 84' lang='lat' dir='ltr'><strong>Spiritum</strong></span> <span class='ocrx_word' id='word_1_216' title='bbox 704 2813 977 2856; x_wconf 88' lang='lat' dir='ltr'><strong>sanctum.</strong></span> <span class='ocrx_word' id='word_1_217' title='bbox 1033 2800 1179 2858; x_wconf 88' lang='lat' dir='ltr'><strong>Idem</strong></span> <span class='ocrx_word' id='word_1_218' title='bbox 1235 2802 1459 2858; x_wconf 89' lang='lat' dir='ltr'><strong>iteratur</strong></span> <span class='ocrx_word' id='word_1_219' title='bbox 1524 2804 1618 2857; x_wconf 89' lang='lat' dir='ltr'><strong>lib.</strong></span> <span class='ocrx_word' id='word_1_220' title='bbox 1670 2818 1688 2859; x_wconf 87' lang='grc' dir='ltr'><strong>ι</strong></span> <span class='ocrx_word' id='word_1_221' title='bbox 1730 2803 1869 2870; x_wconf 76' lang='grc' dir='ltr'>Περὶ</span> 
     </span>
    </p>
   </div>
   <div class='ocr_carea' id='block_1_31' title="bbox 286 2893 1871 2966">
    <p class='ocr_par' dir='ltr' id='par_1_31' title="bbox 286 2893 1871 2966">
     <span class='ocr_line' id='line_1_31' title="bbox 286 2893 1871 2966; baseline 0.001 -17"><span class='ocrx_word' id='word_1_222' title='bbox 286 2893 513 2965; x_wconf 81' lang='grc' dir='ltr'><strong>ἀρχῶν,</strong></span> <span class='ocrx_word' id='word_1_223' title='bbox 538 2909 657 2963; x_wconf 89' lang='lat' dir='ltr'><strong>cap.</strong></span> <span class='ocrx_word' id='word_1_224' title='bbox 682 2894 735 2961; x_wconf 77' lang='lat'><strong>5,</strong></span> <span class='ocrx_word' id='word_1_225' title='bbox 765 2909 917 2950; x_wconf 91' lang='lat' dir='ltr'><strong>num.</strong></span> <span class='ocrx_word' id='word_1_226' title='bbox 940 2893 997 2960; x_wconf 78' lang='lat'><strong>5,</strong></span> <span class='ocrx_word' id='word_1_227' title='bbox 1021 2895 1115 2950; x_wconf 90' lang='lat' dir='ltr'><strong>ubi</strong></span> <span class='ocrx_word' id='word_1_228' title='bbox 1136 2904 1191 2950; x_wconf 90' lang='lat' dir='ltr'><strong>et</strong></span> <span class='ocrx_word' id='word_1_229' title='bbox 1218 2904 1499 2950; x_wconf 82' lang='lat' dir='ltr'><strong>auctorem</strong></span> <span class='ocrx_word' id='word_1_230' title='bbox 1521 2895 1871 2966; x_wconf 81' lang='lat' dir='ltr'><strong>expositionis</strong></span> 
     </span>
    </p>
   </div>
   <div class='ocr_carea' id='block_1_32' title="bbox 287 2986 1868 3058">
    <p class='ocr_par' dir='ltr' id='par_1_32' title="bbox 287 2986 1868 3058">
     <span class='ocr_line' id='line_1_32' title="bbox 287 2986 1868 3058; baseline -0.001 -16"><span class='ocrx_word' id='word_1_231' title='bbox 287 2987 454 3057; x_wconf 86' lang='lat' dir='ltr'><strong>hujus</strong></span> <span class='ocrx_word' id='word_1_232' title='bbox 516 2986 800 3042; x_wconf 68' lang='lat' dir='ltr'><strong>Hebrmum</strong></span> <span class='ocrx_word' id='word_1_233' title='bbox 864 2988 1183 3058; x_wconf 87' lang='lat' dir='ltr'><strong>magistrum</strong></span> <span class='ocrx_word' id='word_1_234' title='bbox 1247 2989 1470 3056; x_wconf 85' lang='lat' dir='ltr'><strong>laudat,</strong></span> <span class='ocrx_word' id='word_1_235' title='bbox 1532 2997 1591 3044; x_wconf 90' lang='lat' dir='ltr'><strong>et</strong></span> <span class='ocrx_word' id='word_1_236' title='bbox 1646 2989 1739 3046; x_wconf 89' lang='lat' dir='ltr'><strong>lib.</strong></span> <span class='ocrx_word' id='word_1_237' title='bbox 1796 3003 1868 3051; x_wconf 82' lang='lat' dir='ltr'><strong>tv,</strong></span> 
     </span>
    </p>
   </div>
   <div class='ocr_carea' id='block_1_33' title="bbox 290 3079 1869 3150">
    <p class='ocr_par' dir='ltr' id='par_1_33' title="bbox 290 3079 1869 3150">
     <span class='ocr_line' id='line_1_33' title="bbox 290 3079 1869 3150; baseline 0.001 -17"><span class='ocrx_word' id='word_1_238' title='bbox 290 3079 560 3135; x_wconf 72' lang='lat' dir='ltr'><strong>num.26.</strong></span> <span class='ocrx_word' id='word_1_239' title='bbox 598 3079 749 3135; x_wconf 89' lang='lat' dir='ltr'><strong>Unde</strong></span> <span class='ocrx_word' id='word_1_240' title='bbox 807 3081 1092 3148; x_wconf 88' lang='lat' dir='ltr'><strong>Antipater</strong></span> <span class='ocrx_word' id='word_1_241' title='bbox 1136 3080 1434 3135; x_wconf 88' lang='lat' dir='ltr'><strong>Bostrenus</strong></span> <span class='ocrx_word' id='word_1_242' title='bbox 1484 3081 1770 3150; x_wconf 90' lang='lat' dir='ltr'><strong>episcopus</strong></span> <span class='ocrx_word' id='word_1_243' title='bbox 1816 3080 1869 3135; x_wconf 90' lang='lat' dir='ltr'><strong>in</strong></span> 
     </span>
    </p>
   </div>
   <div class='ocr_carea' id='block_1_34' title="bbox 292 3174 1451 3245">
    <p class='ocr_par' dir='ltr' id='par_1_34' title="bbox 292 3174 1451 3245">
     <span class='ocr_line' id='line_1_34' title="bbox 292 3174 1451 3245; baseline 0.003 -18"><span class='ocrx_word' id='word_1_244' title='bbox 292 3174 756 3241; x_wconf 80' lang='lat' dir='ltr'><strong>Disputationibus</strong></span> <span class='ocrx_word' id='word_1_245' title='bbox 803 3176 1053 3229; x_wconf 79' lang='lat' dir='ltr'><strong>adversus</strong></span> <span class='ocrx_word' id='word_1_246' title='bbox 1092 3174 1371 3245; x_wconf 85' lang='lat' dir='ltr'><strong>Origenem</strong></span> <span class='ocrx_word' id='word_1_247' title='bbox 1433 3192 1451 3230; x_wconf 91' lang='lat'><strong><em>:</em></strong></span> 
     </span>
    </p>
   </div>
   <div class='ocr_carea' id='block_1_35' title="bbox 285 3266 1873 3340">
    <p class='ocr_par' dir='ltr' id='par_1_35' title="bbox 285 3266 1873 3340">
     <span class='ocr_line' id='line_1_35' title="bbox 285 3266 1873 3340; baseline 0.002 -21"><span class='ocrx_word' id='word_1_248' title='bbox 285 3266 402 3319; x_wconf 79' lang='grc' dir='ltr'>τῶν</span> <span class='ocrx_word' id='word_1_249' title='bbox 432 3268 713 3338; x_wconf 75' lang='grc' dir='ltr'>χερουσὶμ,</span> <span class='ocrx_word' id='word_1_250' title='bbox 740 3268 772 3339; x_wconf 87' lang='grc' dir='ltr'>ἢ</span> <span class='ocrx_word' id='word_1_251' title='bbox 798 3268 905 3321; x_wconf 85' lang='grc' dir='ltr'>τῶν</span> <span class='ocrx_word' id='word_1_252' title='bbox 928 3268 1166 3339; x_wconf 71' lang='grc' dir='ltr'>σεραφὶμ</span> <span class='ocrx_word' id='word_1_253' title='bbox 1198 3268 1347 3322; x_wconf 82' lang='grc' dir='ltr'>οὐδὲν</span> <span class='ocrx_word' id='word_1_254' title='bbox 1370 3268 1644 3340; x_wconf 81' lang='grc' dir='ltr'>δυνάμεθα</span> <span class='ocrx_word' id='word_1_255' title='bbox 1674 3270 1873 3338; x_wconf 85' lang='grc' dir='ltr'>λέγειν,</span> 
     </span>
    </p>
   </div>
   <div class='ocr_carea' id='block_1_36' title="bbox 286 3357 1874 3432">
    <p class='ocr_par' dir='ltr' id='par_1_36' title="bbox 286 3357 1874 3432">
     <span class='ocr_line' id='line_1_36' title="bbox 286 3357 1874 3432; baseline 0.003 -21"><span class='ocrx_word' id='word_1_256' title='bbox 286 3357 383 3411; x_wconf 75' lang='grc' dir='ltr'><strong>διὰ</strong></span> <span class='ocrx_word' id='word_1_257' title='bbox 433 3360 495 3412; x_wconf 76' lang='grc' dir='ltr'><strong>τὸ</strong></span> <span class='ocrx_word' id='word_1_258' title='bbox 544 3360 732 3430; x_wconf 79' lang='grc' dir='ltr'>μαθεῖν</span> <span class='ocrx_word' id='word_1_259' title='bbox 779 3360 871 3414; x_wconf 82' lang='grc' dir='ltr'>τὸν</span> <span class='ocrx_word' id='word_1_260' title='bbox 915 3361 1233 3430; x_wconf 76' lang='grc' dir='ltr'><strong>συγγραφέα</strong></span> <span class='ocrx_word' id='word_1_261' title='bbox 1264 3360 1413 3432; x_wconf 76' lang='grc' dir='ltr'>παρὰ</span> <span class='ocrx_word' id='word_1_262' title='bbox 1452 3361 1544 3415; x_wconf 87' lang='grc' dir='ltr'>τοῦ</span> <span class='ocrx_word' id='word_1_263' title='bbox 1599 3361 1874 3431; x_wconf 76' lang='grc' dir='ltr'><strong>Ἐϐραίου,</strong></span> 
     </span>
    </p>
   </div>
   <div class='ocr_carea' id='block_1_37' title="bbox 285 3451 1874 3526">
    <p class='ocr_par' dir='ltr' id='par_1_37' title="bbox 285 3451 1874 3526">
     <span class='ocr_line' id='line_1_37' title="bbox 285 3451 1874 3526; baseline 0.001 -22"><span class='ocrx_word' id='word_1_264' title='bbox 285 3451 442 3515; x_wconf 83' lang='grc' dir='ltr'>ὅστις</span> <span class='ocrx_word' id='word_1_265' title='bbox 470 3452 561 3506; x_wconf 78' lang='grc' dir='ltr'>καί</span> <span class='ocrx_word' id='word_1_266' title='bbox 583 3454 729 3507; x_wconf 75' lang='grc' dir='ltr'>ἐστιν</span> <span class='ocrx_word' id='word_1_267' title='bbox 750 3454 778 3505; x_wconf 80' lang='grc' dir='ltr'>ὁ</span> <span class='ocrx_word' id='word_1_268' title='bbox 813 3455 940 3525; x_wconf 80' lang='grc' dir='ltr'>παρ’</span> <span class='ocrx_word' id='word_1_269' title='bbox 973 3453 1136 3521; x_wconf 70' lang='grc' dir='ltr'>αρτοῦ</span> <span class='ocrx_word' id='word_1_270' title='bbox 1177 3454 1571 3525; x_wconf 83' lang='grc' dir='ltr'><strong>σημαινόμενος</strong></span> <span class='ocrx_word' id='word_1_271' title='bbox 1608 3454 1874 3526; x_wconf 79' lang='grc' dir='ltr'><strong>Ἐϐραῖος,</strong></span> 
     </span>
    </p>
   </div>
   <div class='ocr_carea' id='block_1_38' title="bbox 287 3542 1877 3615">
    <p class='ocr_par' dir='ltr' id='par_1_38' title="bbox 287 3542 1877 3615">
     <span class='ocr_line' id='line_1_38' title="bbox 287 3542 1877 3615; baseline 0.004 -20"><span class='ocrx_word' id='word_1_272' title='bbox 287 3542 377 3595; x_wconf 78' lang='grc' dir='ltr'><strong>ὅτι</strong></span> <span class='ocrx_word' id='word_1_273' title='bbox 393 3544 421 3595; x_wconf 83' lang='grc' dir='ltr'>ὁ</span> <span class='ocrx_word' id='word_1_274' title='bbox 443 3543 569 3607; x_wconf 81' lang='grc' dir='ltr'><strong>Υἱὸς</strong></span> <span class='ocrx_word' id='word_1_275' title='bbox 592 3544 685 3597; x_wconf 74' lang='grc' dir='ltr'><strong>καὶ</strong></span> <span class='ocrx_word' id='word_1_276' title='bbox 697 3543 757 3597; x_wconf 78' lang='grc' dir='ltr'><strong>τὸ</strong></span> <span class='ocrx_word' id='word_1_277' title='bbox 773 3543 998 3615; x_wconf 80' lang='grc' dir='ltr'><strong>Πνεῦμα</strong></span> <span class='ocrx_word' id='word_1_278' title='bbox 1020 3544 1172 3612; x_wconf 78' lang='grc' dir='ltr'>ἆγιον</span> <span class='ocrx_word' id='word_1_279' title='bbox 1206 3546 1547 3615; x_wconf 83' lang='grc' dir='ltr'>σημαίνεται.</span> <span class='ocrx_word' id='word_1_280' title='bbox 1568 3564 1586 3597; x_wconf 80' lang='grc' dir='ltr'><strong>ι</strong></span> <span class='ocrx_word' id='word_1_281' title='bbox 1607 3546 1790 3615; x_wconf 88' lang='lat' dir='ltr'><strong>itaque</strong></span> <span class='ocrx_word' id='word_1_282' title='bbox 1812 3546 1877 3602; x_wconf 91' lang='lat' dir='ltr'><strong>de</strong></span> 
     </span>
    </p>
   </div>
   <div class='ocr_carea' id='block_1_39' title="bbox 288 3634 1874 3704">
    <p class='ocr_par' dir='ltr' id='par_1_39' title="bbox 288 3634 1874 3704">
     <span class='ocr_line' id='line_1_39' title="bbox 288 3634 1874 3704; baseline 0.003 -17"><span class='ocrx_word' id='word_1_283' title='bbox 288 3634 607 3689; x_wconf 86' lang='lat' dir='ltr'><strong>cherubiuis</strong></span> <span class='ocrx_word' id='word_1_284' title='bbox 670 3643 726 3688; x_wconf 89' lang='lat' dir='ltr'><strong>et</strong></span> <span class='ocrx_word' id='word_1_285' title='bbox 771 3635 1077 3704; x_wconf 82' lang='lat' dir='ltr'><strong>seraphiuis</strong></span> <span class='ocrx_word' id='word_1_286' title='bbox 1131 3634 1267 3688; x_wconf 90' lang='lat' dir='ltr'><strong>nihil</strong></span> <span class='ocrx_word' id='word_1_287' title='bbox 1330 3651 1614 3704; x_wconf 85' lang='lat' dir='ltr'><strong>possumus</strong></span> <span class='ocrx_word' id='word_1_288' title='bbox 1674 3635 1874 3702; x_wconf 82' lang='lat' dir='ltr'><strong>dicere,</strong></span> 
     </span>
    </p>
   </div>
   <div class='ocr_carea' id='block_1_40' title="bbox 290 3722 1875 3798">
    <p class='ocr_par' dir='ltr' id='par_1_40' title="bbox 290 3722 1875 3798">
     <span class='ocr_line' id='line_1_40' title="bbox 290 3722 1875 3798; baseline 0.004 -22"><span class='ocrx_word' id='word_1_289' title='bbox 290 3725 437 3793; x_wconf 89' lang='lat' dir='ltr'><strong>quod</strong></span> <span class='ocrx_word' id='word_1_290' title='bbox 496 3724 745 3779; x_wconf 85' lang='lat' dir='ltr'><strong>didicerit</strong></span> <span class='ocrx_word' id='word_1_291' title='bbox 785 3725 1018 3793; x_wconf 90' lang='lat' dir='ltr'><strong>scriptor</strong></span> <span class='ocrx_word' id='word_1_292' title='bbox 1052 3722 1350 3796; x_wconf 75' lang='lat' dir='ltr'><strong>(Origenes)</strong></span> <span class='ocrx_word' id='word_1_293' title='bbox 1405 3728 1470 3781; x_wconf 84' lang='lat' dir='ltr'><strong>ab</strong></span> <span class='ocrx_word' id='word_1_294' title='bbox 1503 3725 1749 3791; x_wconf 66' lang='lat' dir='ltr'><strong>Hebraeo,</strong></span> <span class='ocrx_word' id='word_1_295' title='bbox 1784 3728 1875 3798; x_wconf 91' lang='lat' dir='ltr'><strong>qui</strong></span> 
     </span>
    </p>
   </div>
   <div class='ocr_carea' id='block_1_41' title="bbox 290 3818 1875 3889">
    <p class='ocr_par' dir='ltr' id='par_1_41' title="bbox 290 3818 1875 3889">
     <span class='ocr_line' id='line_1_41' title="bbox 290 3818 1875 3889; baseline 0.004 -19"><span class='ocrx_word' id='word_1_296' title='bbox 290 3818 511 3886; x_wconf 89' lang='lat' dir='ltr'><strong>quidem</strong></span> <span class='ocrx_word' id='word_1_297' title='bbox 548 3819 663 3888; x_wconf 88' lang='lat' dir='ltr'><strong>ipse</strong></span> <span class='ocrx_word' id='word_1_298' title='bbox 693 3829 776 3873; x_wconf 87' lang='lat' dir='ltr'><strong>est</strong></span> <span class='ocrx_word' id='word_1_299' title='bbox 811 3818 1123 3889; x_wconf 79' lang='lat' dir='ltr'><strong>designatus</strong></span> <span class='ocrx_word' id='word_1_300' title='bbox 1152 3819 1221 3874; x_wconf 90' lang='lat' dir='ltr'><strong>ab</strong></span> <span class='ocrx_word' id='word_1_301' title='bbox 1246 3836 1310 3873; x_wconf 93' lang='lat' dir='ltr'><strong>eo</strong></span> <span class='ocrx_word' id='word_1_302' title='bbox 1354 3818 1630 3887; x_wconf 68' lang='lat' dir='ltr'><strong>Hebraeus,</strong></span> <span class='ocrx_word' id='word_1_303' title='bbox 1659 3822 1875 3886; x_wconf 85' lang='lat' dir='ltr'><strong>Filium,</strong></span> 
     </span>
    </p>
   </div>
   <div class='ocr_carea' id='block_1_42' title="bbox 291 3908 1878 3982">
    <p class='ocr_par' dir='ltr' id='par_1_42' title="bbox 291 3908 1878 3982">
     <span class='ocr_line' id='line_1_42' title="bbox 291 3908 1878 3982; baseline 0.005 -20"><span class='ocrx_word' id='word_1_304' title='bbox 291 3921 349 3963; x_wconf 76' lang='lat' dir='ltr'><strong>et</strong></span> <span class='ocrx_word' id='word_1_305' title='bbox 377 3908 638 3979; x_wconf 88' lang='lat' dir='ltr'><strong>Spiritum</strong></span> <span class='ocrx_word' id='word_1_306' title='bbox 666 3919 913 3966; x_wconf 86' lang='lat' dir='ltr'><strong>sanctum</strong></span> <span class='ocrx_word' id='word_1_307' title='bbox 947 3927 1043 3981; x_wconf 87' lang='lat' dir='ltr'><strong>per</strong></span> <span class='ocrx_word' id='word_1_308' title='bbox 1068 3926 1162 3966; x_wconf 90' lang='lat' dir='ltr'><strong>eos</strong></span> <span class='ocrx_word' id='word_1_309' title='bbox 1194 3911 1511 3982; x_wconf 81' lang='lat' dir='ltr'><strong>signiﬁcari.</strong></span> <span class='ocrx_word' id='word_1_310' title='bbox 1544 3933 1564 3964; x_wconf 73' lang='grc' dir='ltr'><strong>ι</strong></span> <span class='ocrx_word' id='word_1_311' title='bbox 1603 3914 1878 3970; x_wconf 71' lang='lat' dir='ltr'><strong>Habentur</strong></span> 
     </span>
    </p>
   </div>
   <div class='ocr_carea' id='block_1_43' title="bbox 291 4001 1872 4073">
    <p class='ocr_par' dir='ltr' id='par_1_43' title="bbox 291 4001 1872 4073">
     <span class='ocr_line' id='line_1_43' title="bbox 291 4001 1872 4073; baseline 0.004 -20"><span class='ocrx_word' id='word_1_312' title='bbox 291 4013 474 4055; x_wconf 89' lang='lat' dir='ltr'><strong>autem</strong></span> <span class='ocrx_word' id='word_1_313' title='bbox 497 4001 601 4056; x_wconf 65' lang='lat' dir='ltr'><strong>illa:</strong></span> <span class='ocrx_word' id='word_1_314' title='bbox 633 4002 909 4073; x_wconf 81' lang='lat' dir='ltr'><strong>Antipatri</strong></span> <span class='ocrx_word' id='word_1_315' title='bbox 965 4002 1350 4071; x_wconf 83' lang='lat' dir='ltr'><strong>Disputationes</strong></span> <span class='ocrx_word' id='word_1_316' title='bbox 1382 4004 1436 4057; x_wconf 90' lang='lat' dir='ltr'><strong>iu</strong></span> <span class='ocrx_word' id='word_1_317' title='bbox 1463 4003 1678 4073; x_wconf 82' lang='lat' dir='ltr'><strong>Eclogis</strong></span> <span class='ocrx_word' id='word_1_318' title='bbox 1703 4003 1872 4060; x_wconf 77' lang='lat' dir='ltr'><strong>Joan-</strong></span> 
     </span>
    </p>
   </div>
   <div class='ocr_carea' id='block_1_44' title="bbox 258 4084 1874 4159">
    <p class='ocr_par' dir='ltr' id='par_1_44' title="bbox 258 4084 1874 4159">
     <span class='ocr_line' id='line_1_44' title="bbox 258 4084 1874 4159; baseline 0.001 -14"><span class='ocrx_word' id='word_1_319' title='bbox 258 4084 263 4091; x_wconf 76' lang='grc'><em>’</em></span> <span class='ocrx_word' id='word_1_320' title='bbox 296 4093 383 4145; x_wconf 88' lang='lat' dir='ltr'><strong>nis</strong></span> <span class='ocrx_word' id='word_1_321' title='bbox 414 4089 754 4155; x_wconf 88' lang='lat' dir='ltr'><strong>Damasceni,</strong></span> <span class='ocrx_word' id='word_1_322' title='bbox 807 4106 927 4159; x_wconf 60' lang='lat' dir='ltr'><strong>quae</strong></span> <span class='ocrx_word' id='word_1_323' title='bbox 980 4091 1216 4146; x_wconf 90' lang='lat' dir='ltr'><strong>nondum</strong></span> <span class='ocrx_word' id='word_1_324' title='bbox 1251 4092 1409 4147; x_wconf 63' lang='lat' dir='ltr'><strong>editae</strong></span> <span class='ocrx_word' id='word_1_325' title='bbox 1446 4093 1500 4147; x_wconf 91' lang='lat' dir='ltr'><strong>in</strong></span> <span class='ocrx_word' id='word_1_326' title='bbox 1541 4092 1874 4148; x_wconf 81' lang='lat' dir='ltr'><strong>Bibliotheca</strong></span> 
     </span>
    </p>
   </div>
   <div class='ocr_carea' id='block_1_45' title="bbox 297 4181 1873 4245">
    <p class='ocr_par' dir='ltr' id='par_1_45' title="bbox 297 4181 1873 4245">
     <span class='ocr_line' id='line_1_45' title="bbox 297 4181 1873 4245; baseline 0.001 -8"><span class='ocrx_word' id='word_1_327' title='bbox 297 4182 718 4237; x_wconf 85' lang='lat' dir='ltr'><strong>Claromontana</strong></span> <span class='ocrx_word' id='word_1_328' title='bbox 786 4181 1076 4239; x_wconf 86' lang='lat' dir='ltr'><strong>Societatis</strong></span> <span class='ocrx_word' id='word_1_329' title='bbox 1152 4182 1285 4239; x_wconf 85' lang='lat' dir='ltr'><strong>Jesu</strong></span> <span class='ocrx_word' id='word_1_330' title='bbox 1340 4193 1653 4240; x_wconf 88' lang='lat' dir='ltr'><strong>servantur.</strong></span> <span class='ocrx_word' id='word_1_331' title='bbox 1702 4185 1873 4245; x_wconf 84' lang='lat' dir='ltr'><strong>Verba</strong></span> 
     </span>
    </p>
   </div>
   <div class='ocr_carea' id='block_1_46' title="bbox 299 4273 1871 4346">
    <p class='ocr_par' dir='ltr' id='par_1_46' title="bbox 299 4273 1871 4346">
     <span class='ocr_line' id='line_1_46' title="bbox 299 4273 1871 4346; baseline 0 -17"><span class='ocrx_word' id='word_1_332' title='bbox 299 4275 416 4343; x_wconf 82' lang='lat' dir='ltr'><strong>ipsa</strong></span> <span class='ocrx_word' id='word_1_333' title='bbox 456 4273 554 4329; x_wconf 90' lang='lat' dir='ltr'><strong>dat</strong></span> <span class='ocrx_word' id='word_1_334' title='bbox 578 4274 914 4331; x_wconf 75' lang='lat' dir='ltr'><strong>JuStiuianus</strong></span> <span class='ocrx_word' id='word_1_335' title='bbox 950 4276 1005 4329; x_wconf 89' lang='lat' dir='ltr'><strong>in</strong></span> <span class='ocrx_word' id='word_1_336' title='bbox 1057 4276 1206 4331; x_wconf 91' lang='lat' dir='ltr'><strong>calce</strong></span> <span class='ocrx_word' id='word_1_337' title='bbox 1256 4278 1488 4346; x_wconf 65' lang='lat' dir='ltr'><strong>epistolas</strong></span> <span class='ocrx_word' id='word_1_338' title='bbox 1528 4277 1599 4330; x_wconf 86' lang='lat' dir='ltr'><strong>ad</strong></span> <span class='ocrx_word' id='word_1_339' title='bbox 1639 4274 1871 4331; x_wconf 80' lang='lat' dir='ltr'><strong>Menam.</strong></span> 
     </span>
    </p>
   </div>
   <div class='ocr_carea' id='block_1_47' title="bbox 297 4364 1876 4438">
    <p class='ocr_par' dir='ltr' id='par_1_47' title="bbox 297 4364 1876 4438">
     <span class='ocr_line' id='line_1_47' title="bbox 297 4364 1876 4438; baseline 0.001 -18"><span class='ocrx_word' id='word_1_340' title='bbox 297 4364 629 4435; x_wconf 87' lang='lat' dir='ltr'><strong>Hieronymo</strong></span> <span class='ocrx_word' id='word_1_341' title='bbox 663 4365 777 4438; x_wconf 86' lang='lat' dir='ltr'><strong>(l7)</strong></span> <span class='ocrx_word' id='word_1_342' title='bbox 828 4366 1167 4421; x_wconf 84' lang='lat' dir='ltr'><strong>stomachum</strong></span> <span class='ocrx_word' id='word_1_343' title='bbox 1220 4367 1294 4420; x_wconf 91' lang='lat' dir='ltr'><strong>ita</strong></span> <span class='ocrx_word' id='word_1_344' title='bbox 1335 4367 1503 4421; x_wconf 87' lang='lat' dir='ltr'><strong>movit</strong></span> <span class='ocrx_word' id='word_1_345' title='bbox 1560 4366 1677 4422; x_wconf 74' lang='lat' dir='ltr'><strong>hzec</strong></span> <span class='ocrx_word' id='word_1_346' title='bbox 1710 4367 1876 4421; x_wconf 89' lang='lat' dir='ltr'><strong>inter-</strong></span> 
     </span>
    </p>
   </div>
   <div class='ocr_carea' id='block_1_48' title="bbox 298 4457 1869 4529">
    <p class='ocr_par' dir='ltr' id='par_1_48' title="bbox 298 4457 1869 4529">
     <span class='ocr_line' id='line_1_48' title="bbox 298 4457 1869 4529; baseline 0.004 -22"><span class='ocrx_word' id='word_1_347' title='bbox 298 4457 553 4526; x_wconf 89' lang='lat' dir='ltr'><strong>pretatio,</strong></span> <span class='ocrx_word' id='word_1_348' title='bbox 583 4466 642 4510; x_wconf 93' lang='lat' dir='ltr'><strong>ut</strong></span> <span class='ocrx_word' id='word_1_349' title='bbox 680 4458 899 4527; x_wconf 87' lang='lat' dir='ltr'><strong>impiam</strong></span> <span class='ocrx_word' id='word_1_350' title='bbox 950 4472 1069 4511; x_wconf 89' lang='lat' dir='ltr'><strong>eam</strong></span> <span class='ocrx_word' id='word_1_351' title='bbox 1107 4466 1162 4512; x_wconf 91' lang='lat' dir='ltr'><strong>et</strong></span> <span class='ocrx_word' id='word_1_352' title='bbox 1196 4457 1567 4513; x_wconf 88' lang='lat' dir='ltr'><strong>detestandam</strong></span> <span class='ocrx_word' id='word_1_353' title='bbox 1618 4458 1869 4529; x_wconf 88' lang='lat' dir='ltr'><strong>appellet.</strong></span> 
     </span>
    </p>
   </div>
   <div class='ocr_carea' id='block_1_49' title="bbox 1143 1873 1940 1945">
    <p class='ocr_par' dir='ltr' id='par_1_49' title="bbox 1143 1873 1940 1945">
     <span class='ocr_line' id='line_1_49' title="bbox 1143 1873 1940 1945; baseline 0.005 -4"><span class='ocrx_word' id='word_1_354' title='bbox 1143 1906 1161 1941; x_wconf 80' lang='grc' dir='ltr'><strong>ι</strong></span> <span class='ocrx_word' id='word_1_355' title='bbox 1195 1887 1335 1943; x_wconf 73' lang='lat' dir='ltr'><strong>Vere</strong></span> <span class='ocrx_word' id='word_1_356' title='bbox 1371 1888 1513 1943; x_wconf 91' lang='lat' dir='ltr'><strong>enim</strong></span> <span class='ocrx_word' id='word_1_357' title='bbox 1572 1888 1689 1943; x_wconf 87' lang='lat' dir='ltr'><strong>sine</strong></span> <span class='ocrx_word' id='word_1_358' title='bbox 1735 1904 1866 1945; x_wconf 89' lang='lat' dir='ltr'><strong>voce</strong></span> <span class='ocrx_word' id='word_1_359' title='bbox 1899 1873 1940 1929; x_wconf 78' lang='grc' dir='ltr'><strong>Β</strong></span> 
     </span>
    </p>
   </div>
   <div class='ocr_carea' id='block_1_50' title="bbox 1970 602 3544 675">
    <p class='ocr_par' dir='ltr' id='par_1_50' title="bbox 1970 602 3544 675">
     <span class='ocr_line' id='line_1_50' title="bbox 1970 602 3544 675; baseline 0.001 -16"><span class='ocrx_word' id='word_1_360' title='bbox 1970 602 2191 670; x_wconf 89' lang='lat' dir='ltr'><strong>buntur,</strong></span> <span class='ocrx_word' id='word_1_361' title='bbox 2220 604 2508 659; x_wconf 84' lang='lat' dir='ltr'><strong>clamantia</strong></span> <span class='ocrx_word' id='word_1_362' title='bbox 2543 604 2609 657; x_wconf 91' lang='lat' dir='ltr'><strong>ad</strong></span> <span class='ocrx_word' id='word_1_363' title='bbox 2647 602 2900 666; x_wconf 84' lang='lat' dir='ltr'><strong>invicem.</strong></span> <span class='ocrx_word' id='word_1_364' title='bbox 2921 612 2975 658; x_wconf 92' lang='lat' dir='ltr'><strong>et</strong></span> <span class='ocrx_word' id='word_1_365' title='bbox 3004 603 3237 659; x_wconf 90' lang='lat' dir='ltr'><strong>dicentia</strong></span> <span class='ocrx_word' id='word_1_366' title='bbox 3257 619 3272 655; x_wconf 90' lang='lat'><strong>:</strong></span> <span class='ocrx_word' id='word_1_367' title='bbox 3292 602 3544 675; x_wconf 84' lang='lat' dir='ltr'><strong>Sanctus,</strong></span> 
     </span>
    </p>
   </div>
   <div class='ocr_carea' id='block_1_51' title="bbox 1968 694 3546 760">
    <p class='ocr_par' dir='ltr' id='par_1_51' title="bbox 1968 694 3546 760">
     <span class='ocr_line' id='line_1_51' title="bbox 1968 694 3546 760; baseline -0.001 -10"><span class='ocrx_word' id='word_1_368' title='bbox 1968 704 2213 760; x_wconf 82' lang='lat' dir='ltr'><strong>sanctus,</strong></span> <span class='ocrx_word' id='word_1_369' title='bbox 2239 709 2486 760; x_wconf 88' lang='lat' dir='ltr'><strong>sanctus,</strong></span> <span class='ocrx_word' id='word_1_370' title='bbox 2522 695 2777 750; x_wconf 89' lang='lat' dir='ltr'><strong>Dominus</strong></span> <span class='ocrx_word' id='word_1_371' title='bbox 2805 694 2946 750; x_wconf 90' lang='lat' dir='ltr'><strong>Deus</strong></span> <span class='ocrx_word' id='word_1_372' title='bbox 2979 694 3215 749; x_wconf 84' lang='lat' dir='ltr'><strong>Sabaoth</strong></span> <span class='ocrx_word' id='word_1_373' title='bbox 3239 695 3305 758; x_wconf 70' lang='lat'><strong>“,</strong></span> <span class='ocrx_word' id='word_1_374' title='bbox 3324 695 3389 751; x_wconf 92' lang='lat' dir='ltr'><strong>de</strong></span> <span class='ocrx_word' id='word_1_375' title='bbox 3415 695 3546 751; x_wconf 91' lang='lat' dir='ltr'><strong>Uni-</strong></span> 
     </span>
    </p>
   </div>
   <div class='ocr_carea' id='block_1_52' title="bbox 1969 787 3539 857">
    <p class='ocr_par' dir='ltr' id='par_1_52' title="bbox 1969 787 3539 857">
     <span class='ocr_line' id='line_1_52' title="bbox 1969 787 3539 857; baseline 0.003 -16"><span class='ocrx_word' id='word_1_376' title='bbox 1969 788 2149 856; x_wconf 89' lang='lat' dir='ltr'><strong>genito</strong></span> <span class='ocrx_word' id='word_1_377' title='bbox 2168 788 2304 843; x_wconf 86' lang='lat' dir='ltr'><strong>Filio</strong></span> <span class='ocrx_word' id='word_1_378' title='bbox 2333 787 2425 843; x_wconf 90' lang='lat' dir='ltr'><strong>Dei</strong></span> <span class='ocrx_word' id='word_1_379' title='bbox 2452 797 2505 841; x_wconf 90' lang='lat' dir='ltr'><strong>et</strong></span> <span class='ocrx_word' id='word_1_380' title='bbox 2526 787 2729 857; x_wconf 90' lang='lat' dir='ltr'><strong>Spiritu</strong></span> <span class='ocrx_word' id='word_1_381' title='bbox 2752 796 2942 842; x_wconf 89' lang='lat' dir='ltr'><strong>sancto</strong></span> <span class='ocrx_word' id='word_1_382' title='bbox 2962 798 3148 843; x_wconf 83' lang='lat' dir='ltr'><strong>essent</strong></span> <span class='ocrx_word' id='word_1_383' title='bbox 3174 788 3539 857; x_wconf 87' lang='lat' dir='ltr'><strong>intelligenda.</strong></span> 
     </span>
    </p>
   </div>
   <div class='ocr_carea' id='block_1_53' title="bbox 1968 878 3544 950">
    <p class='ocr_par' dir='ltr' id='par_1_53' title="bbox 1968 878 3544 950">
     <span class='ocr_line' id='line_1_53' title="bbox 1968 878 3544 950; baseline 0.001 -17"><span class='ocrx_word' id='word_1_384' title='bbox 1968 879 2077 936; x_wconf 81' lang='lat' dir='ltr'><strong>Nos</strong></span> <span class='ocrx_word' id='word_1_385' title='bbox 2112 895 2239 935; x_wconf 83' lang='lat' dir='ltr'><strong>vero</strong></span> <span class='ocrx_word' id='word_1_386' title='bbox 2274 889 2527 950; x_wconf 90' lang='lat' dir='ltr'><strong>putamus</strong></span> <span class='ocrx_word' id='word_1_387' title='bbox 2554 880 2717 933; x_wconf 87' lang='lat' dir='ltr'><strong>etiam</strong></span> <span class='ocrx_word' id='word_1_388' title='bbox 2750 878 2878 933; x_wconf 92' lang='lat' dir='ltr'><strong>illud</strong></span> <span class='ocrx_word' id='word_1_389' title='bbox 2908 879 3052 948; x_wconf 90' lang='lat' dir='ltr'><strong>quod</strong></span> <span class='ocrx_word' id='word_1_390' title='bbox 3099 880 3150 932; x_wconf 93' lang='lat' dir='ltr'><strong>in</strong></span> <span class='ocrx_word' id='word_1_391' title='bbox 3178 880 3402 936; x_wconf 87' lang='lat' dir='ltr'><strong>Cantico</strong></span> <span class='ocrx_word' id='word_1_392' title='bbox 3437 880 3544 935; x_wconf 87' lang='lat' dir='ltr'><strong>lla-</strong></span> 
     </span>
    </p>
   </div>
   <div class='ocr_carea' id='block_1_54' title="bbox 1968 972 3543 1041">
    <p class='ocr_par' dir='ltr' id='par_1_54' title="bbox 1968 972 3543 1041">
     <span class='ocr_line' id='line_1_54' title="bbox 1968 972 3543 1041; baseline -0.001 -11"><span class='ocrx_word' id='word_1_393' title='bbox 1968 974 2137 1031; x_wconf 87' lang='lat' dir='ltr'><strong>bacuc</strong></span> <span class='ocrx_word' id='word_1_394' title='bbox 2160 975 2360 1029; x_wconf 88' lang='lat' dir='ltr'><strong>dictum</strong></span> <span class='ocrx_word' id='word_1_395' title='bbox 2386 972 2529 1029; x_wconf 80' lang='lat' dir='ltr'><strong>est“</strong></span> <span class='ocrx_word' id='word_1_396' title='bbox 2552 992 2566 1029; x_wconf 88' lang='lat'><strong>:</strong></span> <span class='ocrx_word' id='word_1_397' title='bbox 2588 972 2649 1027; x_wconf 82' lang='lat' dir='ltr'><strong>In</strong></span> <span class='ocrx_word' id='word_1_398' title='bbox 2670 974 2838 1026; x_wconf 81' lang='lat' dir='ltr'><strong>medio</strong></span> <span class='ocrx_word' id='word_1_399' title='bbox 2862 972 2943 1027; x_wconf 88' lang='lat' dir='ltr'><strong>vel</strong></span> <span class='ocrx_word' id='word_1_400' title='bbox 2969 972 3189 1026; x_wconf 85' lang='lat' dir='ltr'><strong>duorum</strong></span> <span class='ocrx_word' id='word_1_401' title='bbox 3213 974 3543 1041; x_wconf 81' lang='lat' dir='ltr'><strong>animalium,</strong></span> 
     </span>
    </p>
   </div>
   <div class='ocr_carea' id='block_1_55' title="bbox 1969 1063 3542 1134">
    <p class='ocr_par' dir='ltr' id='par_1_55' title="bbox 1969 1063 3542 1134">
     <span class='ocr_line' id='line_1_55' title="bbox 1969 1063 3542 1134; baseline 0.003 -17"><span class='ocrx_word' id='word_1_402' title='bbox 1969 1068 2050 1122; x_wconf 86' lang='lat' dir='ltr'><strong>vel</strong></span> <span class='ocrx_word' id='word_1_403' title='bbox 2079 1066 2305 1119; x_wconf 83' lang='lat' dir='ltr'><strong>duarum</strong></span> <span class='ocrx_word' id='word_1_404' title='bbox 2349 1066 2573 1119; x_wconf 85' lang='lat' dir='ltr'><strong>vitarum</strong></span> <span class='ocrx_word' id='word_1_405' title='bbox 2629 1064 2986 1134; x_wconf 84' lang='lat' dir='ltr'><strong>cognosceris;</strong></span> <span class='ocrx_word' id='word_1_406' title='bbox 3022 1064 3086 1117; x_wconf 86' lang='lat' dir='ltr'><strong>de</strong></span> <span class='ocrx_word' id='word_1_407' title='bbox 3123 1063 3343 1119; x_wconf 85' lang='lat' dir='ltr'><strong>Christo</strong></span> <span class='ocrx_word' id='word_1_408' title='bbox 3387 1076 3441 1119; x_wconf 91' lang='lat' dir='ltr'><strong>et</strong></span> <span class='ocrx_word' id='word_1_409' title='bbox 3477 1068 3542 1121; x_wconf 85' lang='lat' dir='ltr'><strong>de</strong></span> 
     </span>
    </p>
   </div>
   <div class='ocr_carea' id='block_1_56' title="bbox 1973 1154 3544 1227">
    <p class='ocr_par' dir='ltr' id='par_1_56' title="bbox 1973 1154 3544 1227">
     <span class='ocr_line' id='line_1_56' title="bbox 1973 1154 3544 1227; baseline 0.001 -15"><span class='ocrx_word' id='word_1_410' title='bbox 1973 1158 2179 1227; x_wconf 90' lang='lat' dir='ltr'><strong>Spiritu</strong></span> <span class='ocrx_word' id='word_1_411' title='bbox 2214 1166 2403 1211; x_wconf 89' lang='lat' dir='ltr'><strong>sancto</strong></span> <span class='ocrx_word' id='word_1_412' title='bbox 2426 1156 2611 1211; x_wconf 88' lang='lat' dir='ltr'><strong>sentiri</strong></span> <span class='ocrx_word' id='word_1_413' title='bbox 2634 1156 2849 1210; x_wconf 89' lang='lat' dir='ltr'><strong>debere.</strong></span> <span class='ocrx_word' id='word_1_414' title='bbox 2889 1174 2908 1207; x_wconf 73' lang='grc' dir='ltr'><strong>ι</strong></span> <span class='ocrx_word' id='word_1_415' title='bbox 2942 1154 3129 1210; x_wconf 90' lang='lat' dir='ltr'><strong>Omnis</strong></span> <span class='ocrx_word' id='word_1_416' title='bbox 3156 1156 3297 1210; x_wconf 90' lang='lat' dir='ltr'><strong>enim</strong></span> <span class='ocrx_word' id='word_1_417' title='bbox 3320 1156 3544 1213; x_wconf 86' lang='lat' dir='ltr'><strong>scientia</strong></span> 
     </span>
    </p>
   </div>
   <div class='ocr_carea' id='block_1_57' title="bbox 1971 1246 3548 1319">
    <p class='ocr_par' dir='ltr' id='par_1_57' title="bbox 1971 1246 3548 1319">
     <span class='ocr_line' id='line_1_57' title="bbox 1971 1246 3548 1319; baseline -0.001 -15"><span class='ocrx_word' id='word_1_418' title='bbox 1971 1249 2036 1304; x_wconf 89' lang='lat' dir='ltr'><strong>de</strong></span> <span class='ocrx_word' id='word_1_419' title='bbox 2071 1247 2252 1315; x_wconf 85' lang='lat' dir='ltr'><strong>Patre,</strong></span> <span class='ocrx_word' id='word_1_420' title='bbox 2289 1247 2557 1302; x_wconf 90' lang='lat' dir='ltr'><strong>revelante</strong></span> <span class='ocrx_word' id='word_1_421' title='bbox 2597 1246 2755 1311; x_wconf 87' lang='lat' dir='ltr'><strong>Filio,</strong></span> <span class='ocrx_word' id='word_1_422' title='bbox 2787 1248 2838 1301; x_wconf 92' lang='lat' dir='ltr'><strong>iu</strong></span> <span class='ocrx_word' id='word_1_423' title='bbox 2884 1247 3085 1319; x_wconf 90' lang='lat' dir='ltr'><strong>Spiritu</strong></span> <span class='ocrx_word' id='word_1_424' title='bbox 3126 1257 3314 1303; x_wconf 88' lang='lat' dir='ltr'><strong>sancto</strong></span> <span class='ocrx_word' id='word_1_425' title='bbox 3351 1263 3548 1319; x_wconf 85' lang='lat' dir='ltr'><strong>cogno-</strong></span> 
     </span>
    </p>
   </div>
   <div class='ocr_carea' id='block_1_58' title="bbox 1970 1339 3544 1411">
    <p class='ocr_par' dir='ltr' id='par_1_58' title="bbox 1970 1339 3544 1411">
     <span class='ocr_line' id='line_1_58' title="bbox 1970 1339 3544 1411; baseline 0 -15"><span class='ocrx_word' id='word_1_426' title='bbox 1970 1342 2156 1405; x_wconf 90' lang='lat' dir='ltr'><strong>scitur,</strong></span> <span class='ocrx_word' id='word_1_427' title='bbox 2186 1350 2246 1395; x_wconf 90' lang='lat' dir='ltr'><strong>ut</strong></span> <span class='ocrx_word' id='word_1_428' title='bbox 2271 1339 2431 1396; x_wconf 89' lang='lat' dir='ltr'><strong>ambo</strong></span> <span class='ocrx_word' id='word_1_429' title='bbox 2463 1340 2576 1395; x_wconf 62' lang='lat' dir='ltr'><strong>haec</strong></span> <span class='ocrx_word' id='word_1_430' title='bbox 2618 1356 2736 1409; x_wconf 73' lang='lat' dir='ltr'><strong>qua:</strong></span> <span class='ocrx_word' id='word_1_431' title='bbox 2784 1342 3078 1395; x_wconf 87' lang='lat' dir='ltr'><strong>secundum</strong></span> <span class='ocrx_word' id='word_1_432' title='bbox 3114 1342 3428 1411; x_wconf 89' lang='lat' dir='ltr'><strong>prophetam</strong></span> <span class='ocrx_word' id='word_1_433' title='bbox 3464 1342 3544 1396; x_wconf 89' lang='lat' dir='ltr'><strong>vel</strong></span> 
     </span>
    </p>
   </div>
   <div class='ocr_carea' id='block_1_59' title="bbox 1970 1434 3542 1500">
    <p class='ocr_par' dir='ltr' id='par_1_59' title="bbox 1970 1434 3542 1500">
     <span class='ocr_line' id='line_1_59' title="bbox 1970 1434 3542 1500; baseline 0.001 -13"><span class='ocrx_word' id='word_1_434' title='bbox 1970 1434 2299 1500; x_wconf 85' lang='lat' dir='ltr'><strong>animantia,</strong></span> <span class='ocrx_word' id='word_1_435' title='bbox 2333 1435 2417 1490; x_wconf 88' lang='lat' dir='ltr'><strong>vel</strong></span> <span class='ocrx_word' id='word_1_436' title='bbox 2459 1435 2583 1489; x_wconf 64' lang='lat' dir='ltr'><strong>vita:</strong></span> <span class='ocrx_word' id='word_1_437' title='bbox 2629 1435 2904 1500; x_wconf 88' lang='lat' dir='ltr'><strong>dicuntur,</strong></span> <span class='ocrx_word' id='word_1_438' title='bbox 2962 1448 3123 1489; x_wconf 89' lang='lat' dir='ltr'><strong>causa</strong></span> <span class='ocrx_word' id='word_1_439' title='bbox 3167 1435 3408 1489; x_wconf 70' lang='lat' dir='ltr'><strong>scientia:</strong></span> <span class='ocrx_word' id='word_1_440' title='bbox 3449 1434 3542 1489; x_wconf 90' lang='lat' dir='ltr'><strong>Dei</strong></span> 
     </span>
    </p>
   </div>
   <div class='ocr_carea' id='block_1_60' title="bbox 1971 1525 3550 1597">
    <p class='ocr_par' dir='ltr' id='par_1_60' title="bbox 1971 1525 3550 1597">
     <span class='ocr_line' id='line_1_60' title="bbox 1971 1525 3550 1597; baseline 0 -16"><span class='ocrx_word' id='word_1_441' title='bbox 1971 1525 2146 1582; x_wconf 87' lang='lat' dir='ltr'><strong>Patris</strong></span> <span class='ocrx_word' id='word_1_442' title='bbox 2168 1527 2453 1581; x_wconf 81' lang='lat' dir='ltr'><strong>exsistant.</strong></span> <span class='ocrx_word' id='word_1_443' title='bbox 2490 1546 2507 1579; x_wconf 72' lang='grc' dir='ltr'><strong>ι</strong></span> <span class='ocrx_word' id='word_1_444' title='bbox 2543 1526 2804 1582; x_wconf 80' lang='lat' dir='ltr'><strong>Similiter</strong></span> <span class='ocrx_word' id='word_1_445' title='bbox 2832 1525 2995 1595; x_wconf 91' lang='lat' dir='ltr'><strong>impia</strong></span> <span class='ocrx_word' id='word_1_446' title='bbox 3043 1535 3099 1579; x_wconf 90' lang='lat' dir='ltr'><strong>et</strong></span> <span class='ocrx_word' id='word_1_447' title='bbox 3144 1526 3258 1581; x_wconf 73' lang='lat' dir='ltr'><strong>haec</strong></span> <span class='ocrx_word' id='word_1_448' title='bbox 3284 1527 3550 1597; x_wconf 89' lang='lat' dir='ltr'><strong>interpre-</strong></span> 
     </span>
    </p>
   </div>
   <div class='ocr_carea' id='block_1_61' title="bbox 1973 1618 3547 1687">
    <p class='ocr_par' dir='ltr' id='par_1_61' title="bbox 1973 1618 3547 1687">
     <span class='ocr_line' id='line_1_61' title="bbox 1973 1618 3547 1687; baseline 0.001 -15"><span class='ocrx_word' id='word_1_449' title='bbox 1973 1618 2126 1684; x_wconf 87' lang='lat' dir='ltr'><strong>tatio,</strong></span> <span class='ocrx_word' id='word_1_450' title='bbox 2151 1633 2268 1687; x_wconf 66' lang='lat' dir='ltr'><strong>qua:</strong></span> <span class='ocrx_word' id='word_1_451' title='bbox 2300 1618 2456 1673; x_wconf 75' lang='lat' dir='ltr'><strong>olivae</strong></span> <span class='ocrx_word' id='word_1_452' title='bbox 2479 1620 2595 1674; x_wconf 74' lang='lat' dir='ltr'><strong>dua:</strong></span> <span class='ocrx_word' id='word_1_453' title='bbox 2634 1618 2942 1673; x_wconf 86' lang='lat' dir='ltr'><strong>candelabri</strong></span> <span class='ocrx_word' id='word_1_454' title='bbox 2973 1619 3118 1673; x_wconf 79' lang='lat' dir='ltr'><strong>aurei</strong></span> <span class='ocrx_word' id='word_1_455' title='bbox 3140 1658 3155 1683; x_wconf 92' lang='lat'><strong>,</strong></span> <span class='ocrx_word' id='word_1_456' title='bbox 3184 1619 3326 1687; x_wconf 90' lang='lat' dir='ltr'><strong>quod</strong></span> <span class='ocrx_word' id='word_1_457' title='bbox 3349 1619 3547 1673; x_wconf 87' lang='lat' dir='ltr'><strong>vidisse</strong></span> 
     </span>
    </p>
   </div>
   <div class='ocr_carea' id='block_1_62' title="bbox 1971 1709 3548 1781">
    <p class='ocr_par' dir='ltr' id='par_1_62' title="bbox 1971 1709 3548 1781">
     <span class='ocr_line' id='line_1_62' title="bbox 1971 1709 3548 1781; baseline 0.001 -17"><span class='ocrx_word' id='word_1_458' title='bbox 1971 1726 2030 1766; x_wconf 86' lang='lat' dir='ltr'><strong>se</strong></span> <span class='ocrx_word' id='word_1_459' title='bbox 2064 1722 2249 1766; x_wconf 87' lang='lat' dir='ltr'><strong>narrat</strong></span> <span class='ocrx_word' id='word_1_460' title='bbox 2278 1709 2573 1766; x_wconf 81' lang='lat' dir='ltr'><strong>Zacharias</strong></span> <span class='ocrx_word' id='word_1_461' title='bbox 2602 1727 2720 1781; x_wconf 90' lang='lat' dir='ltr'><strong>cap.</strong></span> <span class='ocrx_word' id='word_1_462' title='bbox 2753 1726 2838 1778; x_wconf 82' lang='lat' dir='ltr'><strong>tv,</strong></span> <span class='ocrx_word' id='word_1_463' title='bbox 2860 1711 3031 1766; x_wconf 89' lang='lat' dir='ltr'><strong>Filius</strong></span> <span class='ocrx_word' id='word_1_464' title='bbox 3056 1720 3111 1766; x_wconf 88' lang='lat' dir='ltr'><strong>et</strong></span> <span class='ocrx_word' id='word_1_465' title='bbox 3154 1710 3387 1778; x_wconf 86' lang='lat' dir='ltr'><strong>Spiritus</strong></span> <span class='ocrx_word' id='word_1_466' title='bbox 3420 1726 3548 1766; x_wconf 86' lang='lat' dir='ltr'><strong>san-</strong></span> 
     </span>
    </p>
   </div>
   <div class='ocr_carea' id='block_1_63' title="bbox 1972 1803 3545 1875">
    <p class='ocr_par' dir='ltr' id='par_1_63' title="bbox 1972 1803 3545 1875">
     <span class='ocr_line' id='line_1_63' title="bbox 1972 1803 3545 1875; baseline 0.001 -17"><span class='ocrx_word' id='word_1_467' title='bbox 1972 1814 2093 1860; x_wconf 90' lang='lat' dir='ltr'><strong>ctus</strong></span> <span class='ocrx_word' id='word_1_468' title='bbox 2145 1814 2518 1875; x_wconf 90' lang='lat' dir='ltr'><strong>exponuntur;</strong></span> <span class='ocrx_word' id='word_1_469' title='bbox 2549 1807 2721 1862; x_wconf 90' lang='lat' dir='ltr'><strong>media</strong></span> <span class='ocrx_word' id='word_1_470' title='bbox 2763 1820 2892 1861; x_wconf 88' lang='lat' dir='ltr'><strong>vero</strong></span> <span class='ocrx_word' id='word_1_471' title='bbox 2936 1804 3161 1875; x_wconf 86' lang='lat' dir='ltr'><strong>lampas,</strong></span> <span class='ocrx_word' id='word_1_472' title='bbox 3205 1805 3346 1859; x_wconf 89' lang='lat' dir='ltr'><strong>Deus</strong></span> <span class='ocrx_word' id='word_1_473' title='bbox 3386 1803 3545 1859; x_wconf 85' lang='lat' dir='ltr'><strong>Pater</strong></span> 
     </span>
    </p>
   </div>
   <div class='ocr_carea' id='block_1_64' title="bbox 1975 1896 3545 1972">
    <p class='ocr_par' dir='ltr' id='par_1_64' title="bbox 1975 1896 3545 1972">
     <span class='ocr_line' id='line_1_64' title="bbox 1975 1896 3545 1972; baseline -0.004 -14"><span class='ocrx_word' id='word_1_474' title='bbox 1975 1903 2150 1972; x_wconf 83' lang='lat' dir='ltr'><strong>(cuius</strong></span> <span class='ocrx_word' id='word_1_475' title='bbox 2200 1902 2266 1956; x_wconf 86' lang='lat' dir='ltr'><strong>ad</strong></span> <span class='ocrx_word' id='word_1_476' title='bbox 2312 1901 2553 1957; x_wconf 89' lang='lat' dir='ltr'><strong>dextram</strong></span> <span class='ocrx_word' id='word_1_477' title='bbox 2583 1908 2637 1954; x_wconf 89' lang='lat' dir='ltr'><strong>et</strong></span> <span class='ocrx_word' id='word_1_478' title='bbox 2684 1897 2955 1953; x_wconf 88' lang='lat' dir='ltr'><strong>sinistram</strong></span> <span class='ocrx_word' id='word_1_479' title='bbox 3007 1912 3127 1954; x_wconf 89' lang='lat' dir='ltr'><strong>esse</strong></span> <span class='ocrx_word' id='word_1_480' title='bbox 3173 1896 3442 1953; x_wconf 89' lang='lat' dir='ltr'><strong>Christum</strong></span> <span class='ocrx_word' id='word_1_481' title='bbox 3489 1906 3545 1953; x_wconf 91' lang='lat' dir='ltr'><strong>et</strong></span> 
     </span>
    </p>
   </div>
   <div class='ocr_carea' id='block_1_65' title="bbox 1974 1989 3548 2064">
    <p class='ocr_par' dir='ltr' id='par_1_65' title="bbox 1974 1989 3548 2064">
     <span class='ocr_line' id='line_1_65' title="bbox 1974 1989 3548 2064; baseline -0.003 -16"><span class='ocrx_word' id='word_1_482' title='bbox 1974 1992 2235 2064; x_wconf 88' lang='lat' dir='ltr'><strong>Spiritum</strong></span> <span class='ocrx_word' id='word_1_483' title='bbox 2282 2000 2531 2048; x_wconf 86' lang='lat' dir='ltr'><strong>sanctum</strong></span> <span class='ocrx_word' id='word_1_484' title='bbox 2562 2007 2668 2046; x_wconf 93' lang='lat' dir='ltr'><strong>non</strong></span> <span class='ocrx_word' id='word_1_485' title='bbox 2702 1991 2819 2045; x_wconf 92' lang='lat' dir='ltr'><strong>sine</strong></span> <span class='ocrx_word' id='word_1_486' title='bbox 2865 1990 3196 2059; x_wconf 83' lang='lat' dir='ltr'><strong>blasphemia</strong></span> <span class='ocrx_word' id='word_1_487' title='bbox 3237 1989 3342 2045; x_wconf 89' lang='lat' dir='ltr'><strong>dici</strong></span> <span class='ocrx_word' id='word_1_488' title='bbox 3391 2004 3548 2058; x_wconf 78' lang='lat' dir='ltr'><strong>posse</strong></span> 
     </span>
    </p>
   </div>
   <div class='ocr_carea' id='block_1_66' title="bbox 1973 2079 3549 2153">
    <p class='ocr_par' dir='ltr' id='par_1_66' title="bbox 1973 2079 3549 2153">
     <span class='ocr_line' id='line_1_66' title="bbox 1973 2079 3549 2153; baseline -0.002 -16"><span class='ocrx_word' id='word_1_489' title='bbox 1973 2084 2049 2137; x_wconf 92' lang='lat' dir='ltr'><strong>ait</strong></span> <span class='ocrx_word' id='word_1_490' title='bbox 2083 2081 2442 2153; x_wconf 88' lang='lat' dir='ltr'><strong>Hieronymus</strong></span> <span class='ocrx_word' id='word_1_491' title='bbox 2489 2082 2545 2136; x_wconf 84' lang='lat' dir='ltr'><strong>in</strong></span> <span class='ocrx_word' id='word_1_492' title='bbox 2575 2079 2737 2135; x_wconf 79' lang='lat' dir='ltr'><strong>Zach.</strong></span> <span class='ocrx_word' id='word_1_493' title='bbox 2771 2080 2844 2151; x_wconf 88' lang='lat' dir='ltr'><strong>Iv)</strong></span> <span class='ocrx_word' id='word_1_494' title='bbox 2878 2082 3011 2134; x_wconf 89' lang='lat' dir='ltr'><strong>rami</strong></span> <span class='ocrx_word' id='word_1_495' title='bbox 3043 2082 3157 2135; x_wconf 88' lang='lat' dir='ltr'><strong>sive</strong></span> <span class='ocrx_word' id='word_1_496' title='bbox 3196 2079 3358 2149; x_wconf 68' lang='lat' dir='ltr'><strong>spica:</strong></span> <span class='ocrx_word' id='word_1_497' title='bbox 3379 2080 3549 2135; x_wconf 88' lang='lat' dir='ltr'><strong>oliva-</strong></span> 
     </span>
    </p>
   </div>
   <div class='ocr_carea' id='block_1_67' title="bbox 1974 2168 3547 2240">
    <p class='ocr_par' dir='ltr' id='par_1_67' title="bbox 1974 2168 3547 2240">
     <span class='ocr_line' id='line_1_67' title="bbox 1974 2168 3547 2240; baseline -0.003 -16"><span class='ocrx_word' id='word_1_498' title='bbox 1974 2186 2118 2236; x_wconf 91' lang='lat' dir='ltr'><strong>rum,</strong></span> <span class='ocrx_word' id='word_1_499' title='bbox 2153 2171 2454 2225; x_wconf 86' lang='lat' dir='ltr'><strong>iucarnatio</strong></span> <span class='ocrx_word' id='word_1_500' title='bbox 2475 2168 2700 2234; x_wconf 89' lang='lat' dir='ltr'><strong>Christi,</strong></span> <span class='ocrx_word' id='word_1_501' title='bbox 2727 2182 2781 2225; x_wconf 89' lang='lat' dir='ltr'><strong>et</strong></span> <span class='ocrx_word' id='word_1_502' title='bbox 2810 2170 3103 2225; x_wconf 87' lang='lat' dir='ltr'><strong>similitudo</strong></span> <span class='ocrx_word' id='word_1_503' title='bbox 3134 2171 3394 2225; x_wconf 75' lang='lat' dir='ltr'><strong>columba:</strong></span> <span class='ocrx_word' id='word_1_504' title='bbox 3424 2168 3547 2240; x_wconf 50' lang='lat' dir='ltr'><strong>Spis</strong></span> 
     </span>
    </p>
   </div>
   <div class='ocr_carea' id='block_1_68' title="bbox 1974 2258 3549 2330">
    <p class='ocr_par' dir='ltr' id='par_1_68' title="bbox 1974 2258 3549 2330">
     <span class='ocr_line' id='line_1_68' title="bbox 1974 2258 3549 2330; baseline 0.003 -18"><span class='ocrx_word' id='word_1_505' title='bbox 1974 2259 2111 2314; x_wconf 89' lang='lat' dir='ltr'><strong>ritus</strong></span> <span class='ocrx_word' id='word_1_506' title='bbox 2131 2259 2324 2314; x_wconf 88' lang='lat' dir='ltr'><strong>sancti.</strong></span> <span class='ocrx_word' id='word_1_507' title='bbox 2361 2259 2455 2313; x_wconf 92' lang='lat' dir='ltr'><strong>Sin</strong></span> <span class='ocrx_word' id='word_1_508' title='bbox 2482 2270 2539 2313; x_wconf 91' lang='lat' dir='ltr'><strong>ut</strong></span> <span class='ocrx_word' id='word_1_509' title='bbox 2570 2260 2821 2314; x_wconf 87' lang='lat' dir='ltr'><strong>Davidem</strong></span> <span class='ocrx_word' id='word_1_510' title='bbox 2848 2258 3050 2314; x_wconf 79' lang='lat' dir='ltr'><strong>Christi</strong></span> <span class='ocrx_word' id='word_1_511' title='bbox 3096 2268 3277 2330; x_wconf 84' lang='lat' dir='ltr'><strong>typum</strong></span> <span class='ocrx_word' id='word_1_512' title='bbox 3320 2275 3460 2328; x_wconf 84' lang='lat' dir='ltr'><strong>esse,</strong></span> <span class='ocrx_word' id='word_1_513' title='bbox 3491 2270 3549 2317; x_wconf 86' lang='lat' dir='ltr'><strong>et</strong></span> 
     </span>
    </p>
   </div>
   <div class='ocr_carea' id='block_1_69' title="bbox 1972 2351 3553 2417">
    <p class='ocr_par' dir='ltr' id='par_1_69' title="bbox 1972 2351 3553 2417">
     <span class='ocr_line' id='line_1_69' title="bbox 1972 2351 3553 2417; baseline 0 -12"><span class='ocrx_word' id='word_1_514' title='bbox 1972 2361 2033 2407; x_wconf 91' lang='lat' dir='ltr'><strong>ut</strong></span> <span class='ocrx_word' id='word_1_515' title='bbox 2076 2351 2350 2417; x_wconf 81' lang='lat' dir='ltr'><strong>animalia,</strong></span> <span class='ocrx_word' id='word_1_516' title='bbox 2385 2351 2467 2406; x_wconf 91' lang='lat' dir='ltr'><strong>vel</strong></span> <span class='ocrx_word' id='word_1_517' title='bbox 2513 2351 2677 2417; x_wconf 87' lang='lat' dir='ltr'><strong>vitas,</strong></span> <span class='ocrx_word' id='word_1_518' title='bbox 2706 2351 2787 2405; x_wconf 93' lang='lat' dir='ltr'><strong>vel</strong></span> <span class='ocrx_word' id='word_1_519' title='bbox 2819 2351 2994 2406; x_wconf 89' lang='lat' dir='ltr'><strong>olivas</strong></span> <span class='ocrx_word' id='word_1_520' title='bbox 3019 2351 3347 2416; x_wconf 88' lang='lat' dir='ltr'><strong>candelabri,</strong></span> <span class='ocrx_word' id='word_1_521' title='bbox 3385 2353 3463 2407; x_wconf 90' lang='lat' dir='ltr'><strong>sic</strong></span> <span class='ocrx_word' id='word_1_522' title='bbox 3494 2361 3553 2411; x_wconf 83' lang='lat' dir='ltr'><strong>et</strong></span> 
     </span>
    </p>
   </div>
   <div class='ocr_carea' id='block_1_70' title="bbox 1972 2440 3546 2511">
    <p class='ocr_par' dir='ltr' id='par_1_70' title="bbox 1972 2440 3546 2511">
     <span class='ocr_line' id='line_1_70' title="bbox 1972 2440 3546 2511; baseline 0 -15"><span class='ocrx_word' id='word_1_523' title='bbox 1972 2442 2309 2511; x_wconf 88' lang='lat' dir='ltr'><strong>seraphimos</strong></span> <span class='ocrx_word' id='word_1_524' title='bbox 2335 2440 2483 2497; x_wconf 72' lang='lat' dir='ltr'><strong>Isaiae</strong></span> <span class='ocrx_word' id='word_1_525' title='bbox 2512 2442 2807 2511; x_wconf 86' lang='lat' dir='ltr'><strong>anagogice</strong></span> <span class='ocrx_word' id='word_1_526' title='bbox 2832 2440 3034 2497; x_wconf 85' lang='lat' dir='ltr'><strong>Christi</strong></span> <span class='ocrx_word' id='word_1_527' title='bbox 3056 2450 3111 2495; x_wconf 91' lang='lat' dir='ltr'><strong>et</strong></span> <span class='ocrx_word' id='word_1_528' title='bbox 3146 2442 3379 2511; x_wconf 90' lang='lat' dir='ltr'><strong>Spiritus</strong></span> <span class='ocrx_word' id='word_1_529' title='bbox 3416 2456 3546 2496; x_wconf 70' lang='lat' dir='ltr'><strong>san—</strong></span> 
     </span>
    </p>
   </div>
   <div class='ocr_carea' id='block_1_71' title="bbox 1975 2532 3549 2605">
    <p class='ocr_par' dir='ltr' id='par_1_71' title="bbox 1975 2532 3549 2605">
     <span class='ocr_line' id='line_1_71' title="bbox 1975 2532 3549 2605; baseline -0.001 -16"><span class='ocrx_word' id='word_1_530' title='bbox 1975 2535 2050 2589; x_wconf 91' lang='lat' dir='ltr'><strong>cti</strong></span> <span class='ocrx_word' id='word_1_531' title='bbox 2098 2534 2345 2605; x_wconf 87' lang='lat' dir='ltr'><strong>symbola</strong></span> <span class='ocrx_word' id='word_1_532' title='bbox 2390 2547 2508 2587; x_wconf 89' lang='lat' dir='ltr'><strong>esse</strong></span> <span class='ocrx_word' id='word_1_533' title='bbox 2546 2533 2715 2588; x_wconf 91' lang='lat' dir='ltr'><strong>voluit</strong></span> <span class='ocrx_word' id='word_1_534' title='bbox 2758 2532 3040 2602; x_wconf 74' lang='lat' dir='ltr'><strong>Origenes,</strong></span> <span class='ocrx_word' id='word_1_535' title='bbox 3069 2541 3128 2589; x_wconf 87' lang='lat' dir='ltr'><strong>ut</strong></span> <span class='ocrx_word' id='word_1_536' title='bbox 3175 2543 3328 2589; x_wconf 89' lang='lat' dir='ltr'><strong>certe</strong></span> <span class='ocrx_word' id='word_1_537' title='bbox 3357 2532 3549 2600; x_wconf 89' lang='lat' dir='ltr'><strong>voluit,</strong></span> 
     </span>
    </p>
   </div>
   <div class='ocr_carea' id='block_1_72' title="bbox 1976 2623 3552 2695">
    <p class='ocr_par' dir='ltr' id='par_1_72' title="bbox 1976 2623 3552 2695">
     <span class='ocr_line' id='line_1_72' title="bbox 1976 2623 3552 2695; baseline 0.001 -15"><span class='ocrx_word' id='word_1_538' title='bbox 1976 2641 2127 2680; x_wconf 70' lang='lat' dir='ltr'><strong>vana:</strong></span> <span class='ocrx_word' id='word_1_539' title='bbox 2154 2635 2281 2680; x_wconf 90' lang='lat' dir='ltr'><strong>sunt</strong></span> <span class='ocrx_word' id='word_1_540' title='bbox 2307 2623 2620 2695; x_wconf 85' lang='lat' dir='ltr'><strong>Hieronymi</strong></span> <span class='ocrx_word' id='word_1_541' title='bbox 2645 2624 2880 2695; x_wconf 69' lang='lat' dir='ltr'><strong>querela:</strong></span> <span class='ocrx_word' id='word_1_542' title='bbox 2902 2664 2917 2679; x_wconf 94' lang='lat'><strong>.</strong></span> <span class='ocrx_word' id='word_1_543' title='bbox 2943 2625 3153 2681; x_wconf 90' lang='lat' dir='ltr'><strong>Clarius</strong></span> <span class='ocrx_word' id='word_1_544' title='bbox 3194 2627 3243 2680; x_wconf 87' lang='lat' dir='ltr'><strong>id</strong></span> <span class='ocrx_word' id='word_1_545' title='bbox 3276 2625 3439 2679; x_wconf 87' lang='lat' dir='ltr'><strong>etiam</strong></span> <span class='ocrx_word' id='word_1_546' title='bbox 3470 2639 3552 2681; x_wconf 83' lang='lat' dir='ltr'><strong>se-</strong></span> 
     </span>
    </p>
   </div>
   <div class='ocr_carea' id='block_1_73' title="bbox 1974 2714 3547 2786">
    <p class='ocr_par' dir='ltr' id='par_1_73' title="bbox 1974 2714 3547 2786">
     <span class='ocr_line' id='line_1_73' title="bbox 1974 2714 3547 2786; baseline 0.003 -19"><span class='ocrx_word' id='word_1_547' title='bbox 1974 2714 2191 2786; x_wconf 89' lang='lat' dir='ltr'><strong>quentia</strong></span> <span class='ocrx_word' id='word_1_548' title='bbox 2232 2715 2645 2782; x_wconf 89' lang='lat' dir='ltr'><strong>demoustrant,</strong></span> <span class='ocrx_word' id='word_1_549' title='bbox 2681 2716 2735 2770; x_wconf 93' lang='lat' dir='ltr'><strong>in</strong></span> <span class='ocrx_word' id='word_1_550' title='bbox 2784 2715 2979 2785; x_wconf 89' lang='lat' dir='ltr'><strong>quibus</strong></span> <span class='ocrx_word' id='word_1_551' title='bbox 3018 2729 3114 2786; x_wconf 90' lang='lat' dir='ltr'><strong>per</strong></span> <span class='ocrx_word' id='word_1_552' title='bbox 3175 2716 3288 2771; x_wconf 66' lang='lat' dir='ltr'><strong>haec</strong></span> <span class='ocrx_word' id='word_1_553' title='bbox 3332 2716 3495 2772; x_wconf 84' lang='lat' dir='ltr'><strong>verba</strong></span> <span class='ocrx_word' id='word_1_554' title='bbox 3528 2732 3547 2771; x_wconf 86' lang='lat'><strong>:</strong></span> 
     </span>
    </p>
   </div>
   <div class='ocr_carea' id='block_1_74' title="bbox 1978 2803 3543 2873">
    <p class='ocr_par' dir='ltr' id='par_1_74' title="bbox 1978 2803 3543 2873">
     <span class='ocr_line' id='line_1_74' title="bbox 1978 2803 3543 2873; baseline 0.002 -15"><span class='ocrx_word' id='word_1_555' title='bbox 1978 2824 1998 2857; x_wconf 78' lang='grc' dir='ltr'><strong>ι</strong></span> <span class='ocrx_word' id='word_1_556' title='bbox 2038 2805 2197 2859; x_wconf 88' lang='lat' dir='ltr'><strong>Plena</strong></span> <span class='ocrx_word' id='word_1_557' title='bbox 2252 2815 2339 2860; x_wconf 91' lang='lat' dir='ltr'><strong>est</strong></span> <span class='ocrx_word' id='word_1_558' title='bbox 2389 2806 2567 2860; x_wconf 93' lang='lat' dir='ltr'><strong>omnis</strong></span> <span class='ocrx_word' id='word_1_559' title='bbox 2611 2814 2759 2859; x_wconf 89' lang='lat' dir='ltr'><strong>terra</strong></span> <span class='ocrx_word' id='word_1_560' title='bbox 2801 2805 2971 2873; x_wconf 86' lang='lat' dir='ltr'><strong>gloria</strong></span> <span class='ocrx_word' id='word_1_561' title='bbox 3010 2803 3160 2873; x_wconf 85' lang='lat' dir='ltr'><strong>ejus,</strong></span> <span class='ocrx_word' id='word_1_562' title='bbox 3203 2823 3223 2856; x_wconf 74' lang='grc' dir='ltr'><strong>ι</strong></span> <span class='ocrx_word' id='word_1_563' title='bbox 3255 2805 3543 2861; x_wconf 88' lang='lat' dir='ltr'><strong>adventum</strong></span> 
     </span>
    </p>
   </div>
   <div class='ocr_carea' id='block_1_75' title="bbox 1971 2894 3544 2965">
    <p class='ocr_par' dir='ltr' id='par_1_75' title="bbox 1971 2894 3544 2965">
     <span class='ocr_line' id='line_1_75' title="bbox 1971 2894 3544 2965; baseline -0.001 -14"><span class='ocrx_word' id='word_1_564' title='bbox 1971 2895 2174 2951; x_wconf 89' lang='lat' dir='ltr'><strong>Christi</strong></span> <span class='ocrx_word' id='word_1_565' title='bbox 2201 2894 2491 2965; x_wconf 76' lang='lat' dir='ltr'><strong>signiﬁcari</strong></span> <span class='ocrx_word' id='word_1_566' title='bbox 2524 2895 2715 2949; x_wconf 87' lang='lat' dir='ltr'><strong>scribit</strong></span> <span class='ocrx_word' id='word_1_567' title='bbox 2739 2894 3017 2965; x_wconf 83' lang='lat' dir='ltr'><strong>Origenes,</strong></span> <span class='ocrx_word' id='word_1_568' title='bbox 3049 2905 3254 2949; x_wconf 85' lang='lat' dir='ltr'><strong>certum</strong></span> <span class='ocrx_word' id='word_1_569' title='bbox 3279 2903 3361 2949; x_wconf 88' lang='lat' dir='ltr'><strong>est</strong></span> <span class='ocrx_word' id='word_1_570' title='bbox 3398 2895 3544 2949; x_wconf 90' lang='lat' dir='ltr'><strong>enim</strong></span> 
     </span>
    </p>
   </div>
   <div class='ocr_carea' id='block_1_76' title="bbox 1972 2987 3549 3059">
    <p class='ocr_par' dir='ltr' id='par_1_76' title="bbox 1972 2987 3549 3059">
     <span class='ocr_line' id='line_1_76' title="bbox 1972 2987 3549 3059; baseline -0.001 -16"><span class='ocrx_word' id='word_1_571' title='bbox 1972 3004 2095 3043; x_wconf 93' lang='lat' dir='ltr'><strong>eum</strong></span> <span class='ocrx_word' id='word_1_572' title='bbox 2127 2987 2282 3059; x_wconf 89' lang='lat' dir='ltr'><strong>cujus</strong></span> <span class='ocrx_word' id='word_1_573' title='bbox 2316 2987 2499 3058; x_wconf 75' lang='lat' dir='ltr'><strong>gloria:</strong></span> <span class='ocrx_word' id='word_1_574' title='bbox 2522 2988 2677 3057; x_wconf 86' lang='lat' dir='ltr'><strong>plena</strong></span> <span class='ocrx_word' id='word_1_575' title='bbox 2702 2988 2809 3043; x_wconf 91' lang='lat' dir='ltr'><strong>illic</strong></span> <span class='ocrx_word' id='word_1_576' title='bbox 2837 3003 2960 3043; x_wconf 89' lang='lat' dir='ltr'><strong>esse</strong></span> <span class='ocrx_word' id='word_1_577' title='bbox 2979 2987 3177 3042; x_wconf 89' lang='lat' dir='ltr'><strong>dicitur</strong></span> <span class='ocrx_word' id='word_1_578' title='bbox 3216 2996 3379 3052; x_wconf 85' lang='lat' dir='ltr'><strong>terra,</strong></span> <span class='ocrx_word' id='word_1_579' title='bbox 3405 2987 3549 3041; x_wconf 90' lang='lat' dir='ltr'><strong>hunc</strong></span> 
     </span>
    </p>
   </div>
   <div class='ocr_carea' id='block_1_77' title="bbox 1972 3076 3547 3150">
    <p class='ocr_par' dir='ltr' id='par_1_77' title="bbox 1972 3076 3547 3150">
     <span class='ocr_line' id='line_1_77' title="bbox 1972 3076 3547 3150; baseline -0.003 -15"><span class='ocrx_word' id='word_1_580' title='bbox 1972 3080 2145 3150; x_wconf 89' lang='lat' dir='ltr'><strong>ipsum</strong></span> <span class='ocrx_word' id='word_1_581' title='bbox 2174 3076 2305 3135; x_wconf 77' lang='lat' dir='ltr'><strong>esse</strong></span> <span class='ocrx_word' id='word_1_582' title='bbox 2323 3079 2608 3135; x_wconf 88' lang='lat' dir='ltr'><strong>Dominum</strong></span> <span class='ocrx_word' id='word_1_583' title='bbox 2634 3080 2800 3134; x_wconf 92' lang='lat' dir='ltr'><strong>Deum</strong></span> <span class='ocrx_word' id='word_1_584' title='bbox 2831 3078 3066 3135; x_wconf 85' lang='lat' dir='ltr'><strong>Sabaoth</strong></span> <span class='ocrx_word' id='word_1_585' title='bbox 3092 3094 3107 3143; x_wconf 88' lang='lat'><strong>;</strong></span> <span class='ocrx_word' id='word_1_586' title='bbox 3144 3077 3416 3133; x_wconf 88' lang='lat' dir='ltr'><strong>Christum</strong></span> <span class='ocrx_word' id='word_1_587' title='bbox 3449 3092 3547 3131; x_wconf 90' lang='lat' dir='ltr'><strong>au-</strong></span> 
     </span>
    </p>
   </div>
   <div class='ocr_carea' id='block_1_78' title="bbox 1505 3169 3546 3279">
    <p class='ocr_par' dir='ltr' id='par_1_78' title="bbox 1505 3169 3546 3279">
     <span class='ocr_line' id='line_1_78' title="bbox 1505 3169 3546 3279; baseline -0.003 -50"><span class='ocrx_word' id='word_1_588' title='bbox 1505 3177 1644 3248; x_wconf 70' lang='grc' dir='ltr'>Περὶ</span> <span class='ocrx_word' id='word_1_589' title='bbox 1691 3175 1872 3246; x_wconf 83' lang='grc' dir='ltr'>μέντοι</span> <span class='ocrx_word' id='word_1_590' title='bbox 1900 3216 1947 3279; x_wconf 78' lang='lat' dir='ltr'>c</span> <span class='ocrx_word' id='word_1_591' title='bbox 1980 3181 2086 3227; x_wconf 88' lang='lat' dir='ltr'><strong>tem</strong></span> <span class='ocrx_word' id='word_1_592' title='bbox 2124 3187 2246 3226; x_wconf 91' lang='lat' dir='ltr'><strong>eum</strong></span> <span class='ocrx_word' id='word_1_593' title='bbox 2274 3186 2395 3227; x_wconf 92' lang='lat' dir='ltr'><strong>esse</strong></span> <span class='ocrx_word' id='word_1_594' title='bbox 2427 3172 2580 3242; x_wconf 90' lang='lat' dir='ltr'><strong>cujus</strong></span> <span class='ocrx_word' id='word_1_595' title='bbox 2606 3171 2775 3242; x_wconf 85' lang='lat' dir='ltr'><strong>gloria</strong></span> <span class='ocrx_word' id='word_1_596' title='bbox 2805 3172 2961 3242; x_wconf 91' lang='lat' dir='ltr'><strong>plena</strong></span> <span class='ocrx_word' id='word_1_597' title='bbox 2990 3180 3073 3227; x_wconf 89' lang='lat' dir='ltr'><strong>est</strong></span> <span class='ocrx_word' id='word_1_598' title='bbox 3103 3169 3546 3238; x_wconf 86' lang='lat' dir='ltr'><strong>terra,0rigeues</strong></span> 
     </span>
    </p>
   </div>
   <div class='ocr_carea' id='block_1_79' title="bbox 1979 3258 3549 3331">
    <p class='ocr_par' dir='ltr' id='par_1_79' title="bbox 1979 3258 3549 3331">
     <span class='ocr_line' id='line_1_79' title="bbox 1979 3258 3549 3331; baseline -0.003 -16"><span class='ocrx_word' id='word_1_599' title='bbox 1979 3262 2208 3315; x_wconf 92' lang='lat' dir='ltr'><strong>censuit.</strong></span> <span class='ocrx_word' id='word_1_600' title='bbox 2247 3260 2523 3316; x_wconf 90' lang='lat' dir='ltr'><strong>Christum</strong></span> <span class='ocrx_word' id='word_1_601' title='bbox 2562 3262 2724 3331; x_wconf 87' lang='lat' dir='ltr'><strong>igitur</strong></span> <span class='ocrx_word' id='word_1_602' title='bbox 2749 3260 3168 3330; x_wconf 84' lang='lat' dir='ltr'><strong>crcdiditipsum</strong></span> <span class='ocrx_word' id='word_1_603' title='bbox 3217 3274 3337 3314; x_wconf 86' lang='lat' dir='ltr'><strong>esse</strong></span> <span class='ocrx_word' id='word_1_604' title='bbox 3366 3258 3549 3313; x_wconf 87' lang='lat' dir='ltr'><strong>Domi-</strong></span> 
     </span>
    </p>
   </div>
   <div class='ocr_carea' id='block_1_80' title="bbox 1976 3351 3551 3421">
    <p class='ocr_par' dir='ltr' id='par_1_80' title="bbox 1976 3351 3551 3421">
     <span class='ocr_line' id='line_1_80' title="bbox 1976 3351 3551 3421; baseline -0.002 -15"><span class='ocrx_word' id='word_1_605' title='bbox 1976 3368 2103 3407; x_wconf 78' lang='lat' dir='ltr'><strong>num</strong></span> <span class='ocrx_word' id='word_1_606' title='bbox 2150 3352 2319 3408; x_wconf 90' lang='lat' dir='ltr'><strong>Deum</strong></span> <span class='ocrx_word' id='word_1_607' title='bbox 2363 3351 2623 3407; x_wconf 87' lang='lat' dir='ltr'><strong>Sabaoth.</strong></span> <span class='ocrx_word' id='word_1_608' title='bbox 2666 3352 2779 3407; x_wconf 91' lang='lat' dir='ltr'><strong>Iloc</strong></span> <span class='ocrx_word' id='word_1_609' title='bbox 2817 3352 2861 3408; x_wconf 91' lang='lat' dir='ltr'><strong>si</strong></span> <span class='ocrx_word' id='word_1_610' title='bbox 2902 3353 2999 3415; x_wconf 88' lang='lat' dir='ltr'><strong>sit,</strong></span> <span class='ocrx_word' id='word_1_611' title='bbox 3036 3352 3251 3407; x_wconf 86' lang='lat' dir='ltr'><strong>Christo</strong></span> <span class='ocrx_word' id='word_1_612' title='bbox 3280 3352 3377 3421; x_wconf 84' lang='lat' dir='ltr'><strong>ipsi</strong></span> <span class='ocrx_word' id='word_1_613' title='bbox 3424 3351 3551 3406; x_wconf 84' lang='lat' dir='ltr'><strong>asti-</strong></span> 
     </span>
    </p>
   </div>
   <div class='ocr_carea' id='block_1_81' title="bbox 1977 3441 3552 3513">
    <p class='ocr_par' dir='ltr' id='par_1_81' title="bbox 1977 3441 3552 3513">
     <span class='ocr_line' id='line_1_81' title="bbox 1977 3441 3552 3513; baseline 0.001 -16"><span class='ocrx_word' id='word_1_614' title='bbox 1977 3444 2107 3499; x_wconf 87' lang='lat' dir='ltr'><strong>tisse</strong></span> <span class='ocrx_word' id='word_1_615' title='bbox 2145 3444 2501 3513; x_wconf 87' lang='lat' dir='ltr'><strong>seraphimos,</strong></span> <span class='ocrx_word' id='word_1_616' title='bbox 2534 3460 2639 3498; x_wconf 92' lang='lat' dir='ltr'><strong>non</strong></span> <span class='ocrx_word' id='word_1_617' title='bbox 2668 3461 2831 3499; x_wconf 91' lang='lat' dir='ltr'><strong>unum</strong></span> <span class='ocrx_word' id='word_1_618' title='bbox 2855 3460 2920 3499; x_wconf 85' lang='lat' dir='ltr'><strong>ex</strong></span> <span class='ocrx_word' id='word_1_619' title='bbox 2954 3444 3055 3498; x_wconf 92' lang='lat' dir='ltr'><strong>illis</strong></span> <span class='ocrx_word' id='word_1_620' title='bbox 3076 3443 3350 3498; x_wconf 89' lang='lat' dir='ltr'><strong>Christum</strong></span> <span class='ocrx_word' id='word_1_621' title='bbox 3378 3441 3552 3499; x_wconf 83' lang='lat' dir='ltr'><strong>fuisse</strong></span> 
     </span>
    </p>
   </div>
   <div class='ocr_carea' id='block_1_82' title="bbox 1975 3532 3551 3604">
    <p class='ocr_par' dir='ltr' id='par_1_82' title="bbox 1975 3532 3551 3604">
     <span class='ocr_line' id='line_1_82' title="bbox 1975 3532 3551 3604; baseline -0.001 -15"><span class='ocrx_word' id='word_1_622' title='bbox 1975 3534 2237 3604; x_wconf 86' lang='lat' dir='ltr'><strong>Origenes</strong></span> <span class='ocrx_word' id='word_1_623' title='bbox 2274 3534 2686 3589; x_wconf 88' lang='lat' dir='ltr'><strong>existimaverit.</strong></span> <span class='ocrx_word' id='word_1_624' title='bbox 2723 3534 3001 3588; x_wconf 89' lang='lat' dir='ltr'><strong>Incassum</strong></span> <span class='ocrx_word' id='word_1_625' title='bbox 3040 3532 3201 3604; x_wconf 85' lang='lat' dir='ltr'><strong>igitur</strong></span> <span class='ocrx_word' id='word_1_626' title='bbox 3227 3533 3377 3602; x_wconf 80' lang='lat' dir='ltr'><strong>lingit</strong></span> <span class='ocrx_word' id='word_1_627' title='bbox 3408 3533 3551 3604; x_wconf 66' lang='grc' dir='ltr'>Πυγ-</span> 
     </span>
    </p>
   </div>
   <div class='ocr_carea' id='block_1_83' title="bbox 1976 3623 3549 3682">
    <p class='ocr_par' dir='ltr' id='par_1_83' title="bbox 1976 3623 3549 3682">
     <span class='ocr_line' id='line_1_83' title="bbox 1976 3623 3549 3682; baseline -0.002 -2"><span class='ocrx_word' id='word_1_628' title='bbox 1976 3641 2067 3680; x_wconf 82' lang='lat' dir='ltr'><strong>mo</strong></span> <span class='ocrx_word' id='word_1_629' title='bbox 2084 3625 2506 3682; x_wconf 86' lang='lat' dir='ltr'><strong>Alberstatensis</strong></span> <span class='ocrx_word' id='word_1_630' title='bbox 2533 3625 2584 3679; x_wconf 92' lang='lat' dir='ltr'><strong>in</strong></span> <span class='ocrx_word' id='word_1_631' title='bbox 2613 3625 2753 3680; x_wconf 91' lang='lat' dir='ltr'><strong>libro</strong></span> <span class='ocrx_word' id='word_1_632' title='bbox 2776 3626 2851 3680; x_wconf 88' lang='lat' dir='ltr'><strong>De</strong></span> <span class='ocrx_word' id='word_1_633' title='bbox 2883 3641 3055 3680; x_wconf 89' lang='lat' dir='ltr'><strong>rerum</strong></span> <span class='ocrx_word' id='word_1_634' title='bbox 3080 3623 3549 3679; x_wconf 75' lang='lat' dir='ltr'><strong>ecclesiasticarum</strong></span> 
     </span>
    </p>
   </div>
   <div class='ocr_carea' id='block_1_84' title="bbox 1975 3717 3545 3790">
    <p class='ocr_par' dir='ltr' id='par_1_84' title="bbox 1975 3717 3545 3790">
     <span class='ocr_line' id='line_1_84' title="bbox 1975 3717 3545 3790; baseline 0 -18"><span class='ocrx_word' id='word_1_635' title='bbox 1975 3719 2259 3783; x_wconf 85' lang='lat' dir='ltr'><strong>memoria,</strong></span> <span class='ocrx_word' id='word_1_636' title='bbox 2299 3718 2640 3790; x_wconf 83' lang='lat' dir='ltr'><strong>Origenianis</strong></span> <span class='ocrx_word' id='word_1_637' title='bbox 2678 3719 2791 3773; x_wconf 81' lang='lat' dir='ltr'><strong>haec</strong></span> <span class='ocrx_word' id='word_1_638' title='bbox 2830 3733 2950 3774; x_wconf 91' lang='lat' dir='ltr'><strong>esse</strong></span> <span class='ocrx_word' id='word_1_639' title='bbox 2992 3717 3245 3787; x_wconf 89' lang='lat' dir='ltr'><strong>operibus</strong></span> <span class='ocrx_word' id='word_1_640' title='bbox 3280 3718 3481 3772; x_wconf 89' lang='lat' dir='ltr'><strong>inserta</strong></span> <span class='ocrx_word' id='word_1_641' title='bbox 3514 3733 3545 3772; x_wconf 85' lang='lat' dir='ltr'><strong>a</strong></span> 
     </span>
    </p>
   </div>
   <div class='ocr_carea' id='block_1_85' title="bbox 1978 3811 3550 3884">
    <p class='ocr_par' dir='ltr' id='par_1_85' title="bbox 1978 3811 3550 3884">
     <span class='ocr_line' id='line_1_85' title="bbox 1978 3811 3550 3884; baseline -0.001 -18"><span class='ocrx_word' id='word_1_642' title='bbox 1978 3811 2255 3867; x_wconf 82' lang='lat' dir='ltr'><strong>malevolis</strong></span> <span class='ocrx_word' id='word_1_643' title='bbox 2286 3828 2300 3877; x_wconf 91' lang='lat'><strong>;</strong></span> <span class='ocrx_word' id='word_1_644' title='bbox 2334 3811 2417 3867; x_wconf 88' lang='lat' dir='ltr'><strong>vel</strong></span> <span class='ocrx_word' id='word_1_645' title='bbox 2450 3813 2493 3868; x_wconf 89' lang='lat' dir='ltr'><strong>si</strong></span> <span class='ocrx_word' id='word_1_646' title='bbox 2538 3812 2824 3884; x_wconf 86' lang='lat' dir='ltr'><strong>Origencm</strong></span> <span class='ocrx_word' id='word_1_647' title='bbox 2859 3823 3137 3866; x_wconf 89' lang='lat' dir='ltr'><strong>auctorem</strong></span> <span class='ocrx_word' id='word_1_648' title='bbox 3179 3812 3412 3880; x_wconf 84' lang='lat' dir='ltr'><strong>habent,</strong></span> <span class='ocrx_word' id='word_1_649' title='bbox 3446 3813 3550 3865; x_wconf 86' lang='lat' dir='ltr'><strong>du-</strong></span> 
     </span>
    </p>
   </div>
   <div class='ocr_carea' id='block_1_86' title="bbox 1979 3904 2744 3976">
    <p class='ocr_par' dir='ltr' id='par_1_86' title="bbox 1979 3904 2744 3976">
     <span class='ocr_line' id='line_1_86' title="bbox 1979 3904 2744 3976; baseline 0 -16"><span class='ocrx_word' id='word_1_650' title='bbox 1979 3906 2224 3960; x_wconf 85' lang='lat' dir='ltr'><strong>bitanlcr</strong></span> <span class='ocrx_word' id='word_1_651' title='bbox 2259 3904 2426 3960; x_wconf 80' lang='lat' dir='ltr'><strong>fuisse</strong></span> <span class='ocrx_word' id='word_1_652' title='bbox 2450 3908 2744 3976; x_wconf 86' lang='lat' dir='ltr'><strong>proposita.</strong></span> 
     </span>
    </p>
   </div>
   <div class='ocr_carea' id='block_1_87' title="bbox 2048 3996 3548 4067">
    <p class='ocr_par' dir='ltr' id='par_1_87' title="bbox 2048 3996 3548 4067">
     <span class='ocr_line' id='line_1_87' title="bbox 2048 3996 3548 4067; baseline 0.001 -15"><span class='ocrx_word' id='word_1_653' title='bbox 2048 3996 2261 4052; x_wconf 81' lang='lat' dir='ltr'><strong>XXVII.</strong></span> <span class='ocrx_word' id='word_1_654' title='bbox 2294 3997 2520 4055; x_wconf 87' lang='lat' dir='ltr'><strong>Photius</strong></span> <span class='ocrx_word' id='word_1_655' title='bbox 2553 4000 2674 4058; x_wconf 91' lang='lat' dir='ltr'><strong>cod.</strong></span> <span class='ocrx_word' id='word_1_656' title='bbox 2708 4017 2825 4067; x_wconf 80' lang='lat' dir='ltr'><strong>VIII,</strong></span> <span class='ocrx_word' id='word_1_657' title='bbox 2863 4015 3079 4057; x_wconf 88' lang='lat' dir='ltr'><strong>errores</strong></span> <span class='ocrx_word' id='word_1_658' title='bbox 3111 4000 3349 4056; x_wconf 78' lang='lat' dir='ltr'><strong>referens</strong></span> <span class='ocrx_word' id='word_1_659' title='bbox 3380 3997 3548 4054; x_wconf 81' lang='lat' dir='ltr'><strong>libro—</strong></span> 
     </span>
    </p>
   </div>
   <div class='ocr_carea' id='block_1_88' title="bbox 1978 4090 3547 4163">
    <p class='ocr_par' dir='ltr' id='par_1_88' title="bbox 1978 4090 3547 4163">
     <span class='ocr_line' id='line_1_88' title="bbox 1978 4090 3547 4163; baseline 0.004 -20"><span class='ocrx_word' id='word_1_660' title='bbox 1978 4106 2096 4144; x_wconf 89' lang='lat' dir='ltr'><strong>rum</strong></span> <span class='ocrx_word' id='word_1_661' title='bbox 2129 4091 2270 4160; x_wconf 79' lang='grc' dir='ltr'>Περὶ</span> <span class='ocrx_word' id='word_1_662' title='bbox 2294 4090 2516 4160; x_wconf 76' lang='grc' dir='ltr'><strong>ἀρχῶν,</strong></span> <span class='ocrx_word' id='word_1_663' title='bbox 2545 4093 2644 4148; x_wconf 91' lang='lat' dir='ltr'><strong>hos</strong></span> <span class='ocrx_word' id='word_1_664' title='bbox 2692 4094 2769 4147; x_wconf 89' lang='lat' dir='ltr'><strong>ait</strong></span> <span class='ocrx_word' id='word_1_665' title='bbox 2816 4094 2951 4149; x_wconf 92' lang='lat' dir='ltr'><strong>libro</strong></span> <span class='ocrx_word' id='word_1_666' title='bbox 3011 4095 3185 4163; x_wconf 90' lang='lat' dir='ltr'><strong>primo</strong></span> <span class='ocrx_word' id='word_1_667' title='bbox 3224 4092 3490 4148; x_wconf 89' lang='lat' dir='ltr'><strong>contineri</strong></span> <span class='ocrx_word' id='word_1_668' title='bbox 3531 4111 3547 4149; x_wconf 90' lang='lat'><strong>:</strong></span> 
     </span>
    </p>
   </div>
   <div class='ocr_carea' id='block_1_89' title="bbox 1976 4182 3550 4254">
    <p class='ocr_par' dir='ltr' id='par_1_89' title="bbox 1976 4182 3550 4254">
     <span class='ocr_line' id='line_1_89' title="bbox 1976 4182 3550 4254; baseline 0.003 -22"><span class='ocrx_word' id='word_1_669' title='bbox 1976 4182 2190 4251; x_wconf 87' lang='grc' dir='ltr'>Διήκειν</span> <span class='ocrx_word' id='word_1_670' title='bbox 2226 4182 2323 4251; x_wconf 82' lang='grc' dir='ltr'><strong>μὲν</strong></span> <span class='ocrx_word' id='word_1_671' title='bbox 2360 4183 2450 4236; x_wconf 77' lang='grc' dir='ltr'><strong>τὸν</strong></span> <span class='ocrx_word' id='word_1_672' title='bbox 2484 4184 2699 4254; x_wconf 81' lang='grc' dir='ltr'>Πατέρα</span> <span class='ocrx_word' id='word_1_673' title='bbox 2724 4183 2812 4237; x_wconf 74' lang='grc' dir='ltr'><strong>διὰ</strong></span> <span class='ocrx_word' id='word_1_674' title='bbox 2846 4184 3061 4239; x_wconf 83' lang='grc' dir='ltr'>πάντων</span> <span class='ocrx_word' id='word_1_675' title='bbox 3097 4184 3204 4238; x_wconf 80' lang='grc' dir='ltr'>τῶν</span> <span class='ocrx_word' id='word_1_676' title='bbox 3238 4183 3425 4250; x_wconf 73' lang='grc' dir='ltr'><strong>ὄντων,</strong></span> <span class='ocrx_word' id='word_1_677' title='bbox 3459 4182 3550 4237; x_wconf 81' lang='grc' dir='ltr'><strong>τὸν</strong></span> 
     </span>
    </p>
   </div>
   <div class='ocr_carea' id='block_1_90' title="bbox 1974 4272 3549 4347">
    <p class='ocr_par' dir='ltr' id='par_1_90' title="bbox 1974 4272 3549 4347">
     <span class='ocr_line' id='line_1_90' title="bbox 1974 4272 3549 4347; baseline 0.002 -21"><span class='ocrx_word' id='word_1_678' title='bbox 1974 4272 2030 4326; x_wconf 84' lang='grc' dir='ltr'><strong>δὲ</strong></span> <span class='ocrx_word' id='word_1_679' title='bbox 2064 4273 2188 4326; x_wconf 85' lang='grc' dir='ltr'>Υἰὸν</span> <span class='ocrx_word' id='word_1_680' title='bbox 2212 4274 2373 4345; x_wconf 84' lang='grc' dir='ltr'>μέχρι</span> <span class='ocrx_word' id='word_1_681' title='bbox 2404 4274 2513 4328; x_wconf 82' lang='grc' dir='ltr'>τῶν</span> <span class='ocrx_word' id='word_1_682' title='bbox 2541 4274 2773 4344; x_wconf 81' lang='grc' dir='ltr'>λογικῶν</span> <span class='ocrx_word' id='word_1_683' title='bbox 2812 4276 3008 4347; x_wconf 78' lang='grc' dir='ltr'><strong>μόνων⁹</strong></span> <span class='ocrx_word' id='word_1_684' title='bbox 3038 4276 3100 4330; x_wconf 84' lang='grc' dir='ltr'>τὸ</span> <span class='ocrx_word' id='word_1_685' title='bbox 3124 4276 3179 4328; x_wconf 80' lang='grc' dir='ltr'><strong>δὲ</strong></span> <span class='ocrx_word' id='word_1_686' title='bbox 3206 4274 3425 4347; x_wconf 80' lang='grc' dir='ltr'>Πνεῦμα</span> <span class='ocrx_word' id='word_1_687' title='bbox 3451 4276 3549 4346; x_wconf 81' lang='grc' dir='ltr'><strong>μὲ-</strong></span> 
     </span>
    </p>
   </div>
   <div class='ocr_carea' id='block_1_91' title="bbox 1975 4367 3549 4439">
    <p class='ocr_par' dir='ltr' id='par_1_91' title="bbox 1975 4367 3549 4439">
     <span class='ocr_line' id='line_1_91' title="bbox 1975 4367 3549 4439; baseline 0.001 -19"><span class='ocrx_word' id='word_1_688' title='bbox 1975 4384 2065 4437; x_wconf 86' lang='grc' dir='ltr'><strong>χρι</strong></span> <span class='ocrx_word' id='word_1_689' title='bbox 2086 4367 2260 4437; x_wconf 85' lang='grc' dir='ltr'>μόνων</span> <span class='ocrx_word' id='word_1_690' title='bbox 2286 4367 2393 4421; x_wconf 84' lang='grc' dir='ltr'><strong>τῶν</strong></span> <span class='ocrx_word' id='word_1_691' title='bbox 2426 4368 2803 4439; x_wconf 84' lang='grc' dir='ltr'>σεσωσμένων.</span> <span class='ocrx_word' id='word_1_692' title='bbox 2826 4388 2843 4421; x_wconf 84' lang='grc' dir='ltr'><strong>ι</strong></span> <span class='ocrx_word' id='word_1_693' title='bbox 2870 4368 3172 4424; x_wconf 86' lang='lat' dir='ltr'><strong>Pcrvadere</strong></span> <span class='ocrx_word' id='word_1_694' title='bbox 3202 4369 3416 4438; x_wconf 88' lang='lat' dir='ltr'><strong>quidem</strong></span> <span class='ocrx_word' id='word_1_695' title='bbox 3443 4367 3549 4422; x_wconf 81' lang='lat' dir='ltr'><strong>Pa-</strong></span> 
     </span>
    </p>
   </div>
   <div class='ocr_carea' id='block_1_92' title="bbox 1978 4459 3551 4530">
    <p class='ocr_par' dir='ltr' id='par_1_92' title="bbox 1978 4459 3551 4530">
     <span class='ocr_line' id='line_1_92' title="bbox 1978 4459 3551 4530; baseline 0 -18"><span class='ocrx_word' id='word_1_696' title='bbox 1978 4470 2113 4513; x_wconf 90' lang='lat' dir='ltr'><strong>trem</strong></span> <span class='ocrx_word' id='word_1_697' title='bbox 2137 4475 2470 4530; x_wconf 65' lang='lat' dir='ltr'><strong>quaecunque</strong></span> <span class='ocrx_word' id='word_1_698' title='bbox 2508 4470 2653 4524; x_wconf 90' lang='lat' dir='ltr'><strong>sunt,</strong></span> <span class='ocrx_word' id='word_1_699' title='bbox 2690 4459 2886 4514; x_wconf 86' lang='lat' dir='ltr'><strong>Filium</strong></span> <span class='ocrx_word' id='word_1_700' title='bbox 2916 4476 3042 4516; x_wconf 91' lang='lat' dir='ltr'><strong>vero</strong></span> <span class='ocrx_word' id='word_1_701' title='bbox 3068 4473 3155 4515; x_wconf 86' lang='lat' dir='ltr'><strong>res</strong></span> <span class='ocrx_word' id='word_1_702' title='bbox 3176 4460 3434 4515; x_wconf 85' lang='lat' dir='ltr'><strong>duntaxat</strong></span> <span class='ocrx_word' id='word_1_703' title='bbox 3457 4474 3551 4512; x_wconf 86' lang='lat' dir='ltr'><strong>ra-</strong></span> 
     </span>
    </p>
   </div>
   <div class='ocr_carea' id='block_1_93' title="bbox 300 4547 3549 4630">
    <p class='ocr_par' dir='ltr' id='par_1_93' title="bbox 300 4547 3549 4630">
     <span class='ocr_line' id='line_1_93' title="bbox 300 4547 3549 4630; baseline -0.002 -28"><span class='ocrx_word' id='word_1_704' title='bbox 300 4548 468 4617; x_wconf 86' lang='lat' dir='ltr'><strong>lmpia</strong></span> <span class='ocrx_word' id='word_1_705' title='bbox 499 4562 633 4619; x_wconf 83' lang='lat' dir='ltr'><strong>ergo</strong></span> <span class='ocrx_word' id='word_1_706' title='bbox 663 4562 729 4603; x_wconf 89' lang='lat' dir='ltr'><strong>ea</strong></span> <span class='ocrx_word' id='word_1_707' title='bbox 754 4562 968 4617; x_wconf 88' lang='lat' dir='ltr'><strong>quoque</strong></span> <span class='ocrx_word' id='word_1_708' title='bbox 1016 4556 1122 4616; x_wconf 88' lang='lat' dir='ltr'><strong>est,</strong></span> <span class='ocrx_word' id='word_1_709' title='bbox 1155 4558 1212 4603; x_wconf 90' lang='lat' dir='ltr'><strong>et</strong></span> <span class='ocrx_word' id='word_1_710' title='bbox 1248 4548 1558 4604; x_wconf 90' lang='lat' dir='ltr'><strong>detestanda</strong></span> <span class='ocrx_word' id='word_1_711' title='bbox 1606 4551 1872 4621; x_wconf 76' lang='lat' dir='ltr'><strong>interpre-</strong></span> <span class='ocrx_word' id='word_1_712' title='bbox 1906 4573 1952 4630; x_wconf 70' lang='grc' dir='ltr'><strong>ι)</strong></span> <span class='ocrx_word' id='word_1_713' title='bbox 1985 4547 2141 4601; x_wconf 91' lang='lat' dir='ltr'><strong>tionis</strong></span> <span class='ocrx_word' id='word_1_714' title='bbox 2171 4547 2484 4617; x_wconf 83' lang='lat' dir='ltr'><strong>participes,</strong></span> <span class='ocrx_word' id='word_1_715' title='bbox 2513 4547 2779 4616; x_wconf 90' lang='lat' dir='ltr'><strong>Spiritum</strong></span> <span class='ocrx_word' id='word_1_716' title='bbox 2823 4557 3002 4600; x_wconf 87' lang='lat' dir='ltr'><strong>autem</strong></span> <span class='ocrx_word' id='word_1_717' title='bbox 3046 4556 3297 4600; x_wconf 89' lang='lat' dir='ltr'><strong>sanctum</strong></span> <span class='ocrx_word' id='word_1_718' title='bbox 3326 4560 3389 4600; x_wconf 80' lang='lat' dir='ltr'><strong>ea</strong></span> <span class='ocrx_word' id='word_1_719' title='bbox 3429 4554 3549 4598; x_wconf 85' lang='lat' dir='ltr'><strong>tau-</strong></span> 
     </span>
    </p>
   </div>
   <div class='ocr_carea' id='block_1_94' title="bbox 301 4640 1872 4711">
    <p class='ocr_par' dir='ltr' id='par_1_94' title="bbox 301 4640 1872 4711">
     <span class='ocr_line' id='line_1_94' title="bbox 301 4640 1872 4711; baseline 0.003 -19"><span class='ocrx_word' id='word_1_720' title='bbox 301 4641 430 4693; x_wconf 86' lang='lat' dir='ltr'><strong>tatio</strong></span> <span class='ocrx_word' id='word_1_721' title='bbox 479 4640 715 4694; x_wconf 70' lang='lat' dir='ltr'><strong>homiliae</strong></span> <span class='ocrx_word' id='word_1_722' title='bbox 773 4641 1051 4711; x_wconf 91' lang='lat' dir='ltr'><strong>sequentis</strong></span> <span class='ocrx_word' id='word_1_723' title='bbox 1112 4656 1264 4696; x_wconf 91' lang='lat' dir='ltr'><strong>num.</strong></span> <span class='ocrx_word' id='word_1_724' title='bbox 1318 4642 1371 4705; x_wconf 87' lang='lat' dir='ltr'><strong>I,</strong></span> <span class='ocrx_word' id='word_1_725' title='bbox 1437 4657 1541 4711; x_wconf 89' lang='lat' dir='ltr'><strong>qua</strong></span> <span class='ocrx_word' id='word_1_726' title='bbox 1616 4642 1872 4697; x_wconf 78' lang='lat' dir='ltr'><strong>llavidem</strong></span> 
     </span>
    </p>
   </div>
   <div class='ocr_carea' id='block_1_95' title="bbox 294 4730 1873 4801">
    <p class='ocr_par' dir='ltr' id='par_1_95' title="bbox 294 4730 1873 4801">
     <span class='ocr_line' id='line_1_95' title="bbox 294 4730 1873 4801; baseline 0.004 -19"><span class='ocrx_word' id='word_1_727' title='bbox 294 4730 573 4784; x_wconf 88' lang='lat' dir='ltr'><strong>Christum</strong></span> <span class='ocrx_word' id='word_1_728' title='bbox 619 4746 743 4787; x_wconf 91' lang='lat' dir='ltr'><strong>esse</strong></span> <span class='ocrx_word' id='word_1_729' title='bbox 803 4732 982 4786; x_wconf 91' lang='lat' dir='ltr'><strong>docet.</strong></span> <span class='ocrx_word' id='word_1_730' title='bbox 1019 4731 1187 4800; x_wconf 88' lang='lat' dir='ltr'><strong>Impia</strong></span> <span class='ocrx_word' id='word_1_731' title='bbox 1238 4732 1402 4786; x_wconf 90' lang='lat' dir='ltr'><strong>etiam</strong></span> <span class='ocrx_word' id='word_1_732' title='bbox 1438 4748 1499 4787; x_wconf 91' lang='lat' dir='ltr'><strong>ea</strong></span> <span class='ocrx_word' id='word_1_733' title='bbox 1549 4749 1710 4801; x_wconf 84' lang='lat' dir='ltr'><strong>quam</strong></span> <span class='ocrx_word' id='word_1_734' title='bbox 1739 4734 1873 4789; x_wconf 87' lang='lat' dir='ltr'><strong>lib.t</strong></span> 
     </span>
    </p>
   </div>
   <div class='ocr_carea' id='block_1_96' title="bbox 295 4821 1873 4893">
    <p class='ocr_par' dir='ltr' id='par_1_96' title="bbox 295 4821 1873 4893">
     <span class='ocr_line' id='line_1_96' title="bbox 295 4821 1873 4893; baseline 0.004 -19"><span class='ocrx_word' id='word_1_735' title='bbox 295 4822 437 4889; x_wconf 81' lang='grc' dir='ltr'>Περὶ</span> <span class='ocrx_word' id='word_1_736' title='bbox 469 4821 691 4892; x_wconf 77' lang='grc' dir='ltr'><strong>ἀρχῶν,</strong></span> <span class='ocrx_word' id='word_1_737' title='bbox 724 4838 843 4893; x_wconf 89' lang='lat' dir='ltr'><strong>cap.</strong></span> <span class='ocrx_word' id='word_1_738' title='bbox 873 4826 927 4889; x_wconf 81' lang='grc'><strong>5,</strong></span> <span class='ocrx_word' id='word_1_739' title='bbox 956 4839 1106 4879; x_wconf 90' lang='lat' dir='ltr'><strong>num.</strong></span> <span class='ocrx_word' id='word_1_740' title='bbox 1145 4826 1200 4889; x_wconf 81' lang='grc'><strong>5,</strong></span> <span class='ocrx_word' id='word_1_741' title='bbox 1235 4824 1507 4879; x_wconf 77' lang='lat' dir='ltr'><strong>damnata:</strong></span> <span class='ocrx_word' id='word_1_742' title='bbox 1562 4827 1629 4880; x_wconf 83' lang='lat' dir='ltr'><strong>ah</strong></span> <span class='ocrx_word' id='word_1_743' title='bbox 1683 4824 1873 4880; x_wconf 87' lang='lat' dir='ltr'><strong>Hiero-</strong></span> 
     </span>
    </p>
   </div>
   <div class='ocr_carea' id='block_1_97' title="bbox 296 4917 1872 4987">
    <p class='ocr_par' dir='ltr' id='par_1_97' title="bbox 296 4917 1872 4987">
     <span class='ocr_line' id='line_1_97' title="bbox 296 4917 1872 4987; baseline 0.003 -20"><span class='ocrx_word' id='word_1_744' title='bbox 296 4930 463 4985; x_wconf 89' lang='lat' dir='ltr'><strong>nymo</strong></span> <span class='ocrx_word' id='word_1_745' title='bbox 485 4919 765 4971; x_wconf 61' lang='lat' dir='ltr'><strong>sententiae</strong></span> <span class='ocrx_word' id='word_1_746' title='bbox 789 4918 1086 4987; x_wconf 85' lang='lat' dir='ltr'><strong>suhjunxit.</strong></span> <span class='ocrx_word' id='word_1_747' title='bbox 1108 4917 1257 4971; x_wconf 89' lang='lat' dir='ltr'><strong>Talis</strong></span> <span class='ocrx_word' id='word_1_748' title='bbox 1288 4928 1515 4985; x_wconf 87' lang='lat' dir='ltr'><strong>utraque</strong></span> <span class='ocrx_word' id='word_1_749' title='bbox 1538 4928 1622 4970; x_wconf 87' lang='lat' dir='ltr'><strong>est</strong></span> <span class='ocrx_word' id='word_1_750' title='bbox 1644 4936 1657 4971; x_wconf 91' lang='lat'><strong>:</strong></span> <span class='ocrx_word' id='word_1_751' title='bbox 1681 4918 1872 4987; x_wconf 82' lang='grc' dir='ltr'>Ἔλεγε</span> 
     </span>
    </p>
   </div>
   <div class='ocr_carea' id='block_1_98' title="bbox 293 5006 1875 5081">
    <p class='ocr_par' dir='ltr' id='par_1_98' title="bbox 293 5006 1875 5081">
     <span class='ocr_line' id='line_1_98' title="bbox 293 5006 1875 5081; baseline 0.002 -22"><span class='ocrx_word' id='word_1_752' title='bbox 293 5006 351 5059; x_wconf 81' lang='grc' dir='ltr'>δὲ</span> <span class='ocrx_word' id='word_1_753' title='bbox 381 5008 410 5059; x_wconf 75' lang='grc' dir='ltr'><strong>ὁ</strong></span> <span class='ocrx_word' id='word_1_754' title='bbox 454 5007 702 5078; x_wconf 80' lang='grc' dir='ltr'><strong>Ἐϐραῖος</strong></span> <span class='ocrx_word' id='word_1_755' title='bbox 731 5010 798 5062; x_wconf 73' lang='grc' dir='ltr'><strong>τὰ</strong></span> <span class='ocrx_word' id='word_1_756' title='bbox 822 5011 878 5061; x_wconf 79' lang='grc' dir='ltr'>ὲν</span> <span class='ocrx_word' id='word_1_757' title='bbox 901 5008 978 5079; x_wconf 81' lang='grc' dir='ltr'>τῷ</span> <span class='ocrx_word' id='word_1_758' title='bbox 1011 5009 1210 5081; x_wconf 60' lang='grc' dir='ltr'><strong>Ἡσαΐᾳ⁸</strong></span> <span class='ocrx_word' id='word_1_759' title='bbox 1233 5009 1326 5062; x_wconf 87' lang='grc' dir='ltr'><strong>δύο</strong></span> <span class='ocrx_word' id='word_1_760' title='bbox 1367 5009 1607 5079; x_wconf 75' lang='grc' dir='ltr'>σεραφὶμ</span> <span class='ocrx_word' id='word_1_761' title='bbox 1648 5009 1875 5073; x_wconf 76' lang='grc' dir='ltr'>ὲξαπτέ-</span> 
     </span>
    </p>
   </div>
   <div class='ocr_carea' id='block_1_99' title="bbox 298 5092 1870 5177">
    <p class='ocr_par' dir='ltr' id='par_1_99' title="bbox 298 5092 1870 5177">
     <span class='ocr_line' id='line_1_99' title="bbox 298 5092 1870 5177; baseline 0.003 -28"><span class='ocrx_word' id='word_1_762' title='bbox 298 5114 438 5168; x_wconf 85' lang='grc' dir='ltr'>ρυγα</span> <span class='ocrx_word' id='word_1_763' title='bbox 472 5099 777 5169; x_wconf 85' lang='grc' dir='ltr'>κεκραγότα</span> <span class='ocrx_word' id='word_1_764' title='bbox 825 5099 1011 5171; x_wconf 74' lang='grc' dir='ltr'>ἕτερον</span> <span class='ocrx_word' id='word_1_765' title='bbox 1046 5100 1183 5172; x_wconf 83' lang='grc' dir='ltr'><strong>πρὸς</strong></span> <span class='ocrx_word' id='word_1_766' title='bbox 1221 5100 1428 5171; x_wconf 75' lang='grc' dir='ltr'>ἕτερον,</span> <span class='ocrx_word' id='word_1_767' title='bbox 1450 5100 1559 5177; x_wconf 51' lang='grc' dir='ltr'>,καὶ</span> <span class='ocrx_word' id='word_1_768' title='bbox 1606 5092 1833 5169; x_wconf 64' lang='grc' dir='ltr'>λέγονταί</span> <span class='ocrx_word' id='word_1_769' title='bbox 1855 5117 1870 5131; x_wconf 88' lang='grc'><strong>·</strong></span> 
     </span>
    </p>
   </div>
   <div class='ocr_carea' id='block_1_100' title="bbox 296 5190 1874 5261">
    <p class='ocr_par' dir='ltr' id='par_1_100' title="bbox 296 5190 1874 5261">
     <span class='ocr_line' id='line_1_100' title="bbox 296 5190 1874 5261; baseline -0.001 -16"><span class='ocrx_word' id='word_1_770' title='bbox 296 5190 521 5260; x_wconf 83' lang='grc' dir='ltr'>”Αγιος,</span> <span class='ocrx_word' id='word_1_771' title='bbox 575 5191 762 5260; x_wconf 80' lang='grc' dir='ltr'>ἅγιος,</span> <span class='ocrx_word' id='word_1_772' title='bbox 793 5192 960 5261; x_wconf 76' lang='grc' dir='ltr'>ἅγιος</span> <span class='ocrx_word' id='word_1_773' title='bbox 993 5194 1209 5261; x_wconf 82' lang='grc' dir='ltr'><strong>Κύριος</strong></span> <span class='ocrx_word' id='word_1_774' title='bbox 1256 5191 1520 5254; x_wconf 80' lang='grc' dir='ltr'><strong>Σαϐαὼθ,</strong></span> <span class='ocrx_word' id='word_1_775' title='bbox 1558 5192 1649 5244; x_wconf 83' lang='grc' dir='ltr'>τὸν</span> <span class='ocrx_word' id='word_1_776' title='bbox 1704 5193 1874 5246; x_wconf 86' lang='grc' dir='ltr'>Μονο-</span> 
     </span>
    </p>
   </div>
   <div class='ocr_carea' id='block_1_101' title="bbox 292 5279 1871 5354">
    <p class='ocr_par' dir='ltr' id='par_1_101' title="bbox 292 5279 1871 5354">
     <span class='ocr_line' id='line_1_101' title="bbox 292 5279 1871 5354; baseline 0.001 -20"><span class='ocrx_word' id='word_1_777' title='bbox 292 5283 425 5353; x_wconf 85' lang='grc' dir='ltr'>γενῆ</span> <span class='ocrx_word' id='word_1_778' title='bbox 457 5279 593 5335; x_wconf 77' lang='grc' dir='ltr'>εἶναι</span> <span class='ocrx_word' id='word_1_779' title='bbox 614 5283 706 5335; x_wconf 89' lang='grc' dir='ltr'><strong>τοῦ</strong></span> <span class='ocrx_word' id='word_1_780' title='bbox 730 5283 864 5335; x_wconf 89' lang='grc' dir='ltr'>Θεοῦ</span> <span class='ocrx_word' id='word_1_781' title='bbox 902 5284 995 5336; x_wconf 73' lang='grc' dir='ltr'><strong>καὶ</strong></span> <span class='ocrx_word' id='word_1_782' title='bbox 1025 5284 1086 5335; x_wconf 84' lang='grc' dir='ltr'>τὸ</span> <span class='ocrx_word' id='word_1_783' title='bbox 1116 5283 1339 5354; x_wconf 84' lang='grc' dir='ltr'>Πνεῦμα</span> <span class='ocrx_word' id='word_1_784' title='bbox 1369 5283 1429 5335; x_wconf 83' lang='grc' dir='ltr'><strong>τὸ</strong></span> <span class='ocrx_word' id='word_1_785' title='bbox 1468 5283 1640 5350; x_wconf 81' lang='grc' dir='ltr'>ἆγιον.</span> <span class='ocrx_word' id='word_1_786' title='bbox 1680 5284 1871 5352; x_wconf 82' lang='grc' dir='ltr'>Ἡμεῖς</span> 
     </span>
    </p>
   </div>
   <div class='ocr_carea' id='block_1_102' title="bbox 292 5373 1871 5445">
    <p class='ocr_par' dir='ltr' id='par_1_102' title="bbox 292 5373 1871 5445">
     <span class='ocr_line' id='line_1_102' title="bbox 292 5373 1871 5445; baseline 0.001 -19"><span class='ocrx_word' id='word_1_787' title='bbox 292 5373 350 5426; x_wconf 85' lang='grc' dir='ltr'><strong>δὲ</strong></span> <span class='ocrx_word' id='word_1_788' title='bbox 377 5373 601 5443; x_wconf 79' lang='grc' dir='ltr'>οἰόμεθα</span> <span class='ocrx_word' id='word_1_789' title='bbox 634 5375 714 5427; x_wconf 78' lang='grc' dir='ltr'><strong>ὅτι</strong></span> <span class='ocrx_word' id='word_1_790' title='bbox 739 5375 832 5427; x_wconf 76' lang='grc' dir='ltr'><strong>καὶ</strong></span> <span class='ocrx_word' id='word_1_791' title='bbox 861 5377 918 5426; x_wconf 79' lang='grc' dir='ltr'>ὲν</span> <span class='ocrx_word' id='word_1_792' title='bbox 942 5377 1007 5445; x_wconf 80' lang='grc' dir='ltr'><strong>τῇ</strong></span> <span class='ocrx_word' id='word_1_793' title='bbox 1044 5374 1151 5445; x_wconf 77' lang='grc' dir='ltr'><strong>ᾠδῇ</strong></span> <span class='ocrx_word' id='word_1_794' title='bbox 1188 5374 1539 5445; x_wconf 80' lang='grc' dir='ltr'>Ἀμϐακούμ·</span> <span class='ocrx_word' id='word_1_795' title='bbox 1582 5376 1676 5427; x_wconf 77' lang='grc' dir='ltr'>Ἐν</span> <span class='ocrx_word' id='word_1_796' title='bbox 1701 5376 1871 5444; x_wconf 81' lang='grc' dir='ltr'>μέσῳ</span> 
     </span>
    </p>
   </div>
   <div class='ocr_carea' id='block_1_103' title="bbox 293 5466 1870 5539">
    <p class='ocr_par' dir='ltr' id='par_1_103' title="bbox 293 5466 1870 5539">
     <span class='ocr_line' id='line_1_103' title="bbox 293 5466 1870 5539; baseline 0 -20"><span class='ocrx_word' id='word_1_797' title='bbox 293 5467 404 5521; x_wconf 82' lang='grc' dir='ltr'><strong>δύο</strong></span> <span class='ocrx_word' id='word_1_798' title='bbox 453 5466 608 5527; x_wconf 77' lang='grc' dir='ltr'><em>ζώων</em></span> <span class='ocrx_word' id='word_1_799' title='bbox 662 5467 1010 5537; x_wconf 78' lang='grc' dir='ltr'><strong>γνωσθήσῃ,</strong></span> <span class='ocrx_word' id='word_1_800' title='bbox 1064 5468 1191 5538; x_wconf 81' lang='grc' dir='ltr'>περὶ</span> <span class='ocrx_word' id='word_1_801' title='bbox 1258 5466 1493 5539; x_wconf 83' lang='grc' dir='ltr'>Χριστοῦ</span> <span class='ocrx_word' id='word_1_802' title='bbox 1548 5468 1642 5521; x_wconf 84' lang='grc' dir='ltr'><strong>καὶ</strong></span> <span class='ocrx_word' id='word_1_803' title='bbox 1718 5466 1870 5535; x_wconf 83' lang='grc' dir='ltr'>ἁγίου</span> 
     </span>
    </p>
   </div>
   <div class='ocr_carea' id='block_1_104' title="bbox 297 5546 1903 5629">
    <p class='ocr_par' dir='ltr' id='par_1_104' title="bbox 297 5546 1903 5629">
     <span class='ocr_line' id='line_1_104' title="bbox 297 5546 1903 5629; baseline 0.001 -19"><span class='ocrx_word' id='word_1_804' title='bbox 297 5556 637 5629; x_wconf 85' lang='grc' dir='ltr'>Πνεύματος.</span> <span class='ocrx_word' id='word_1_805' title='bbox 680 5578 698 5609; x_wconf 72' lang='grc' dir='ltr'><strong>ι</strong></span> <span class='ocrx_word' id='word_1_806' title='bbox 738 5558 961 5613; x_wconf 83' lang='lat' dir='ltr'><strong>Dicebat</strong></span> <span class='ocrx_word' id='word_1_807' title='bbox 995 5569 1177 5611; x_wconf 89' lang='lat' dir='ltr'><strong>autem</strong></span> <span class='ocrx_word' id='word_1_808' title='bbox 1220 5568 1273 5612; x_wconf 90' lang='lat' dir='ltr'><strong>et</strong></span> <span class='ocrx_word' id='word_1_809' title='bbox 1320 5559 1577 5614; x_wconf 59' lang='lat' dir='ltr'><strong>Hebraeus</strong></span> <span class='ocrx_word' id='word_1_810' title='bbox 1616 5546 1903 5628; x_wconf 83' lang='lat' dir='ltr'><strong>magister</strong></span> 
     </span>
    </p>
   </div>
   <div class='ocr_carea' id='block_1_105' title="bbox 365 5673 836 5738">
    <p class='ocr_par' dir='ltr' id='par_1_105' title="bbox 365 5673 836 5738">
     <span class='ocr_line' id='line_1_105' title="bbox 365 5673 836 5738; baseline -0.006 -9"><span class='ocrx_word' id='word_1_811' title='bbox 365 5673 409 5704; x_wconf 80' lang='grc'><strong>⁸¹</strong></span> <span class='ocrx_word' id='word_1_812' title='bbox 465 5674 659 5729; x_wconf 79' lang='lat' dir='ltr'><strong>Cenes.</strong></span> <span class='ocrx_word' id='word_1_813' title='bbox 703 5689 741 5738; x_wconf 87' lang='grc' dir='ltr'>ι,</span> <span class='ocrx_word' id='word_1_814' title='bbox 780 5673 836 5729; x_wconf 73' lang='grc'><strong>5.</strong></span> 
     </span>
    </p>
   </div>
   <div class='ocr_carea' id='block_1_106' title="bbox 930 5671 1897 5742">
    <p class='ocr_par' dir='ltr' id='par_1_106' title="bbox 930 5671 1897 5742">
     <span class='ocr_line' id='line_1_106' title="bbox 930 5671 1897 5742; baseline 0.008 -18"><span class='ocrx_word' id='word_1_815' title='bbox 930 5672 974 5702; x_wconf 68' lang='grc' dir='ltr'><strong>δ’</strong></span> <span class='ocrx_word' id='word_1_816' title='bbox 1005 5671 1149 5727; x_wconf 89' lang='lat' dir='ltr'><strong>Psal.</strong></span> <span class='ocrx_word' id='word_1_817' title='bbox 1178 5688 1323 5741; x_wconf 81' lang='lat' dir='ltr'><strong>xuv,</strong></span> <span class='ocrx_word' id='word_1_818' title='bbox 1352 5672 1407 5729; x_wconf 73' lang='lat'><strong>2.</strong></span> <span class='ocrx_word' id='word_1_819' title='bbox 1463 5674 1506 5705; x_wconf 76' lang='grc'><strong>⁸³</strong></span> <span class='ocrx_word' id='word_1_820' title='bbox 1538 5673 1678 5728; x_wconf 82' lang='lat' dir='ltr'><strong>Psal.</strong></span> <span class='ocrx_word' id='word_1_821' title='bbox 1703 5691 1813 5742; x_wconf 68' lang='lat' dir='ltr'><strong>cxx,</strong></span> <span class='ocrx_word' id='word_1_822' title='bbox 1843 5676 1897 5732; x_wconf 77' lang='lat'><strong>5.</strong></span> 
     </span>
    </p>
   </div>
   <div class='ocr_carea' id='block_1_107' title="bbox 1984 4638 3547 4709">
    <p class='ocr_par' dir='ltr' id='par_1_107' title="bbox 1984 4638 3547 4709">
     <span class='ocr_line' id='line_1_107' title="bbox 1984 4638 3547 4709; baseline 0.001 -15"><span class='ocrx_word' id='word_1_823' title='bbox 1984 4651 2092 4694; x_wconf 89' lang='lat' dir='ltr'><strong>tmn</strong></span> <span class='ocrx_word' id='word_1_824' title='bbox 2124 4655 2244 4709; x_wconf 75' lang='lat' dir='ltr'><strong>qua:</strong></span> <span class='ocrx_word' id='word_1_825' title='bbox 2297 4638 2525 4693; x_wconf 88' lang='lat' dir='ltr'><strong>salutem</strong></span> <span class='ocrx_word' id='word_1_826' title='bbox 2568 4640 2759 4707; x_wconf 87' lang='lat' dir='ltr'><strong>adepta</strong></span> <span class='ocrx_word' id='word_1_827' title='bbox 2802 4648 2945 4693; x_wconf 85' lang='lat' dir='ltr'><strong>sunt.</strong></span> <span class='ocrx_word' id='word_1_828' title='bbox 2988 4658 3007 4690; x_wconf 78' lang='grc' dir='ltr'><strong>ι</strong></span> <span class='ocrx_word' id='word_1_829' title='bbox 3043 4638 3241 4693; x_wconf 89' lang='lat' dir='ltr'><strong>Codice</strong></span> <span class='ocrx_word' id='word_1_830' title='bbox 3289 4654 3419 4693; x_wconf 89' lang='lat' dir='ltr'><strong>vero</strong></span> <span class='ocrx_word' id='word_1_831' title='bbox 3457 4652 3547 4695; x_wconf 84' lang='lat' dir='ltr'><strong>cvt</strong></span> 
     </span>
    </p>
   </div>
   <div class='ocr_carea' id='block_1_108' title="bbox 1977 4728 3548 4801">
    <p class='ocr_par' dir='ltr' id='par_1_108' title="bbox 1977 4728 3548 4801">
     <span class='ocr_line' id='line_1_108' title="bbox 1977 4728 3548 4801; baseline 0 -16"><span class='ocrx_word' id='word_1_832' title='bbox 1977 4740 2169 4785; x_wconf 88' lang='lat' dir='ltr'><strong>narrat</strong></span> <span class='ocrx_word' id='word_1_833' title='bbox 2226 4730 2627 4801; x_wconf 89' lang='lat' dir='ltr'><strong>Theognostum</strong></span> <span class='ocrx_word' id='word_1_834' title='bbox 2677 4731 3103 4785; x_wconf 83' lang='lat' dir='ltr'><strong>Alexandrinum</strong></span> <span class='ocrx_word' id='word_1_835' title='bbox 3161 4728 3409 4799; x_wconf 90' lang='lat' dir='ltr'><strong>Origenis</strong></span> <span class='ocrx_word' id='word_1_836' title='bbox 3453 4734 3548 4785; x_wconf 61' lang='lat' dir='ltr'><strong>duo</strong></span> 
     </span>
    </p>
   </div>
   <div class='ocr_carea' id='block_1_109' title="bbox 1976 4822 3544 4896">
    <p class='ocr_par' dir='ltr' id='par_1_109' title="bbox 1976 4822 3544 4896">
     <span class='ocr_line' id='line_1_109' title="bbox 1976 4822 3544 4896; baseline -0.003 -16"><span class='ocrx_word' id='word_1_837' title='bbox 1976 4837 2155 4896; x_wconf 83' lang='lat' dir='ltr'><strong>gmata</strong></span> <span class='ocrx_word' id='word_1_838' title='bbox 2204 4835 2633 4895; x_wconf 85' lang='lat' dir='ltr'><strong>propugnantem</strong></span> <span class='ocrx_word' id='word_1_839' title='bbox 2668 4823 2807 4877; x_wconf 89' lang='lat' dir='ltr'><strong>lihro</strong></span> <span class='ocrx_word' id='word_1_840' title='bbox 2854 4822 3264 4895; x_wconf 82' lang='lat' dir='ltr'><strong>llypotyposeon</strong></span> <span class='ocrx_word' id='word_1_841' title='bbox 3307 4822 3544 4879; x_wconf 84' lang='lat' dir='ltr'><strong>secundo</strong></span> 
     </span>
    </p>
   </div>
   <div class='ocr_carea' id='block_1_110' title="bbox 1977 4915 3547 4989">
    <p class='ocr_par' dir='ltr' id='par_1_110' title="bbox 1977 4915 3547 4989">
     <span class='ocr_line' id='line_1_110' title="bbox 1977 4915 3547 4989; baseline -0.005 -14"><span class='ocrx_word' id='word_1_842' title='bbox 1977 4920 2175 4975; x_wconf 85' lang='lat' dir='ltr'><strong>dixisse</strong></span> <span class='ocrx_word' id='word_1_843' title='bbox 2201 4918 2393 4973; x_wconf 90' lang='lat' dir='ltr'><strong>Filium</strong></span> <span class='ocrx_word' id='word_1_844' title='bbox 2426 4916 2533 4971; x_wconf 80' lang='grc' dir='ltr'><strong>τῶν</strong></span> <span class='ocrx_word' id='word_1_845' title='bbox 2562 4916 2792 4987; x_wconf 84' lang='grc' dir='ltr'>λογικῶν</span> <span class='ocrx_word' id='word_1_846' title='bbox 2818 4918 2992 4989; x_wconf 85' lang='grc' dir='ltr'>μόνων</span> <span class='ocrx_word' id='word_1_847' title='bbox 3021 4918 3326 4971; x_wconf 79' lang='grc' dir='ltr'>ἐπιστατεῖν</span> <span class='ocrx_word' id='word_1_848' title='bbox 3350 4932 3363 4944; x_wconf 70' lang='grc' dir='ltr'><strong>ι</strong></span> <span class='ocrx_word' id='word_1_849' title='bbox 3395 4933 3412 4966; x_wconf 79' lang='grc' dir='ltr'><strong>ι</strong></span> <span class='ocrx_word' id='word_1_850' title='bbox 3442 4915 3547 4969; x_wconf 71' lang='lat' dir='ltr'><strong>lia-</strong></span> 
     </span>
    </p>
   </div>
   <div class='ocr_carea' id='block_1_111' title="bbox 1980 5004 3545 5080">
    <p class='ocr_par' dir='ltr' id='par_1_111' title="bbox 1980 5004 3545 5080">
     <span class='ocr_line' id='line_1_111' title="bbox 1980 5004 3545 5080; baseline -0.006 -14"><span class='ocrx_word' id='word_1_851' title='bbox 1980 5015 2126 5067; x_wconf 89' lang='lat' dir='ltr'><strong>tione</strong></span> <span class='ocrx_word' id='word_1_852' title='bbox 2178 5013 2441 5068; x_wconf 88' lang='lat' dir='ltr'><strong>duntaxat</strong></span> <span class='ocrx_word' id='word_1_853' title='bbox 2488 5011 2728 5080; x_wconf 62' lang='lat' dir='ltr'><strong>praeditis</strong></span> <span class='ocrx_word' id='word_1_854' title='bbox 2770 5013 2929 5065; x_wconf 89' lang='lat' dir='ltr'><strong>rebus</strong></span> <span class='ocrx_word' id='word_1_855' title='bbox 2966 5023 3218 5079; x_wconf 70' lang='lat' dir='ltr'><strong>praeesse.</strong></span> <span class='ocrx_word' id='word_1_856' title='bbox 3247 5025 3266 5057; x_wconf 71' lang='grc' dir='ltr'><strong>ι</strong></span> <span class='ocrx_word' id='word_1_857' title='bbox 3305 5004 3545 5059; x_wconf 84' lang='lat' dir='ltr'><strong>Athana--</strong></span> 
     </span>
    </p>
   </div>
   <div class='ocr_carea' id='block_1_112' title="bbox 1972 5094 3543 5171">
    <p class='ocr_par' dir='ltr' id='par_1_112' title="bbox 1972 5094 3543 5171">
     <span class='ocr_line' id='line_1_112' title="bbox 1972 5094 3543 5171; baseline -0.008 -12"><span class='ocrx_word' id='word_1_858' title='bbox 1972 5105 2084 5159; x_wconf 89' lang='lat' dir='ltr'><strong>sius</strong></span> <span class='ocrx_word' id='word_1_859' title='bbox 2122 5104 2175 5158; x_wconf 92' lang='lat' dir='ltr'><strong>in</strong></span> <span class='ocrx_word' id='word_1_860' title='bbox 2228 5102 2367 5157; x_wconf 89' lang='lat' dir='ltr'><strong>libro</strong></span> <span class='ocrx_word' id='word_1_861' title='bbox 2409 5115 2568 5171; x_wconf 90' lang='lat' dir='ltr'><strong>quem</strong></span> <span class='ocrx_word' id='word_1_862' title='bbox 2600 5101 2819 5171; x_wconf 87' lang='lat' dir='ltr'><strong>scripsit</strong></span> <span class='ocrx_word' id='word_1_863' title='bbox 2867 5100 2923 5153; x_wconf 88' lang='lat' dir='ltr'><strong>in</strong></span> <span class='ocrx_word' id='word_1_864' title='bbox 2965 5097 3155 5152; x_wconf 81' lang='lat' dir='ltr'><strong>Matth.</strong></span> <span class='ocrx_word' id='word_1_865' title='bbox 3202 5112 3314 5160; x_wconf 86' lang='lat' dir='ltr'><strong>xu,</strong></span> <span class='ocrx_word' id='word_1_866' title='bbox 3346 5094 3439 5158; x_wconf 73' lang='lat'><strong>&#39;52,</strong></span> <span class='ocrx_word' id='word_1_867' title='bbox 3476 5094 3543 5147; x_wconf 85' lang='lat' dir='ltr'><strong>ad</strong></span> 
     </span>
    </p>
   </div>
   <div class='ocr_carea' id='block_1_113' title="bbox 1969 5188 3545 5258">
    <p class='ocr_par' dir='ltr' id='par_1_113' title="bbox 1969 5188 3545 5258">
     <span class='ocr_line' id='line_1_113' title="bbox 1969 5188 3545 5258; baseline -0.007 -4"><span class='ocrx_word' id='word_1_868' title='bbox 1969 5196 2159 5254; x_wconf 80' lang='lat' dir='ltr'><strong>Novati</strong></span> <span class='ocrx_word' id='word_1_869' title='bbox 2192 5195 2444 5251; x_wconf 59' lang='lat' dir='ltr'><strong>hatresim</strong></span> <span class='ocrx_word' id='word_1_870' title='bbox 2479 5195 2595 5250; x_wconf 69' lang='lat' dir='ltr'><strong>haec</strong></span> <span class='ocrx_word' id='word_1_871' title='bbox 2628 5194 2891 5248; x_wconf 88' lang='lat' dir='ltr'><strong>accedere</strong></span> <span class='ocrx_word' id='word_1_872' title='bbox 2935 5194 3111 5256; x_wconf 89' lang='lat' dir='ltr'><strong>docet,</strong></span> <span class='ocrx_word' id='word_1_873' title='bbox 3132 5188 3545 5258; x_wconf 77' lang='lat' dir='ltr'><strong>Origenemque</strong></span> 
     </span>
    </p>
   </div>
   <div class='ocr_carea' id='block_1_114' title="bbox 1969 5280 3544 5352">
    <p class='ocr_par' dir='ltr' id='par_1_114' title="bbox 1969 5280 3544 5352">
     <span class='ocr_line' id='line_1_114' title="bbox 1969 5280 3544 5352; baseline -0.003 -14"><span class='ocrx_word' id='word_1_874' title='bbox 1969 5295 2024 5338; x_wconf 89' lang='lat' dir='ltr'><strong>et</strong></span> <span class='ocrx_word' id='word_1_875' title='bbox 2056 5282 2173 5350; x_wconf 87' lang='lat' dir='ltr'><strong>ejus</strong></span> <span class='ocrx_word' id='word_1_876' title='bbox 2212 5291 2538 5337; x_wconf 83' lang='lat' dir='ltr'><strong>sectatorem</strong></span> <span class='ocrx_word' id='word_1_877' title='bbox 2575 5282 2977 5352; x_wconf 84' lang='lat' dir='ltr'><strong>Theognostum</strong></span> <span class='ocrx_word' id='word_1_878' title='bbox 3028 5280 3283 5349; x_wconf 85' lang='lat' dir='ltr'><strong>explodit.</strong></span> <span class='ocrx_word' id='word_1_879' title='bbox 3331 5280 3544 5333; x_wconf 84' lang='lat' dir='ltr'><strong>Amaris</strong></span> 
     </span>
    </p>
   </div>
   <div class='ocr_carea' id='block_1_115' title="bbox 1967 5370 3547 5444">
    <p class='ocr_par' dir='ltr' id='par_1_115' title="bbox 1967 5370 3547 5444">
     <span class='ocr_line' id='line_1_115' title="bbox 1967 5370 3547 5444; baseline -0.002 -15"><span class='ocrx_word' id='word_1_880' title='bbox 1967 5375 2130 5429; x_wconf 87' lang='lat' dir='ltr'><strong>etiam</strong></span> <span class='ocrx_word' id='word_1_881' title='bbox 2172 5372 2403 5428; x_wconf 81' lang='lat' dir='ltr'><strong>defricat</strong></span> <span class='ocrx_word' id='word_1_882' title='bbox 2433 5374 2607 5444; x_wconf 88' lang='lat' dir='ltr'><strong>ipsum</strong></span> <span class='ocrx_word' id='word_1_883' title='bbox 2639 5372 2901 5429; x_wconf 88' lang='lat' dir='ltr'><strong>conviciis</strong></span> <span class='ocrx_word' id='word_1_884' title='bbox 2935 5372 3263 5442; x_wconf 81' lang='lat' dir='ltr'><strong>TheOphilus</strong></span> <span class='ocrx_word' id='word_1_885' title='bbox 3294 5372 3344 5425; x_wconf 92' lang='lat' dir='ltr'><strong>in</strong></span> <span class='ocrx_word' id='word_1_886' title='bbox 3382 5387 3395 5425; x_wconf 97' lang='lat' dir='ltr'><strong>l</strong></span> <span class='ocrx_word' id='word_1_887' title='bbox 3436 5370 3547 5426; x_wconf 88' lang='lat' dir='ltr'><strong>Pa-</strong></span> 
     </span>
    </p>
   </div>
   <div class='ocr_carea' id='block_1_116' title="bbox 1978 5466 3546 5532">
    <p class='ocr_par' dir='ltr' id='par_1_116' title="bbox 1978 5466 3546 5532">
     <span class='ocr_line' id='line_1_116' title="bbox 1978 5466 3546 5532; baseline -0.001 -12"><span class='ocrx_word' id='word_1_888' title='bbox 1978 5467 2167 5532; x_wconf 73' lang='lat' dir='ltr'><strong>schati,</strong></span> <span class='ocrx_word' id='word_1_889' title='bbox 2201 5478 2256 5520; x_wconf 89' lang='lat' dir='ltr'><strong>et</strong></span> <span class='ocrx_word' id='word_1_890' title='bbox 2287 5466 2495 5523; x_wconf 91' lang='lat' dir='ltr'><strong>ratione</strong></span> <span class='ocrx_word' id='word_1_891' title='bbox 2515 5482 2578 5522; x_wconf 88' lang='lat' dir='ltr'><strong>ac</strong></span> <span class='ocrx_word' id='word_1_892' title='bbox 2612 5466 2935 5521; x_wconf 86' lang='lat' dir='ltr'><strong>auctoritate</strong></span> <span class='ocrx_word' id='word_1_893' title='bbox 2975 5477 3277 5521; x_wconf 89' lang='lat' dir='ltr'><strong>commenta</strong></span> <span class='ocrx_word' id='word_1_894' title='bbox 3302 5466 3390 5520; x_wconf 88' lang='lat' dir='ltr'><strong>illa</strong></span> <span class='ocrx_word' id='word_1_895' title='bbox 3414 5482 3546 5521; x_wconf 90' lang='lat' dir='ltr'><strong>con-</strong></span> 
     </span>
    </p>
   </div>
   <div class='ocr_carea' id='block_1_117' title="bbox 1978 5558 3545 5630">
    <p class='ocr_par' dir='ltr' id='par_1_117' title="bbox 1978 5558 3545 5630">
     <span class='ocr_line' id='line_1_117' title="bbox 1978 5558 3545 5630; baseline 0.001 -17"><span class='ocrx_word' id='word_1_896' title='bbox 1978 5560 2148 5615; x_wconf 87' lang='lat' dir='ltr'><strong>vellit.</strong></span> <span class='ocrx_word' id='word_1_897' title='bbox 2202 5561 2332 5627; x_wconf 66' lang='lat' dir='ltr'><strong>Qum</strong></span> <span class='ocrx_word' id='word_1_898' title='bbox 2382 5568 2440 5616; x_wconf 84' lang='lat' dir='ltr'><strong>et</strong></span> <span class='ocrx_word' id='word_1_899' title='bbox 2486 5558 2675 5615; x_wconf 91' lang='lat' dir='ltr'><strong>leviter</strong></span> <span class='ocrx_word' id='word_1_900' title='bbox 2726 5560 3039 5629; x_wconf 85' lang='lat' dir='ltr'><strong>perstringit</strong></span> <span class='ocrx_word' id='word_1_901' title='bbox 3084 5558 3441 5630; x_wconf 78' lang='lat' dir='ltr'><strong>Hieronymus</strong></span> <span class='ocrx_word' id='word_1_902' title='bbox 3484 5558 3545 5615; x_wconf 77' lang='lat' dir='ltr'><strong>in</strong></span> 
     </span>
    </p>
   </div>
   <div class='ocr_carea' id='block_1_118' title="bbox 1976 5673 3326 5744">
    <p class='ocr_par' dir='ltr' id='par_1_118' title="bbox 1976 5673 3326 5744">
     <span class='ocr_line' id='line_1_118' title="bbox 1976 5673 3326 5744; baseline 0.001 -15"><span class='ocrx_word' id='word_1_903' title='bbox 1976 5676 2021 5708; x_wconf 71' lang='lat'><strong>“</strong></span> <span class='ocrx_word' id='word_1_904' title='bbox 2053 5676 2155 5731; x_wconf 87' lang='lat' dir='ltr'><strong>lsa.</strong></span> <span class='ocrx_word' id='word_1_905' title='bbox 2206 5691 2280 5743; x_wconf 77' lang='lat' dir='ltr'><strong>vr,</strong></span> <span class='ocrx_word' id='word_1_906' title='bbox 2310 5674 2364 5729; x_wconf 76' lang='lat'><strong>‘2.</strong></span> <span class='ocrx_word' id='word_1_907' title='bbox 2475 5674 2520 5709; x_wconf 76' lang='lat'><strong>&quot;</strong></span> <span class='ocrx_word' id='word_1_908' title='bbox 2555 5676 2710 5742; x_wconf 88' lang='lat' dir='ltr'><strong>ibid.,</strong></span> <span class='ocrx_word' id='word_1_909' title='bbox 2744 5675 2796 5730; x_wconf 80' lang='grc'><strong>5.</strong></span> <span class='ocrx_word' id='word_1_910' title='bbox 2872 5674 3137 5732; x_wconf 73' lang='lat' dir='ltr'><strong>“Hahae.</strong></span> <span class='ocrx_word' id='word_1_911' title='bbox 3162 5692 3244 5744; x_wconf 87' lang='lat' dir='ltr'><strong>tu,</strong></span> <span class='ocrx_word' id='word_1_912' title='bbox 3271 5673 3326 5731; x_wconf 78' lang='lat'><strong>2.</strong></span> 
     </span>
    </p>
   </div>
   <div class='ocr_carea' id='block_1_119' title="bbox 289 5825 1887 5908">
    <p class='ocr_par' dir='ltr' id='par_1_119' title="bbox 289 5825 1863 5908">
     <span class='ocr_line' id='line_1_119' title="bbox 289 5825 1863 5908; baseline 0.005 -22"><span class='ocrx_word' id='word_1_913' title='bbox 289 5825 292 5828; x_wconf 71' lang='grc'><strong>’</strong></span> <span class='ocrx_word' id='word_1_914' title='bbox 367 5834 478 5906; x_wconf 82' lang='grc'><strong>(17)</strong></span> <span class='ocrx_word' id='word_1_915' title='bbox 511 5833 757 5901; x_wconf 74' lang='grc' dir='ltr'><strong>Ηίθτοιι.,</strong></span> <span class='ocrx_word' id='word_1_916' title='bbox 805 5834 898 5891; x_wconf 88' lang='lat' dir='ltr'><strong>lib.</strong></span> <span class='ocrx_word' id='word_1_917' title='bbox 952 5834 1009 5889; x_wconf 81' lang='lat' dir='ltr'><strong>in</strong></span> <span class='ocrx_word' id='word_1_918' title='bbox 1057 5833 1283 5903; x_wconf 82' lang='lat' dir='ltr'><strong>Isaiam,</strong></span> <span class='ocrx_word' id='word_1_919' title='bbox 1342 5848 1399 5892; x_wconf 90' lang='lat' dir='ltr'><strong>et</strong></span> <span class='ocrx_word' id='word_1_920' title='bbox 1445 5838 1603 5908; x_wconf 85' lang='lat' dir='ltr'><strong>epist.</strong></span> <span class='ocrx_word' id='word_1_921' title='bbox 1648 5836 1745 5907; x_wconf 82' lang='grc'><strong>65,</strong></span> <span class='ocrx_word' id='word_1_922' title='bbox 1794 5839 1863 5894; x_wconf 81' lang='lat' dir='ltr'><strong>ad</strong></span> 
     </span>
    </p>
   </div>
   <div class='ocr_carea' id='block_1_120' title="bbox 1973 5825 2428 5908">
    <p class='ocr_par' dir='ltr' id='par_1_120' title="bbox 1973 5835 2428 5894">
     <span class='ocr_line' id='line_1_120' title="bbox 1973 5835 2428 5894; baseline -0.007 0"><span class='ocrx_word' id='word_1_923' title='bbox 1973 5855 2111 5894; x_wconf 76' lang='lat' dir='ltr'><strong>imm.</strong></span> <span class='ocrx_word' id='word_1_924' title='bbox 2148 5848 2197 5893; x_wconf 84' lang='lat' dir='ltr'><strong>et</strong></span> <span class='ocrx_word' id='word_1_925' title='bbox 2224 5835 2428 5893; x_wconf 81' lang='lat' dir='ltr'><strong>Ocean.</strong></span> 
     </span>
    </p>
   </div>
  </div>
