4054 6310
509 402 612 458 737
1788 389 1848 445 Ρ.
1893 386 2094 443 DANIE

2197 389 2210 442 i
2248 384 2337 442 IIU
2351 383 2488 442 ETII
3673 375 3772 429 ’ἱδὸ

506 526 661 594 epist.
684 521 754 574 ad
785 518 922 574 Avit.
953 514 1078 573 Suis
1119 529 1246 570 vero
1289 515 1459 586 ipsius
1499 515 1679 570 verbis
1718 513 1965 585 coarguit
1999 511 2095 568 ιιι-
2125 523 2168 572 Α
2200 525 2295 580 pro
2336 506 2513 576 impiis
2536 505 2647 575 jam
2679 498 3150 570 interpellat,sed
3177 513 3290 594 pro,
3315 488 3537 554 sanctis.
3587 516 3607 549 ι
3645 497 3777 565 Qui-

507 593 777 672 stinianus
831 611 894 665 ad
942 611 1146 666 calcem
1203 607 1435 680 epistola:
1485 609 1553 662 ad
1603 607 1834 672 Menam,
1895 605 2020 660 talia
2063 621 2095 660 e
2197 605 2296 659 bus
2339 601 2589 657 omnibus
2630 597 2681 652 id
2728 595 2828 651 sibi
2866 595 2997 662 vult,
3025 593 3239 650 Patrem
3279 593 3333 648 in
3377 594 3631 649 omnibus
3660 610 3778 664 qua

509 703 631 760 libr.
669 719 693 757 r
715 701 852 769 Περὶ
875 698 1105 768 ἀρχῶν,
1139 714 1258 768 cap.
1293 700 1346 765 5,
1386 715 1534 753 num.
1564 698 1616 763 5,
1652 710 2049 767 reprtesentans
2077 709 2092 748 :

509 799 634 852 Ὀτι
665 797 693 849 ὁ
726 795 825 867 μὲν
849 792 981 857 Θεὸς
1014 792 1107 846 καὶ
1153 791 1340 864 Πατὴρ
1371 791 1606 863 συνέχων
1643 791 1710 846 τά
1741 790 1916 844 πάντα
1961 789 2096 858 φθά-

507 908 590 945 νει
622 891 701 954 εἴς
725 888 954 941 ἕκαστον
1003 885 1110 939 τῶν
1149 886 1338 948 ὄντων,
1387 884 1700 956 μεταδιδοὺς
1742 883 1954 953 ἑκάστῳ
1985 880 2093 935 ἀπὸ

507 983 600 1037 τοῦ
648 981 773 1036 ἰδίου
810 980 871 1033 τὸ
897 976 1034 1034 εἶναι
1062 995 1074 1011 ·
1099 979 1174 1034 ὢν
1218 979 1326 1051 γάρ
1366 980 1511 1032 ἐστιν
1539 995 1550 1007 ·
1590 978 1824 1032 ἐλάττων
1858 975 1915 1027 δὲ
1958 975 2093 1042 πρὸς

507 1076 598 1130 τὸν
652 1075 872 1146 Πατέρα
912 1075 940 1126 ό
977 1073 1105 1136 Υἱὸς
1154 1071 1371 1142 φθάνων
1415 1071 1510 1124 ἐπὶ
1562 1070 1696 1142 μόνα
1740 1068 1809 1122 τὰ
1854 1067 2047 1137 λογικά
2073 1084 2088 1100 ο

507 1168 755 1240 δεύτερος
787 1166 894 1238 γάρ
925 1167 1039 1219 ἐστι
1069 1165 1158 1218 τοῦ
1187 1165 1398 1234 Πατρός
1418 1181 1430 1194 ·
1459 1163 1536 1217 ἔτι
1565 1162 1620 1215 δὲ
1641 1157 1800 1235 ἦττον
1832 1161 1893 1214 τὸ
1925 1161 2094 1213 Πνεῦ-

512 1275 587 1329 μα
635 1257 698 1311 τὸ
737 1255 890 1326 ἆγιον
939 1255 1032 1309 ἐπὶ
1069 1254 1261 1326 μόνους
1311 1255 1438 1318 τοὺς
1475 1253 1658 1322 ἁγίους
1699 1252 2087 1323 διικνούμενον.

510 1354 672 1406 Ὥστε
706 1351 847 1405 κατὰ
872 1349 1028 1404 τοῦτο
1056 1350 1255 1420 μείζων
1280 1351 1313 1420 ἡ
1337 1347 1563 1418 δύναμις
1594 1344 1686 1398 τοῦ
1707 1345 1918 1416 Πατρὸς
1942 1343 2093 1413 παρὰ

506 1442 598 1495 τὸν
624 1441 750 1494 Υίὸν
782 1442 877 1494 καὶ
919 1439 979 1493 τὸ
1017 1440 1241 1510 Πνεῦμα
1292 1438 1352 1490 τὸ
1393 1437 1579 1507 ἅγιον·
1613 1434 1812 1487 πλείων
1839 1433 1896 1487 δὲ
1921 1435 1954 1503 ἡ
1996 1433 2090 1486 τοῦ

509 1530 640 1586 Υίοῦ
673 1531 824 1604 παρὰ
843 1532 902 1584 τὸ
924 1531 1148 1602 Πνεῦμα
1167 1530 1226 1584 τὺ
1251 1530 1404 1598 ἆγιον
1420 1545 1432 1559 ’
1466 1527 1560 1581 καὶ
1582 1526 1742 1580 πάλιν
1765 1525 2092 1595 διαφέρουσα

512 1622 712 1694 μᾶλλον
731 1622 824 1674 τοῦ
853 1622 1008 1690 ἁγίου
1037 1620 1352 1692 Πνεῦματος
1379 1621 1412 1691 ὴ
1437 1617 1666 1688 δύναμις
1691 1617 1840 1687 παρὰ
1868 1615 1938 1668 τὰ
1957 1614 2091 1669 ἄλλα

507 1715 665 1777 ἁγια.
697 1731 718 1766 ι
775 1713 928 1780 Quod
975 1713 1114 1768 Deus
1149 1711 1366 1781 quidem
1415 1719 1469 1765 et
1501 1709 1662 1764 Pater
1695 1708 1876 1763 omnia
1911 1707 2090 1761 conti-

507 1822 647 1862 nens
682 1805 749 1861 ad
781 1807 1204 1875 unumquodque
1256 1804 1463 1858 entium
1503 1800 1782 1872 pervenit,
1809 1814 1930 1854 esse
1969 1798 2090 1853 uni-

2196 704 2321 750 sunt
2352 690 2586 762 operari,
2609 689 2731 758 quia
2776 687 2939 743 totius
2977 685 3277 756 όντότητος,
3305 685 3419 740 sive
3444 685 3782 742 exsistentiae

2197 785 2298 858 (sic
2330 785 2473 838 enim
2528 781 2668 852 loqui
2703 779 2884 850 liceat)
2912 779 3232 850 principium
3264 787 3350 833 est
3381 793 3396 840 ;
3436 776 3657 843 Filium,
3685 778 3778 846 qui

2195 887 2249 931 et
2278 875 2453 945 λόγος,
2483 875 2584 930 hoc
2617 882 2698 928 est
2719 872 2872 942 juxta
2903 870 3152 941 Origenis
3179 870 3596 940 expositionem,
3616 869 3780 935 ratio,

2193 970 2246 1024 in
2302 969 2369 1023 iis
2405 967 2578 1023 solum
2612 980 2734 1036 qua:
2769 965 2980 1019 ratione
3013 963 3234 1033 praedita
3279 971 3435 1028 sunt,
3469 963 3581 1017 vim
3619 978 3778 1018 suam
3827 985 3838 998 ο

2191 1061 2459 1134 experiri;
2513 1059 2777 1130 Spiritus,
2809 1061 2902 1128 qui
2955 1072 2983 1111 a
3026 1058 3316 1114 sanctitate
3362 1057 3639 1128 proprium
3673 1057 3778 1113 sibi

2192 1168 2488 1223 cognomen
2524 1152 2710 1218 habet,
2735 1152 2842 1205 vim
2873 1149 3199 1222 ἁγιαστικὴν
3233 1152 3299 1206 ad
3330 1159 3550 1206 sanctos
3581 1150 3774 1206 dunta-

2194 1259 2286 1299 xat
2320 1247 2609 1313 pertinere.

2263 1331 2494 1388 XXVIII.
2523 1332 2636 1404 (I8)
2663 1331 2839 1402 Atque
2876 1333 2992 1387 haec
3014 1331 3307 1402 ἀποτόμως
3333 1331 3406 1386 ita
3431 1331 3658 1401 'sumpta
3685 1331 3777 1387 vix

2190 1441 2274 1488 est
2333 1438 2392 1483 ut
2452 1428 2927 1497 reprehensionem
2980 1427 3257 1499 effugiant.
3296 1427 3367 1480 At
3415 1426 3460 1482 si
3524 1427 3654 1498 quis
3707 1429 3778 1483 ad

2193 1531 2427 1578 mentem
2457 1521 2640 1591 potius
2668 1519 2917 1593 Origenis
2945 1537 3110 1592 quam
3139 1524 3208 1578 ad
3250 1525 3413 1579 verba
3459 1523 3774 1588 attenderit,

2191 1615 2347 1669 aliter
2374 1614 2590 1669 sentiet.
2614 1611 2873 1679 Quamvis
2911 1614 3057 1668 enim
3087 1629 3194 1668 una
3217 1617 3520 1683 eademque
3549 1615 3659 1670 sint
3687 1630 3774 1670 sa-

2191 1720 2301 1761 crae
2331 1703 2618 1760 Trinitatis
2662 1713 2923 1761 extranea
2956 1719 3148 1775 opera,
3184 1715 3242 1761 et
3285 1707 3549 1777 quidquid
3583 1706 3697 1777 agit
3721 1708 3776 1761 in

2192 1800 2356 1855 rebus
2397 1799 2642 1855 externis
2691 1797 2893 1863 Pater,
2938 1798 3042 1854 hoc
3093 1808 3217 1871 agat
3247 1809 3301 1856 et
3336 1800 3544 1867 Filius,
3585 1801 3692 1856 hoc
3724 1810 3777 1857 et

509 1899 705 1969 cuique
749 1873 1065 1966 impertiens
1105 1873 1171 1950 de
1210 1913 1309 1951 suo
1333 1937 1348 1963 ,
1386 1896 1500 1964 ipse
1536 1893 1680 1949 enim
1712 1901 1793 1948 est
1823 1893 1913 1962 qui
1959 1899 2044 1946 est
2074 1908 2087 1946 :
2123 1873 2166 1932 Β
2200 1890 2441 1961 Spiritus
2466 1902 2718 1958 sanctus;
2743 1894 2989 1963 quaedam
3019 1900 3198 1963 tamen
3223 1892 3370 1948 Patri
3401 1893 3674 1964 assignari
3691 1909 3777 1948 so-

509 1994 655 2062 quod
694 2006 826 2047 vero
859 1991 1036 2044 minor
1085 1989 1244 2042 Patre
1279 1987 1450 2042 Filius
1493 1986 1561 2042 ad
1601 1985 1715 2041 sola
1749 1982 2093 2039 rationabilia

507 2083 780 2156 pervenit,
812 2093 895 2138 est
925 2082 1069 2136 enim
1115 2081 1385 2136 secundus
1427 2093 1457 2132 a
1492 2077 1690 2144 Patre,
1719 2076 1896 2131 adhuc
1932 2075 2096 2130 etiam

509 2172 696 2225 minor
728 2179 815 2225 est
847 2169 1083 2239 Spiritus
1111 2177 1335 2224 sanctus
1363 2169 1429 2223 ad
1464 2167 1610 2222 solos
1647 2175 1865 2222 sanctos
1904 2179 2097 2236 perve-

512 2265 692 2318 niens.
725 2261 805 2316 lta
835 2277 903 2316 ex
933 2261 1037 2317 hoc
1059 2260 1232 2329 major
1257 2272 1341 2316 est
1369 2268 1610 2329 potestas
1634 2257 1813 2314 Patris
1832 2273 1939 2327 prae
1960 2256 2097 2311 Filio

511 2364 568 2410 et
588 2355 793 2425 Spiritu
817 2364 1026 2418 sancto,
1056 2352 1396 2423 ampliorque
1419 2350 1539 2404 Filii
1569 2365 1682 2420 pra:
1719 2348 1923 2416 Spiritu
1965 2361 2094 2400 sau-

510 2455 634 2514 cto;
659 2463 721 2503 ac
745 2463 957 2502 rursum
989 2447 1336 2516 praestantior
1368 2444 1540 2500 sancti
1580 2442 1832 2514 Spiritus;
1861 2450 2098 2512 potestas

509 2555 624 2610 pra:
666 2539 791 2595 aliis
820 2540 1035 2594 entibus
1070 2538 1296 2594 sanctis.
1324 2557 1342 2589 ι
1369 2537 1447 2590 Ex
1476 2537 1581 2591 hoc
1624 2536 1874 2605 dogmate
1911 2543 2095 2602 aptum

510 2647 596 2691 est
631 2635 758 2690 illud
789 2651 820 2690 e
855 2645 987 2689 tom.
1023 2649 1062 2689 ιι
1105 2631 1461 2688 Commentar.
1490 2632 1545 2684 in
1568 2628 1920 2699 Matth.,pag.
1950 2626 2091 2681 HI:

509 2723 608 2792 Εἷς
625 2726 683 2781 δὲ
708 2725 910 2797 ποιμὴν
926 2725 1034 2778 τῶν
1053 2723 1286 2793 λογικῶν
1304 2725 1332 2776 ὁ
1349 2723 1517 2792 Λόγος
1533 2738 1546 2752 ·
1565 2729 1620 2777 et
1645 2721 1786 2775 istud
1801 2734 1842 2774 re
1868 2728 1997 2773 tom.
2017 2733 2093 2782 ιι,

511 2833 634 2890 pag.
668 2818 772 2874 506
800 2837 812 2872 :
840 2819 994 2888 Τάχα
1025 2817 1082 2870 δὲ
1110 2816 1204 2871 καὶ
1234 2815 1341 2869 τῶν
1369 2815 1544 2884 λόγων
1588 2811 1768 2891 Ἰησοῦ,
1811 2811 1917 2865 εἰσί
1951 2826 2095 2872 τινες

509 2911 666 2984 ἄρτοι
690 2909 785 2975 οὒς
815 2914 927 2974 τοῖς
955 2911 1358 2982 λογικωτέροις,
1379 2909 1455 2973 ὡς
1491 2909 1720 2973 τέκνοις,
1749 2906 1923 2974 ἔξεστι
1965 2903 2097 2958 διδό-

509 3020 599 3057 ναι
634 3003 815 3074 μόνοι·
850 3005 1064 3072 etquod
1097 3002 1258 3061 docet
1288 3012 1418 3056 tom.
1453 3017 1505 3054 vr
1542 3002 1599 3053 in
1619 2997 2090 3068 Joan.,pag.107,

510 3096 788 3151 Christum
817 3109 936 3150 esse
977 3094 1368 3166 αὐτοαλήθειαν
1400 3093 1498 3165 τὴν
1529 3091 1782 3162 οὑσιὼδη,
1821 3091 1915 3144 καὶ
1942 3108 2092 3160 πρω-

2198 1984 2331 2049 leut,
2353 1983 2458 2039 alia
2487 1983 2647 2051 Filio,
2676 1987 2780 2042 alia
2808 1987 3034 2058 Spiritui
3070 1996 3280 2043 saneto.
3309 1985 3773 2054 Quemadmodum

2194 2092 2323 2149 ergo
2342 2077 2487 2133 Patri
2510 2079 2667 2150 vulgo
2684 2081 3009 2136 attribuitur
3021 2096 3143 2136 crea
3155 2081 3228 2136 tio
3252 2096 3450 2146 rerum,
3471 2080 3598 2136 licet
3618 2081 3777 2136 trium

2197 2186 2447 2242 peraeque
2475 2187 2832 2242 personarum
2887 2174 2984 2239 sit;
3029 2172 3106 2229 ita
3138 2173 3308 2239 Filio,
3331 2173 3422 2242 qui
3465 2183 3553 2228 est
3583 2172 3779 2242 Λόγος,

2197 2262 2438 2317 omnium
2485 2262 2716 2332 λογικῶν
2747 2280 2932 2320 curam
2964 2263 3226 2335 Origenes
3277 2265 3539 2330 ascribit;
3577 2267 3780 2320 sancti-

2198 2354 2399 2408 tudinis
2451 2368 2580 2409 vero
2629 2353 2980 2409 collationem
3025 2355 3224 2410 addicit
3280 2354 3510 2424 Spiritui
3563 2365 3776 2418 sancto,

2191 2443 2344 2512 juxta
2377 2442 2534 2498 Rom.
2565 2459 2614 2511 I,
2649 2444 2706 2510 4,
2735 2453 2790 2499 et
2830 2443 2876 2498 II
2914 2444 3113 2500 Thess.
3145 2461 3219 2509 ιι,
3253 2445 3353 2507 15,
3382 2447 3635 2515 quamvis
3682 2446 3775 2502 toti

2200 2533 2451 2590 Trinitati
2489 2535 2772 2592 debeatur.
2819 2535 3093 2607 Scriptum
3136 2536 3254 2592 est!
3287 2536 3429 2592 Petr.
3459 2553 3504 2603 ι,
3532 2537 3604 2591 2:
3635 2555 3657 2589 ι
3682 2537 3774 2593 Sc-

2199 2631 2430 2686 cundum
2466 2633 2860 2700 praescientiam
2905 2633 3000 2689 Dei
3052 2634 3248 2702 Patris,
3296 2635 3349 2689 in
3387 2635 3774 2692 sanctiﬁcatio-

2199 2738 2320 2778 nem
2361 2722 2616 2792 Spiritus,
2647 2724 2701 2779 in
2756 2726 3120 2780 obedientiam
3173 2739 3227 2782 et
3255 2728 3625 2796 aspersionem
3655 2742 3779 2784 san—

2197 2815 2374 2883 guinis
2414 2813 2539 2870 Jesu
2588 2815 2812 2871 Christi.
2851 2836 2870 2869 ›
2911 2815 3252 2876 Pracscientia
3297 2819 3470 2883 Patri,
3503 2824 3776 2877 sanctitu-

2194 2904 2336 2959 dinis
2364 2905 2564 2961 infusio
2614 2905 2840 2978 Spiritui
2880 2918 3072 2965 sancto
3110 2910 3384 2965 tribuitur.
3427 2909 3519 2966 Sic
3544 2913 3778 2967 sensisse

2195 2995 2481 3066 Origenem
2511 3012 2579 3052 ex
2614 2999 2680 3054 iis
2720 2998 2846 3054 licet
2891 3000 3204 3056 existimare
3235 3018 3356 3072 quae
3398 3015 3616 3060 exstant
3649 3006 3774 3062 lib.r

2194 3087 2334 3157 Περὶ
2353 3088 2573 3160 ἀρχῶν,
2596 3105 2712 3160 cap.
2745 3091 2800 3158 '5,
2828 3107 2976 3146 num.
3000 3093 3033 3147 7
3062 3109 3078 3147 :
3115 3113 3135 3148 ι
3163 3093 3332 3150 Porro
3362 3105 3541 3152 autem
3579 3098 3632 3152 in
3662 3097 3780 3153 Tri-

508 3187 738 3240 τότυπον
764 3186 863 3256 τῆς
903 3186 961 3238 ἐν
988 3188 1108 3249 ταῖς
1137 3185 1379 3255 λογικαῖς
1409 3183 1606 3254 ψυχαῖς
1631 3181 1885 3254 ἀληθείας
1907 3197 1920 3210 ·
1949 3190 2001 3234 et
2038 3181 2088 3234 id

2197 3182 2364 3237 nitate
2420 3183 2556 3238 nihil
2604 3184 2780 3254 majus
2836 3186 3082 3241 minusve
3141 3188 3430 3243 dicendum
3485 3197 3607 3256 est,
3658 3206 3778 3246 cum

509 3293 724 3348 quoque
757 3293 789 3332 e
829 3288 958 3332 tom.
996 3290 1167 3342 xxx",
1203 3291 1254 3346 p.
1297 3275 1401 3329 450
1432 3275 1639 3347 ε”Ολης
1684 3276 1781 3346 μὲν
1808 3272 1901 3327 οὖν
1939 3269 2090 3344 οἶμαι

507 3370 610 3440 τῆς
635 3369 792 3438 δόξης
810 3370 905 3424 τοῦ
938 3371 1072 3424 Θεοῦ
1104 3368 1269 3424 αὑτοῦ
1297 3367 1636 3438 ἀπαύγασμα
1664 3363 1802 3420 εἶναι
1823 3367 1913 3420 τὸν
1941 3365 2090 3429 Υἱὸν,

507 3460 654 3516 κατὰ
682 3460 770 3516 τὸν
798 3462 1023 3517 εἰπόντα
1047 3460 1259 3516 Παῦλον
1284 3478 1297 3491 ·
1336 3462 1442 3527 Ὃς
1472 3459 1557 3514 ὢν
1587 3462 1953 3531 ἀπαύγασμα
1983 3456 2093 3526 τῆς

507 3555 694 3624 δόξης
726 3572 742 3587 ο
792 3555 1014 3624 φθάνειν
1071 3555 1320 3627 μέντοιγε
1359 3555 1465 3608 ἀπὸ
1511 3553 1605 3607 τοῦ
1661 3554 2093 3624 ἀπαυγὰσματος

505 3647 699 3702 τούτου
725 3648 824 3720 τῆς
857 3648 984 3720 ὅλης
1008 3646 1168 3719 δόξης
1205 3646 1406 3719 μερικὰ
1438 3645 1844 3717 άπαυγάσματα
1875 3645 1966 3699 ἐπὶ
1995 3645 2094 3718 τὴν

505 3739 698 3812 λοιπὴν
726 3739 948 3812 λογικὴν
980 3741 1156 3794 κτίσιν
1176 3756 1191 3770 ο
1221 3751 1276 3797 et
1304 3740 1447 3809 quod
1479 3740 1555 3792 ait
1594 3749 1723 3793 tom.
1775 3754 1790 3792 ι
1826 3739 1877 3792 in
1903 3737 2092 3803 Joan.,

507 3849 662 3888 num.
695 3833 784 3896 29,
819 3833 1093 3888 Christum
1149 3843 1377 3888 eatenus
1429 3831 1604 3887 lucem
1641 3847 1795 3896 esse,
1830 3840 2096 3900 quatenus

509 3933 720 3978 mentes
750 3924 976 3978 rationis
1010 3925 1302 3994 participes
1333 3926 1590 3980 illustrat.
1644 3925 1820 3992 Atque
1861 3924 1989 3977 item
2039 3922 2097 3975 il-

507 4013 603 4069 lud
619 4015 761 4083 quod
791 4014 840 4067 in
868 4014 1037 4082 tHepl
1059 4015 1415 4086 ἀρχῶνωορ.
1440 4018 1496 4081 5,
1542 4033 1690 4070 num.
1715 4015 1768 4077 5,
1799 4015 2098 4069 Ruﬁnianus

507 4105 974 4174 interpretationis
998 4107 1211 4174 reperio
1237 4125 1250 4160 :
1276 4126 1293 4158 ι
1322 4107 1379 4161 In
1414 4108 1518 4162 illis
1546 4107 1675 4162 solis
1710 4107 1948 4161 arbitror
1977 4121 2098 4161 esse

509 4213 646 4268 opus
680 4196 914 4269 Spiritus
964 4199 1166 4262 sancti,
1196 4200 1285 4269 qui
1318 4199 1433 4268 jam
1477 4213 1536 4253 se
1581 4199 1649 4252 ad
1697 4198 1916 4253 meliora
1963 4214 2096 4253 con-

504 4299 748 4356 vertunt,
781 4300 836 4345 et
884 4306 980 4360 per
1012 4292 1127 4348 vias
1168 4292 1295 4348 Jesu
1335 4291 1539 4346 Christi
1592 4292 1878 4354 incedunt,
1922 4291 2094 4354 idest,

507 4389 638 4436 sunt
685 4381 736 4436 in
769 4382 923 4437 bouis
960 4383 1204 4450 actibus,
1237 4392 1293 4438 et
1340 4382 1392 4437 in
1437 4380 1549 4436 Deo
1597 4391 1934 4451 permanent.
1981 4401 2000 4433 ι
2036 4382 2102 4437 Et

506 4473 670 4544 paulo
698 4474 921 4530 inferius
956 4489 972 4529 :
1009 4494 1028 4527 ι
1066 4475 1178 4531 Hoc
1228 4491 1359 4545 ergo
1390 4483 1549 4544 pacto
1600 4474 1848 4544 operatio
1881 4475 2101 4530 virtutis

2195 3273 2352 3329 unius
2405 3275 2703 3332 divinitatis
2744 3276 2866 3335 fons
2902 3279 3080 3335 Verbo
3109 3295 3173 3336 ac
3210 3281 3421 3336 ratione
3462 3297 3557 3336 sua
3593 3292 3773 3337 teneat

2196 3367 2482 3433 universa;
2515 3367 2724 3439 Spiritu
2752 3387 2882 3428 vero
2907 3376 3020 3429 oris
3043 3373 3127 3428 sui
3159 3388 3281 3444 quae
3304 3373 3466 3445 digna
3499 3383 3628 3429 sunt
3651 3390 3778 3430 san-

2193 3459 2525 3516 etiIicatione
2572 3464 2914 3531 sanctilicet,
2959 3466 3100 3521 sicut
3149 3467 3202 3520 in
3250 3465 3467 3522 Psalmo
3515 3466 3778 3535 scriptum

2192 3562 2278 3606 est
2315 3571 2326 3606 :
2373 3551 2542 3607 Verbo
2575 3552 2787 3608 Domini
2813 3555 2927 3609 caeli
2952 3556 3154 3625 firmati
3183 3566 3307 3611 sunt
3330 3597 3345 3622 ,
3372 3567 3420 3612 et
3448 3557 3641 3625 spiritu
3671 3560 3776 3612 oris

2193 3643 2307 3711 eius
2347 3645 2514 3699 omnis
2550 3647 2711 3700 virtus
2757 3663 2940 3700 eorum
2965 3647 3033 3701 “.
3073 3647 3169 3702 Est
3207 3648 3370 3702 etiam
3412 3647 3663 3716 quaedam
3693 3649 3776 3702 in-

2194 3736 2438 3804 operatio
2483 3736 2577 3791 Dei
2621 3735 2805 3793 Patris
2852 3738 3121 3807 prmcipua
3165 3750 3363 3809 praeter
3405 3739 3586 3805 illam,
3620 3755 3779 3809 quam

2194 3828 2450 3882 omnibus
2485 3837 2544 3881 ut
2582 3838 2770 3884 essent
2799 3829 3122 3884 naturaliter
3160 3832 3431 3900 praestitit.
3465 3832 3563 3888 Est
3598 3843 3653 3888 et
3680 3833 3781 3888 Do-

2196 3920 2327 3973 mini
2357 3917 2483 3975 .Iesu
2507 3917 2707 3974 Christi
2735 3920 3064 3990 praecipuum
3095 3923 3367 3992 quoddam
3395 3924 3783 3994 ministerium,

2199 4013 2253 4066 in
2297 4027 2390 4068 eos
2434 4012 2630 4082 quibus
2666 4013 2984 4068 naturaliter
3017 4024 3077 4069 ut
3112 4015 3462 4071 rationabiles
3497 4017 3631 4081 sint,
3661 4033 3788 4073 co:-

2200 4104 2339 4168 fert,
2368 4119 2465 4173 per
2500 4105 2642 4174 quod
2675 4105 2742 4158 ad
2775 4105 2891 4160 haec
2935 4122 3056 4176 quae
3088 4115 3247 4174 sunt,
3274 4117 3564 4177 praestatur
3598 4110 3677 4165 eis
3726 4121 3785 4164 ut

2200 4197 2336 4251 bene
2377 4198 2510 4251 sint.
2544 4197 2638 4251 Est
2676 4206 2730 4252 et
2763 4198 2864 4252 alia
2903 4215 3117 4270 quoque
3142 4201 3306 4255 etiam
3343 4201 3578 4272 Spiritus
3605 4205 3784 4260 sancti

2200 4291 2371 4357 gratia
2399 4304 2518 4359 quae
2551 4290 2727 4360 dignis
2753 4300 3061 4361 praestatur,
3094 4295 3402 4351 ministrata
3441 4297 3658 4366 quidem
3689 4311 3786 4367 per

2199 4379 2495 4450 Christum,
2540 4385 2819 4455 inoperata
2863 4396 3041 4440 autem
3073 4401 3101 4440 a
3135 4387 3293 4444 Patre
3325 4391 3622 4446 secundum
3673 4405 3785 4446 me-

2204 4473 2366 4526 ritum
2407 4488 2594 4529 eorum
2648 4475 2738 4544 qui
2785 4489 3009 4543 capaces
3045 4477 3368 4535 elﬁeiuutur.
3415 4481 3566 4548 Quod
3611 4482 3783 4536 mani-

507 4564 606 4620 Dei
635 4549 813 4621 Patris
844 4575 898 4621 et
922 4566 1046 4622 Filii
1080 4568 1372 4622 indiscrete
1418 4579 1585 4635 super
1615 4580 1830 4620 omnem
1875 4578 2100 4637 proten-
2135 4568 2177 4624 D
2207 4563 2495 4622 festissime
2535 4568 2738 4624 indicat
2767 4570 3040 4639 apostolus
3074 4572 3290 4636 Paulus,
3322 4588 3482 4627 unam
3506 4575 3782 4631 eamdem-

509 4659 661 4712 ditur
693 4669 1045 4728 creaturam;
1100 4660 1338 4729 Spiritus
1391 4659 1564 4716 sancti
1621 4673 1752 4714 vero
1805 4659 2098 4730 participa-

511 4749 716 4803 tionem
749 4765 779 4804 a
809 4752 1015 4806 sanctis
1053 4751 1432 4807 tantummodo
1475 4750 1664 4804 haberi
1702 4750 2026 4805 invenimus.
2070 4769 2089 4802 ι

508 4837 580 4894 Ει
605 4840 698 4895 lib.
728 4856 801 4895 vn
828 4843 882 4896 in
911 4842 1078 4912 Epist.
1107 4844 1176 4898 ad
1207 4843 1381 4908 Rom.,
1411 4859 1557 4898 num.
1583 4842 1617 4896 6
1649 4857 1665 4896 :
1701 4862 1718 4893 ι
1757 4841 1985 4897 Tantum
2012 4853 2100 4898 est

509 4935 651 5002 quod
677 4934 763 4988 ille
781 4933 1065 5006 (Christus)
1083 4950 1182 5004 pro
1212 4935 1391 5007 impiis
1422 4943 1670 4991 mortuus
1698 4944 1805 5001 est;
1837 4935 1914 4989 sic
1947 4935 2091 4989 enim

509 5035 564 5076 et
616 5025 731 5092 ipse
785 5024 982 5080 Paulus
1028 5026 1295 5091 ostendit,
1333 5041 1456 5081 cum
1507 5027 1639 5082 dicit
1678 5044 1693 5080 :
1726 5025 1911 5078 Adhuc
1953 5027 2093 5079 enim

510 5111 772 5182 Christus,
797 5132 916 5170 cum
947 5115 1148 5184 infirmi
1186 5133 1438 5183 essemus,
1460 5118 1747 5172 secundum
1772 5127 1972 5182 tempus
1997 5133 2091 5187 pro

509 5205 688 5274 impiis
723 5219 961 5265 mortuus
983 5218 1060 5264 est
1083 5209 1167 5264 ’δτι
1204 5221 1424 5265 sanctus
1469 5222 1649 5266 autem
1699 5210 1937 5281 Spiritus
1983 5225 2091 5265 non

581 5345 626 5379 ⁸⁷
657 5345 810 5403 Rom.
845 5365 901 5414 v,
928 5351 980 5406 6.
1057 5352 1104 5386 “
1126 5352 1270 5409 Psal.
1298 5368 1472 5418 χχχιι,
1512 5353 1566 5407 6.
1642 5354 1686 5386 ’⁸³
1713 5354 1729 5408 I
1753 5353 1881 5408 Cor.
1916 5369 2014 5418 xu,
2043 5350 2163 5406 4-7.

583 5471 696 5547 (I8)
737 5473 902 5547 ﬁtque
924 5476 1034 5547 hinc
1064 5478 1374 5547 ἀποτομως
1393 5479 1482 5547 ita
1511 5489 1737 5545 sumpta,
1760 5479 1847 5531 via:
1872 5487 1968 5543 est,
1992 5484 2098 5531 etc.

514 5541 572 5596 Si
597 5543 716 5597 sine
748 5541 909 5599 Patre
941 5541 1281 5602 rationabilia
1320 5541 1520 5602 a'Filio
1557 5541 1872 5612 illuminari,
1906 5541 2092 5602 sancta

515 5628 558 5688 a_
574 5612 773 5688 Spiritu
834 5619 1388 5688 sanctoAsanctiiicari
1430 5619 1634 5672 diceret
1665 5616 1946 5688 Origenes,
1978 5633 2094 5671 me-

517 5683 622 5736 rito
656 5683 710 5759 in
747 5694 989 5759 sanctam
1018 5685 1341 5759 Trinitatem
1369 5688 1664 5759 injuriosus
1685 5683 2094 5759 viditreturtat-

514 5767 622 5825 que
653 5755 800 5825 haud
823 5756 937 5809 scio
968 5771 1034 5810 an
1071 5758 1244 5825 ipsum
1273 5759 1323 5812 in
1373 5755 1588 5814 Patrem
1628 5757 1952 5825 iniuriosior.
1987 5758 2092 5812 Sed

518 5823 576 5878 in
601 5838 666 5877 eo
696 5823 836 5877 nulla
872 5825 1028 5893 hujus
1069 5823 1270 5883 erroris
1321 5831 1553 5900 suspicio
1582 5823 1799 5894 residet,
1833 5845 1894 5884 ac
1921 5828 2095 5883 Patris

2205 4673 2313 4728 que
2335 4659 2588 4714 virtutem
2621 4661 2905 4720 Trinitatis
2937 4679 3212 4735 exponens
3241 4666 3294 4720 in
3351 4681 3416 4721 eo
3455 4681 3578 4722 cum
3617 4668 3777 4723 dicit:

2207 4749 2496 4805 Divisiones
2536 4763 2660 4806 sunt
2694 4755 2976 4823 donorum,
3010 4759 3150 4813 idem
3197 4770 3370 4813 autem
3413 4756 3643 4827 Spiritus
3675 4774 3696 4813 .'
3731 4773 3777 4815 et

2202 4843 2482 4900 divisiones
2527 4859 2649 4901 sunt
2687 4849 3133 4918 ministeriorum,
3180 4853 3321 4907 idem
3372 4863 3551 4908 autem
3597 4856 3780 4911 Domi-

2202 4949 2299 4987 nus
2331 4947 2351 4984 :
2385 4944 2434 4988 et
2482 4936 2763 4992 divisiones
2813 4941 3174 5009 operationum
3231 4955 3373 5011 sunt,
3422 4947 3560 5002 idem
3605 4957 3778 5002 autem

2199 5024 2342 5088 Deus
2364 5027 2454 5096 qui
2483 5040 2730 5097 aperatur
2758 5033 2936 5087 omnia
2967 5035 3025 5089 in
3065 5036 3326 5092 omnibus.
3360 5034 3656 5109 Unicuique
3682 5058 3780 5094 au-

2200 5126 2303 5171 tem
2351 5123 2512 5173 datur
2559 5122 2918 5190 manifestatio
2968 5124 3204 5194 Spiritus
3236 5131 3521 5183 secundum
3555 5132 3609 5184 id
3641 5131 3778 5202 quod

2199 5208 2408 5276 expedit
2453 5208 2522 5263 ⁸³.
2573 5210 2650 5264 Ex
2682 5226 2788 5281 quo
2823 5212 3266 5272 manifestissime
3299 5220 3612 5287 designatur
3640 5223 3778 5293 quod

2213 5475 2463 5550 virtutem
2494 5476 2547 5550 in
2573 5476 2673 5550 hoc
2703 5486 2909 5550 tantum
2939 5478 3139 5532 virtute
3165 5479 3286 5534 Filii
3314 5489 3371 5536 et
3397 5481 3630 5550 Spiritus
3662 5494 3776 5534 ma-

2202 5545 2375 5618 jorem
2402 5547 2533 5618 dicit
2564 5557 2617 5600 et
2662 5547 2824 5618 latius
2855 5560 3153 5616 parentem,
3187 5553 3329 5618 quod
3360 5545 3482 5605 cum
3538 5555 3775 5606 rationa—

2203 5616 2381 5689 bili-aa
2421 5616 2564 5689 Filio
2586 5617 2871 5689 rationem,
2905 5629 3089 5672 sancta
3129 5635 3157 5672 a
3186 5616 3390 5689 Spiritu
3435 5623 3773 5676 sanctitatem

2204 5687 2491 5754 accipiant,
2525 5685 2691 5740 Filius
2735 5705 2763 5741 a
2813 5687 2990 5743 Patre.
3030 5685 3265 5756 Spiritus
3295 5708 3323 5744 a
3369 5690 3528 5745 Patre
3560 5701 3615 5746 et
3640 5690 3775 5745 Filio

2201 5758 2381 5810 omnia
2409 5760 2810 5824 acceperint.—
2841 5761 2898 5813 ι).
2937 5760 3276 5815 Prudentius.
3310 5761 3502 5819 ΜΑΡΑΝ
3523 5760 3601 5818 De
3641 5760 3774 5816 diui-

2202 5828 2364 5882 nitttte
2395 5829 2611 5895 Christi,
2642 5829 2732 5885 lib.
2770 5845 2842 5894 tv,
2871 5845 2988 5900 cap.
3018 5830 3102 5895 16,
3133 5833 3362 5890 ιιιηιιιιῖὶ.Δ
