4054 6310
292 375 397 432 789

1096 368 1665 429 οιιιεΕΝιΑΝοιιυιι
1704 368 1831 423 [.lB.
1874 364 1939 431 ll,
1981 367 2132 424 CAP.
2176 368 2238 436 ll,
2277 368 2555 437 QUEST.
2599 369 2667 424 ll.

3440 376 3567 432 790~

293 482 546 548 nulla'est
568 493 620 547 in
653 479 917 546 Trinitate
943 491 1218 557 discretio,
1243 492 1333 546 sed
1374 492 1478 546 hoc
1505 492 1646 560 quod
1675 491 1869 544 donum
1900 494 1946 551 Α
1976 490 2091 556 prie
2118 506 2369 545 vocamus
2402 492 2618 545 nomine
2657 489 2968 559 Sapientiae,
3004 506 3126 546 cum
3154 491 3225 547 sit
3254 492 3537 547 universa-

292 584 529 655 Spiritus
551 586 773 648 dicitur,
816 584 1189 639 manifestatur
1234 599 1329 652 per
1358 584 1574 647 Filium,
1598 593 1651 638 et
1681 583 1869 652 inope-

294 687 445 731 ratur
474 690 567 744 per
596 676 761 729 Deum
793 674 1023 728 Patrem.
1041 672 1231 726 Omnia
1250 681 1428 727 autem
1457 680 1705 741 operatur
1733 686 1865 722 unus

289 783 446 840 alque
470 770 608 823 idem
644 751 900 838 Spiritus,
931 768 1165 821 dividens
1192 767 1471 833 unicuique
1493 773 1647 834 prout
1682 762 1813 817 vult.
1842 778 1861 812 ι

289 862 433 929 Quin
458 863 619 915 etiam
664 859 1033 915 sanctimoniae
1066 848 1407 913 collationem
1445 855 1583 909 idem
1625 852 1760 907 Filio
1785 868 1873 907 as-

289 955 501 1025 signat;
535 951 812 1022 sapientite
847 966 975 1005 vero
1007 964 1071 1004 ac
1115 948 1358 1004 scientia:
1389 946 1616 1017 gratiam
1646 942 1867 1014 Spiritui

285 1057 480 1106 sancto
503 1046 682 1101 itidem
710 1052 767 1097 ut
802 1041 937 1096 Filio
957 1048 1229 1110 acceptam
1265 1038 1451 1093 refert.
1484 1056 1503 1089 ι
1535 1035 1706 1099 Unde,
1739 1054 1756 1087 ι
1792 1036 1872 1088 in-

287 1140 430 1212 quit,
455 1136 585 1193 ibid.
616 1150 763 1189 num.
784 1133 836 1197 8,
858 1151 876 1183 ι
903 1132 1200 1202 inoperatio
1225 1129 1424 1194 Patris,
1449 1143 1569 1198 quae
1597 1142 1714 1181 esse
1738 1141 1872 1195 prte-

289 1241 404 1289 stat
445 1229 715 1293 omnibus,
757 1225 954 1280 clarior
1004 1238 1067 1278 ac
1105 1220 1535 1292 magniﬁcentior
1577 1218 1866 1281 invenitur,

289 1341 416 1379 cum
461 1319 828 1390 unusquisque
867 1331 962 1386 per
1007 1316 1475 1385 participationem
1514 1310 1751 1375 Christi,
1792 1324 1871 1363 se-

283 1418 528 1473 cundum
558 1415 609 1467 id
638 1412 780 1482 quod
814 1408 1075 1478 sapientia
1106 1417 1211 1473 est,
1242 1417 1296 1463 et
1323 1406 1614 1462 secundum
1648 1403 1699 1457 id
1733 1401 1873 1471 quod

288 1510 516 1568 scientia
544 1518 648 1574 est,
683 1516 737 1561 et
760 1502 1121 1561 sanctificatio
1149 1510 1257 1566 est,
1284 1502 1519 1571 prolicit,
1542 1511 1595 1555 et
1624 1500 1678 1554 in
1715 1502 1872 1555 altio-

290 1620 381 1659 res
408 1601 743 1674 prolectuum
773 1598 969 1669 gradus
992 1596 1159 1661 venit,
1178 1604 1231 1649 et
1250 1610 1345 1665 per
1370 1596 1471 1649 hoc
1494 1594 1633 1663 quod
1662 1594 1874 1663 partici-

289 1694 509 1765 patione
547 1689 720 1746 sancti
767 1688 995 1757 Spiritus
1025 1688 1196 1741 factus
1233 1694 1315 1740 est
1344 1684 1465 1754 quis
1502 1684 1684 1753 purior
1714 1692 1873 1753 atque

288 1786 574 1851 sincerior,
589 1782 809 1837 etl‘ectus
829 1781 1018 1851 dignus
1038 1778 1226 1847 recipit
1246 1777 1522 1846 sapientiae
1551 1791 1611 1829 ac
1633 1776 1871 1830 scientiae

289 1879 544 1952 gratiam.
585 1894 602 1927 ι
634 1871 849 1943 Repetit
888 1871 991 1924 ista
1036 1884 1155 1938 cap.
1198 1868 1291 1935 18,
1342 1877 1536 1921 auctor
1577 1865 1739 1919 libelli
1795 1863 1869 1918 De

287 1974 489 2025 deitate
523 1978 571 2021 et
610 1965 971 2019 incarnatione
1005 1959 1181 2027 Verbi,
1215 1959 1281 2013 ad
1312 1957 1759 2025 Januarium,qui
1804 1957 1869 2009 ad

290 2064 497 2119 calcem
563 2055 799 2113 tomi-IV
864 2052 1151 2127 Augustini
1195 2051 1553 2106 subnectitur.
1610 2047 1741 2113 Quae
1803 2064 1871 2104 ne

292 2157 417 2227 quis
450 2170 478 2208 a
516 2152 708 2205 Ruﬁno
738 2148 1033 2216 interprete
1070 2146 1122 2198 in
1154 2141 1403 2213 Origenis
1445 2142 1672 2210 gratiam
1703 2142 1871 2194 conli-

295 2261 382 2303 cta
418 2254 591 2316 putet,
626 2241 854 2297 similem
889 2238 1244 2308 adjnngemus
1291 2234 1466 2288 locum
1495 2248 1524 2287 e
1568 2242 1698 2287 tom.
1741 2247 1778 2285 ιι
1819 2233 1870 2285 in

292 2341 494 2403 Joan.,
528 2350 673 2390 num.
716 2334 749 2387 6
786 2352 799 2387 :
835 2327 908 2387 Οῦ
951 2330 1124 2402 (Υἱοῦ)
1164 2327 1383 2400 χρῄζειν
1433 2326 1575 2379 ἔοικε
1616 2327 1678 2378 τὸ
1720 2326 1871 2393 ἅγιον

291 2431 538 2500 Πνεῦμα,
573 2424 940 2486 διακονοῦντος
992 2421 1154 2475 αὐτοῦ
1176 2424 1240 2491 τῇ
1271 2419 1592 2480 ὑποστάσει,
1626 2420 1685 2470 οὐ
1714 2419 1872 2488 μόνον

289 2524 372 2584 εἰς
407 2522 468 2574 τὸ
496 2516 653 2584 εἶναι,
676 2517 811 2570 ἀλλὰ
859 2516 950 2569 καὶ
994 2514 1152 2583 σοφὸν
1189 2509 1347 2577 εἶναι,
1377 2513 1471 2565 καὶ
1502 2511 1737 2580 λογικὸν,
1778 2510 1872 2563 καὶ

286 2618 517 2679 δίκαιον,
543 2614 636 2667 καὶ
659 2613 766 2665 ’τᾶν
792 2608 1073 2663 ὁτιποτοῦν
1101 2606 1205 2678 χρὴ
1234 2606 1365 2659 αὐτὸ
1393 2605 1532 2657 νοεῖν
1559 2603 1869 2672 τυγχάνειν,

288 2707 433 2762 κατὰ
460 2704 689 2778 μετοχὴν
716 2703 824 2757 τῶν
862 2700 1271 2773 προειρημένων
1307 2699 1436 2768 ἡμῖν
1465 2694 1700 2767 Χριστοῦ
1750 2695 1871 2746 ὲπι-
1931 2712 1937 2719 ·

285 2801 448 2855 vctth
468 2818 480 2830 ·
500 2795 651 2870 οἶμαι
682 2798 740 2850 δὲ
766 2796 825 2849 τὸ
847 2796 998 2864 ἅγιον
1027 2792 1247 2863 Πνεῦμα
1277 2790 1393 2861 τὴν,
1426 2790 1491 2842 ἵν’
1515 2788 1686 2851 οὕτως
1712 2788 1869 2851 εἴπω,

288 2895 424 2965 ὕλην
460 2892 571 2946 τῶν
618 2890 727 2944 ἀπὸ
767 2887 901 2942 Θεοῦ
956 2884 1308 2957 χαρισμάτων
1360 2881 1617 2953 παρέχειν
1642 2882 1754 2942 τοῖς
1805 2879 1871 2931 δι’

288 2987 424 3041 αὐτὸ
457 2985 550 3037 καὶ
590 2982 687 3055 τὴν
728 2980 957 3053 μετοχὴν
984 2977 1147 3031 αὐτοῦ
1199 2973 1628 3047 χρηματίζουσιν
1674 2971 1870 3039 ἁγίοις,

285 3080 390 3150 τῆς
441 3075 735 3147 εἰρημένης
770 3073 900 3143 ὕλης
949 3070 1056 3123 τῶν
1087 3068 1438 3141 χαρισμάτων
1480 3063 1873 3137 ἐνεργουμένης

292 3174 394 3244 μὲν
418 3171 523 3225 ἀπὸ
549 3164 644 3221 τοῦ
666 3167 820 3231 Θεοῦ,
838 3162 1254 3233 διακονουμένης
1285 3160 1342 3212 δὲ
1369 3158 1472 3211 ὑπὸ
1493 3156 1585 3211 τοῦ
1616 3153 1874 3226 Χριστοῦ,
1906 3187 1947 3244 C

288 3262 611 3333 ὑφεστώσης
626 3261 681 3313 δὲ
703 3258 840 3312 κατὰ
855 3258 916 3309 τὸ
933 3256 1082 3324 ἅγιον
1096 3253 1340 3323 Πνεῦμον
1358 3250 1449 3303 καὶ
1466 3251 1605 3302 κινεῖ
1627 3266 1692 3319 με
1716 3249 1797 3309 εἰς
1817 3246 1877 3299 τὸ

286 3354 625 3416 ταῦθόὓτως
647 3352 787 3422 ἔχειν
806 3347 1091 3402 ὑπολαϐεῖν
1120 3343 1329 3406 Παῦλος
1356 3344 1482 3412 περὶ
1514 3339 1873 3410 χαρισμάτων

285 3451 435 3506 οὕτω
462 3464 564 3500 που
608 3445 847 3516 γράφων’
882 3438 1203 3508 Διαιρέσεις
1232 3436 1301 3489 δὲ
1333 3435 1712 3504 χαρισμάτων
1735 3431 1876 3499 εἰσὶ,

287 3540 358 3595 τὸ
392 3539 442 3592 δ’
460 3536 603 3592 αὐτὸ
625 3533 892 3603 Πνεῦμαο
921 3530 1017 3583 καὶ
1046 3525 1363 3594 διαιρέσεις
1395 3521 1707 3576 διακονιῶν
1738 3521 1876 3585 εἰσὶ,

289 3633 393 3688 καὶ
422 3635 455 3685 ὁ
490 3628 669 3693 αὐτὸς
702 3626 916 3692 Κύριος
952 3638 966 3651 ·
986 3619 1083 3673 καὶ
1122 3616 1437 3686 διαιρέσεις
1468 3612 1879 3684 ἐνεργημάτων

290 3725 434 3788 eici,
462 3722 561 3776 καὶ
586 3723 618 3774 ό
650 3720 833 3783 αὑτός
870 3716 1001 3769 ἐστι
1050 3711 1195 3777 Θεὸς
1224 3714 1256 3765 ό
1284 3706 1543 3779 ἐνεργῶν
1568 3707 1640 3760 τὰ
1679 3706 1876 3760 πάντα

289 3818 363 3870 ἐν
394 3812 602 3868 πᾶσιν.
648 3809 850 3877 Purgat
874 3814 928 3858 et
959 3803 1089 3857 illud
1117 3800 1403 3871 Origenem
1444 3799 1586 3869 quod
1626 3798 1677 3851 in
1705 3796 1874 3865 prima

291 3910 412 3979 ejus
443 3910 495 3960 in
526 3905 729 3960 Isaiam
762 3899 992 3957 homelia
1018 3896 1215 3965 legitur
1246 3907 1397 3947 num.
1423 3890 1457 3944 4
1483 3909 1495 3943 :
1519 3909 1536 3940 ι
1560 3888 1803 3956 Denique
1821 3896 1877 3941 ut

293 3978 556 4055 unitatem
579 3995 801 4050 Deitatis
828 3992 881 4046 in
911 3989 1181 4045 Trinitate
1209 3981 1695 4053 cognoscas,solus
1717 3978 1874 4034 Chri-

293 4103 411 4148 stus
443 4091 496 4145 iu
527 4086 775 4158 praesenti
807 4083 1039 4139 lectione
1075 4094 1218 4135 nunc
1247 4086 1472 4147 peccata
1514 4072 1741 4128 dimittit
1774 4087 1788 4134 ;
1817 4078 1873 4124 et

296 4193 475 4237 tamen
527 4188 733 4233 certum
789 4182 872 4230 est
916 4187 946 4227 a
1001 4169 1266 4225 Trinitate
1317 4173 1541 4235 peccata
1590 4162 1808 4215 dimitti.
1846 4180 1865 4213 ι

292 4274 497 4344 Purgat
528 4281 581 4328 et
606 4267 927 4324 Paschasius
948 4264 1226 4327 diaconus,
1246 4259 1339 4313 lib.
1360 4274 1377 4312 ι
1402 4256 1479 4310 De
1504 4255 1709 4325 Spiritu
1746 4268 1871 4306 san-

293 4376 377 4420 cto
409 4362 547 4436 (19),
579 4376 695 4431 cap.
726 4360 781 4423 9,
802 4355 1048 4425 Origenis
1078 4352 1179 4407 sibi
1220 4348 1540 4404 sententiam
1570 4356 1865 4413 usurpans:

299 4476 319 4509 ι
353 4434 623 4523 Quantum
648 4454 700 4505 in
725 4447 1020 4518 Scripturis
1052 4443 1274 4509 sanctis,
1304 4440 1511 4509 inquit,
1543 4434 1867 4490 manifestis.

292 4552 431 4608 sime
470 4545 910 4619 deprehenditur,
937 4541 1039 4595 alia
1070 4538 1231 4592 Pater
1259 4535 1373 4602 ipse
1404 4548 1500 4603 per
1520 4528 1719 4594 se,alia
1747 4540 1869 4595 spe-

292 4646 506 4702 cialiter
529 4659 621 4713 per
649 4640 865 4703 Filium,
895 4638 998 4690 alia
1031 4649 1127 4704 per
1154 4631 1420 4700 Spiritum
1448 4633 1718 4686 sanctum,
1746 4619 1871 4673 licet

293 4740 396 4795 sub
441 4711 721 4806 privilegio
750 4729 999 4800 potenlize
1044 4722 1365 4783 communis,
1408 4727 1684 4786 Operatur.
1732 4711 1871 4777 Quia

291 4846 498 4893 sumus,
530 4828 595 4881 ad
643 4825 852 4878 Patrem
902 4819 1115 4890 proprio
1165 4813 1352 4869 referri
1394 4811 1645 4872 videtur;
1674 4807 1865 4875 inquo,

291 4925 437 4979 sicut
476 4918 762 4988 Apostolus
793 4913 985 4968 dicit“
1020 4928 1033 4963 :
1076 4908 1328 4968 Vivimus,
1374 4917 1666 4965 mouemur,
1703 4908 1749 4951 et
1783 4914 1869 4950 su-

292 5029 432 5069 mus.
468 5011 618 5079 Quod
666 5022 799 5061 vero
841 5003 1084 5065 rationis,
1116 5009 1171 5053 et
1206 4994 1505 5066 sapientiae,
1546 5000 1601 5045 et
1639 4988 1861 5057 justitize

293 5119 525 5176 capaces
550 5116 751 5165 sumus,
770 5098 843 5152 illi
871 5094 1175 5167 specialiter
1192 5089 1280 5161 qui
1301 5095 1384 5143 est
1402 5086 1542 5140 ratio
1569 5093 1621 5136 et
1651 5082 1860 5151 sapien-

295 5199 393 5263 tia,
427 5207 482 5250 et
502 5193 733 5263 justitia,
769 5192 823 5245 id
850 5197 935 5244 est
969 5186 1104 5242 Filio
1144 5185 1453 5252 deputatur.
1488 5176 1641 5243 Quod
1679 5182 1857 5229 autem

293 5287 474 5344 vocati
506 5296 907 5354 regeneramur,
942 5275 1180 5332 innovati
1212 5270 1635 5328 sanctiﬁcamur,
1657 5279 1752 5333 per
1782 5263 1860 5317 di.-

293 5381 417 5433 vina
444 5376 649 5444 eloquia
683 5385 924 5443 personae
951 5368 1183 5438 Spiritus
1209 5362 1379 5418 sancti
1406 5359 1681 5414 evidenter
1701 5354 1868 5409 ascri-

294 5462 458 5528 bitur.
490 5489 509 5522 ι
541 5468 801 5523 Przeclarc
833 5473 887 5519 et
925 5463 990 5516 ad
1040 5474 1151 5513 rem
1188 5452 1521 5524 Augustinus
1552 5448 1647 5503 lib.
1682 5461 1748 5500 xv
1793 5444 1865 5498 De

300 5560 515 5625 Trinit.,
556 5574 675 5627 cap.
706 5556 806 5611 l7:
840 5573 858 5606 ι
896 5553 1046 5607 Sicut
1086 5548 1301 5603 unicum
1346 5544 1441 5597 Dei
1483 5540 1713 5595 Verbum
1740 5552 1865 5607 pro-

365 5678 412 5710 ⁸ο
441 5675 456 5729 l
486 5674 611 5730 Cor.
642 5690 739 5736 χιι,
776 5672 861 5724 ll.
936 5669 977 5699 ⁵¹
1003 5666 1123 5725 Act.
1152 5676 1283 5727 xvn,
1313 5660 1403 5717 28.

367 5790 477 5857 (ιιι)
511 5788 665 5850 Tom.
708 5783 772 5837 vt
811 5781 946 5857 Bibl.
978 5778 1133 5857 Patr.

512 5835 733 5915 iiii-irae
750 5854 867 5924 μὲν
888 5851 994 5922 γὰρ
1021 5849 1255 5919 δέησιν,
1296 5854 1401 5901 etc.
1437 5843 1520 5919 Et;
1568 5840 1671 5919 hoc
1717 5835 1866 5917 testi-

1976 579 2099 634 liter
2133 592 2184 635 et
2226 580 2456 651 Spiritus
2494 592 2746 647 sanctus,
2776 593 2828 635 et
2861 581 3020 636 Pater
3064 583 3176 651 ipsa
3227 581 3543 651 Sapientia;

1975 673 2049 727 ita
2083 674 2317 743 Spiritus
2373 684 2594 730 sanctus
2641 676 2857 744 proprie
2910 686 3249 745 nuncupatur
3280 676 3545 731 vocabulo

1926 756 1947 769 ⁶
1975 768 2276 833 charitatis,
2302 784 2423 823 cum
2454 769 2524 822 sit
2550 769 2931 825 universaliter
2960 769 3200 825 Charitas
3228 779 3283 825 et
3310 769 3469 825 Pater
3491 779 3547 824 et

1975 858 2161 913 Filius.
2204 878 2222 910 ι

2047 974 2168 1028 Pari
2209 974 2364 1028 modo
2411 973 2713 1043 excipimus
2744 973 3058 1044 petitionem
3089 974 3312 1029 alteram
3335 1015 3348 1036 ,
3382 990 3543 1043 supe-

1973 1069 2135 1123 rioris
2155 1066 2313 1135 hujus
2341 1066 2571 1121 amnem.
2615 1068 2874 1134 Queritur
2901 1069 3232 1122 Athanasius
3266 1070 3318 1121 in
3351 1067 3545 1123 Matth.

1975 1177 2073 1227 xu,
2097 1159 2187 1225 52,
2224 1170 2440 1229 putasse
2481 1158 2768 1231 Origenem
2800 1170 3019 1229 peccata
3051 1162 3104 1214 in
3142 1160 3399 1233 Spiritum
3423 1174 3548 1214 san-

1975 1259 2119 1306 ctum
2177 1266 2239 1304 ea
2293 1266 2416 1306 esse
2459 1268 2579 1320 quae
2618 1262 2738 1321 post
2786 1252 3109 1322 baptismum
3171 1252 3544 1305 admittuntur.

1974 1344 2176 1413 Nempe
2209 1360 2330 1399 cum
2359 1346 2413 1398 in
2444 1344 2652 1399 sanctis
2681 1354 2736 1398 et
2769 1344 3095 1399 Christianis
3133 1343 3305 1399 solum
3336 1344 3546 1411 operari

1977 1435 2234 1505 Spiritum
2277 1445 2525 1491 sanctum
2572 1436 2808 1499 dixerit,
2857 1436 3103 1504 sequitur
3152 1451 3272 1489 cum
3326 1444 3549 1504 peccant

1976 1528 2099 1596 ipsi,
2133 1536 2358 1595 peccato
2401 1528 2634 1595 ipsorum
2684 1542 2801 1581 eam
2838 1529 3108 1597 praecipue
3137 1526 3335 1580 olfendi
3368 1524 3549 1585 Trini-

1976 1621 2101 1672 tatis
2134 1633 2420 1687 personam
2447 1634 2565 1688 quze
2586 1619 2637 1672 in
2660 1619 2726 1673 iis
2746 1628 3029 1688 operatur,
3060 1617 3321 1687 Spiritum
3353 1631 3548 1686 nempe

1974 1720 2240 1765 Sanctum.
2272 1709 2386 1764 Non
2430 1711 2655 1765 multum
2706 1711 2829 1765 inde
2876 1710 3164 1765 abludebat
3195 1709 3547 1773 Novatianus,

1903 1839 1944 1892 Β
1981 1801 2358 1855 remissionem
2411 1812 2756 1880 peccatprum
2813 1803 2977 1871 lapsis
3040 1802 3258 1856 concedi
3313 1816 3544 1871 negans,

1971 1896 2113 1965 quod
2140 1894 2575 1949 Christianorum
2602 1896 2845 1963 peccatis
2881 1892 3083 1948 offendi
3118 1893 3376 1963 Spiritum
3420 1907 3546 1947 san-

1972 1995 2117 2040 ctum
2169 1986 2394 2051 diceret,
2428 1985 2582 2052 cujus
2622 1984 2949 2037 oﬂ'ensiones
2988 1999 3086 2038 nec
3130 1984 3185 2036 in
3221 1984 3331 2037 hoc
3354 1982 3550 2037 saeculo

1972 2091 2071 2131 nec
2105 2077 2157 2129 in
2184 2074 2364 2130 futuro
2400 2076 2601 2129 remitti
2632 2074 2881 2129 Christus
2904 2074 3105 2128 docuit.
3138 2074 3243 2129 Sed
3289 2076 3549 2144 quemad-

1973 2166 2187 2220 modum
2223 2166 2276 2218 in
2307 2164 2632 2219 Christianis
2661 2165 2874 2233 operari
2905 2165 3134 2219 credidit
3156 2156 3412 2235 Origenes
3443 2175 3553 2219 tres

1974 2258 2258 2313 Trinitatis
2286 2272 2583 2327 personas,
2619 2256 2834 2311 etiamsi
2879 2258 3123 2324 operatio
3175 2257 3288 2310 haec
3326 2255 3549 2325 Spiritui

1974 2360 2161 2405 sancto
2194 2350 2407 2419 proprie
2435 2348 2595 2403 tribui
2632 2348 2839 2413 soleat;
2865 2349 2939 2401 ita
2966 2348 3396 2401 Christianorum
3423 2361 3549 2416 pec-

1973 2443 2106 2497 catis
2139 2449 2260 2510 post
2299 2442 2625 2509 baptismum
2668 2440 2920 2494 admissis
2965 2440 3080 2492 lardi
3127 2439 3342 2506 proprie
3377 2438 3551 2507 ipsum

1973 2535 2130 2602 dixit,
2154 2535 2401 2603 quamvis
2428 2532 2625 2587 Filiqu
2674 2546 2892 2601 quoque
2917 2541 2972 2584 et
3008 2530 3221 2584 Patrem
3246 2530 3439 2584 iisdem
3471 2530 3554 2584 of-

1972 2624 2117 2680 fendi
2148 2626 2219 2680 sit
2247 2624 2569 2680 arbitratus.

2040 2758 2235 2813 XXIX.
2270 2758 2402 2812 Illud
2439 2766 2702 2827 praeterea
2731 2756 2786 2809 in
2835 2754 3064 2824 Origene
3086 2750 3353 2820 culpatum
3385 2750 3555 2803 fuisse

1972 2861 2361 2908 commemorat
2391 2863 2689 2920 anonymus
2720 2846 2809 2901 ille
2837 2860 2996 2915 quem
3031 2858 3128 2913 pro
3159 2858 3223 2896 eo
3251 2843 3554 2909 Apologiam

1973 2943 2255 3013 scripsisse
2301 2940 2464 2995 tradit
2499 2938 2722 2992 Photius
2775 2937 2898 2991 cod.
2935 2949 3082 2989 cxvn
3109 2972 3124 2998 ,
3160 2931 3303 3002 quod
3357 2930 3551 2983 Filium

1974 3039 2286 3104 neutiquam
2335 3032 2695 3088 invocandum
2727 3023 3347 3097 essepronuntiaverit.
3392 3020 3553 3074 Mini-

1981 3145 2066 3184 me
2100 3129 2313 3198 qnidem
2344 3124 2605 3181 orandum
2637 3138 2757 3177 cum
2799 3120 2959 3175 Patre
2991 3118 3211 3182 Filium,
3243 3132 3348 3170 non
3374 3124 3554 3168 autem

1982 3220 2298 3290 simpliciter
2334 3234 2439 3272 non
2479 3214 2738 3295 orandum
2768 3212 3005 3267 sensisse
3041 3210 3327 3278 Origenem
3371 3214 3556 3259 narrat

1980 3313 2309 3383 Augustinus
2356 3311 2487 3365 haar.
2539 3322 2695 3370 xun,
2741 3306 2807 3359 ad
2859 3301 3307 3370 Quodvultdcum,
3356 3306 3410 3352 et
3457 3311 3556 3351 cur

1981 3408 2053 3461 ita
2083 3406 2313 3460 senserit
2343 3413 2564 3457 causam
2601 3398 2759 3455 aliert
2794 3413 2809 3450 :
2834 3415 2852 3447 ι
2882 3395 3022 3449 Dicit
3053 3404 3333 3463 przeterea,
3361 3388 3559 3456 inqnit,

1980 3500 2093 3568 ipse
2126 3496 2418 3566 Origenes,
2449 3492 2589 3562 quod
2628 3488 2797 3541 Filius
2850 3486 2943 3539 Dei
2999 3484 3199 3537 sanctis
3247 3479 3555 3533 hominibus

1978 3598 2345 3659 comparatus,
2372 3586 2571 3639 veritas
2592 3584 2704 3648 sit;
2734 3568 2877 3633 Patri
2908 3576 3136 3631 collatus
3171 3572 3550 3633 mendacium;

1977 3694 2032 3737 et
2056 3690 2313 3749 quantum
2357 3678 2563 3733 distant
2606 3671 2832 3743 apostoli
2864 3668 3104 3729 Christo,
3128 3674 3335 3718 tantum
3378 3660 3550 3715 Filius

1978 3771 2145 3825 Patri.
2178 3768 2331 3823 Unde
2364 3781 2462 3821 nec
2490 3764 2728 3820 orandus
2763 3769 2847 3816 est
2883 3758 3050 3811 Filius
3080 3769 3201 3809 cum
3227 3752 3550 3819 Patre,quia

1977 3878 2081 3918 non
2107 3869 2294 3914 auctor
2319 3868 2402 3914 est
2435 3855 2876 3926 indulgendarum
2923 3850 3264 3920 petitionum,
3301 3846 3394 3901 sed
3422 3861 3551 3914 sup-

1973 3955 2217 4024 plicator.
2266 3970 2285 4002 »
2322 3951 2616 4017 Utramque
2666 3944 3068 4000 accusationem
3117 3939 3428 4009 complexus
3471 3944 3556 3991 est

1974 4042 2300 4112 Theophilus
2349 4037 2746 4095 Alexandrinus
2782 4033 2977 4087 Pasch.
3016 4046 3091 4096 ιι,
3130 4030 3221 4083 ubi
3269 4027 3554 4097 Origenem

1972 4135 2049 4187 ait
2086 4147 2273 4188 ausum
2305 4145 2424 4185 esse
2452 4128 2649 4189 dicere,
2691 4143 2710 4177 ι
2748 4122 2862 4177 Νοιι
2891 4137 3012 4177 esse
3038 4120 3301 4175 orandum
3332 4116 3551 4179 Fiiil'm,

1971 4240 2147 4293 neque
2168 4238 2288 4277 cum
2319 4220 2455 4275 Filio
2477 4218 2720 4282 Patrem;
2745 4236 2764 4269 ι
2798 4230 2917 4285 quae
2938 4212 3153 4282 quidem
3182 4210 3410 4263 absurda
3448 4216 3553 4273 est,

1969 4326 2023 4371 et
2054 4330 2237 4370 secum
2276 4326 2519 4383 pugnans
2550 4306 2898 4377 conquestio;
2929 4320 3053 4358 nam
3090 4302 3135 4357 si
3160 4301 3357 4353 Filium
3405 4297 3551 4352 orari

1968 4416 2117 4463 vetat
2140 4406 2424 4475 Origenes,
2461 4417 2557 4456 cur
2600 4399 2858 4453 vetuisset
2886 4396 3099 4449 Patrem
3131 4390 3277 4447 orari
3307 4405 3427 4445 cum
3460 4387 3551 4442 Fi-

1899 4527 1949 4586 ι)
1973 4501 2067 4567 lio,
2096 4501 2187 4569 qui
2221 4498 2529 4565 neutiquam
2561 4493 2798 4548 orandus
2824 4497 2906 4545 est
2928 4488 2954 4541 7?

2049 4612 2299 4669 Profecto
2326 4610 2372 4664 si
2420 4607 2561 4661 dicta
2613 4603 2861 4672 superius
2887 4600 2952 4655 de
2984 4596 3181 4652 violata
3229 4594 3296 4648 ab
3323 4592 3554 4662 Origene

1976 4707 2100 4761 Filii
2130 4703 2412 4770 majestate
2433 4698 2798 4759 recordemur,
2816 4692 2942 4763 quid
2977 4691 3042 4745 de
3070 4691 3186 4757 ejus
3214 4687 3552 4740 invocatione

1974 4799 2180 4867 opinari
2200 4794 2468 4856 debuerit,
2487 4790 2642 4844 facile
2662 4784 3136 4855 deprehendemus.
3157 4781 3290 4835 Cum
3314 4778 3455 4839 enim
3485 4775 3553 4827 ad

1973 4889 2419 4961 ejusdignitatem
2451 4897 2608 4953 quem
2631 4881 2881 4950 precibus
2908 4875 3309 4943 compellamus,
3339 4881 3552 4920 accom-

1973 4958 2187 5036 modata
2224 4994 2345 5035 esse
2380 4976 2571 5031 debeat
2594 4973 2768 5028 oratio
2804 4980 3010 5034 nostra,
3034 4962 3307 5021 humiliori
3334 4958 3547 5012 Patrem

1967 5074 2341 5129 obsecratione
2379 5068 2741 5123 venerandum
2779 5078 2898 5118 esse
2936 5074 3095 5129 quam
3136 5056 3330 5109 Filium
3365 5052 3546 5105 dicere

1967 5161 2152 5215 debuit
2187 5158 2473 5228 Origenes,
2506 5156 2551 5210 si
2585 5154 2842 5210 doctrinae
2880 5165 2990 5204 suae
3031 5143 3416 5202 connexionem
3458 5153 3546 5193 re-

1969 5253 2144 5307 tinere
2184 5251 2374 5306 voluit.
2413 5248 2598 5316 Neque
2648 5244 2952 5313 conjectura
3002 5245 3184 5292 nostra
3238 5248 3336 5286 nos
3385 5231 3543 5288 fallit,

1974 5348 2259 5418 genuinam
2291 5346 2433 5400 enim
2467 5343 2632 5398 fuisse
2673 5341 2811 5395 hanc
2839 5337 2955 5405 ejus
2998 5327 3326 5387 sententiam
3368 5322 3549 5378 decla-

1976 5451 2098 5497 rant
2130 5441 2250 5495 libri
2276 5450 2453 5492 contra
2484 5436 2716 5498 Celsum,
2734 5444 2960 5502 quorum
2995 5424 3183 5494 quinto
3214 5435 3363 5474 num.
3399 5415 3442 5502 4"
3466 5416 3547 5469 sic

1976 5535 2190 5591 disserit
2216 5552 2229 5587 :
2257 5533 2442 5585 Πᾶσαν
2472 5530 2569 5601 μὲν
2603 5528 2710 5599 γὰρ
2734 5498 2926 5596 ,δέησιν
2954 5518 3091 5590 (20),
3114 5516 3208 5569 καὶ
3237 5498 3549 5584 προσεσχὴν

1966 5758 2167 5821 monio,
2200 5765 2251 5811 et
2282 5754 2403 5809 aliis
2448 5751 2589 5806 infra
2628 5747 2903 5821 adductis,
2922 5742 3265 5821 perspicuum
3284 5748 3545 5821 εει-»ερατ

1977 5807 2299 5888 [initiatae
2323 5807 2442 5880 Filii
2482 5822 2815 5892 majestatem
2860 5807 2939 5874 ab'
2968 5807 3200 5884 Origene
3248 5807 3456 5870 violari,
3485 5813 3550 5858 ut
