4054 6310
507 356 603 412 791

1774 352 1834 406 Ρ.
1876 349 2190 407 DANIELIS
2226 350 2459 406 llUETll

3651 352 3755 411 79‘!

511 476 605 531 καὶ
634 472 892 537 ἔντευξιν,
926 472 1021 527 καὶ
1054 472 1423 543 εὐχαριστίαν,
1466 470 1851 541 ὰναπεμπτέον
1884 470 1963 542 τῷ
1992 472 2084 524 ἐπὶ
2112 474 2155 529 Δ
2183 471 2427 542 ἐμψύχου
2455 471 2625 540 Λόγου
2652 471 2745 524 καὶ
2765 468 2898 523 Θεοῦ
2916 487 2929 499 ·
2947 468 3251 540 δεησόμεθα
3280 468 3339 522 δὲ
3364 469 3456 523 καὶ
3482 473 3544 523 αὑ
3556 472 3641 526 τοῦ
3662 475 3753 530 τοῦ

511 570 647 623 πᾶσι
674 567 817 638 Θεῷ,
846 566 933 620 διὰ
965 564 1060 618 τοῦ
1100 564 1192 617 ἐπὶ
1216 565 1432 618 πάντων
1469 564 1716 633 ἀγγέλων
1757 562 2077 635 ἀρχιερέως,

511 686 600 754 qui
644 683 854 739 Patrem
907 681 1096 753 majori
1134 695 1314 754 prece,
1370 679 1568 754 Filium
1620 680 1814 754 minori
1859 679 2095 754 compel-

510 750 729 811 landqu
778 750 1007 816 ἀοιειξιιι,⁷
1027 765 1091 806 ac
1144 751 1356 805 Patrem
1390 752 1625 821 proprie,
1662 750 1858 805 Filium
1894 751 2096 821 impro-

513 828 631 896 prie
654 824 798 878 orari
830 824 1125 896 existimet.
1164 821 1269 896 Sed
1295 820 1860 896 Qrigenissententia
1902 836 1974 896 ex_
1989 820 2099 896 _his

513 890 796 952 verborum
835 892 1069 962 spinosis
1097 890 1417 962 ambagibus
1460 891 1775 945 evolvenda.
1817 890 2099 946 Pontiﬁcis

515 982 728 1025 munus,
754 960 894 1034 quod
928 961 1105 1018 Verbo
1140 960 1315 1016 defert
1347 960 1632 1034 Origenes,
1673 970 1937 1034 quatenus
1962 982 1980 1013 ι
2015 971 2100 1017 est

510 1031 820 1107 prapitiatio
844 1048 941 1107 pro
970 1034 1219 1107 peccatis
1258 1031 1466 1107 nostris
1493 1031 1723 1107 (14mm.
1746 1046 1807 1095 ii,
1834 1031 1947 1107 2),i
1973 1048 2097 1107 cum

513 1102 854 1159 manifestam
897 1103 1099 1158 habeat
1146 1118 1269 1157 cum
1314 1102 1696 1157 lncarnatione
1739 1103 2096 1157 necessitudi-

510 1192 632 1230 nem
658 1175 975 1243 reprehendi
999 1172 1350 1243 omuinoinon
1385 1182 1580 1243 potest.
1610 1171 1744 1243 Quia
1770 1181 1952 1226 tamen
1975 1171 2096 1229 Ori-

510 1261 674 1313 genes
711 1242 834 1299 cum
870 1243 1113 1313 pluribus
1140 1244 1195 1297 in
1226 1242 1397 1306 locis,
1431 1254 1542 1296 tum
1584 1243 1635 1296 in
1668 1242 1776 1297 alio
1806 1257 1872 1296 ex
1902 1246 2091 1298 eodem

512 1312 649 1371 libro
683 1331 739 1381 ν,
769 1312 918 1369 num.
953 1315 1039 1378 Il,
1073 1312 1309 1369 Verbum
1358 1323 1485 1367 ante
1523 1313 1953 1368 lncarnationem
1985 1330 2095 1369 mc-

507 1388 771 1441 diatorem
797 1384 981 1447 fuisse,
1010 1395 1065 1440 et
1090 1400 1119 1439 a
1160 1383 1319 1439 Patre
1343 1384 1410 1437 ad
1441 1393 1659 1438 sanctos
1689 1384 1934 1438 homines
1965 1385 2097 1439 mis-

510 1474 630 1512 sum
655 1456 899 1512 declarat
930 1455 1014 1510 his
1044 1456 1225 1510 verbis
1254 1472 1266 1505 :
1305 1472 1323 1506 ι
1355 1453 1611 1524 Quisquis
1648 1470 1709 1509 es
1745 1464 1948 1517 tamen,
1968 1471 2093 1520 pre-

510 1542 638 1582 care
666 1528 901 1583 Verbum
924 1525 1067 1595 quod
1103 1539 1298 1579 sanare
1323 1534 1375 1595 te
1405 1534 1601 1595 potest,
1638 1532 1693 1578 et
1722 1524 1893 1595 ninlto
1920 1527 2095 1595 potius

508 1612 731 1667 precare
757 1595 874 1667 ejus
905 1593 1122 1667 Patrem
1154 1594 1416 1667 (εὐχέσθω
1442 1594 1520 1667 τῷ
1540 1595 1705 1667 Aemi
1724 1593 1820 1646 τοῦ
1842 1593 1978 1667 θεοῦ
2002 1596 2094 1648 δυ-

747 1648 925 1739 diith
941 1648 1353 1721 ldouoﬁait'nxai.
1391 1648 1570 1739 πολλῷ
1606 1648 2094 1739 σξὶίέονᾲτὶῤ-Πατρὶ

513 1683 724 1739 ναμενῳ
747 1683 909 1720 αυτον
941 1683 1224 1721 ιασασοαιο
1259 1683 1353 1719 και
1391 1683 1570 1736 ποΑΑῳ
1606 1683 1769 1718 πλεον
1811 1683 2093 1789 τιίίΙιιατρι

513 1738 722 1809 αὑτοῦ)
769 1738 860 1807 qui
912 1750 965 1793 et
1021 1739 1087 1791 ad
1144 1739 1396 1809 antiquos
1440 1736 1620 1804 justos
1678 1736 1815 1788 misit
1912 1736 2093 1809 errbum

506 1827 683 1872 suum,
717 1819 766 1862 et
796 1809 1003 1862 sanavit
1035 1824 1145 1873 eos,
1188 1818 1235 1860 et
1283 1808 1474 1875 eripuit
1516 1823 1603 1860 eos
1642 1811 1707 1860 de
1740 1808 2092 1874 corruptioni-

509 1880 604 1933 bus
628 1895 804 1933 eorum
836 1876 1009 1947 (Psal.
1041 1894 1151 1943 CVI,
1180 1878 1272 1947 20)
1299 1896 1312 1943 ;
1357 1882 1401 1930 si
1427 1878 1550 1947 quis
1580 1877 1703 1930 velit
1733 1877 2090 1947 bocﬂpoutiﬁ—

506 1950 587 2004 cis
616 1966 810 2004 munus
841 1945 909 2004 ab
945 1948 1183 2019 Origene
1204 1945 1337 2019 ante
1366 1945 1795 2019 lncarnationem
1830 1945 1870 2019 Ε
1877 1948 1967 2001 ilio
1997 1949 2092 2000 tri-

508 2021 621 2082 bui,
647 2021 758 2074 lizec
775 2020 958 2088 opinio
982 2017 1247 2074 etinultis
1273 2019 1393 2073 aliis
1436 2018 1621 2073 arrisit
1650 2018 1737 2088 (de
1764 2017 1957 2086 quibus
1980 2019 2085 2088 vid.

512 2089 730 2161 Dissert.
766 2085 826 2143 ni
857 2089 1044 2161 Cyrill.
1079 2090 1393 2161 novaaedit.
1421 2085 1853 2157 Parisiens.),et
1901 2088 1969 2141 de
2005 2086 2090 2141 Fi-

507 2160 564 2215 lii
605 2162 885 2214 divinitate
906 2160 1048 2214 nihil
1082 2160 1341 2215 detrahit.

577 2232 707 2286 illud
744 2241 923 2286 autem
962 2246 1070 2286 non
1116 2231 1334 2284 dillicile
1364 2238 1449 2285 est
1488 2227 1946 2291 animadvertere,
1976 2227 2091 2283 Ori-

505 2317 697 2426 Senem
723 2303 806 2356 bis
836 2302 889 2356 iu
918 2300 1076 2367 locis,
1106 2317 1206 2356 nec
1231 2316 1261 2355 a
1287 2302 1449 2356 solita
1478 2299 1750 2354 subtiliter
1781 2308 1835 2353 et
1872 2300 2091 2366 spinose

548 2372 810 2426 isserendi
860 2372 1274 2426 consuetudine.
1306 2385 1409 2426 nec
1439 2370 1507 2424 ab
1535 2384 1621 2426 ea.
1654 2384 1817 2426 quam
1862 2368 1929 2421 de
1962 2371 2091 2421 sub-

548 2372 810 2428 isserendi
860 2372 1274 2432 consuetudine.
1306 2385 1409 2426 nec
1439 2370 1507 2424 ab
1535 2384 1621 2434 ea,
1654 2384 1817 2438 quam
1862 2368 1929 2438 de
1962 2371 2092 2421 sub-

506 2442 720 2498 stantiae
753 2443 806 2497 in
842 2444 1090 2512 personis
1118 2441 1316 2512 divinis
1342 2440 1552 2512 unitate
1573 2437 1733 2512 toties
1754 2437 2085 2512 praedicavit,

504 2515 751 2569 doctrina
805 2508 1106 2568 discedere.
1150 2510 1286 2566 Cum
1322 2510 1492 2565 multa
1531 2508 1769 2563 eﬁ‘utiret
1797 2508 1986 2563 Celsus
2022 2512 2089 2563 de

504 2586 844 2654 angelorum,
874 2585 941 2638 de
971 2584 1103 2654 solis
1128 2597 1193 2636 ac
1220 2581 1360 2634 luna:
1387 2590 1446 2654 et
1472 2580 1750 2654 stellarum
1782 2579 2089 2654 cultulgre-

503 2649 729 2723 cptindel
757 2651 1019 2723 Origenes
1037 2653 1128 2706 lib.
1149 2666 1368 2723 v,num.
1391 2650 1480 2723 il,
1494 2649 1670 2723 solum
1697 2649 1862 2703 Deum
1880 2665 1909 2702 a
1932 2650 2089 2703 Chri-

503 2719 699 2777 stianis
722 2740 818 2793 per
854 2719 1047 2779 Filium
1076 2723 1193 2791 ejus
1220 2720 1461 2793 invocari
1492 2730 1547 2774 et
1566 2719 1671 2773 coli
1712 2728 1801 2793 :‘et
1839 2738 1857 2769 ε
1894 2734 2087 2787 quem-

504 2788 736 2848 admodd
745 2810 793 2846 ιιι
837 2788 1152 2846 adoratores
1174 2791 1303 2846 solis
1325 2800 1381 2845 et
1406 2791 1542 2843 lunae
1563 2800 1617 2843 et
1639 2788 1917 2844 stellarum
1947 2807 2085 2843 unn-

503 2880 664 2932 quam
709 2865 1003 2918 adorarent
1044 2863 1335 2917 scintillam
1375 2860 1536 2931 ignis,
1571 2860 1686 2932 sive
1726 2860 2001 2932 lucernam
2032 2862 2084 2913 iu

506 2929 647 2988 terra
665 2972 684 2999 ,
706 2935 788 2989 sic
820 2934 912 3003 qui
937 2929 1413 3003 animadvertunt,
1439 2931 1716 3003 quomodo,
1744 2930 1881 3003 Deus
1908 2929 2083 3003 lumen

503 3006 595 3066 sit,
622 3014 677 3058 et
729 3001 999 3073 quomodo
1030 3002 1198 3056 Filius
1226 3002 1346 3070 ejus
1368 3002 1457 3055 lux
1506 3016 1632 3055 vera
1676 3002 1748 3055 sit
1767 3001 2086 3073 illuininans

502 3090 719 3128 munem
747 3070 1023 3128 hominem
1051 3075 1353 3128 venientem
1385 3073 1438 3126 in
1458 3073 1600 3126 hunc
1618 3071 1872 3141 mundum
1900 3070 2081 3141 (Joan.

507 3162 546 3207 t,
569 3148 645 3210 9),
680 3147 880 3214 quique
908 3145 1036 3198 illud
1058 3144 1409 3214 intelligunt:
1448 3141 1561 3211 Ego
1602 3140 1865 3214 sumplus;
1896 3140 2082 3196 rnundi

503 3213 846 3287 (Joanfvn’i,
869 3215 984 3287 1‘2),
1015 3214 1289 3287 immerito
1318 3213 1642 3287 adoraturos
1669 3213 1963 3287 scintillam
1994 3227 2082 3287 so-

2186 564 2383 633 Λόγου,
2418 564 2511 618 καὶ
2544 562 2907 634 ἐντευξόμεθα
2940 560 3111 633 αὐτῷ,
3138 562 3232 615 καί
3260 561 3718 635 εὐχαριστήσομεν
3739 608 3756 632 ,

2202 696 2324 736 cum
2365 682 2475 737 Deo
2497 681 2737 737 colerent
2772 681 2871 735 has
2895 679 3053 734 aﬂ'ert
3080 681 3338 737 rationes.
3366 689 3423 734 ut
3446 678 3555 747 jam
3583 685 3761 736 obser.

2200 753 2341 813 vavi,
2368 754 2509 818 quod
2551 754 2715 808 Pater
2766 753 2839 807 sit
2878 753 2930 806 in
2980 750 3156 813 Filio,
3190 760 3247 803 et
3276 749 3445 803 Filius
3480 750 3532 802 in
3566 749 3757 819 Patre;

2200 823 2341 889 quod
2363 822 2526 877 Pater
2554 832 2606 877 et
2640 822 2807 877 Filius
2829 838 2997 876 unum
3023 822 3134 877 sint
3156 839 3173 871 ι
3210 820 3492 874 identitate
3512 821 3759 876 volunta-

2201 895 2301 957 tis;
2330 895 2469 964 quod
2505 893 2638 947 ﬁdes
2681 894 2951 964 nostrain
2998 892 3107 964 Deo
3145 892 3411 946 consistat
3460 893 3757 964 per_ipsmu

2198 960 2418 1027 Filium,
2446 966 2536 1034 qui
2568 979 2688 1017 eam
2716 964 2767 1016 in
2796 963 2955 1034 nobis
2979 962 3304 1034 confirmat;
3343 961 3488 1034 quod
3542 960 3758 1034 Patrem

2197 1031 2477 1100 colamus,
2493 1036 2617 1087 dum
2646 1034 2765 1101 ejus
2794 1032 2987 1088 Filium
3015 1033 3373 1101 admiramur,
3399 1032 3489 1099 qui
3520 1041 3604 1086 est
3632 1031 3759 1087 Ver-

2198 1104 2346 1170 bum,
2371 1114 2427 1159 et
2454 1100 2738 1174 sapientia,
2769 1114 2825 1158 et
2852 1104 3072 1164 veritas,
3115 1113 3170 1156 et
3198 1100 3434 1174 justitia,
3475 1112 3528 1157 et
3581 1107 3759 1174 oinnia

2197 1171 2535 1245 tjiiaecunque
2578 1189 2702 1245 esse
2736 1174 3052 1245 didicimus,
3081 1181 3139 1227 ut
3172 1174 3345 1240 ipsum
3369 1171 3562 1239 Deum,
3606 1172 3680 1228 ita
3708 1186 3761 1229 et

2198 1259 2341 1311 eum,
2382 1243 2474 1315 qui
2501 1244 2699 1315 εχξιιηί
2735 1243 2895 1315 Patre
2934 1244 3148 1315 genitus
3171 1250 3275 1313 est.
3316 1259 3338 1315 ε

2266 1311 2417 1371 Cum
2445 1311 2968 1398 ergo—aequalitatem
3004 1312 3185 1398 Patris
3209 1311 3286 1398 get
3316 1311 3445 1398 Filii
3478 1326 3542 1398 ac
3579 1314 3759 1369 unita-

2196 1393 2303 1440 tem
2334 1382 2587 1441 essentia:
2617 1382 2721 1440 tain
2751 1384 2957 1441 diserte
2989 1384 3262 1444 declaret;
3293 1398 3390 1436 cur
3404 1382 3626 1436 Patrem
3650 1401 3761 1439 ma-

2196 1456 2278 1525 gis
2304 1457 2565 1512 orandum
2597 1471 2718 1511 esse
2748 1470 2913 1523 quam
2944 1454 3135 1509 Filium
3164 1454 3481 1525 existimat;
3521 1470 3628 1507 cur
3650 1471 3761 1523 pre-

2194 1522 2463 1597 cationem
2488 1528 2702 1597 proprie
2731 1522 2934 1581 dictant
2961 1525 3062 1579 soli
3086 1524 3301 1597 videtur
3330 1522 3762 1597 Patrigservare?

2194 1595 2311 1651 Non
2338 1600 2388 1653 id
2419 1595 2661 1668 profecto
2686 1597 2952 1666 pra:cipit,
2998 1606 3056 1650 ut
3102 1595 3320 1668 Patrem
3366 1595 3569 1668 saepius
3598 1610 3759 1663 quam

2195 1663 2525 1733 Filiumfaut
2549 1663 2729 1722 acrius
2752 1663 3060 1736 praeentur,
3079 1674 3172 1719 aut
3191 1664 3277 1734 plu
3288 1680 3345 1717 ra
3371 1663 3584 1736 a__P_atre
3600 1682 3757 1733 quam

2192 1754 2223 1792 a
2255 1738 2393 1792 Filio
2429 1733 2765 1807 accepturos
2803 1733 3206 1807 conﬁdamus;
3236 1750 3358 1787 cum
3391 1733 3523 1788 Filio
3574 1738 3757 1791 omnia

2196 1810 2398 1862 tribuat
2419 1806 2755 1877 quacunque
2774 1817 2902 1863 sunt
2929 1807 2983 1861 in
3008 1806 3189 1868 Patre,
3222 1814 3277 1877 et
3304 1812 3596 1877 utrumque
3628 1824 3648 1857 ε
3684 1819 3761 1861 ιο-

2198 1880 2267 1932 tis
2292 1876 2496 1932 viribus
2524 1876 2877 1946 supplicando
2918 1885 2973 1932 et
3003 1876 3271 1946 precando
3300 1876 3403 1929 coli
3434 1894 3453 1927 ι
3489 1877 3756 1931 declaret.

2126 1972 2165 2028 Β
2196 1948 2380 2028 Neque
2405 1952 2569 2028 etiam
2594 1947 3242 2028 subtilisjllandistiuctl'ro
3272 1946 3606 2028 precationis
3634 1959 3759 2028 pro.

2195 2015 2309 2086 prie
2336 2029 2390 2074 et
2422 2019 2604 2073 minus
2656 2018 2875 2088 proprie
2913 2018 3092 2082 dictae,
3142 2016 3303 2088 aliam
3350 2016 3401 2070 in
3431 2015 3572 2071 Filio
3608 2032 3680 2071 ac
3708 2019 3758 2073 in

2190 2088 2350 2144 Patre
2376 2087 2772 2150 uaturam,aut
2797 2089 3052 2156 majorem
3098 2087 3427 2141 minoremve
3456 2088 3756 2155 potentiam

2190 2160 2458 2230 designat,
2483 2174 2603 2230 cum
2628 2159 2818 2230 iisdem
2841 2161 2908 2215 de
2936 2159 3135 2225 causis,
3167 2166 3278 2211 tum
3310 2158 3434 2230 (πρίει
3467 2172 3611 2224 sirpe
3638 2158 3761 2212 Ori-

2189 2227 2374 2299 genes,
2412 2240 2469 2284 ut
2505 2228 2707 2284 fatetur
2734 2229 2978 2295 Huetius,
3010 2230 3075 2283 ad
3122 2230 3295 2299 ipsum
3338 2227 3531 2281 Filium
3567 2243 3758 2296 preces

2188 2297 2393 2372 dirigit,
2425 2309 2480 2356 et
2519 2301 2625 2357 hoc
2660 2301 2779 2370 ipso
2820 2301 2880 2372 in
2911 2300 3031 2355 loco
3070 2297 3511 2372 supplicationes,
3550 2300 3759 2372 gratia-

2189 2368 2321 2427 rum'
2341 2372 2603 2436 actiones,
2633 2368 2695 2426 et
2712 2370 3097 2436 postulationes
3119 2372 3166 2423 ei
3195 2368 3403 2423 debitas
3426 2368 3606 2421 docet.
3644 2368 3759 2425 Huc

2189 2388 2307 2427 rum
2341 2387 2603 2436 acuones,
2633 2387 2688 2426 et
2710 2387 3097 2493 [tosutlauones
3119 2387 3166 2423 et
3195 2387 3403 2423 uenitas
3426 2387 3606 2421 uocet.
3644 2387 3757 2425 nuc

2188 2457 2319 2513 ergo
2350 2442 2491 2498 redit
2529 2451 2639 2496 tota
2675 2442 2777 2513 ila
2808 2441 3131 2513 distinction
3154 2449 3215 2493 tit
3236 2438 3581 2513 --προσευχῆς
3638 2441 3757 2513 sive

2188 2509 2514 2582 precationis
2543 2511 2760 2582 nomine
2783 2526 2877 2566 eas
2914 2509 3505 2582 precesintelliganms,
3535 2525 3665 2578 qua:
3687 2510 3754 2564 ad

2187 2581 2434 2639 ordinem
2473 2584 2615 2638 inter
2645 2581 2860 2636 divinas
2887 2596 3144 2651 personas
3181 2581 3615 2651 intercedentem
3660 2595 3760 2635 ac-

2187 2654 2619 2717 commodantur,
2656 2653 2729 2706 ita
2754 2661 2833 2716 ut,
2872 2648 2995 2707 cum
3039 2651 3198 2705 Pater
3222 2650 3521 2705 divinitatis
3556 2648 3681 2706 fons
3701 2661 3755 2707 et

2187 2726 2340 2795 origo
2360 2726 2451 2789 sit,
2472 2724 2540 2776 ad
2574 2738 2695 2777 eum
2738 2724 3061 2795 dirigantur.
3094 2720 3405 2795 Patreineo
3440 2734 3602 2795 sensu
3634 2738 3755 2775 ina-

2186 2791 2601 2863 gis'precamur
2623 2808 2782 2862 quam
2840 2793 3057 2857 Filium,
3105 2806 3211 2846 non
3242 2791 3614 2863 quia__s:epius
3660 2800 3757 2847 aut

2186 2860 2388 2930 acrius,
2409 2864 2501 2934 sed
2530 2860 2655 2933 quia
2695 2880 2791 2934 per
2818 2863 3010 2919 Filium
3045 2877 3350 2932 precamur.
3369 2860 3599 2934 _Nul_lutn
3618 2878 3753 2917 sane

2186 2936 2328 2989 aliud
2365 2931 2653 3004 discrimen
2696 2931 2836 3004 apud
2864 2931 3151 3004 Origeuem
3181 2932 3448 3004 “reperias
3478 2932 3621 2985 inter
3656 2948 3759 2988 eas

2188 3020 2377 3073 preces
2401 3020 2522 3073 qua:
2550 3000 2808 3065 Patri,'et
2842 3019 2936 3061 eas
2969 3018 3087 3071 qua:
3113 3000 3249 3056 Filio
3276 3000 3617 3073 deferuntur.
3650 3005 3753 3055 At-

2183 3090 2289 3144 que
2323 3072 2436 3129 lizec
2463 3074 2579 3141 ejus
2603 3077 2870 3130 sententia
2899 3090 2964 3129 eo
2996 3075 3172 3127 minus
3200 3072 3578 3144 vituperanda,
3604 3074 3750 3142 quod

2182 3143 2249 3199 ex
2283 3145 2534 3200 Ecclesia:
2581 3147 2972 3200 consuetudine
3018 3155 3071 3197 et
3110 3143 3444 3211 publicarum
3480 3157 3750 3211 precum,

2184 3232 2303 3285 qua:
2321 3216 2391 3286 ad
2422 3213 2642 3269 Patrem
2662 3215 2991 3286 diriguntur,
3022 3215 3269 3286 instituto
3296 3214 3522 3286 deducta
3548 3215 3753 3286 _videa-

502 3282 813 3376 ﬁsa-leve
844 3282 1493 3376 εξεὲξεξιιεξτξηξιεξιιαξέξιξ
1534 3283 1864 3376 ιξξξξεξεεηγετὲ
1907 3282 2078 3376 lari:
2105 3320 2147 3376 ε
2317 3282 2909 3376 τδιιιέ,ιυοιιι9.ιιξίῖνίεεε
2932 3300 3020 3376 νεεδ
3049 3295 3133 3338 εει
3152 3282 3745 3376 ςυέδξορίεᾼηίοειιίξο

504 3357 589 3411 nis
624 3356 818 3417 Deum,
858 3374 877 3408 ι
908 3358 1043 3420 sive,
1078 3364 1136 3410 ut
1180 3357 1339 3424 paulo
1367 3364 1494 3408 ante
1544 3354 1800 3423 appellat,
1841 3370 1859 3404 ι
1905 3352 2071 3424 Deum

501 3426 723 3482 Putrem
748 3428 859 3480 veri
897 3427 1118 3481 luminis
1146 3422 1314 3496 parva
1340 3433 1395 3479 et
1418 3422 1623 3496 exigua
1646 3434 1750 3478 est.
1783 3442 1803 3475 ι
1852 3422 1968 3496 Uita
2006 3422 2074 3475 ἂν

500 3498 735 3569 εὐλόγως
770 3492 1323 3569 προσκυνήσαιενιιὸν
1354 3494 1515 3569 οἱονεὶ
1544 3494 1746 3569 βραχὺν
1778 3492 2071 3569 σπινθῆρα,

501 3568 577 3633 ὡς
604 3563 738 3639 τέρος
770 3563 885 3637 φὼς
920 3569 1009 3621 τὸν
1037 3563 1176 3621 Θεὸν
1199 3565 1453 3639 ἀληθινοῦ
1487 3563 1685 3639 enim,
1711 3568 1767 3617 ὲν
1788 3563 1942 3635 ἡλίῳ,
1982 3563 2074 3616 καὶ

504 3637 725 3711 σελήνῃ,
771 3642 864 3694 καὶ
894 3641 1136 3711 ἄστροις.
1184 3637 1385 3692 Ibidem
1440 3637 1590 3711 addit
1621 3638 1712 3690 Dei
1742 3651 1907 3711 opera
1941 3650 1969 3711 a
2012 3651 2073 3690 se

502 3703 898 3780 nou'tt'eprimi,
932 3703 1025 3764 sed
1058 3717 1397 3780 exploratum
1421 3707 1713 3780 _sib_i__esse
1744 3724 1761 3756 ι
1796 3703 1892 3780 Dei
1921 3705 2070 3774 ejus-

500 3797 605 3848 que
632 3775 905 3851 Unigcniti
932 3775 1270 3851 divinitatem
1321 3775 1579 3833 ineﬁ‘abili
1612 3776 1921 3847 praestantia
1967 3793 2071 3831 ca:-

504 3852 638 3904 teris
664 3850 917 3906 oninibus
940 3865 1062 3904 esse
1092 3850 1447 3918 superiorem.
1485 3866 1503 3899 ι

578 3920 749 3973 Unam
783 3936 912 3989 ergo
943 3917 1197 3989 inﬂPatre
1239 3930 1295 3973 et
1343 3918 1479 3972 Filio
1516 3917 1881 3982 divinitatem,
1908 3932 2072 3971 unam

500 3990 677 4045 lucem
715 3988 965 4062 agnoscit
995 3988 1280 4062 Origenes,
1306 3999 1467 4057 atque
1498 3989 1602 4062 hoc
1631 3997 1956 4062 argumento
1989 3990 2072 4062 ni-

505 4062 654 4126 titur,
691 4058 790 4115 cur
834 4061 1004 4115 Filius
1042 4074 1166 4113 cum
1200 4058 1364 4112 Patre
1390 4059 1633 4112 orandus
1676 4070 1731 4111 et
1764 4059 2073 4113 adorandus

501 4133 597 4195 sit,
636 4150 700 4185 ac
729 4131 858 4185 nulli
890 4145 1123 4201 prorsus
1142 4132 1219 4185 rei
1250 4140 1446 4201 creatis
1462 4129 1710 4182 eumdem
1743 4129 1943 4201 habere
1976 4129 2070 4181 ho-

503 4218 689 4256 norem
738 4197 919 4256 liceat.
953 4200 1217 4254 Similiter
1253 4199 1308 4252 in
1354 4198 1450 4265 lib.
1480 4212 1599 4263 vut,
1628 4212 1777 4249 num.
1817 4197 1898 4261 l3,
1930 4213 2073 4266 qua:-

442 4288 449 4295 ·
502 4274 639 4327 renti
676 4274 833 4329 Celso
891 4287 991 4326 cur
1019 4286 1144 4325 cum
1174 4270 1452 4325 Christum
1505 4268 1747 4322 colerent
1789 4283 1911 4320 cum
1960 4268 2073 4322 Deo

501 4344 664 4400 Patre
687 4345 1005 4408 Christiani,
1042 4341 1322 4395 ministros
1362 4339 1456 4393 Dei
1488 4338 1666 4393 colere
1693 4336 1895 4392 nollent
1924 4379 1940 4403 ,
1991 4340 2071 4392 sic

505 4420 795 4485 reSpondet
826 4414 1109 4483 Origenes,
1134 4422 1191 4465 ut
1222 4410 1428 4479 angelis
1463 4424 1571 4462 non
1602 4423 1820 4485 omnem
1851 4410 2067 4485 quidem

502 4478 708 4539 culium
759 4497 814 4541 et
862 4478 1145 4549 honorem,
1174 4486 1268 4537 sed
1300 4478 1423 4535 eum
1460 4488 1667 4534 tantum
1702 4479 1792 4546 qui
1825 4478 1925 4531 soli
1964 4480 2071 4533 Deo

501 4556 753 4625 debetur,
806 4556 1098 4625 ahjudicet,
1158 4556 1301 4625 hunc
1339 4565 1535 4625 autem
1588 4550 2069 4625 divinumucultum

502 4624 641 4679 Filio
674 4619 895 4681 strenue
927 4625 1183 4679 vindicet.
1221 4622 1314 4677 Sic
1339 4622 1577 4691 loquitur
1603 4622 1668 4674 de
1692 4619 1899 4688 angelis
1925 4640 1938 4675 :
1967 4637 1986 4670 ι
2011 4622 2069 4675 Si

2184 3368 2240 3410 ut
2274 3372 2394 3412 eam
2448 3356 2802 3424 comprobent
2857 3367 2915 3411 et
2947 3357 3242 3410 decernant
3274 3368 3395 3424 can.
3431 3353 3505 3407 25
3544 3357 3743 3409 concit.

2180 3429 2433 3497 Carthag.
2474 3423 2587 3497 ιιι
2612 3443 2630 3497 t
2670 3424 3008 3497 Utnemoin
3050 3426 3327 3497 precibus,
3354 3423 3630 3497 inquiunt,
3666 3428 3749 3497 vel

2182 3493 2406 3551 Patrem
2427 3512 2523 3567 pro
2548 3495 2711 3562 Filio,
2742 3498 2827 3551 vel
2860 3493 3062 3551 Filium
3083 3510 3180 3563 pro
3204 3493 3364 3567 Patre
3388 3496 3650 3567 nominet.
3682 3496 3749 3549 Et

2179 3584 2300 3622 cum
2326 3564 2485 3621 altari
2534 3567 2831 3632 assistitur,
2886 3582 3100 3637 semper
3142 3567 3207 3618 ad
3237 3564 3453 3637 Patrem
3478 3565 3758 3637 dirigatur

2179 3639 2372 3692 oratio.
2414 3637 2480 3691 Et
2513 3639 2822 3707 quicunque
2855 3638 2954 3693 sibi
2986 3635 3175 3706 preces
3217 3636 3432 3689 aliunde
3456 3635 3745 3698 describit,

2182 3723 2285 3761 nou
2320 3709 2400 3764 eis
2439 3718 2642 3772 utatur,
2675 3710 2779 3762 nisi
2819 3709 2969 3777 prius
3002 3722 3096 3761 eas
3136 3722 3259 3761 cum
3301 3707 3741 3760 instructioribus

2179 3780 2439 3833 fratribus
2462 3778 2770 3832 contulerit.
2804 3797 2824 3832 ι
2861 3779 2966 3833 Sed
3002 3778 3254 3847 Drigenis
3296 3777 3570 3830 sententia
3622 3779 3737 3829 illu-

2179 3852 2402 3904 stranda
2441 3856 2526 3904 est
2548 3863 2615 3902 ex
2646 3849 2763 3915 ejus
2796 3850 2937 3903 libro
2989 3848 3068 3904 De
3095 3848 3359 3913 oratione,
3396 3847 3447 3900 in
3487 3861 3596 3915 quo
3622 3863 3743 3902 eam

2180 3921 2303 3974 data
2325 3934 2486 3988 opera
2522 3920 2882 3988 persequitur.

2250 3990 2308 4043 tu
2342 3991 2443 4044 hoc
2485 3990 2621 4043 libro
2662 4006 2813 4044 num.
2849 3990 2940 4055 M,
2983 3988 3049 4043 15
3093 4000 3148 4042 et
3176 4002 3319 4057 seq.,
3361 3997 3598 4055 quatuor
3622 4002 3742 4056 spe-

2179 4060 2291 4115 cies
2315 4060 2579 4114 orationis
2608 4076 2637 4113 a
2665 4059 2832 4115 Paulo
2877 4070 3227 4130 prtescriptas
3274 4058 3549 4130 explicare
3582 4062 3737 4111 iusti--

2179 4130 2299 4194 tuit,
2321 4130 2553 4202 δεήσεις,
2579 4128 2903 4202 προσευχὰς,
2929 4128 3215 4197 ἐντεύξεις,
3233 4128 3611 4202 εὐχαριστίας,
3654 4132 3740 4181 ob-

2179 4201 2539 4271 secrationes,
2587 4201 2940 4271 precattOnes,
2990 4201 3398 4269 postulationes,
3445 4207 3739 4271 gratiarum

2180 4272 2435 4325 actiones.
2468 4270 2909 4326 Obsecrationem
2946 4273 3133 4327 deﬁnit
3162 4271 3453 4324 orationem
3479 4270 3543 4320 ab
3565 4271 3740 4338 aliqua

2179 4342 2481 4408 suppliciter
2505 4344 2770 4409 emissam,
2802 4353 2858 4395 ut
2881 4342 3020 4411 quod
3048 4343 3147 4410 ipsi
3174 4344 3314 4393 deest
3345 4350 3698 4406 consequatur
3718 4354 3737 4391 :

2184 4414 2550 4479 precationem
2586 4428 2735 4476 vero,
2761 4430 2876 4467 eam
2894 4429 3011 4482 quia
3036 4411 3456 4482 magniﬁcentius
3486 4426 3606 4462 cum
3628 4412 3738 4478 glo-

2180 4482 2470 4549 riﬁcatione
2490 4483 2555 4534 ab
2585 4482 2792 4538 homine
2813 4486 2867 4536 in
2895 4481 3138 4552 periculis
3172 4481 3459 4534 constituto
3496 4482 3559 4534 de
3593 4482 3736 4532 rebus

2179 4552 2468 4621 majoribus
2506 4555 2781 4611 emittitur.
2813 4553 3051 4607 Tertiam
3076 4554 3311 4622 speciem
3353 4552 3441 4613 iis,
3475 4566 3597 4620 quae
3629 4564 3738 4603 uia-

2173 4623 2296 4693 jore
2324 4625 2463 4692 apud
2511 4622 2679 4693 Dium
2727 4626 2922 4679 ﬁducia
2955 4627 3336 4693 postulantur;
3366 4626 3738 4693 quartamde-

502 4697 694 4766 Celsus
722 4698 1049 4766 intelligeret
1089 4711 1247 4750 veros
1279 4695 1375 4766 D_e_i
1410 4683 1715 4766 ininistros,
1747 4683 1868 4766 post
1896 4694 2071 4760 ipsum
2104 4683 2147 4737 Ι)
2173 4683 2341 4762 inique
2357 4683 2519 4748 bonis
2555 4692 2664 4760 jam
2696 4697 2935 4766 acceptis
2955 4683 3233 4763 assignat.
3286 4683 3519 4766 Slulijicit
3548 4692 3737 4766 deinde

503 4762 1251 4837 Unigenitum,Cabrielem,
1309 4762 1676 4837 Michaelem,
1726 4762 2071 4837 reliquosque

502 4832 726 4909 angétos
748 4849 802 4893 et
826 4837 1206 4905 archangelos,
1245 4849 1449 4905 eosque
1487 4832 1745 4909 colendos
1777 4846 1900 4887 esse
1933 4834 2076 4909 dice-

502 4904 627 4975 ret';
672 4909 902 4964 fortasse
936 4904 1325 4976 expurgantes,
1367 4914 1421 4960 et
1454 4905 1583 4972 quid
1623 4905 1800 4976 cultus
1857 4904 2078 4957 nomine

502 4981 914 5051 intelligendum
974 4975 1051 5051 psit
1074 4975 1198 5051 ζέει
1256 4992 1377 5051 qua;
1415 4981 1541 5051 sint_
1576 4975 1806 5051 colentis
1837 4976 2079 5051 actiones

502 5050 654 5119 (ἴσως
680 5044 750 5104 ἓν
778 5050 839 5103 τὸ
869 5048 995 5120 περὶ
1015 5044 1463 5120 τοῦδθεραῖτειξειν
1485 5046 1647 5120 αὑτοῦ
1683 5044 2081 5120 σημαινομενον

502 5116 911 5193 ἐκκαθήραντες
943 5116 1047 5173 ’καὶ
1074 5118 1182 5193 τῶν
1204 5116 1313 5171 ’τοῦ
1361 5117 1755 5188 θεραπεύοντος
1788 5116 2075 5186 πράξεων)

502 5190 807 5246 diceremus
842 5196 894 5246 in
922 5193 1063 5245 hunc
1082 5190 1280 5255 locum,
1311 5200 1368 5243 ut
1400 5200 1466 5242 de
1496 5193 1661 5241 tantis
1698 5191 1859 5241 rebus
1899 5191 2070 5240 disse-

508 5272 711 5331 rentes,
742 5279 861 5331 qua:
894 5264 959 5317 de
992 5264 1073 5315 eis
1097 5261 1387 5330 cogitando
1422 5259 1681 5331 consequi
1710 5271 2017 5331 possumus.
2044 5273 2071 5306 ιν

504 5329 586 5385 Ex
606 5327 799 5400 quibus
823 5344 970 5403 patet
997 5346 1103 5386 non
1125 5327 1467 5403 displicuisse
1494 5327 1733 5403 Origeni,
1758 5339 1816 5382 ut
1848 5328 2069 5403 quidam

505 5399 843 5473 existimant;
865 5406 1125 5458 honorem
1161 5402 1335 5466 illum,
1374 5413 1534 5469 quem
1566 5401 1754 5473 beatis
1783 5399 2065 5473 Spiritibus

506 5470 720 5543 semper
742 5473 924 5528 habuit
960 5473 1222 5537 Ecclesia,
1249 5488 1312 5526 ac
1327 5484 1549 5543 semper
1566 5470 1802 5543 habebit,
1824 5470 1917 5543 sed
1940 5484 2062 5543 eum

505 5540 663 5611 quem
688 5544 902 5598 volebat
932 5544 1145 5611 Celsus,
1180 5546 1270 5612 qui
1297 5558 1418 5597 cum
1456 5540 1555 5594 soli
1587 5540 1694 5593 Deo
1728 5540 2069 5612 debitussit,

507 5609 623 5669 sine
661 5617 1050 5683 superstitione
1081 5609 1286 5682 angelis
1322 5612 1521 5683 deferri
1551 5626 1654 5664 non
1687 5621 1883 5680 potest.
1913 5609 2066 5662 Hune

505 5686 707 5737 cultum
734 5682 835 5739 soli
867 5685 1013 5739 Patri
1044 5685 1267 5753 ejusque
1294 5682 1431 5737 Filio
1447 5693 1648 5745 servat,
1676 5697 1741 5736 ac
1773 5690 2062 5753 utrumque

504 5774 534 5808 a
565 5754 890 5836 Christianis
924 5774 941 5804 ι
970 5757 1102 5836 totis
1113 5750 1316 5809 viribus
1344 5754 1697 5836 supplicando
1716 5750 2061 5836 et‘preeandu

508 5827 607 5881 soli
638 5843 661 5877 ι
687 5828 1037 5881 demonstrat.
1065 5824 1174 5878 Cur
1204 5838 1384 5881 autem
1412 5822 1729 5878 Christiani
1778 5822 2057 5877 Christum

2176 4761 2440 4833 cujusque
2478 4766 2682 4833 speciei
2714 4761 2981 4835 exempla.
3023 4761 3213 4834 prima:
3247 4763 3469 4835 quidem
3512 4777 3580 4835 es
3606 4761 3739 4835 hlar-

2175 4832 2377 4888 dochwi
2404 4832 2767 4903 ethstheris;
2832 4832 3082 4890 secunda:
3127 4850 3196 4887 ex
3249 4834 3480 4895 Azarite,
3517 4832 3735 4896 Tobiae,

2175 4910 2364 4969 Annae,
2397 4902 2647 4959 Habacuc
2683 4920 2735 4959 et
2756 4902 2911 4960 Jonas
2941 4924 2958 4971 ;
2992 4906 3167 4959 tertia:
3204 4920 3270 4959 ex
3301 4903 3468 4958 losue
3495 4914 3553 4958 et
3585 4904 3737 4956 Samo

2175 4991 2272 5030 son
2313 4977 2709 5046 orationibus;
2761 4988 2969 5046 quarta:
3017 4977 3250 5046 denique
3294 4990 3364 5029 ex
3416 4976 3501 5046 his
3535 4972 3736 5027 Christi

2178 4992 2272 5030 sou
2333 4992 2709 5042 orationibus;
2761 4992 2969 5046 quarta:
3017 4992 3139 5029 oeni
3185 4992 3250 5029 ue
3294 4992 3364 5029 ex
3416 4992 3501 5027 nis
3535 4992 3734 5027 hlil‘lsu

2178 5045 2377 5108 verbis,
2423 5065 2441 5097 ι
2474 5045 2752 5102 Conﬁteor
2778 5048 2894 5112 tibi,
2916 5046 3077 5100 Pater
3099 4992 3316 5113 (diuidi.
3340 5060 3397 5108 χ,
3430 5045 3548 5113 21),
3580 5063 3599 5095 ι
3633 5056 3734 5097 etc.

2177 5117 2379 5169 Statuit
2405 5116 2610 5186 gratias
2634 5115 2853 5170 Christo
2900 5119 3138 5185 agendas
3179 5131 3302 5171 esse
3326 5132 3341 5169 :
3372 5117 3439 5168 ab
3460 5134 3526 5169 eo
3555 5124 3735 5184 postu-

2178 5186 2396 5240 landum
2427 5187 2846 5255 docetexemplo
2877 5187 3163 5253 Stephani,
3195 5205 3213 5237 ι
3245 5186 3492 5248 Domine,
3527 5200 3597 5239 ne
3629 5197 3737 5240 Sta-

2180 5266 2300 5310 tuas
2332 5258 2437 5312 illis
2464 5260 2565 5311 lioc
2594 5269 2875 5325 peccatum
2913 5256 3130 5329 (Matth.
3168 5272 3302 5320 xvu,
3334 5256 3426 5326 14)
3457 5273 3471 5310 :
3511 5275 3530 5309 ι
3565 5259 3736 5329 eidem

2175 5343 2391 5397 quoque
2445 5330 2855 5397 supplicandum
2892 5326 2947 5382 et
2971 5330 3393 5391 obsecrantium,
3427 5336 3486 5381 ut
3530 5326 3737 5395 suppli-

2176 5403 2336 5521 ﬁbat
2383 5409 2536 5479 pater
2567 5399 2817 5465 lunatici,
2854 5417 2877 5450 ι
2912 5400 3173 5466 Obsecro,
3198 5400 3449 5463 Domine,
3482 5399 3739 5452 miserere

2194 5485 2207 5520 i
2237 5485 2269 5521 ιι
2300 5484 2424 5521 mei.
2462 5488 2482 5519 ι

2175 5471 2269 5522 lilii
2300 5472 2424 5523 inei.
2462 5488 2482 5519 ι

2243 5542 2395 5606 Quod
2430 5549 2608 5592 autem
2665 5544 2875 5608 spectat
2908 5541 2974 5595 ad
3015 5540 3407 5609 precationem,
3446 5554 3609 5608 quam
3643 5552 3736 5602 ap-

2180 5609 2700 5699 pellat-Epogs‘uxl‘v'
2737 5615 2817 5695 sic
2855 5611 3133 5695 suamude
3186 5618 3529 5699 ea'meuteui
3569 5617 3741 5699 apetlt

2177 5677 2326 5735 num.
2348 5677 2435 5735 15Ξ
2466 5677 2655 5734 Ἐὰνδ⁸
2677 5681 2997 5752 ἀκούσωμεν
3024 5682 3053 5734 ὃ
3072 5699 3123 5734 τι
3141 5682 3273 5734 ποτέ
3297 5684 3413 5733 ἐστι
3443 5677 3740 5752 προσευχῇ,

2174 5752 2581 5831 μήτεοτε-οὐδενὶ
2610 5751 2715 5831 τῷν
2741 5748 3013 5831 γεννηίτῶγ
3042 5748 3597 5831 προσεοκτέοείὲσέξιν,
3625 5748 3744 5800 οὐδὲ

2168 5820 2313 5894 αὺξῴ
2345 5822 2420 5893 τῷ
2467 5823 2685 5895 Χριστῴ
2713 5864 2725 5889 ,
2761 5820 2899 5877 ἀλλὰ
2930 5820 3177 5894 {td/(pst?)
3207 5824 3324 5893 Θεῴ
3351 5820 3456 5875 τῶν
3484 5822 3623 5877 ὅλων
3654 5829 3741 5874 και
