4054 6310
519 376 625 435 795

1786 376 1845 432 Ρ.
1885 373 2199 431 DANIELIS
2237 372 2474 431 HUETII

3664 384 3770 445 796

517 494 673 555 κόνα.
696 496 818 559 ταῖς
852 493 994 550 κατά
1031 495 1091 549 τὸ
1142 493 1364 549 δυνατὸν
1395 497 1527 566 ἡμῖν
1556 494 1785 558 ἱκεσίαις
1814 496 1910 549 καὶ
1936 492 2082 559 diuit

2200 493 2322 548 dem
2347 510 2362 548 :
2399 510 2417 544 t
2450 492 2585 560 Quia
2612 492 2777 565 igitur
2808 493 3065 552 Salvator
3088 493 3365 554 Creatoris
3389 506 3478 554 est
3503 497 3694 566 Filius,
3715 503 3768 557 in

518 603 639 642 σεσι
664 588 914 659 σέϐομεν.
940 588 1307 658 προσάγοντες
1320 587 1399 658 τῷ
1428 587 1548 660 Θεῷ
1573 587 1682 641 τῶν
1705 587 1840 642 ὅλων
1878 588 1978 652 τὰς
2011 589 2093 641 εὑ-

517 681 619 751 χὰς
645 678 732 732 διὰ
759 678 853 732 τοῦ
880 678 1212 747 Μονογενοῦς
1237 673 1462 748 αὑτοῦῷ
1482 679 1697 751 πρῶτον
1714 681 2091 753 προσφέρομεν

516 770 711 835 αὐτὰς,
736 769 1008 835 ἀξιοῦντες
1024 771 1208 834 αὐτὸν,
1235 771 1459 842 ἱλασμὸν
1480 771 1610 826 ὄντα
1636 774 1764 844 περὶ
1789 772 1897 827 τῶν
1913 775 2092 845 ἀμαρ-

515 863 647 919 τιῶν
667 863 844 934 ἡμῶν,
871 867 1242 935 προσαγαγεῖν
1269 866 1345 929 ὡς
1364 866 1627 939 ἀρχιερέα
1658 866 1757 931 τὰς
1786 866 1970 938 εὐχὰς,
1997 867 2091 920 καὶ

514 955 615 1019 τὰς
645 954 856 1021 θυσίας,
875 957 1081 1021 καὶτὰς
1109 958 1378 1024 ἐντεύξεις
1401 958 1557 1030 ἡμῶν
1576 959 1654 1031 τῷ
1669 960 1762 1012 ἐπὶ
1789 960 1923 1013 πᾶσι
1950 958 2087 1030 Θεῷ·

515 1062 569 1106 et
601 1047 845 1114 inferius,
872 1067 1021 1106 num.
1054 1050 1124 1105 26
1153 1070 1165 1105 :
1194 1052 1357 1123 Μόνῳ
1386 1051 1497 1123 γὰρ
1513 1053 1878 1122 προσευκτέον
1903 1052 1982 1123 τῷ
1997 1052 2091 1106 ἐπὶ

512 1142 623 1195 πᾶν
640 1140 777 1214 Θεῷ,
810 1142 905 1196 καὶ
926 1142 1285 1213 προσευκτέον
1310 1158 1374 1211 γε
1389 1140 1467 1213 τῷ
1490 1143 1803 1211 Μονογενεῖ,
1825 1141 1919 1196 καὶ
1941 1159 2091 1215 πρω-

511 1235 718 1307 τοτόκῳ
749 1235 929 1307 πάσης
951 1234 1204 1302 κτίσεως,
1230 1234 1388 1305 Λόγῳ
1411 1234 1569 1299 Θεοῦ,
1596 1234 1691 1288 καὶ
1721 1234 1977 1299 ἀξιωτέον
2000 1234 2092 1289 αὐ-

464 1326 469 1333 ’
509 1327 623 1392 τὸν,
646 1328 722 1391 ὡς
750 1326 1028 1399 ἀρχιερέα,
1054 1325 1154 1397 τὴν
1178 1328 1265 1380 ἐπ’
1295 1327 1457 1381 αὐτὸν
1496 1326 1779 1394 φθάσασαν
1805 1325 1963 1399 ἡμῶν
2002 1326 2093 1379 εὐ-

508 1417 613 1491 χὴν
642 1419 933 1490 ἀναφέρειν
960 1418 1054 1472 ἐπὶ
1094 1418 1185 1472 τὸν
1218 1418 1349 1472 Θεὸν
1375 1418 1562 1481 αὐτοῦ,
1597 1419 1692 1472 καὶ
1733 1418 1864 1472 Θεὸν
1907 1417 2087 1490 ἡμῶν.

509 1512 815 1581 Aliquando
848 1523 1025 1567 tamen
1061 1513 1127 1565 ad
1158 1510 1391 1567 Verbum
1422 1525 1611 1580 preces
1641 1511 1865 1582 allegari
1890 1525 2088 1566 conce-

511 1605 616 1670 dit,
646 1622 751 1661 non
780 1605 938 1676 quasi
967 1606 1078 1662 Deo
1108 1605 1254 1661 Patri
1285 1605 1610 1670 oii‘erendas.
1654 1607 1751 1664 sed
1785 1608 1937 1678 quasi
1966 1607 2090 1664 Filii

511 1698 682 1766 ipsius
709 1699 991 1769 proprias;
1027 1714 1127 1754 nec
1181 1708 1437 1769 tanquam
1470 1701 1536 1754 ad
1570 1700 1817 1771 μεσίτην,
1844 1701 1938 1755 sed
1968 1709 2088 1756 tan-

512 1806 675 1859 quam
706 1792 771 1846 ad
803 1792 977 1861 ipsum
1029 1792 1166 1847 bona
1203 1806 1300 1861 per
1327 1805 1386 1847 se
1425 1793 1736 1848 hominibus
1768 1792 1952 1865 largiri
1989 1807 2085 1846 va-

2191 600 2480 641 commune
2513 585 2728 640 Patrem
2762 584 3068 658 Filiumque
3113 587 3416 655 laudemus,
3471 590 3630 658 cujus
3660 592 3764 657 lex,

2193 677 2348 742 cujus
2374 686 2430 732 et
2460 676 2716 745 templum
2743 686 2860 745 est;
2893 696 2913 729 ι
2947 687 3003 733 et
3025 679 3218 735 homil.
3249 680 3318 735 57
3378 682 3430 736 in
3467 670 3764 737 eumdem:

2194 783 2219 818 κα
2258 766 2550 838 Propterea
2570 767 2780 821 Domini
2822 769 3252 825 misericordiam
3282 774 3661 841 deprecemur,
3704 787 3769 828 ne

2193 861 2347 916 nobis
2381 860 2687 916 tacentibus
2717 860 2926 931 lapides
2951 862 3254 929 clamitent,
3284 863 3379 919 sed
3401 863 3694 933 loquamur
3717 875 3770 922 et

2191 953 2473 1010 laudemus
2491 955 2658 1011 Deum
2684 956 2737 1011 in
2770 956 2950 1025 Patre,
2973 969 3029 1014 et
3044 957 3201 1023 Filio,
3222 967 3278 1013 et
3296 958 3502 1029 Spiritu
3519 971 3762 1017 sancto.»

2190 1048 2347 1104 Orari
2382 1050 2602 1119 quidem
2627 1050 2841 1107 Patrem
2871 1051 3027 1122 jubet
3057 1063 3114 1109 et
3154 1052 3378 1123 Filium,
3411 1054 3505 1112 sed
3543 1055 3770 1113 diverso

2190 1154 2389 1210 genere
2417 1140 2700 1196 orationis.

2263 1230 2434 1285 XXX.
2458 1230 2801 1289 Postremum
2829 1232 2933 1290 hoc
2961 1233 3322 1305 obiiciendum
3347 1236 3499 1291 venit
3520 1235 3765 1307 Origeni,
3848 1260 3855 1265 ο

2191 1324 2472 1394 Opinatum
2494 1340 2619 1380 eum
2663 1325 2886 1382 humani
2934 1327 3364 1399 redemptionem
3393 1330 3614 1399 generis
3643 1328 3768 1399 Spi-

2192 1415 2357 1471 ritum
2383 1426 2631 1472 sanctum
2656 1418 2999 1488 potissimum
3025 1419 3310 1487 decuisse;
3360 1430 3525 1489 atque
3566 1421 3619 1476 id
3650 1437 3767 1474 mu-

2191 1522 2293 1563 nus
2325 1522 2448 1563 cum
2475 1509 2627 1564 obire
2659 1525 2721 1567 ac
2754 1513 3028 1568 sustinere
3057 1513 3370 1583 neutiquam
3394 1522 3603 1583 posset,
3629 1512 3766 1570 Filio

2189 1598 2535 1668 imposuisse,
2570 1610 2759 1670 utpote
2807 1603 2901 1673 qui
2960 1620 3101 1660 unus
3149 1616 3300 1660 recte
3325 1606 3506 1675 quiret
3538 1607 3765 1675 provin-

2191 1690 2327 1745 ciam
2379 1694 2520 1747 hanc
2560 1693 2966 1750 administrare.
2990 1694 3205 1751 Prostat
3240 1706 3606 1752 commentum
3639 1696 3767 1753 iii-ad

2192 1791 2321 1837 tom.
2371 1796 2451 1847 ιι,
2487 1782 2541 1837 in
2588 1782 2773 1848 Joan.,
2808 1799 2958 1838 num.
2994 1783 3027 1839 ϐ
3056 1784 3169 1856 (Si)
3205 1802 3219 1839 :
3252 1787 3324 1839 Ἦ
3350 1785 3492 1857 τάχα
3523 1787 3645 1838 ἐστὶ
3671 1786 3766 1839 καὶ

508 1852 731 1937 lentem.
767 1852 841 1936 Ita
868 1883 959 1936 lil).
989 1899 1038 1950 ν,
1078 1852 1224 1936 num:
1258 1884 1319 1938 11
1353 1902 1366 1937 :
1418 1884 1538 1939 Κᾶν
1575 1886 1649 1957 μὴ
1676 1852 1994 1959 τηλικξῧτος
2027 1887 2082 1941 δέ

2186 1871 2342 1926 τοῦτο
2383 1876 2580 1941 εἰπεῖν,
2606 1875 2687 1929 ὅτι
2720 1874 2948 1947 ἑδεῖτοὴ
2984 1852 3158 1940 κτίσις
3181 1878 3320 1950 ὑπὲρ
3355 1852 3766 1950 τοξὲλευθερως

506 1989 594 2034 τις
616 1968 673 2042 ᾗ,
696 1972 846 2026 οὐδὲν
862 1968 1021 2044 ἦττον
1037 1972 1130 2026 καὶ
1154 1973 1182 2025 ὁ
1200 1972 1441 2037 τοιοῦτος
1461 1973 1702 2044 εὐχέσθω
1721 1974 1798 2048 τῷ
1819 1975 1976 2045 Λόγῳ
1990 1972 2085 2028 τοῦ

509 2059 647 2113 Θεοῦ
674 2060 957 2132 δυναμένῳ
980 2061 1140 2115 αὐτὸν
1183 2060 1456 2127 ἰάσασθαι,
1480 2063 1575 2117 καὶ
1602 2064 1780 2136 πολλῷ
1825 2065 1986 2118 πλέον
2009 2065 2086 2137 τῷ

507 2152 686 2225 Πατρὶ¹
718 2153 903 2219 αὐτοῦ,
953 2154 1030 2219 ὡς
1071 2155 1165 2210 καὶ
1197 2159 1310 2220 τοῖς
1342 2156 1607 2229 πρότερον
1642 2157 1870 2223 δικαίοις
1915 2159 2085 2226 ἐξαπ-

507 2244 716 2301 έστειλε
739 2247 829 2300 τὸν
858 2246 1028 2317 Λόγον
1064 2249 1282 2316 ἑαυτοῦ,
1312 2249 1407 2302 καὶ
1441 2248 1630 2303 ἰάσατο
1667 2251 1882 2315 αὐτούς.
1922 2251 2087 2307 Multo

507 2340 681 2409 magis
715 2338 893 2408 rogari
916 2340 1070 2409 jubet
1104 2338 1322 2395 Patrem
1363 2357 1526 2410 quam
1555 2342 1771 2407 Filium,
1820 2353 1874 2397 et
1904 2343 2083 2399 inten-

507 2428 634 2483 tiori
666 2442 729 2483 ac
751 2428 1026 2483 humiliori
1055 2430 1321 2486 oratione.
1360 2432 1540 2503 Atque
1565 2432 1620 2487 id
1650 2432 1754 2488 sibi
1777 2431 1964 2488 volunt
1986 2433 2088 2489 Pa-

506 2528 641 2586 tres,
673 2535 796 2574 cum
822 2519 1068 2575 clamant
1090 2521 1293 2577 dixisse
1321 2522 1470 2577 illum
1505 2539 1613 2579 non
1659 2539 1780 2580 esse
1812 2525 2080 2580 orandum

505 2624 629 2664 cum
654 2607 818 2664 Patre
848 2608 1081 2675 Filium;
1114 2610 1215 2665 hoc
1250 2619 1353 2676 est,
1392 2627 1500 2669 non
1543 2627 1664 2669 esse
1693 2614 1960 2669 orandum
1992 2614 2083 2670 iti-

505 2697 629 2753 dem
664 2707 723 2752 ut
759 2698 973 2754 Patrem
1022 2698 1242 2753 Filium.
1281 2700 1435 2758 Nunc
1476 2702 1654 2758 facilis
1684 2714 1769 2760 est
1795 2717 2085 2762 sexcento-

506 2802 627 2843 rum
658 2789 900 2845 locorum
927 2790 1255 2857 intellectus,
1284 2793 1337 2847 in
1378 2794 1576 2863 quibus
1599 2795 1817 2852 Patrem
1844 2813 1967 2853 cum
1991 2798 2085 2853 Fi-

507 2878 581 2935 lio
610 2879 753 2933 nulla
785 2882 1118 2949 precationis
1151 2885 1393 2940 adhibita
1440 2887 1792 2944 distinctione
1831 2889 2085 2960 interpel-

506 2970 621 3027 lat:
652 2973 828 3043 qualis
852 2974 940 3059 ille
964 2985 1047 3029 est
1076 2990 1142 3030 ex
1181 2976 1368 3031 licinil.
1393 2977 1428 3032 4
1481 2978 1534 3033 in
1565 2979 1786 3046 Jerem.,
1816 2997 1969 3036 num.
1999 2982 2032 3038 6
2059 3001 2076 3038 :

511 3082 532 3117 t
561 3064 694 3122 Cum
727 3064 908 3121 autem
963 3067 1243 3138 plenitudo
1277 3070 1516 3139 gentium
1576 3073 1889 3139 introierit,
1951 3085 2079 3132 tunc

504 3159 685 3214 omnis
714 3159 880 3214 Israel
919 3159 1102 3216 Salvus
1133 3162 1238 3216 erit
1265 3162 1332 3231 ⁸⁸,
1367 3174 1416 3218 et
1436 3164 1526 3233 ﬁet
1562 3181 1697 3219 unus
1718 3180 1850 3235 grex
1870 3175 1918 3219 et
1946 3183 2080 3222 unus

508 3261 695 3323 pastor
719 3251 788 3316 ⁸³,
818 3253 1018 3307 docens
1054 3253 1108 3307 in
1144 3268 1435 3310 commune
1486 3255 1742 3326 populum
1776 3271 1931 3312 suum
1965 3273 2079 3312 ma-

504 3344 764 3413 gnillcare
776 3345 1199 3414 omnipotentem
1216 3346 1499 3402 Dominum
1519 3362 1644 3402 cum
1661 3347 1878 3404 Christo
1893 3348 2041 3417 Jesu;
2055 3370 2074 3403 ι

503 3441 560 3489 et
583 3435 669 3490 ille
696 3450 763 3490 ex
806 3436 993 3493 homil.
1035 3438 1102 3493 12
1137 3438 1192 3491 in
1235 3436 1454 3507 Eseclz.,
1490 3454 1638 3494 num.
1668 3439 1703 3495 5
1735 3459 1748 3494 :
1792 3459 1811 3493 ι
1842 3439 1911 3495 Ut
1936 3459 2077 3497 nun-

503 3543 668 3597 quam
707 3533 775 3584 ad
828 3531 1037 3586 radices
1093 3540 1308 3588 nostras
1340 3542 1576 3601 ponatur
1619 3535 1844 3600 securis,
1873 3551 1993 3605 quae
2024 3538 2077 3593 in

505 3619 797 3692 Evangelio
848 3623 1197 3694 praedicatur,
1253 3625 1516 3682 attentius
1565 3623 1750 3681 Iesum
1799 3627 2077 3684 Christum

504 3712 794 3767 Dominum
824 3723 1069 3768 nostrum
1118 3730 1240 3769 cum
1286 3713 1447 3771 Patre
1480 3731 1578 3773 suo
1616 3732 1936 3788 precemur;
1972 3739 1992 3772 ›
2021 3730 2079 3776 et

503 3800 594 3855 hic
613 3816 679 3856 ex
709 3801 894 3856 homil.
929 3803 997 3858 15
1028 3804 1084 3857 in
1106 3803 1234 3857 Luc.
1263 3819 1285 3859 :
1310 3821 1330 3855 t
1358 3804 1433 3861 Ut
1466 3806 1633 3876 igitur
1664 3816 1719 3861 et
1742 3822 1841 3863 nos
1871 3818 2076 3867 stantes

504 3893 561 3948 in
590 3895 814 3962 templo,
842 3904 897 3949 et
940 3905 1182 3951 tenentes
1208 3898 1298 3951 Dei
1328 3896 1549 3965 Filium,
1597 3898 2075 3972 amplexantesquc

504 4000 652 4051 eum,
684 3985 830 4055 digni
858 3985 1176 4042 remissione
1204 3996 1258 4041 et
1276 3987 1615 4057 profectione
1640 3990 1706 4045 ad
1742 3991 1966 4047 meliora
1998 3994 2074 4047 si--

508 4091 649 4144 mus,
679 4079 1332 4148 oremusomnipotentem
1361 4080 1554 4150 Deum,
1573 4098 1791 4139 oremus
1816 4095 1871 4139 et
1898 4087 2073 4155 ipsum

502 4171 787 4239 parvulum
816 4167 1021 4234 Jesum,
1053 4186 1215 4241 quem
1256 4173 1457 4243 alloqui
1491 4184 1547 4227 et
1586 4184 1769 4230 tenere
1801 4178 2076 4234 desidera-

508 4277 627 4317 mus
649 4263 702 4317 in
731 4261 1004 4330 brachiis;
1036 4281 1055 4315 ι
1083 4274 1138 4319 et
1159 4262 1296 4318 alter
1325 4264 1426 4320 iste
1456 4279 1522 4320 ex
1540 4265 1726 4320 homil.
1748 4268 1815 4322 18
1844 4268 1897 4322 in
1928 4285 2079 4324 eum-

578 4379 631 4440 .⁵²
654 4379 810 4436 Rom.
841 4395 920 4447 ιι,
950 4378 1041 4445 25,
1079 4379 1168 4437 96.
1247 4366 1295 4411 ⁸³
1320 4377 1478 4436 Joan.
1504 4397 1560 4446 ι,
1590 4380 1679 4434 16.

2186 1963 2343 2037 θῆναι
2371 1967 2478 2021 ἀπὸ
2494 1968 2592 2036 τῆς
2623 1967 2867 2032 δουλείας
2896 1970 2996 2040 τῆς
3020 1969 3247 2042 φθορᾶς,
3271 1970 3405 2024 ἀλλὰ
3437 1970 3533 2024 καὶ
3561 1971 3626 2024 τὸ
3657 1970 3773 2024 τῶν

2184 2055 2486 2129 ἀνθρώπων
2501 2058 2677 2127 γένος.
2708 2059 2984 2132 μακαρίας
3012 2061 3108 2115 καὶ
3138 2059 3288 2125 θείας
3308 2061 3593 2131 δυνάμεως
3619 2054 3767 2114 ἔναν-

2186 2145 2533 2221 θρωπούσης,
2559 2150 2681 2221 ἥτις
2710 2149 3064 2223 διορθώσεται
3089 2152 3184 2206 καὶ
3202 2151 3272 2205 τά
3294 2152 3385 2205 ἐπὶ
3409 2151 3509 2222 τῆς
3531 2152 3658 2222 γῆς,
3675 2152 3766 2205 καὶ

2182 2228 2422 2312 ὡσπερεὶ
2447 2241 2715 2296 ὲπέὸαλλέ
2744 2260 2861 2307 πως
2894 2243 2972 2315 τῷ
3011 2244 3152 2315 ἁγίῳ
3192 2244 3467 2314 Πνεύματι
3496 2246 3530 2315 ἡ
3566 2241 3765 2313 πρᾶξις

2185 2330 2345 2403 αὕτη,
2365 2333 2463 2403 ἦντ
2473 2347 2556 2386 ινα
2578 2332 2869 2405 ὑπομένειν
2894 2336 2957 2388 οὐ
2979 2335 3274 2407 δυνάμενον
3291 2333 3655 2405 προϐάλλεται
3674 2333 3765 2388 τὸν

2184 2420 2429 2492 Σωτῆρα,
2459 2422 2534 2487 ὠς
2572 2422 2632 2477 τὸ
2656 2423 2971 2497 τηλικοῦτον
3003 2421 3163 2480 ἆθλον
3206 2426 3364 2498 μόνον
3396 2427 3642 2496 ἐνεγκεῖν
3671 2425 3759 2478 δυ⁴

2184 2513 2432 2583 νάμενον.
2457 2513 2658 2570 Contra
2684 2516 2802 2570 eam
2824 2515 3135 2586 opinionem
3157 2526 3493 2587 consurgunt
3516 2516 3760 2570 universi

2182 2598 2395 2665 Patres,
2432 2611 2485 2656 et
2518 2618 2630 2672 pra:
2655 2604 2880 2675 reliquis
2900 2604 3184 2661 Trinitatis
3209 2614 3409 2661 sanctae
3434 2606 3685 2674 personis
3712 2606 3761 2661 id

2183 2690 2361 2760 operis
2383 2691 2521 2746 Filio
2559 2694 2829 2763 praecipue
2857 2693 3172 2749 convenisse
3200 2696 3602 2759 demonstrant,
3628 2709 3759 2748 cau-

2184 2796 2383 2851 sasque
2408 2780 2572 2851 huius
2607 2782 2838 2837 reddunt
2891 2782 3218 2851 multiplices
3255 2794 3310 2838 et
3362 2784 3590 2848 validas,
3624 2799 3759 2862 qua:

2182 2888 2303 2928 rum
2334 2874 2425 2930 hic
2455 2873 2761 2943 explicandi
2793 2874 2944 2931 locus
2972 2890 3081 2930 non
3116 2884 3221 2931 est.
3246 2876 3460 2932 Patrem
3491 2886 3673 2933 tamen
3696 2891 3757 2932 ac

2186 2963 2449 3035 Spiritum
2476 2975 2724 3020 sanctum
2759 2964 2951 3023 eodem
2979 2966 3157 3024 oiiicio
3186 2968 3332 3024 haud
3364 2984 3522 3024 secus
3559 2985 3624 3025 ac
3660 2969 3753 3024 Fi-

2181 3058 2314 3113 lium
2349 3057 2565 3129 defungi
2589 3060 2828 3129 potuisse
2848 3060 3151 3116 communis
3180 3072 3261 3116 est
3291 3060 3546 3116 Etclesia:
3569 3060 3757 3117 catho-

2184 3148 2304 3204 licae
2340 3148 2609 3215 doctrina,
2637 3164 2870 3219 eamque
2903 3158 3084 3206 tuetur
3106 3148 3344 3205 Thomas
3378 3159 3524 3220 part.
3576 3164 3663 3215 ιιι,
3699 3166 3757 3218 q.

2187 3240 2246 3305 5,
2272 3255 2326 3295 a.
2357 3239 2409 3294 5.
2447 3240 2616 3295 Favet
2647 3240 3000 3296 nihilominus
3027 3240 3242 3312 Origeni
3286 3240 3594 3307 Anselmus,
3622 3242 3711 3312 qui
3738 3285 3754 3308 ,

2188 3334 2293 3390 alio
2350 3333 2583 3390 fortasse
2628 3350 2924 3405 persuasus
2957 3343 3272 3406 argumento
3331 3350 3436 3389 non
3467 3334 3631 3389 aliam
3662 3349 3754 3403 pu-

2187 3424 2358 3480 tuisse
2394 3425 2549 3481 carni
2582 3440 2695 3481 suae
2737 3426 2987 3483 humanae
3016 3426 3214 3498 illigari
3277 3440 3566 3495 personam
3596 3442 3754 3497 quam

2185 3515 2381 3571 Filium
2411 3517 2549 3572 dixit
2570 3518 2621 3572 in
2646 3532 2714 3574 eo
2741 3532 2927 3587 opere,
2948 3517 3036 3573 cui
3058 3517 3269 3572 titulum
3305 3517 3452 3583 fecit,
3477 3517 3591 3573 Cur
3622 3516 3755 3572 Deus

2184 3608 2358 3661 homo.
2400 3626 2419 3659 t
2457 3606 2722 3673 Quoniam
2760 3622 2912 3677 ergo,
2961 3607 3158 3678 inquit,
3211 3606 3488 3677 quodlibet
3531 3622 3753 3677 parvum

2181 3696 2572 3753 inconveniens
2604 3698 2659 3752 in
2698 3699 2808 3753 Deo
2827 3707 2912 3754 est
2937 3697 3293 3768 impossibile,
3314 3715 3418 3754 non
3441 3699 3627 3755 debuit
3647 3699 3752 3754 alia

2181 3803 2413 3858 persona
2447 3788 2746 3855 incarnari,
2782 3805 2945 3860 quam
2981 3788 3174 3844 Filius.
3204 3809 3224 3843 ι

2742 3880 3067 3949 ΩΟΑΞΒΤΙΟ
3105 3881 3192 3937 ΙΙΙ.

2213 3984 2280 4024 DE
2312 3986 2559 4037 οιιιιιετο,
2592 3987 2819 4036 ειυεριεε
2865 3989 3257 4029 1ΝΟΔΒΝΔΤΙΟΝΕ
3277 4016 3289 4037 ,
3315 3991 3385 4029 ΕΤ
3416 3989 3723 4031 (ECONOIIA.

2183 4062 2222 4118 I.
2264 4064 2509 4136 Plurima
2544 4067 2607 4121 de
2629 4066 2837 4121 Christo
2876 4069 3072 4121 absona
3101 4067 3349 4136 Origenes
3380 4069 3624 4133 opinatus
3653 4076 3748 4121 est.

2252 4136 2314 4208 ΙΙ.
2344 4134 2531 4190 Utrum
2563 4137 2828 4191 Christum
2852 4134 3266 4208 substantialit'er
3299 4143 3351 4192 in
3391 4136 3603 4208 Moyse,
3630 4153 3751 4204 pro-

2254 4206 2422 4275 phetis
2463 4216 2513 4261 et
2564 4208 2766 4276 augetis
2814 4207 3052 4276 adfuisse
3090 4208 3328 4262 senserit.
3375 4208 3459 4261 ΙΙΙ.
3488 4206 3499 4208 ἡ
3525 4206 3747 4260 Patrum

2258 4277 2543 4331 multorum
2582 4294 2798 4331 assensu
2823 4287 2872 4332 et
2906 4294 3005 4332 sua
3035 4276 3198 4349 ipsius
3236 4279 3580 4348 ﬂuctuatione
3605 4278 3750 4341 iuva-

509 4507 563 4554 et
592 4494 785 4574 Filium
834 4494 939 4574 non
966 4494 1265 4574 auctiorem
1302 4494 1757 4574 conjunctiopem,
1801 4498 2076 4574 quamin-
2106 4510 2152 4566 Ι)
2181 4504 2441 4567 xurianti,
2501 4504 2642 4559 hanc
2693 4502 3059 4574 conjecturam
3098 4504 3371 4574 proponit,
3402 4502 3437 4573 ἢ
3469 4503 3613 4573 τάχα
3635 4504 3749 4559 ἐστὶ

510 4578 592 4622 ter
620 4563 803 4636 ﬁdeles
836 4564 1089 4636 admitti?
1117 4564 1464 4636 Nequaquam
1501 4563 1765 4634 profecto,
1807 4563 2075 4636 siquidem

509 4634 833 4692 identitatem
879 4634 1173 4690 voluntatis
1212 4634 1415 4690 ibidem
1449 4635 1502 4688 in
1534 4643 1764 4703 utroque
1802 4634 2069 4693 defendit.

511 4705 627 4761 Non
681 4703 852 4774 magis
902 4709 1243 4759 metuendum
1278 4707 1379 4760 hoc
1414 4702 1535 4760 loco
1586 4702 1691 4770 est,
1739 4721 1808 4760 ne
1838 4708 2075 4763 debitam

510 4775 653 4834 Filio
683 4774 1048 4829 adorationem
1081 4775 1241 4829 lzedat
1269 4777 1494 4844 petitum
1521 4789 1585 4829 ex
1634 4774 1770 4829 Isaia
1804 4777 2080 4832 adoratio-

513 4850 598 4902 nis
618 4845 943 4912 exettiplum.
973 4875 1043 4886 --
1072 4846 1129 4898 ι).
1161 4844 1415 4899 Prudent.
1447 4845 1661 4911 Manu,
1697 4845 1770 4899 De
1808 4846 2080 4902 divinitate

514 4916 710 4973 Christi
744 4913 839 4968 lib.
869 4929 945 4978 tv,
989 4928 1106 4986 cap.
1136 4914 1224 4986 16,
1258 4930 1409 4968 num.
1441 4915 1469 4986 ἶ
1515 4926 1571 4969 et
1596 4918 1649 4968 8.
1688 4916 1816 4986 Vide
1859 4917 2083 4986 insuper

516 4998 674 5042 notas
701 4986 899 5039 eruditi
936 4985 1088 5053 Angli
1122 4987 1174 5038 in
1211 4985 1405 5038 librum
1433 4984 1683 5052 Origenis
1710 4984 1786 5039 De
1813 4984 2077 5052 oratione,

517 5059 615 5110 sub
643 5058 801 5111 tinem
838 5057 964 5109 tomi
1027 5056 1193 5108 nostri
1242 5055 1458 5123 prioris.
1496 5054 1631 5108 Vide
1659 5064 1713 5108 et
1742 5055 1952 5108 Bullum
1983 5057 2083 5111 De.

518 5126 649 5250 gens.
677 5123 1077 5249 ﬁdeisNicwntc,
1104 5126 1169 5179 de
1184 5122 1301 5179 Filii
1324 5122 1400 5193 τῷ
1413 5124 1701 5197 ὁμοουσίῳ,
1716 5134 1849 5181 sect.
1879 5126 1935 5192 2,
1958 5141 2080 5198 cap.

557 5234 574 5250 .
604 5211 748 5248 num.
852 5234 865 5247 .

604 5211 748 5248 num.
779 5198 865 5249 15.

557 5234 1316 5333 commentum
1367 5262 1500 5316 illud
1536 5274 1662 5318 tom.
1695 5280 1734 5319 ιι
1787 5265 1846 5320 in
1891 5264 2079 5328 Joan.,

522 5350 675 5407 num.
697 5334 750 5407 ti.
780 5335 853 5407 _Eo
877 5335 990 5390 loco
1018 5336 1212 5404 quaerit
1236 5335 1492 5407 Origenes
1514 5337 1781 5401 quomodo
1811 5338 1925 5391 tieri
1958 5353 2084 5407 pos-

524 5406 617 5468 sit,
634 5405 676 5457 si
704 5403 937 5474 Spiritus
968 5401 1187 5460 sanctus
1223 5419 1319 5472 per
1363 5401 1557 5456 Filium
1607 5407 1837 5471 exsistit,
1876 5418 1933 5459 nt
1958 5401 2084 5474 ipse

524 5474 863 5546 Filiusapud
880 5472 1066 5529 lsaiam
1094 5476 1316 5546 missum
1342 5489 1398 5528 se
1421 5474 1562 5546 dicat
1584 5490 1612 5526 a
1639 5475 1868 5530 Domino
1886 5487 1941 5531 et
1962 5472 2083 5546 Spi-

525 5547 631 5600 ritu
667 5544 802 5612 ejus.
833 5542 1130 5611 Respondet
1157 5545 1353 5612 primo,
1384 5561 1404 5595 t
1423 5544 1642 5598 missum
1672 5559 1791 5599 esse
1812 5542 2081 5600 Christum

524 5630 555 5669 a
594 5613 819 5684 Spiritu,
853 5628 958 5666 non
982 5617 1122 5682 quod
1156 5617 1200 5667 is
1234 5626 1424 5667 natura
1452 5615 1795 5683 praestantior
1847 5616 1941 5679 sit,
1984 5616 2077 5670 sed

523 5695 744 5754 prapter
772 5684 1124 5754 oeconomiam
1157 5684 1539 5738 incarnationis
1568 5684 1689 5738 Filii
1718 5684 1808 5739 Dei
1837 5686 2087 5740 Salvato-

523 5752 600 5809 i'is
621 5756 710 5823 qui
757 5768 816 5807 se
854 5753 997 5823 intra,
1026 5752 1283 5823 Spiritum
1327 5755 1618 5810 imminuit.
1650 5772 1669 5805 ι
1699 5756 1902 5809 Deinde
1928 5769 2079 5815 vero.

522 5833 581 5879 ut
604 5821 723 5880 erat
749 5823 962 5891 ingenio
991 5822 1042 5877 in
1074 5821 1339 5889 ejusmodi
1367 5826 1527 5883 rebus
1575 5825 1948 5888 excogitandis
1995 5824 2083 5879 lu-

2179 4576 2274 4630 καὶ
2302 4574 2461 4627 τοῦτο
2491 4576 2668 4627 εἰπεῖν
2704 4574 2786 4627 ὅτι
2814 4573 2982 4645 ἐδεῖτο
3028 4576 3062 4645 ἡ
3093 4573 3288 4645 κτίσις,
3317 4583 3423 4645 etc.
3481 4574 3748 4642 Duplicetn

2179 4645 2270 4700 hic
2304 4658 2545 4698 errorem
2581 4646 2809 4713 castigat
2844 4643 3091 4700 Huetius.
3133 4643 3240 4698 Sed
3279 4643 3362 4695 vir
3394 4644 3740 4713 doctissimus

2180 4715 2357 4785 minus
2376 4711 2762 4769 animadvertit
2801 4714 2930 4769 illud
2978 4714 3239 4785 ὡσπερεὶ,
3287 4714 3427 4782 quod
3462 4711 3748 4783 Origenem

2181 4784 2356 4855 ﬁgura
2393 4784 2624 4852 quadam
2656 4785 2918 4839 orationis
2943 4786 3019 4839 uti
3049 4784 3405 4846 demonstrat,
3453 4797 3517 4837 ac
3548 4799 3750 4854 nequa-

2181 4870 2345 4924 quam
2377 4856 2559 4908 dicere
2612 4856 3041 4909 incarnationem
3078 4855 3301 4924 Spiritui
3336 4862 3524 4909 sancto
3577 4856 3747 4921 potis-

2181 4927 2375 4979 simum
2424 4926 2765 4990 convenisse,
2819 4938 3050 4994 cumque
3085 4926 3186 4978 hoc
3218 4939 3418 4979 munus
3479 4928 3748 4979 sustinere

2181 5009 2288 5048 non
2319 4995 2596 5063 potuisse;
2634 4998 2729 5048 sed
2758 4997 2910 5063 quasi
2937 4998 2984 5049 ei
3025 4996 3358 5057 conveniret,
3383 5009 3447 5047 ac
3479 4995 3746 5049 sustinere

2184 5079 2289 5118 non
2321 5074 2525 5133 posset,
2558 5064 2631 5117 ita
2662 5064 2932 5133 Salvatori
2965 5064 3242 5119 detulisse.
3283 5063 3418 5117 Nam
3451 5079 3574 5118 cum
3601 5075 3747 5118 certo

2184 5132 2395 5188 teneret
2410 5133 2670 5204 Origenes
2693 5133 2885 5188 Filium
2903 5132 3106 5204 Spiritu
3127 5143 3315 5188 sancto
3349 5133 3605 5202 majorem
3629 5148 3748 5190 eset:

2187 5205 2397 5258 ratione
2417 5203 2663 5273 originis,
2701 5219 2801 5258 nec
2822 5204 2888 5258 ab
2919 5203 2985 5259 eo
3020 5204 3159 5258 mitti
3187 5220 3366 5273 posse,
3397 5205 3601 5272 quippe
3625 5218 3744 5257 cum

2184 5273 2414 5343 Spiritus
2440 5271 2661 5327 sancttl’s
2681 5288 2778 5341 per
2800 5273 2992 5328 Filium
3018 5271 3266 5337 exsistat,
3286 5275 3367 5328 sic
3388 5271 3541 5328 Isaia:
3573 5273 3744 5327 locum

2183 5344 2560 5413 explicandum
2589 5345 2825 5413 putavit,
2855 5354 2915 5398 ut
2944 5344 3111 5399 Filius
3136 5358 3242 5398 non
3273 5355 3332 5398 ιιι
3353 5359 3384 5398 a
3412 5344 3744 5414 tnajore,sed

2184 5424 2241 5468 ut
2272 5430 2301 5466 a
2335 5428 2566 5483 persona
2592 5427 2659 5484 ex
2694 5414 2811 5480 ipso
2836 5415 3162 5484 procedente
3194 5426 3248 5469 et
3280 5417 3382 5470 hoc
3420 5429 3619 5468 munus
3652 5416 3749 5468 ho-

2185 5484 2335 5538 noris
2372 5498 2534 5537 causa
2565 5482 2852 5538 deferente
2885 5486 3081 5538 missus
3125 5485 3417 5541 diceretur.
3448 5484 3743 5537 Perabsnr—

2185 5555 2310 5607 dum
2340 5568 2469 5624 ergo
2500 5553 2638 5624 i'oret
2667 5553 2718 5606 id
2747 5554 2890 5622 quod
2920 5556 3178 5622 Origenes
3207 5569 3312 5609 ase
3336 5554 3465 5624 tingi
3485 5553 3743 5624 declarat,

2184 5632 2245 5677 ut
2273 5623 2743 5691 gernianissimarn
2765 5624 2885 5692 ejus
2904 5624 3224 5679 sententiam
3283 5623 3552 5692 accipere.
3582 5651 3655 5663 —
3680 5623 3744 5692 D.

2184 5691 2441 5818 ςῦιῶιεῖῧ
2473 5692 2690 5762 Manu,
2726 5690 2806 5750 De
2831 5693 3034 5750 diuinit.
3067 5691 3262 5750 Christi
3286 5694 3381 5752 lib.
3404 5690 3493 5761 tv,
3516 5706 3640 5764 cap.
3663 5690 3747 5757 16.

2206 5779 2220 5816 ι
2322 5799 2337 5816 .
2445 5801 2458 5817 .

2186 5777 2337 5819 ιιυιιι.
2372 5777 2458 5818 1υ.
