4054 6310
554 355 656 412 799

1822 371 1886 426 P.
1925 370 2259 428 DANIELIS.
2281 369 2515 427 HUETII

3685 367 3793 424 800

547 485 674 534 1m;
693 471 794 543 τῆς
817 473 1040 548 Γρᾳφῆς
1065 478 1311 549 ἀγγέλων
1341 483 1607 552 λεγόντων
1631 482 1821 556 ὥσπερ
1858 485 1950 538 ἐπὶ
1985 485 2078 538 τοῦ

2226 493 2468 551 ventum,
2495 483 2761 540 mediator
2791 483 3007 552 quidem
3037 490 3158 540 erat
3184 483 3486 548 hominum,
3518 481 3616 538 sed
3659 499 3792 538 non-

550 563 742 635 Ὠφθη
783 570 1035 641 ἅγγελος
1076 577 1296 642 Κιφίου
1335 578 1406 631 ἐν
1441 581 1581 649 πυρὶ
1637 580 1864 651 φλογὸς
1901 580 2117 648 βάτου,

546 657 647 752 asal
675 657 869 752 εἶπεν,
911 664 1025 733 ἐγὼ
1067 667 1212 735 Θεὸς
1266 671 1542 743 Ἀϐραὰμ,
1589 674 1690 729 καὶ
1753 675 1984 752 Ἰσαὰκ,
2018 676 2118 730 καὶ

536 749 796 814 ,Ἰακώϐο
839 754 974 810 ἀλλὰ
1016 760 1109 813 καὶ
1150 763 1180 814 ὁ
1239 763 1465 829 Ἡσαΐας
1511 767 1642 838 φησι
1663 783 1678 800 ο
1728 750 2008 825 Κααεῖται
2049 770 2119 824 τὸ

543 841 734 912 ὄνομα
761 847 968 914 αὑτοῦ,
991 853 1260 923 μεγάλης
1273 856 1512 930 ,βουλῆς
1543 862 1848 932 Ἄγγελος.
1879 862 1945 918 Et
1967 863 2119 919 initio

548 931 677 986 tonui
717 940 996 1004 sequentis
1033 941 1200 999 docet
1245 944 1437 1002 Filium
1495 949 1586 1005 Dei
1643 931 1868 1008 missum
1914 969 2036 1011 esse
2084 971 2116 1011 a

542 1020 709 1078 Patre
735 1027 803 1080 ad
836 1031 1163 1100 pr0pbetas;
1200 1045 1254 1091 et
1288 1052 1412 1092 cum
1443 1039 1725 1112 Scriptura
1767 1044 1845 1099 ait
1884 1063 1899 1100 :
1929 1046 2116 1103 Sermo

541 1113 716 1184 factus
739 1128 813 1172 est
839 1123 909 1175 ad
929 1122 1142 1193 Oscam,
1165 1127 1244 1184 sic
1268 1129 1400 1186 illud
1428 1131 1858 1205 intelligendum,
1879 1139 2112 1195 Verbum

544 1209 638 1265 Dei
691 1213 915 1270 missum
970 1233 1092 1274 esse
1141 1221 1208 1276 ad
1254 1221 1470 1280 Oscam.
1514 1223 1658 1280 Idem
1715 1228 1878 1285 habet
1926 1243 2116 1287 auctor

535 1303 779 1360 homil.l
813 1306 868 1362 in
911 1308 1154 1367 diversos
1192 1327 1204 1362 :
1245 1332 1263 1365 ι
1303 1314 1536 1373 Abrahae
1581 1317 1728 1375 Patri
1773 1323 2112 1384 credentium

542 1393 714 1450 tribus
741 1395 892 1452 horis
930 1402 1212 1470 temporis,
1238 1403 1365 1460 licet
1393 1422 1500 1462 non
1535 1424 1634 1478 per
1662 1410 1833 1483 ipsam
1865 1414 2112 1473 ineil'ahi-

530 1485 644 1541 lem
673 1488 900 1547 Deitatis
930 1493 1316 1564 substantiam,
1349 1501 1445 1555 sed
1475 1503 1654 1571 potius
1684 1522 1781 1576 per
1806 1511 2110 1579 angelicam

535 1579 777 1645 speciem
805 1595 836 1636 a
875 1584 1106 1641 meridie
1137 1588 1286 1644 visus
1315 1601 1396 1646 est
1426 1610 1440 1647 :
1480 1595 1640 1652 nobis
1676 1599 1891 1670 triginta
1939 1604 2111 1661 tribus

535 1669 695 1724 annis
729 1672 779 1727 in
823 1682 964 1729 terra
993 1681 1264 1748 apparuit,
1299 1691 1353 1738 et
1390 1700 1512 1740 cum
1545 1669 1854 1749 hominibus
1885 1711 2111 1752 conver-

534 1763 643 1818 sari
693 1764 940 1832 dignatus
983 1779 1066 1825 est
1099 1772 1166 1828 ⁵⁸.
1229 1772 1400 1831 Jaeob
1455 1781 1620 1835 etiam
1665 1785 1817 1840 brevi
1867 1796 2109 1859 tempore

532 1869 634 1924 per
676 1860 926 1928 angelum
954 1863 1304 1925 nihilominus
1348 1874 1598 1942 apparuit
1633 1876 1938 1937 colluctans
1983 1897 2105 1938 cum

531 1961 617 2011 eo,
653 1968 672 2002 ι
699 1959 804 2008 etc.

604 2039 691 2095 lli.
740 2044 1145 2114 Reprehensum
1200 2051 1372 2112 fuisse
1415 2057 1471 2113 id
1513 2059 1565 2114 in
1602 2059 1835 2134 Origene
1882 2065 2108 2122 adnotat

533 2133 718 2191 Skttts
769 2140 1026 2198 Senensis
1077 2144 1174 2203 lib.
1227 2162 1296 2214 ν,
1336 2166 1464 2206 ann.
1517 2153 1642 2220 105,
1699 2133 1793 2212 sed
1819 2159 2103 2230 Augustini

529 2231 790 2303 sulfragio
819 2232 1078 2296 defendit.
1120 2240 1469 2302 Consimilem
1515 2263 1649 2305 sane
1694 2251 1926 2320 professi
1978 2264 2102 2309 sunt

527 2322 828 2380 doctrinam
864 2327 1052 2386 Patres
1095 2335 1304 2406 antiqui
1343 2338 1688 2408 complures,
1723 2358 1828 2398 non
1867 2344 2104 2416 Origene

526 2413 702 2468 solum
731 2420 1078 2487 vetustiores,
1106 2425 1190 2479 vel
1229 2428 1416 2496 coaevi,
1450 2431 1545 2485 sed
1573 2436 1906 2492 recentiores
1936 2413 2100 2493 etiam

525 2519 582 2563 et
620 2509 836 2567 Nicaena
883 2519 1093 2587 synodo
1138 2523 1489 2589 posteriores.
1537 2525 1740 2583 Horum
1781 2531 1996 2588 nomina
2047 2543 2103 2588 et

528 2598 648 2656 loca
699 2604 911 2676 colligit
961 2607 1235 2668 Pamelius
1285 2615 1338 2669 in
1403 2615 1708 2675 Paradoxis
1759 2621 2097 2692 Tertulliani,

527 2706 651 2786 cap.
682 2695 749 2750 19
788 2713 802 2748 :
849 2697 1187 2768 collegerunt
1232 2706 1462 2762 subinde
1506 2719 1560 2764 et
1607 2711 1720 2768 alii.
1776 2713 1853 2768 Ex
1908 2717 2102 2786 quibus

525 2783 662 2841 locis
684 2785 853 2856 liquet
891 2804 1206 2858 persuasum
1247 2796 1334 2850 his
1378 2798 1548 2856 fuisse
1585 2801 1840 2860 Patribus
1891 2783 2097 2864 morem

524 2874 672 2932 Patri
727 2891 1006 2950 gerentem
1059 2883 1260 2941 Filium
1320 2889 1652 2957 patriarchis
1715 2898 2096 2966 aspectabilem

525 2985 649 3025 sese
679 2972 995 3039 praebuisse,
1025 2975 1251 3046 Deique,
1284 2981 1492 3050 angeli,
1522 2985 1608 3038 vel
1638 2985 1846 3042 Domini
1877 2991 2094 3046 nomina

524 3061 693 3116 fuisse
721 3065 1007 3132 sortitum;
1039 3076 1094 3121 et
1119 3083 1456 3142 quascunque
1485 3072 1539 3127 in
1568 3074 1897 3134 Testamenti
1932 3078 2094 3136 Vete-

522 3153 600 3207 ris
631 3153 853 3208 historia
894 3171 923 3210 a
967 3157 1076 3213 Deo
1107 3158 1248 3213 facta
1281 3161 1542 3232 legimus,
1577 3163 1770 3221 Filium
1818 3180 2092 3226 auctorem
2123 3183 2164 3240 ο

524 3244 798 3301 habuisse.
830 3249 1083 3306 Attamen
1125 3267 1234 3308 non
1271 3251 1324 3308 iu
1355 3269 1418 3310 ea
1466 3257 1572 3313 sibi
1627 3269 1840 3316 constat
1879 3275 2096 3319 senten-

522 3335 596 3389 tia
625 3347 814 3394 noster
859 3338 1153 3411 Origenes,
1196 3360 1321 3400 nam
1371 3352 1593 3404 easdem
1647 3367 1860 3422 quoque
1915 3367 2096 3425 partes

523 3439 912 3499 nonnunquam
970 3433 1082 3489 Deo
1130 3434 1281 3490 Patri
1337 3438 1548 3495 videtur
1598 3442 2098 3509 assignare:velut

529 3518 717 3576 homil.
767 3521 802 3576 5
847 3523 902 3578 in
959 3523 1090 3580 Luc.
1121 3542 1141 3581 :
1176 3545 1194 3579 ε
1235 3526 1422 3583 Gratia
1465 3530 1595 3598 Dei,
1655 3533 1870 3604 inquit,
1902 3535 2005 3592 fuit
2039 3549 2096 3594 ut

521 3620 808 3678 appareret
854 3612 1156 3685 Abraham,
1209 3617 1292 3672 vel
1337 3620 1553 3676 caeteris
1605 3625 1885 3693 prophetis
1929 3641 1944 3678 :
1986 3642 2092 3682 non

521 3700 662 3769 quod
694 3704 886 3762 oculus
917 3715 1122 3763 tantum
1157 3711 1339 3767 cordis
1364 3711 1637 3770 Abraham
1681 3717 1733 3770 in
1768 3733 1930 3774 causa
1973 3721 2092 3776 fue-

524 3795 614 3862 rit,
650 3805 709 3850 ut
739 3809 987 3855 cerneret
1027 3801 1228 3868 Deum;
1258 3806 1353 3860 sed
1400 3807 1543 3876 quod
1576 3811 1753 3878 gratia
1811 3811 1905 3867 Dei
1953 3814 2094 3871 ultro

520 3900 581 3940 se
611 3889 977 3958 aspiciendam
1008 3894 1308 3962 'praebuerit
1362 3899 1479 3954 viro
1520 3901 1693 3971 justo.
1748 3902 1864 3960 Hoc
1910 3916 2090 3964 autem

520 3985 628 4026 non
670 3975 842 4030 solum
893 3993 1057 4048 super
1087 3981 1198 4038 Deo
1228 3984 1392 4042 Patre
1441 3989 1735 4061 intelligas,
1786 3994 1881 4049 sed
1927 3997 2090 4052 etiam

518 4077 680 4132 super
705 4064 937 4123 Domino
968 4069 1270 4138 Salvatore,
1297 4087 1352 4132 et
1377 4094 1541 4150 super
1575 4082 1778 4154 Spiritu
1826 4097 2038 4143 sancto.
2067 4107 2086 4145 ι

591 4152 680 4213 lV.
723 4155 827 4226 Qui
858 4157 1052 4216 Filium
1081 4161 1197 4231 Dei,
1227 4167 1539 4239 priusquam
1569 4152 1866 4230 humanum
1902 4178 2092 4236 indue-

519 4257 606 4302 ret
636 4262 852 4320 corpus,
887 4251 939 4306 in
971 4255 1199 4324 angelis,
1232 4259 1560 4328 patriarchis
1591 4274 1647 4319 et
1682 4267 1963 4335 prophetis
1993 4272 2092 4326 ad-

522 4343 688 4398 fuisse
719 4345 948 4412 dixerit;
979 4345 1073 4404 Dei
1097 4363 1314 4422 quoque
1340 4362 1395 4409 et
1423 4355 1703 4414 hominum
1734 4362 2089 4421 mediatorem

517 4440 645 4487 tunc
668 4431 856 4502 luisse,
891 4437 1276 4494 internuntium
1301 4482 1316 4509 ,
1341 4453 1396 4497 et
1415 4456 1756 4514 sequestrum
1784 4451 1967 4509 dicere
1996 4471 2090 4512 nc-

515 4539 671 4579 cesse
717 4537 818 4581 est.
871 4527 1021 4584 Hanc
1075 4535 1386 4600 dogmatum
1432 4543 1880 4610 consequentiam
1914 4549 2086 4605 tenuit

2200 4541 2261 4595 ad
2300 4539 2528 4596 Paulum
2581 4542 2998 4600 Santosalenutn
3038 4563 3053 4600 :

515 4617 798 4711 Origenes,
828 4635 883 4678 et
910 4625 1000 4695 qui
1031 4627 1184 4696 prius
1207 4627 1336 4684 illud
1363 4643 1657 4704 posuerat,
1690 4635 1918 4693 alterum
1951 4655 2086 4711 quo-

521 4724 625 4802 que
656 4710 762 4766 hoc
791 4715 1054 4771 decrevit.
1081 4715 1259 4774 Verba
1305 4722 1473 4790 ipsius
1517 4725 1776 4784 debemus
1816 4710 2085 4802 Apologia:

516 4800 784 4873 Pamphili
805 4822 870 4860 ex
900 4805 992 4863 lib.
1023 4825 1081 4863 ιιι
1111 4811 1164 4863 in
1187 4810 1360 4880 Epist.
1389 4816 1458 4868 ad
1490 4815 1692 4874 Coloss.
1719 4835 1738 4874 :
1772 4838 1792 4872 ‹
1833 4800 1961 4876 Data
1987 4800 2086 4881 est

516 4901 719 4958 autem,
751 4893 950 4965 inquit,
981 4897 1067 4952 lex
1107 4897 1272 4972 Moysi
1320 4918 1414 4971 per
1452 4906 1672 4974 angelos
1720 4910 1773 4961 in
1827 4924 1988 4964 manu
2029 4921 2083 4966 et

510 4986 710 5042 virtute
743 4989 1056 5045 mediatoris
1077 4990 1279 5047 Christi
1308 4994 1353 5024 ⁶⁰
1374 5011 1391 5061 ;
1416 4997 1504 5062 qui
1537 5013 1657 5052 cum
1682 5009 1826 5055 esset
1852 5002 1906 5056 in
1931 5003 2082 5071 prin-

512 5079 655 5148 cipio
691 5079 925 5137 Verbum
960 5082 1088 5152 Dei,
1135 5095 1190 5140 et
1233 5087 1372 5156 apud
1420 5087 1588 5144 Demu
1619 5102 1795 5158 esset,
1837 5104 1893 5148 et
1942 5096 2082 5152 Deus

512 5183 654 5227 esset
701 5173 934 5232 Verbum
982 5177 1062 5247 ⁶¹,
1108 5178 1258 5236 Patri
1308 5181 1362 5235 in
1407 5184 1657 5240 omnibus
1731 5188 2079 5246 ministravit.

516 5267 706 5331 Omnia
755 5273 896 5328 enim
931 5289 1025 5343 per
1068 5274 1239 5342 ipsum
1277 5275 1421 5344 facta
1472 5289 1590 5332 sunt
1619 5277 1684 5344 ",
1737 5278 1790 5334 id
1846 5290 1926 5337 cst
1976 5299 2080 5337 non

511 5361 684 5416 solum
708 5374 990 5432 creaturas,
1011 5369 1106 5422 sed
1135 5377 1192 5422 et
1214 5369 1319 5432 lex,
1344 5376 1399 5422 et
1430 5372 1736 5438 prophetae;
1767 5383 1825 5427 et
1855 5373 2082 5443 ipsemet

507 5464 593 5509 est
624 5455 886 5510 mediator
909 5458 1004 5512 Dei
1039 5469 1087 5514 et
1115 5459 1382 5515 hominum
1423 5461 1490 5519 “.
1539 5463 1693 5530 Quod
1747 5465 1979 5521 Verbum
2029 5469 2082 5521 in

509 5545 618 5603 ﬁne
670 5547 885 5618 quidem
939 5551 1259 5608 seculorum
1307 5555 1471 5612 homo
1541 5555 1718 5611 factus
1778 5566 1866 5613 est
1922 5555 2080 5619 Jesus

507 5637 796 5707 Christus,
828 5644 922 5696 sed
958 5653 1085 5699 ante
1112 5645 1256 5701 hunc
1285 5646 1637 5702 manifestum
1671 5647 1728 5702 in
1773 5663 1934 5705 carne
1973 5648 2076 5703 ad-

579 5757 625 5835 ξξ
664 5755 872 5835 βπυειι
903 5773 987 5835 |_l_|_.
1015 5759 1105 5835 58-
1206 5763 1250 5796 °°
1275 5763 1453 5822 Galat.
1488 5781 1573 5835 ιιι,
1606 5765 1691 5822 l9.

510 5827 555 5860 ”
586 5826 761 5882 Gal-al.
794 5841 874 5896 ιιι,
909 5830 994 5897 l9,
1026 5831 1115 5886 ΞΟ.

1776 5765 1830 5841 ,⁸⁸
1867 5764 2025 5828 Joan.
2059 5770 2207 5840 1,1.

2222 577 2348 632 dum
2386 585 2504 632 erat
2530 577 2714 631 homo.
2759 575 2884 628 Erat
2913 585 3092 630 tamen
3123 585 3180 631 et
3224 586 3351 630 tunc
3382 571 3650 630 mediator
3695 573 3792 630 Dei

2221 679 2276 726 et
2303 669 2579 724 hominum
2609 685 2622 721 :
2653 665 2794 722 unde
2822 676 2878 721 et
2908 666 3034 720 data
3088 666 3174 721 lex
3223 681 3321 738 per
3374 665 3630 736 angelos,
3676 666 3792 721 sine

2221 761 2388 833 ipsius
2414 757 2727 814 mediatoris
2766 757 3018 812 manibus
3065 757 3190 812 data
3233 772 3358 813 esse
3411 772 3517 812 non
3565 756 3790 821 dicitur,

2218 864 2279 910 ut
2302 861 2444 910 esset
2472 853 2558 907 lea:
2585 861 2790 914 sancta,
2806 860 2853 904 et
2874 850 3182 904 mandatum
3203 861 3463 912 sanctum,
3484 859 3534 903 et
3559 847 3788 918 justum,

2217 953 2266 1000 et
2292 943 2480 998 bonum
2498 941 2567 1008 “,
2596 950 2654 996 et
2680 939 2859 996 omnia
2892 938 3007 995 haec
3033 939 3503 995 sanctiﬁcarentur
3547 955 3576 992 a
3633 937 3791 993 Chri-

2217 1043 2324 1089 sto.
2360 1053 2379 1086 ι
2422 1032 2540 1087 Νοιι
2565 1031 2728 1102 igitur
2759 1031 2811 1085 in
2842 1043 2907 1085 eo
2942 1029 3102 1086 modo
3137 1028 3498 1094 intercessor,
3541 1037 3596 1084 et
3633 1025 3788 1100 μεσί-

2215 1143 2314 1198 της
2342 1125 2436 1182 Dei
2467 1134 2522 1180 et
2555 1123 2834 1180 hominum
2857 1122 3059 1177 dicitur
3081 1122 3150 1178 ah
3177 1120 3410 1191 Origene
3436 1119 3604 1176 fuisse
3629 1120 3790 1176 Chri-

2215 1229 2331 1276 stus
2355 1259 2370 1285 ,
2412 1227 2701 1288 antequam
2737 1218 2803 1272 de
2838 1214 3064 1286 Virgine
3103 1223 3454 1281 nasceretur,
3481 1228 3591 1283 quo
3626 1214 3789 1266 modo
3845 1261 3848 1263 λ

2215 1311 2411 1368 deinde
2440 1309 2561 1372 fuit,
2591 1317 2878 1380 postquam
2903 1314 3150 1360 naturam
3182 1307 3474 1360 humanam
3503 1305 3746 1374 suscepit
3770 1321 3784 1358 :

2214 1418 2338 1459 nam
2365 1417 2462 1472 per
2490 1401 2773 1469 utriusque
2801 1407 3008 1454 natura:
3033 1397 3470 1464 coniunctionem
3504 1395 3786 1452 hominem

2212 1511 2333 1550 eum
2370 1493 2479 1549 Deo
2507 1490 2843 1557 conciliavit,
2878 1499 3041 1559 atque
3069 1489 3146 1544 ita
3191 1487 3425 1543 medium
3470 1486 3600 1557 quid
3647 1487 3790 1540 inter

2212 1595 2502 1654 utrumque
2548 1583 2671 1648 fuit,
2723 1597 2846 1638 cum
2895 1591 3187 1652 utrumque
3228 1587 3407 1646 esset,
3448 1587 3502 1634 et
3545 1577 3692 1634 Deus
3732 1587 3790 1631 et

2211 1677 2391 1735 homo.
2433 1676 2690 1744 Quamvis
2728 1684 2908 1730 autem
2955 1673 3354 1729 communionis
3397 1670 3580 1736 illius,
3613 1679 3671 1726 et
3705 1669 3787 1724 fu-

2215 1769 2317 1824 turi
2348 1767 2643 1838 aliquando
2669 1765 2956 1831 consortii,
2987 1779 3279 1833 rerumque
3305 1777 3399 1834 per
3429 1761 3562 1817 illud
3589 1777 3787 1828 geren-

2138 1837 2181 1894 B
2209 1861 2400 1917 darum
2433 1837 2654 1924 intuitu,
2694 1861 2746 1914 in
2787 1858 3004 1914 Veteris
3055 1855 3394 1912 TeSIamenti
3440 1855 3784 1925 patriarchas

2207 1963 2262 2007 et
2289 1952 2586 2022 prophetas
2620 1953 2760 2006 Deus
2797 1949 3058 2005 bonitatis
3093 1963 3205 2007 suae
3242 1955 3296 2002 et
3334 1947 3524 2017 gratiae
3561 1947 3785 2002 divitias

2206 2043 2530 2114 profuderit,
2553 2053 2610 2098 et
2634 2051 2762 2098 tunc
2781 2041 2946 2097 etiam
2996 2040 3225 2112 μεσίτης
3249 2038 3502 2095 Christus
3527 2039 3788 2108 quodam«

2206 2136 2366 2191 modo
2405 2135 2602 2201 fuerit,
2636 2150 2702 2191 eo
2733 2143 2914 2190 tamen
2942 2149 3048 2187 non
3086 2133 3326 2208 respexit
3349 2130 3615 2202 Origenes
3641 2172 3656 2195 ,
3687 2129 3784 2184 sed

2205 2227 2508 2284 additiones
2540 2227 2658 2283 illas
2687 2235 2744 2282 et
2801 2225 3090 2282 reditiones
3131 2228 3356 2281 crebras
3401 2225 3470 2279 ad
3503 2225 3782 2286 homines,

2203 2335 2326 2376 cum
2373 2321 2537 2375 variis
2572 2320 2795 2374 indutus
2834 2317 3054 2384 formis,
3101 2327 3157 2373 et
3211 2333 3309 2388 per
3347 2318 3526 2372 varias
3557 2317 3786 2386 loquens

2202 2427 2462 2484 personas
2493 2411 2746 2466 mandata
2777 2410 2881 2467 illis
2913 2410 3008 2466 Dei
3057 2411 3300 2482 parentis
3345 2409 3602 2465 Christus
3631 2410 3782 2465 dele-

2202 2507 2389 2570 rebat;
2441 2503 2714 2574 praecipue
2748 2519 2913 2571 vero,
2951 2519 3073 2558 cum
3111 2503 3284 2572 legem
3326 2501 3495 2572 Moysi
3536 2501 3780 2568 tradidit,

2195 2595 2348 2666 juxta
2401 2595 2532 2651 illud
2562 2596 2810 2668 Apostoli
2845 2613 2859 2650 :
2900 2614 2920 2650 ι
2963 2596 3104 2663 Quid
3157 2596 3320 2667 igitur
3373 2595 3500 2650 lex?
3553 2595 3784 2665 Propter

2202 2688 2670 2758 transgressiones
2698 2688 2872 2759 posita
2905 2697 3009 2757 est,
3039 2689 3214 2744 donec
3241 2689 3450 2744 veniret
3470 2703 3658 2744 semen
3696 2690 3780 2743 cui

2198 2781 2551 2852 promiserat,
2580 2781 2828 2836 ordinata
2861 2796 2956 2851 per
2977 2781 3200 2853 angelos
3228 2781 3280 2836 in
3321 2796 3482 2835 manu
3514 2781 3780 2836 Mediato-

2199 2874 2294 2929 ris.
2347 2873 2613 2929 Mediator
2657 2883 2840 2930 autem
2892 2875 3051 2932 unius
3093 2890 3201 2931 non
3249 2883 3365 2942 est;
3414 2875 3559 2932 Deus
3598 2887 3782 2933 autem

2198 2981 2338 3020 unus
2371 2975 2454 3021 est
2483 2966 2549 3020 ".
2590 2985 2610 3020 ι

2268 3053 2333 3112 V.
2368 3055 2732 3114 Referendum
2756 3057 2809 3113 id
2841 3073 2964 3115 esse
2991 3059 3057 3114 ad
3082 3058 3317 3131 Moysem
3350 3059 3479 3116 licet
3526 3061 3781 3116 arbitrati

2198 3149 2596 3214 sintnonnulli,
2625 3151 2844 3206 Christo
2870 3160 3047 3206 tamen
3083 3155 3496 3208 accommodant
3545 3154 3784 3224 Chryso-

2198 3251 2406 3298 stomus
2443 3253 2500 3298 et
2549 3242 2948 3315 Hieronymus,
2999 3245 3091 3314 qui
3146 3254 3311 3300 totam
3359 3255 3414 3300 et
3458 3247 3608 3317 ipse,
3652 3247 3780 3302 illud

2196 3333 2350 3391 Pauli
2403 3336 2770 3407 interpretans
2795 3375 2810 3402 ,
2862 3336 3113 3406 Origenis
3154 3338 3459 3393 doctrinam
3493 3339 3783 3410 amplexus

2196 3435 2301 3483 est.
2337 3425 2428 3483 Sic
2451 3429 2595 3483 enim
2630 3431 2749 3484 ait:
2791 3448 2810 3480 ε
2848 3428 3144 3499 Postquam
3170 3433 3240 3485 ob
3276 3441 3514 3485 nostram
3546 3432 3779 3489 salutent

2194 3518 2263 3575 de
2287 3518 2525 3592 Virginis
2555 3533 2709 3578 utero
2737 3523 2992 3593 dignatus
3032 3533 3115 3577 est
3141 3523 3289 3577 nasci
3315 3563 3332 3588 ,
3371 3523 3462 3577 Dei
3503 3535 3560 3578 et
3605 3525 3780 3579 homi-

2195 3633 2323 3672 num
2360 3619 2524 3674 homo
2555 3619 2804 3674 Christus
2828 3618 2988 3674 Jesus
3015 3628 3296 3689 sequester
3323 3627 3406 3674 est
3434 3620 3635 3676 dictus.
3663 3621 3776 3674 An-

2196 3716 2414 3778 tequam
2439 3723 2572 3764 vero
2607 3711 2902 3764 humanum
2939 3724 3136 3780 corpus
3174 3720 3513 3776 assumeret,
3546 3720 3602 3765 et
3635 3720 3778 3766 esset

2195 3801 2337 3870 apud
2369 3799 2586 3856 Patrem
2613 3803 2665 3855 in
2703 3801 2966 3871 principio
2997 3802 3136 3857 Deus
3175 3801 3450 3865 Verbum,
3479 3802 3547 3855 ad
3586 3815 3776 3856 omnes

2193 3902 2436 3960 sanctos,
2473 3895 2539 3948 ad
2574 3910 2708 3963 quos
2737 3893 2914 3950 factus
2937 3904 3020 3951 est
3047 3910 3226 3951 sermo
3249 3895 3366 3959 Dei,
3400 3893 3586 3948 Enoch
3631 3895 3776 3949 vide-

2192 3985 2342 4052 licet,
2376 3985 2510 4051 Noe,
2540 3986 2839 4053 Abraham,
2865 3988 3013 4044 Isaac
3036 3999 3090 4044 et
3112 3987 3301 4054 Jacoh,
3332 3999 3386 4043 et
3408 3998 3596 4058 postea
3622 3989 3773 4059 Moy-

2194 4092 2306 4133 sem
2338 4085 2394 4133 et
2423 4087 2650 4134 cunctos
2673 4081 2996 4150 prophetas,
3035 4097 3172 4152 quos
3211 4082 3493 4153 Scriptura
3529 4100 3773 4139 contine;

2195 4180 2407 4234 morat,
2434 4171 2553 4226 sine
2591 4172 2961 4230 additamento
3010 4174 3285 4243 hominis,
3327 4193 3484 4246 quem
3541 4179 3768 4232 necdum

2194 4271 2587 4333 assumpserat,
2625 4263 2888 4321 Mediator
2937 4270 3309 4324 tantummodo
3344 4281 3712 4340 nuncupatur.
3745 4291 3764 4324 ι

2196 4353 2302 4409 Sed
2336 4364 2392 4410 et
2428 4356 2668 4427 episcopi
2705 4357 2780 4413 illi
2818 4374 2912 4414 sex
2946 4361 3233 4416 orthodoxi
3277 4362 3639 4420 Autiocheute
3679 4383 3766 4438 sy-

2199 4448 2322 4503 nodi
2357 4447 2609 4519 Origenis
2635 4453 3028 4523 expositionem
3058 4455 3231 4510 secuti
3269 4465 3396 4510 sunt
3442 4457 3497 4512 in
3541 4458 3766 4529 epistola

3116 4546 3276 4600 Ἀλλὰ
3321 4548 3428 4621 μὴν
3446 4589 3462 4614 ,
3497 4551 3763 4621 inquiunt,

2191 4631 2398 4686 καὶτὸν
2425 4633 2586 4703 νόμον
2617 4636 2817 4707 ὁμοίως
2845 4639 3053 4712 Μωῠσῇ
3078 4658 3254 4712 φαμεν
3287 4641 3562 4712 δεδόσθαι,
3591 4644 3766 4700 διακο-

2191 4728 2406 4794 νοῦντος
2435 4729 2528 4783 τοῦ
2545 4728 2677 4784 Υἱοῦ
2710 4730 2804 4785 τοῦ
2830 4731 2987 4800 Θεοῦ,
3023 4735 3097 4798 ὡς
3114 4737 3142 4789 ὁ
3184 4735 3500 4802 Ἀπόστολος
3527 4737 3764 4793 διδάσκει

2191 4825 2364 4895 λέγων
2385 4843 2398 4857 ·
2442 4827 2504 4881 Τί
2522 4821 2636 4882 οὖν
2663 4829 2698 4881 ό
2733 4829 2917 4897 νόμος
2934 4844 2953 4892 ;
3001 4828 3123 4882 τῶν
3163 4826 3560 4896 παραϐάσεων
3590 4830 3765 4900 χάριν

2191 4919 2543 4990 προσετέθη,
2577 4920 2749 4991 ἄχρις
2777 4917 2848 4978 οὗ
2869 4920 3016 4991 ἔλθῃ
3047 4921 3112 4976 τὸ
3140 4921 3377 4993 σπέρμα
3396 4915 3444 4989 ᾧ
3465 4923 3756 4994 ἐπήγγελ-

2189 5031 2284 5066 ται
2306 5055 2321 5080 ,
2357 5013 2778 5088 διαταγεὶς-,δι’
2828 5014 3098 5086 ἀγγέλων
3151 5016 3221 5070 ἐν
3267 5017 3440 5086 χερσὶ
3468 5017 3760 5074 Μεσίτου.

2192 5105 2439 5178 Μεσίτην
2469 5105 2578 5178 γὰρ
2610 5106 2767 5160 ἄλλον
2794 5108 2894 5160 οὐκ
2928 5107 3083 5177 ἴσμεν
3124 5105 3261 5160 Θεοῦ
3304 5107 3398 5160 καὶ
3439 5107 3761 5180 ἀνθρώπων,

2189 5200 2222 5271 ἢ
2250 5199 2437 5254 τοῦτον
2464 5216 2480 5231 ο
2521 5201 2883 5271 διδασκόμεθα
2927 5202 2983 5256 δὲ
3009 5203 3104 5258 καὶ
3133 5205 3307 5259 ταῦτα,
3351 5204 3440 5258 διὰ
3469 5204 3563 5258 τοῦ
3599 5206 3762 5259 Μωῦ·

2192 5291 2349 5355 σέως.
2387 5291 2564 5363 Ὤφθη
2593 5291 2650 5344 δὲ
2674 5292 2822 5364 αὐτῷ
2855 5293 3082 5364 ἅγγελος
3119 5297 3177 5350 ὲν
3199 5297 3355 5366 φλογὶ
3379 5297 3552 5368 πυρὸς
3577 5298 3644 5352 ὲκ
3669 5295 3762 5350 τθῦ

2195 5381 2379 5453 βάτου,
2409 5395 2515 5440 etc.
2555 5405 2573 5436 ι
2602 5387 2739 5451 Quin
2791 5387 2953 5442 etiam
2989 5399 3041 5442 et
3096 5388 3266 5458 legem
3311 5389 3560 5446 similiter
3596 5390 3763 5462 Moysi

2193 5475 2424 5530 dicimus
2454 5476 2623 5532 fuisse
2645 5479 2850 5548 datam,
2881 5481 3222 5537 ministrante
3248 5482 3385 5538 Filio
3410 5483 3502 5539 Dei
3526 5525 3541 5551 ,
3561 5497 3765 5555 ‘quem-

2189 5565 2480 5622 admodum
2509 5571 2660 5624 docet
2691 5571 2974 5642 Apostolus
3005 5576 3194 5630 dicens
3230 5591 3244 5629 :
3283 5576 3425 5644 Quid
3455 5579 3622 5647 igitur
3643 5578 3765 5634 (ex!

2199 5655 2694 5729 Transgressionum
2734 5668 2904 5734 gratia
2943 5669 3109 5736 posita
3134 5678 3231 5736 est,
3259 5669 3440 5737 [donec
3474 5673 3650 5727 veniat
3680 5689 3761 5727 se-

2304 5777 2348 5809 “
2373 5776 2506 5834 ibid.
2535 5778 2590 5835 2.
2665 5780 2738 5862 ,⁸³
2769 5779 2789 5836 l
2821 5781 2959 5840 Tim.
2987 5800 3050 5853 ιι,
3087 5786 3141 5841 5.
3254 5786 3301 5818 ⁸⁵
3338 5785 3498 5844 Rom.
3534 5803 3632 5856 vn,
3669 5781 3770 5845 12.‘
