4054 6310
262 334 377 392 801

1085 336 1659 398 ORIGENIANORUM
1699 340 1828 399 LIB.
1874 340 1936 406 ll,
1978 339 2128 396 CAP.
2169 338 2234 406 11,
2270 336 2549 407 ΩΒᾸΞΞΤ.
2592 336 2674 393 Ill.

3409 336 3516 386 80⁸2

264 471 391 511 men
415 456 503 511 cui
527 457 846 523 “promissum
889 457 1093 527 fuerat,
1135 459 1381 515 ordinata
1420 476 1514 530 per
1546 461 1757 531 angelos
1798 462 1851 515 in
1881 466 1927 523 Α
1958 461 2205 526 sortitus,
2240 458 2330 515 illo
2358 457 2574 528 quidem
2608 440 2941 519 inferiorem,
2975 450 3193 509 homine
3238 464 3376 513 vero
3420 467 3514 509 su-

263 561 439 600 manu
485 546 819 603 Mediatoris.
853 548 1029 602 Alium
1078 548 1224 603 enim
1276 549 1628 604 mediatorem
1673 549 1853 605 nesci-

262 649 397 690 rnus
422 635 517 692 Dei
551 648 607 692 et
630 639 906 694 hominum
938 650 1129 709 praeter
1148 639 1314 695 hunc.
1354 639 1479 696 Haec
1505 642 1650 695 enim
1680 642 1847 696 disci-

262 742 397 785 mus
423 743 452 783 a
486 728 670 803 Moyse
699 747 713 785 :
746 732 897 788 visus
930 743 1015 788 est
1047 741 1228 788 autem
1262 734 1311 788 ei
1344 733 1568 805 angelus
1598 734 1653 790 in
1697 733 1851 788 nam.

260 836 360 875 ma
398 821 537 892 ignis
564 837 596 878 e
623 825 756 880 rubo
794 824 858 880 “.
892 844 912 877 ι
959 825 1135 882 Aliter
1161 837 1340 883 autem
1372 836 1592 896 accepta
1623 836 1749 882 sunt
1777 826 1845 882 ab

262 912 495 971 Arianis
540 914 629 971 illa
650 916 917 987 Apostoli,
948 933 1070 990 qua:
1114 918 1470 987 adduximus;
1525 920 1646 976 ideo
1696 919 1841 975 enim

259 1006 519 1082 Μεσῑτην
569 1011 840 1069 Christum
889 1030 1016 1071 esse
1061 1015 1346 1083 dicebant,
1395 1015 1537 1085 quod
1589 1025 1838 1071 naturam

256 1103 562 1171 quamdam
596 1105 826 1162 mediam
855 1106 1128 1163 hominem
1162 1107 1304 1165 inter
1333 1117 1388 1164 et
1440 1111 1607 1165 Deum
1648 1108 1839 1165 fuisset

338 1301 457 1374 (2‘2)
491 1302 756 1377 Sententia
781 1305 925 1362 illius
959 1305 1067 1361 haec
1090 1314 1165 1361 est
1189 1345 1206 1369 ,
1255 1317 1360 1363 etc.
1405 1307 1539 1364 Cum
1586 1306 1841 1377 prae-exsi-

260 1377 524 1446 stentiam
571 1376 875 1446 animarum
915 1376 1224 1433 admitteret
1269 1377 1568 1444 Origenes,
1594 1376 1839 1446 'conjecit

260 1458 398 1497 eum
428 1444 544 1498 haec
568 1444 753 1512 opinio
782 1445 834 1499 in
868 1446 1158 1501 absurdam
1187 1449 1252 1502 de
1276 1448 1475 1504 Christi
1500 1448 1677 1501 anima
1711 1444 1841 1501 sen-

264 1514 522 1567 tentiam.
575 1514 845 1570 Statuenti
894 1516 1037 1570 enim
1094 1516 1302 1572 animas
1358 1528 1481 1571 ante
1535 1518 1835 1579 exstitisse.

259 1596 433 1657 quam
469 1582 531 1657 _in
564 1598 792 1657 eorpora
839 1586 1185 1657 mitterentur
1209 1627 1223 1647 .
1273 1590 1536 1657 integrum
1583 1602 1686 1640 non
1720 1586 1840 1657 il'uit

263 1651 417 1706 idem
449 1652 516 1710 de
558 1653 761 1709 Christi
815 1654 993 1709 anima
1029 1670 1133 1709 non
1186 1651 1411 1719 diceref
1462 1668 1669 1712 etcum
1707 1656 1839 1712 ﬁdes

258 1722 537 1794 catholica
574 1725 765 1779 doceat
814 1740 912 1780 nec
962 1726 1196 1779 animam
1236 1727 1474 1791 Christi,
1508 1742 1605 1782 nec
1641 1741 1837 1794 corpus

2023 567 2240 608 rtorem.

1951 568 2240 624 pernoram.

2021 643 2112 700 Vl.
2174 644 2249 699 De
2292 642 2473 698 anima
2538 639 2739 697 Christi
2779 637 3079 711 [multiplex
3124 638 3229 695 fuit
3271 638 3517 709 Origenis

1949 752 2139 803 error;
2173 751 2237 791 ac
2267 735 2544 805 multiplex
2575 748 2793 804 quoque
2839 732 3098 787 adversus
3142 747 3264 787 eum
3291 731 3512 788 Patrum

1949 829 2167 900 querela
2198 838 2254 883 et
2284 827 2611 884 criminatio.
2647 825 2921 881 Sententia
2957 824 3096 880 illius
3116 824 3232 880 haec
3258 834 3341 881 est
3377 826 3511 896 (22),

1950 932 2211 993 quantum
2244 938 2310 978 ex
2342 923 2459 992 ejus
2492 920 2711 989 scriptis
2746 919 2874 974 licet
2900 918 3206 988 intelligere
3227 956 3242 981 ,
3276 918 3510 973 animam

1948 1016 2151 1070 Christi
2176 1030 2297 1070 cum
2331 1014 2612 1068 animabus
2642 1012 2920 1067 hominum
2959 1010 3183 1079 reliquis
3209 1010 3365 1080 longe
3387 1018 3513 1066 ante

1946 1121 2173 1176 corpora
2217 1120 2248 1160 a
2303 1106 2412 1161 Deo
2463 1112 2840 1175 procreatam,
2891 1103 3171 1173 liberoque
3224 1103 3410 1159 itidem
3459 1112 3517 1160 ut

1947 1304 2089 1359 hanc
2127 1302 2535 1373 inseparabilem
2578 1318 2702 1359 cum
2738 1304 2850 1359 Deo
2884 1302 3075 1359 fecerit
3111 1305 3394 1371 unitatem,
3440 1304 3514 1359 ita

1947 1384 2009 1429 ut
2037 1389 2142 1429 non
2179 1374 2397 1427 fortuita
2431 1373 2612 1437 Interit,
2646 1382 2740 1429 aut
2767 1389 2889 1429 cum
2928 1389 3171 1442 personae
3199 1376 3513 1443 acceptione

1944 1445 2137 1499 animae
2199 1443 2313 1511 ejus
2367 1445 2692 1513 assumptio,
2736 1445 3137 1513 sedivirtutum
3192 1460 3409 1499 suarum
3463 1445 3513 1500 ei

1944 1515 2136 1569 merito
2183 1514 2381 1573 delata,
2410 1516 2530 1569 audi
2554 1512 2643 1567 ’ad
2688 1528 2807 1567 eam
2843 1512 3164 1582 Prophetam
3203 1515 3465 1568 dicentem
3497 1533 3512 1569 :

1944 1583 2193 1637 Dilexisti
2225 1583 2507 1651 iustitiam,
2536 1592 2587 1638 et
2635 1583 2803 1653 odisti
2838 1585 3195 1653 iniquitatem,
3238 1594 3516 1653 propterea

1943 1656 2093 1707 unxit
2126 1664 2174 1707 te
2208 1653 2364 1723 Deut,
2395 1652 2534 1708 Deus
2576 1664 2715 1713 tuus.
2753 1652 2867 1723 oleo
2907 1654 3128 1717 lwtitiw,
3168 1668 3277 1723 prae
3297 1652 3517 1722 partici-

1946 1724 2099 1790 pibus
2137 1724 2240 1776 tuis
2284 1721 2459 1791 (Psal.
2482 1739 2628 1788 thv,
2658 1724 2732 1790 8).
2785 1722 3096 1779 Dilectionis
3142 1721 3271 1791 ergo
3298 1721 3511 1779 merito

259 1807 291 1869 τε
331 1791 528 1869 Verbo
578 1808 813 1869 unquam
865 1802 1113 1869 separata
1173 1790 1486 1859 exstitisse,
1537 1790 1834 1869 inducenda
1871 1792 2707 1869 3tingitttr__ol_ee_laetitiaeuid
2744 1794 3084 1869 est,__anima
3135 1790 3336 1869 Christi
3382 1809 3505 1869 cum

258 1860 523 1935 {uirtutis
556 1860 749 1917 animae
775 1879 898 1919 cum
925 1866 1104 1919 Verbo
1144 1876 1270 1920 ante
1303 1869 1554 1922 ttnionem
1595 1866 1835 1935 ejusdem

260 1931 435 1987 Verbi
485 1948 605 1987 cum
660 1947 912 2001 corpora.
952 1936 1059 1989 Sed
1098 1936 1351 2003 quoniam
1407 1953 1472 1991 ex
1529 1931 1637 1992 lib.
1685 1951 1722 1990 ιι
1759 1934 1835 1991 De

257 2004 520 2077 prinr_ip._,
547 2017 666 2071 cap.
692 2004 747 2068 6,
766 2004 866 2077 ubi
890 2018 950 2077 ea
975 2005 1041 2059 de
1070 2019 1129 2060 re
1156 2005 1326 2062 fusius
1362 2008 1595 2068 disserit.
1622 2006 1835 2077 plurimi

254 2072 602 2145 concludunt
632 2073 874 2130 sensisse
897 2073 1184 2145 Origenem
1212 2077 1448 2133 animam
1478 2072 1679 2132 Christi
1711 2091 1833 2130 cum

259 2160 295 2194 ει
336 2142 455 2214 Deo
471 2157 582 2214 una
611 2158 735 2198 cum
770 2145 979 2199 caeteris
1000 2142 1188 2200 creata
1222 2156 1407 2212 esset,
1443 2148 1647 2214 optimo
1680 2146 1836 2201 liberi

260 2211 481 2287 arbitrii
508 2226 1134 2287 usu_cousecntatn_esse
1169 2224 1235 2287 ut
1270 2211 1401 2271 cum
1434 2211 1619 2287 Verbo
1668 2220 1839 2287 hypo-

262 2283 464 2355 SIatice
508 2282 945 2355 coniungeretur,
988 2284 1138 2340 locus
1183 2284 1273 2340 ille
1319 2286 1480 2355 paulo
1531 2282 1837 2341 accuratius

262 2353 666 2425 exeminandus
696 2353 801 2411 est.
834 2353 1123 2422 Postquam
1170 2353 1333 2425 igitur
1379 2372 1530 2412 num.
1577 2355 1613 2409 2
1651 2357 1839 2409 admo-

259 2421 389 2496 nuit
418 2422 672 2496 Origenes
703 2438 819 2496 se__t
864 2421 1409 2494 suspiciones'potius
1455 2442 1619 2496 quam
1665 2426 1839 2479 mani-

259 2490 441 2547 festas
465 2490 676 2561 aliquas
717 2490 1102 2550 aﬂirmati'ones
1142 2514 1161 2546 ι
1198 2490 1517 2559 allaturum,
1564 2498 1705 2564 quod
1748 2511 1837 2549 ar-

260 2571 524 2629 gumento
562 2573 647 2617 est
682 2576 805 2617 eum
839 2564 924 2619 his
948 2567 1014 2619 de
1044 2566 1204 2620 rebus
1230 2566 1620 2622 nihilstaluere
1646 2580 1835 2620 ausum

259 2645 409 2705 esse,
447 2632 560 2705 hate
593 2634 739 2705 addit
766 2649 915 2689 num.
951 2635 1057 2690 ὅθι
1083 2635 1116 2689 4
1150 2651 1163 2687 :
1198 2653 1216 2687 ι
1252 2636 1445 2692 Verum
1475 2652 1598 2691 cum
1628 2650 1727 2705 pro
1772 2635 1840 2689 li-

261 2699 380 2777 beri
443 2701 663 2777 arbitrii
699 2701 954 2777 facultate
1002 2707 1235 2761 varietas
1286 2699 1724 2777 unumquemque
1772 2720 1838 2761 ac

259 2769 553 2842 diversitas
580 2773 861 2834 habuisset
890 2777 1220 2842 animorum,
1257 2785 1316 2833 ut
1349 2769 1486 2833 alius
1505 2769 1836 2841 ardentiore,

259 2840 405 2896 alius
467 2843 712 2898 tenuiore
750 2856 807 2898 et
837 2845 1075 2916 nexiliore
1120 2840 1247 2916 erga
1315 2856 1593 2903 auctorem
1678 2840 1835 2901 suum

259 2923 454 2986 amore
488 2921 793 2986 teneretur;
835 2914 921 2969 illa
949 2917 1152 2981 anima,
1188 2914 1268 2972 'de
1313 2932 1416 2986 qua
1471 2918 1607 2971 dixit
1654 2917 1833 2979 Jesus,

258 2983 399 3061 quin
416 2998 564 3061 nemo
587 2983 792 3051 auferet
812 3003 844 3039 a
868 3003 948 3039 me
971 2986 1205 3061 animam
1235 2983 1399 3061 meam
1428 2988 1695 3061 (Joan._x,
1722 2987 1834 3061 £8),

258 3051 336 3107 ab
384 3051 848 3128 initioucreaturai
900 3057 1252 3128 etrdeinceps
1307 3051 1741 3128 inseparabiliter
1786 3051 1837 3112 ei

258 3124 945 3199 atqueimltssociahiliter
976 3124 1250 3199 inhaerens
1276 3168 1290 3191 ,
1325 3124 1510 3199 utpote
1555 3129 1837 3198 sapientia:

258 3203 317 3247 et
356 3190 520 3265 verbo
550 3192 638 3249 Dei
664 3204 718 3249 et
741 3198 950 3251 veritati
979 3211 1043 3250 ac
1072 3197 1179 3251 luci
1220 3190 1403 3265 verae;
1433 3206 1488 3253 et
1518 3190 1637 3254 tota
1665 3207 1836 3253 totum

262 3263 561 3339 recipiens,
586 3272 749 3333 atque
789 3267 840 3319 in
864 3267 980 3339 ejus
1013 3265 1203 3339 lucem,
1230 3263 1683 3339 splendoremque
1720 3269 1837 3338 ipsa

258 3335 499 3408 etaetatis,
532 3334 672 3388 facta
700 3346 786 3408 est
807 3350 929 3408 cum
968 3338 1085 3408 ipso
1126 3334 1497 3406 principaliter
1541 3334 1681 3393 unus
1729 3334 1841 3408 spi-

259 3404 428 3468 ritus,
456 3404 596 3459 sicut
621 3413 676 3477 et
700 3404 1001 3477 Apostolus
1031 3404 1248 3477 his—qui
1276 3404 1394 3463 eam
1436 3408 1640 3463 imitari
1674 3404 1841 3464 debe-

259 3484 410 3548 rent,
458 3474 786 3548 praemittit;
809 3479 933 3544 quia
975 3478 1150 3548 qui_se
1175 3474 1363 3548 iungit
1403 3478 1653 3548 Domino,
1702 3494 1840 3533 unus

256 3543 502 3618 spiritus
535 3553 609 3597 est
662 3543 715 3618 (Ι
746 3544 869 3600 Cor.
910 3543 999 3611 v1,
1029 3546 1141 3618 i7).
1183 3543 1309 3602 Hae
1361 3563 1491 3618 ergo
1540 3544 1837 3603 substantia

257 3614 634 3688 attiutginter
670 3614 835 3688 Deum
866 3614 1193 3685 carnemque
1222 3614 1492 3673 mediante
1524 3618 1651 3688 (non
1692 3619 1840 3673 enim

259 3683 523 3758 possibile
552 3694 671 3739 erat
710 3686 798 3740 Dei
834 3695 1083 3758 naturam
1098 3683 1336 3758 fcorpori
1386 3688 1504 3744 sine
1535 3683 1841 3744 'tnediatore

259 3755 519 3823 misceri)
572 3759 832 3818 nascitur,
884 3766 942 3810 ιιι
995 3755 1267 3824 diximus,
1319 3757 1460 3814 Deus
1512 3758 1696 3822 homo,
1745 3759 1838 3814 illa

259 3825 567 3878 Substantia
608 3826 781 3880 media
815 3828 1132 3893 exsistente,
1173 3831 1255 3883 cui
1291 3829 1476 3896 utique
1505 3839 1691 3884 contra
1742 3845 1840 3883 na-

260 3904 441 3967 turam
475 3909 577 3967 non
609 3905 727 3951 erat
753 3912 951 3967 corpus
984 3912 1278 3954 assumere.
1306 3898 1411 3953 Sed
1446 3914 1622 3967 neque
1651 3914 1839 3955 rursus

258 3966 442 4019 anima
482 3965 603 4028 illa,
658 3965 861 4036 utpote
887 3967 1191 4024 substantia
1243 3965 1604 4033 rationabilis,
1648 3981 1839 4027 contra

260 4043 514 4109 naturam
543 4037 728 4109 habuit
754 4052 949 4109 capere
990 4039 1178 4102 Deum,
1208 4041 1259 4095 in
1286 4055 1470 4109 quem,
1500 4049 1561 4094 ut
1591 4041 1838 4107 superius

260 4104 518 4178 diximus,
538 4106 681 4159 velut
709 4108 759 4161 in
784 4104 1014 4178 Verbum
1032 4118 1086 4162 et
1102 4104 1526 4178 Sapientiam,et
1544 4104 1837 4166 Veritatem

263 4184 375 4227 tota
413 4175 524 4243 jam
556 4176 1004 4249 cesserat._Unde
1026 4188 1087 4249 et
1130 4175 1324 4235 merito
1354 4195 1453 4249 pro
1480 4194 1546 4235 eo
1574 4180 1655 4234 vel
1697 4182 1839 4249 quod

262 4254 376 4319 tota
402 4255 548 4319 esset
570 4246 622 4299 in
647 4245 786 4319 Filio
809 4246 929 4313 Dei,
955 4248 1037 4303 vel
1061 4257 1228 4304 totum
1252 4252 1307 4305 in
1329 4245 1389 4305 se
1408 4261 1623 4319 caperet
1645 4245 1838 4307 Filium

262 4315 597 4389 Dei,_e_t_iam
649 4318 763 4389 ipsa
802 4334 923 4373 cum
953 4332 1017 4373 ea
1060 4333 1224 4388 quam
1255 4315 1621 4389 assumpserat
1649 4336 1837 4387 carne,

259 4384 357 4439 Dei
396 4385 435 4459 If
442 4386 563 4440 ilius
590 4398 644 4443 et
668 4384 767 4442 Dei
815 4389 1004 4450 virtus,
1035 4384 1281 4445 Christus
1323 4399 1379 4445 et
1424 4384 1516 4445 Dei
1576 4384 1839 4459 sapientia

258 4456 561 4523 appellatur
593 4476 606 4512 :
638 4470 691 4531 et
725 4473 957 4531 rursum
985 4459 1075 4513 Dei
1115 4459 1281 4531 Filius
1325 4474 1421 4529 per
1463 4474 1622 4531 quem
1639 4456 1835 4516 'omnia

1950 1860 2130 1918 Verbo
2171 1862 2261 1917 Dei
2296 1863 2543 1919 Christus
2573 1860 2822 1918 efficitur.
2850 1860 2984 1932 Ungi
3022 1878 3253 1930 namque
3275 1863 3393 1919 oleo
3424 1865 3513 1918 lae-

1945 1933 2097 1997 titiae,
2146 1948 2249 1987 non
2290 1934 2432 1988 aliud
2486 1933 2820 2002 intelligitur,
2863 1950 3023 2002 quam
3072 1933 3274 2001 Spiritu
3322 1946 3512 1990 sancto

1946 2002 2159 2070 repleri.
2198 2002 2348 2069 Quod
2394 2012 2571 2057 autem
2607 2019 2715 2071 pra:
2745 2004 3082 2071 participibus
3121 2004 3279 2069 dixit,
3312 2004 3513 2060 indicat

1946 2074 2206 2143 quianon
2234 2074 2401 2143 gratia
2434 2073 2668 2140 Spiritus
2693 2074 2833 2127 sicut
2860 2074 3139 2142 prephetis
3163 2076 3211 2127 ei
3249 2077 3372 2129 data
3403 2088 3509 2142 est,

1944 2141 2039 2199 sed
2075 2141 2255 2213 ipsius
2270 2143 2431 2199 Verbi
2469 2144 2560 2198 Dei
2608 2142 2660 2197 in
2695 2159 2755 2198 ea
2789 2144 3156 2213 substantialis
3191 2146 3365 2201 iuerat
3393 2141 3510 2213 ple;

1945 2212 2149 2276 nitutlo,
2191 2214 2334 2284 sicut
2376 2224 2430 2269 et
2474 2213 2759 2283 Apostolus
2791 2214 2925 2267 dixit
2965 2232 2980 2270 :
3017 2212 3085 2268 In
3112 2230 3214 2284 quo
3255 2212 3512 2271 inhabitat

1946 2284 2141 2355 omnis_
2160 2283 2428 2355 plenitudo
2478 2285 2785 2355 divinitatis
2806 2283 3148 2355 corporaliter
3196 2283 3420 2355 (Colore.
3450 2302 3515 2353 tt,

1945 2351 2020 2422 9).
2046 2371 2063 2404 ι
2102 2351 2397 2407 Fatendum
2432 2368 2564 2408 sane
2590 2363 2671 2408 est
2710 2353 2879 2423 prima
2913 2357 3092 2422 specie
3132 2351 3216 2408 his
3250 2354 3302 2408 in
3337 2358 3515 2411 verbis

1944 2439 2057 2494 non
2082 2424 2241 2494 aliam
2268 2437 2557 2478 occurrere
2589 2424 2930 2486 sententiam,
2956 2440 3117 2492 quam
3146 2439 3265 2493 quae
3291 2423 3512 2494 Origeni

1943 2508 1974 2547 a
2011 2492 2280 2561 plerisque
2312 2494 2586 2563 tribuitur,
2625 2494 2859 2547 animam
2894 2494 3095 2550 Christi
3128 2492 3232 2549 non
3277 2492 3512 2563 gratuito

1944 2564 2011 2617 ad
2045 2564 2297 2617 unionem
2324 2579 2444 2617 cum
2478 2562 2654 2617 Verbo
2694 2572 2937 2618 vocatam
2983 2566 3169 2627 fuisse,
3197 2562 3293 2619 sed
3322 2566 3372 2619 id
3402 2583 3515 2619 me-

1946 2634 2050 2688 rito
2094 2648 2191 2687 suo
2237 2633 2289 2686 in
2341 2634 2607 2688 mercedis
2653 2634 2772 2687 loco
2815 2645 3115 2689 assecutam
3162 2650 3320 2700 esse;
3370 2639 3516 2692 unde

1944 2705 2106 2758 etiam
2151 2704 2203 2777 id
2238 2703 2458 2777 Origeni
2506 2703 2692 2777 tribuit
2725 2702 2950 2777 Boetius
2986 2722 3005 2756 ι
3038 2720 3136 2759 nos
3177 2706 3220 2759 si
3269 2707 3512 2777 singula-

1943 2788 2058 2827 rem
2109 2774 2301 2827 anima:
2333 2772 2533 2828 Christi
2577 2775 2837 2844 adversus
2881 2775 3047 2829 Deum
3097 2772 3513 2844 amorequno

1949 2844 2113 2898 Deum
2145 2844 2196 2897 in
2229 2858 2287 2897 se
2318 2844 2563 2912 recipere
2593 2843 2782 2898 merita
2829 2855 2940 2907 est.
2982 2844 3275 2909 imitemur,
3312 2843 3512 2902 Christi

1944 2928 2159 2983 quoque
2210 2929 2306 2983 pro
2338 2911 2455 2967 rata
2489 2911 2737 2968 elfectum
2787 2915 2849 2969 iri
2900 2915 3210 2984 participes.
3243 2935 3262 2967 ι
3313 2915 3513 2972 Demus

1947 2994 2377 3055 tamenoiteram
2410 2992 2466 3038 ut
2501 2986 2748 3053 Origenls
2777 2999 2931 3040 sensa
2962 2984 3368 3055 investigemus.

2018 3053 2149 3109 Illud
2191 3056 2247 3109 1⁸·
2290 3054 2683 3111 observandum
2733 3066 2816 3111 est
2855 3054 3055 3110 nullum
3105 3053 3327 3111 omnino
3376 3066 3511 3112 tem-

1944 3126 2093 3196 poris
2128 3124 2483 3196 intervallum
2538 3124 2662 3196 poni
2712 3127 2780 3181 ab
2832 3124 3062 3196 Origene
3130 3126 3270 3196 inter
3321 3130 3514 3184 animm

1940 3194 2140 3251 Christi
2180 3196 2507 3250 creationem
2534 3202 2589 3248 et
2617 3194 2733 3264 ejus
2759 3194 3012 3251 unionem
3045 3212 3165 3250 cum
3208 3195 3406 3252 Verbo.
3449 3198 3510 3253 Ei

1939 3266 2080 3336 enim
2122 3282 2143 3336 ι
2177 3267 2246 3320 ab
2279 3265 2432 3319 initio
2477 3274 2740 3336 creaturae
2782 3280 2839 3320 et
2872 3266 3125 3335 deinceps
3171 3267 3512 3336 inseparabi-

1942 3334 2065 3389 liter
2118 3335 2435 3391 inhaerebat.
2472 3353 2493 3387 ι
2531 3334 2671 3401 Quin
2718 3336 2881 3391 etiam
2928 3334 3073 3392 haud
3105 3334 3301 3392 dicere
3325 3352 3516 3393 verear

1947 3404 2078 3478 nihil
2108 3405 2318 3478 cautius
2364 3406 2566 3478 vitasse
2597 3404 2909 3478 Origenem,
2949 3422 3108 3476 quam
3141 3422 3207 3461 ne
3248 3421 3313 3461 ex
3345 3409 3514 3478 ipsius

1947 3475 2025 3547 de
2054 3476 2479 3547 praeexsistetttia
2528 3475 2835 3547 animarum
2884 3475 3136 3547 opinione
3197 3475 3515 3545 sequeretur

1941 3545 2175 3616 animam
2253 3544 2453 3601 Christi
2509 3545 2818 3615 aliquandiu
2868 3544 3135 3602 a'Verbo
3208 3544 3513 3616 separatam

1941 3614 2130 3680 fuisse,
2159 3625 2215 3670 et
2246 3617 2418 3670 instar
2460 3614 2777 3671 caeterarum
2810 3631 3035 3686 peccare
3082 3614 3343 3685 potuisse.
3375 3617 3515 3673 Hinc

1940 3687 2087 3739 oumi
2145 3686 2546 3741 asseveratione
2596 3686 2883 3741 continuat
2930 3701 3079 3741 num.
3108 3686 3172 3752 5,
3225 3704 3243 3738 ι
3274 3687 3511 3741 animam

1939 3753 2137 3827 Christi
2167 3756 2236 3827 ita
2269 3755 2498 3827 elegisse
2518 3755 2742 3827 diligere
2766 3756 3050 3821 justitiam,
3079 3768 3137 3811 ut
3166 3770 3265 3827 pro
3294 3757 3515 3819 immen-

1941 3826 2104 3879 sitate
2150 3825 2455 3880 dilectionis
2502 3825 2550 3879 ei
2588 3827 3072 3881 inconvertibiliter
3117 3825 3426 3890 inhaereret,
3457 3838 3514 3883 et

1942 3894 2145 3965 nullum
2187 3910 2410 3950 sensum
2442 3895 2522 3951 vel
2554 3896 2968 3965 possibilitatem
2998 3899 3202 3965 peccati
3234 3897 3508 3953 haberet.»

1940 3963 2092 4019 Hanc
2119 3975 2298 4020 autem
2330 3963 2673 4020 sanctitatem
2700 3976 2755 4020 et
2787 3963 3288 4037 impeecabilitatem
3314 3969 3514 4037 repetit

1941 4051 2008 4090 ex
2066 4036 2264 4091 unione
2344 4037 2674 4106 bypostatica
2733 4034 2877 4091 cum“
2931 4034 3106 4093 Verbo
3161 4037 3277 4092 Dei.
3335 4034 3521 4094 Utitur

1939 4107 2186 4180 exemplo
2225 4106 2669 4180 ntassarlerreai,
2715 4121 2845 4180 quae
2890 4126 2909 4160 ι
2938 4110 2984 4164 si
3029 4122 3244 4180 semper
3290 4108 3343 4163 in
3388 4110 3513 4180 igne

1939 4177 2113 4247 posita
2141 4177 2534 4249 sit,_otnnibus
2567 4178 2681 4249 suis
2732 4178 2900 4247 poris,
2945 4177 3305 4249 omnibusque
3359 4177 3513 4236 venis

1940 4249 2117 4316 ignem
2158 4247 2424 4314 recipiens
2450 4257 2505 4300 et
2533 4257 2641 4301 tota
2671 4247 2808 4317 ignis
2835 4248 3049 4313 ell'ecta,
3077 4250 3121 4302 si
3166 4247 3344 4317 neque
3375 4250 3512 4318 ignis

1940 4318 2008 4372 ab
2046 4332 2109 4371 ea
2141 4328 2320 4374 cesset
2352 4317 2660 4387 aliquando,
2690 4333 2866 4388 neque
2912 4319 3029 4389 ipsa
3073 4319 3142 4373 ab
3192 4321 3313 4386 igne
3353 4317 3512 4386 sepa-

1941 4398 2151 4450 retur,»
2212 4402 2487 4456 nunquam
2542 4389 2749 4459 poterit
2798 4390 2967 4459 l'rigus
3022 4389 3286 4457 recipere.
3338 4389 3513 4453 qlloc

1941 4472 2070 4528 ergo
2110 4460 2291 4529 modo,
2332 4459 2507 4527 inquit
2552 4474 2697 4513 num.
2722 4457 2777 4525 6,
2817 4457 2981 4513 etiam
3016 4460 3104 4529 illa
3147 4458 3351 4523 anima,
3385 4472 3507 4529 quas

257 4519 445 4581 creata
475 4538 621 4600 sunt,
649 4528 805 4600 Jesus
832 4528 1081 4584 Chrisms
1106 4541 1161 4585 et
1195 4519 1362 4586 Filiu's
1390 4519 1625 4585 hominis
1656 4533 1832 4586 nomi-
1867 4519 1913 4576 Β
1937 4519 2105 4596 quasi.
2121 4519 2320 4583 ferrum
2352 4519 2421 4582 in'
2437 4531 2581 4597 igne,
2605 4528 2705 4600 sic
2718 4519 2941 4600 seniper
2973 4529 3028 4583 in
3062 4528 3257 4594 Verbo,
3290 4519 3508 4600 semper

256 4598 602 4671 natur_._‘Natn
632 4609 685 4653 et
714 4598 877 4653 Filius
903 4600 994 4654 Dei
1032 4613 1273 4656 mortuus
1305 4616 1428 4656 esse
1474 4603 1688 4668 dicitur,
1734 4616 1832 4671 pro

254 4681 320 4720 ea
354 4666 588 4741 scilicet_
590 4680 802 4741 natura,
833 4685 952 4741 quat
984 4682 1212 4726 mortem
1248 4672 1433 4741 utique
1468 4666 1707 4741 recipere
1734 4666 1831 4741 po-

254 4745 411 4811 terat
428 4760 438 4790 :
470 4748 523 4811 et
550 4738 715 4811 Filius
749 4738 980 4795 hominis
1020 4738 1455 4811 appellatum—qui
1485 4738 1752 4798 ven—turus
1777 4743 1830 4797 in

215 4829 220 4833 ·
255 4806 353 4881 Dei
382 4806 555 4881 Patris
582 4810 749 4878 gloria
776 4826 895 4864 cum
931 4806 1134 4865 sanctis
1156 4806 1358 4881 angelis
1384 4806 1732 4881 praedicatur.
1766 4813 1833 4867 Et

255 4877 359 4930 bac
388 4878 456 4932 de
481 4877 657 4952 causa
706 4896 800 4948 per
846 4896 1059 4935 omnem
1108 4877 1443 4952 Scripturaiit
1492 4892 1599 4937 tant
1647 4883 1829 4938 divina

255 4956 452 5000 natura
480 4949 733 5022 humanis
763 4952 1033 5006 vocabulis
1059 4949 1382 5022 appellatur,
1407 4968 1567 5021 quam
1597 4954 1832 5009 humana

254 5026 449 5093 natura
492 5020 687 5093 divinae
716 5020 1145 5093 nuncupationis
1178 5020 1479 5093 insignibus
1523 5026 1830 5079 decoratur.

253 5086 426 5157 Magis
456 5091 598 5143 enim
633 5093 698 5146 de
742 5092 844 5145 hoc
885 5086 1043 5160 quam
1086 5093 1153 5148 de
1184 5086 1311 5148 ullo'
1331 5095 1437 5147 alio
1468 5094 1571 5149 dici
1622 5105 1829 5163 potest,

252 5164 398 5232 quod
423 5162 680 5230 scriptum
701 5172 785 5217 est
807 5164 931 5232 quia
963 5175 1113 5217 erunt
1150 5168 1301 5218 ambo
1326 5166 1380 5217 in
1404 5180 1559 5218 carne
1588 5162 1727 5227 una;
1753 5176 1828 5231 et,

244 5226 498 5317 jantﬂno‘n
528 5226 646 5317 slum
673 5226 917 5317 duo,_sed
954 5250 1209 5315 carouna
1242 5234 1435 5317 {Mora
1464 5251 1520 5299 ι.
1548 5234 1625 5307 8).
1661 5226 1829 5304 Magis

254 5299 400 5351 enim
446 5299 677 5356 Verbum
722 5303 815 5357 Dei
862 5320 983 5357 cum
1021 5306 1199 5358 anima
1245 5299 1297 5359 in
1330 5320 1493 5361 carne
1532 5299 1635 5359 una
1681 5299 1824 5372 esse,

250 5384 415 5442 quam
459 5373 543 5425 vir
586 5387 707 5426 cum
742 5389 933 5440 uxore,
978 5378 1275 5442 putandum
1313 5390 1414 5430 est.
1447 5377 1551 5431 Sed
1592 5386 1649 5430 et
1684 5391 1826 5431 unus

252 5439 492 5516 spiritus
520 5456 640 5497 esse
682 5459 805 5498 cum
840 5439 1090 5516 Deo,'_cui
1128 5448 1296 5514 magis
1335 5448 1618 5512 convenit,
1664 5461 1827 5516 quam

253 5509 378 5564 huic
407 5514 623 5579 animat,
653 5529 773 5582 qua:
799 5529 856 5567 se
884 5514 954 5567 ita
987 5514 1096 5567 Deo
1126 5509 1825 5583 per—dilectionem'juitxit,

253 5590 454 5654 utcutn
482 5599 547 5654 eo
575 5599 712 5638 unus
740 5585 965 5651 spiritus
987 5587 1176 5637 merito
1198 5585 1445 5641 dicatur?
1472 5588 1622 5654 Quod
1647 5596 1824 5640 autem

254 5651 560 5709 dilectionis
598 5654 881 5723 perfectio,
910 5666 965 5709 et
993 5656 1170 5710 meriti
1203 5655 1431 5714 allectus
1460 5651 1747 5715 sinceritas
1772 5657 1826 5713 ei

313 5794 361 5826 “
387 5794 557 5851 Exod.
589 5812 670 5863 tu,
706 5797 770 5863 2;
812 5798 927 5855 Act.
963 5788 1055 5865 vit,
1082 5800 1171 5855 50.

1939 4602 1992 4652 in
2019 4600 2316 4665 Sapientia,
2360 4613 2573 4670 semper
2602 4599 3004 4670 inDeonposita
3036 4608 3138 4663 est,
3164 4613 3326 4655 omne
3363 4599 3507 4670 quod

1939 4670 2071 4737 agit,
2097 4670 2236 4736 quod
2268 4669 2455 4732 sentit,
2488 4670 2629 4737 quod
2664 4667 2930 4736 intelligit,
2968 4669 3109 4724 Deus
3145 4680 3266 4724 est:
3298 4681 3353 4726 et
3381 4667 3509 4726 ideo

1940 4752 2038 4792 nec
2074 4739 2443 4811 convertibilis
2473 4739 2884 4811 aut__mutabilis
2909 4740 3011 4811 dici
3045 4750 3241 4809 potest,
3273 4756 3392 4811 quae
3420 4742 3506 4796 in-

1937 4808 2444 4864 convertibilitatem
2469 4823 2539 4863 ex
2572 4807 2729 4863 Verbi
2766 4810 2857 4864 Dei
2892 4807 3097 4865 unitate
3140 4807 3511 4867 indesinenter

1940 4879 2106 4949 ignita
2144 4882 2407 4950 possedit.
2452 4879 2535 4933 Ad
2590 4892 2781 4934 omnes
2830 4880 3060 4950 denique
3088 4890 3310 4937 sanctos
3357 4882 3508 4937 calor

1940 4948 2135 5019 aliquis
2179 4951 2326 5006 verbi
2377 4948 2473 5005 Dei
2520 4952 2786 5017 putandus
2817 4962 2899 5005 est
2932 4948 3281 5020 pervenisse:
3312 4952 3367 5006 in
3401 4953 3507 5007 hac

1937 5035 2116 5074 autem
2148 5022 2328 5075 anima
2376 5022 2490 5090 ipse
2521 5020 2658 5089 ignis
2689 5021 2907 5076 divinus
2946 5022 3371 5077 substantialiter
3416 5039 3506 5076 re-

1937 5092 2207 5159 quievisse
2252 5092 2552 5147 credendus
2594 5101 2695 5153 est,
2725 5107 2792 5145 ex
2827 5107 2937 5161 quo
2988 5093 3055 5146 ad
3088 5104 3314 5148 caeteros
3361 5092 3509 5148 calor

1938 5161 2133 5233 aliquis
2176 5163 2410 5233 venerit.
2464 5162 2706 5233 Denique
2766 5163 2909 5231 quod
2957 5163 3125 5227 dixit,
3177 5164 3301 5233 quia
3353 5166 3506 5218 unxit

1936 5243 1985 5285 te
2032 5230 2199 5298 Deus,
2249 5232 2389 5286 Deus
2426 5243 2571 5296 tuus,
2617 5230 2730 5286 eteo
2760 5230 2959 5287 laetitia:
3007 5249 3115 5301 prce
3164 5230 3506 5302 participibus

1938 5302 2063 5369 tuis,
2109 5303 2347 5357 ostendit
2377 5304 2517 5371 quod
2564 5302 2721 5357 aliter
2762 5304 2865 5359 ista
2909 5302 3087 5356 anima
3120 5305 3240 5361 oleo
3286 5305 3504 5370 laztittw,

1936 5373 1989 5426 id
2031 5384 2144 5440 est,
2175 5373 2355 5428 Verbo
2405 5376 2496 5427 Dei
2548 5383 2605 5427 et
2648 5372 2921 5442 Sapientia
2969 5377 3205 5443 ungitur,
3247 5386 3301 5431 et
3350 5376 3507 5429 aliter

1935 5446 2225 5516 participes
2254 5444 2391 5512 ejus,
2420 5446 2471 5499 id
2501 5454 2605 5511 est,
2650 5447 2824 5500 sancti
2857 5445 3133 5515 prophetae
3164 5457 3219 5501 et
3251 5447 3501 5516 apostoli.

1932 5516 2013 5568 illi
2040 5520 2185 5569 enim
2213 5515 2266 5569 in
2304 5516 2473 5570 odore
2502 5525 2895 5584 unguentorum
2927 5518 3043 5583 ejus
3070 5515 3375 5571 cucurrisse
3422 5517 3507 5570 di-

1933 5596 2129 5640 cuntur
2159 5608 2171 5641 ;
2204 5588 2305 5640 ista
2331 5597 2510 5640 autem
2541 5586 2718 5639 anima
2747 5587 3020 5640 vasculum
3050 5591 3306 5656 unguenti
3340 5589 3508 5656 ipsius

1933 5656 2059 5725 fuit,
2087 5672 2152 5713 ex
2187 5659 2345 5728 cujus
2386 5658 2681 5725 fragrantia
2716 5657 3105 5729 participantes
3130 5659 3273 5731 digni
3303 5662 3505 5731 quique
