  <div class='ocr_page' id='page_1' title='image "/cluster/home/n/w/nwhite01/storage/ocr_20150623/17/mdp.39015031604831/407.png"; bbox 0 0 4054 6310; ppageno 0'>
   <div class='ocr_carea' id='block_1_1' title="bbox 539 340 649 396">
    <p class='ocr_par' dir='ltr' id='par_1_1' title="bbox 539 340 649 396">
     <span class='ocr_line' id='line_1_1' title="bbox 539 340 649 396; baseline -0.009 0"><span class='ocrx_word' id='word_1_1' title='bbox 539 340 649 396; x_wconf 73' lang='lat'><strong>805</strong></span> 
     </span>
    </p>
   </div>
   <div class='ocr_carea' id='block_1_2' title="bbox 1808 321 2497 377">
    <p class='ocr_par' dir='ltr' id='par_1_2' title="bbox 1808 321 2497 377">
     <span class='ocr_line' id='line_1_2' title="bbox 1808 321 2497 377; baseline -0.006 -1"><span class='ocrx_word' id='word_1_2' title='bbox 1808 326 1869 376; x_wconf 83' lang='grc' dir='ltr'><strong>Ρ.</strong></span> <span class='ocrx_word' id='word_1_3' title='bbox 1913 323 2230 376; x_wconf 75' lang='lat' dir='ltr'><strong>DANIELIS</strong></span> <span class='ocrx_word' id='word_1_4' title='bbox 2266 321 2497 377; x_wconf 76' lang='lat' dir='ltr'><strong>HUETII</strong></span> 
     </span>
    </p>
   </div>
   <div class='ocr_carea' id='block_1_3' title="bbox 3681 314 3794 368">
    <p class='ocr_par' dir='ltr' id='par_1_3' title="bbox 3681 314 3794 368">
     <span class='ocr_line' id='line_1_3' title="bbox 3681 314 3794 368; baseline 0 -1"><span class='ocrx_word' id='word_1_5' title='bbox 3681 314 3794 368; x_wconf 57' lang='grc'><strong>804</strong></span> 
     </span>
    </p>
   </div>
   <div class='ocr_carea' id='block_1_4' title="bbox 539 427 3789 510">
    <p class='ocr_par' dir='ltr' id='par_1_4' title="bbox 539 427 3789 510">
     <span class='ocr_line' id='line_1_4' title="bbox 539 427 3789 510; baseline -0.009 -1"><span class='ocrx_word' id='word_1_6' title='bbox 539 455 682 509; x_wconf 88' lang='lat' dir='ltr'><strong>alias</strong></span> <span class='ocrx_word' id='word_1_7' title='bbox 713 452 1034 506; x_wconf 75' lang='lat' dir='ltr'><strong>instructam</strong></span> <span class='ocrx_word' id='word_1_8' title='bbox 1082 443 1332 510; x_wconf 92' lang='lat' dir='ltr'><strong>arbitrio,</strong></span> <span class='ocrx_word' id='word_1_9' title='bbox 1362 457 1484 498; x_wconf 91' lang='lat' dir='ltr'><strong>cum</strong></span> <span class='ocrx_word' id='word_1_10' title='bbox 1518 440 1720 497; x_wconf 88' lang='lat' dir='ltr'><strong>eximio</strong></span> <span class='ocrx_word' id='word_1_11' title='bbox 1762 440 2002 494; x_wconf 92' lang='lat' dir='ltr'><strong>auctoris</strong></span> <span class='ocrx_word' id='word_1_12' title='bbox 2034 439 2117 494; x_wconf 89' lang='lat' dir='ltr'><strong>sui</strong></span> <span class='ocrx_word' id='word_1_13' title='bbox 2149 443 2190 498; x_wconf 81' lang='grc' dir='ltr'>Α</span> <span class='ocrx_word' id='word_1_14' title='bbox 2220 452 2312 492; x_wconf 90' lang='lat' dir='ltr'><strong>seu</strong></span> <span class='ocrx_word' id='word_1_15' title='bbox 2345 437 2520 491; x_wconf 88' lang='lat' dir='ltr'><strong>anima</strong></span> <span class='ocrx_word' id='word_1_16' title='bbox 2553 433 2752 490; x_wconf 87' lang='lat' dir='ltr'><strong>Christi</strong></span> <span class='ocrx_word' id='word_1_17' title='bbox 2794 432 3018 487; x_wconf 92' lang='lat' dir='ltr'><strong>minime</strong></span> <span class='ocrx_word' id='word_1_18' title='bbox 3061 430 3312 500; x_wconf 82' lang='lat' dir='ltr'><strong>opinatus</strong></span> <span class='ocrx_word' id='word_1_19' title='bbox 3344 428 3450 498; x_wconf 86' lang='lat' dir='ltr'><strong>est)</strong></span> <span class='ocrx_word' id='word_1_20' title='bbox 3486 427 3789 494; x_wconf 81' lang='lat' dir='ltr'><strong>vinculum,</strong></span> 
     </span>
    </p>
   </div>
   <div class='ocr_carea' id='block_1_5' title="bbox 541 529 2116 610">
    <p class='ocr_par' dir='ltr' id='par_1_5' title="bbox 541 529 2116 610">
     <span class='ocr_line' id='line_1_5' title="bbox 541 529 2116 610; baseline -0.009 -13"><span class='ocrx_word' id='word_1_21' title='bbox 541 559 727 598; x_wconf 88' lang='lat' dir='ltr'><strong>amore</strong></span> <span class='ocrx_word' id='word_1_22' title='bbox 756 557 866 610; x_wconf 75' lang='lat' dir='ltr'><strong>prie</strong></span> <span class='ocrx_word' id='word_1_23' title='bbox 898 538 1110 595; x_wconf 75' lang='lat' dir='ltr'><strong>czetcris</strong></span> <span class='ocrx_word' id='word_1_24' title='bbox 1146 535 1434 588; x_wconf 85' lang='lat' dir='ltr'><strong>animabus</strong></span> <span class='ocrx_word' id='word_1_25' title='bbox 1472 539 1781 595; x_wconf 89' lang='lat' dir='ltr'><strong>teneretur;</strong></span> <span class='ocrx_word' id='word_1_26' title='bbox 1817 529 2116 598; x_wconf 86' lang='lat' dir='ltr'><strong>similisque</strong></span> 
     </span>
    </p>
   </div>
   <div class='ocr_carea' id='block_1_6' title="bbox 543 623 2117 702">
    <p class='ocr_par' dir='ltr' id='par_1_6' title="bbox 543 623 2117 702">
     <span class='ocr_line' id='line_1_6' title="bbox 543 623 2117 702; baseline -0.009 -13"><span class='ocrx_word' id='word_1_27' title='bbox 543 636 769 689; x_wconf 90' lang='lat' dir='ltr'><strong>aliarum</strong></span> <span class='ocrx_word' id='word_1_28' title='bbox 804 649 901 702; x_wconf 87' lang='lat' dir='ltr'><strong>per</strong></span> <span class='ocrx_word' id='word_1_29' title='bbox 937 639 1205 691; x_wconf 90' lang='lat' dir='ltr'><strong>naturam,</strong></span> <span class='ocrx_word' id='word_1_30' title='bbox 1252 625 1414 680; x_wconf 87' lang='lat' dir='ltr'><strong>Verbi</strong></span> <span class='ocrx_word' id='word_1_31' title='bbox 1463 623 1654 679; x_wconf 88' lang='lat' dir='ltr'><strong>similis</strong></span> <span class='ocrx_word' id='word_1_32' title='bbox 1690 632 1834 678; x_wconf 90' lang='lat' dir='ltr'><strong>esset</strong></span> <span class='ocrx_word' id='word_1_33' title='bbox 1883 638 1981 692; x_wconf 91' lang='lat' dir='ltr'><strong>per</strong></span> <span class='ocrx_word' id='word_1_34' title='bbox 2009 623 2117 676; x_wconf 90' lang='lat' dir='ltr'><strong>vir-</strong></span> 
     </span>
    </p>
   </div>
   <div class='ocr_carea' id='block_1_7' title="bbox 543 715 2116 789">
    <p class='ocr_par' dir='ltr' id='par_1_7' title="bbox 543 715 2116 789">
     <span class='ocr_line' id='line_1_7' title="bbox 543 715 2116 789; baseline -0.006 -8"><span class='ocrx_word' id='word_1_35' title='bbox 543 737 733 788; x_wconf 88' lang='lat' dir='ltr'><strong>tutem,</strong></span> <span class='ocrx_word' id='word_1_36' title='bbox 762 735 868 778; x_wconf 91' lang='lat' dir='ltr'><strong>tam</strong></span> <span class='ocrx_word' id='word_1_37' title='bbox 911 723 1136 776; x_wconf 81' lang='lat' dir='ltr'><strong>firmiter</strong></span> <span class='ocrx_word' id='word_1_38' title='bbox 1171 723 1221 776; x_wconf 92' lang='lat' dir='ltr'><strong>ei</strong></span> <span class='ocrx_word' id='word_1_39' title='bbox 1256 736 1375 776; x_wconf 91' lang='lat' dir='ltr'><strong>sese</strong></span> <span class='ocrx_word' id='word_1_40' title='bbox 1426 719 1773 789; x_wconf 84' lang='lat' dir='ltr'><strong>applicuisse,</strong></span> <span class='ocrx_word' id='word_1_41' title='bbox 1806 727 1865 771; x_wconf 91' lang='lat' dir='ltr'><strong>ut</strong></span> <span class='ocrx_word' id='word_1_42' title='bbox 1901 725 2010 771; x_wconf 89' lang='lat' dir='ltr'><strong>tota</strong></span> <span class='ocrx_word' id='word_1_43' title='bbox 2047 715 2116 771; x_wconf 87' lang='lat' dir='ltr'><strong>ab</strong></span> 
     </span>
    </p>
   </div>
   <div class='ocr_carea' id='block_1_8' title="bbox 542 807 2118 884">
    <p class='ocr_par' dir='ltr' id='par_1_8' title="bbox 542 807 2118 884">
     <span class='ocr_line' id='line_1_8' title="bbox 542 807 2118 884; baseline -0.008 -12"><span class='ocrx_word' id='word_1_44' title='bbox 542 834 608 872; x_wconf 87' lang='lat' dir='ltr'><strong>eo</strong></span> <span class='ocrx_word' id='word_1_45' title='bbox 639 825 874 884; x_wconf 89' lang='lat' dir='ltr'><strong>recepta,</strong></span> <span class='ocrx_word' id='word_1_46' title='bbox 915 813 1000 866; x_wconf 92' lang='lat' dir='ltr'><strong>vel</strong></span> <span class='ocrx_word' id='word_1_47' title='bbox 1043 821 1216 866; x_wconf 89' lang='lat' dir='ltr'><strong>totum</strong></span> <span class='ocrx_word' id='word_1_48' title='bbox 1250 810 1537 881; x_wconf 83' lang='lat' dir='ltr'><strong>recipiens,</strong></span> <span class='ocrx_word' id='word_1_49' title='bbox 1579 809 1740 878; x_wconf 82' lang='lat' dir='ltr'><strong>idque</strong></span> <span class='ocrx_word' id='word_1_50' title='bbox 1785 807 2118 862; x_wconf 83' lang='lat' dir='ltr'><strong>substantia-</strong></span> 
     </span>
    </p>
   </div>
   <div class='ocr_carea' id='block_1_9' title="bbox 544 899 2115 973">
    <p class='ocr_par' dir='ltr' id='par_1_9' title="bbox 544 899 2115 973">
     <span class='ocr_line' id='line_1_9' title="bbox 544 899 2115 973; baseline -0.006 -11"><span class='ocrx_word' id='word_1_51' title='bbox 544 908 687 966; x_wconf 91' lang='lat' dir='ltr'><strong>liter.</strong></span> <span class='ocrx_word' id='word_1_52' title='bbox 716 920 851 958; x_wconf 90' lang='lat' dir='ltr'><strong>unus</strong></span> <span class='ocrx_word' id='word_1_53' title='bbox 884 920 1002 958; x_wconf 91' lang='lat' dir='ltr'><strong>cuin</strong></span> <span class='ocrx_word' id='word_1_54' title='bbox 1031 919 1097 964; x_wconf 87' lang='lat' dir='ltr'><strong>eo</strong></span> <span class='ocrx_word' id='word_1_55' title='bbox 1129 904 1352 973; x_wconf 74' lang='lat' dir='ltr'><strong>spiritus</strong></span> <span class='ocrx_word' id='word_1_56' title='bbox 1383 899 1724 956; x_wconf 72' lang='lat' dir='ltr'><strong>efﬁceretur:</strong></span> <span class='ocrx_word' id='word_1_57' title='bbox 1759 900 1901 953; x_wconf 91' lang='lat' dir='ltr'><strong>hanc</strong></span> <span class='ocrx_word' id='word_1_58' title='bbox 1935 907 2115 952; x_wconf 90' lang='lat' dir='ltr'><strong>autem</strong></span> 
     </span>
    </p>
   </div>
   <div class='ocr_carea' id='block_1_10' title="bbox 545 989 2112 1066">
    <p class='ocr_par' dir='ltr' id='par_1_10' title="bbox 545 989 2112 1066">
     <span class='ocr_line' id='line_1_10' title="bbox 545 989 2112 1066; baseline -0.006 -15"><span class='ocrx_word' id='word_1_59' title='bbox 545 997 975 1066; x_wconf 85' lang='lat' dir='ltr'><strong>conjunctionem</strong></span> <span class='ocrx_word' id='word_1_60' title='bbox 1041 997 1107 1049; x_wconf 87' lang='lat' dir='ltr'><strong>ad</strong></span> <span class='ocrx_word' id='word_1_61' title='bbox 1165 991 1545 1049; x_wconf 89' lang='lat' dir='ltr'><strong>assumendam</strong></span> <span class='ocrx_word' id='word_1_62' title='bbox 1631 1005 1849 1045; x_wconf 87' lang='lat' dir='ltr'><strong>carnem</strong></span> <span class='ocrx_word' id='word_1_63' title='bbox 1909 989 2112 1044; x_wconf 90' lang='lat' dir='ltr'><strong>aditum</strong></span> 
     </span>
    </p>
   </div>
   <div class='ocr_carea' id='block_1_11' title="bbox 503 1081 2118 1157">
    <p class='ocr_par' dir='ltr' id='par_1_11' title="bbox 503 1081 2118 1157">
     <span class='ocr_line' id='line_1_11' title="bbox 503 1081 2118 1157; baseline -0.006 -14"><span class='ocrx_word' id='word_1_64' title='bbox 503 1155 505 1157; x_wconf 19' lang='grc' dir='ltr'><strong><em>ι</em></strong></span> <span class='ocrx_word' id='word_1_65' title='bbox 547 1087 721 1143; x_wconf 90' lang='lat' dir='ltr'><strong>Verbo</strong></span> <span class='ocrx_word' id='word_1_66' title='bbox 764 1087 1082 1151; x_wconf 84' lang='lat' dir='ltr'><strong>niunivisse,</strong></span> <span class='ocrx_word' id='word_1_67' title='bbox 1133 1101 1256 1140; x_wconf 89' lang='lat' dir='ltr'><strong>cum</strong></span> <span class='ocrx_word' id='word_1_68' title='bbox 1309 1084 1485 1138; x_wconf 87' lang='lat' dir='ltr'><strong>divina</strong></span> <span class='ocrx_word' id='word_1_69' title='bbox 1535 1083 1732 1152; x_wconf 86' lang='lat' dir='ltr'><strong>alioqui</strong></span> <span class='ocrx_word' id='word_1_70' title='bbox 1781 1091 1971 1136; x_wconf 90' lang='lat' dir='ltr'><strong>natura</strong></span> <span class='ocrx_word' id='word_1_71' title='bbox 2018 1081 2118 1135; x_wconf 90' lang='lat' dir='ltr'><strong>hu-</strong></span> 
     </span>
    </p>
   </div>
   <div class='ocr_carea' id='block_1_12' title="bbox 543 1172 2114 1248">
    <p class='ocr_par' dir='ltr' id='par_1_12' title="bbox 543 1172 2114 1248">
     <span class='ocr_line' id='line_1_12' title="bbox 543 1172 2114 1248; baseline -0.006 -12"><span class='ocrx_word' id='word_1_72' title='bbox 543 1195 720 1236; x_wconf 70' lang='lat' dir='ltr'><strong>mana:</strong></span> <span class='ocrx_word' id='word_1_73' title='bbox 769 1179 974 1248; x_wconf 82' lang='lat' dir='ltr'><strong>absque</strong></span> <span class='ocrx_word' id='word_1_74' title='bbox 1031 1178 1208 1231; x_wconf 90' lang='lat' dir='ltr'><strong>medio</strong></span> <span class='ocrx_word' id='word_1_75' title='bbox 1253 1176 1434 1244; x_wconf 90' lang='lat' dir='ltr'><strong>aliquo</strong></span> <span class='ocrx_word' id='word_1_76' title='bbox 1471 1175 1749 1228; x_wconf 77' lang='lat' dir='ltr'><strong>adhzerere</strong></span> <span class='ocrx_word' id='word_1_77' title='bbox 1803 1172 2114 1241; x_wconf 89' lang='lat' dir='ltr'><strong>neutiquam</strong></span> 
     </span>
    </p>
   </div>
   <div class='ocr_carea' id='block_1_13' title="bbox 543 1263 2118 1342">
    <p class='ocr_par' dir='ltr' id='par_1_13' title="bbox 543 1263 2118 1342">
     <span class='ocr_line' id='line_1_13' title="bbox 543 1263 2118 1342; baseline -0.005 -18"><span class='ocrx_word' id='word_1_78' title='bbox 543 1281 764 1342; x_wconf 89' lang='lat' dir='ltr'><strong>posset:</strong></span> <span class='ocrx_word' id='word_1_79' title='bbox 801 1279 908 1324; x_wconf 90' lang='lat' dir='ltr'><strong>tam</strong></span> <span class='ocrx_word' id='word_1_80' title='bbox 943 1278 1153 1323; x_wconf 88' lang='lat' dir='ltr'><strong>arctum</strong></span> <span class='ocrx_word' id='word_1_81' title='bbox 1188 1279 1367 1322; x_wconf 89' lang='lat' dir='ltr'><strong>autem</strong></span> <span class='ocrx_word' id='word_1_82' title='bbox 1407 1265 1577 1320; x_wconf 92' lang='lat' dir='ltr'><strong>fuisse</strong></span> <span class='ocrx_word' id='word_1_83' title='bbox 1613 1263 1851 1319; x_wconf 84' lang='lat' dir='ltr'><strong>Verbum</strong></span> <span class='ocrx_word' id='word_1_84' title='bbox 1887 1264 2029 1318; x_wconf 91' lang='lat' dir='ltr'><strong>inter</strong></span> <span class='ocrx_word' id='word_1_85' title='bbox 2061 1269 2118 1316; x_wconf 91' lang='lat' dir='ltr'><strong>et</strong></span> 
     </span>
    </p>
   </div>
   <div class='ocr_carea' id='block_1_14' title="bbox 545 1356 2118 1420">
    <p class='ocr_par' dir='ltr' id='par_1_14' title="bbox 545 1356 2118 1420">
     <span class='ocr_line' id='line_1_14' title="bbox 545 1356 2118 1420; baseline -0.004 -6"><span class='ocrx_word' id='word_1_86' title='bbox 545 1363 780 1416; x_wconf 88' lang='lat' dir='ltr'><strong>animam</strong></span> <span class='ocrx_word' id='word_1_87' title='bbox 818 1361 984 1420; x_wconf 84' lang='lat' dir='ltr'><strong>hanc.</strong></span> <span class='ocrx_word' id='word_1_88' title='bbox 1031 1375 1122 1414; x_wconf 87' lang='lat' dir='ltr'><strong>seu</strong></span> <span class='ocrx_word' id='word_1_89' title='bbox 1168 1368 1227 1412; x_wconf 91' lang='lat' dir='ltr'><strong>ut</strong></span> <span class='ocrx_word' id='word_1_90' title='bbox 1255 1358 1421 1412; x_wconf 86' lang='lat' dir='ltr'><strong>habet</strong></span> <span class='ocrx_word' id='word_1_91' title='bbox 1469 1356 1852 1419; x_wconf 89' lang='lat' dir='ltr'><strong>Dainascenus,</strong></span> <span class='ocrx_word' id='word_1_92' title='bbox 1885 1361 2118 1407; x_wconf 86' lang='lat' dir='ltr'><strong>mentem</strong></span> 
     </span>
    </p>
   </div>
   <div class='ocr_carea' id='block_1_15' title="bbox 545 1446 2116 1521">
    <p class='ocr_par' dir='ltr' id='par_1_15' title="bbox 545 1446 2116 1521">
     <span class='ocr_line' id='line_1_15' title="bbox 545 1446 2116 1521; baseline -0.006 -15"><span class='ocrx_word' id='word_1_93' title='bbox 545 1450 709 1520; x_wconf 89' lang='lat' dir='ltr'><strong>(quod</strong></span> <span class='ocrx_word' id='word_1_94' title='bbox 742 1452 910 1521; x_wconf 87' lang='lat' dir='ltr'><strong>magis</strong></span> <span class='ocrx_word' id='word_1_95' title='bbox 958 1450 1210 1504; x_wconf 82' lang='lat' dir='ltr'><strong>convenit</strong></span> <span class='ocrx_word' id='word_1_96' title='bbox 1265 1447 1522 1502; x_wconf 62' lang='lat' dir='ltr'><strong>doctrinae</strong></span> <span class='ocrx_word' id='word_1_97' title='bbox 1569 1446 1842 1516; x_wconf 91' lang='lat' dir='ltr'><strong>Origenis,</strong></span> <span class='ocrx_word' id='word_1_98' title='bbox 1895 1459 2020 1497; x_wconf 92' lang='lat' dir='ltr'><strong>nam</strong></span> <span class='ocrx_word' id='word_1_99' title='bbox 2051 1458 2116 1498; x_wconf 81' lang='lat' dir='ltr'><strong>ex</strong></span> 
     </span>
    </p>
   </div>
   <div class='ocr_carea' id='block_1_16' title="bbox 547 1532 2117 1596">
    <p class='ocr_par' dir='ltr' id='par_1_16' title="bbox 547 1532 2117 1596">
     <span class='ocr_line' id='line_1_16' title="bbox 547 1532 2117 1596; baseline -0.008 0"><span class='ocrx_word' id='word_1_100' title='bbox 547 1540 819 1596; x_wconf 82' lang='lat' dir='ltr'><strong>mentibus</strong></span> <span class='ocrx_word' id='word_1_101' title='bbox 853 1540 1058 1594; x_wconf 87' lang='lat' dir='ltr'><strong>animas</strong></span> <span class='ocrx_word' id='word_1_102' title='bbox 1093 1547 1203 1592; x_wconf 94' lang='lat' dir='ltr'><strong>tum</strong></span> <span class='ocrx_word' id='word_1_103' title='bbox 1240 1536 1411 1590; x_wconf 90' lang='lat' dir='ltr'><strong>solum</strong></span> <span class='ocrx_word' id='word_1_104' title='bbox 1448 1534 1783 1590; x_wconf 81' lang='lat' dir='ltr'><strong>existimavit</strong></span> <span class='ocrx_word' id='word_1_105' title='bbox 1814 1532 1949 1594; x_wconf 83' lang='lat' dir='ltr'><strong>fieri,</strong></span> <span class='ocrx_word' id='word_1_106' title='bbox 1995 1547 2117 1585; x_wconf 92' lang='lat' dir='ltr'><strong>cum</strong></span> 
     </span>
    </p>
   </div>
   <div class='ocr_carea' id='block_1_17' title="bbox 547 1625 2116 1696">
    <p class='ocr_par' dir='ltr' id='par_1_17' title="bbox 547 1625 2116 1696">
     <span class='ocr_line' id='line_1_17' title="bbox 547 1625 2116 1696; baseline -0.006 -7"><span class='ocrx_word' id='word_1_107' title='bbox 547 1649 613 1689; x_wconf 81' lang='lat' dir='ltr'><strong>ex</strong></span> <span class='ocrx_word' id='word_1_108' title='bbox 647 1633 928 1689; x_wconf 84' lang='lat' dir='ltr'><strong>cliaritatis</strong></span> <span class='ocrx_word' id='word_1_109' title='bbox 967 1632 1162 1686; x_wconf 89' lang='lat' dir='ltr'><strong>ardore</strong></span> <span class='ocrx_word' id='word_1_110' title='bbox 1199 1629 1562 1694; x_wconf 79' lang='lat' dir='ltr'><strong>refrixerunt,</strong></span> <span class='ocrx_word' id='word_1_111' title='bbox 1609 1625 1751 1696; x_wconf 86' lang='lat' dir='ltr'><strong>quod</strong></span> <span class='ocrx_word' id='word_1_112' title='bbox 1798 1626 1863 1680; x_wconf 92' lang='lat' dir='ltr'><strong>de</strong></span> <span class='ocrx_word' id='word_1_113' title='bbox 1910 1632 2116 1689; x_wconf 88' lang='lat' dir='ltr'><strong>mente,</strong></span> 
     </span>
    </p>
   </div>
   <div class='ocr_carea' id='block_1_18' title="bbox 2220 523 3798 598">
    <p class='ocr_par' dir='ltr' id='par_1_18' title="bbox 2220 523 3798 598">
     <span class='ocr_line' id='line_1_18' title="bbox 2220 523 3798 598; baseline -0.006 -14"><span class='ocrx_word' id='word_1_114' title='bbox 2220 539 2281 584; x_wconf 91' lang='lat' dir='ltr'><strong>ut</strong></span> <span class='ocrx_word' id='word_1_115' title='bbox 2311 528 2450 590; x_wconf 85' lang='lat' dir='ltr'><strong>vitii,</strong></span> <span class='ocrx_word' id='word_1_116' title='bbox 2479 544 2508 582; x_wconf 93' lang='lat' dir='ltr'><strong>a</strong></span> <span class='ocrx_word' id='word_1_117' title='bbox 2541 543 2649 598; x_wconf 93' lang='lat' dir='ltr'><strong>quo</strong></span> <span class='ocrx_word' id='word_1_118' title='bbox 2681 528 2918 581; x_wconf 78' lang='lat' dir='ltr'><strong>maxime</strong></span> <span class='ocrx_word' id='word_1_119' title='bbox 2947 525 3126 580; x_wconf 77' lang='lat' dir='ltr'><strong>diVina</strong></span> <span class='ocrx_word' id='word_1_120' title='bbox 3155 524 3414 577; x_wconf 86' lang='lat' dir='ltr'><strong>abhorret</strong></span> <span class='ocrx_word' id='word_1_121' title='bbox 3449 533 3664 586; x_wconf 86' lang='lat' dir='ltr'><strong>natura,</strong></span> <span class='ocrx_word' id='word_1_122' title='bbox 3696 523 3798 576; x_wconf 82' lang='lat' dir='ltr'><strong>nii-</strong></span> 
     </span>
    </p>
   </div>
   <div class='ocr_carea' id='block_1_19' title="bbox 2221 611 3801 685">
    <p class='ocr_par' dir='ltr' id='par_1_19' title="bbox 2221 611 3801 685">
     <span class='ocr_line' id='line_1_19' title="bbox 2221 611 3801 685; baseline -0.004 -13"><span class='ocrx_word' id='word_1_123' title='bbox 2221 617 2364 673; x_wconf 91' lang='lat' dir='ltr'><strong>niine</strong></span> <span class='ocrx_word' id='word_1_124' title='bbox 2393 631 2564 685; x_wconf 81' lang='lat' dir='ltr'><strong>capax</strong></span> <span class='ocrx_word' id='word_1_125' title='bbox 2600 625 2778 684; x_wconf 85' lang='lat' dir='ltr'><strong>esset;</strong></span> <span class='ocrx_word' id='word_1_126' title='bbox 2811 623 2972 684; x_wconf 90' lang='lat' dir='ltr'><strong>atque</strong></span> <span class='ocrx_word' id='word_1_127' title='bbox 3003 614 3076 668; x_wconf 90' lang='lat' dir='ltr'><strong>ita</strong></span> <span class='ocrx_word' id='word_1_128' title='bbox 3118 630 3136 663; x_wconf 75' lang='grc' dir='ltr'><strong>ι</strong></span> <span class='ocrx_word' id='word_1_129' title='bbox 3168 612 3308 681; x_wconf 91' lang='lat' dir='ltr'><strong>quod</strong></span> <span class='ocrx_word' id='word_1_130' title='bbox 3343 612 3393 664; x_wconf 94' lang='lat' dir='ltr'><strong>iu</strong></span> <span class='ocrx_word' id='word_1_131' title='bbox 3425 611 3655 665; x_wconf 90' lang='lat' dir='ltr'><strong>arbitrio</strong></span> <span class='ocrx_word' id='word_1_132' title='bbox 3681 622 3801 666; x_wconf 88' lang='lat' dir='ltr'><strong>erat</strong></span> 
     </span>
    </p>
   </div>
   <div class='ocr_carea' id='block_1_20' title="bbox 2219 703 3801 778">
    <p class='ocr_par' dir='ltr' id='par_1_20' title="bbox 2219 703 3801 778">
     <span class='ocr_line' id='line_1_20' title="bbox 2219 703 3801 778; baseline -0.006 -14"><span class='ocrx_word' id='word_1_133' title='bbox 2219 709 2474 778; x_wconf 89' lang='lat' dir='ltr'><strong>positum,</strong></span> <span class='ocrx_word' id='word_1_134' title='bbox 2497 707 2639 777; x_wconf 86' lang='lat' dir='ltr'><strong>longi</strong></span> <span class='ocrx_word' id='word_1_135' title='bbox 2674 722 2800 762; x_wconf 86' lang='lat' dir='ltr'><strong>usus</strong></span> <span class='ocrx_word' id='word_1_136' title='bbox 2829 706 3020 760; x_wconf 75' lang='lat' dir='ltr'><strong>affectu</strong></span> <span class='ocrx_word' id='word_1_137' title='bbox 3055 705 3166 775; x_wconf 87' lang='lat' dir='ltr'><strong>jam</strong></span> <span class='ocrx_word' id='word_1_138' title='bbox 3201 718 3417 757; x_wconf 90' lang='lat' dir='ltr'><strong>versum</strong></span> <span class='ocrx_word' id='word_1_139' title='bbox 3448 718 3572 757; x_wconf 83' lang='lat' dir='ltr'><strong>esse</strong></span> <span class='ocrx_word' id='word_1_140' title='bbox 3607 703 3661 756; x_wconf 93' lang='lat' dir='ltr'><strong>in</strong></span> <span class='ocrx_word' id='word_1_141' title='bbox 3701 717 3801 756; x_wconf 88' lang='lat' dir='ltr'><strong>na-</strong></span> 
     </span>
    </p>
   </div>
   <div class='ocr_carea' id='block_1_21' title="bbox 2217 790 3810 868">
    <p class='ocr_par' dir='ltr' id='par_1_21' title="bbox 2217 790 3810 868">
     <span class='ocr_line' id='line_1_21' title="bbox 2217 790 3810 868; baseline -0.005 -15"><span class='ocrx_word' id='word_1_142' title='bbox 2217 809 2418 861; x_wconf 88' lang='lat' dir='ltr'><strong>turain,</strong></span> <span class='ocrx_word' id='word_1_143' title='bbox 2443 817 2462 851; x_wconf 77' lang='grc' dir='ltr'><strong>ι</strong></span> <span class='ocrx_word' id='word_1_144' title='bbox 2497 807 2556 850; x_wconf 86' lang='grc' dir='ltr'><strong>ιιι</strong></span> <span class='ocrx_word' id='word_1_145' title='bbox 2589 812 2618 850; x_wconf 88' lang='lat' dir='ltr'><strong>a</strong></span> <span class='ocrx_word' id='word_1_146' title='bbox 2653 806 2878 866; x_wconf 90' lang='lat' dir='ltr'><strong>peccato</strong></span> <span class='ocrx_word' id='word_1_147' title='bbox 2901 795 3115 866; x_wconf 90' lang='lat' dir='ltr'><strong>penitus</strong></span> <span class='ocrx_word' id='word_1_148' title='bbox 3141 803 3279 847; x_wconf 86' lang='lat' dir='ltr'><strong>esset</strong></span> <span class='ocrx_word' id='word_1_149' title='bbox 3312 790 3606 846; x_wconf 89' lang='lat' dir='ltr'><strong>immunis:</strong></span> <span class='ocrx_word' id='word_1_150' title='bbox 3642 791 3810 868; x_wconf 81' lang='lat' dir='ltr'><strong>aliter</strong></span> 
     </span>
    </p>
   </div>
   <div class='ocr_carea' id='block_1_22' title="bbox 2220 882 3797 962">
    <p class='ocr_par' dir='ltr' id='par_1_22' title="bbox 2220 882 3797 962">
     <span class='ocr_line' id='line_1_22' title="bbox 2220 882 3797 962; baseline -0.007 -16"><span class='ocrx_word' id='word_1_151' title='bbox 2220 891 2384 962; x_wconf 84' lang='lat' dir='ltr'><strong>igitur</strong></span> <span class='ocrx_word' id='word_1_152' title='bbox 2434 891 2484 945; x_wconf 93' lang='lat' dir='ltr'><strong>in</strong></span> <span class='ocrx_word' id='word_1_153' title='bbox 2542 889 2816 959; x_wconf 84' lang='lat' dir='ltr'><strong>prophetis</strong></span> <span class='ocrx_word' id='word_1_154' title='bbox 2869 897 2924 942; x_wconf 86' lang='lat' dir='ltr'><strong>et</strong></span> <span class='ocrx_word' id='word_1_155' title='bbox 2977 885 3232 954; x_wconf 89' lang='lat' dir='ltr'><strong>apostolis</strong></span> <span class='ocrx_word' id='word_1_156' title='bbox 3291 884 3461 939; x_wconf 82' lang='lat' dir='ltr'><strong>fuisse</strong></span> <span class='ocrx_word' id='word_1_157' title='bbox 3521 882 3797 950; x_wconf 83' lang='lat' dir='ltr'><strong>Verbum,</strong></span> 
     </span>
    </p>
   </div>
   <div class='ocr_carea' id='block_1_23' title="bbox 2219 975 3800 1048">
    <p class='ocr_par' dir='ltr' id='par_1_23' title="bbox 2219 975 3800 1048">
     <span class='ocr_line' id='line_1_23' title="bbox 2219 975 3800 1048; baseline -0.005 -12"><span class='ocrx_word' id='word_1_158' title='bbox 2219 983 2374 1036; x_wconf 89' lang='lat' dir='ltr'><strong>aliter</strong></span> <span class='ocrx_word' id='word_1_159' title='bbox 2403 982 2456 1035; x_wconf 92' lang='lat' dir='ltr'><strong>in</strong></span> <span class='ocrx_word' id='word_1_160' title='bbox 2493 980 2750 1044; x_wconf 79' lang='lat' dir='ltr'><strong>Christo;</strong></span> <span class='ocrx_word' id='word_1_161' title='bbox 2782 979 2888 1033; x_wconf 91' lang='lat' dir='ltr'><strong>illis</strong></span> <span class='ocrx_word' id='word_1_162' title='bbox 2921 978 3064 1032; x_wconf 89' lang='lat' dir='ltr'><strong>enim</strong></span> <span class='ocrx_word' id='word_1_163' title='bbox 3101 991 3198 1046; x_wconf 90' lang='lat' dir='ltr'><strong>per</strong></span> <span class='ocrx_word' id='word_1_164' title='bbox 3234 975 3488 1048; x_wconf 82' lang='grc' dir='ltr'>σχετικὴν</span> <span class='ocrx_word' id='word_1_165' title='bbox 3527 985 3582 1030; x_wconf 91' lang='lat' dir='ltr'><strong>et</strong></span> <span class='ocrx_word' id='word_1_166' title='bbox 3619 991 3800 1032; x_wconf 82' lang='lat' dir='ltr'><strong>inora-</strong></span> 
     </span>
    </p>
   </div>
   <div class='ocr_carea' id='block_1_24' title="bbox 2219 1069 3799 1140">
    <p class='ocr_par' dir='ltr' id='par_1_24' title="bbox 2219 1069 3799 1140">
     <span class='ocr_line' id='line_1_24' title="bbox 2219 1069 3799 1140; baseline -0.003 -13"><span class='ocrx_word' id='word_1_167' title='bbox 2219 1073 2322 1127; x_wconf 92' lang='lat' dir='ltr'><strong>lem</strong></span> <span class='ocrx_word' id='word_1_168' title='bbox 2380 1071 2850 1140; x_wconf 72' lang='lat' dir='ltr'><strong>coniunctionem,</strong></span> <span class='ocrx_word' id='word_1_169' title='bbox 2906 1070 3123 1126; x_wconf 88' lang='lat' dir='ltr'><strong>Christo</strong></span> <span class='ocrx_word' id='word_1_170' title='bbox 3188 1089 3205 1120; x_wconf 83' lang='lat' dir='ltr'><strong>i</strong></span> <span class='ocrx_word' id='word_1_171' title='bbox 3240 1085 3335 1137; x_wconf 89' lang='lat' dir='ltr'><strong>per</strong></span> <span class='ocrx_word' id='word_1_172' title='bbox 3390 1069 3799 1123; x_wconf 84' lang='lat' dir='ltr'><strong>immaculatain</strong></span> 
     </span>
    </p>
   </div>
   <div class='ocr_carea' id='block_1_25' title="bbox 2219 1163 3798 1234">
    <p class='ocr_par' dir='ltr' id='par_1_25' title="bbox 2219 1163 3798 1234">
     <span class='ocr_line' id='line_1_25' title="bbox 2219 1163 3798 1234; baseline -0.003 -14"><span class='ocrx_word' id='word_1_173' title='bbox 2219 1165 2627 1222; x_wconf 80' lang='lat' dir='ltr'><strong>fiedcrationeui</strong></span> <span class='ocrx_word' id='word_1_174' title='bbox 2651 1184 2669 1217; x_wconf 71' lang='grc' dir='ltr'><strong>ι</strong></span> <span class='ocrx_word' id='word_1_175' title='bbox 2706 1170 2762 1218; x_wconf 87' lang='lat' dir='ltr'><strong>et</strong></span> <span class='ocrx_word' id='word_1_176' title='bbox 2793 1164 3182 1234; x_wconf 90' lang='lat' dir='ltr'><strong>hypostaticam</strong></span> <span class='ocrx_word' id='word_1_177' title='bbox 3221 1163 3558 1217; x_wconf 68' lang='lat' dir='ltr'><strong>adhaesisse:</strong></span> <span class='ocrx_word' id='word_1_178' title='bbox 3595 1179 3661 1217; x_wconf 90' lang='lat' dir='ltr'><strong>ac</strong></span> <span class='ocrx_word' id='word_1_179' title='bbox 3701 1177 3798 1216; x_wconf 91' lang='lat' dir='ltr'><strong>nos</strong></span> 
     </span>
    </p>
   </div>
   <div class='ocr_carea' id='block_1_26' title="bbox 2219 1251 3797 1326">
    <p class='ocr_par' dir='ltr' id='par_1_26' title="bbox 2219 1251 3797 1326">
     <span class='ocr_line' id='line_1_26' title="bbox 2219 1251 3797 1326; baseline -0.002 -18"><span class='ocrx_word' id='word_1_180' title='bbox 2219 1256 2445 1326; x_wconf 83' lang='lat' dir='ltr'><strong>proinde</strong></span> <span class='ocrx_word' id='word_1_181' title='bbox 2466 1255 2513 1310; x_wconf 88' lang='lat' dir='ltr'><strong>si</strong></span> <span class='ocrx_word' id='word_1_182' title='bbox 2543 1255 2868 1324; x_wconf 79' lang='lat' dir='ltr'><strong>singularem</strong></span> <span class='ocrx_word' id='word_1_183' title='bbox 2900 1254 3091 1307; x_wconf 67' lang='lat' dir='ltr'><strong>animai</strong></span> <span class='ocrx_word' id='word_1_184' title='bbox 3115 1253 3312 1308; x_wconf 89' lang='lat' dir='ltr'><strong>Christi</strong></span> <span class='ocrx_word' id='word_1_185' title='bbox 3340 1252 3601 1306; x_wconf 86' lang='lat' dir='ltr'><strong>adversus</strong></span> <span class='ocrx_word' id='word_1_186' title='bbox 3631 1251 3797 1306; x_wconf 85' lang='lat' dir='ltr'><strong>Deum</strong></span> 
     </span>
    </p>
   </div>
   <div class='ocr_carea' id='block_1_27' title="bbox 2227 1342 3802 1416">
    <p class='ocr_par' dir='ltr' id='par_1_27' title="bbox 2227 1342 3802 1416">
     <span class='ocr_line' id='line_1_27' title="bbox 2227 1342 3802 1416; baseline -0.001 -17"><span class='ocrx_word' id='word_1_187' title='bbox 2227 1362 2487 1411; x_wconf 90' lang='lat' dir='ltr'><strong>amorem,</strong></span> <span class='ocrx_word' id='word_1_188' title='bbox 2514 1361 2622 1416; x_wconf 91' lang='lat' dir='ltr'><strong>quo</strong></span> <span class='ocrx_word' id='word_1_189' title='bbox 2651 1347 2816 1401; x_wconf 91' lang='lat' dir='ltr'><strong>Deuin</strong></span> <span class='ocrx_word' id='word_1_190' title='bbox 2846 1342 2900 1399; x_wconf 87' lang='lat' dir='ltr'><strong>in</strong></span> <span class='ocrx_word' id='word_1_191' title='bbox 2934 1360 2992 1400; x_wconf 89' lang='lat' dir='ltr'><strong>se</strong></span> <span class='ocrx_word' id='word_1_192' title='bbox 3024 1345 3265 1414; x_wconf 90' lang='lat' dir='ltr'><strong>recipere</strong></span> <span class='ocrx_word' id='word_1_193' title='bbox 3298 1342 3489 1398; x_wconf 91' lang='lat' dir='ltr'><strong>merita</strong></span> <span class='ocrx_word' id='word_1_194' title='bbox 3538 1353 3644 1410; x_wconf 90' lang='lat' dir='ltr'><strong>est,</strong></span> <span class='ocrx_word' id='word_1_195' title='bbox 3678 1343 3802 1398; x_wconf 88' lang='lat' dir='ltr'><strong>imi-</strong></span> 
     </span>
    </p>
   </div>
   <div class='ocr_carea' id='block_1_28' title="bbox 2227 1434 3801 1506">
    <p class='ocr_par' dir='ltr' id='par_1_28' title="bbox 2227 1434 3801 1506">
     <span class='ocr_line' id='line_1_28' title="bbox 2227 1434 3801 1506; baseline -0.001 -15"><span class='ocrx_word' id='word_1_196' title='bbox 2227 1449 2424 1503; x_wconf 86' lang='lat' dir='ltr'><strong>temur,</strong></span> <span class='ocrx_word' id='word_1_197' title='bbox 2452 1437 2653 1492; x_wconf 87' lang='lat' dir='ltr'><strong>Christi</strong></span> <span class='ocrx_word' id='word_1_198' title='bbox 2685 1452 2898 1506; x_wconf 92' lang='lat' dir='ltr'><strong>quoque</strong></span> <span class='ocrx_word' id='word_1_199' title='bbox 2929 1451 3026 1505; x_wconf 92' lang='lat' dir='ltr'><strong>pro</strong></span> <span class='ocrx_word' id='word_1_200' title='bbox 3067 1447 3182 1491; x_wconf 92' lang='lat' dir='ltr'><strong>rata</strong></span> <span class='ocrx_word' id='word_1_201' title='bbox 3215 1434 3465 1490; x_wconf 70' lang='lat' dir='ltr'><strong>elfcctum</strong></span> <span class='ocrx_word' id='word_1_202' title='bbox 3510 1435 3575 1489; x_wconf 92' lang='lat' dir='ltr'><strong>iri</strong></span> <span class='ocrx_word' id='word_1_203' title='bbox 3624 1436 3801 1505; x_wconf 87' lang='lat' dir='ltr'><strong>parti-</strong></span> 
     </span>
    </p>
   </div>
   <div class='ocr_carea' id='block_1_29' title="bbox 2225 1526 3802 1597">
    <p class='ocr_par' dir='ltr' id='par_1_29' title="bbox 2225 1526 3802 1597">
     <span class='ocr_line' id='line_1_29' title="bbox 2225 1526 3802 1597; baseline -0.001 -14"><span class='ocrx_word' id='word_1_204' title='bbox 2225 1530 2390 1597; x_wconf 84' lang='lat' dir='ltr'><strong>cipes.</strong></span> <span class='ocrx_word' id='word_1_205' title='bbox 2420 1529 2624 1594; x_wconf 79' lang='lat' dir='ltr'><strong>Quibus</strong></span> <span class='ocrx_word' id='word_1_206' title='bbox 2666 1529 2972 1583; x_wconf 83' lang='lat' dir='ltr'><strong>asserendis</strong></span> <span class='ocrx_word' id='word_1_207' title='bbox 3021 1527 3122 1582; x_wconf 92' lang='lat' dir='ltr'><strong>hac</strong></span> <span class='ocrx_word' id='word_1_208' title='bbox 3157 1526 3370 1581; x_wconf 87' lang='lat' dir='ltr'><strong>Davidis</strong></span> <span class='ocrx_word' id='word_1_209' title='bbox 3421 1527 3802 1582; x_wconf 83' lang='lat' dir='ltr'><strong>testiﬁcatione</strong></span> 
     </span>
    </p>
   </div>
   <div class='ocr_carea' id='block_1_30' title="bbox 2224 1617 3802 1691">
    <p class='ocr_par' dir='ltr' id='par_1_30' title="bbox 2224 1617 3802 1691">
     <span class='ocr_line' id='line_1_30' title="bbox 2224 1617 3802 1691; baseline -0.003 -15"><span class='ocrx_word' id='word_1_210' title='bbox 2224 1623 2393 1676; x_wconf 89' lang='lat' dir='ltr'><strong>utitur</strong></span> <span class='ocrx_word' id='word_1_211' title='bbox 2428 1635 2459 1674; x_wconf 92' lang='lat' dir='ltr'><strong>e</strong></span> <span class='ocrx_word' id='word_1_212' title='bbox 2503 1619 2636 1691; x_wconf 87' lang='lat' dir='ltr'><strong>psal.</strong></span> <span class='ocrx_word' id='word_1_213' title='bbox 2680 1635 2805 1675; x_wconf 84' lang='lat' dir='ltr'><strong>thv</strong></span> <span class='ocrx_word' id='word_1_214' title='bbox 2831 1661 2848 1686; x_wconf 90' lang='lat'><strong>,</strong></span> <span class='ocrx_word' id='word_1_215' title='bbox 2907 1619 2939 1674; x_wconf 89' lang='lat'><strong>8</strong></span> <span class='ocrx_word' id='word_1_216' title='bbox 2982 1636 2996 1672; x_wconf 90' lang='lat'><strong>:</strong></span> <span class='ocrx_word' id='word_1_217' title='bbox 3035 1635 3053 1670; x_wconf 86' lang='lat' dir='ltr'><strong>i</strong></span> <span class='ocrx_word' id='word_1_218' title='bbox 3083 1617 3325 1673; x_wconf 84' lang='lat' dir='ltr'><strong>Dilexisti</strong></span> <span class='ocrx_word' id='word_1_219' title='bbox 3373 1618 3687 1688; x_wconf 85' lang='lat' dir='ltr'><strong>justitiam,</strong></span> <span class='ocrx_word' id='word_1_220' title='bbox 3745 1627 3802 1675; x_wconf 89' lang='lat' dir='ltr'><strong>et</strong></span> 
     </span>
    </p>
   </div>
   <div class='ocr_carea' id='block_1_31' title="bbox 548 1794 3801 1878">
    <p class='ocr_par' dir='ltr' id='par_1_31' title="bbox 548 1794 3801 1878">
     <span class='ocr_line' id='line_1_31' title="bbox 548 1794 3801 1878; baseline -0.004 -18"><span class='ocrx_word' id='word_1_221' title='bbox 548 1807 821 1878; x_wconf 72' lang='lat' dir='ltr'><strong>prophetze</strong></span> <span class='ocrx_word' id='word_1_222' title='bbox 869 1806 1070 1878; x_wconf 78' lang='lat' dir='ltr'><strong>fiebant</strong></span> <span class='ocrx_word' id='word_1_223' title='bbox 1106 1801 1442 1878; x_wconf 78' lang='lat' dir='ltr'><strong>etapostoli.</strong></span> <span class='ocrx_word' id='word_1_224' title='bbox 1469 1819 1488 1852; x_wconf 75' lang='grc' dir='ltr'><strong>ι</strong></span> <span class='ocrx_word' id='word_1_225' title='bbox 1527 1799 1660 1856; x_wconf 89' lang='lat' dir='ltr'><strong>Cum</strong></span> <span class='ocrx_word' id='word_1_226' title='bbox 1701 1814 1832 1868; x_wconf 81' lang='lat' dir='ltr'><strong>ergo</strong></span> <span class='ocrx_word' id='word_1_227' title='bbox 1864 1805 1984 1878; x_wconf 87' lang='lat' dir='ltr'><strong>tam</strong></span> <span class='ocrx_word' id='word_1_228' title='bbox 2021 1797 2120 1878; x_wconf 49' lang='lat' dir='ltr'><strong>di:</strong></span> <span class='ocrx_word' id='word_1_229' title='bbox 2153 1803 2196 1858; x_wconf 84' lang='grc' dir='ltr'><strong>Β</strong></span> <span class='ocrx_word' id='word_1_230' title='bbox 2225 1804 2365 1850; x_wconf 87' lang='lat' dir='ltr'><strong>ctam</strong></span> <span class='ocrx_word' id='word_1_231' title='bbox 2414 1797 2468 1878; x_wconf 75' lang='lat' dir='ltr'><strong>in</strong></span> <span class='ocrx_word' id='word_1_232' title='bbox 2512 1795 2629 1877; x_wconf 73' lang='lat' dir='ltr'><strong>ipso</strong></span> <span class='ocrx_word' id='word_1_233' title='bbox 2675 1794 3296 1878; x_wconf 40' lang='lat' dir='ltr'><strong>creationisﬂmomento</strong></span> <span class='ocrx_word' id='word_1_234' title='bbox 3339 1810 3444 1849; x_wconf 93' lang='lat' dir='ltr'><strong>non</strong></span> <span class='ocrx_word' id='word_1_235' title='bbox 3485 1803 3652 1878; x_wconf 71' lang='lat' dir='ltr'><strong>negat</strong></span> <span class='ocrx_word' id='word_1_236' title='bbox 3685 1812 3722 1877; x_wconf 42' lang='grc' dir='ltr'><em>τ’</em></span> <span class='ocrx_word' id='word_1_237' title='bbox 3746 1805 3801 1849; x_wconf 89' lang='lat' dir='ltr'><strong>et</strong></span> 
     </span>
    </p>
   </div>
   <div class='ocr_carea' id='block_1_32' title="bbox 550 1867 2118 1941">
    <p class='ocr_par' dir='ltr' id='par_1_32' title="bbox 550 1867 2118 1941">
     <span class='ocr_line' id='line_1_32' title="bbox 550 1867 2118 1941; baseline -0.007 -10"><span class='ocrx_word' id='word_1_238' title='bbox 550 1867 694 1932; x_wconf 70' lang='lat' dir='ltr'><strong>serie</strong></span> <span class='ocrx_word' id='word_1_239' title='bbox 729 1879 962 1930; x_wconf 88' lang='lat' dir='ltr'><strong>animam</strong></span> <span class='ocrx_word' id='word_1_240' title='bbox 992 1876 1188 1930; x_wconf 87' lang='lat' dir='ltr'><strong>Christi</strong></span> <span class='ocrx_word' id='word_1_241' title='bbox 1225 1867 1495 1941; x_wconf 82' lang='lat' dir='ltr'><strong>nunquam</strong></span> <span class='ocrx_word' id='word_1_242' title='bbox 1529 1867 1877 1938; x_wconf 30' lang='lat' dir='ltr'><strong>peccare’aut</strong></span> <span class='ocrx_word' id='word_1_243' title='bbox 1921 1867 2118 1920; x_wconf 88' lang='lat' dir='ltr'><strong>mutari</strong></span> 
     </span>
    </p>
   </div>
   <div class='ocr_carea' id='block_1_33' title="bbox 550 1941 2123 2013">
    <p class='ocr_par' dir='ltr' id='par_1_33' title="bbox 550 1941 2123 2013">
     <span class='ocr_line' id='line_1_33' title="bbox 550 1941 2123 2013; baseline -0.008 -12"><span class='ocrx_word' id='word_1_244' title='bbox 550 1949 792 2013; x_wconf 80' lang='lat' dir='ltr'><strong>potuisse</strong></span> <span class='ocrx_word' id='word_1_245' title='bbox 826 1947 987 2010; x_wconf 85' lang='lat' dir='ltr'><strong>dicat,</strong></span> <span class='ocrx_word' id='word_1_246' title='bbox 1016 1960 1244 2012; x_wconf 91' lang='lat' dir='ltr'><strong>cumque</strong></span> <span class='ocrx_word' id='word_1_247' title='bbox 1273 1943 1413 2013; x_wconf 86' lang='lat' dir='ltr'><strong>hanc</strong></span> <span class='ocrx_word' id='word_1_248' title='bbox 1455 1941 1868 2013; x_wconf 87' lang='lat' dir='ltr'><strong>impeccantiain</strong></span> <span class='ocrx_word' id='word_1_249' title='bbox 1900 1952 1966 1991; x_wconf 86' lang='lat' dir='ltr'><strong>ex</strong></span> <span class='ocrx_word' id='word_1_250' title='bbox 2001 1952 2123 2013; x_wconf 60' lang='lat' dir='ltr'><strong>pera</strong></span> 
     </span>
    </p>
   </div>
   <div class='ocr_carea' id='block_1_34' title="bbox 590 2007 2118 2089">
    <p class='ocr_par' dir='ltr' id='par_1_34' title="bbox 590 2007 2118 2089">
     <span class='ocr_line' id='line_1_34' title="bbox 590 2007 2118 2089; baseline -0.007 -19"><span class='ocrx_word' id='word_1_251' title='bbox 590 2029 706 2071; x_wconf 86' lang='lat' dir='ltr'><strong>eiua</strong></span> <span class='ocrx_word' id='word_1_252' title='bbox 736 2033 854 2089; x_wconf 86' lang='lat' dir='ltr'><strong>cum</strong></span> <span class='ocrx_word' id='word_1_253' title='bbox 892 2007 1068 2069; x_wconf 85' lang='lat' dir='ltr'><strong>Verbo</strong></span> <span class='ocrx_word' id='word_1_254' title='bbox 1104 2007 1298 2089; x_wconf 81' lang='lat' dir='ltr'><strong>unione</strong></span> <span class='ocrx_word' id='word_1_255' title='bbox 1341 2011 1675 2089; x_wconf 78' lang='lat' dir='ltr'><strong>liypostatica</strong></span> <span class='ocrx_word' id='word_1_256' title='bbox 1719 2017 1958 2089; x_wconf 77' lang='lat' dir='ltr'><strong>repetat,</strong></span> <span class='ocrx_word' id='word_1_257' title='bbox 2004 2007 2118 2089; x_wconf 74' lang='lat' dir='ltr'><strong>nul-</strong></span> 
     </span>
    </p>
   </div>
   <div class='ocr_carea' id='block_1_35' title="bbox 553 2035 2122 2153">
    <p class='ocr_par' dir='ltr' id='par_1_35' title="bbox 553 2035 2122 2153">
     <span class='ocr_line' id='line_1_35' title="bbox 590 2035 2118 2081; baseline -0.007 -11"><span class='ocrx_word' id='word_1_258' title='bbox 590 2035 706 2071; x_wconf 83' lang='lat' dir='ltr'><strong>ctua</strong></span> <span class='ocrx_word' id='word_1_259' title='bbox 736 2035 854 2070; x_wconf 88' lang='lat' dir='ltr'><strong>cum</strong></span> <span class='ocrx_word' id='word_1_260' title='bbox 902 2035 1068 2069; x_wconf 81' lang='lat' dir='ltr'><strong>veroo</strong></span> <span class='ocrx_word' id='word_1_261' title='bbox 1104 2035 1298 2069; x_wconf 84' lang='lat' dir='ltr'><strong>unione</strong></span> <span class='ocrx_word' id='word_1_262' title='bbox 1341 2035 1675 2081; x_wconf 64' lang='lat' dir='ltr'><strong>uypumauca</strong></span> <span class='ocrx_word' id='word_1_263' title='bbox 1719 2035 1957 2074; x_wconf 70' lang='lat' dir='ltr'><strong>reputat,</strong></span> <span class='ocrx_word' id='word_1_264' title='bbox 2004 2035 2118 2060; x_wconf 83' lang='lat' dir='ltr'><strong>imi-</strong></span> 
     </span>
     <span class='ocr_line' id='line_1_36' title="bbox 553 2035 2122 2153; baseline -0.004 -14"><span class='ocrx_word' id='word_1_265' title='bbox 553 2035 661 2140; x_wconf 62' lang='lat' dir='ltr'><strong>iiiiu</strong></span> <span class='ocrx_word' id='word_1_266' title='bbox 693 2087 909 2140; x_wconf 87' lang='lat' dir='ltr'><strong>omnino</strong></span> <span class='ocrx_word' id='word_1_267' title='bbox 937 2094 1146 2153; x_wconf 89' lang='lat' dir='ltr'><strong>tempus</strong></span> <span class='ocrx_word' id='word_1_268' title='bbox 1168 2085 1308 2137; x_wconf 91' lang='lat' dir='ltr'><strong>inter</strong></span> <span class='ocrx_word' id='word_1_269' title='bbox 1340 2081 1678 2153; x_wconf 78' lang='lat' dir='ltr'><strong>creationem</strong></span> <span class='ocrx_word' id='word_1_270' title='bbox 1700 2079 1892 2132; x_wconf 77' lang='lat' dir='ltr'><strong>anima:</strong></span> <span class='ocrx_word' id='word_1_271' title='bbox 1912 2087 1966 2130; x_wconf 87' lang='lat' dir='ltr'><strong>et</strong></span> <span class='ocrx_word' id='word_1_272' title='bbox 2004 2078 2122 2148; x_wconf 85' lang='lat' dir='ltr'><strong>ejus</strong></span> 
     </span>
    </p>
   </div>
   <div class='ocr_carea' id='block_1_36' title="bbox 553 2150 1724 2220">
    <p class='ocr_par' dir='ltr' id='par_1_36' title="bbox 553 2150 1724 2220">
     <span class='ocr_line' id='line_1_37' title="bbox 553 2150 1724 2220; baseline -0.007 -9"><span class='ocrx_word' id='word_1_273' title='bbox 553 2173 673 2211; x_wconf 86' lang='lat' dir='ltr'><strong>cum</strong></span> <span class='ocrx_word' id='word_1_274' title='bbox 711 2157 886 2210; x_wconf 87' lang='lat' dir='ltr'><strong>Verbo</strong></span> <span class='ocrx_word' id='word_1_275' title='bbox 913 2150 1161 2208; x_wconf 86' lang='lat' dir='ltr'><strong>unionem</strong></span> <span class='ocrx_word' id='word_1_276' title='bbox 1197 2152 1504 2220; x_wconf 79' lang='lat' dir='ltr'><strong>excogitare</strong></span> <span class='ocrx_word' id='word_1_277' title='bbox 1532 2150 1724 2219; x_wconf 86' lang='lat' dir='ltr'><strong>potuit.</strong></span> 
     </span>
    </p>
   </div>
   <div class='ocr_carea' id='block_1_37' title="bbox 623 2217 2120 2291">
    <p class='ocr_par' dir='ltr' id='par_1_37' title="bbox 623 2217 2120 2291">
     <span class='ocr_line' id='line_1_38' title="bbox 623 2217 2120 2291; baseline -0.005 -12"><span class='ocrx_word' id='word_1_278' title='bbox 623 2226 681 2279; x_wconf 81' lang='grc' dir='ltr'><strong>2ο</strong></span> <span class='ocrx_word' id='word_1_279' title='bbox 716 2225 829 2278; x_wconf 87' lang='grc' dir='ltr'>Νοιι</span> <span class='ocrx_word' id='word_1_280' title='bbox 854 2225 1029 2279; x_wconf 89' lang='lat' dir='ltr'><strong>minus</strong></span> <span class='ocrx_word' id='word_1_281' title='bbox 1046 2227 1232 2278; x_wconf 85' lang='lat' dir='ltr'><strong>aberat</strong></span> <span class='ocrx_word' id='word_1_282' title='bbox 1263 2217 1596 2291; x_wconf 67' lang='lat' dir='ltr'><strong>abDrigenis</strong></span> <span class='ocrx_word' id='word_1_283' title='bbox 1629 2228 1806 2272; x_wconf 89' lang='lat' dir='ltr'><strong>mente</strong></span> <span class='ocrx_word' id='word_1_284' title='bbox 1836 2217 2120 2291; x_wconf 81' lang='lat' dir='ltr'><strong>impiailla</strong></span> 
     </span>
    </p>
   </div>
   <div class='ocr_carea' id='block_1_38' title="bbox 553 2289 2120 2365">
    <p class='ocr_par' dir='ltr' id='par_1_38' title="bbox 553 2289 2120 2365">
     <span class='ocr_line' id='line_1_39' title="bbox 553 2289 2120 2365; baseline -0.006 -14"><span class='ocrx_word' id='word_1_285' title='bbox 553 2298 753 2365; x_wconf 89' lang='lat' dir='ltr'><strong>opinio,</strong></span> <span class='ocrx_word' id='word_1_286' title='bbox 782 2311 883 2348; x_wconf 91' lang='lat' dir='ltr'><strong>non</strong></span> <span class='ocrx_word' id='word_1_287' title='bbox 914 2310 1070 2364; x_wconf 90' lang='lat' dir='ltr'><strong>posse</strong></span> <span class='ocrx_word' id='word_1_288' title='bbox 1099 2296 1142 2348; x_wconf 92' lang='lat' dir='ltr'><strong>si</strong></span> <span class='ocrx_word' id='word_1_289' title='bbox 1170 2289 1769 2365; x_wconf 59' lang='lat' dir='ltr'><strong>Christum&#39;iiniteuiur,</strong></span> <span class='ocrx_word' id='word_1_290' title='bbox 1796 2291 1859 2365; x_wconf 78' lang='lat' dir='ltr'><strong>ad</strong></span> <span class='ocrx_word' id='word_1_291' title='bbox 1891 2289 2120 2365; x_wconf 76' lang='lat' dir='ltr'><strong>similem</strong></span> 
     </span>
    </p>
   </div>
   <div class='ocr_carea' id='block_1_39' title="bbox 555 2358 2122 2430">
    <p class='ocr_par' dir='ltr' id='par_1_39' title="bbox 555 2358 2122 2430">
     <span class='ocr_line' id='line_1_40' title="bbox 555 2358 2122 2430; baseline -0.006 -11"><span class='ocrx_word' id='word_1_292' title='bbox 555 2358 676 2420; x_wconf 79' lang='lat' dir='ltr'><strong>cum</strong></span> <span class='ocrx_word' id='word_1_293' title='bbox 711 2365 884 2418; x_wconf 84' lang='lat' dir='ltr'><strong>Verbo</strong></span> <span class='ocrx_word' id='word_1_294' title='bbox 914 2358 1186 2419; x_wconf 48' lang='lat' dir='ltr'><strong>&#39;unionein</strong></span> <span class='ocrx_word' id='word_1_295' title='bbox 1237 2361 1539 2430; x_wconf 86' lang='lat' dir='ltr'><strong>pervenire.</strong></span> <span class='ocrx_word' id='word_1_296' title='bbox 1591 2361 1700 2412; x_wconf 88' lang='lat' dir='ltr'><strong>Hoc</strong></span> <span class='ocrx_word' id='word_1_297' title='bbox 1742 2358 1884 2412; x_wconf 89' lang='lat' dir='ltr'><strong>enim</strong></span> <span class='ocrx_word' id='word_1_298' title='bbox 1929 2359 2122 2430; x_wconf 80' lang='lat' dir='ltr'><strong>discri-</strong></span> 
     </span>
    </p>
   </div>
   <div class='ocr_carea' id='block_1_40' title="bbox 554 2427 2122 2502">
    <p class='ocr_par' dir='ltr' id='par_1_40' title="bbox 554 2427 2122 2502">
     <span class='ocr_line' id='line_1_41' title="bbox 554 2427 2122 2502; baseline -0.006 -12"><span class='ocrx_word' id='word_1_299' title='bbox 554 2451 676 2490; x_wconf 90' lang='lat' dir='ltr'><strong>men</strong></span> <span class='ocrx_word' id='word_1_300' title='bbox 737 2437 882 2502; x_wconf 83' lang='lat' dir='ltr'><strong>ponit</strong></span> <span class='ocrx_word' id='word_1_301' title='bbox 933 2437 1074 2489; x_wconf 89' lang='lat' dir='ltr'><strong>inter</strong></span> <span class='ocrx_word' id='word_1_302' title='bbox 1109 2427 1382 2502; x_wconf 77' lang='lat' dir='ltr'><strong>Christum</strong></span> <span class='ocrx_word' id='word_1_303' title='bbox 1416 2441 1470 2502; x_wconf 84' lang='lat' dir='ltr'><strong>et</strong></span> <span class='ocrx_word' id='word_1_304' title='bbox 1518 2427 1959 2502; x_wconf 77' lang='lat' dir='ltr'><strong>sanctos._qiiod_</strong></span> <span class='ocrx_word' id='word_1_305' title='bbox 1996 2427 2122 2502; x_wconf 69' lang='lat' dir='ltr'><strong>uitio</strong></span> 
     </span>
    </p>
   </div>
   <div class='ocr_carea' id='block_1_41' title="bbox 554 2497 2120 2559">
    <p class='ocr_par' dir='ltr' id='par_1_41' title="bbox 554 2497 2120 2559">
     <span class='ocr_line' id='line_1_42' title="bbox 554 2497 2120 2559; baseline -0.006 0"><span class='ocrx_word' id='word_1_306' title='bbox 554 2497 750 2559; x_wconf 65' lang='lat' dir='ltr'><strong>animai</strong></span> <span class='ocrx_word' id='word_1_307' title='bbox 778 2504 981 2559; x_wconf 84' lang='lat' dir='ltr'><strong>Christi</strong></span> <span class='ocrx_word' id='word_1_308' title='bbox 1027 2519 1148 2557; x_wconf 92' lang='lat' dir='ltr'><strong>cuin</strong></span> <span class='ocrx_word' id='word_1_309' title='bbox 1193 2501 1366 2554; x_wconf 89' lang='lat' dir='ltr'><strong>Verbo</strong></span> <span class='ocrx_word' id='word_1_310' title='bbox 1397 2499 1464 2552; x_wconf 89' lang='lat' dir='ltr'><strong>ab</strong></span> <span class='ocrx_word' id='word_1_311' title='bbox 1505 2499 1656 2552; x_wconf 91' lang='lat' dir='ltr'><strong>initio</strong></span> <span class='ocrx_word' id='word_1_312' title='bbox 1705 2497 2120 2551; x_wconf 86' lang='lat' dir='ltr'><strong>indissociabilis</strong></span> 
     </span>
    </p>
   </div>
   <div class='ocr_carea' id='block_1_42' title="bbox 553 2568 2122 2644">
    <p class='ocr_par' dir='ltr' id='par_1_42' title="bbox 553 2568 2122 2644">
     <span class='ocr_line' id='line_1_43' title="bbox 553 2568 2122 2644; baseline -0.004 -16"><span class='ocrx_word' id='word_1_313' title='bbox 553 2585 610 2628; x_wconf 94' lang='lat' dir='ltr'><strong>et</strong></span> <span class='ocrx_word' id='word_1_314' title='bbox 637 2574 1016 2644; x_wconf 87' lang='lat' dir='ltr'><strong>inseparabilis</strong></span> <span class='ocrx_word' id='word_1_315' title='bbox 1039 2583 1092 2644; x_wconf 86' lang='lat' dir='ltr'><strong>et</strong></span> <span class='ocrx_word' id='word_1_316' title='bbox 1117 2570 1488 2644; x_wconf 77' lang='lat' dir='ltr'><strong>substantialis</strong></span> <span class='ocrx_word' id='word_1_317' title='bbox 1524 2569 1706 2644; x_wconf 85' lang='lat' dir='ltr'><strong>fuerit,</strong></span> <span class='ocrx_word' id='word_1_318' title='bbox 1735 2577 1900 2644; x_wconf 82' lang='lat' dir='ltr'><strong>atque</strong></span> <span class='ocrx_word' id='word_1_319' title='bbox 1923 2581 1988 2620; x_wconf 90' lang='lat' dir='ltr'><strong>ex</strong></span> <span class='ocrx_word' id='word_1_320' title='bbox 2020 2568 2122 2621; x_wconf 90' lang='lat' dir='ltr'><strong>hac</strong></span> 
     </span>
    </p>
   </div>
   <div class='ocr_carea' id='block_1_43' title="bbox 556 2638 2116 2706">
    <p class='ocr_par' dir='ltr' id='par_1_43' title="bbox 556 2638 2116 2706">
     <span class='ocr_line' id='line_1_44' title="bbox 556 2638 2116 2706; baseline -0.004 -10"><span class='ocrx_word' id='word_1_321' title='bbox 556 2638 1348 2698; x_wconf 73' lang='lat' dir='ltr'><strong>unioneinconvertibilitatem</strong></span> <span class='ocrx_word' id='word_1_322' title='bbox 1396 2640 1760 2692; x_wconf 81' lang='lat' dir='ltr'><strong>indesinenter</strong></span> <span class='ocrx_word' id='word_1_323' title='bbox 1799 2638 1959 2706; x_wconf 90' lang='lat' dir='ltr'><strong>ignita</strong></span> <span class='ocrx_word' id='word_1_324' title='bbox 1993 2651 2116 2704; x_wconf 91' lang='lat' dir='ltr'><strong>pos-</strong></span> 
     </span>
    </p>
   </div>
   <div class='ocr_carea' id='block_1_44' title="bbox 557 2708 2121 2777">
    <p class='ocr_par' dir='ltr' id='par_1_44' title="bbox 557 2708 2121 2777">
     <span class='ocr_line' id='line_1_45' title="bbox 557 2708 2121 2777; baseline -0.005 -10"><span class='ocrx_word' id='word_1_325' title='bbox 557 2715 794 2777; x_wconf 86' lang='lat' dir='ltr'><strong>sederit;</strong></span> <span class='ocrx_word' id='word_1_326' title='bbox 836 2713 952 2765; x_wconf 70' lang='lat' dir='ltr'><strong>aliie</strong></span> <span class='ocrx_word' id='word_1_327' title='bbox 983 2721 1158 2764; x_wconf 85' lang='lat' dir='ltr'><strong>autem</strong></span> <span class='ocrx_word' id='word_1_328' title='bbox 1196 2709 1386 2762; x_wconf 64' lang='lat' dir='ltr'><strong>anima:</strong></span> <span class='ocrx_word' id='word_1_329' title='bbox 1416 2724 1515 2762; x_wconf 92' lang='lat' dir='ltr'><strong>nec</strong></span> <span class='ocrx_word' id='word_1_330' title='bbox 1540 2710 1608 2761; x_wconf 91' lang='lat' dir='ltr'><strong>ab</strong></span> <span class='ocrx_word' id='word_1_331' title='bbox 1637 2708 1790 2761; x_wconf 90' lang='lat' dir='ltr'><strong>initio</strong></span> <span class='ocrx_word' id='word_1_332' title='bbox 1827 2708 2121 2760; x_wconf 89' lang='lat' dir='ltr'><strong>creationis</strong></span> 
     </span>
    </p>
   </div>
   <div class='ocr_carea' id='block_1_45' title="bbox 559 2777 2122 2840">
    <p class='ocr_par' dir='ltr' id='par_1_45' title="bbox 559 2777 2122 2840">
     <span class='ocr_line' id='line_1_46' title="bbox 559 2777 2122 2840; baseline -0.004 -4"><span class='ocrx_word' id='word_1_333' title='bbox 559 2783 1042 2837; x_wconf 75' lang='lat' dir='ltr'><strong>incoavertibiliter</strong></span> <span class='ocrx_word' id='word_1_334' title='bbox 1106 2795 1225 2832; x_wconf 89' lang='lat' dir='ltr'><strong>cum</strong></span> <span class='ocrx_word' id='word_1_335' title='bbox 1287 2777 1457 2832; x_wconf 90' lang='lat' dir='ltr'><strong>Verbo</strong></span> <span class='ocrx_word' id='word_1_336' title='bbox 1519 2778 1679 2831; x_wconf 73' lang='lat' dir='ltr'><strong>unita:</strong></span> <span class='ocrx_word' id='word_1_337' title='bbox 1749 2778 1978 2840; x_wconf 85' lang='lat' dir='ltr'><strong>fuerint,</strong></span> <span class='ocrx_word' id='word_1_338' title='bbox 2022 2791 2122 2830; x_wconf 92' lang='lat' dir='ltr'><strong>nec</strong></span> 
     </span>
    </p>
   </div>
   <div class='ocr_carea' id='block_1_46' title="bbox 559 2847 2122 2922">
    <p class='ocr_par' dir='ltr' id='par_1_46' title="bbox 559 2847 2122 2922">
     <span class='ocr_line' id='line_1_47' title="bbox 559 2847 2122 2922; baseline -0.001 -20"><span class='ocrx_word' id='word_1_339' title='bbox 559 2868 793 2922; x_wconf 86' lang='lat' dir='ltr'><strong>unquam</strong></span> <span class='ocrx_word' id='word_1_340' title='bbox 835 2850 1261 2922; x_wconf 74' lang='lat' dir='ltr'><strong>substantialiter</strong></span> <span class='ocrx_word' id='word_1_341' title='bbox 1301 2851 1412 2903; x_wconf 88' lang='lat' dir='ltr'><strong>sive</strong></span> <span class='ocrx_word' id='word_1_342' title='bbox 1447 2848 1782 2922; x_wconf 83' lang='lat' dir='ltr'><strong>hypostatice</strong></span> <span class='ocrx_word' id='word_1_343' title='bbox 1811 2847 1949 2900; x_wconf 90' lang='lat' dir='ltr'><strong>uniri</strong></span> <span class='ocrx_word' id='word_1_344' title='bbox 1995 2861 2122 2922; x_wconf 80' lang='lat' dir='ltr'><strong>pos-</strong></span> 
     </span>
    </p>
   </div>
   <div class='ocr_carea' id='block_1_47' title="bbox 558 2917 2121 2993">
    <p class='ocr_par' dir='ltr' id='par_1_47' title="bbox 558 2917 2121 2993">
     <span class='ocr_line' id='line_1_48' title="bbox 558 2917 2121 2993; baseline -0.004 -17"><span class='ocrx_word' id='word_1_345' title='bbox 558 2917 686 2976; x_wconf 74' lang='lat' dir='ltr'><strong>sini.</strong></span> <span class='ocrx_word' id='word_1_346' title='bbox 741 2921 1138 2993; x_wconf 82' lang='lat' dir='ltr'><strong>llypostaticam</strong></span> <span class='ocrx_word' id='word_1_347' title='bbox 1207 2918 1348 2993; x_wconf 65' lang='lat' dir='ltr'><strong>illam</strong></span> <span class='ocrx_word' id='word_1_348' title='bbox 1422 2921 1674 2993; x_wconf 69' lang='lat' dir='ltr'><strong>unionem</strong></span> <span class='ocrx_word' id='word_1_349' title='bbox 1741 2917 1834 2993; x_wconf 32' lang='lat' dir='ltr'><strong>sic.</strong></span> <span class='ocrx_word' id='word_1_350' title='bbox 1887 2917 2121 2984; x_wconf 82' lang='lat' dir='ltr'><strong>explicat</strong></span> 
     </span>
    </p>
   </div>
   <div class='ocr_carea' id='block_1_48' title="bbox 557 2987 2122 3061">
    <p class='ocr_par' dir='ltr' id='par_1_48' title="bbox 557 2987 2122 3061">
     <span class='ocr_line' id='line_1_49' title="bbox 557 2987 2122 3061; baseline -0.004 -16"><span class='ocrx_word' id='word_1_351' title='bbox 557 2987 834 3061; x_wconf 75' lang='lat' dir='ltr'><strong>Origenes</strong></span> <span class='ocrx_word' id='word_1_352' title='bbox 858 2991 1055 3044; x_wconf 89' lang='lat' dir='ltr'><strong>ibidem</strong></span> <span class='ocrx_word' id='word_1_353' title='bbox 1087 3005 1235 3061; x_wconf 85' lang='lat' dir='ltr'><strong>uuiu.</strong></span> <span class='ocrx_word' id='word_1_354' title='bbox 1263 2989 1394 3061; x_wconf 49' lang='lat' dir='ltr'><strong>Sit</strong></span> <span class='ocrx_word' id='word_1_355' title='bbox 1421 2987 1571 3061; x_wconf 68' lang='lat' dir='ltr'><strong>unde</strong></span> <span class='ocrx_word' id='word_1_356' title='bbox 1607 2997 1656 3042; x_wconf 90' lang='lat' dir='ltr'><strong>et</strong></span> <span class='ocrx_word' id='word_1_357' title='bbox 1703 2987 1897 3061; x_wconf 84' lang='lat' dir='ltr'><strong>merito</strong></span> <span class='ocrx_word' id='word_1_358' title='bbox 1931 3003 2028 3061; x_wconf 80' lang='lat' dir='ltr'><strong>pro</strong></span> <span class='ocrx_word' id='word_1_359' title='bbox 2056 3001 2122 3039; x_wconf 91' lang='lat' dir='ltr'><strong>eo</strong></span> 
     </span>
    </p>
   </div>
   <div class='ocr_carea' id='block_1_49' title="bbox 557 3056 2120 3129">
    <p class='ocr_par' dir='ltr' id='par_1_49' title="bbox 557 3056 2120 3129">
     <span class='ocr_line' id='line_1_50' title="bbox 557 3056 2120 3129; baseline -0.001 -18"><span class='ocrx_word' id='word_1_360' title='bbox 557 3056 824 3129; x_wconf 63' lang='lat' dir='ltr'><strong>vel&#39;quod</strong></span> <span class='ocrx_word' id='word_1_361' title='bbox 874 3071 982 3112; x_wconf 84' lang='lat' dir='ltr'><strong>tota</strong></span> <span class='ocrx_word' id='word_1_362' title='bbox 1020 3068 1163 3112; x_wconf 92' lang='lat' dir='ltr'><strong>esset</strong></span> <span class='ocrx_word' id='word_1_363' title='bbox 1203 3059 1255 3110; x_wconf 95' lang='lat' dir='ltr'><strong>iu</strong></span> <span class='ocrx_word' id='word_1_364' title='bbox 1299 3057 1435 3112; x_wconf 89' lang='lat' dir='ltr'><strong>Filio</strong></span> <span class='ocrx_word' id='word_1_365' title='bbox 1479 3057 1601 3121; x_wconf 89' lang='lat' dir='ltr'><strong>Dei,</strong></span> <span class='ocrx_word' id='word_1_366' title='bbox 1647 3056 1728 3110; x_wconf 87' lang='lat' dir='ltr'><strong>vel</strong></span> <span class='ocrx_word' id='word_1_367' title='bbox 1761 3056 1940 3110; x_wconf 84' lang='lat' dir='ltr'><strong>totum</strong></span> <span class='ocrx_word' id='word_1_368' title='bbox 1966 3058 2018 3110; x_wconf 94' lang='lat' dir='ltr'><strong>in</strong></span> <span class='ocrx_word' id='word_1_369' title='bbox 2060 3071 2120 3111; x_wconf 91' lang='lat' dir='ltr'><strong>se</strong></span> 
     </span>
    </p>
   </div>
   <div class='ocr_carea' id='block_1_50' title="bbox 2223 1863 3800 1945">
    <p class='ocr_par' dir='ltr' id='par_1_50' title="bbox 2223 1863 3800 1945">
     <span class='ocr_line' id='line_1_51' title="bbox 2223 1863 3800 1945; baseline -0.003 -23"><span class='ocrx_word' id='word_1_370' title='bbox 2223 1882 2345 1922; x_wconf 91' lang='lat' dir='ltr'><strong>cuin</strong></span> <span class='ocrx_word' id='word_1_371' title='bbox 2380 1863 2696 1945; x_wconf 76' lang='lat' dir='ltr'><strong>electionem</strong></span> <span class='ocrx_word' id='word_1_372' title='bbox 2741 1879 2808 1919; x_wconf 85' lang='lat' dir='ltr'><strong>ex</strong></span> <span class='ocrx_word' id='word_1_373' title='bbox 2852 1863 3055 1945; x_wconf 77' lang='lat' dir='ltr'><strong>merin</strong></span> <span class='ocrx_word' id='word_1_374' title='bbox 3088 1867 3317 1945; x_wconf 82' lang='lat' dir='ltr'><strong>repetit,</strong></span> <span class='ocrx_word' id='word_1_375' title='bbox 3365 1866 3544 1945; x_wconf 75' lang='lat' dir='ltr'><strong>meriti</strong></span> <span class='ocrx_word' id='word_1_376' title='bbox 3564 1863 3800 1945; x_wconf 62' lang='lat' dir='ltr'><strong>nomine</strong></span> 
     </span>
    </p>
   </div>
   <div class='ocr_carea' id='block_1_51' title="bbox 2224 1935 3798 2004">
    <p class='ocr_par' dir='ltr' id='par_1_51' title="bbox 2224 1935 3798 2004">
     <span class='ocr_line' id='line_1_52' title="bbox 2224 1935 3798 2004; baseline 0 -14"><span class='ocrx_word' id='word_1_377' title='bbox 2224 1952 2328 1990; x_wconf 91' lang='lat' dir='ltr'><strong>non</strong></span> <span class='ocrx_word' id='word_1_378' title='bbox 2359 1936 2616 2003; x_wconf 71' lang='lat' dir='ltr'><strong>praeclare</strong></span> <span class='ocrx_word' id='word_1_379' title='bbox 2666 1936 2808 1990; x_wconf 88' lang='lat' dir='ltr'><strong>facta</strong></span> <span class='ocrx_word' id='word_1_380' title='bbox 2855 1945 2981 1989; x_wconf 91' lang='lat' dir='ltr'><strong>ante</strong></span> <span class='ocrx_word' id='word_1_381' title='bbox 3009 1935 3326 1989; x_wconf 90' lang='lat' dir='ltr'><strong>electionem</strong></span> <span class='ocrx_word' id='word_1_382' title='bbox 3379 1936 3663 2004; x_wconf 77' lang='lat' dir='ltr'><strong>intelligit,</strong></span> <span class='ocrx_word' id='word_1_383' title='bbox 3705 1936 3798 1990; x_wconf 80' lang='lat' dir='ltr'><strong>sed</strong></span> 
     </span>
    </p>
   </div>
   <div class='ocr_carea' id='block_1_52' title="bbox 2225 2005 3799 2073">
    <p class='ocr_par' dir='ltr' id='par_1_52' title="bbox 2225 2005 3799 2073">
     <span class='ocr_line' id='line_1_53' title="bbox 2225 2005 3799 2073; baseline -0.001 -12"><span class='ocrx_word' id='word_1_384' title='bbox 2225 2007 2370 2061; x_wconf 88' lang='lat' dir='ltr'><strong>illam</strong></span> <span class='ocrx_word' id='word_1_385' title='bbox 2405 2006 2900 2059; x_wconf 90' lang='lat' dir='ltr'><strong>iininutabilitatem</strong></span> <span class='ocrx_word' id='word_1_386' title='bbox 2941 2015 2995 2060; x_wconf 91' lang='lat' dir='ltr'><strong>et</strong></span> <span class='ocrx_word' id='word_1_387' title='bbox 3024 2005 3462 2072; x_wconf 88' lang='lat' dir='ltr'><strong>impeccantiam,</strong></span> <span class='ocrx_word' id='word_1_388' title='bbox 3499 2021 3621 2073; x_wconf 74' lang='lat' dir='ltr'><strong>quae</strong></span> <span class='ocrx_word' id='word_1_389' title='bbox 3657 2007 3706 2058; x_wconf 92' lang='lat' dir='ltr'><strong>ei</strong></span> <span class='ocrx_word' id='word_1_390' title='bbox 3748 2007 3799 2059; x_wconf 91' lang='lat' dir='ltr'><strong>in</strong></span> 
     </span>
    </p>
   </div>
   <div class='ocr_carea' id='block_1_53' title="bbox 2225 2073 3798 2142">
    <p class='ocr_par' dir='ltr' id='par_1_53' title="bbox 2225 2073 3798 2142">
     <span class='ocr_line' id='line_1_54' title="bbox 2225 2073 3798 2142; baseline -0.001 -14"><span class='ocrx_word' id='word_1_391' title='bbox 2225 2077 2515 2130; x_wconf 88' lang='lat' dir='ltr'><strong>creationis</strong></span> <span class='ocrx_word' id='word_1_392' title='bbox 2549 2085 2823 2130; x_wconf 91' lang='lat' dir='ltr'><strong>momento</strong></span> <span class='ocrx_word' id='word_1_393' title='bbox 2850 2078 2918 2129; x_wconf 92' lang='lat' dir='ltr'><strong>ob</strong></span> <span class='ocrx_word' id='word_1_394' title='bbox 2944 2078 3196 2128; x_wconf 83' lang='lat' dir='ltr'><strong>unionem</strong></span> <span class='ocrx_word' id='word_1_395' title='bbox 3231 2091 3350 2127; x_wconf 89' lang='lat' dir='ltr'><strong>cum</strong></span> <span class='ocrx_word' id='word_1_396' title='bbox 3377 2073 3554 2129; x_wconf 86' lang='lat' dir='ltr'><strong>Verbo</strong></span> <span class='ocrx_word' id='word_1_397' title='bbox 3580 2074 3798 2142; x_wconf 83' lang='lat' dir='ltr'><strong>collata,</strong></span> 
     </span>
    </p>
   </div>
   <div class='ocr_carea' id='block_1_54' title="bbox 2222 2144 3806 2216">
    <p class='ocr_par' dir='ltr' id='par_1_54' title="bbox 2222 2144 3806 2216">
     <span class='ocr_line' id='line_1_55' title="bbox 2222 2144 3806 2216; baseline -0.001 -17"><span class='ocrx_word' id='word_1_398' title='bbox 2222 2147 2440 2216; x_wconf 79' lang='lat' dir='ltr'><strong>dignam</strong></span> <span class='ocrx_word' id='word_1_399' title='bbox 2474 2144 2652 2200; x_wconf 75' lang='lat' dir='ltr'><strong>eﬁecit</strong></span> <span class='ocrx_word' id='word_1_400' title='bbox 2683 2160 2804 2214; x_wconf 64' lang='lat' dir='ltr'><strong>quae</strong></span> <span class='ocrx_word' id='word_1_401' title='bbox 2844 2161 2968 2198; x_wconf 89' lang='lat' dir='ltr'><strong>cum</strong></span> <span class='ocrx_word' id='word_1_402' title='bbox 3004 2144 3179 2216; x_wconf 88' lang='lat' dir='ltr'><strong>Verbo</strong></span> <span class='ocrx_word' id='word_1_403' title='bbox 3214 2147 3481 2216; x_wconf 86' lang='lat' dir='ltr'><strong>uniretur.</strong></span> <span class='ocrx_word' id='word_1_404' title='bbox 3520 2145 3646 2216; x_wconf 58' lang='lat' dir='ltr'><strong>llaec</strong></span> <span class='ocrx_word' id='word_1_405' title='bbox 3683 2145 3806 2197; x_wconf 87' lang='lat' dir='ltr'><strong>illu-</strong></span> 
     </span>
    </p>
   </div>
   <div class='ocr_carea' id='block_1_55' title="bbox 2221 2215 3796 2283">
    <p class='ocr_par' dir='ltr' id='par_1_55' title="bbox 2221 2215 3796 2283">
     <span class='ocr_line' id='line_1_56' title="bbox 2221 2215 3796 2283; baseline 0 -14"><span class='ocrx_word' id='word_1_406' title='bbox 2221 2215 2381 2270; x_wconf 83' lang='lat' dir='ltr'><strong>strari</strong></span> <span class='ocrx_word' id='word_1_407' title='bbox 2417 2225 2637 2281; x_wconf 90' lang='lat' dir='ltr'><strong>possunt</strong></span> <span class='ocrx_word' id='word_1_408' title='bbox 2663 2231 2729 2269; x_wconf 86' lang='lat' dir='ltr'><strong>ex</strong></span> <span class='ocrx_word' id='word_1_409' title='bbox 2765 2217 2847 2271; x_wconf 90' lang='lat' dir='ltr'><strong>his</strong></span> <span class='ocrx_word' id='word_1_410' title='bbox 2869 2231 2987 2283; x_wconf 68' lang='lat' dir='ltr'><strong>qua:</strong></span> <span class='ocrx_word' id='word_1_411' title='bbox 3009 2215 3169 2269; x_wconf 90' lang='lat' dir='ltr'><strong>docet</strong></span> <span class='ocrx_word' id='word_1_412' title='bbox 3199 2215 3422 2268; x_wconf 88' lang='lat' dir='ltr'><strong>Hermas</strong></span> <span class='ocrx_word' id='word_1_413' title='bbox 3444 2216 3494 2267; x_wconf 94' lang='lat' dir='ltr'><strong>in</strong></span> <span class='ocrx_word' id='word_1_414' title='bbox 3522 2215 3677 2269; x_wconf 76' lang='lat' dir='ltr'><strong>Past.</strong></span> <span class='ocrx_word' id='word_1_415' title='bbox 3703 2215 3796 2269; x_wconf 91' lang='lat' dir='ltr'><strong>lib.</strong></span> 
     </span>
    </p>
   </div>
   <div class='ocr_carea' id='block_1_56' title="bbox 2225 2285 3802 2354">
    <p class='ocr_par' dir='ltr' id='par_1_56' title="bbox 2225 2285 3802 2354">
     <span class='ocr_line' id='line_1_57' title="bbox 2225 2285 3802 2354; baseline 0.001 -14"><span class='ocrx_word' id='word_1_416' title='bbox 2225 2301 2304 2349; x_wconf 87' lang='lat' dir='ltr'><strong>lii,</strong></span> <span class='ocrx_word' id='word_1_417' title='bbox 2327 2303 2376 2339; x_wconf 92' lang='lat' dir='ltr'><strong>c.</strong></span> <span class='ocrx_word' id='word_1_418' title='bbox 2401 2285 2454 2350; x_wconf 85' lang='lat'><strong>5,</strong></span> <span class='ocrx_word' id='word_1_419' title='bbox 2479 2301 2630 2339; x_wconf 92' lang='lat' dir='ltr'><strong>num.</strong></span> <span class='ocrx_word' id='word_1_420' title='bbox 2649 2285 2701 2350; x_wconf 84' lang='lat'><strong>6,</strong></span> <span class='ocrx_word' id='word_1_421' title='bbox 2732 2303 2753 2336; x_wconf 73' lang='grc' dir='ltr'><strong>ι</strong></span> <span class='ocrx_word' id='word_1_422' title='bbox 2780 2297 3137 2354; x_wconf 67' lang='lat' dir='ltr'><strong>praeparatum</strong></span> <span class='ocrx_word' id='word_1_423' title='bbox 3166 2300 3289 2338; x_wconf 89' lang='lat' dir='ltr'><strong>esse</strong></span> <span class='ocrx_word' id='word_1_424' title='bbox 3315 2300 3343 2338; x_wconf 90' lang='lat' dir='ltr'><strong>a</strong></span> <span class='ocrx_word' id='word_1_425' title='bbox 3373 2287 3582 2354; x_wconf 84' lang='lat' dir='ltr'><strong>Spiritu</strong></span> <span class='ocrx_word' id='word_1_426' title='bbox 3610 2295 3802 2341; x_wconf 85' lang='lat' dir='ltr'><strong>sancto</strong></span> 
     </span>
    </p>
   </div>
   <div class='ocr_carea' id='block_1_57' title="bbox 2225 2355 3800 2424">
    <p class='ocr_par' dir='ltr' id='par_1_57' title="bbox 2225 2355 3800 2424">
     <span class='ocr_line' id='line_1_58' title="bbox 2225 2355 3800 2424; baseline 0.001 -14"><span class='ocrx_word' id='word_1_427' title='bbox 2225 2356 2353 2410; x_wconf 90' lang='lat' dir='ltr'><strong>illud</strong></span> <span class='ocrx_word' id='word_1_428' title='bbox 2403 2371 2602 2424; x_wconf 90' lang='lat' dir='ltr'><strong>corpus</strong></span> <span class='ocrx_word' id='word_1_429' title='bbox 2645 2356 2697 2408; x_wconf 91' lang='lat' dir='ltr'><strong>in</strong></span> <span class='ocrx_word' id='word_1_430' title='bbox 2739 2370 2846 2423; x_wconf 94' lang='lat' dir='ltr'><strong>quo</strong></span> <span class='ocrx_word' id='word_1_431' title='bbox 2881 2355 3022 2409; x_wconf 90' lang='lat' dir='ltr'><strong>Deus</strong></span> <span class='ocrx_word' id='word_1_432' title='bbox 3059 2357 3347 2419; x_wconf 86' lang='lat' dir='ltr'><strong>habitaret,</strong></span> <span class='ocrx_word' id='word_1_433' title='bbox 3375 2373 3393 2406; x_wconf 75' lang='grc' dir='ltr'><strong>ι</strong></span> <span class='ocrx_word' id='word_1_434' title='bbox 3431 2366 3489 2409; x_wconf 90' lang='lat' dir='ltr'><strong>ut</strong></span> <span class='ocrx_word' id='word_1_435' title='bbox 3538 2356 3800 2411; x_wconf 85' lang='lat' dir='ltr'><strong>videlicet</strong></span> 
     </span>
    </p>
   </div>
   <div class='ocr_carea' id='block_1_58' title="bbox 2223 2425 3802 2497">
    <p class='ocr_par' dir='ltr' id='par_1_58' title="bbox 2223 2425 3802 2497">
     <span class='ocr_line' id='line_1_59' title="bbox 2223 2425 3802 2497; baseline 0 -17"><span class='ocrx_word' id='word_1_436' title='bbox 2223 2428 2441 2497; x_wconf 89' lang='lat' dir='ltr'><strong>dignum</strong></span> <span class='ocrx_word' id='word_1_437' title='bbox 2479 2438 2622 2481; x_wconf 81' lang='lat' dir='ltr'><strong>esset</strong></span> <span class='ocrx_word' id='word_1_438' title='bbox 2654 2427 2795 2493; x_wconf 90' lang='lat' dir='ltr'><strong>quod</strong></span> <span class='ocrx_word' id='word_1_439' title='bbox 2849 2441 2970 2497; x_wconf 87' lang='lat' dir='ltr'><strong>cum</strong></span> <span class='ocrx_word' id='word_1_440' title='bbox 3009 2426 3118 2478; x_wconf 89' lang='lat' dir='ltr'><strong>Deo</strong></span> <span class='ocrx_word' id='word_1_441' title='bbox 3171 2425 3347 2479; x_wconf 86' lang='lat' dir='ltr'><strong>Verbo</strong></span> <span class='ocrx_word' id='word_1_442' title='bbox 3395 2427 3668 2479; x_wconf 90' lang='lat' dir='ltr'><strong>uniretur.</strong></span> <span class='ocrx_word' id='word_1_443' title='bbox 3704 2427 3802 2480; x_wconf 88' lang='lat' dir='ltr'><strong>Se-</strong></span> 
     </span>
    </p>
   </div>
   <div class='ocr_carea' id='block_1_59' title="bbox 2222 2496 3804 2563">
    <p class='ocr_par' dir='ltr' id='par_1_59' title="bbox 2222 2496 3804 2563">
     <span class='ocr_line' id='line_1_60' title="bbox 2222 2496 3804 2563; baseline 0.003 -15"><span class='ocrx_word' id='word_1_444' title='bbox 2222 2496 2404 2563; x_wconf 91' lang='lat' dir='ltr'><strong>quitur</strong></span> <span class='ocrx_word' id='word_1_445' title='bbox 2429 2512 2494 2550; x_wconf 81' lang='lat' dir='ltr'><strong>ex</strong></span> <span class='ocrx_word' id='word_1_446' title='bbox 2531 2497 2794 2551; x_wconf 88' lang='lat' dir='ltr'><strong>sententia</strong></span> <span class='ocrx_word' id='word_1_447' title='bbox 2834 2496 3031 2550; x_wconf 85' lang='lat' dir='ltr'><strong>Christi</strong></span> <span class='ocrx_word' id='word_1_448' title='bbox 3070 2509 3264 2563; x_wconf 91' lang='lat' dir='ltr'><strong>corpus</strong></span> <span class='ocrx_word' id='word_1_449' title='bbox 3299 2511 3404 2548; x_wconf 94' lang='lat' dir='ltr'><strong>nou</strong></span> <span class='ocrx_word' id='word_1_450' title='bbox 3443 2499 3672 2550; x_wconf 81' lang='lat' dir='ltr'><strong>fortuito</strong></span> <span class='ocrx_word' id='word_1_451' title='bbox 3710 2509 3804 2552; x_wconf 88' lang='lat' dir='ltr'><strong>aut</strong></span> 
     </span>
    </p>
   </div>
   <div class='ocr_carea' id='block_1_60' title="bbox 2223 2566 3802 2634">
    <p class='ocr_par' dir='ltr' id='par_1_60' title="bbox 2223 2566 3802 2634">
     <span class='ocr_line' id='line_1_61' title="bbox 2223 2566 3802 2634; baseline 0.002 -15"><span class='ocrx_word' id='word_1_452' title='bbox 2223 2581 2344 2620; x_wconf 92' lang='lat' dir='ltr'><strong>cum</strong></span> <span class='ocrx_word' id='word_1_453' title='bbox 2379 2581 2729 2634; x_wconf 88' lang='lat' dir='ltr'><strong>personarum</strong></span> <span class='ocrx_word' id='word_1_454' title='bbox 2777 2567 3091 2634; x_wconf 90' lang='lat' dir='ltr'><strong>acceptione</strong></span> <span class='ocrx_word' id='word_1_455' title='bbox 3139 2566 3278 2619; x_wconf 91' lang='lat' dir='ltr'><strong>inter</strong></span> <span class='ocrx_word' id='word_1_456' title='bbox 3312 2566 3415 2619; x_wconf 89' lang='lat' dir='ltr'><strong>alia</strong></span> <span class='ocrx_word' id='word_1_457' title='bbox 3465 2581 3698 2633; x_wconf 90' lang='lat' dir='ltr'><strong>corpora</strong></span> <span class='ocrx_word' id='word_1_458' title='bbox 3749 2569 3802 2622; x_wconf 92' lang='lat' dir='ltr'><strong>in</strong></span> 
     </span>
    </p>
   </div>
   <div class='ocr_carea' id='block_1_61' title="bbox 2229 2635 3803 2701">
    <p class='ocr_par' dir='ltr' id='par_1_61' title="bbox 2229 2635 3803 2701">
     <span class='ocr_line' id='line_1_62' title="bbox 2229 2635 3803 2701; baseline 0 -11"><span class='ocrx_word' id='word_1_459' title='bbox 2229 2641 2416 2690; x_wconf 86' lang='lat' dir='ltr'><strong>eodem</strong></span> <span class='ocrx_word' id='word_1_460' title='bbox 2441 2646 2583 2690; x_wconf 88' lang='lat' dir='ltr'><strong>statu</strong></span> <span class='ocrx_word' id='word_1_461' title='bbox 2633 2637 2948 2690; x_wconf 75' lang='lat' dir='ltr'><strong>exsistentia</strong></span> <span class='ocrx_word' id='word_1_462' title='bbox 2996 2636 3222 2691; x_wconf 89' lang='lat' dir='ltr'><strong>electum</strong></span> <span class='ocrx_word' id='word_1_463' title='bbox 3257 2635 3443 2701; x_wconf 85' lang='lat' dir='ltr'><strong>fuisse,</strong></span> <span class='ocrx_word' id='word_1_464' title='bbox 3491 2640 3584 2691; x_wconf 92' lang='lat' dir='ltr'><strong>sed</strong></span> <span class='ocrx_word' id='word_1_465' title='bbox 3630 2637 3803 2691; x_wconf 84' lang='lat' dir='ltr'><strong>solum</strong></span> 
     </span>
    </p>
   </div>
   <div class='ocr_carea' id='block_1_62' title="bbox 2222 2705 3807 2777">
    <p class='ocr_par' dir='ltr' id='par_1_62' title="bbox 2222 2705 3807 2777">
     <span class='ocr_line' id='line_1_63' title="bbox 2222 2705 3807 2777; baseline 0.001 -19"><span class='ocrx_word' id='word_1_466' title='bbox 2222 2709 2524 2777; x_wconf 81' lang='lat' dir='ltr'><strong>dignumet</strong></span> <span class='ocrx_word' id='word_1_467' title='bbox 2559 2707 2808 2761; x_wconf 89' lang='lat' dir='ltr'><strong>idoneum</strong></span> <span class='ocrx_word' id='word_1_468' title='bbox 2841 2705 3012 2777; x_wconf 82' lang='lat' dir='ltr'><strong>fuisse</strong></span> <span class='ocrx_word' id='word_1_469' title='bbox 3043 2707 3093 2777; x_wconf 88' lang='lat' dir='ltr'><strong>in</strong></span> <span class='ocrx_word' id='word_1_470' title='bbox 3136 2720 3242 2773; x_wconf 89' lang='lat' dir='ltr'><strong>quo</strong></span> <span class='ocrx_word' id='word_1_471' title='bbox 3272 2706 3505 2777; x_wconf 76' lang='lat' dir='ltr'><strong>Verbum</strong></span> <span class='ocrx_word' id='word_1_472' title='bbox 3545 2706 3807 2777; x_wconf 80' lang='lat' dir='ltr'><strong>hyposta-</strong></span> 
     </span>
    </p>
   </div>
   <div class='ocr_carea' id='block_1_63' title="bbox 2225 2774 3804 2846">
    <p class='ocr_par' dir='ltr' id='par_1_63' title="bbox 2225 2774 3804 2846">
     <span class='ocr_line' id='line_1_64' title="bbox 2225 2774 3804 2846; baseline 0.003 -18"><span class='ocrx_word' id='word_1_473' title='bbox 2225 2777 2331 2829; x_wconf 89' lang='lat' dir='ltr'><strong>tice</strong></span> <span class='ocrx_word' id='word_1_474' title='bbox 2371 2776 2660 2831; x_wconf 88' lang='lat' dir='ltr'><strong>habitaret.</strong></span> <span class='ocrx_word' id='word_1_475' title='bbox 2695 2777 2834 2830; x_wconf 76' lang='lat' dir='ltr'><strong>Nihil</strong></span> <span class='ocrx_word' id='word_1_476' title='bbox 2867 2776 3009 2828; x_wconf 90' lang='lat' dir='ltr'><strong>aliud</strong></span> <span class='ocrx_word' id='word_1_477' title='bbox 3044 2776 3126 2846; x_wconf 88' lang='lat' dir='ltr'><strong>de</strong></span> <span class='ocrx_word' id='word_1_478' title='bbox 3173 2777 3350 2829; x_wconf 89' lang='lat' dir='ltr'><strong>anima</strong></span> <span class='ocrx_word' id='word_1_479' title='bbox 3384 2774 3681 2846; x_wconf 26' lang='lat' dir='ltr'><strong>Origen&#39;e‘m</strong></span> <span class='ocrx_word' id='word_1_480' title='bbox 3717 2779 3804 2832; x_wconf 83' lang='lat' dir='ltr'><strong>di-</strong></span> 
     </span>
    </p>
   </div>
   <div class='ocr_carea' id='block_1_64' title="bbox 2221 2845 3804 2916">
    <p class='ocr_par' dir='ltr' id='par_1_64' title="bbox 2221 2845 3804 2916">
     <span class='ocr_line' id='line_1_65' title="bbox 2221 2845 3804 2916; baseline 0.002 -17"><span class='ocrx_word' id='word_1_481' title='bbox 2221 2861 2346 2902; x_wconf 85' lang='lat' dir='ltr'><strong>cere</strong></span> <span class='ocrx_word' id='word_1_482' title='bbox 2380 2847 2633 2901; x_wconf 83' lang='lat' dir='ltr'><strong>fatebitur</strong></span> <span class='ocrx_word' id='word_1_483' title='bbox 2662 2847 2908 2916; x_wconf 91' lang='lat' dir='ltr'><strong>quisquis</strong></span> <span class='ocrx_word' id='word_1_484' title='bbox 2956 2847 3006 2899; x_wconf 93' lang='lat' dir='ltr'><strong>iu</strong></span> <span class='ocrx_word' id='word_1_485' title='bbox 3041 2845 3142 2900; x_wconf 92' lang='lat' dir='ltr'><strong>hoc</strong></span> <span class='ocrx_word' id='word_1_486' title='bbox 3175 2846 3294 2900; x_wconf 91' lang='lat' dir='ltr'><strong>loco</strong></span> <span class='ocrx_word' id='word_1_487' title='bbox 3351 2862 3456 2901; x_wconf 92' lang='lat' dir='ltr'><strong>non</strong></span> <span class='ocrx_word' id='word_1_488' title='bbox 3490 2845 3804 2901; x_wconf 81' lang='lat' dir='ltr'><strong>litterarum</strong></span> 
     </span>
    </p>
   </div>
   <div class='ocr_carea' id='block_1_65' title="bbox 2223 2916 3804 2986">
    <p class='ocr_par' dir='ltr' id='par_1_65' title="bbox 2223 2916 3804 2986">
     <span class='ocr_line' id='line_1_66' title="bbox 2223 2916 3804 2986; baseline 0.002 -17"><span class='ocrx_word' id='word_1_489' title='bbox 2223 2917 2422 2984; x_wconf 85' lang='lat' dir='ltr'><strong>apices,</strong></span> <span class='ocrx_word' id='word_1_490' title='bbox 2471 2919 2565 2970; x_wconf 87' lang='lat' dir='ltr'><strong>sed</strong></span> <span class='ocrx_word' id='word_1_491' title='bbox 2609 2918 2997 2986; x_wconf 80' lang='lat' dir='ltr'><strong>sententiarum</strong></span> <span class='ocrx_word' id='word_1_492' title='bbox 3034 2916 3230 2970; x_wconf 89' lang='lat' dir='ltr'><strong>seriem</strong></span> <span class='ocrx_word' id='word_1_493' title='bbox 3272 2927 3327 2971; x_wconf 93' lang='lat' dir='ltr'><strong>et</strong></span> <span class='ocrx_word' id='word_1_494' title='bbox 3369 2917 3804 2986; x_wconf 81' lang='lat' dir='ltr'><strong>complexionem</strong></span> 
     </span>
    </p>
   </div>
   <div class='ocr_carea' id='block_1_66' title="bbox 2221 2985 3807 3056">
    <p class='ocr_par' dir='ltr' id='par_1_66' title="bbox 2221 2985 3807 3056">
     <span class='ocr_line' id='line_1_67' title="bbox 2221 2985 3807 3056; baseline 0.003 -18"><span class='ocrx_word' id='word_1_495' title='bbox 2221 2996 2593 3054; x_wconf 81' lang='lat' dir='ltr'><strong>persequetur.</strong></span> <span class='ocrx_word' id='word_1_496' title='bbox 2637 2985 2692 3039; x_wconf 93' lang='lat' dir='ltr'><strong>ln</strong></span> <span class='ocrx_word' id='word_1_497' title='bbox 2739 2989 2842 3042; x_wconf 91' lang='lat' dir='ltr'><strong>hoc</strong></span> <span class='ocrx_word' id='word_1_498' title='bbox 2869 2987 3104 3054; x_wconf 87' lang='lat' dir='ltr'><strong>&#39;quidem</strong></span> <span class='ocrx_word' id='word_1_499' title='bbox 3141 3000 3328 3052; x_wconf 87' lang='lat' dir='ltr'><strong>peccat</strong></span> <span class='ocrx_word' id='word_1_500' title='bbox 3359 2985 3626 3056; x_wconf 87' lang='lat' dir='ltr'><strong>Origenes</strong></span> <span class='ocrx_word' id='word_1_501' title='bbox 3661 2988 3807 3056; x_wconf 88' lang='lat' dir='ltr'><strong>quod</strong></span> 
     </span>
    </p>
   </div>
   <div class='ocr_carea' id='block_1_67' title="bbox 2223 3057 3802 3126">
    <p class='ocr_par' dir='ltr' id='par_1_67' title="bbox 2223 3057 3802 3126">
     <span class='ocr_line' id='line_1_68' title="bbox 2223 3057 3802 3126; baseline 0.003 -18"><span class='ocrx_word' id='word_1_502' title='bbox 2223 3058 2431 3110; x_wconf 87' lang='lat' dir='ltr'><strong>animas</strong></span> <span class='ocrx_word' id='word_1_503' title='bbox 2460 3067 2584 3110; x_wconf 89' lang='lat' dir='ltr'><strong>ante</strong></span> <span class='ocrx_word' id='word_1_504' title='bbox 2616 3071 2846 3126; x_wconf 88' lang='lat' dir='ltr'><strong>corpora</strong></span> <span class='ocrx_word' id='word_1_505' title='bbox 2875 3066 3090 3111; x_wconf 91' lang='lat' dir='ltr'><strong>creatas</strong></span> <span class='ocrx_word' id='word_1_506' title='bbox 3115 3057 3430 3120; x_wconf 91' lang='lat' dir='ltr'><strong>crediderit,</strong></span> <span class='ocrx_word' id='word_1_507' title='bbox 3463 3059 3559 3112; x_wconf 90' lang='lat' dir='ltr'><strong>sed</strong></span> <span class='ocrx_word' id='word_1_508' title='bbox 3596 3059 3648 3111; x_wconf 92' lang='lat' dir='ltr'><strong>in</strong></span> <span class='ocrx_word' id='word_1_509' title='bbox 3701 3061 3802 3113; x_wconf 88' lang='lat' dir='ltr'><strong>hoc</strong></span> 
     </span>
    </p>
   </div>
   <div class='ocr_carea' id='block_1_68' title="bbox 558 3125 3802 3200">
    <p class='ocr_par' dir='ltr' id='par_1_68' title="bbox 558 3125 3802 3200">
     <span class='ocr_line' id='line_1_69' title="bbox 558 3125 3802 3200; baseline -0.001 -15"><span class='ocrx_word' id='word_1_510' title='bbox 558 3125 777 3200; x_wconf 76' lang='lat' dir='ltr'><strong>caperet</strong></span> <span class='ocrx_word' id='word_1_511' title='bbox 809 3129 1000 3184; x_wconf 85' lang='lat' dir='ltr'><strong>Filium</strong></span> <span class='ocrx_word' id='word_1_512' title='bbox 1033 3129 1156 3200; x_wconf 74' lang='lat' dir='ltr'><strong>Dei,</strong></span> <span class='ocrx_word' id='word_1_513' title='bbox 1189 3129 1351 3200; x_wconf 63' lang='lat' dir='ltr'><strong>etiam</strong></span> <span class='ocrx_word' id='word_1_514' title='bbox 1398 3129 1690 3200; x_wconf 22' lang='lat' dir='ltr'><strong>ipsa‘cum‘</strong></span> <span class='ocrx_word' id='word_1_515' title='bbox 1722 3143 1786 3182; x_wconf 91' lang='lat' dir='ltr'><strong>ea</strong></span> <span class='ocrx_word' id='word_1_516' title='bbox 1816 3142 1988 3200; x_wconf 69' lang='lat' dir='ltr'><strong>quam</strong></span> <span class='ocrx_word' id='word_1_517' title='bbox 2028 3142 2118 3181; x_wconf 88' lang='lat' dir='ltr'><strong>as-</strong></span> <span class='ocrx_word' id='word_1_518' title='bbox 2145 3143 2188 3200; x_wconf 76' lang='grc' dir='ltr'>ο</span> <span class='ocrx_word' id='word_1_519' title='bbox 2225 3125 2504 3180; x_wconf 89' lang='lat' dir='ltr'><strong>laudamus</strong></span> <span class='ocrx_word' id='word_1_520' title='bbox 2533 3128 2675 3196; x_wconf 89' lang='lat' dir='ltr'><strong>quod</strong></span> <span class='ocrx_word' id='word_1_521' title='bbox 2706 3125 2913 3182; x_wconf 83' lang='lat' dir='ltr'><strong>eaverit</strong></span> <span class='ocrx_word' id='word_1_522' title='bbox 2949 3141 3018 3181; x_wconf 92' lang='lat' dir='ltr'><strong>ne</strong></span> <span class='ocrx_word' id='word_1_523' title='bbox 3056 3126 3291 3180; x_wconf 88' lang='lat' dir='ltr'><strong>animam</strong></span> <span class='ocrx_word' id='word_1_524' title='bbox 3322 3126 3524 3182; x_wconf 84' lang='lat' dir='ltr'><strong>Christi</strong></span> <span class='ocrx_word' id='word_1_525' title='bbox 3554 3144 3585 3181; x_wconf 89' lang='lat' dir='ltr'><strong>a</strong></span> <span class='ocrx_word' id='word_1_526' title='bbox 3623 3129 3802 3184; x_wconf 89' lang='lat' dir='ltr'><strong>Verbo</strong></span> 
     </span>
    </p>
   </div>
   <div class='ocr_carea' id='block_1_69' title="bbox 557 3196 2115 3268">
    <p class='ocr_par' dir='ltr' id='par_1_69' title="bbox 557 3196 2115 3268">
     <span class='ocr_line' id='line_1_70' title="bbox 557 3196 2115 3268; baseline -0.001 -14"><span class='ocrx_word' id='word_1_527' title='bbox 557 3196 860 3268; x_wconf 51' lang='lat' dir='ltr'><strong>cca-ipsum</strong></span> <span class='ocrx_word' id='word_1_528' title='bbox 897 3214 1080 3263; x_wconf 91' lang='lat' dir='ltr'><strong>carne,</strong></span> <span class='ocrx_word' id='word_1_529' title='bbox 1116 3198 1203 3250; x_wconf 84' lang='lat' dir='ltr'><strong>Dei</strong></span> <span class='ocrx_word' id='word_1_530' title='bbox 1231 3197 1396 3252; x_wconf 89' lang='lat' dir='ltr'><strong>Filius</strong></span> <span class='ocrx_word' id='word_1_531' title='bbox 1419 3196 1486 3250; x_wconf 80' lang='lat' dir='ltr'><strong>et</strong></span> <span class='ocrx_word' id='word_1_532' title='bbox 1519 3196 1612 3250; x_wconf 92' lang='lat' dir='ltr'><strong>Dei</strong></span> <span class='ocrx_word' id='word_1_533' title='bbox 1645 3198 1836 3268; x_wconf 74' lang='lat' dir='ltr'><strong>virtus,</strong></span> <span class='ocrx_word' id='word_1_534' title='bbox 1861 3197 2115 3268; x_wconf 79' lang='lat' dir='ltr'><strong>Christus</strong></span> 
     </span>
    </p>
   </div>
   <div class='ocr_carea' id='block_1_70' title="bbox 558 3267 2118 3340">
    <p class='ocr_par' dir='ltr' id='par_1_70' title="bbox 558 3267 2118 3340">
     <span class='ocr_line' id='line_1_71' title="bbox 558 3267 2118 3340; baseline -0.002 -15"><span class='ocrx_word' id='word_1_535' title='bbox 558 3289 612 3325; x_wconf 77' lang='lat' dir='ltr'><strong>ei</strong></span> <span class='ocrx_word' id='word_1_536' title='bbox 648 3267 735 3323; x_wconf 13' lang='lat' dir='ltr'><strong>Diei</strong></span> <span class='ocrx_word' id='word_1_537' title='bbox 783 3270 1043 3340; x_wconf 85' lang='lat' dir='ltr'><strong>sapientia</strong></span> <span class='ocrx_word' id='word_1_538' title='bbox 1089 3269 1426 3337; x_wconf 85' lang='lat' dir='ltr'><strong>appellatur:</strong></span> <span class='ocrx_word' id='word_1_539' title='bbox 1462 3277 1523 3340; x_wconf 91' lang='lat' dir='ltr'><strong>et_</strong></span> <span class='ocrx_word' id='word_1_540' title='bbox 1567 3282 1800 3340; x_wconf 73' lang='lat' dir='ltr'><strong>rurs_u_in_</strong></span> <span class='ocrx_word' id='word_1_541' title='bbox 1818 3267 1909 3320; x_wconf 88' lang='lat' dir='ltr'><strong>Dei</strong></span> <span class='ocrx_word' id='word_1_542' title='bbox 1951 3267 2118 3340; x_wconf 55' lang='lat' dir='ltr'><strong>Filhts</strong></span> 
     </span>
    </p>
   </div>
   <div class='ocr_carea' id='block_1_71' title="bbox 597 3335 2120 3404">
    <p class='ocr_par' dir='ltr' id='par_1_71' title="bbox 597 3335 2120 3404">
     <span class='ocr_line' id='line_1_72' title="bbox 597 3335 2120 3404; baseline -0.002 -12"><span class='ocrx_word' id='word_1_543' title='bbox 597 3357 656 3392; x_wconf 88' lang='lat' dir='ltr'><strong>er</strong></span> <span class='ocrx_word' id='word_1_544' title='bbox 679 3335 1040 3404; x_wconf 55' lang='lat' dir='ltr'><strong>quem&#39;omnia</strong></span> <span class='ocrx_word' id='word_1_545' title='bbox 1087 3335 1268 3392; x_wconf 79' lang='lat' dir='ltr'><strong>creata</strong></span> <span class='ocrx_word' id='word_1_546' title='bbox 1301 3347 1449 3401; x_wconf 85' lang='lat' dir='ltr'><strong>sunt,</strong></span> <span class='ocrx_word' id='word_1_547' title='bbox 1496 3335 1650 3392; x_wconf 82' lang='lat' dir='ltr'><strong>Jesus</strong></span> <span class='ocrx_word' id='word_1_548' title='bbox 1677 3337 1922 3391; x_wconf 76' lang='lat' dir='ltr'><strong>Christus</strong></span> <span class='ocrx_word' id='word_1_549' title='bbox 1947 3350 1997 3389; x_wconf 93' lang='lat' dir='ltr'><strong>et</strong></span> <span class='ocrx_word' id='word_1_550' title='bbox 2029 3336 2120 3389; x_wconf 80' lang='lat' dir='ltr'><strong>Fi-</strong></span> 
     </span>
    </p>
   </div>
   <div class='ocr_carea' id='block_1_72' title="bbox 584 3407 2116 3464">
    <p class='ocr_par' dir='ltr' id='par_1_72' title="bbox 584 3407 2116 3464">
     <span class='ocr_line' id='line_1_73' title="bbox 584 3407 2116 3464; baseline 0 -2"><span class='ocrx_word' id='word_1_551' title='bbox 584 3412 663 3464; x_wconf 90' lang='lat' dir='ltr'><strong>ius</strong></span> <span class='ocrx_word' id='word_1_552' title='bbox 691 3411 917 3464; x_wconf 81' lang='lat' dir='ltr'><strong>hominis</strong></span> <span class='ocrx_word' id='word_1_553' title='bbox 948 3410 1273 3464; x_wconf 89' lang='lat' dir='ltr'><strong>nominatur.</strong></span> <span class='ocrx_word' id='word_1_554' title='bbox 1311 3407 1442 3461; x_wconf 87' lang='lat' dir='ltr'><strong>Nam</strong></span> <span class='ocrx_word' id='word_1_555' title='bbox 1469 3418 1523 3461; x_wconf 89' lang='lat' dir='ltr'><strong>et</strong></span> <span class='ocrx_word' id='word_1_556' title='bbox 1549 3407 1717 3462; x_wconf 84' lang='lat' dir='ltr'><strong>Filius</strong></span> <span class='ocrx_word' id='word_1_557' title='bbox 1749 3407 1841 3462; x_wconf 91' lang='lat' dir='ltr'><strong>Dei</strong></span> <span class='ocrx_word' id='word_1_558' title='bbox 1874 3419 2116 3462; x_wconf 90' lang='lat' dir='ltr'><strong>mortuus</strong></span> 
     </span>
    </p>
   </div>
   <div class='ocr_carea' id='block_1_73' title="bbox 557 3479 2116 3548">
    <p class='ocr_par' dir='ltr' id='par_1_73' title="bbox 557 3479 2116 3548">
     <span class='ocr_line' id='line_1_74' title="bbox 557 3479 2116 3548; baseline -0.001 -16"><span class='ocrx_word' id='word_1_559' title='bbox 557 3494 676 3532; x_wconf 76' lang='lat' dir='ltr'><strong>eSse</strong></span> <span class='ocrx_word' id='word_1_560' title='bbox 724 3481 938 3546; x_wconf 88' lang='lat' dir='ltr'><strong>dicitur,</strong></span> <span class='ocrx_word' id='word_1_561' title='bbox 983 3496 1080 3548; x_wconf 84' lang='lat' dir='ltr'><strong>pro</strong></span> <span class='ocrx_word' id='word_1_562' title='bbox 1114 3494 1177 3531; x_wconf 91' lang='lat' dir='ltr'><strong>ea</strong></span> <span class='ocrx_word' id='word_1_563' title='bbox 1226 3479 1439 3548; x_wconf 85' lang='lat' dir='ltr'><strong>scilicet</strong></span> <span class='ocrx_word' id='word_1_564' title='bbox 1482 3487 1674 3530; x_wconf 84' lang='lat' dir='ltr'><strong>natura</strong></span> <span class='ocrx_word' id='word_1_565' title='bbox 1725 3493 1842 3548; x_wconf 71' lang='lat' dir='ltr'><strong>qua:</strong></span> <span class='ocrx_word' id='word_1_566' title='bbox 1891 3488 2116 3548; x_wconf 88' lang='lat' dir='ltr'><strong>mortem</strong></span> 
     </span>
    </p>
   </div>
   <div class='ocr_carea' id='block_1_74' title="bbox 557 3546 2120 3619">
    <p class='ocr_par' dir='ltr' id='par_1_74' title="bbox 557 3546 2120 3619">
     <span class='ocr_line' id='line_1_75' title="bbox 557 3546 2120 3619; baseline -0.004 -18"><span class='ocrx_word' id='word_1_567' title='bbox 557 3553 742 3619; x_wconf 88' lang='lat' dir='ltr'><strong>utique</strong></span> <span class='ocrx_word' id='word_1_568' title='bbox 773 3546 1008 3618; x_wconf 83' lang='lat' dir='ltr'><strong>recipere</strong></span> <span class='ocrx_word' id='word_1_569' title='bbox 1043 3558 1252 3619; x_wconf 75' lang='lat' dir='ltr'><strong>poterat</strong></span> <span class='ocrx_word' id='word_1_570' title='bbox 1279 3567 1292 3601; x_wconf 90' lang='lat'><strong>:</strong></span> <span class='ocrx_word' id='word_1_571' title='bbox 1322 3558 1378 3619; x_wconf 75' lang='lat' dir='ltr'><strong>et</strong></span> <span class='ocrx_word' id='word_1_572' title='bbox 1405 3547 1571 3601; x_wconf 84' lang='lat' dir='ltr'><strong>Filius</strong></span> <span class='ocrx_word' id='word_1_573' title='bbox 1595 3547 1846 3619; x_wconf 80' lang='lat' dir='ltr'><strong>hominis</strong></span> <span class='ocrx_word' id='word_1_574' title='bbox 1880 3546 2120 3619; x_wconf 80' lang='lat' dir='ltr'><strong>appella-</strong></span> 
     </span>
    </p>
   </div>
   <div class='ocr_carea' id='block_1_75' title="bbox 559 3617 2120 3689">
    <p class='ocr_par' dir='ltr' id='par_1_75' title="bbox 559 3617 2120 3689">
     <span class='ocr_line' id='line_1_76' title="bbox 559 3617 2120 3689; baseline -0.001 -17"><span class='ocrx_word' id='word_1_575' title='bbox 559 3617 670 3684; x_wconf 74' lang='lat' dir='ltr'><strong>tur,</strong></span> <span class='ocrx_word' id='word_1_576' title='bbox 713 3622 801 3689; x_wconf 93' lang='lat' dir='ltr'><strong>qui</strong></span> <span class='ocrx_word' id='word_1_577' title='bbox 838 3617 1094 3674; x_wconf 85' lang='lat' dir='ltr'><strong>venturus</strong></span> <span class='ocrx_word' id='word_1_578' title='bbox 1135 3621 1186 3672; x_wconf 93' lang='lat' dir='ltr'><strong>in</strong></span> <span class='ocrx_word' id='word_1_579' title='bbox 1221 3617 1312 3674; x_wconf 90' lang='lat' dir='ltr'><strong>Dei</strong></span> <span class='ocrx_word' id='word_1_580' title='bbox 1357 3618 1533 3672; x_wconf 84' lang='lat' dir='ltr'><strong>Patris</strong></span> <span class='ocrx_word' id='word_1_581' title='bbox 1559 3617 1724 3686; x_wconf 90' lang='lat' dir='ltr'><strong>gloria</strong></span> <span class='ocrx_word' id='word_1_582' title='bbox 1759 3633 1880 3670; x_wconf 91' lang='lat' dir='ltr'><strong>cum</strong></span> <span class='ocrx_word' id='word_1_583' title='bbox 1915 3618 2120 3671; x_wconf 88' lang='lat' dir='ltr'><strong>sanctis</strong></span> 
     </span>
    </p>
   </div>
   <div class='ocr_carea' id='block_1_76' title="bbox 559 3689 2118 3759">
    <p class='ocr_par' dir='ltr' id='par_1_76' title="bbox 559 3689 2118 3759">
     <span class='ocr_line' id='line_1_77' title="bbox 559 3689 2118 3759; baseline -0.001 -18"><span class='ocrx_word' id='word_1_584' title='bbox 559 3691 762 3759; x_wconf 83' lang='lat' dir='ltr'><strong>angelis</strong></span> <span class='ocrx_word' id='word_1_585' title='bbox 808 3692 1148 3758; x_wconf 72' lang='lat' dir='ltr'><strong>priedicatur.</strong></span> <span class='ocrx_word' id='word_1_586' title='bbox 1193 3689 1258 3743; x_wconf 87' lang='lat' dir='ltr'><strong>Et</strong></span> <span class='ocrx_word' id='word_1_587' title='bbox 1308 3691 1406 3743; x_wconf 91' lang='lat' dir='ltr'><strong>hac</strong></span> <span class='ocrx_word' id='word_1_588' title='bbox 1454 3690 1520 3742; x_wconf 91' lang='lat' dir='ltr'><strong>de</strong></span> <span class='ocrx_word' id='word_1_589' title='bbox 1555 3703 1719 3759; x_wconf 81' lang='lat' dir='ltr'><strong>causa</strong></span> <span class='ocrx_word' id='word_1_590' title='bbox 1767 3702 1862 3756; x_wconf 88' lang='lat' dir='ltr'><strong>per</strong></span> <span class='ocrx_word' id='word_1_591' title='bbox 1902 3702 2118 3759; x_wconf 85' lang='lat' dir='ltr'><strong>omnem</strong></span> 
     </span>
    </p>
   </div>
   <div class='ocr_carea' id='block_1_77' title="bbox 558 3758 2122 3826">
    <p class='ocr_par' dir='ltr' id='par_1_77' title="bbox 558 3758 2122 3826">
     <span class='ocr_line' id='line_1_78' title="bbox 558 3758 2122 3826; baseline -0.001 -14"><span class='ocrx_word' id='word_1_592' title='bbox 558 3758 894 3826; x_wconf 75' lang='lat' dir='ltr'><strong>Scriptorum</strong></span> <span class='ocrx_word' id='word_1_593' title='bbox 924 3771 1030 3814; x_wconf 79' lang='lat' dir='ltr'><strong>tam</strong></span> <span class='ocrx_word' id='word_1_594' title='bbox 1079 3760 1258 3814; x_wconf 89' lang='lat' dir='ltr'><strong>divina</strong></span> <span class='ocrx_word' id='word_1_595' title='bbox 1308 3769 1498 3813; x_wconf 87' lang='lat' dir='ltr'><strong>natura</strong></span> <span class='ocrx_word' id='word_1_596' title='bbox 1551 3758 1799 3812; x_wconf 85' lang='lat' dir='ltr'><strong>humanis</strong></span> <span class='ocrx_word' id='word_1_597' title='bbox 1847 3758 2122 3817; x_wconf 80' lang='lat' dir='ltr'><strong>vocabulis</strong></span> 
     </span>
    </p>
   </div>
   <div class='ocr_carea' id='block_1_78' title="bbox 561 3828 2122 3898">
    <p class='ocr_par' dir='ltr' id='par_1_78' title="bbox 561 3828 2122 3898">
     <span class='ocr_line' id='line_1_79' title="bbox 561 3828 2122 3898; baseline 0 -18"><span class='ocrx_word' id='word_1_598' title='bbox 561 3830 876 3897; x_wconf 85' lang='lat' dir='ltr'><strong>appellatur,</strong></span> <span class='ocrx_word' id='word_1_599' title='bbox 905 3845 1063 3898; x_wconf 92' lang='lat' dir='ltr'><strong>quam</strong></span> <span class='ocrx_word' id='word_1_600' title='bbox 1095 3831 1324 3884; x_wconf 87' lang='lat' dir='ltr'><strong>humana</strong></span> <span class='ocrx_word' id='word_1_601' title='bbox 1373 3840 1563 3883; x_wconf 91' lang='lat' dir='ltr'><strong>natura</strong></span> <span class='ocrx_word' id='word_1_602' title='bbox 1605 3828 1798 3882; x_wconf 66' lang='lat' dir='ltr'><strong>divinae</strong></span> <span class='ocrx_word' id='word_1_603' title='bbox 1845 3843 2122 3897; x_wconf 86' lang='lat' dir='ltr'><strong>nuncupa-</strong></span> 
     </span>
    </p>
   </div>
   <div class='ocr_carea' id='block_1_79' title="bbox 563 3901 1447 3967">
    <p class='ocr_par' dir='ltr' id='par_1_79' title="bbox 563 3901 1447 3967">
     <span class='ocr_line' id='line_1_80' title="bbox 563 3901 1447 3967; baseline -0.001 -17"><span class='ocrx_word' id='word_1_604' title='bbox 563 3901 723 3952; x_wconf 85' lang='lat' dir='ltr'><strong>tionis</strong></span> <span class='ocrx_word' id='word_1_605' title='bbox 761 3902 1061 3967; x_wconf 77' lang='lat' dir='ltr'><strong>insignibus</strong></span> <span class='ocrx_word' id='word_1_606' title='bbox 1089 3904 1391 3954; x_wconf 87' lang='lat' dir='ltr'><strong>decoratur.</strong></span> <span class='ocrx_word' id='word_1_607' title='bbox 1430 3918 1447 3949; x_wconf 71' lang='grc' dir='ltr'><strong>ι</strong></span> 
     </span>
    </p>
   </div>
   <div class='ocr_carea' id='block_1_80' title="bbox 629 3966 2125 4038">
    <p class='ocr_par' dir='ltr' id='par_1_80' title="bbox 629 3966 2125 4038">
     <span class='ocr_line' id='line_1_81' title="bbox 629 3966 2125 4038; baseline 0 -17"><span class='ocrx_word' id='word_1_608' title='bbox 629 3968 687 4021; x_wconf 81' lang='grc' dir='ltr'><strong>5ο</strong></span> <span class='ocrx_word' id='word_1_609' title='bbox 724 3966 988 4038; x_wconf 88' lang='lat' dir='ltr'><strong>Siauima</strong></span> <span class='ocrx_word' id='word_1_610' title='bbox 1034 3968 1232 4038; x_wconf 68' lang='lat' dir='ltr'><strong>Christi</strong></span> <span class='ocrx_word' id='word_1_611' title='bbox 1265 3970 1332 4022; x_wconf 86' lang='lat' dir='ltr'><strong>ab</strong></span> <span class='ocrx_word' id='word_1_612' title='bbox 1365 3970 1516 4022; x_wconf 90' lang='lat' dir='ltr'><strong>initio</strong></span> <span class='ocrx_word' id='word_1_613' title='bbox 1546 3966 1836 4022; x_wconf 89' lang='lat' dir='ltr'><strong>creationis</strong></span> <span class='ocrx_word' id='word_1_614' title='bbox 1876 3967 2125 4038; x_wconf 85' lang='lat' dir='ltr'><strong>hyposta-</strong></span> 
     </span>
    </p>
   </div>
   <div class='ocr_carea' id='block_1_81' title="bbox 561 4036 2120 4106">
    <p class='ocr_par' dir='ltr' id='par_1_81' title="bbox 561 4036 2120 4106">
     <span class='ocr_line' id='line_1_82' title="bbox 561 4036 2120 4106; baseline 0.001 -16"><span class='ocrx_word' id='word_1_615' title='bbox 561 4037 667 4091; x_wconf 88' lang='lat' dir='ltr'><strong>tice</strong></span> <span class='ocrx_word' id='word_1_616' title='bbox 710 4037 854 4090; x_wconf 89' lang='lat' dir='ltr'><strong>unita</strong></span> <span class='ocrx_word' id='word_1_617' title='bbox 890 4037 987 4091; x_wconf 87' lang='lat' dir='ltr'><strong>fuit</strong></span> <span class='ocrx_word' id='word_1_618' title='bbox 1029 4055 1146 4106; x_wconf 84' lang='lat' dir='ltr'><strong>cum</strong></span> <span class='ocrx_word' id='word_1_619' title='bbox 1179 4036 1370 4102; x_wconf 87' lang='lat' dir='ltr'><strong>Verbo,</strong></span> <span class='ocrx_word' id='word_1_620' title='bbox 1399 4039 1667 4106; x_wconf 87' lang='lat' dir='ltr'><strong>quomodo</strong></span> <span class='ocrx_word' id='word_1_621' title='bbox 1701 4039 1839 4091; x_wconf 85' lang='lat' dir='ltr'><strong>lianc</strong></span> <span class='ocrx_word' id='word_1_622' title='bbox 1869 4036 2120 4092; x_wconf 88' lang='lat' dir='ltr'><strong>unionem</strong></span> 
     </span>
    </p>
   </div>
   <div class='ocr_carea' id='block_1_82' title="bbox 563 4105 2124 4174">
    <p class='ocr_par' dir='ltr' id='par_1_82' title="bbox 563 4105 2124 4174">
     <span class='ocr_line' id='line_1_83' title="bbox 563 4105 2124 4174; baseline 0.002 -16"><span class='ocrx_word' id='word_1_623' title='bbox 563 4107 759 4160; x_wconf 89' lang='lat' dir='ltr'><strong>mereri</strong></span> <span class='ocrx_word' id='word_1_624' title='bbox 792 4108 999 4174; x_wconf 82' lang='lat' dir='ltr'><strong>potuit?</strong></span> <span class='ocrx_word' id='word_1_625' title='bbox 1025 4105 1086 4161; x_wconf 90' lang='lat' dir='ltr'><strong>Si</strong></span> <span class='ocrx_word' id='word_1_626' title='bbox 1116 4110 1181 4160; x_wconf 91' lang='lat' dir='ltr'><strong>ab</strong></span> <span class='ocrx_word' id='word_1_627' title='bbox 1212 4109 1364 4162; x_wconf 91' lang='lat' dir='ltr'><strong>initio</strong></span> <span class='ocrx_word' id='word_1_628' title='bbox 1395 4105 1594 4162; x_wconf 88' lang='lat' dir='ltr'><strong>idcirco</strong></span> <span class='ocrx_word' id='word_1_629' title='bbox 1626 4107 1972 4161; x_wconf 81' lang='lat' dir='ltr'><strong>immutabilis</strong></span> <span class='ocrx_word' id='word_1_630' title='bbox 2010 4108 2124 4162; x_wconf 87' lang='lat' dir='ltr'><strong>sive</strong></span> 
     </span>
    </p>
   </div>
   <div class='ocr_carea' id='block_1_83' title="bbox 563 4177 2123 4244">
    <p class='ocr_par' dir='ltr' id='par_1_83' title="bbox 563 4177 2123 4244">
     <span class='ocr_line' id='line_1_84' title="bbox 563 4177 2123 4244; baseline -0.001 -14"><span class='ocrx_word' id='word_1_631' title='bbox 563 4177 929 4244; x_wconf 85' lang='lat' dir='ltr'><strong>iiupeccabilis</strong></span> <span class='ocrx_word' id='word_1_632' title='bbox 976 4179 1076 4231; x_wconf 88' lang='lat' dir='ltr'><strong>fuit</strong></span> <span class='ocrx_word' id='word_1_633' title='bbox 1115 4179 1236 4244; x_wconf 91' lang='lat' dir='ltr'><strong>quia</strong></span> <span class='ocrx_word' id='word_1_634' title='bbox 1276 4192 1488 4244; x_wconf 90' lang='lat' dir='ltr'><strong>semper</strong></span> <span class='ocrx_word' id='word_1_635' title='bbox 1530 4186 1638 4230; x_wconf 89' lang='lat' dir='ltr'><strong>tota</strong></span> <span class='ocrx_word' id='word_1_636' title='bbox 1677 4177 1775 4229; x_wconf 83' lang='lat' dir='ltr'><strong>fuit</strong></span> <span class='ocrx_word' id='word_1_637' title='bbox 1811 4180 1956 4230; x_wconf 91' lang='lat' dir='ltr'><strong>unita</strong></span> <span class='ocrx_word' id='word_1_638' title='bbox 2000 4193 2123 4233; x_wconf 91' lang='lat' dir='ltr'><strong>cum</strong></span> 
     </span>
    </p>
   </div>
   <div class='ocr_carea' id='block_1_84' title="bbox 563 4245 2124 4316">
    <p class='ocr_par' dir='ltr' id='par_1_84' title="bbox 563 4245 2124 4316">
     <span class='ocr_line' id='line_1_85' title="bbox 563 4245 2124 4316; baseline 0.001 -16"><span class='ocrx_word' id='word_1_639' title='bbox 563 4255 677 4300; x_wconf 93' lang='lat' dir='ltr'><strong>toto</strong></span> <span class='ocrx_word' id='word_1_640' title='bbox 731 4245 938 4313; x_wconf 90' lang='lat' dir='ltr'><strong>Verbo,</strong></span> <span class='ocrx_word' id='word_1_641' title='bbox 988 4250 1262 4316; x_wconf 88' lang='lat' dir='ltr'><strong>quomodo</strong></span> <span class='ocrx_word' id='word_1_642' title='bbox 1312 4249 1410 4302; x_wconf 90' lang='lat' dir='ltr'><strong>hac</strong></span> <span class='ocrx_word' id='word_1_643' title='bbox 1468 4246 2124 4316; x_wconf 21' lang='lat' dir='ltr'><strong>iminutabiliﬁsanctitate</strong></span> 
     </span>
    </p>
   </div>
   <div class='ocr_carea' id='block_1_85' title="bbox 562 4315 2124 4388">
    <p class='ocr_par' dir='ltr' id='par_1_85' title="bbox 562 4315 2124 4388">
     <span class='ocr_line' id='line_1_86' title="bbox 562 4315 2124 4388; baseline 0.001 -20"><span class='ocrx_word' id='word_1_644' title='bbox 562 4329 850 4372; x_wconf 78' lang='lat' dir='ltr'><strong>consecuta</strong></span> <span class='ocrx_word' id='word_1_645' title='bbox 881 4327 962 4372; x_wconf 87' lang='lat' dir='ltr'><strong>est</strong></span> <span class='ocrx_word' id='word_1_646' title='bbox 1008 4315 1066 4373; x_wconf 86' lang='lat' dir='ltr'><strong>ut</strong></span> <span class='ocrx_word' id='word_1_647' title='bbox 1099 4334 1220 4371; x_wconf 90' lang='lat' dir='ltr'><strong>cum</strong></span> <span class='ocrx_word' id='word_1_648' title='bbox 1265 4317 1440 4372; x_wconf 91' lang='lat' dir='ltr'><strong>Verbo</strong></span> <span class='ocrx_word' id='word_1_649' title='bbox 1469 4317 1749 4370; x_wconf 87' lang='lat' dir='ltr'><strong>uniretur?</strong></span> <span class='ocrx_word' id='word_1_650' title='bbox 1783 4315 1921 4370; x_wconf 86' lang='lat' dir='ltr'><strong>Num</strong></span> <span class='ocrx_word' id='word_1_651' title='bbox 1961 4319 2124 4388; x_wconf 88' lang='lat' dir='ltr'><strong>igitur</strong></span> 
     </span>
    </p>
   </div>
   <div class='ocr_carea' id='block_1_86' title="bbox 561 4388 2123 4456">
    <p class='ocr_par' dir='ltr' id='par_1_86' title="bbox 561 4388 2123 4456">
     <span class='ocr_line' id='line_1_87' title="bbox 561 4388 2123 4456; baseline 0.002 -17"><span class='ocrx_word' id='word_1_652' title='bbox 561 4401 742 4441; x_wconf 87' lang='lat' dir='ltr'><strong>secum</strong></span> <span class='ocrx_word' id='word_1_653' title='bbox 799 4402 1035 4456; x_wconf 77' lang='lat' dir='ltr'><strong>pugnare</strong></span> <span class='ocrx_word' id='word_1_654' title='bbox 1104 4390 1347 4442; x_wconf 89' lang='lat' dir='ltr'><strong>dicemus</strong></span> <span class='ocrx_word' id='word_1_655' title='bbox 1387 4388 1707 4456; x_wconf 86' lang='lat' dir='ltr'><strong>Origeueni,</strong></span> <span class='ocrx_word' id='word_1_656' title='bbox 1752 4395 1846 4440; x_wconf 87' lang='lat' dir='ltr'><strong>aut</strong></span> <span class='ocrx_word' id='word_1_657' title='bbox 1892 4401 1958 4440; x_wconf 84' lang='lat' dir='ltr'><strong>ex</strong></span> <span class='ocrx_word' id='word_1_658' title='bbox 2004 4389 2123 4455; x_wconf 87' lang='lat' dir='ltr'><strong>ejus</strong></span> 
     </span>
    </p>
   </div>
   <div class='ocr_carea' id='block_1_87' title="bbox 561 4457 2122 4530">
    <p class='ocr_par' dir='ltr' id='par_1_87' title="bbox 561 4457 2122 4530">
     <span class='ocr_line' id='line_1_88' title="bbox 561 4457 2122 4530; baseline 0.001 -21"><span class='ocrx_word' id='word_1_659' title='bbox 561 4469 816 4530; x_wconf 74' lang='lat' dir='ltr'><strong>contextu</strong></span> <span class='ocrx_word' id='word_1_660' title='bbox 865 4473 1230 4530; x_wconf 84' lang='lat' dir='ltr'><strong>expiingeinus</strong></span> <span class='ocrx_word' id='word_1_661' title='bbox 1267 4459 1417 4530; x_wconf 74' lang='lat' dir='ltr'><strong>quod</strong></span> <span class='ocrx_word' id='word_1_662' title='bbox 1457 4459 1568 4523; x_wconf 88' lang='lat' dir='ltr'><strong>ait,</strong></span> <span class='ocrx_word' id='word_1_663' title='bbox 1618 4457 1968 4530; x_wconf 70' lang='lat' dir='ltr'><strong>«dilectionis</strong></span> <span class='ocrx_word' id='word_1_664' title='bbox 2006 4473 2122 4530; x_wconf 42' lang='lat' dir='ltr'><strong>per:</strong></span> 
     </span>
    </p>
   </div>
   <div class='ocr_carea' id='block_1_88' title="bbox 563 4518 2200 4584">
    <p class='ocr_par' dir='ltr' id='par_1_88' title="bbox 563 4518 2200 4584">
     <span class='ocr_line' id='line_1_89' title="bbox 563 4518 2200 4584; baseline 0.002 -6"><span class='ocrx_word' id='word_1_665' title='bbox 563 4528 852 4580; x_wconf 77' lang='lat' dir='ltr'><strong>lectionem</strong></span> <span class='ocrx_word' id='word_1_666' title='bbox 900 4518 962 4582; x_wconf 80' lang='lat' dir='ltr'><strong>ac</strong></span> <span class='ocrx_word' id='word_1_667' title='bbox 1002 4518 1178 4584; x_wconf 70' lang='lat' dir='ltr'><strong>m‘érm</strong></span> <span class='ocrx_word' id='word_1_668' title='bbox 1220 4518 1445 4583; x_wconf 77' lang='lat' dir='ltr'><strong>allectus</strong></span> <span class='ocrx_word' id='word_1_669' title='bbox 1490 4518 1858 4582; x_wconf 87' lang='lat' dir='ltr'><strong>sinceritatem</strong></span> <span class='ocrx_word' id='word_1_670' title='bbox 1898 4518 2038 4582; x_wconf 78' lang='lat' dir='ltr'><strong>hanc</strong></span> <span class='ocrx_word' id='word_1_671' title='bbox 2072 4527 2121 4582; x_wconf 89' lang='lat' dir='ltr'><strong>ei</strong></span> <span class='ocrx_word' id='word_1_672' title='bbox 2157 4518 2200 4572; x_wconf 80' lang='grc' dir='ltr'><strong>Ι)</strong></span> 
     </span>
    </p>
   </div>
   <div class='ocr_carea' id='block_1_89' title="bbox 563 4595 2126 4667">
    <p class='ocr_par' dir='ltr' id='par_1_89' title="bbox 563 4595 2126 4667">
     <span class='ocr_line' id='line_1_90' title="bbox 563 4595 2126 4667; baseline 0.002 -18"><span class='ocrx_word' id='word_1_673' title='bbox 563 4595 972 4665; x_wconf 87' lang='lat' dir='ltr'><strong>inseparabilem</strong></span> <span class='ocrx_word' id='word_1_674' title='bbox 1015 4616 1137 4652; x_wconf 91' lang='lat' dir='ltr'><strong>cum</strong></span> <span class='ocrx_word' id='word_1_675' title='bbox 1183 4601 1290 4667; x_wconf 84' lang='lat' dir='ltr'><strong>Deo</strong></span> <span class='ocrx_word' id='word_1_676' title='bbox 1353 4599 1546 4652; x_wconf 89' lang='lat' dir='ltr'><strong>fecisse</strong></span> <span class='ocrx_word' id='word_1_677' title='bbox 1594 4599 1892 4661; x_wconf 83' lang='lat' dir='ltr'><strong>unitatem;</strong></span> <span class='ocrx_word' id='word_1_678' title='bbox 1941 4599 2010 4650; x_wconf 91' lang='lat' dir='ltr'><strong>ita</strong></span> <span class='ocrx_word' id='word_1_679' title='bbox 2067 4610 2126 4652; x_wconf 88' lang='lat' dir='ltr'><strong>ut</strong></span> 
     </span>
    </p>
   </div>
   <div class='ocr_carea' id='block_1_90' title="bbox 563 4667 2124 4737">
    <p class='ocr_par' dir='ltr' id='par_1_90' title="bbox 563 4667 2124 4737">
     <span class='ocr_line' id='line_1_91' title="bbox 563 4667 2124 4737; baseline 0.001 -17"><span class='ocrx_word' id='word_1_680' title='bbox 563 4680 669 4720; x_wconf 88' lang='lat' dir='ltr'><strong>non</strong></span> <span class='ocrx_word' id='word_1_681' title='bbox 715 4667 931 4720; x_wconf 82' lang='lat' dir='ltr'><strong>fortuita</strong></span> <span class='ocrx_word' id='word_1_682' title='bbox 977 4669 1166 4732; x_wconf 88' lang='lat' dir='ltr'><strong>fuerit,</strong></span> <span class='ocrx_word' id='word_1_683' title='bbox 1215 4680 1306 4724; x_wconf 89' lang='lat' dir='ltr'><strong>aut</strong></span> <span class='ocrx_word' id='word_1_684' title='bbox 1347 4684 1470 4724; x_wconf 90' lang='lat' dir='ltr'><strong>cuin</strong></span> <span class='ocrx_word' id='word_1_685' title='bbox 1518 4682 1760 4737; x_wconf 72' lang='lat' dir='ltr'><strong>persona:</strong></span> <span class='ocrx_word' id='word_1_686' title='bbox 1813 4669 2124 4737; x_wconf 88' lang='lat' dir='ltr'><strong>acceptione</strong></span> 
     </span>
    </p>
   </div>
   <div class='ocr_carea' id='block_1_91' title="bbox 563 4737 2125 4808">
    <p class='ocr_par' dir='ltr' id='par_1_91' title="bbox 563 4737 2125 4808">
     <span class='ocr_line' id='line_1_92' title="bbox 563 4737 2125 4808; baseline 0.002 -20"><span class='ocrx_word' id='word_1_687' title='bbox 563 4737 900 4808; x_wconf 33' lang='lat' dir='ltr'><strong>illiillllliAejllS</strong></span> <span class='ocrx_word' id='word_1_688' title='bbox 937 4741 1249 4808; x_wconf 80' lang='lat' dir='ltr'><strong>assumptio,</strong></span> <span class='ocrx_word' id='word_1_689' title='bbox 1280 4741 1372 4793; x_wconf 88' lang='lat' dir='ltr'><strong>sed</strong></span> <span class='ocrx_word' id='word_1_690' title='bbox 1399 4739 1654 4792; x_wconf 91' lang='lat' dir='ltr'><strong>virtutum</strong></span> <span class='ocrx_word' id='word_1_691' title='bbox 1686 4753 1906 4791; x_wconf 90' lang='lat' dir='ltr'><strong>suarum</strong></span> <span class='ocrx_word' id='word_1_692' title='bbox 1941 4740 1988 4791; x_wconf 88' lang='lat' dir='ltr'><strong>ei</strong></span> <span class='ocrx_word' id='word_1_693' title='bbox 2022 4754 2125 4791; x_wconf 88' lang='lat' dir='ltr'><strong>ine-</strong></span> 
     </span>
    </p>
   </div>
   <div class='ocr_carea' id='block_1_92' title="bbox 562 4805 2125 4878">
    <p class='ocr_par' dir='ltr' id='par_1_92' title="bbox 562 4805 2125 4878">
     <span class='ocr_line' id='line_1_93' title="bbox 562 4805 2125 4878; baseline 0.001 -18"><span class='ocrx_word' id='word_1_694' title='bbox 562 4807 668 4860; x_wconf 87' lang='lat' dir='ltr'><strong>rito</strong></span> <span class='ocrx_word' id='word_1_695' title='bbox 693 4805 908 4860; x_wconf 82' lang='lat' dir='ltr'><strong>delata?</strong></span> <span class='ocrx_word' id='word_1_696' title='bbox 936 4828 953 4859; x_wconf 79' lang='lat' dir='ltr'><strong>i</strong></span> <span class='ocrx_word' id='word_1_697' title='bbox 991 4805 1244 4863; x_wconf 74' lang='lat' dir='ltr'><strong>Neutrum</strong></span> <span class='ocrx_word' id='word_1_698' title='bbox 1273 4811 1520 4878; x_wconf 86' lang='lat' dir='ltr'><strong>equidem</strong></span> <span class='ocrx_word' id='word_1_699' title='bbox 1547 4809 1868 4864; x_wconf 84' lang='lat' dir='ltr'><strong>crediderim</strong></span> <span class='ocrx_word' id='word_1_700' title='bbox 1899 4821 1914 4861; x_wconf 85' lang='lat'><strong>:</strong></span> <span class='ocrx_word' id='word_1_701' title='bbox 1954 4823 2125 4878; x_wconf 84' lang='lat' dir='ltr'><strong>neque</strong></span> 
     </span>
    </p>
   </div>
   <div class='ocr_carea' id='block_1_93' title="bbox 562 4879 2125 4950">
    <p class='ocr_par' dir='ltr' id='par_1_93' title="bbox 562 4879 2125 4950">
     <span class='ocr_line' id='line_1_94' title="bbox 562 4879 2125 4950; baseline 0.001 -20"><span class='ocrx_word' id='word_1_702' title='bbox 562 4879 704 4930; x_wconf 90' lang='lat' dir='ltr'><strong>enim</strong></span> <span class='ocrx_word' id='word_1_703' title='bbox 754 4880 876 4950; x_wconf 68' lang='lat' dir='ltr'><strong>haec</strong></span> <span class='ocrx_word' id='word_1_704' title='bbox 915 4881 1075 4932; x_wconf 81' lang='lat' dir='ltr'><strong>verba</strong></span> <span class='ocrx_word' id='word_1_705' title='bbox 1129 4882 1197 4933; x_wconf 91' lang='lat' dir='ltr'><strong>ab</strong></span> <span class='ocrx_word' id='word_1_706' title='bbox 1241 4883 1359 4945; x_wconf 87' lang='lat' dir='ltr'><strong>ejus</strong></span> <span class='ocrx_word' id='word_1_707' title='bbox 1417 4881 1692 4950; x_wconf 88' lang='lat' dir='ltr'><strong>proposito</strong></span> <span class='ocrx_word' id='word_1_708' title='bbox 1743 4880 2125 4950; x_wconf 35' lang='lat' dir='ltr'><strong>aberraiitald</strong></span> 
     </span>
    </p>
   </div>
   <div class='ocr_carea' id='block_1_94' title="bbox 561 4949 2122 5019">
    <p class='ocr_par' dir='ltr' id='par_1_94' title="bbox 561 4949 2122 5019">
     <span class='ocr_line' id='line_1_95' title="bbox 561 4949 2122 5019; baseline 0.002 -20"><span class='ocrx_word' id='word_1_709' title='bbox 561 4961 748 5019; x_wconf 79' lang='lat' dir='ltr'><strong>unum,</strong></span> <span class='ocrx_word' id='word_1_710' title='bbox 777 4961 830 5000; x_wconf 90' lang='lat' dir='ltr'><strong>ut</strong></span> <span class='ocrx_word' id='word_1_711' title='bbox 860 4949 972 5019; x_wconf 89' lang='lat' dir='ltr'><strong>jain</strong></span> <span class='ocrx_word' id='word_1_712' title='bbox 1009 4950 1141 5013; x_wconf 83' lang='lat' dir='ltr'><strong>dixi,</strong></span> <span class='ocrx_word' id='word_1_713' title='bbox 1188 4959 1360 5014; x_wconf 85' lang='lat' dir='ltr'><strong>cavet,</strong></span> <span class='ocrx_word' id='word_1_714' title='bbox 1412 4967 1477 5004; x_wconf 91' lang='lat' dir='ltr'><strong>ne</strong></span> <span class='ocrx_word' id='word_1_715' title='bbox 1506 4949 1626 5016; x_wconf 89' lang='lat' dir='ltr'><strong>quis</strong></span> <span class='ocrx_word' id='word_1_716' title='bbox 1658 4950 1891 5003; x_wconf 87' lang='lat' dir='ltr'><strong>animam</strong></span> <span class='ocrx_word' id='word_1_717' title='bbox 1922 4949 2122 5004; x_wconf 77' lang='lat' dir='ltr'><strong>Christi</strong></span> 
     </span>
    </p>
   </div>
   <div class='ocr_carea' id='block_1_95' title="bbox 561 5017 2126 5088">
    <p class='ocr_par' dir='ltr' id='par_1_95' title="bbox 561 5017 2126 5088">
     <span class='ocr_line' id='line_1_96' title="bbox 561 5017 2126 5088; baseline 0.001 -18"><span class='ocrx_word' id='word_1_718' title='bbox 561 5017 615 5070; x_wconf 91' lang='lat' dir='ltr'><strong>in</strong></span> <span class='ocrx_word' id='word_1_719' title='bbox 649 5020 836 5072; x_wconf 91' lang='lat' dir='ltr'><strong>eodem</strong></span> <span class='ocrx_word' id='word_1_720' title='bbox 864 5017 942 5072; x_wconf 53' lang='lat' dir='ltr'><strong>&#39;ac</strong></span> <span class='ocrx_word' id='word_1_721' title='bbox 973 5019 1104 5072; x_wconf 87' lang='lat' dir='ltr'><strong>alias</strong></span> <span class='ocrx_word' id='word_1_722' title='bbox 1136 5028 1277 5072; x_wconf 91' lang='lat' dir='ltr'><strong>statu</strong></span> <span class='ocrx_word' id='word_1_723' title='bbox 1319 5021 1606 5088; x_wconf 87' lang='lat' dir='ltr'><strong>aliquando</strong></span> <span class='ocrx_word' id='word_1_724' title='bbox 1635 5019 1821 5083; x_wconf 86' lang='lat' dir='ltr'><strong>fuisse,</strong></span> <span class='ocrx_word' id='word_1_725' title='bbox 1853 5029 1906 5072; x_wconf 92' lang='lat' dir='ltr'><strong>et</strong></span> <span class='ocrx_word' id='word_1_726' title='bbox 1939 5035 2005 5072; x_wconf 88' lang='lat' dir='ltr'><strong>ex</strong></span> <span class='ocrx_word' id='word_1_727' title='bbox 2035 5035 2126 5073; x_wconf 87' lang='lat' dir='ltr'><strong>ea-</strong></span> 
     </span>
    </p>
   </div>
   <div class='ocr_carea' id='block_1_96' title="bbox 563 5090 2124 5160">
    <p class='ocr_par' dir='ltr' id='par_1_96' title="bbox 563 5090 2124 5160">
     <span class='ocr_line' id='line_1_97' title="bbox 563 5090 2124 5160; baseline 0.003 -23"><span class='ocrx_word' id='word_1_728' title='bbox 563 5102 680 5160; x_wconf 74' lang='lat' dir='ltr'><strong>rum</strong></span> <span class='ocrx_word' id='word_1_729' title='bbox 733 5105 955 5144; x_wconf 84' lang='lat' dir='ltr'><strong>numero</strong></span> <span class='ocrx_word' id='word_1_730' title='bbox 1004 5093 1072 5144; x_wconf 88' lang='lat' dir='ltr'><strong>ad</strong></span> <span class='ocrx_word' id='word_1_731' title='bbox 1119 5091 1372 5160; x_wconf 87' lang='lat' dir='ltr'><strong>unionem</strong></span> <span class='ocrx_word' id='word_1_732' title='bbox 1440 5093 1831 5160; x_wconf 88' lang='lat' dir='ltr'><strong>liypostaticaui</strong></span> <span class='ocrx_word' id='word_1_733' title='bbox 1899 5090 2124 5160; x_wconf 78' lang='lat' dir='ltr'><strong>electam</strong></span> 
     </span>
    </p>
   </div>
   <div class='ocr_carea' id='block_1_97' title="bbox 562 5155 2124 5230">
    <p class='ocr_par' dir='ltr' id='par_1_97' title="bbox 562 5155 2124 5230">
     <span class='ocr_line' id='line_1_98' title="bbox 562 5155 2124 5230; baseline 0.003 -24"><span class='ocrx_word' id='word_1_734' title='bbox 562 5155 729 5211; x_wconf 85' lang='lat' dir='ltr'><strong>fuisse</strong></span> <span class='ocrx_word' id='word_1_735' title='bbox 774 5163 1093 5230; x_wconf 85' lang='lat' dir='ltr'><strong>suspicetur.</strong></span> <span class='ocrx_word' id='word_1_736' title='bbox 1143 5159 1266 5214; x_wconf 76' lang='lat' dir='ltr'><strong>Haec</strong></span> <span class='ocrx_word' id='word_1_737' title='bbox 1311 5155 1651 5214; x_wconf 40' lang='lat' dir='ltr'><strong>electio-nou</strong></span> <span class='ocrx_word' id='word_1_738' title='bbox 1699 5160 1869 5214; x_wconf 89' lang='lat' dir='ltr'><strong>solum</strong></span> <span class='ocrx_word' id='word_1_739' title='bbox 1903 5158 2124 5213; x_wconf 89' lang='lat' dir='ltr'><strong>fortuita</strong></span> 
     </span>
    </p>
   </div>
   <div class='ocr_carea' id='block_1_98' title="bbox 561 5230 2124 5304">
    <p class='ocr_par' dir='ltr' id='par_1_98' title="bbox 561 5230 2124 5304">
     <span class='ocr_line' id='line_1_99' title="bbox 561 5230 2124 5304; baseline 0.005 -28"><span class='ocrx_word' id='word_1_740' title='bbox 561 5235 618 5304; x_wconf 76' lang='lat' dir='ltr'><strong>et</strong></span> <span class='ocrx_word' id='word_1_741' title='bbox 647 5241 776 5304; x_wconf 81' lang='lat' dir='ltr'><strong>cum</strong></span> <span class='ocrx_word' id='word_1_742' title='bbox 801 5247 1151 5304; x_wconf 68' lang='lat' dir='ltr'><strong>pt&#39;l&#39;SOIial&#39;UIll</strong></span> <span class='ocrx_word' id='word_1_743' title='bbox 1199 5232 1504 5304; x_wconf 70' lang='lat' dir='ltr'><strong>acceptione</strong></span> <span class='ocrx_word' id='word_1_744' title='bbox 1535 5231 1672 5284; x_wconf 88' lang='lat' dir='ltr'><strong>facta</strong></span> <span class='ocrx_word' id='word_1_745' title='bbox 1702 5232 2001 5304; x_wconf 78' lang='lat' dir='ltr'><strong>videretur,</strong></span> <span class='ocrx_word' id='word_1_746' title='bbox 2031 5230 2124 5284; x_wconf 85' lang='lat' dir='ltr'><strong>sed</strong></span> 
     </span>
    </p>
   </div>
   <div class='ocr_carea' id='block_1_99' title="bbox 565 5298 2125 5372">
    <p class='ocr_par' dir='ltr' id='par_1_99' title="bbox 565 5298 2125 5372">
     <span class='ocr_line' id='line_1_100' title="bbox 565 5298 2125 5372; baseline 0.005 -26"><span class='ocrx_word' id='word_1_747' title='bbox 565 5298 678 5372; x_wconf 68' lang='lat' dir='ltr'><strong>ipsa</strong></span> <span class='ocrx_word' id='word_1_748' title='bbox 710 5298 867 5351; x_wconf 88' lang='lat' dir='ltr'><strong>etiam</strong></span> <span class='ocrx_word' id='word_1_749' title='bbox 901 5302 1077 5354; x_wconf 88' lang='lat' dir='ltr'><strong>auiina</strong></span> <span class='ocrx_word' id='word_1_750' title='bbox 1121 5309 1265 5354; x_wconf 87' lang='lat' dir='ltr'><strong>esset</strong></span> <span class='ocrx_word' id='word_1_751' title='bbox 1300 5298 1664 5372; x_wconf 82' lang='lat' dir='ltr'><strong>indignissima</strong></span> <span class='ocrx_word' id='word_1_752' title='bbox 1701 5301 1804 5354; x_wconf 89' lang='lat' dir='ltr'><strong>hac</strong></span> <span class='ocrx_word' id='word_1_753' title='bbox 1839 5301 2125 5355; x_wconf 85' lang='lat' dir='ltr'><strong>electione.</strong></span> 
     </span>
    </p>
   </div>
   <div class='ocr_carea' id='block_1_100' title="bbox 563 5363 2129 5442">
    <p class='ocr_par' dir='ltr' id='par_1_100' title="bbox 563 5363 2129 5442">
     <span class='ocr_line' id='line_1_101' title="bbox 563 5363 2129 5442; baseline 0.004 -25"><span class='ocrx_word' id='word_1_754' title='bbox 563 5363 697 5418; x_wconf 83' lang='lat' dir='ltr'><strong>Nam</strong></span> <span class='ocrx_word' id='word_1_755' title='bbox 741 5382 804 5442; x_wconf 69' lang='lat' dir='ltr'><strong>ex</strong></span> <span class='ocrx_word' id='word_1_756' title='bbox 844 5373 1040 5425; x_wconf 91' lang='lat' dir='ltr'><strong>unione</strong></span> <span class='ocrx_word' id='word_1_757' title='bbox 1085 5363 1438 5442; x_wconf 57' lang='lat' dir='ltr'><strong>hypostatica&#39;</strong></span> <span class='ocrx_word' id='word_1_758' title='bbox 1456 5370 1611 5425; x_wconf 92' lang='lat' dir='ltr'><strong>Verbi</strong></span> <span class='ocrx_word' id='word_1_759' title='bbox 1656 5385 1776 5424; x_wconf 90' lang='lat' dir='ltr'><strong>cuiu</strong></span> <span class='ocrx_word' id='word_1_760' title='bbox 1825 5373 2002 5424; x_wconf 90' lang='lat' dir='ltr'><strong>anima</strong></span> <span class='ocrx_word' id='word_1_761' title='bbox 2035 5379 2129 5424; x_wconf 89' lang='lat' dir='ltr'><strong>aut</strong></span> 
     </span>
    </p>
   </div>
   <div class='ocr_carea' id='block_1_101' title="bbox 563 5439 2126 5510">
    <p class='ocr_par' dir='ltr' id='par_1_101' title="bbox 563 5439 2126 5510">
     <span class='ocr_line' id='line_1_102' title="bbox 563 5439 2126 5510; baseline 0.003 -21"><span class='ocrx_word' id='word_1_762' title='bbox 563 5439 866 5504; x_wconf 83' lang='lat' dir='ltr'><strong>peccatrice</strong></span> <span class='ocrx_word' id='word_1_763' title='bbox 907 5453 999 5495; x_wconf 88' lang='lat' dir='ltr'><strong>aut</strong></span> <span class='ocrx_word' id='word_1_764' title='bbox 1044 5439 1162 5510; x_wconf 73' lang='lat' dir='ltr'><strong>qua:</strong></span> <span class='ocrx_word' id='word_1_765' title='bbox 1192 5457 1416 5510; x_wconf 89' lang='lat' dir='ltr'><strong>peccare</strong></span> <span class='ocrx_word' id='word_1_766' title='bbox 1456 5451 1512 5495; x_wconf 90' lang='lat' dir='ltr'><strong>et</strong></span> <span class='ocrx_word' id='word_1_767' title='bbox 1553 5442 1795 5494; x_wconf 88' lang='lat' dir='ltr'><strong>damnari</strong></span> <span class='ocrx_word' id='word_1_768' title='bbox 1843 5444 2126 5510; x_wconf 83' lang='lat' dir='ltr'><strong>potuisset,</strong></span> 
     </span>
    </p>
   </div>
   <div class='ocr_carea' id='block_1_102' title="bbox 560 5510 2130 5576">
    <p class='ocr_par' dir='ltr' id='par_1_102' title="bbox 560 5510 2130 5576">
     <span class='ocr_line' id='line_1_103' title="bbox 560 5510 2130 5576; baseline 0.003 -17"><span class='ocrx_word' id='word_1_769' title='bbox 560 5520 881 5576; x_wconf 75' lang='lat' dir='ltr'><strong>sequeretur</strong></span> <span class='ocrx_word' id='word_1_770' title='bbox 913 5513 979 5565; x_wconf 90' lang='lat' dir='ltr'><strong>de</strong></span> <span class='ocrx_word' id='word_1_771' title='bbox 1007 5510 1182 5566; x_wconf 89' lang='lat' dir='ltr'><strong>Verbo</strong></span> <span class='ocrx_word' id='word_1_772' title='bbox 1207 5514 1284 5566; x_wconf 87' lang='lat' dir='ltr'><strong>sic</strong></span> <span class='ocrx_word' id='word_1_773' title='bbox 1317 5514 1364 5566; x_wconf 90' lang='lat' dir='ltr'><strong>ei</strong></span> <span class='ocrx_word' id='word_1_774' title='bbox 1405 5513 1576 5574; x_wconf 92' lang='lat' dir='ltr'><strong>uiiito,</strong></span> <span class='ocrx_word' id='word_1_775' title='bbox 1612 5512 1750 5564; x_wconf 91' lang='lat' dir='ltr'><strong>idem</strong></span> <span class='ocrx_word' id='word_1_776' title='bbox 1781 5514 1850 5565; x_wconf 90' lang='lat' dir='ltr'><strong>ob</strong></span> <span class='ocrx_word' id='word_1_777' title='bbox 1885 5528 2130 5566; x_wconf 86' lang='lat' dir='ltr'><strong>cominu-</strong></span> 
     </span>
    </p>
   </div>
   <div class='ocr_carea' id='block_1_103' title="bbox 563 5578 2128 5653">
    <p class='ocr_par' dir='ltr' id='par_1_103' title="bbox 563 5578 2128 5653">
     <span class='ocr_line' id='line_1_104' title="bbox 563 5578 2128 5653; baseline 0.004 -25"><span class='ocrx_word' id='word_1_778' title='bbox 563 5578 776 5653; x_wconf 83' lang='lat' dir='ltr'><strong>nioncni</strong></span> <span class='ocrx_word' id='word_1_779' title='bbox 811 5580 1121 5653; x_wconf 78' lang='lat' dir='ltr'><strong>idiomatuin</strong></span> <span class='ocrx_word' id='word_1_780' title='bbox 1148 5584 1248 5636; x_wconf 89' lang='lat' dir='ltr'><strong>dici</strong></span> <span class='ocrx_word' id='word_1_781' title='bbox 1282 5598 1457 5653; x_wconf 89' lang='lat' dir='ltr'><strong>posse.</strong></span> <span class='ocrx_word' id='word_1_782' title='bbox 1486 5583 1655 5652; x_wconf 85' lang='lat' dir='ltr'><strong>Negat</strong></span> <span class='ocrx_word' id='word_1_783' title='bbox 1682 5583 1844 5648; x_wconf 85' lang='lat' dir='ltr'><strong>igitur</strong></span> <span class='ocrx_word' id='word_1_784' title='bbox 1865 5585 2128 5650; x_wconf 81' lang='lat' dir='ltr'><strong>Origenes</strong></span> 
     </span>
    </p>
   </div>
   <div class='ocr_carea' id='block_1_104' title="bbox 561 5650 2128 5721">
    <p class='ocr_par' dir='ltr' id='par_1_104' title="bbox 561 5650 2128 5721">
     <span class='ocr_line' id='line_1_105' title="bbox 561 5650 2128 5721; baseline 0.004 -23"><span class='ocrx_word' id='word_1_785' title='bbox 561 5650 795 5721; x_wconf 84' lang='lat' dir='ltr'><strong>animam</strong></span> <span class='ocrx_word' id='word_1_786' title='bbox 831 5651 1032 5705; x_wconf 82' lang='lat' dir='ltr'><strong>Christi</strong></span> <span class='ocrx_word' id='word_1_787' title='bbox 1082 5650 1304 5706; x_wconf 78' lang='lat' dir='ltr'><strong>fortuito</strong></span> <span class='ocrx_word' id='word_1_788' title='bbox 1349 5663 1442 5706; x_wconf 88' lang='lat' dir='ltr'><strong>aut</strong></span> <span class='ocrx_word' id='word_1_789' title='bbox 1479 5650 1599 5707; x_wconf 83' lang='lat' dir='ltr'><strong>cum</strong></span> <span class='ocrx_word' id='word_1_790' title='bbox 1650 5668 2002 5721; x_wconf 82' lang='lat' dir='ltr'><strong>personarum</strong></span> <span class='ocrx_word' id='word_1_791' title='bbox 2039 5667 2128 5704; x_wconf 87' lang='lat' dir='ltr'><strong>ac-</strong></span> 
     </span>
    </p>
   </div>
   <div class='ocr_carea' id='block_1_105' title="bbox 559 5719 2132 5795">
    <p class='ocr_par' dir='ltr' id='par_1_105' title="bbox 559 5719 2132 5795">
     <span class='ocr_line' id='line_1_106' title="bbox 559 5719 2132 5795; baseline 0.006 -28"><span class='ocrx_word' id='word_1_792' title='bbox 559 5719 825 5795; x_wconf 79' lang='lat' dir='ltr'><strong>ceptione,</strong></span> <span class='ocrx_word' id='word_1_793' title='bbox 857 5721 908 5774; x_wconf 89' lang='lat' dir='ltr'><strong>id</strong></span> <span class='ocrx_word' id='word_1_794' title='bbox 943 5731 1044 5784; x_wconf 83' lang='lat' dir='ltr'><strong>est,</strong></span> <span class='ocrx_word' id='word_1_795' title='bbox 1074 5737 1404 5795; x_wconf 57' lang='lat' dir='ltr'><strong>exnumero</strong></span> <span class='ocrx_word' id='word_1_796' title='bbox 1430 5719 1684 5779; x_wconf 74' lang='lat' dir='ltr'><strong>similium</strong></span> <span class='ocrx_word' id='word_1_797' title='bbox 1732 5725 2132 5795; x_wconf 11' lang='lat' dir='ltr'><strong>aniiuaruinget</strong></span> 
     </span>
    </p>
   </div>
   <div class='ocr_carea' id='block_1_106' title="bbox 559 5788 2125 5862">
    <p class='ocr_par' dir='ltr' id='par_1_106' title="bbox 559 5788 2125 5862">
     <span class='ocr_line' id='line_1_107' title="bbox 559 5788 2125 5862; baseline 0.006 -23"><span class='ocrx_word' id='word_1_798' title='bbox 559 5788 614 5840; x_wconf 80' lang='lat' dir='ltr'><strong>in</strong></span> <span class='ocrx_word' id='word_1_799' title='bbox 645 5788 834 5843; x_wconf 88' lang='lat' dir='ltr'><strong>eodem</strong></span> <span class='ocrx_word' id='word_1_800' title='bbox 878 5798 1023 5845; x_wconf 85' lang='lat' dir='ltr'><strong>statu</strong></span> <span class='ocrx_word' id='word_1_801' title='bbox 1053 5792 1427 5850; x_wconf 87' lang='lat' dir='ltr'><strong>cxsistentiuni</strong></span> <span class='ocrx_word' id='word_1_802' title='bbox 1461 5795 1709 5862; x_wconf 85' lang='lat' dir='ltr'><strong>electam,</strong></span> <span class='ocrx_word' id='word_1_803' title='bbox 1745 5795 1982 5862; x_wconf 83' lang='lat' dir='ltr'><strong>gratuito</strong></span> <span class='ocrx_word' id='word_1_804' title='bbox 2013 5793 2125 5849; x_wconf 86' lang='lat' dir='ltr'><strong>ele-</strong></span> 
     </span>
    </p>
   </div>
   <div class='ocr_carea' id='block_1_107' title="bbox 2223 3205 2520 3251">
    <p class='ocr_par' dir='ltr' id='par_1_107' title="bbox 2223 3205 2520 3251">
     <span class='ocr_line' id='line_1_108' title="bbox 2223 3205 2520 3251; baseline 0 0"><span class='ocrx_word' id='word_1_805' title='bbox 2223 3210 2348 3251; x_wconf 85' lang='lat' dir='ltr'><strong>seua</strong></span> <span class='ocrx_word' id='word_1_806' title='bbox 2356 3211 2412 3250; x_wconf 92' lang='lat' dir='ltr'><strong>ra</strong></span> <span class='ocrx_word' id='word_1_807' title='bbox 2423 3205 2520 3251; x_wconf 90' lang='lat' dir='ltr'><strong>ret.</strong></span> 
     </span>
    </p>
   </div>
   <div class='ocr_carea' id='block_1_108' title="bbox 2286 3215 3802 3337">
    <p class='ocr_par' dir='ltr' id='par_1_108' title="bbox 2286 3215 3802 3337">
     <span class='ocr_line' id='line_1_109' title="bbox 2286 3215 3802 3337; baseline 0.001 -17"><span class='ocrx_word' id='word_1_808' title='bbox 2286 3215 2779 3337; x_wconf 35' lang='lat' dir='ltr'><strong>Iiiiil-asceil‘oquidqnid</strong></span> <span class='ocrx_word' id='word_1_809' title='bbox 2813 3267 2865 3320; x_wconf 90' lang='lat' dir='ltr'><strong>in</strong></span> <span class='ocrx_word' id='word_1_810' title='bbox 2900 3266 3002 3321; x_wconf 90' lang='lat' dir='ltr'><strong>hac</strong></span> <span class='ocrx_word' id='word_1_811' title='bbox 3033 3264 3265 3321; x_wconf 79' lang='lat' dir='ltr'><strong>diﬂicilis</strong></span> <span class='ocrx_word' id='word_1_812' title='bbox 3291 3267 3395 3321; x_wconf 91' lang='lat' dir='ltr'><strong>loci</strong></span> <span class='ocrx_word' id='word_1_813' title='bbox 3427 3267 3802 3336; x_wconf 79' lang='lat' dir='ltr'><strong>explicatione</strong></span> 
     </span>
    </p>
   </div>
   <div class='ocr_carea' id='block_1_109' title="bbox 2221 3337 3801 3408">
    <p class='ocr_par' dir='ltr' id='par_1_109' title="bbox 2221 3337 3801 3408">
     <span class='ocr_line' id='line_1_110' title="bbox 2221 3337 3801 3408; baseline 0.003 -20"><span class='ocrx_word' id='word_1_814' title='bbox 2221 3337 2518 3408; x_wconf 82' lang='lat' dir='ltr'><strong>elaboravi,</strong></span> <span class='ocrx_word' id='word_1_815' title='bbox 2552 3341 2605 3393; x_wconf 91' lang='lat' dir='ltr'><strong>id</strong></span> <span class='ocrx_word' id='word_1_816' title='bbox 2634 3340 2699 3391; x_wconf 90' lang='lat' dir='ltr'><strong>ad</strong></span> <span class='ocrx_word' id='word_1_817' title='bbox 2739 3337 3007 3408; x_wconf 70' lang='lat' dir='ltr'><strong>llutlnuin</strong></span> <span class='ocrx_word' id='word_1_818' title='bbox 3033 3338 3388 3408; x_wconf 86' lang='lat' dir='ltr'><strong>interpretem</strong></span> <span class='ocrx_word' id='word_1_819' title='bbox 3421 3343 3604 3407; x_wconf 80' lang='lat' dir='ltr'><strong>ponus</strong></span> <span class='ocrx_word' id='word_1_820' title='bbox 3635 3355 3801 3408; x_wconf 90' lang='lat' dir='ltr'><strong>quani</strong></span> 
     </span>
    </p>
   </div>
   <div class='ocr_carea' id='block_1_110' title="bbox 2222 3406 3803 3479">
    <p class='ocr_par' dir='ltr' id='par_1_110' title="bbox 2222 3406 3803 3479">
     <span class='ocr_line' id='line_1_111' title="bbox 2222 3406 3803 3479; baseline -0.002 -17"><span class='ocrx_word' id='word_1_821' title='bbox 2222 3407 2509 3473; x_wconf 77' lang='lat' dir='ltr'><strong>Origenem</strong></span> <span class='ocrx_word' id='word_1_822' title='bbox 2550 3411 2884 3479; x_wconf 81' lang='lat' dir='ltr'><strong>purgandum</strong></span> <span class='ocrx_word' id='word_1_823' title='bbox 2927 3406 3143 3479; x_wconf 81' lang='lat' dir='ltr'><strong>valebit.</strong></span> <span class='ocrx_word' id='word_1_824' title='bbox 3187 3406 3439 3477; x_wconf 88' lang='lat' dir='ltr'><strong>Origenis</strong></span> <span class='ocrx_word' id='word_1_825' title='bbox 3473 3410 3620 3463; x_wconf 90' lang='lat' dir='ltr'><strong>enim</strong></span> <span class='ocrx_word' id='word_1_826' title='bbox 3656 3406 3803 3479; x_wconf 79' lang='lat' dir='ltr'><strong>con-</strong></span> 
     </span>
    </p>
   </div>
   <div class='ocr_carea' id='block_1_111' title="bbox 2223 3477 3805 3544">
    <p class='ocr_par' dir='ltr' id='par_1_111' title="bbox 2223 3477 3805 3544">
     <span class='ocr_line' id='line_1_112' title="bbox 2223 3477 3805 3544; baseline 0 -12"><span class='ocrx_word' id='word_1_827' title='bbox 2223 3487 2427 3532; x_wconf 86' lang='lat' dir='ltr'><strong>textuin</strong></span> <span class='ocrx_word' id='word_1_828' title='bbox 2461 3477 2612 3544; x_wconf 77' lang='lat' dir='ltr'><strong>inire</strong></span> <span class='ocrx_word' id='word_1_829' title='bbox 2656 3477 2980 3532; x_wconf 80' lang='lat' dir='ltr'><strong>deformavit</strong></span> <span class='ocrx_word' id='word_1_830' title='bbox 3032 3477 3278 3540; x_wconf 81' lang='lat' dir='ltr'><strong>Rulinus,</strong></span> <span class='ocrx_word' id='word_1_831' title='bbox 3325 3479 3451 3532; x_wconf 91' lang='lat' dir='ltr'><strong>dum</strong></span> <span class='ocrx_word' id='word_1_832' title='bbox 3501 3478 3805 3533; x_wconf 88' lang='lat' dir='ltr'><strong>emendare</strong></span> 
     </span>
    </p>
   </div>
   <div class='ocr_carea' id='block_1_112' title="bbox 2231 3546 3804 3618">
    <p class='ocr_par' dir='ltr' id='par_1_112' title="bbox 2231 3546 3804 3618">
     <span class='ocr_line' id='line_1_113' title="bbox 2231 3546 3804 3618; baseline 0 -17"><span class='ocrx_word' id='word_1_833' title='bbox 2231 3562 2520 3618; x_wconf 85' lang='lat' dir='ltr'><strong>aggressus</strong></span> <span class='ocrx_word' id='word_1_834' title='bbox 2559 3557 2661 3602; x_wconf 91' lang='lat' dir='ltr'><strong>est.</strong></span> <span class='ocrx_word' id='word_1_835' title='bbox 2688 3547 2838 3614; x_wconf 86' lang='lat' dir='ltr'><strong>Quod</strong></span> <span class='ocrx_word' id='word_1_836' title='bbox 2867 3547 2911 3618; x_wconf 91' lang='lat' dir='ltr'><strong>si</strong></span> <span class='ocrx_word' id='word_1_837' title='bbox 2949 3546 3122 3612; x_wconf 88' lang='lat' dir='ltr'><strong>illum,</strong></span> <span class='ocrx_word' id='word_1_838' title='bbox 3156 3558 3313 3616; x_wconf 90' lang='lat' dir='ltr'><strong>prout</strong></span> <span class='ocrx_word' id='word_1_839' title='bbox 3337 3565 3365 3600; x_wconf 91' lang='lat' dir='ltr'><strong>a</strong></span> <span class='ocrx_word' id='word_1_840' title='bbox 3395 3546 3709 3603; x_wconf 83' lang='lat' dir='ltr'><strong>Justiniano</strong></span> <span class='ocrx_word' id='word_1_841' title='bbox 3738 3549 3804 3601; x_wconf 91' lang='lat' dir='ltr'><strong>ad</strong></span> 
     </span>
    </p>
   </div>
   <div class='ocr_carea' id='block_1_113' title="bbox 2222 3617 3805 3689">
    <p class='ocr_par' dir='ltr' id='par_1_113' title="bbox 2222 3617 3805 3689">
     <span class='ocr_line' id='line_1_114' title="bbox 2222 3617 3805 3689; baseline -0.001 -17"><span class='ocrx_word' id='word_1_842' title='bbox 2222 3617 2422 3672; x_wconf 69' lang='lat' dir='ltr'><strong>eali-ein</strong></span> <span class='ocrx_word' id='word_1_843' title='bbox 2466 3619 2711 3685; x_wconf 68' lang='lat' dir='ltr'><strong>epistolte</strong></span> <span class='ocrx_word' id='word_1_844' title='bbox 2753 3618 2819 3671; x_wconf 92' lang='lat' dir='ltr'><strong>ad</strong></span> <span class='ocrx_word' id='word_1_845' title='bbox 2865 3617 3072 3672; x_wconf 80' lang='lat' dir='ltr'><strong>Menam</strong></span> <span class='ocrx_word' id='word_1_846' title='bbox 3108 3628 3354 3673; x_wconf 89' lang='lat' dir='ltr'><strong>servatus</strong></span> <span class='ocrx_word' id='word_1_847' title='bbox 3385 3628 3502 3682; x_wconf 89' lang='lat' dir='ltr'><strong>est,</strong></span> <span class='ocrx_word' id='word_1_848' title='bbox 3548 3619 3805 3689; x_wconf 85' lang='lat' dir='ltr'><strong>inspicia-</strong></span> 
     </span>
    </p>
   </div>
   <div class='ocr_carea' id='block_1_114' title="bbox 2225 3690 3806 3756">
    <p class='ocr_par' dir='ltr' id='par_1_114' title="bbox 2225 3690 3806 3756">
     <span class='ocr_line' id='line_1_115' title="bbox 2225 3690 3806 3756; baseline 0.001 -15"><span class='ocrx_word' id='word_1_849' title='bbox 2225 3704 2377 3752; x_wconf 82' lang='lat' dir='ltr'><strong>mus,</strong></span> <span class='ocrx_word' id='word_1_850' title='bbox 2425 3691 2918 3743; x_wconf 85' lang='lat' dir='ltr'><strong>animadvertemus</strong></span> <span class='ocrx_word' id='word_1_851' title='bbox 2985 3690 3269 3756; x_wconf 87' lang='lat' dir='ltr'><strong>Origenem</strong></span> <span class='ocrx_word' id='word_1_852' title='bbox 3321 3703 3426 3743; x_wconf 92' lang='lat' dir='ltr'><strong>non</strong></span> <span class='ocrx_word' id='word_1_853' title='bbox 3482 3691 3550 3742; x_wconf 91' lang='lat' dir='ltr'><strong>de</strong></span> <span class='ocrx_word' id='word_1_854' title='bbox 3611 3691 3806 3742; x_wconf 66' lang='lat' dir='ltr'><strong>animae</strong></span> 
     </span>
    </p>
   </div>
   <div class='ocr_carea' id='block_1_115' title="bbox 2226 3758 3802 3830">
    <p class='ocr_par' dir='ltr' id='par_1_115' title="bbox 2226 3758 3802 3830">
     <span class='ocr_line' id='line_1_116' title="bbox 2226 3758 3802 3830; baseline 0.002 -21"><span class='ocrx_word' id='word_1_855' title='bbox 2226 3769 2455 3830; x_wconf 86' lang='lat' dir='ltr'><strong>tantum,</strong></span> <span class='ocrx_word' id='word_1_856' title='bbox 2486 3761 2578 3830; x_wconf 86' lang='lat' dir='ltr'><strong>sed</strong></span> <span class='ocrx_word' id='word_1_857' title='bbox 2611 3762 2676 3812; x_wconf 92' lang='lat' dir='ltr'><strong>de</strong></span> <span class='ocrx_word' id='word_1_858' title='bbox 2704 3758 2952 3830; x_wconf 80' lang='lat' dir='ltr'><strong>corporis</strong></span> <span class='ocrx_word' id='word_1_859' title='bbox 2974 3769 3028 3813; x_wconf 91' lang='lat' dir='ltr'><strong>et</strong></span> <span class='ocrx_word' id='word_1_860' title='bbox 3060 3761 3254 3812; x_wconf 67' lang='lat' dir='ltr'><strong>animae</strong></span> <span class='ocrx_word' id='word_1_861' title='bbox 3301 3759 3643 3830; x_wconf 79' lang='lat' dir='ltr'><strong>liypostatica</strong></span> <span class='ocrx_word' id='word_1_862' title='bbox 3679 3774 3802 3814; x_wconf 89' lang='lat' dir='ltr'><strong>cum</strong></span> 
     </span>
    </p>
   </div>
   <div class='ocr_carea' id='block_1_116' title="bbox 2232 3828 3802 3898">
    <p class='ocr_par' dir='ltr' id='par_1_116' title="bbox 2232 3828 3802 3898">
     <span class='ocr_line' id='line_1_117' title="bbox 2232 3828 3802 3898; baseline 0 -16"><span class='ocrx_word' id='word_1_863' title='bbox 2232 3829 2408 3883; x_wconf 85' lang='lat' dir='ltr'><strong>Verbo</strong></span> <span class='ocrx_word' id='word_1_864' title='bbox 2439 3828 2824 3898; x_wconf 85' lang='lat' dir='ltr'><strong>conjunctione</strong></span> <span class='ocrx_word' id='word_1_865' title='bbox 2859 3829 3024 3897; x_wconf 91' lang='lat' dir='ltr'><strong>loqui,</strong></span> <span class='ocrx_word' id='word_1_866' title='bbox 3050 3843 3117 3882; x_wconf 88' lang='lat' dir='ltr'><strong>ex</strong></span> <span class='ocrx_word' id='word_1_867' title='bbox 3144 3843 3250 3897; x_wconf 85' lang='lat' dir='ltr'><strong>qua</strong></span> <span class='ocrx_word' id='word_1_868' title='bbox 3287 3828 3430 3882; x_wconf 36' lang='lat' dir='ltr'><strong>lit—ut</strong></span> <span class='ocrx_word' id='word_1_869' title='bbox 3456 3829 3666 3884; x_wconf 89' lang='lat' dir='ltr'><strong>Christi</strong></span> <span class='ocrx_word' id='word_1_870' title='bbox 3707 3830 3802 3882; x_wconf 78' lang='lat' dir='ltr'><strong>liu-</strong></span> 
     </span>
    </p>
   </div>
   <div class='ocr_carea' id='block_1_117' title="bbox 2225 3898 3805 3969">
    <p class='ocr_par' dir='ltr' id='par_1_117' title="bbox 2225 3898 3805 3969">
     <span class='ocr_line' id='line_1_118' title="bbox 2225 3898 3805 3969; baseline -0.001 -17"><span class='ocrx_word' id='word_1_871' title='bbox 2225 3899 2460 3952; x_wconf 89' lang='lat' dir='ltr'><strong>manitas</strong></span> <span class='ocrx_word' id='word_1_872' title='bbox 2493 3899 2649 3952; x_wconf 86' lang='lat' dir='ltr'><strong>simul</strong></span> <span class='ocrx_word' id='word_1_873' title='bbox 2699 3913 2824 3952; x_wconf 92' lang='lat' dir='ltr'><strong>cuin</strong></span> <span class='ocrx_word' id='word_1_874' title='bbox 2873 3898 3049 3953; x_wconf 86' lang='lat' dir='ltr'><strong>Verbo</strong></span> <span class='ocrx_word' id='word_1_875' title='bbox 3091 3908 3145 3952; x_wconf 92' lang='lat' dir='ltr'><strong>et</strong></span> <span class='ocrx_word' id='word_1_876' title='bbox 3187 3899 3387 3953; x_wconf 87' lang='lat' dir='ltr'><strong>Christi</strong></span> <span class='ocrx_word' id='word_1_877' title='bbox 3423 3911 3478 3953; x_wconf 92' lang='lat' dir='ltr'><strong>et</strong></span> <span class='ocrx_word' id='word_1_878' title='bbox 3527 3898 3805 3969; x_wconf 88' lang='lat' dir='ltr'><strong>Unigeniti</strong></span> 
     </span>
    </p>
   </div>
   <div class='ocr_carea' id='block_1_118' title="bbox 2226 3969 3806 4038">
    <p class='ocr_par' dir='ltr' id='par_1_118' title="bbox 2226 3969 3806 4038">
     <span class='ocr_line' id='line_1_119' title="bbox 2226 3969 3806 4038; baseline -0.001 -16"><span class='ocrx_word' id='word_1_879' title='bbox 2226 3969 2638 4038; x_wconf 84' lang='lat' dir='ltr'><strong>appellationem</strong></span> <span class='ocrx_word' id='word_1_880' title='bbox 2679 3978 2735 4025; x_wconf 92' lang='lat' dir='ltr'><strong>et</strong></span> <span class='ocrx_word' id='word_1_881' title='bbox 2788 3969 2968 4038; x_wconf 66' lang='lat' dir='ltr'><strong>gloria;</strong></span> <span class='ocrx_word' id='word_1_882' title='bbox 3011 3971 3324 4023; x_wconf 82' lang='lat' dir='ltr'><strong>societatem</strong></span> <span class='ocrx_word' id='word_1_883' title='bbox 3375 3971 3666 4025; x_wconf 89' lang='lat' dir='ltr'><strong>sortiatur.</strong></span> <span class='ocrx_word' id='word_1_884' title='bbox 3715 3970 3806 4022; x_wconf 85' lang='lat' dir='ltr'><strong>Sic</strong></span> 
     </span>
    </p>
   </div>
   <div class='ocr_carea' id='block_1_119' title="bbox 2227 4037 3806 4108">
    <p class='ocr_par' dir='ltr' id='par_1_119' title="bbox 2227 4037 3806 4108">
     <span class='ocr_line' id='line_1_120' title="bbox 2227 4037 3806 4108; baseline -0.002 -14"><span class='ocrx_word' id='word_1_885' title='bbox 2227 4037 2393 4108; x_wconf 82' lang='lat' dir='ltr'><strong>igitur</strong></span> <span class='ocrx_word' id='word_1_886' title='bbox 2439 4042 2702 4106; x_wconf 81' lang='lat' dir='ltr'><strong>Origenes</strong></span> <span class='ocrx_word' id='word_1_887' title='bbox 2747 4037 2885 4105; x_wconf 81' lang='lat' dir='ltr'><strong>apud</strong></span> <span class='ocrx_word' id='word_1_888' title='bbox 2940 4037 3344 4095; x_wconf 66' lang='lat' dir='ltr'><strong>Justinianuni:</strong></span> <span class='ocrx_word' id='word_1_889' title='bbox 3377 4039 3474 4094; x_wconf 86' lang='grc' dir='ltr'><strong>Διὰ</strong></span> <span class='ocrx_word' id='word_1_890' title='bbox 3517 4039 3676 4093; x_wconf 77' lang='grc' dir='ltr'><strong>τοῦτο</strong></span> <span class='ocrx_word' id='word_1_891' title='bbox 3709 4039 3806 4093; x_wconf 79' lang='grc' dir='ltr'><strong>καὶ</strong></span> 
     </span>
    </p>
   </div>
   <div class='ocr_carea' id='block_1_120' title="bbox 2225 4108 3807 4182">
    <p class='ocr_par' dir='ltr' id='par_1_120' title="bbox 2225 4108 3807 4182">
     <span class='ocr_line' id='line_1_121' title="bbox 2225 4108 3807 4182; baseline -0.001 -18"><span class='ocrx_word' id='word_1_892' title='bbox 2225 4109 2508 4182; x_wconf 64' lang='grc' dir='ltr'><strong>ἄνθρωπᾳς</strong></span> <span class='ocrx_word' id='word_1_893' title='bbox 2544 4109 2734 4177; x_wconf 75' lang='grc' dir='ltr'><strong>γέγονε</strong></span> <span class='ocrx_word' id='word_1_894' title='bbox 2768 4109 2997 4182; x_wconf 55' lang='grc' dir='ltr'><strong>Χριστὸς</strong></span> <span class='ocrx_word' id='word_1_895' title='bbox 3025 4109 3082 4173; x_wconf 79' lang='grc' dir='ltr'>ἐξ</span> <span class='ocrx_word' id='word_1_896' title='bbox 3125 4108 3610 4182; x_wconf 71' lang='grc' dir='ltr'><strong>ἀνδρᾳγαθήματος</strong></span> <span class='ocrx_word' id='word_1_897' title='bbox 3650 4109 3807 4164; x_wconf 81' lang='grc' dir='ltr'><strong>τοῦτο</strong></span> 
     </span>
    </p>
   </div>
   <div class='ocr_carea' id='block_1_121' title="bbox 2225 4179 3806 4251">
    <p class='ocr_par' dir='ltr' id='par_1_121' title="bbox 2225 4179 3806 4251">
     <span class='ocr_line' id='line_1_122' title="bbox 2225 4179 3806 4251; baseline 0.001 -20"><span class='ocrx_word' id='word_1_898' title='bbox 2225 4179 2425 4251; x_wconf 66' lang='grc' dir='ltr'>τυχὼν,</span> <span class='ocrx_word' id='word_1_899' title='bbox 2451 4180 2526 4241; x_wconf 80' lang='grc' dir='ltr'><strong>ὡς</strong></span> <span class='ocrx_word' id='word_1_900' title='bbox 2558 4182 2821 4251; x_wconf 81' lang='grc' dir='ltr'><strong>μαρτυρεῖ</strong></span> <span class='ocrx_word' id='word_1_901' title='bbox 2844 4182 2871 4232; x_wconf 88' lang='grc' dir='ltr'>ὁ</span> <span class='ocrx_word' id='word_1_902' title='bbox 2899 4181 3190 4251; x_wconf 62' lang='grc' dir='ltr'><strong>Προφήτης</strong></span> <span class='ocrx_word' id='word_1_903' title='bbox 3224 4179 3431 4248; x_wconf 57' lang='grc' dir='ltr'><strong>λέγων,ἐ</strong></span> <span class='ocrx_word' id='word_1_904' title='bbox 3444 4179 3806 4251; x_wconf 68' lang='grc' dir='ltr'><strong>ἽΙγάπησας</strong></span> 
     </span>
    </p>
   </div>
   <div class='ocr_carea' id='block_1_122' title="bbox 2225 4250 3806 4337">
    <p class='ocr_par' dir='ltr' id='par_1_122' title="bbox 2225 4250 3806 4337">
     <span class='ocr_line' id='line_1_123' title="bbox 2225 4250 3806 4337; baseline 0 -33"><span class='ocrx_word' id='word_1_905' title='bbox 2225 4250 2781 4337; x_wconf 38' lang='grc' dir='ltr'><strong>δικαιοσύνηςκιξιο.</strong></span> <span class='ocrx_word' id='word_1_906' title='bbox 2824 4250 3070 4333; x_wconf 68' lang='grc' dir='ltr'><strong>Ἔπρεπε</strong></span> <span class='ocrx_word' id='word_1_907' title='bbox 3100 4250 3158 4302; x_wconf 81' lang='grc' dir='ltr'><strong>δὲ</strong></span> <span class='ocrx_word' id='word_1_908' title='bbox 3197 4251 3287 4304; x_wconf 85' lang='grc' dir='ltr'><strong>τὸν</strong></span> <span class='ocrx_word' id='word_1_909' title='bbox 3318 4250 3589 4337; x_wconf 63' lang='grc' dir='ltr'><strong>μηδέποτε</strong></span> <span class='ocrx_word' id='word_1_910' title='bbox 3633 4269 3806 4337; x_wconf 38' lang='lat' dir='ltr'><strong>ﬂexo)-</strong></span> 
     </span>
    </p>
   </div>
   <div class='ocr_carea' id='block_1_123' title="bbox 2229 4321 3805 4393">
    <p class='ocr_par' dir='ltr' id='par_1_123' title="bbox 2229 4321 3805 4393">
     <span class='ocr_line' id='line_1_124' title="bbox 2229 4321 3805 4393; baseline 0 -19"><span class='ocrx_word' id='word_1_911' title='bbox 2229 4321 2480 4393; x_wconf 82' lang='grc' dir='ltr'><strong>ρισμένον</strong></span> <span class='ocrx_word' id='word_1_912' title='bbox 2519 4321 2612 4373; x_wconf 81' lang='grc' dir='ltr'><strong>τοῦ</strong></span> <span class='ocrx_word' id='word_1_913' title='bbox 2655 4321 2991 4393; x_wconf 58' lang='grc' dir='ltr'><strong>Μφνογετνοῦς</strong></span> <span class='ocrx_word' id='word_1_914' title='bbox 3043 4321 3480 4392; x_wconf 71' lang='grc' dir='ltr'><strong>συγχρημάτὶσαι</strong></span> <span class='ocrx_word' id='word_1_915' title='bbox 3520 4321 3600 4393; x_wconf 81' lang='grc' dir='ltr'><strong>τῷ</strong></span> <span class='ocrx_word' id='word_1_916' title='bbox 3637 4321 3805 4376; x_wconf 64' lang='lat' dir='ltr'><strong>novo-</strong></span> 
     </span>
    </p>
   </div>
   <div class='ocr_carea' id='block_1_124' title="bbox 2227 4391 3806 4462">
    <p class='ocr_par' dir='ltr' id='par_1_124' title="bbox 2227 4391 3806 4462">
     <span class='ocr_line' id='line_1_125' title="bbox 2227 4391 3806 4462; baseline 0.002 -18"><span class='ocrx_word' id='word_1_917' title='bbox 2227 4391 2374 4460; x_wconf 64' lang='grc' dir='ltr'>γενεῖ</span> <span class='ocrx_word' id='word_1_918' title='bbox 2415 4394 2506 4444; x_wconf 77' lang='grc' dir='ltr'><strong>καὶ</strong></span> <span class='ocrx_word' id='word_1_919' title='bbox 2551 4391 2973 4462; x_wconf 82' lang='grc' dir='ltr'><strong>συνδοξασθῆναι</strong></span> <span class='ocrx_word' id='word_1_920' title='bbox 3027 4391 3198 4461; x_wconf 57' lang='lat' dir='ltr'><strong>aucti).</strong></span> <span class='ocrx_word' id='word_1_921' title='bbox 3253 4391 3511 4448; x_wconf 78' lang='lat' dir='ltr'><strong>ildcirco</strong></span> <span class='ocrx_word' id='word_1_922' title='bbox 3545 4391 3600 4447; x_wconf 82' lang='lat' dir='ltr'><strong>et</strong></span> <span class='ocrx_word' id='word_1_923' title='bbox 3651 4396 3806 4447; x_wconf 88' lang='lat' dir='ltr'><strong>homo</strong></span> 
     </span>
    </p>
   </div>
   <div class='ocr_carea' id='block_1_125' title="bbox 2231 4463 3805 4526">
    <p class='ocr_par' dir='ltr' id='par_1_125' title="bbox 2231 4463 3805 4526">
     <span class='ocr_line' id='line_1_126' title="bbox 2231 4463 3805 4526; baseline 0 -10"><span class='ocrx_word' id='word_1_924' title='bbox 2231 4466 2408 4516; x_wconf 86' lang='lat' dir='ltr'><strong>factus</strong></span> <span class='ocrx_word' id='word_1_925' title='bbox 2451 4475 2534 4516; x_wconf 87' lang='lat' dir='ltr'><strong>est</strong></span> <span class='ocrx_word' id='word_1_926' title='bbox 2572 4463 2844 4526; x_wconf 72' lang='lat' dir='ltr'><strong>Christus,</strong></span> <span class='ocrx_word' id='word_1_927' title='bbox 2895 4467 3200 4518; x_wconf 84' lang='lat' dir='ltr'><strong>sanctitatis</strong></span> <span class='ocrx_word' id='word_1_928' title='bbox 3238 4466 3432 4518; x_wconf 91' lang='lat' dir='ltr'><strong>merito</strong></span> <span class='ocrx_word' id='word_1_929' title='bbox 3479 4465 3580 4518; x_wconf 91' lang='lat' dir='ltr'><strong>hoc</strong></span> <span class='ocrx_word' id='word_1_930' title='bbox 3619 4479 3805 4517; x_wconf 86' lang='lat' dir='ltr'><strong>conse-</strong></span> 
     </span>
    </p>
   </div>
   <div class='ocr_carea' id='block_1_126' title="bbox 2230 4533 3800 4602">
    <p class='ocr_par' dir='ltr' id='par_1_126' title="bbox 2230 4533 3800 4602">
     <span class='ocr_line' id='line_1_127' title="bbox 2230 4533 3800 4602; baseline -0.001 -15"><span class='ocrx_word' id='word_1_931' title='bbox 2230 4545 2418 4595; x_wconf 88' lang='lat' dir='ltr'><strong>cutus,</strong></span> <span class='ocrx_word' id='word_1_932' title='bbox 2465 4535 2919 4601; x_wconf 84' lang='lat' dir='ltr'><strong>quemadmodum</strong></span> <span class='ocrx_word' id='word_1_933' title='bbox 2967 4533 3238 4602; x_wconf 84' lang='lat' dir='ltr'><strong>Propheta</strong></span> <span class='ocrx_word' id='word_1_934' title='bbox 3288 4544 3518 4588; x_wconf 88' lang='lat' dir='ltr'><strong>testatur</strong></span> <span class='ocrx_word' id='word_1_935' title='bbox 3567 4535 3800 4588; x_wconf 87' lang='lat' dir='ltr'><strong>dicens:</strong></span> 
     </span>
    </p>
   </div>
   <div class='ocr_carea' id='block_1_127' title="bbox 2230 4602 3809 4672">
    <p class='ocr_par' dir='ltr' id='par_1_127' title="bbox 2230 4602 3809 4672">
     <span class='ocr_line' id='line_1_128' title="bbox 2230 4602 3809 4672; baseline 0.001 -16"><span class='ocrx_word' id='word_1_936' title='bbox 2230 4602 2476 4656; x_wconf 75' lang='lat' dir='ltr'><strong>Dilexisti</strong></span> <span class='ocrx_word' id='word_1_937' title='bbox 2506 4603 2795 4671; x_wconf 71' lang='lat' dir='ltr'><strong>justitiam,</strong></span> <span class='ocrx_word' id='word_1_938' title='bbox 2828 4614 2936 4659; x_wconf 86' lang='lat' dir='ltr'><strong>etc.</strong></span> <span class='ocrx_word' id='word_1_939' title='bbox 2984 4604 3215 4657; x_wconf 87' lang='lat' dir='ltr'><strong>Decebat</strong></span> <span class='ocrx_word' id='word_1_940' title='bbox 3259 4605 3405 4657; x_wconf 91' lang='lat' dir='ltr'><strong>enim</strong></span> <span class='ocrx_word' id='word_1_941' title='bbox 3439 4615 3496 4657; x_wconf 95' lang='lat' dir='ltr'><strong>ut</strong></span> <span class='ocrx_word' id='word_1_942' title='bbox 3539 4607 3634 4672; x_wconf 89' lang='lat' dir='ltr'><strong>qiti</strong></span> <span class='ocrx_word' id='word_1_943' title='bbox 3674 4622 3809 4658; x_wconf 84' lang='lat' dir='ltr'><strong>nim-</strong></span> 
     </span>
    </p>
   </div>
   <div class='ocr_carea' id='block_1_128' title="bbox 2230 4672 3808 4744">
    <p class='ocr_par' dir='ltr' id='par_1_128' title="bbox 2230 4672 3808 4744">
     <span class='ocr_line' id='line_1_129' title="bbox 2230 4672 3808 4744; baseline 0.002 -20"><span class='ocrx_word' id='word_1_944' title='bbox 2230 4689 2392 4741; x_wconf 87' lang='lat' dir='ltr'><strong>quam</strong></span> <span class='ocrx_word' id='word_1_945' title='bbox 2424 4675 2492 4727; x_wconf 86' lang='lat' dir='ltr'><strong>ab</strong></span> <span class='ocrx_word' id='word_1_946' title='bbox 2526 4672 2812 4743; x_wconf 90' lang='lat' dir='ltr'><strong>Unigenito</strong></span> <span class='ocrx_word' id='word_1_947' title='bbox 2843 4674 3082 4743; x_wconf 89' lang='lat' dir='ltr'><strong>separari</strong></span> <span class='ocrx_word' id='word_1_948' title='bbox 3116 4684 3314 4742; x_wconf 90' lang='lat' dir='ltr'><strong>potest,</strong></span> <span class='ocrx_word' id='word_1_949' title='bbox 3344 4690 3467 4728; x_wconf 91' lang='lat' dir='ltr'><strong>cum</strong></span> <span class='ocrx_word' id='word_1_950' title='bbox 3520 4674 3808 4744; x_wconf 88' lang='lat' dir='ltr'><strong>Unigenito</strong></span> 
     </span>
    </p>
   </div>
   <div class='ocr_carea' id='block_1_129' title="bbox 2230 4745 3810 4815">
    <p class='ocr_par' dir='ltr' id='par_1_129' title="bbox 2230 4745 3810 4815">
     <span class='ocr_line' id='line_1_130' title="bbox 2230 4745 3810 4815; baseline 0 -17"><span class='ocrx_word' id='word_1_951' title='bbox 2230 4755 2286 4798; x_wconf 83' lang='lat' dir='ltr'><strong>et</strong></span> <span class='ocrx_word' id='word_1_952' title='bbox 2337 4757 2529 4815; x_wconf 87' lang='lat' dir='ltr'><strong>nomen</strong></span> <span class='ocrx_word' id='word_1_953' title='bbox 2591 4754 2643 4815; x_wconf 85' lang='lat' dir='ltr'><strong>et</strong></span> <span class='ocrx_word' id='word_1_954' title='bbox 2704 4745 2929 4813; x_wconf 85' lang='lat' dir='ltr'><strong>gloriam</strong></span> <span class='ocrx_word' id='word_1_955' title='bbox 2986 4745 3315 4815; x_wconf 55' lang='lat' dir='ltr'><strong>partiaturn</strong></span> <span class='ocrx_word' id='word_1_956' title='bbox 3375 4745 3526 4811; x_wconf 82' lang='lat' dir='ltr'><strong>Quod</strong></span> <span class='ocrx_word' id='word_1_957' title='bbox 3571 4761 3708 4814; x_wconf 91' lang='lat' dir='ltr'><strong>ergo</strong></span> <span class='ocrx_word' id='word_1_958' title='bbox 3749 4748 3810 4798; x_wconf 88' lang='lat' dir='ltr'><strong>de</strong></span> 
     </span>
    </p>
   </div>
   <div class='ocr_carea' id='block_1_130' title="bbox 2231 4813 3806 4879">
    <p class='ocr_par' dir='ltr' id='par_1_130' title="bbox 2231 4813 3806 4879">
     <span class='ocr_line' id='line_1_131' title="bbox 2231 4813 3806 4879; baseline 0.002 -15"><span class='ocrx_word' id='word_1_959' title='bbox 2231 4815 2411 4866; x_wconf 87' lang='lat' dir='ltr'><strong>anima</strong></span> <span class='ocrx_word' id='word_1_960' title='bbox 2439 4814 2549 4867; x_wconf 90' lang='lat' dir='ltr'><strong>sola</strong></span> <span class='ocrx_word' id='word_1_961' title='bbox 2581 4813 2792 4868; x_wconf 80' lang='lat' dir='ltr'><strong>dixerat</strong></span> <span class='ocrx_word' id='word_1_962' title='bbox 2816 4813 2999 4879; x_wconf 73' lang='lat' dir='ltr'><strong>antea,</strong></span> <span class='ocrx_word' id='word_1_963' title='bbox 3023 4817 3162 4869; x_wconf 89' lang='lat' dir='ltr'><strong>idem</strong></span> <span class='ocrx_word' id='word_1_964' title='bbox 3197 4830 3339 4869; x_wconf 88' lang='lat' dir='ltr'><strong>nunc</strong></span> <span class='ocrx_word' id='word_1_965' title='bbox 3365 4819 3432 4870; x_wconf 89' lang='lat' dir='ltr'><strong>de</strong></span> <span class='ocrx_word' id='word_1_966' title='bbox 3467 4826 3576 4868; x_wconf 91' lang='lat' dir='ltr'><strong>tota</strong></span> <span class='ocrx_word' id='word_1_967' title='bbox 3607 4813 3806 4869; x_wconf 86' lang='lat' dir='ltr'><strong>Christi</strong></span> 
     </span>
    </p>
   </div>
   <div class='ocr_carea' id='block_1_131' title="bbox 2232 4883 3810 4941">
    <p class='ocr_par' dir='ltr' id='par_1_131' title="bbox 2232 4883 3810 4941">
     <span class='ocr_line' id='line_1_132' title="bbox 2232 4883 3810 4941; baseline 0.002 -6"><span class='ocrx_word' id='word_1_968' title='bbox 2232 4883 2566 4938; x_wconf 86' lang='lat' dir='ltr'><strong>humanitate</strong></span> <span class='ocrx_word' id='word_1_969' title='bbox 2596 4888 2826 4939; x_wconf 88' lang='lat' dir='ltr'><strong>statuit:</strong></span> <span class='ocrx_word' id='word_1_970' title='bbox 2865 4900 2964 4940; x_wconf 90' lang='lat' dir='ltr'><strong>nec</strong></span> <span class='ocrx_word' id='word_1_971' title='bbox 2994 4902 3113 4940; x_wconf 87' lang='lat' dir='ltr'><strong>eam</strong></span> <span class='ocrx_word' id='word_1_972' title='bbox 3160 4886 3292 4940; x_wconf 90' lang='lat' dir='ltr'><strong>dicit</strong></span> <span class='ocrx_word' id='word_1_973' title='bbox 3338 4887 3635 4941; x_wconf 31' lang='lat' dir='ltr'><strong>saueiiitaie</strong></span> <span class='ocrx_word' id='word_1_974' title='bbox 3683 4901 3810 4939; x_wconf 87' lang='lat' dir='ltr'><strong>cou-</strong></span> 
     </span>
    </p>
   </div>
   <div class='ocr_carea' id='block_1_132' title="bbox 2233 4955 3813 5028">
    <p class='ocr_par' dir='ltr' id='par_1_132' title="bbox 2233 4955 3813 5028">
     <span class='ocr_line' id='line_1_133' title="bbox 2233 4955 3813 5028; baseline -0.001 -20"><span class='ocrx_word' id='word_1_975' title='bbox 2233 4966 2473 5028; x_wconf 85' lang='lat' dir='ltr'><strong>secutam</strong></span> <span class='ocrx_word' id='word_1_976' title='bbox 2502 4969 2622 5028; x_wconf 88' lang='lat' dir='ltr'><strong>esse</strong></span> <span class='ocrx_word' id='word_1_977' title='bbox 2647 4964 2706 5028; x_wconf 82' lang='lat' dir='ltr'><strong>ut</strong></span> <span class='ocrx_word' id='word_1_978' title='bbox 2735 4971 2857 5009; x_wconf 91' lang='lat' dir='ltr'><strong>cum</strong></span> <span class='ocrx_word' id='word_1_979' title='bbox 2891 4955 3062 5010; x_wconf 87' lang='lat' dir='ltr'><strong>Verbo</strong></span> <span class='ocrx_word' id='word_1_980' title='bbox 3100 4956 3520 5028; x_wconf 86' lang='lat' dir='ltr'><strong>conjungeretur</strong></span> <span class='ocrx_word' id='word_1_981' title='bbox 3556 4959 3813 5028; x_wconf 81' lang='lat' dir='ltr'><strong>liyposta-</strong></span> 
     </span>
    </p>
   </div>
   <div class='ocr_carea' id='block_1_133' title="bbox 2234 5025 3811 5096">
    <p class='ocr_par' dir='ltr' id='par_1_133' title="bbox 2234 5025 3811 5096">
     <span class='ocr_line' id='line_1_134' title="bbox 2234 5025 3811 5096; baseline 0.002 -20"><span class='ocrx_word' id='word_1_982' title='bbox 2234 5027 2360 5096; x_wconf 86' lang='lat' dir='ltr'><strong>tice,</strong></span> <span class='ocrx_word' id='word_1_983' title='bbox 2379 5027 2470 5078; x_wconf 86' lang='lat' dir='ltr'><strong>sed</strong></span> <span class='ocrx_word' id='word_1_984' title='bbox 2511 5027 2610 5078; x_wconf 92' lang='lat' dir='ltr'><strong>hac</strong></span> <span class='ocrx_word' id='word_1_985' title='bbox 2646 5025 2977 5096; x_wconf 84' lang='lat' dir='ltr'><strong>liypostatica</strong></span> <span class='ocrx_word' id='word_1_986' title='bbox 3005 5028 3390 5095; x_wconf 84' lang='lat' dir='ltr'><strong>conjunctione</strong></span> <span class='ocrx_word' id='word_1_987' title='bbox 3418 5025 3811 5082; x_wconf 74' lang='lat' dir='ltr'><strong>inconvertibi-</strong></span> 
     </span>
    </p>
   </div>
   <div class='ocr_carea' id='block_1_134' title="bbox 2233 5095 3813 5165">
    <p class='ocr_par' dir='ltr' id='par_1_134' title="bbox 2233 5095 3813 5165">
     <span class='ocr_line' id='line_1_135' title="bbox 2233 5095 3813 5165; baseline 0.004 -19"><span class='ocrx_word' id='word_1_988' title='bbox 2233 5095 2359 5147; x_wconf 90' lang='lat' dir='ltr'><strong>liter</strong></span> <span class='ocrx_word' id='word_1_989' title='bbox 2389 5095 2780 5149; x_wconf 72' lang='lat' dir='ltr'><strong>sanctiﬁcatum</strong></span> <span class='ocrx_word' id='word_1_990' title='bbox 2833 5095 3101 5165; x_wconf 85' lang='lat' dir='ltr'><strong>Uiiigeniti</strong></span> <span class='ocrx_word' id='word_1_991' title='bbox 3135 5096 3320 5165; x_wconf 67' lang='lat' dir='ltr'><strong>gloriae</strong></span> <span class='ocrx_word' id='word_1_992' title='bbox 3343 5108 3395 5149; x_wconf 90' lang='lat' dir='ltr'><strong>et</strong></span> <span class='ocrx_word' id='word_1_993' title='bbox 3427 5098 3666 5152; x_wconf 86' lang='lat' dir='ltr'><strong>nominis</strong></span> <span class='ocrx_word' id='word_1_994' title='bbox 3693 5110 3813 5152; x_wconf 77' lang='lat' dir='ltr'><strong>esse</strong></span> 
     </span>
    </p>
   </div>
   <div class='ocr_carea' id='block_1_135' title="bbox 2233 5166 3806 5237">
    <p class='ocr_par' dir='ltr' id='par_1_135' title="bbox 2233 5166 3806 5237">
     <span class='ocr_line' id='line_1_136' title="bbox 2233 5166 3806 5237; baseline 0.003 -21"><span class='ocrx_word' id='word_1_995' title='bbox 2233 5166 2577 5237; x_wconf 72' lang='lat' dir='ltr'><strong>participem.</strong></span> <span class='ocrx_word' id='word_1_996' title='bbox 2627 5166 2824 5237; x_wconf 64' lang='lat' dir='ltr'><strong>Eodem</strong></span> <span class='ocrx_word' id='word_1_997' title='bbox 2860 5181 3018 5220; x_wconf 88' lang='lat' dir='ltr'><strong>sensu</strong></span> <span class='ocrx_word' id='word_1_998' title='bbox 3055 5181 3148 5221; x_wconf 89' lang='lat' dir='ltr'><strong>sex</strong></span> <span class='ocrx_word' id='word_1_999' title='bbox 3189 5169 3425 5237; x_wconf 90' lang='lat' dir='ltr'><strong>episcopi</strong></span> <span class='ocrx_word' id='word_1_1000' title='bbox 3476 5171 3526 5221; x_wconf 89' lang='lat' dir='ltr'><strong>in</strong></span> <span class='ocrx_word' id='word_1_1001' title='bbox 3574 5168 3806 5237; x_wconf 84' lang='lat' dir='ltr'><strong>epistola</strong></span> 
     </span>
    </p>
   </div>
   <div class='ocr_carea' id='block_1_136' title="bbox 2234 5235 3812 5309">
    <p class='ocr_par' dir='ltr' id='par_1_136' title="bbox 2234 5235 3812 5309">
     <span class='ocr_line' id='line_1_137' title="bbox 2234 5235 3812 5309; baseline 0.001 -22"><span class='ocrx_word' id='word_1_1002' title='bbox 2234 5239 2302 5309; x_wconf 75' lang='lat' dir='ltr'><strong>ad</strong></span> <span class='ocrx_word' id='word_1_1003' title='bbox 2353 5235 2576 5309; x_wconf 79' lang='lat' dir='ltr'><strong>Paulum</strong></span> <span class='ocrx_word' id='word_1_1004' title='bbox 2627 5235 3040 5309; x_wconf 61' lang='lat' dir='ltr'><strong>Siiiiiosatenum</strong></span> <span class='ocrx_word' id='word_1_1005' title='bbox 3088 5255 3102 5290; x_wconf 89' lang='lat'><strong>:</strong></span> <span class='ocrx_word' id='word_1_1006' title='bbox 3147 5238 3221 5289; x_wconf 85' lang='grc' dir='ltr'><strong>Τὸ</strong></span> <span class='ocrx_word' id='word_1_1007' title='bbox 3262 5240 3326 5290; x_wconf 83' lang='grc' dir='ltr'><strong>ὲκ</strong></span> <span class='ocrx_word' id='word_1_1008' title='bbox 3376 5235 3475 5306; x_wconf 68' lang='grc' dir='ltr'><strong>ῖυῆς</strong></span> <span class='ocrx_word' id='word_1_1009' title='bbox 3529 5235 3812 5309; x_wconf 61' lang='grc' dir='ltr'>Παρθένου</span> 
     </span>
    </p>
   </div>
   <div class='ocr_carea' id='block_1_137' title="bbox 2236 5304 3812 5378">
    <p class='ocr_par' dir='ltr' id='par_1_137' title="bbox 2236 5304 3812 5378">
     <span class='ocr_line' id='line_1_138' title="bbox 2236 5304 3812 5378; baseline 0.001 -20"><span class='ocrx_word' id='word_1_1010' title='bbox 2236 5304 2394 5376; x_wconf 82' lang='grc' dir='ltr'>σῶμα</span> <span class='ocrx_word' id='word_1_1011' title='bbox 2433 5305 2686 5378; x_wconf 64' lang='grc' dir='ltr'><strong>χωρῆσαν</strong></span> <span class='ocrx_word' id='word_1_1012' title='bbox 2722 5307 2830 5360; x_wconf 79' lang='grc' dir='ltr'><strong>πᾶν</strong></span> <span class='ocrx_word' id='word_1_1013' title='bbox 2867 5306 2928 5358; x_wconf 78' lang='grc' dir='ltr'>τὸ</span> <span class='ocrx_word' id='word_1_1014' title='bbox 2963 5307 3233 5378; x_wconf 81' lang='grc' dir='ltr'><strong>πλήρωμα</strong></span> <span class='ocrx_word' id='word_1_1015' title='bbox 3266 5310 3364 5378; x_wconf 81' lang='grc' dir='ltr'><strong>τῆς</strong></span> <span class='ocrx_word' id='word_1_1016' title='bbox 3402 5304 3656 5378; x_wconf 69' lang='grc' dir='ltr'><strong>θὲότητός</strong></span> <span class='ocrx_word' id='word_1_1017' title='bbox 3704 5325 3812 5361; x_wconf 84' lang='grc' dir='ltr'><strong>σω-</strong></span> 
     </span>
    </p>
   </div>
   <div class='ocr_carea' id='block_1_138' title="bbox 2238 5377 3812 5450">
    <p class='ocr_par' dir='ltr' id='par_1_138' title="bbox 2238 5377 3812 5450">
     <span class='ocr_line' id='line_1_139' title="bbox 2238 5377 3812 5450; baseline 0.003 -22"><span class='ocrx_word' id='word_1_1018' title='bbox 2238 5378 2514 5450; x_wconf 54' lang='grc' dir='ltr'><strong>ματικῶς,</strong></span> <span class='ocrx_word' id='word_1_1019' title='bbox 2556 5381 2623 5448; x_wconf 78' lang='grc' dir='ltr'><strong>τῇ</strong></span> <span class='ocrx_word' id='word_1_1020' title='bbox 2663 5377 2874 5448; x_wconf 84' lang='grc' dir='ltr'><strong>θεότητι</strong></span> <span class='ocrx_word' id='word_1_1021' title='bbox 2919 5377 3205 5450; x_wconf 67' lang='grc' dir='ltr'><strong>ἀτρέπτως</strong></span> <span class='ocrx_word' id='word_1_1022' title='bbox 3243 5377 3446 5450; x_wconf 72' lang='grc' dir='ltr'><strong>ἥνωται</strong></span> <span class='ocrx_word' id='word_1_1023' title='bbox 3495 5377 3586 5433; x_wconf 65' lang='lat' dir='ltr'><strong>xuii.</strong></span> <span class='ocrx_word' id='word_1_1024' title='bbox 3636 5381 3812 5432; x_wconf 79' lang='grc' dir='ltr'><strong>τεθεοο</strong></span> 
     </span>
    </p>
   </div>
   <div class='ocr_carea' id='block_1_139' title="bbox 2234 5449 3807 5519">
    <p class='ocr_par' dir='ltr' id='par_1_139' title="bbox 2234 5449 3807 5519">
     <span class='ocr_line' id='line_1_140' title="bbox 2234 5449 3807 5519; baseline 0.003 -21"><span class='ocrx_word' id='word_1_1025' title='bbox 2234 5449 2474 5519; x_wconf 83' lang='grc' dir='ltr'><strong>ποίηται.</strong></span> <span class='ocrx_word' id='word_1_1026' title='bbox 2525 5466 2542 5498; x_wconf 82' lang='grc' dir='ltr'><strong>ι</strong></span> <span class='ocrx_word' id='word_1_1027' title='bbox 2572 5455 2780 5515; x_wconf 77' lang='lat' dir='ltr'><strong>Corpus</strong></span> <span class='ocrx_word' id='word_1_1028' title='bbox 2826 5464 2894 5502; x_wconf 85' lang='lat' dir='ltr'><strong>ex</strong></span> <span class='ocrx_word' id='word_1_1029' title='bbox 2940 5449 3176 5517; x_wconf 70' lang='lat' dir='ltr'><strong>Virgine,</strong></span> <span class='ocrx_word' id='word_1_1030' title='bbox 3225 5449 3368 5518; x_wconf 79' lang='lat' dir='ltr'><strong>qned</strong></span> <span class='ocrx_word' id='word_1_1031' title='bbox 3407 5455 3552 5519; x_wconf 86' lang='lat' dir='ltr'><strong>capit</strong></span> <span class='ocrx_word' id='word_1_1032' title='bbox 3590 5465 3807 5504; x_wconf 76' lang='lat' dir='ltr'><strong>omnem</strong></span> 
     </span>
    </p>
   </div>
   <div class='ocr_carea' id='block_1_140' title="bbox 2236 5519 3809 5588">
    <p class='ocr_par' dir='ltr' id='par_1_140' title="bbox 2236 5519 3809 5588">
     <span class='ocr_line' id='line_1_141' title="bbox 2236 5519 3809 5588; baseline 0.001 -18"><span class='ocrx_word' id='word_1_1033' title='bbox 2236 5519 2622 5587; x_wconf 83' lang='lat' dir='ltr'><strong>plenitudinem</strong></span> <span class='ocrx_word' id='word_1_1034' title='bbox 2659 5519 2959 5574; x_wconf 87' lang='lat' dir='ltr'><strong>divinitatis</strong></span> <span class='ocrx_word' id='word_1_1035' title='bbox 2997 5524 3374 5588; x_wconf 80' lang='lat' dir='ltr'><strong>corporaliter,</strong></span> <span class='ocrx_word' id='word_1_1036' title='bbox 3405 5524 3672 5575; x_wconf 88' lang='lat' dir='ltr'><strong>divinitati</strong></span> <span class='ocrx_word' id='word_1_1037' title='bbox 3706 5523 3809 5573; x_wconf 91' lang='lat' dir='ltr'><strong>iiii-</strong></span> 
     </span>
    </p>
   </div>
   <div class='ocr_carea' id='block_1_141' title="bbox 2236 5590 3805 5646">
    <p class='ocr_par' dir='ltr' id='par_1_141' title="bbox 2236 5590 3805 5646">
     <span class='ocr_line' id='line_1_142' title="bbox 2236 5590 3805 5646; baseline 0.002 -3"><span class='ocrx_word' id='word_1_1038' title='bbox 2236 5591 2562 5644; x_wconf 89' lang='lat' dir='ltr'><strong>mutabiliter</strong></span> <span class='ocrx_word' id='word_1_1039' title='bbox 2602 5590 2808 5643; x_wconf 89' lang='lat' dir='ltr'><strong>unitum</strong></span> <span class='ocrx_word' id='word_1_1040' title='bbox 2849 5601 2931 5645; x_wconf 90' lang='lat' dir='ltr'><strong>est</strong></span> <span class='ocrx_word' id='word_1_1041' title='bbox 2971 5601 3024 5645; x_wconf 86' lang='lat' dir='ltr'><strong>et</strong></span> <span class='ocrx_word' id='word_1_1042' title='bbox 3061 5592 3389 5645; x_wconf 87' lang='lat' dir='ltr'><strong>deilicatuin.</strong></span> <span class='ocrx_word' id='word_1_1043' title='bbox 3419 5609 3437 5642; x_wconf 73' lang='grc' dir='ltr'><strong>ι</strong></span> <span class='ocrx_word' id='word_1_1044' title='bbox 3479 5622 3550 5632; x_wconf 91' lang='lat'><strong>——-</strong></span> <span class='ocrx_word' id='word_1_1045' title='bbox 3579 5593 3706 5645; x_wconf 65' lang='lat' dir='ltr'><strong>llaec</strong></span> <span class='ocrx_word' id='word_1_1046' title='bbox 3747 5591 3805 5646; x_wconf 76' lang='grc' dir='ltr'><strong>Β.</strong></span> 
     </span>
    </p>
   </div>
   <div class='ocr_carea' id='block_1_142' title="bbox 2236 5658 3805 5785">
    <p class='ocr_par' dir='ltr' id='par_1_142' title="bbox 2236 5658 3805 5785">
     <span class='ocr_line' id='line_1_143' title="bbox 2236 5658 3805 5785; baseline 0.003 -73"><span class='ocrx_word' id='word_1_1047' title='bbox 2236 5658 2671 5785; x_wconf 75' lang='lat' dir='ltr'><strong>Prud.“MuuN,</strong></span> <span class='ocrx_word' id='word_1_1048' title='bbox 2723 5663 2803 5717; x_wconf 65' lang='lat' dir='ltr'><strong>De</strong></span> <span class='ocrx_word' id='word_1_1049' title='bbox 2842 5662 3004 5716; x_wconf 80' lang='lat' dir='ltr'><strong>divin.</strong></span> <span class='ocrx_word' id='word_1_1050' title='bbox 3048 5659 3244 5716; x_wconf 71' lang='lat' dir='ltr'><strong>Christi</strong></span> <span class='ocrx_word' id='word_1_1051' title='bbox 3295 5663 3390 5718; x_wconf 91' lang='lat' dir='ltr'><strong>lib.</strong></span> <span class='ocrx_word' id='word_1_1052' title='bbox 3431 5677 3505 5729; x_wconf 90' lang='lat' dir='ltr'><strong>tv,</strong></span> <span class='ocrx_word' id='word_1_1053' title='bbox 3558 5679 3677 5734; x_wconf 83' lang='lat' dir='ltr'><strong>cap.</strong></span> <span class='ocrx_word' id='word_1_1054' title='bbox 3720 5660 3805 5728; x_wconf 70' lang='grc' dir='ltr'>ιι»,</span> 
     </span>
     <span class='ocr_line' id='line_1_144' title="bbox 2236 5746 3064 5785; baseline 0.001 -1"><span class='ocrx_word' id='word_1_1055' title='bbox 2236 5746 2382 5785; x_wconf 84' lang='grc' dir='ltr'>ιιιιιιι.</span> <span class='ocrx_word' id='word_1_1056' title='bbox 2487 5770 2503 5785; x_wconf 93' lang='grc'><strong>.</strong></span> <span class='ocrx_word' id='word_1_1057' title='bbox 3054 5783 3064 5785; x_wconf 96' lang='lat'>_</span> 
     </span>
    </p>
   </div>
   <div class='ocr_carea' id='block_1_143' title="bbox 2236 5746 2503 5786">
    <p class='ocr_par' dir='ltr' id='par_1_143' title="bbox 2236 5746 2503 5786">
     <span class='ocr_line' id='line_1_145' title="bbox 2236 5746 2503 5786; baseline 0.007 -2"><span class='ocrx_word' id='word_1_1058' title='bbox 2236 5746 2382 5785; x_wconf 88' lang='lat' dir='ltr'><strong>nunt.</strong></span> <span class='ocrx_word' id='word_1_1059' title='bbox 2417 5746 2503 5786; x_wconf 82' lang='grc' dir='ltr'>ιι.</span> 
     </span>
    </p>
   </div>
  </div>
