4054 6310
254 374 358 437 εθε

1072 370 1639 429 ORIGENIANORUM
1681 370 1810 424 LIB.
1854 366 1918 433 ll,
1960 366 2111 423 CAP.
2152 364 2215 433 ll,
2258 361 2538 433 QU/EST.
2582 362 2667 417 Ill.

3414 360 3519 415 806

252 498 413 555 odiSIi
464 495 808 566 iniquitatem
841 514 853 548 τ
887 502 1170 562 propterea
1204 492 1359 545 unxit
1391 500 1442 545 te
1488 491 1649 553 Deus,
1694 489 1834 543 Deus
1862 493 1907 548 Α
1938 482 2299 552 proferemus,
2351 479 2685 550 suspiciones
2718 475 2899 544 potius
2947 484 3181 540 nostras,
3208 490 3369 544 quam
3408 492 3521 531 ma-

254 600 398 656 tuus,
439 589 561 643 oleo
596 587 795 643 laetitia:
848 600 957 654 pra:
1007 582 1348 637 consortibus
1396 581 1525 635 tuis.
1555 600 1573 633 ι
1632 578 1824 634 Totam

251 697 414 753 porro
447 682 606 737 istam
638 679 885 750 Origenis
924 676 1358 731 dissertationem
1408 675 1595 728 iisdem
1630 689 1828 743 prope-

253 775 473 829 modum
512 774 798 842 repetitam
829 770 1010 825 verbis
1047 769 1289 836 reperias
1335 768 1387 820 in
1425 776 1698 836 postremo
1736 781 1828 820 ca-

248 866 361 935 pite
412 864 579 920 libelli
637 864 712 918 De
766 863 959 916 deitate
1007 870 1055 915 et
1096 860 1464 914 incarnatione
1525 856 1714 923 Verbi,
1761 858 1829 912 ad

248 957 603 1021 Januarium;
632 957 724 1025 qui
752 955 962 1009 libellus
991 952 1341 1023 Origenianis
1367 950 1687 1021 fragmentis
1715 950 1829 1005 fere

248 1059 495 1115 constat,
536 1057 591 1104 et
635 1049 699 1101 ad
732 1046 938 1102 calcem
989 1045 1166 1113 quarti
1220 1044 1348 1098 torni
1402 1043 1687 1111 Augustini
1734 1044 1831 1096 ad-

245 1141 402 1213 jungi
459 1141 616 1197 soiet.
661 1142 839 1209 Atque
895 1140 1036 1193 hanc
1087 1137 1429 1200 doetrinam,
1480 1136 1829 1206 quantumvis

254 1239 539 1303 absonam,
568 1234 727 1289 avide
755 1234 1103 1303 arripuerunt
1130 1230 1408 1300 Pelagiani
1437 1239 1491 1284 et
1528 1244 1831 1299 propugna-

255 1342 405 1386 runt.
460 1328 725 1384 Locorum
778 1326 1064 1397 Origenis,
1119 1323 1316 1394 quibus
1381 1336 1442 1376 ea
1501 1322 1827 1384 continetur,

250 1424 462 1493 primus
516 1429 695 1477 exstat
736 1429 865 1476 tom.
912 1434 929 1473 ι
976 1420 1031 1471 in
1076 1416 1266 1479 Joan.,
1315 1429 1465 1468 num.
1512 1414 1627 1468 37:
1672 1413 1833 1467 Ἀλλὰ

249 1516 345 1571 καὶ
375 1514 515 1587 ἀνὴρ
547 1513 687 1580 πρὸς
716 1512 926 1573 τούτοις
954 1508 1169 1577 λέγεται
1196 1508 1368 1561 ὀπίσω
1404 1504 1648 1560 Ἰωάννου
1677 1506 1831 1577 ἐρχό-

253 1625 435 1681 μενος,
464 1604 767 1679 ἕμπροσθεν
793 1603 957 1656 αὐτοῦ
988 1602 1371 1673 γεγενημένος,
1402 1602 1493 1657 καὶ
1528 1600 1633 1671 πρὸ
1666 1598 1830 1652 αὑτοῦ

248 1700 347 1767 ὢν,
378 1701 464 1753 ἵνα
496 1695 830 1768 διὼχθῶμεν
867 1695 960 1747 καὶ
989 1694 1078 1747 τὸν
1107 1694 1393 1766 ἄνθρωπον
1435 1695 1530 1750 τοῦ
1567 1694 1699 1748 Υἱοῦ
1736 1692 1830 1745 τοῦ

247 1793 411 1858 Θεοῦ,
444 1793 536 1847 τὸν
579 1795 645 1863 τῇ
691 1791 906 1861 Θεότητι
953 1789 1119 1844 αὐτοῦ
1173 1789 1665 1863 ἀνακεκραμμὲνον
1707 1804 1833 1858 πρε-

1937 576 2189 629 nifestius
2249 573 2634 626 allirmationes
2690 570 2741 622 iu
2814 569 3045 622 medium
3098 568 3454 639 proferentes.
3490 589 3511 622 ι

1935 668 2067 735 Quae
2121 683 2149 720 a
2206 665 2402 720 Rufino
2446 665 2662 718 adtexta
2692 661 3017 730 SUSpicarer,
3047 661 3089 713 si
3121 676 3223 714 non
3262 665 3325 715 de
3355 663 3518 717 rebus

1932 758 2184 814 obscuris
2244 758 2617 828 disputaturus
2679 753 2939 823 Origenes
3000 752 3071 805 ita
3139 753 3351 822 prad'ari
3421 767 3515 808 so-

1934 852 2090 908 lerel.

2003 946 2138 1002 Vlll.
2178 943 2538 999 Nihilominus
2591 952 2770 996 tamen
2826 955 2894 994 ne
2932 939 3011 995 sic
3035 938 3262 1008 quidem
3318 940 3516 995 multo-

1934 1056 2051 1093 rum
2104 1037 2574 1093 criminationibus
2617 1035 2719 1090 fuit
2768 1033 3043 1088 immunis.
3093 1032 3282 1100 Carpit
3342 1031 3516 1101 ipsum

1933 1130 2265 1200 Theophilus
2315 1131 2418 1184 int
2466 1129 2661 1183 Pasch.
2717 1131 2910 1197 epist.,
2962 1125 3104 1195 quod
3160 1125 3226 1178 ad
3280 1125 3515 1179 animam

1932 1220 2131 1277 Christi
2185 1221 2431 1276 retulerit
2476 1221 2618 1275 istud
2670 1220 2820 1274 Pauli
2864 1219 3099 1286 Philipp.
3129 1232 3201 1281 ιι,
3234 1218 3305 1271 7:
3352 1235 3371 1270 ι
3402 1217 3518 1274 Non

1933 1315 2179 1383 rapinam
2227 1312 2525 1367 arbitratus
2561 1322 2643 1367 est
2682 1326 2803 1367 esse
2852 1327 2909 1366 se
2951 1310 3213 1379 mqualem
3253 1310 3383 1376 Deo,
3426 1312 3519 1367 sed

1935 1406 2284 1475 semetipsqu
2337 1404 2640 1459 exinanivit
2690 1405 2916 1459 formam
2958 1404 3100 1459 servi
3153 1403 3462 1473 accipiens;
3493 1423 3512 1458 ›

1936 1497 2075 1551 unde
2119 1496 2394 1551 concludit
2427 1497 2629 1552 Christi
2664 1497 2901 1550 animam
2950 1495 3209 1563 aqualem
3248 1496 3355 1548 Deo
3390 1493 3518 1549 Ori-

1935 1606 2125 1661 geuem
2180 1590 2511 1657 credidisse,
2562 1604 2624 1644 ac
2669 1588 2903 1659 aequales
2955 1587 3183 1657 proinde
3232 1586 3519 1641 hominum

1936 1683 2168 1747 animas,
2222 1697 2343 1751 qua:
2397 1682 2636 1752 ejusdem
2690 1691 2815 1735 sunt
2865 1680 3184 1735 substantia:
3231 1694 3294 1734 ac
3339 1680 3517 1735 anima

1937 1772 2175 1837 Christi,
2210 1773 2509 1843 ipsumque
2561 1772 2795 1827 Verbum
2836 1774 3147 1842 neutiquam
3177 1774 3243 1826 ad
3278 1781 3516 1838 terrena,

248 1886 517 1957 οϐύτερον
541 1879 678 1937 εἶναι
703 1883 799 1954 τῆς
823 1885 887 1937 ἐκ
911 1882 1132 1955 Μαρίας
1157 1882 1438 1951 γενέσεως.
1459 1881 1609 1935 Alter
1623 1879 1847 1933 habetur

1949 1867 2043 1921 sed
2079 1865 2248 1921 solam
2285 1866 2401 1934 ejus
2433 1867 2664 1919 animam
2700 1866 2931 1920 venisse.
2960 1865 3133 1934 Atque
3182 1865 3384 1918 utinam
3433 1866 3516 1919 vel

249 1990 403 2039 mmo
443 1993 513 2031 xx
548 1986 821 2043 sequenti,
856 1992 1006 2030 unm.
1040 1976 1102 2029 l7
1131 1993 1143 2028 :
1185 1976 1297 2027 Οὐκ
1342 1975 1610 2046 ἀζήτητον
1648 1971 1704 2024 δὲ
1738 1974 1825 2025 ἐα-

248 2071 375 2125 τέον
402 2068 492 2122 τὸν
520 2068 702 2132 τόπον,
732 2068 825 2121 καὶ
866 2068 945 2129 εἰς
982 2065 1073 2119 τὸν
1100 2067 1229 2137 περὶ
1261 2066 1435 2135 ψυχῆς
1466 2063 1645 2133 λόγον.
1678 2062 1831 2133 Τάχα

249 2161 365 2232 γὰρ
395 2163 429 2232 ή
472 2160 569 2231 μὲν
594 2157 687 2211 τοῦ
718 2158 847 2211 Υἱοῦ
883 2157 1026 2227 ψυχὴ
1066 2158 1123 2211 ἐν
1155 2160 1220 2228 τῇ
1264 2157 1462 2227 ἑαυτῆς
1494 2156 1832 2226 τυγχάνουσα

252 2252 573 2322 τελειότητι,
600 2252 658 2303 ἐν
689 2249 807 2321 Θεῷ
846 2251 937 2303 καὶ
1078 2249 1405 2320 πληρώματι
1436 2245 1523 2319 ἦν,
1556 2249 1647 2301 καὶ
1691 2250 1832 2301 ἐκεῖ·

253 2343 350 2396 θεν
395 2340 775 2413 ὲξεληλυθυῖα,
809 2340 886 2411 τῷ
934 2339 1269 2392 ἀπεστάλθαι
1315 2339 1422 2392 ἀπὸ
1460 2338 1554 2391 τοῦ
1589 2330 1828 2409 Πατρὸς,

250 2434 485 2491 ἀνέλαϐε
523 2434 583 2487 τὸ
622 2435 684 2487 ὲκ
714 2433 813 2503 τῆς
842 2431 1064 2503 Μαρίας
1104 2430 1281 2500 σῶμα.
1316 2429 1478 2483 Libro
1522 2445 1650 2483 vero
1680 2446 1714 2482 ll
1758 2428 1832 2481 De

249 2528 506 2598 princip.,
543 2540 663 2594 cap.
687 2526 741 2587 6,
774 2541 922 2578 num.
951 2525 985 2578 '5
1014 2533 1069 2579 et
1110 2523 1177 2587 4,
1222 2530 1275 2576 et
1309 2522 1401 2576 lib.
1446 2537 1461 2575 ι
1501 2533 1684 2575 contra
1723 2520 1831 2574 Cel-

250 2635 395 2682 sum,
425 2634 573 2673 num.
602 2617 675 2673 '52
702 2628 755 2672 et
788 2618 877 2681 55,
917 2615 1089 2670 fusius
1122 2616 1261 2670 idem
1313 2623 1507 2667 tractat
1547 2628 1832 2681 argumen-

253 2722 393 2775 tum,
426 2718 769 2777 mentemque
799 2724 953 2762 suam
987 2707 1193 2761 diserte
1236 2705 1518 2774 proponit;
1554 2718 1671 2771 qua?
1697 2718 1831 2771 quo-

252 2803 400 2857 niam
429 2816 583 2871 aaquo
614 2800 904 2869 prolixiora
933 2806 1080 2861 sunt,
1114 2808 1167 2850 ut
1210 2797 1474 2851 lectorum
1508 2804 1832 2851 occurratur

250 2894 496 2957 fastidio,
546 2891 753 2949 referre
804 2891 1155 2960 supersedeo.
1182 2891 1528 2943 Adducemus
1557 2902 1619 2941 ea
1654 2885 1826 2941 solum

251 3002 376 3057 quae
409 3003 439 3042 e
470 2986 608 3041 libro
655 2985 844 3039 eodem
894 2982 1035 3051 Περὶ
1079 2981 1301 3051 ἀρχῶν,
1338 2996 1457 3050 cap.
1489 2979 1543 3043 6,
1592 2995 1743 3033 num.
1771 2978 1830 3043 4,

250 3079 592 3150 deprompsit
626 3076 960 3132 Justinianus
1004 3075 1069 3129 ad
1107 3075 1310 3130 calcem
1346 3073 1591 3143 epistolae
1617 3072 1681 3124 ad
1720 3071 1826 3125 Me-

249 3186 378 3227 nam
408 3190 421 3227 :
458 3170 555 3223 Διὰ
585 3168 743 3223 τοῦτο
790 3169 882 3222 καὶ
927 3167 1208 3239 ἄνθρωπος
1248 3165 1436 3235 γέγονε
1480 3163 1736 3236 Χριστὸς,
1772 3163 1831 3227 ἐξ

1939 1961 2052 2030 ipsa
2087 1959 2338 2029 Origenis
2373 1960 2532 2013 verba
2567 1968 3013 2028 repraesentasset
3044 1957 3393 2026 The0philus,
3427 1958 3516 2014 vel

1938 2054 2005 2107 ad
2048 2055 2159 2124 ipsa
2195 2053 2311 2108 loca
2356 2053 2498 2106 unde
2543 2053 2658 2106 haec
2711 2060 2933 2122 excepta
2972 2061 3129 2117 sunt,
3165 2052 3385 2122 digitum
3434 2052 3519 2105 in-

1942 2147 2239 2213 tendisset;
2278 2144 2491 2199 facilius
2533 2145 2747 2214 quidem
2779 2153 2833 2199 et
2869 2146 3069 2199 certius
3100 2144 3346 2215 Origcnis
3395 2159 3521 2199 sen-

1939 2253 2056 2291 sum
2089 2236 2528 2305 pervideremus;
2563 2251 2753 2290 vereor
2781 2237 2923 2291 enim
2958 2247 3014 2289 ut
3050 2237 3354 2291 vehementi
3389 2251 3520 2292 con-

1938 2330 2136 2382 citatus
2194 2328 2338 2392 odio,
2370 2328 2448 2383 sic
2498 2329 2638 2383 enim
2675 2338 2826 2395 erat,
2874 2330 3007 2384 satis
3058 2330 3196 2384 bona
3246 2329 3348 2384 fide
3396 2345 3517 2384 cum

1937 2420 2260 2484 Adamantio
2306 2421 2498 2486 egerit.
2539 2419 2759 2475 Certum
2795 2436 2910 2489 εει,
2956 2437 3078 2477 cum
3119 2442 3137 2473 ι
3168 2423 3517 2491 semetipsum

1938 2513 2244 2568 exinaniret
2273 2531 2292 2564 ι
2330 2512 2605 2578 Christus,
2635 2514 2771 2567 uih'il
2816 2515 3123 2569 detrimenti
3156 2529 3368 2584 passam
3399 2516 3518 2582 ejus

1937 2607 2309 2670 divinitatem,
2378 2609 2470 2661 sed
2544 2608 2713 2661 solam
2784 2611 3171 2663 humanitatem
3242 2608 3518 2665 laboribus

1940 2699 2106 2754 fuisse
2152 2699 2476 2767 obnoxiam;
2512 2700 2664 2770 cujus
2706 2716 2828 2753 cum
2865 2700 3135 2769 praacipua
3184 2715 3309 2769 pars
3337 2700 3515 2754 anima

1937 2791 2027 2857 sit,
2055 2792 2329 2861 angustias
2355 2791 2443 2845 illa
2471 2792 2724 2845 sustinuit
2744 2803 2797 2847 et
2818 2792 3053 2858 dolores,
3072 2808 3136 2847 ac
3160 2812 3177 2843 ι
3198 2792 3465 2846 exinanita
3489 2811 3509 2846 ι

1937 2886 2162 2953 proinde
2194 2885 2297 2939 hoc
2327 2899 2485 2939 sensu
2521 2884 2624 2939 dici
2665 2895 2864 2954 potest,
2897 2895 2951 2940 et
2980 2901 3009 2940 e
3041 2900 3252 2939 summo
3298 2884 3387 2938 illo
3438 2883 3516 2938 fe-

1936 2977 2154 3032 licitatis
2200 2978 2366 3049 gradu
2424 2977 2664 3048 dejecta,
2711 2992 2820 3047 quo
2871 2978 3094 3047 potitam
3145 2975 3314 3031 fuisse
3353 2967 3513 3029 illam

1936 3073 2146 3127 censuit
2192 3072 2488 3143 Origenes,
2530 3087 2656 3126 cum
2705 3074 2910 3142 irrupto
2955 3072 3156 3127 amoris
3218 3085 3356 3125 nexu
3408 3070 3516 3125 Deo

1937 3166 2243 3234 conjuncta,
2286 3166 2521 3219 nondum
2576 3166 2812 3220 humano
2858 3164 3070 3234 corpori
3119 3179 3238 3219 sese
3286 3164 3516 3216 immer-

250 3260 565 3332 ἀνδραγαοή
576 3276 741 3330 ματος
776 3258 963 3312 τούτου
996 3256 1197 3329 τυχὼν,
1231 3256 1307 3320 ὡς
1341 3257 1612 3328 μαρτυρεῖ
1648 3256 1675 3307 ὁ
1698 3255 1839 3326 Προ-

1944 3258 2125 3313 sisset.
2167 3256 2325 3323 Quod
2372 3256 2448 3310 ait
2490 3271 2619 3326 ergo
2664 3258 2956 3326 Apostolus
2994 3273 3009 3310 :
3049 3274 3066 3307 ι
3102 3255 3212 3309 Hoc
3257 3254 3519 3323 intelligat

250 3352 433 3422 φήτης
474 3348 676 3417 λέγων·
717 3346 1063 3417 ἰιγάετησας
1109 3345 1526 3411 δικαιοσύνην,
1582 3343 1679 3396 καὶ
1722 3343 1837 3412 ἐμί-

249 3459 460 3511 σησας
498 3442 771 3511 ἀνομίαν,
801 3439 896 3493 διὰ
934 3439 1110 3493 τοῦτο
1159 3437 1365 3508 ἔχρισέ
1416 3452 1490 3490 σε
1528 3439 1560 3489 ό
1609 3435 1772 3501 Θεὸς,
1806 3438 1839 3490 ὁ

252 3538 405 3602 Θεός
420 3542 536 3590 σου
557 3536 762 3589 ἔλαιον
779 3531 1191 3602 ἀγαλλιάσεως
1212 3528 1368 3598 παρὰ
1388 3527 1528 3593 τοὺς
1545 3527 1838 3595 μετόχους

250 3645 394 3684 σου.
436 3629 680 3697 Ἔπρεπε
729 3626 785 3680 6‘s
832 3626 921 3677 τὸν
972 3623 1234 3695 μηδέποτε
1284 3621 1685 3694 κεχωρισμένον
1740 3618 1833 3672 τοῦ

251 3716 594 3786 Μονογενοῦς
623 3713 1064 3786 συγχρηματίσαι
1094 3710 1171 3782 τῷ
1199 3712 1493 3779 Μονογενεί
1524 3710 1617 3762 καὶ
1656 3708 1837 3762 συνδο-

252 3812 518 3883 ξασθῆναι
569 3809 738 3880 αὐτῷ.
782 3829 799 3859 ι
834 3809 1037 3861 Idcirco
1068 3814 1121 3859 et
1155 3806 1316 3859 homo
1359 3805 1532 3858 factus
1564 3812 1648 3859 est
1687 3804 1839 3857 Chri-

252 3916 396 3964 stus,
426 3916 523 3955 suo
559 3902 748 3953 merito
779 3900 877 3953 hoc
910 3896 1154 3961 sortitus,
1190 3907 1245 3949 ut
1280 3895 1547 3964 Propheta
1584 3904 1831 3958 testatur,

254 3995 551 4063 inquiens:
589 3992 829 4047 Dilexisti
854 3992 1156 4059 justitiam,
1196 3999 1245 4044 et
1284 3990 1440 4042 odisti
1482 3990 1833 4059 iniquitatem,

255 4095 532 4154 propterea
562 4087 709 4138 unxit
736 4093 784 4136 te
815 4082 973 4148 Deus,
1005 4081 1148 4135 Deus
1180 4091 1321 4144 tuus,
1359 4080 1470 4133 oleo
1502 4078 1697 4133 laetitia:
1724 4094 1835 4146 pra:

256 4178 597 4247 participibus
625 4178 727 4229 tuis
753 4175 818 4229 ⁸⁷.
843 4173 1074 4227 Decebat
1100 4172 1363 4239 siquidem
1400 4169 1545 4224 illum
1577 4171 1667 4239 qui
1700 4184 1836 4223 nuu-

256 4288 419 4343 quam
454 4276 522 4326 ab
547 4269 832 4339 Unigenito
857 4276 1136 4336 separatus
1158 4274 1258 4329 est,
1280 4264 1609 4318 coexsistere
1637 4261 1835 4333 Unige-

258 4366 399 4423 nito.
424 4373 475 4417 et
508 4378 610 4416 una
647 4376 767 4416 cum
808 4361 924 4429 ipso
957 4357 1408 4428 congloriticari.»

331 4456 441 4511 \‘ll.
484 4455 635 4521 Quod
675 4454 719 4508 si
772 4453 893 4522 quis
944 4450 1095 4506 falsis
1137 4450 1241 4505 illis
1276 4448 1527 4519 Origenis
1576 4447 1835 4503 assertio-

259 4552 420 4604 nihus
450 4556 818 4603 commovetur
858 4544 1250 4607 vehementius,
1279 4543 1357 4597 sic
1390 4542 1671 4610 praefatum
1709 4556 1833 4595 eum

1940 3351 2309 3418 unusquisque
2342 3350 2392 3403 in
2431 3349 2607 3413 nobis,
2644 3350 2787 3419 quod
2815 3359 2867 3403 et
2902 3349 2952 3402 in
2984 3347 3201 3402 Christo
3220 3345 3379 3411 Jesu;
3421 3346 3515 3414 qui

1938 3456 2059 3495 cum
2105 3441 2156 3494 in
2197 3439 2370 3494 forma
2406 3440 2499 3495 Dei
2550 3450 2729 3505 esset,
2780 3456 2885 3495 non
2927 3441 3171 3508 rapinam
3224 3440 3517 3492 arbitratus

1938 3542 2023 3589 est
2055 3548 2175 3587 esse
2202 3548 2261 3588 se
2290 3532 2555 3604 aqualem
2606 3531 2737 3597 Deo,
2782 3533 2877 3585 sed
2929 3531 3280 3597 semetipsum
3326 3529 3518 3582 exina-

1940 3624 2078 3679 nivit
2111 3623 2340 3679 formam
2372 3625 2513 3679 servi
2564 3625 2863 3694 accipiens,
2892 3642 2911 3674 ι
2964 3622 3107 3677 facili
3157 3622 3372 3690 negotio
3419 3636 3515 3675 ex-

1938 3717 2167 3786 plicatur
2210 3718 2277 3771 ad
2315 3726 2549 3771 mentem
2579 3714 2853 3786 Origenis.
2881 3714 3154 3770 Christum
3201 3714 3275 3766 ait
3319 3712 3515 3768 Paulus

1937 3824 2057 3863 cum
2087 3810 2139 3863 in
2173 3807 2345 3863 forma
2384 3810 2476 3864 Dei
2511 3820 2674 3875 esset,
2700 3807 2918 3877 Deoque
2952 3806 3195 3877 aequalis,
3228 3821 3332 3860 non
3359 3805 3514 3875 juxta

1936 3900 2358 3967 humanitatem,
2386 3902 2481 3956 sed
2503 3899 2656 3968 juxta
2688 3912 2934 3955 naturam
2965 3915 3116 3954 suam
3141 3898 3399 3965 divinam,
3428 3913 3514 3955 se-

1938 3992 2107 4063 ipsum
2136 3994 2519 4060 exinanivisse,
2548 4003 2603 4049 et
2630 3995 2773 4049 servi
2807 3993 3039 4048 formam
3076 3993 3372 4062 accepisse,
3405 4005 3515 4049 non

1931 4087 2085 4156 juxta
2120 4086 2458 4141 divinitatem
2493 4102 2668 4154 suam,
2712 4086 2806 4142 sed
2848 4087 3002 4156 juxta
3036 4087 3326 4141 humanam
3356 4095 3515 4140 uatu-

1936 4194 2076 4245 ram,
2103 4176 2256 4247 cujus
2297 4180 2528 4248 priorem
2575 4180 2753 4234 anima
2788 4179 2962 4234 locum
3011 4187 3175 4233 tenet.
3216 4177 3332 4245 Quo
3372 4178 3513 4232 refe-

1936 4273 2159 4327 rendum
2192 4270 2322 4326 illud
2356 4270 2554 4327 Christi
2583 4287 2599 4325 :
2644 4290 2664 4324 ι
2698 4270 2890 4326 Tristis
2923 4280 3009 4326 est
3046 4270 3227 4324 anima
3270 4284 3387 4323 mea
3423 4284 3513 4323 us-

1935 4380 2039 4434 que
2068 4366 2132 4419 ad
2182 4374 2410 4420 mortem
2435 4364 2501 4418 ⁶⁸.
2532 4384 2551 4417 ι
2593 4363 2689 4419 His
2731 4365 2783 4419 in
2831 4363 3239 4419 accommodum
3288 4376 3509 4417 sensum

1936 4460 2011 4513 ita
2048 4459 2270 4514 deﬂexis
2318 4459 2628 4513 retunditur
2673 4458 2953 4527 Theophili
2992 4454 3342 4526 Oppugnatio,
3384 4471 3509 4510 cum

1936 4552 2239 4619 praesertim
2267 4553 2396 4606 satis
2432 4550 2648 4605 aliunde
2674 4558 2884 4604 constet
2928 4563 3026 4618 pro
3053 4557 3207 4602 certo
3255 4545 3511 4602 habuisse

260 4643 426 4697 fuisse
457 4640 591 4695 sciat
623 4639 713 4693 lib.
744 4656 778 4692 ιι
808 4638 943 4706 Περὶ
978 4634 1200 4705 ἀρχῶν,
1234 4650 1353 4703 cap.
1382 4634 1436 4700 6,
1471 4649 1619 4688 uum.
1644 4632 1701 4695 2,
1732 4648 1832 4687 an-

1935 4644 2222 4712 Origenem
2273 4642 2516 4698 Verbum
2567 4643 2662 4697 Dei
2715 4656 2936 4696 carnem
2981 4641 3032 4693 in
3078 4637 3297 4693 Christo
3344 4637 3511 4693 fuisse

260 4742 477 4801 teqnam
529 4731 595 4784 ad
643 4730 1019 4797 explicandum
1074 4727 1462 4780 lucarnationis
1513 4726 1829 4795 mysterium

260 4825 582 4879 accederet:
615 4841 634 4875 ι
663 4824 790 4888 Quae
835 4820 1052 4891 quidem
1104 4820 1155 4871 in
1192 4833 1350 4872 aures
1394 4818 1656 4871 humanas
1700 4832 1830 4885 pro-

262 4918 425 4982 ferre,
455 4928 509 4969 et
548 4915 884 4969 sermonibus
921 4911 1217 4981 explicare,
1246 4909 1402 4974 longe
1434 4909 1576 4964 vires
1605 4909 1687 4962 vel
1719 4924 1833 4962 me-

262 5012 348 5065 riti
384 5009 574 5073 nostri,
599 5009 681 5063 vel
717 5006 912 5077 ingenii
945 5021 1009 5060 ac
1038 5002 1303 5060 sermonis
1328 5001 1554 5057 excedit.
1585 5001 1832 5055 Arbitror

262 5114 444 5158 autem
493 5104 615 5171 quia
661 5102 824 5156 etiam
874 5108 1183 5153 sanctorum
1218 5095 1587 5165 apostolorum
1633 5108 1826 5163 super-

262 5198 540 5268 grediatur
587 5207 935 5248 mensuram:
969 5190 1211 5259 quinimo
1246 5188 1407 5240 etiam
1447 5185 1691 5239 fortassis
1741 5194 1828 5239 to-

267 5292 373 5345 tius
422 5298 684 5344 creatura:
719 5284 1019 5340 cmlestium
1074 5283 1330 5335 virtutum
1383 5279 1704 5333 eminentior
1747 5287 1831 5333 est

265 5382 588 5438 sacramenti
626 5382 779 5433 istius
807 5374 1131 5446 explanatio.
1167 5372 1241 5427 De
1266 5388 1371 5441 quo
1400 5386 1496 5425 nos
1529 5385 1630 5423 nou
1663 5379 1831 5424 teme-

268 5477 427 5530 ritate
456 5474 654 5543 aliqua,
702 5474 794 5526 sed
839 5469 1107 5539 quomodo
1145 5467 1277 5519 ordo
1311 5466 1411 5519 loci
1460 5463 1736 5533 deposcit,
1763 5478 1828 5519 ea

267 5569 436 5637 magis
479 5580 600 5635 quae
639 5564 770 5618 fides
820 5571 1004 5616 nostra
1055 5560 1328 5622 continet,
1373 5573 1533 5626 quam
1586 5557 1829 5610 humana:

269 5660 493 5715 rationis
525 5658 753 5712 assertio
795 5655 1070 5709 vindicare
1105 5652 1257 5717 solet,
1295 5667 1454 5720 quam
1486 5649 1828 5719 paucissimis

336 5838 379 5871 "
422 5835 561 5893 Psal.
618 5851 760 5901 κων,
808 5833 859 5888 8.
938 5833 981 5865 ⁸⁸
1021 5831 1184 5887 Marc.
1232 5828 1457 5897 x1v,3l.

1932 4736 2156 4791 factum.
2188 4735 2411 4790 Millium
2447 4736 2619 4790 instar
2648 4735 2753 4788 erit
2797 4748 2961 4787 unum
2998 4732 3051 4787 id
3096 4731 3213 4800 ejus
3261 4732 3508 4786 testimo-

1931 4828 2077 4881 nium
2105 4844 2134 4881 e
2160 4829 2423 4896 prooemio
2450 4828 2503 4882 in
2536 4827 2629 4883 lib.
2662 4826 2733 4881 De
2758 4827 3007 4896 princip.,
3036 4840 3185 4880 num.
3210 4823 3246 4879 4
3278 4846 3289 4879 :
3332 4842 3351 4875 ι
3380 4824 3510 4893 Spe-

1938 4920 2052 4974 cies
2088 4934 2218 4974 vero
2265 4935 2454 4975 eorum
2482 4934 2602 4989 quae
2648 4934 2742 4989 per
2776 4918 3210 4988 praedicationem
3253 4914 3509 4984 apostoli-

1930 5026 2046 5065 cam
2084 5011 2366 5067 manifeste
2406 5013 2711 5076 traduntur,
2744 5013 2861 5067 istae
2900 5018 3045 5066 sunt.
3069 5049 3083 5063 .
3106 5051 3122 5062 .
3145 5046 3157 5061 .
3185 5007 3311 5076 quia
3351 5003 3508 5061 Iesus

1928 5104 2177 5159 Christus
2229 5104 2342 5174 ipse
2394 5104 2483 5174 qui
2524 5105 2702 5170 venit,
2754 5111 2879 5157 ante
2928 5114 3143 5155 omnem
3200 5106 3506 5150 creaturam

1933 5205 2093 5250 natus
2123 5214 2188 5251 ex
2224 5198 2382 5252 Patre
2411 5206 2512 5254 est.
2541 5196 2641 5264 Qui
2676 5211 2797 5251 cum
2829 5195 2882 5249 in
2915 5195 3152 5248 omnium
3198 5189 3507 5243 conditione

1932 5288 2079 5343 Patri
2120 5278 2475 5344 ministrasset
2536 5292 2661 5359 (per
2706 5289 2878 5357 ipsum
2932 5286 3073 5338 enim
3137 5281 3311 5335 omnia
3364 5280 3504 5349 facta

1932 5391 2053 5435 sunt
2079 5380 2168 5447 ⁸³),
2194 5381 2496 5435 novissimis
2531 5382 2857 5452 temporibus
2884 5378 3120 5447 seipsum
3166 5374 3501 5434 exiuauieus,

1934 5474 2099 5528 homo
2140 5472 2315 5527 factus
2370 5474 2681 5528 incarnatus
2745 5482 2828 5528 est
2879 5487 2998 5526 cum
3049 5469 3186 5522 Deus
3235 5477 3404 5530 esset,
3452 5473 3507 5518 et

1934 5548 2092 5618 homo
2144 5564 2316 5619 factus
2356 5566 2556 5619 mansit
2606 5566 2748 5632 quod
2800 5570 2918 5617 erat
2976 5561 3149 5623 Deus,
3177 5576 3194 5609 ι
3230 5567 3361 5621 etc.;
3399 5553 3503 5607 nisi

1931 5657 2051 5725 quis
2100 5657 2236 5713 forte
2282 5658 2395 5713 lucc
2440 5672 2471 5712 a
2523 5655 2718 5711 Ruﬁno
2763 5655 3051 5724 depravata
3101 5657 3374 5706 causetur.
3410 5644 3505 5699 llis

1550 5831 1593 5865 ‘9
1634 5829 1787 5889 Joan.
1830 5845 1878 5898 t,
1903 5829 1958 5885 3.
