4054 6310
510 327 625 382 307

1778 319 1839 373 Ρ.
1882 316 2195 373 DANIELIS
2228 316 2461 371 IlUETII

3661 324 3773 379 808

519 447 791 505 subnectit
828 443 1178 513 Theophilus,
1221 457 1342 498 cum
1392 441 1588 498 dixerit
1620 442 1879 513 Origenes
1920 443 2097 513 ψυχὴν
2128 448 2172 503 Α
2201 439 2252 492 iu
2300 438 2468 504 prima
2524 435 2809 499 Pace/tali,
2848 442 2903 490 et
2945 435 3086 504 apud
3117 434 3516 491 Theodoretum
3570 436 3624 490 in
3655 438 3778 491 dia-

522 544 720 596 dictam
752 540 860 593 ἀπὸ
900 537 993 592 τοῦ
1038 537 1249 607 ψύχειν,
1290 539 1429 604 quod
1478 536 1779 590 animarum
1841 552 1992 592 amor
2038 537 2090 590 in

526 634 693 689 Deum
736 642 790 685 et
844 630 1085 685 cbaritas
1134 628 1428 690 refrixerit,
1464 642 1777 695 persuasum
1808 628 1856 683 ei
1903 642 2095 682 consc-

524 730 753 790 quenter
800 719 963 773 fuisse
1011 708 1205 770 animae
1250 715 1446 769 Christi
1488 715 1771 782 pristinum
1826 715 2096 770 remisisse

525 813 725 865 amoris
781 811 833 863 in
893 809 1057 862 Deum
1117 806 1400 860 fervorem.
1455 804 1652 860 .Futilis
1694 820 1757 859 ac
1810 807 2094 875 nugatoria

525 902 759 956 hominis
805 898 1111 969 impotentis
1151 898 1443 954 cavillatio.
1489 896 1589 952 Cui
1635 898 1968 952 consimilem
2012 896 2093 949 al-

527 1005 695 1050 teram
736 995 896 1049 habct
938 992 1113 1049 Guido
1146 991 1433 1047 Carmelita
1482 992 1534 1046 in
1575 990 1797 1047 Summa
1827 991 1891 1043 de
1937 990 2092 1055 hicn,

525 1090 578 1143 in
615 1091 803 1144 haeres.
841 1088 1154 1158 Origenist.,
1185 1087 1377 1154 cuique
1421 1094 1643 1139 assouat
1688 1084 1788 1137 ista
1837 1083 2093 1151 Paganini

522 1176 807 1229 Gandcntii
846 1176 1183 1230 ratiocinatio
1212 1175 1265 1228 in
1309 1173 1401 1230 lib.
1440 1172 1518 1226 De
1560 1172 1951 1240 comparatione
1998 1172 2098 1227 do-

524 1273 685 1334 gmat.
720 1262 961 1334 Origenis
1009 1281 1127 1317 cum
1172 1262 1495 1333 philosOphia
1527 1260 1787 1324 Platonis,
1833 1277 1953 1329 cap.
1983 1262 2053 1316 35
2074 1281 2092 1317 ι

532 1380 551 1408 ι
583 1358 793 1412 Animae
833 1369 1050 1426 propter
1074 1364 1318 1424 peccata,
1360 1356 1508 1423 juxta
1532 1353 1838 1424 Origenem,
1871 1369 2094 1423 corpora

525 1452 787 1516 subeunt;
812 1451 988 1503 anima
1021 1463 1149 1516 ergo
1166 1447 1367 1501 Christi
1401 1432 1677 1516 peccatum
1708 1447 1942 1501 admisit.
1978 1467 1996 1500 ι
2022 1449 2098 1501 Ac

524 1542 571 1595 si
614 1541 734 1611 quis
763 1541 892 1594 illud
928 1539 1227 1608 Prophetae,
1269 1554 1288 1588 ι
1320 1537 1507 1592 Omnis
1545 1539 1703 1592 homo
1731 1538 1961 1591 mendax
1990 1538 2091 1602 ",1

525 1640 872 1700 usurpantem
905 1644 1045 1683 nunc
1076 1627 1305 1695 aliquem
1354 1625 1499 1681 velut.
1549 1625 1869 1696 sacrilegum
1915 1626 2098 1680 redar—

525 1731 673 1791 guat,
699 1720 839 1790 quod
864 1720 1109 1774 Christus
1142 1722 1300 1774 homo
1328 1718 1416 1778 sit,
1445 1732 1508 1770 ac
1539 1718 1850 1771 mendacem
1875 1717 2099 1785 proinde

2199 531 2318 600 logo
2346 530 2432 584 cui
2481 528 2664 582 titulus
2706 528 3109 595 'AO'Uj‘xUt'Oc,
3162 529 3442 583 censuisse
3482 528 3773 599 Origeuem

2197 623 2429 675 animam
2457 636 2617 690 quam
2658 621 2953 687 assumpsit
2984 619 3159 677 Filius
3207 621 3339 684 Dei,
3381 631 3435 676 et
3470 622 3646 691 ipsum
3679 621 3774 676 Dei

2196 710 2390 766 Filium
2426 724 2588 764 unum
2623 724 2779 774 esse,
2804 711 3259 778 quemadmodum
3307 712 3463 766 Pater
3506 724 3563 767 et
3608 712 3778 769 Filius

2204 820 2369 859 unum
2405 816 2549 859 sunt.
2596 802 2734 857 Hinc
2784 802 2858 856 illi
2904 804 3182 858 commoda
3225 805 3450 859 vexandi
3488 820 3589 874 pro
3630 822 3783 861 more

2202 912 2300 950 suo
2331 894 2582 965 Origenis
2606 909 2763 959 ansa,
2788 909 2947 964 quam
2979 896 3079 964 ipsi
3106 904 3284 951 tamen
3309 899 3777 966 extorquebimus.

2197 986 2333 1041 Nam
2359 989 2589 1056 primum
2620 986 2865 1056 agnoscit
2893 985 3090 1040 ibidem
3123 985 3450 1055 Theophilus
3481 989 3547 1042 de
3573 990 3777 1044 anima:

2198 1080 2399 1136 Christi
2431 1080 2692 1151 dignitate
2719 1093 2867 1136 recte
2896 1081 3185 1150 aliquando
3203 1083 3437 1137 sensisse
3456 1082 3775 1154 Origenem,

2200 1186 2427 1240 eamque
2454 1171 2567 1226 Deo
2598 1172 2774 1226 Verbo
2814 1173 3126 1228 inferiorem
3157 1174 3471 1230 credidisse.
3500 1174 3776 1231 Praeterea

2205 1276 2328 1315 cum
2360 1261 2593 1314 animam
2622 1260 2821 1315 Christi
2850 1271 2905 1316 et
2938 1261 3174 1315 Verbum
3214 1275 3378 1315 unum
3409 1276 3532 1317 esse
3562 1262 3774 1329 docuit,

2201 1351 2655 1420 quemadmodum
2702 1352 2863 1406 Pater
2914 1362 2969 1407 et
3011 1352 3181 1406 Filius
3232 1367 3394 1407 unum
3446 1363 3618 1419 sunt;
3668 1368 3775 1408 non

2196 1458 2366 1497 unum
2409 1456 2531 1497 esse
2582 1442 2749 1496 voluit
2810 1445 2997 1498 eadem
3049 1445 3259 1500 unitate
3305 1446 3358 1499 in
3399 1444 3625 1513 specie,
3677 1445 3775 1500 sed

2202 1540 2389 1591 eadem
2440 1536 2649 1593 unitate
2694 1535 2749 1591 in
2788 1551 3007 1607 genere.
3056 1536 3248 1592 Unitas
3296 1539 3443 1592 enim
3496 1536 3677 1593 Patris
3722 1546 3777 1593 et

2203 1628 2325 1683 Filii
2376 1630 2428 1684 in
2482 1644 2547 1684 eo
2593 1629 2988 1684 convenitcum
3018 1630 3226 1685 unitate
3258 1630 3419 1684 Verbi
3452 1638 3509 1684 et
3558 1630 3775 1696 animae,

2204 1721 2345 1789 quod
2377 1720 2445 1775 ad
2491 1720 2630 1802 idem
2667 1736 2856 1792 genus,
2887 1723 3393 1797 unitatemﬂnempe,
3433 1733 3665 1790 utraque
3692 1737 3778 1777 re—

528 1813 743 1866 diXerit.
773 1812 852 1865 Ac
885 1812 935 1865 si
978 1825 1082 1864 non
1112 1810 1321 1879 aliquas
1361 1808 1521 1863 etiam
1570 1808 1779 1862 animas
1822 1808 1887 1861 ad
1932 1806 2102 1862 oﬂicia
2137 1814 2179 1868 Β
2214 1810 2458 1866 feratur:
2489 1802 2631 1865 in'eo
2664 1821 2844 1866 autem
2876 1810 3163 1879 diﬂ‘eruut,
3205 1813 3350 1881 quod
3380 1812 3561 1866 unitas
3599 1812 3777 1866 Patris

527 1904 835 1958 hominibus
865 1902 1165 1957 exhibenda
1189 1902 1475 1970 deputasse
1505 1900 1670 1954 Deum
1698 1898 1959 1969 Origenes
1991 1901 2095 1955 sibi

531 1996 769 2061 finxerit,
818 2005 874 2049 ut
928 1994 1154 2048 inferius
1199 1991 1706 2046 demonstrabimus.
1764 1990 2100 2046 Justiniauus

530 2103 660 2140 vero
690 2088 792 2141 hoc
826 2086 997 2156 ipsum
1028 2085 1278 2155 Origenis
1303 2084 1549 2138 delirium
1584 2082 1867 2151 exagitans
1898 2083 1950 2136 iu
1984 2084 2101 2151 epi-

531 2179 664 2233 stola
695 2179 762 2231 ad
793 2177 1024 2241 Menam,
1067 2177 1151 2231 his
1180 2174 1457 2230 Athanasii
1494 2174 1662 2229 utitur
1699 2174 1877 2229 verbis
1905 2194 1918 2229 :
1946 2174 2101 2227 Εἰκό-

529 2286 637 2334 τως
664 2266 1095 2337 καταγνώσονται
1137 2265 1313 2336 ὲαυτῷ
1342 2266 1542 2329 πάντες
1570 2268 1617 2320 οἱ
1645 2264 1955 2337 νομίζοντες
1996 2266 2101 2337 πρὸ

529 2360 628 2431 τῆς
676 2361 891 2431 Μαρίας
936 2356 1074 2412 εἶναι
1118 2358 1214 2429 τὴν
1262 2357 1320 2425 ἐξ
1364 2358 1534 2428 αὐτῆς
1581 2358 1793 2429 σάρκα,
1849 2358 1940 2410 καὶ
1996 2358 2101 2427 πρὸ

528 2450 733 2521 ταύτης
797 2449 1084 2520 ἐσχηκέναι
1151 2449 1328 2520 ψυχὴν
1395 2448 1759 2519 ἀνθρωπίνην,
1817 2447 1907 2500 τὸν
1970 2447 2101 2502 Θεὸν

531 2542 720 2610 Λόγον,
764 2542 857 2594 καὶ
906 2544 964 2593 ἐν
1007 2542 1142 2611 αὐτῇ
1193 2539 1297 2610 πρὸ
1326 2538 1425 2608 τῆς
1478 2539 1769 2611 ἐπιδημίας
1813 2539 1898 2593 ἀεὶ
1944 2559 2103 2611 γεγε-

531 2633 745 2704 νῆσθαι.
785 2651 803 2683 ‹
834 2631 1021 2685 Merito
1051 2646 1170 2685 sese
1198 2630 1529 2685 damnabunt
1560 2646 1748 2685 omnes
1779 2636 1869 2702 qui
1918 2634 2105 2687 existi-

537 2732 686 2776 mant
716 2732 841 2776 ante
880 2722 1099 2775 Mariam
1144 2738 1267 2777 esse
1298 2736 1514 2775 carnem
1548 2737 1668 2791 quae
1696 2738 1763 2779 ex
1800 2740 1860 2780 ea
1897 2734 2005 2791 est;
2041 2742 2105 2781 ac

535 2825 661 2867 ante
703 2829 821 2869 eam
853 2815 1106 2869 habuisse
1156 2817 1392 2868 animam
1432 2816 1721 2869 humanam
1764 2815 1929 2870 Deum
1981 2818 2108 2871 Ver-

535 2906 684 2973 bum,
725 2917 779 2961 et
830 2907 882 2962 in
935 2923 994 2964 ea
1057 2918 1182 2963 ante
1244 2908 1533 2961 adventum
1598 2922 1810 2978 semper
1868 2909 2100 2965 fuisse»

541 2997 748 3061 Quibus
779 3013 880 3051 non
922 3008 1028 3052 tam
1068 2998 1359 3069 perstringi
1400 2998 1611 3052 videtur
1642 2995 1920 3067 Origenes,
1945 3014 2104 3069 quam

537 3088 767 3155 Apelles,
798 3089 995 3158 aliique
1022 3091 1113 3160 qui
1143 3090 1415 3145 Christum
1448 3092 1513 3146 de
1540 3090 1678 3146 cmlo
1705 3106 1923 3146 carnem
1955 3093 2107 3147 detu-

2206 1911 2261 1956 et
2300 1901 2421 1956 Filii
2468 1902 2539 1956 sit
2566 1903 2744 1956 unitas
2788 1910 3011 1966 naturze,
3051 1904 3235 1958 unitas
3279 1902 3565 1969 essentiaa;
3598 1903 3779 1957 unitas

2202 2007 2328 2047 vero
2361 1993 2522 2047 Verbi
2554 2004 2609 2048 et
2649 1995 2861 2059 animae,
2895 1994 2966 2050 sit
3000 1995 3180 2049 unitas
3204 1994 3571 2065 hypostatica,
3604 1994 3782 2048 unitas

2200 2098 2463 2153 personae.
2482 2082 2944 2151 Quemadmodum
2974 2084 3116 2138 enim
3136 2100 3259 2140 cum
3292 2085 3457 2140 solem
3489 2086 3778 2154 pulchrqu

2205 2174 2345 2238 dico,
2363 2184 2416 2228 et
2435 2173 2652 2228 domum
2678 2174 2977 2245 pulchram,
3000 2178 3282 2245 utriusque
3300 2176 3771 2247 pulchritudinem

2203 2266 2448 2320 eamdem
2498 2266 2620 2320 dico
2669 2280 2901 2333 genere,
2952 2267 3350 2337 discrepantem
3402 2269 3623 2338 specie;
3674 2269 3778 2323 alia

2202 2358 2401 2426 quippe
2442 2368 2525 2411 est
2554 2359 2745 2413 domus
2776 2358 3118 2428 pulchritudo
3140 2402 3155 2427 ,
3186 2359 3287 2415 alia
3320 2361 3450 2416 solis
3488 2380 3501 2415 :
3547 2362 3783 2430 pessime

2206 2450 2481 2504 enimvero
2512 2465 2720 2505 mecum
2750 2454 2945 2523 egerit,
2986 2454 3031 2508 si
3064 2455 3184 2522 quis
3208 2454 3329 2508 inde
3365 2468 3451 2507 me
3480 2453 3666 2507 lumen
3695 2453 3786 2508 do-

2208 2540 2317 2593 mui
2356 2540 2612 2595 tribuisse
2639 2580 2656 2607 ,
2705 2541 2802 2596 soli
2854 2541 3281 2609 fundamentum,
3325 2543 3784 2611 contignationes,

2201 2639 2255 2684 et
2286 2628 2558 2699 fastigium
2592 2631 2974 2688 calumnietur.
3007 2633 3120 2689 Nec
3153 2634 3394 2688 ﬁetitiam
3437 2649 3562 2690 esse
3589 2646 3647 2690 et
3683 2635 3782 2688 fri—

2202 2723 2380 2776 volam
2424 2725 2562 2779 hanc
2603 2725 3005 2781 distinctionem
3052 2728 3288 2783 ostendit
3335 2726 3463 2781 illud
3496 2728 3783 2783 Athanasii

2205 2811 2257 2865 in
2288 2810 2581 2883 Symbolo:
2615 2833 2634 2866 ι
2677 2815 2831 2870 Sicut
2859 2817 3036 2870 anima
3068 2816 3347 2871 rationalis
3394 2826 3449 2870 et
3478 2832 3612 2871 caro
3649 2833 3784 2873 unus

2205 2914 2288 2961 est
2331 2908 2525 2971 homo,
2570 2907 2641 2961 ita
2689 2909 2829 2963 Deus
2872 2917 2928 2963 et
2958 2908 3121 2962 homo
3155 2923 3294 2961 unus
3337 2917 3421 2961 est
3451 2906 3724 2962 Christus.
3761 2927 3779 2959 ι

2205 2995 2340 3051 Nam
2375 3012 2501 3053 cum
2534 3000 2714 3053 anima
2750 3012 2957 3057 constet
2986 3002 3148 3055 homo
3181 3008 3238 3055 et
3266 3013 3494 3069 corpore
3528 3010 3783 3070 tanquam

2207 3090 2457 3159 partibus
2486 3108 2650 3147 unum
2679 3094 2883 3165 aliquid
2915 3092 3272 3150 cﬂicientibus
3301 3132 3318 3160 ,
3356 3091 3495 3147 Deus
3522 3101 3705 3146 autem
3733 3103 3787 3147 et

538 3178 665 3231 lisse
693 3180 1002 3237 censebant.
1044 3180 1100 3234 ln
1135 3181 1399 3237 nefarium
1446 3194 1623 3239 autem
1661 3182 1929 3253 Origcuis,
1965 3181 2106 3252 quod
2133 3169 2176 3226 C
2212 3186 2403 3246 homo,
2444 3201 2551 3240 non
2608 3195 2863 3255 tanquam
2913 3200 3095 3256 partes
3129 3187 3403 3244 Christum
3454 3190 3789 3245 constituant

535 3269 919 3336 exposuimus,
968 3272 1162 3342 dogma
1239 3277 1535 3330 secundum
1581 3290 1737 3330 suum
1784 3282 1842 3329 et
1889 3274 2106 3328 tertium

545 3362 774 3413 intentat
833 3364 1346 3419 anathematismum
1411 3365 1745 3422 Justiuianus
1793 3364 1857 3419 ad
1907 3363 2109 3419 calcem

537 3454 778 3523 epistola:
806 3454 1046 3527 ejusdem
1082 3458 1148 3509 ad
1178 3455 1411 3513 Menam.
1440 3456 1590 3524 Quod
1634 3458 1700 3512 ad
1731 3457 1874 3512 illam
1904 3462 2112 3526 spectat

536 3547 839 3601 animarum
888 3546 1248 3618 προΰπαρξιν,
1293 3550 1435 3604 unde
1469 3552 1585 3605 haec
1631 3548 1883 3620 Origenis
1926 3561 2112 3602 mana-

540 3648 731 3693 verunt
779 3639 845 3694 de
880 3641 1055 3696 anima
1107 3641 1307 3697 Christi
1360 3650 1699 3707 commenta,
1746 3642 1813 3697 de
1863 3657 1925 3696 ea
1974 3640 2110 3695 intra

541 3731 947 3799 disputabimus.
989 3730 1116 3787 lude
1154 3747 1284 3787 sane
1326 3733 1637 3803 pestiteram
1678 3734 1926 3789 haeresim
1961 3748 2111 3789 suam

537 3820 803 3876 conflasse
862 3823 1116 3878 videntur
1180 3823 1496 3879 Theodorus
1555 3824 2001 3895 Mopsuestenus,
2055 3834 2113 3878 et

543 3925 663 3982 post
695 3930 816 3969 eum
862 3914 1187 3972 Nestorius:
1226 3918 1355 3971 inde
1393 3926 1447 3972 et
1487 3918 1773 3972 adductum
1821 3916 2112 3988 Eutychem

539 4004 810 4073 eonjectat
836 4003 946 4059 Leo
989 4020 1124 4075 papa
1168 4006 1220 4059 iu
1261 4007 1487 4075 epistola
1526 4007 1591 4061 ad
1628 4006 1898 4063 lulianum
1938 4006 2116 4061 Coeli--

544 4111 694 4161 sem,
743 4107 802 4150 ut
847 4098 1111 4167 duplicem
1162 4098 1366 4153 Christi
1424 4108 1672 4155 naturam
1716 4100 1823 4173 πρὸ
1876 4102 1975 4173 τῆς
2023 4100 2111 4154 ὲν-

540 4186 729 4253 ὠσεως
759 4189 922 4243 fuisse
939 4188 1247 4257 afﬁrmaret,
1272 4190 1425 4261 quasi
1456 4192 1692 4245 animam
1718 4192 1861 4246 illius
1897 4203 2025 4246 tunc
2064 4194 2115 4245 in

544 4282 685 4338 coelo
714 4281 1027 4338 crediderit.

616 4394 982 4451 Oflensionem
1021 4404 1199 4451 autem
1248 4409 1355 4449 nou
1387 4396 1613 4451 haberet
1645 4394 1786 4465 quod
1818 4393 1966 4459 {dixit
1996 4393 2119 4449 Ori-

2215 3276 2354 3346 (fleri
2390 3278 2532 3331 enim
2564 3291 2669 3331 non
2712 3286 2885 3348 potest
2912 3278 3078 3335 Deum
3113 3296 3232 3337 esse
3267 3294 3472 3351 partem
3499 3282 3664 3335 totius
3695 3280 3787 3333 ali-

2212 3369 2423 3439 cujus);
2457 3369 2648 3423 falsum
2690 3369 2796 3424 erit
2834 3370 3000 3426 Deum
3050 3381 3105 3427 et
3151 3373 3425 3429 hominem
3466 3392 3635 3430 unum
3672 3389 3789 3431 esse

2211 3460 2514 3525 Christum,
2545 3460 2685 3515 sicut
2732 3459 2911 3515 anima
2966 3463 3243 3519 rationalis
3287 3475 3342 3520 et
3374 3481 3504 3522 caro
3538 3483 3684 3523 unus
3708 3477 3791 3521 est

2210 3553 2391 3619 homo,
2419 3552 2523 3607 nisi
2576 3553 2823 3607 eamdem
2856 3562 3163 3623 repetamus
3196 3556 3599 3614 distinctionem
3627 3575 3787 3631 quam

2212 3658 2374 3712 Supra
2416 3642 2786 3709 adhibuimus,
2843 3644 3009 3699 Deum
3039 3654 3093 3700 et
3138 3645 3409 3703 hominem
3454 3664 3622 3705 unum
3671 3666 3790 3707 esse

2213 3736 2455 3790 dicentes
2499 3734 2775 3789 Christum
2815 3736 3004 3790 eadem
3058 3737 3267 3795 unitate
3313 3738 3365 3792 in
3421 3754 3655 3810 genere,
3687 3758 3788 3812 qua

2214 3828 2393 3880 anima
2417 3825 2698 3880 rationalis
2725 3836 2782 3881 et
2810 3841 3006 3897 corpus
3033 3836 3119 3883 est
3146 3828 3307 3884 homo
3333 3846 3349 3895 ;
3383 3841 3440 3885 at
3468 3846 3574 3886 non
3599 3833 3788 3888 eadem

2215 3919 2424 3974 unitate
2461 3920 2514 3973 in
2546 3919 2746 3988 specie.

2288 4053 2354 4108 Χ.
2390 4053 2699 4110 Gennadius
2756 4054 3105 4113 Massiliensis
3153 4058 3206 4111 in
3253 4056 3392 4112 libro
3423 4057 3501 4111 De
3528 4057 3791 4127 dogmati-

2219 4147 2352 4211 bus,
2395 4161 2553 4216 quem
2604 4147 2906 4217 Augustino
2950 4148 3168 4216 quidam
3220 4146 3358 4202 falso
3403 4149 3789 4217 ascripserunt,

2224 4252 2344 4305 cap.
2367 4237 2438 4305 2,
2471 4237 2550 4292 sic
2593 4237 2776 4293 scribit
2806 4255 2820 4291 :
2858 4254 2878 4289 ι
2920 4235 3089 4292 Natus
3128 4245 3364 4307 estergo
3394 4237 3483 4292 Dei
3527 4237 3701 4293 Filius
3727 4254 3789 4294 ex

2226 4328 2476 4395 homine,
2515 4337 2569 4382 et
2600 4342 2705 4381 non
2753 4341 2852 4397 per
2884 4328 3198 4395 hominem;
3228 4328 3281 4382 id
3313 4336 3420 4396 est,
3457 4343 3560 4383 non
3597 4344 3665 4383 ex
3695 4330 3789 4384 viri

2220 4421 2364 4476 coitu
2392 4461 2408 4487 ,
2443 4421 2582 4477 sicut
2613 4420 2781 4476 Ebion
2834 4421 2969 4476 dicit
3004 4439 3019 4489 ;
3053 4421 3146 4476 sed
3180 4434 3397 4475 carnem
3443 4435 3509 4475 ex
3558 4419 3791 4490 Virginis

548 4503 737 4554 genes,
764 4487 1218 4556 quemadmodum
1256 4489 1417 4544 homo
1446 4488 1557 4551 ille,
1589 4487 1681 4558 qui
1707 4484 1884 4542 Verbo
1912 4486 1965 4541 in
2008 4503 2105 4540 una

2220 4526 2448 4583 corpore
2497 4512 2741 4577 trahens,
2775 4521 2830 4567 et
2875 4526 2982 4566 non
3036 4515 3102 4567 de
3130 4511 3273 4567 ctelo
3305 4525 3487 4566 secum
3539 4509 3789 4577 all‘ereus,

548 4595 773 4649 persona
815 4581 1136 4650 conjunctus
1187 4591 1271 4635 est
1296 4623 1311 4648 ,
1346 4580 1515 4635 Deum
1549 4580 1602 4634 in
1656 4594 1715 4635 se
1750 4579 2010 4650 suscepit,
2040 4579 2114 4633 ita

549 4685 649 4723 nus
684 4685 894 4738 quoque
922 4687 1019 4738 pro
1049 4682 1162 4727 rata
1202 4687 1325 4728 esse
1358 4686 1518 4743 posse
1549 4671 1639 4727 Dei
1690 4670 1989 4741 participes
2014 4710 2030 4736 ,
2072 4670 2117 4725 si

550 4763 737 4831 gratim
769 4762 895 4815 illud
924 4764 1119 4818 divina:
1140 4805 1155 4831 ,
1192 4780 1297 4819 non
1337 4763 1570 4843 propriis
1603 4763 1812 4819 meritis
1841 4772 2117 4831 acceptum

551 4852 826 4907 retulisset
851 4870 864 4907 :
898 4853 975 4907 sic
1000 4853 1144 4908 enim
1171 4854 1504 4924 Augustinus
1532 4853 1623 4909 lib.
1663 4853 1737 4908 De
1776 4854 2121 4923 prwdestina-

551 4946 692 4999 tione
719 4953 1041 5011 sanctorum,
1083 4961 1203 5017 cap.
1234 4946 1339 5001 15:
1371 4964 1390 4998 ι
1427 4944 1583 5001 Sicut
1606 4962 1736 5017 ergo
1769 4946 2124 5016 pra-destina-

554 5045 639 5091 tus
670 5038 865 5099 cstille
890 5053 1048 5105 unus,
1078 5048 1137 5091 ut
1166 5048 1326 5107 caput
1354 5048 1597 5093 nostrum
1638 5047 1823 5103 esset,
1860 5038 1933 5093 ita
1963 5038 2116 5093 multi

554 5131 917 5198 prmdestinali
965 5145 1194 5199 sumus,
1229 5140 1286 5186 ut
1334 5132 1572 5187 membra
1621 5132 1737 5201 ejus
1782 5148 2052 5189 essemus.
2094 5152 2113 5186 ι

556 5221 686 5275 Item
731 5240 745 5277 :
812 5243 831 5276 ι
884 5225 955 5277 Ea
995 5225 1167 5295 gratia
1219 5225 1278 5279 ﬁt
1328 5223 1395 5279 ab
1450 5224 1604 5278 initio
1650 5225 1775 5278 fidei
1817 5240 1925 5279 sua:
1962 5227 2120 5282 homo

552 5311 863 5380 quicunque
908 5314 1283 5380 Christianus,
1316 5329 1417 5385 qua
1470 5314 1639 5383 gratia
1693 5315 1851 5369 homo
1907 5315 1995 5371 ille
2052 5316 2120 5372 ab

556 5402 710 5457 initio
741 5401 917 5458 lactus
944 5417 1026 5460 est
1057 5408 1328 5463 Christus.
1375 5426 1393 5459 ι

629 5513 720 5569 IX.
754 5514 1023 5573 Memoria:
1059 5519 1297 5589 prodidit
1347 5517 1680 5589 Theophilus
1727 5518 2125 5577 Alexandrinus

628 5736 679 5769 ’θ
726 5737 868 5795 l'sal.
898 5756 1021 5807 cxv,
1069 5743 1157 5799 ll.

2219 4605 2359 4658 sicut
2389 4603 2625 4658 Marcion
2644 4643 2661 4668 ,
2686 4602 2946 4675 Origenes
2975 4612 3029 4660 et
3064 4604 3231 4658 Ebion
3273 4603 3566 4658 afﬁrmant.
3615 4622 3635 4655 ι
3665 4604 3792 4671 Qua:

2217 4694 2261 4748 si
2293 4692 2362 4747 ad
2390 4708 2615 4748 examen
2664 4708 3003 4759 revocemus,
3042 4694 3198 4748 fidem
3253 4693 3525 4747 amittent.
3576 4691 3791 4747 Falsum

2218 4786 2418 4856 quippe
2441 4794 2525 4841 est
2555 4786 2875 4842 arbitratum
2912 4785 3245 4841 Marcionem
3285 4800 3507 4842 carnem
3556 4786 3627 4841 de
3663 4786 3794 4840 cmlo

2220 4877 2498 4930 Christum
2521 4875 2794 4932 attulisse.
2819 4876 3002 4931 Sensit
3034 4878 3122 4931 ille
3141 4876 3382 4947 quidem,
3407 4886 3792 4947 praeceptorem

2226 4986 2383 5026 suum
2410 4970 2711 5026 Cerdonem
2741 4978 3062 5036 assectatus,
3090 4971 3355 5042 quidquid
3385 4978 3569 5026 actum
3601 4971 3657 5025 in
3691 4982 3791 5024 ter-

2225 5064 2300 5118 ris
2334 5079 2363 5117 a
2397 5062 2635 5128 Christo,
2656 5072 2710 5117 et
2742 5062 3183 5118 administratum
3212 5072 3330 5130 est,
3359 5063 3543 5131 specie
3568 5072 3791 5127 tantum,

2226 5170 2332 5209 non
2382 5169 2440 5209 re
2479 5170 2607 5209 vera
2658 5164 2868 5223 gestum
2917 5155 3128 5222 fuisse;
3180 5170 3283 5210 nec
3337 5170 3521 5209 veram
3560 5154 3795 5211 induisse

2226 5260 2468 5312 carnem,
2491 5246 2585 5302 sed
2606 5256 2972 5316 apparentem.
2991 5246 3161 5314 Quem
3194 5262 3434 5303 errorem
3460 5247 3513 5301 in
3550 5246 3792 5315 proxime

2229 5340 2579 5409 sequentibus
2613 5354 2736 5394 cum
2762 5339 3077 5395 Gennadius
3106 5340 3221 5407 ipse
3251 5338 3529 5404 confutet,
3559 5339 3650 5394 hic
3675 5351 3795 5391 vero

2231 5431 2495 5486 intactum
2528 5432 2925 5501 praetermittat,
2961 5433 3226 5488 intellexit
3256 5431 3398 5487 haud
3428 5431 3591 5486 dubie
3615 5444 3790 5485 verum

2230 5537 2295 5578 ac
2328 5522 2560 5579 solidum
2588 5535 2783 5592 corpus
2816 5521 3037 5580 Christo
3068 5539 3096 5579 a
3128 5523 3398 5578 Marcioue
3434 5521 3601 5577 fuisse
3631 5520 3792 5575 tribu-
