4054 6310
284 369 384 439 sos

1098 362 1678 421 ()RIGENIANORUM
1718 363 1846 418 LIB.
1888 361 1954 426 ll,
1997 360 2150 417 CAP.
2194 360 2257 425 ll,
2296 360 2579 429 QUEST.
2621 362 2710 416 ΙΙΙ.

3438 366 3554 422 8ἲο

286 502 397 545 ιιιιιι
424 529 440 554 ,
472 488 915 545 contradicturus
950 486 1186 555 alioquin
1234 488 1337 540 hoc
1385 500 1599 556 quoque
1630 485 1784 550 loco,
1810 484 1859 538 si
1893 487 1936 546 Α
1965 484 2085 548 hat,
2120 497 2184 537 ac
2229 497 2324 551 per
2358 479 2580 534 Mariam
2614 480 2759 532 velut
2810 494 2909 548 per
2943 482 3189 537 canalem
3241 482 3551 545 transiisse,

284 580 484 636 falsum
514 595 714 649 corpus
749 579 967 634 Christo
990 577 1311 645 ascripsisse
1346 576 1523 647 ipsum
1549 576 1863 633 existimas-

284 683 389 727 set.
422 672 614 726 Simile
637 670 915 742 quidpiam
952 669 1016 722 de
1040 668 1318 722 Marcione
1352 668 1615 737 scriptum
1649 667 1867 737 reliquit

282 761 514 833 Vigilius
546 763 637 818 lib.
668 779 726 817 ιιι
754 769 938 816 contra
963 758 1251 829 Eutychen:
1275 775 1294 814 :
1331 776 1351 811 ι
1393 759 1727 830 Eutychiana
1759 759 1867 813 ha:-

282 855 421 907 n-sis
456 855 508 907 in
542 855 595 907 id
633 852 925 923 impietatis
976 852 1231 921 prolapsa
1280 861 1365 906 est
1408 865 1619 917 errore,
1671 860 1733 903 ιιι
1762 866 1864 905 non

280 948 460 1001 solum
488 946 650 1003 Verbi
696 956 754 1002 et
792 947 978 1002 carnis
1007 961 1171 1000 unam
1203 944 1394 1001 credat
1432 959 1554 1001 esse
1590 954 1863 1007 naturam,

280 1053 471 1092 verum
504 1039 665 1094 etiam
714 1039 853 1093 hanc
888 1038 1135 1093 eamdem
1170 1051 1392 1093 carnem
1449 1054 1553 1093 non
1606 1040 1673 1095 de
1710 1054 1868 1095 sacro

282 1129 467 1185 Marias
494 1129 733 1201 Virginis
771 1144 999 1198 corpore
1039 1137 1413 1197 assumptam,
1463 1129 1557 1183 sed
1606 1128 1674 1184 de
1725 1130 1868 1184 cmlo

284 1225 460 1289 dicat,
499 1224 658 1295 juxta
688 1223 970 1278 infandum
1003 1221 1273 1277 Valentini
1305 1232 1360 1277 et
1392 1221 1683 1278 Marcionis
1713 1238 1866 1278 erro-

285 1331 427 1380 rem,
460 1316 623 1370 fuisse
646 1316 957 1369 deductam.
986 1315 1067 1367 lla
1091 1313 1441 1381 pertinaciter
1471 1313 1711 1368 Verbum
1743 1329 1866 1368 car—

284 1422 415 1461 nem
446 1422 698 1463 asserens
728 1407 952 1471 factum,
997 1416 1054 1460 ut
1082 1422 1175 1475 per
1210 1406 1486 1478 Virginem
1510 1444 1524 1470 ,
1551 1420 1615 1461 ac
1647 1408 1690 1461 si
1723 1423 1862 1476 aqua

284 1514 389 1568 per
423 1498 657 1554 ﬁstulam
695 1498 960 1553 transisse
1004 1498 1292 1562 videatur;
1332 1514 1437 1552 non
1489 1509 1665 1553 tamen
1717 1509 1775 1553 ut
1800 1500 1868 1555 de

290 1589 516 1658 Virgine
531 1590 736 1659 aliquid
766 1589 907 1658 quod
937 1588 1109 1643 nostri
1141 1589 1211 1644 sit
1235 1589 1474 1659 generis,
1509 1591 1870 1658 assumpsisse

284 1683 559 1736 videatur.
600 1700 623 1735 ο
659 1683 729 1736 At
756 1680 949 1737 falsum
972 1694 1092 1735 esse
1120 1696 1338 1737 carnem
1363 1682 1594 1738 solidam
1621 1682 1674 1737 in
1706 1681 1867 1737 Chri-

287 1783 378 1829 sto
429 1773 759 1845 Marcionem
819 1774 1108 1844 agnovisse
1174 1774 1455 1832 declarant
1502 1774 1868 1830 Tertullianus

289 1862 389 1917 lib.
421 1877 483 1917 ιιι
514 1838 898 1917 εοιιιναίιιατξ.
918 1902 935 1930 ,
962 1876 1084 1931 cap.
1122 1861 1181 1915 li
1206 1902 1219 1925 ,
1244 1873 1300 1917 et
1330 1872 1439 1917 toto
1483 1863 1579 1920 lib.
1610 1863 1687 1918 De
1712 1880 1870 1919 carne
1902 1838 1943 1893 Β

290 1956 535 2018 Christi,
575 1966 630 2009 et
680 1956 921 2024 passim,
982 1964 1037 2010 et
1101 1955 1421 2010 Philastrius
1456 1957 1589 2010 hazr.
1630 1971 1753 2010 xuv
1816 1966 1872 2013 et

292 2064 434 2114 xcv;
463 2048 795 2117 Epiphanius
812 2050 944 2104 haer.
969 2064 1082 2114 xu,
1108 2063 1226 2118 cap.
1254 2050 1305 2114 l,
1339 2060 1394 2104 et
1423 2050 1553 2105 haer.
1583 2064 1714 2114 xw,
1747 2066 1866 2121 cap.

292 2140 333 2194 2
354 2181 370 2205 ,
402 2150 455 2194 et
484 2140 858 2194 Theodoretus
906 2138 1057 2193 Nwr.
1102 2140 1213 2207 fab.
1241 2140 1363 2205 :lib.
1402 2156 1417 2195 ι
1445 2180 1461 2208 ,
1487 2155 1607 2209 cap.
1640 2141 1732 2197 24.
1761 2142 1872 2199 Nec

296 2235 479 2288 verius
506 2242 589 2288 est
622 2247 938 2301 persuasum
984 2231 1113 2285 illud
1150 2232 1315 2287 fuisse
1348 2232 1569 2303 Origeni
1590 2273 1605 2298 ,
1639 2234 1783 2303 quod
1821 2235 1868 2288 ei

298 2325 503 2396 aliingit
548 2324 898 2389 Gennadius;
946 2325 1111 2378 verba
1149 2324 1417 2392 siquidem
1446 2324 1566 2395 ejus
1601 2326 1716 2381 haec
1745 2337 1875 2381 sunt

295 2418 483 2472 homil.
517 2417 583 2472 14
612 2419 664 2473 in
699 2416 827 2471 Luc.
854 2431 874 2470 .'
911 2435 931 2469 ι
964 2415 1117 2481 Quod
1151 2416 1368 2484 quidem
1399 2426 1455 2471 et
1484 2419 1745 2473 adversus
1777 2433 1873 2474 eos

294 2508 449 2572 facit,
482 2509 573 2577 qui
608 2518 802 2578 negant
850 2507 1137 2562 Dominum
1170 2518 1415 2563 nostrum
1443 2510 1736 2565 humanum
1779 2513 1873 2567 ha-

292 2599 480 2653 buisse
507 2613 723 2669 corpus,
743 2600 839 2654 sed
867 2599 1207 2664 cmlestibus,
1228 2610 1283 2653 et
1306 2600 1676 2669 spiritualibus
1704 2601 1873 2657 fuisse

291 2701 629 2746 contextum.
669 2693 723 2746 Si
765 2692 908 2747 enim
955 2694 1023 2749 de
1068 2693 1397 2757 coelestibus,
1430 2705 1486 2748 et
1517 2703 1577 2749 ut
1611 2695 1685 2750 illi
1736 2696 1873 2752 falso

293 2792 550 2839 asserunt
575 2827 589 2849 ,
619 2784 683 2838 de
710 2784 1002 2850 sideribus,
1048 2795 1104 2839 et
1128 2784 1233 2838 alia
1263 2788 1499 2853 quadam
1547 2786 1873 2854 sublimiori,

294 2876 635 2947 spiritalique
666 2887 857 2931 natura
892 2892 1090 2947 corpus
1118 2878 1233 2944 ejus
1264 2878 1460 2943 fuerit,
1508 2881 1874 2949 respondeant

294 2982 488 3036 quare,
525 2985 544 3018 ι
579 2977 686 3022 etc.
717 2966 947 3023 Homilia
982 2983 1200 3038 quoque
1234 2969 1298 3022 l7
1330 2969 1383 3023 in
1431 2971 1681 3026 eumdem
1710 2986 1876 3027 evan-

291 3059 575 3130 geliSIam,
602 3062 667 3116 ad
697 3062 749 3116 id
776 3061 920 3131 quod
950 3062 1181 3117 habetur
1205 3077 1327 3133 cap.
1358 3081 1431 3129 ιι,
1467 3078 1612 3121 vers.
1641 3066 1711 3120 54
1752 3087 1765 3122 :
1803 3065 1897 3119 Et.

291 3152 351 3204 in
389 3152 597 3221 signum
626 3153 712 3206 cui
749 3153 1143 3207 contr-adiretur
1165 3169 1184 3208 :
1216 3172 1235 3205 ι
1269 3152 1535 3211 Omnibus
1583 3172 1701 3227 quae
1745 3174 1867 3211 nar-

295 3253 384 3297 rat
408 3244 636 3301 historia
664 3245 730 3300 de
750 3245 1050 3310 Salvatore,
1072 3247 1492 3303 contradicitur.
1519 3247 1683 3320 Virgo
1701 3260 1873 3305 mater

295 3345 420 3401 est;
452 3337 659 3407 signum
683 3347 767 3392 est
795 3338 880 3391 cui
904 3339 1313 3393 contradicitur.
1347 3339 1706 3398 Marcionista:
1747 3358 1874 3397 con-

298 3428 579 3483 tradicunt
614 3430 739 3483 huic
772 3429 926 3497 signo
954 3470 968 3494 ,
999 3438 1053 3484 et
1088 3432 1239 3487 aiunt
1268 3433 1484 3502 penitus
1513 3448 1633 3488 eum
1665 3435 1729 3489 de
1754 3452 1876 3490 uiu-

296 3518 435 3574 liere
490 3534 595 3574 non
647 3536 766 3575 esse
800 3531 1157 3590 generatum;
1196 3523 1457 3580 Ebionitm
1500 3526 1877 3581 contradicunt

295 3614 459 3684 signo
483 3653 499 3680 ,
535 3614 776 3668 dicentes
816 3628 881 3667 ex
915 3613 1031 3668 viro
1062 3623 1117 3669 et
1162 3615 1388 3672 muliere
1420 3618 1492 3672 ita
1521 3629 1705 3672 natum
1731 3633 1872 3683 esse,
1906 3645 1911 3651 ·

297 3716 360 3760 ut
390 3719 491 3760 uos
515 3719 727 3775 quoque
751 3706 1045 3761 nascimur.
1081 3706 1282 3762 Habuit
1307 3723 1506 3780 corpus
1536 3711 1870 3777 humanum;
1901 3757 1904 3759 Α

294 3803 355 3853 et
385 3795 490 3849 hoc
515 3795 725 3866 signum
775 3803 856 3849 est
884 3795 968 3850 cui
998 3796 1425 3861 contradicitur,
1464 3797 1554 3851 alii
1609 3798 1754 3851 enim
1791 3799 1873 3851 di-
1908 3828 1909 3831 η

296 3895 430 3939 cunt
455 3900 578 3939 eum
610 3887 823 3941 venisse
860 3886 925 3940 de
951 3886 1122 3941 caelis.
1161 3905 1180 3937 ι
1211 3887 1323 3942 lloc
1365 3903 1491 3942 vero
1512 3903 1698 3943 errore
1724 3890 1876 3958 peni-‘

300 3987 389 4035 tus
425 3978 756 4048 implicatum
791 3979 957 4035 fuisse
996 3980 1292 4052 Eutychem
1323 3980 1610 4036 conﬁrmat
1639 3980 1873 4045 Fulgen-

303 4072 411 4124 tius
444 4085 689 4139 respons.
721 4072 754 4125 4
795 4072 859 4125 ad
888 4071 1226 4127 Ferrandum
1266 4073 1480 4128 diacon.
1514 4073 1652 4129 lluic
1683 4074 1877 4143 praslu-

298 4168 449 4216 serat
479 4161 712 4229 Apelles,
732 4161 883 4226 cujus
909 4163 1178 4217 insaniam
1216 4163 1364 4217 illam
1389 4165 1613 4234 exponit
1637 4164 1876 4235 Epipha-

303 4256 428 4310 nius
453 4256 582 4310 haer.
623 4272 774 4320 xuv,
806 4272 928 4324 cap.
956 4256 990 4310 2
1012 4294 1028 4319 ,
1073 4267 1128 4310 et
1157 4255 1531 4312 Theodoretus
1561 4257 1655 4312 lib.
1684 4272 1699 4312 ι
1735 4255 1872 4311 Fab.
1906 4310 1909 4315 .

301 4350 435 4405 nam
464 4389 479 4415 ,
507 4365 627 4419 cap.
661 4348 753 4403 25.
786 4350 1043 4417 Apellitas
1094 4359 1275 4406 autem
1309 4363 1520 4405 veneno
1549 4364 1648 4404 suo
1685 4347 1911 4404 Orien-~

303 4453 412 4511 tein
448 4442 746 4498 inﬁcientes
770 4445 1012 4499 coercuit
1051 4445 1344 4515 Origenes,
1379 4445 1456 4499 uti
1504 4443 1558 4499 iu
1609 4442 1723 4513 ejus
1768 4445 1875 4499 vita

300 4535 698 4592 declaravimus
722 4576 739 4599 ,
780 4540 976 4593 nedum
1037 4541 1093 4595 in
1132 4553 1320 4593 eorum
1370 4537 1684 4593 vecordiam
1743 4551 1875 4592 con-
1909 4570 1952 4624 υ

300 4629 494 4684 sensit.

374 4721 467 4777 XI.
496 4722 714 4793 Origeni
746 4738 960 4795 quoque
991 4725 1262 4796 objectum
1296 4732 1413 4788 est,
1450 4723 1619 4779 fuisse
1649 4737 1876 4792 persua-

303 4829 421 4870 sum
449 4815 527 4870 illi
561 4818 882 4872 ementitum
917 4832 1115 4888 corpus
1149 4828 1204 4871 et
1230 4817 1411 4888 specie
1437 4826 1590 4872 tenus
1612 4830 1878 4885 apparens

302 4919 547 4979 gestasse
569 4910 869 4975 Christmu,
899 4926 1004 4966 non
1029 4926 1217 4966 verum
1247 4929 1260 4977 ;
1285 4920 1342 4967 et
1367 4910 1518 4966 falsis
1550 4911 1877 4982 imaginibus

302 5000 621 5056 illudentem
650 5002 845 5067 oculis,
872 5003 1125 5059 inanibus
1160 5002 1567 5065 miraculorum,
1594 5003 1873 5065 laborum,

307 5101 810 5161 tormentorumque
823 5094 1029 5149 umbris
1043 5095 1290 5150 credulos
1315 5094 1562 5148 homines
1584 5093 1876 5148 inescasse.

302 5183 590 5252 Proprium
627 5185 678 5238 id
708 5184 813 5240 fuit
855 5187 1235 5241 hazreticorum
1278 5187 1489 5241 illorum
1525 5186 1753 5256 dogma,
1788 5187 1879 5255 qui

302 5293 372 5331 ex
408 5291 475 5332 eo
500 5280 894 5346 φαντασιασταὶ
924 5288 978 5334 et
1000 5280 1227 5351 δοκηταὶ
1254 5280 1357 5336 dici
1382 5288 1729 5335 meruerunt:
1763 5289 1885 5348 post

302 5382 537 5437 quorum
587 5369 907 5438 signiferum
944 5370 1223 5425 Simonem
1283 5371 1497 5442 Magum
1548 5371 1708 5441 primi
1758 5386 1881 5440 pro-

304 5468 614 5528 pugnarunt
644 5458 774 5512 illud
806 5458 1106 5522 Basilides,
1137 5460 1482 5524 Valentinus,
1513 5458 1711 5522 Cerdo,
1744 5458 1883 5512 Mar-

304 5550 391 5605 cio
435 5558 493 5604 et
548 5548 899 5605 Manichteus.
942 5548 1086 5605 Inter
1123 5566 1260 5620 quos
1295 5549 1614 5606 Valentinus
1642 5548 1884 5620 spiritale

307 5642 577 5712 quoddam
612 5658 815 5713 corpus
861 5657 893 5698 e
938 5643 1079 5698 creto
1121 5643 1395 5698 Christum
1439 5643 1702 5701 detulisse
1734 5642 1881 5698 vole-

415 5825 459 5855 '“
515 5823 533 5876 l
568 5824 708 5879 Cor.
746 5838 813 5880 xv
840 5856 857 5883 ,ε
886 5821 973 5876 4⁸1.
1054 5823 1097 5852 τ’
1126 5820 1299 5875 Zach.
1330 5837 1413 5886 Ill,
1437 5821 1491 5878 3.

712 5920 984 5980 Pawnou.
1020 5919 1133 5978 Gn.
1171 5918 1372 5979 XVII.

1970 574 2101 628 nihil
2135 574 2258 627 inde
2289 581 2611 625 sumentem.
2661 570 2817 625 Falsa
2851 586 2979 637 eos,
3028 574 3072 627 si
3116 572 3245 641 quid
3292 573 3553 640 conjicio,

1969 665 2071 720 loci
2109 665 2268 735 hujus
2300 662 2685 733 interpretatio
2711 662 2949 717 delusit:
2992 681 3010 714 ι
3047 663 3262 719 Primus
3291 665 3456 720 homo
3482 665 3548 720 de

1971 767 2136 821 terra,
2172 767 2463 823 terrenus;
2510 753 2780 810 secundus
2833 754 2995 811 homo
3037 757 3104 810 de
3159 757 3330 821 ccelo,
3384 757 3551 812 cocle-

1970 848 2069 903 stis
2089 849 2162 904 '“.
2198 867 2216 898 ι
2251 848 2464 917 Apelles
2496 856 2675 902 autem
2714 867 2734 898 ‹
2770 846 3048 903 Christum
3085 865 3259 919 neque
3290 849 3340 905 in
3367 850 3554 941 phan-

1972 949 2204 994 tasmate
2228 939 2553 995 dicitluisse
2592 940 2733 995 sicut
2784 938 3017 994 Marcion
3047 981 3062 1006 ,
3103 957 3279 1010 neque
3328 943 3381 996 in
3425 938 3552 998 Stin

1969 1033 2163 1084 stantia
2200 1033 2308 1085 veri
2345 1032 2591 1100 corporis
2616 1070 2630 1093 ,
2666 1040 2723 1084 ut
2759 1029 3107 1099 Evangelium
3140 1033 3333 1087 docet:
3366 1036 3461 1095 sed
3498 1036 3561 1089 iu.

1971 1139 2035 1180 eo
2066 1126 2211 1194 quod
2241 1139 2271 1179 e
2304 1125 2677 1194 superioribus
2720 1128 2967 1196 partibus
3011 1127 3400 1193 descenderet,
3436 1128 3553 1199 ipso

1971 1217 2232 1272 descensu
2292 1217 2559 1271 sideream
2627 1217 2728 1272 sibi
2773 1234 2991 1272 carnem
3046 1228 3102 1273 et
3150 1234 3363 1273 aeream
3418 1234 3567 1273 con-..

1971 1310 2226 1365 texuisse.
2252 1328 2270 1361 ι
2296 1306 2473 1365 Verba
2506 1318 2630 1363 sunt
2659 1309 2974 1365 Tertulliani
3011 1310 3105 1365 lib.
3132 1310 3207 1363 De
3230 1314 3553 1380 prwscript.,

1971 1417 2092 1471 cap.
2125 1401 2216 1455 5|.
2252 1400 2396 1455 ldem
2425 1416 2642 1471 quoque
2680 1403 2746 1456 de
2784 1403 3081 1471 Apollinari
3117 1403 3342 1457 adnotat
3373 1403 3550 1457 Theo-

1971 1494 2256 1565 phylactus
2282 1495 2333 1548 in
2366 1511 2429 1550 ιιι
2460 1495 2621 1549 Joan.
2645 1492 2798 1550 Unde
2819 1510 2847 1548 a
2872 1494 3155 1550 Valentino
3183 1511 3285 1549 non
3322 1497 3550 1551 multum

1973 1584 2240 1640 ahlusisse
2268 1594 2564 1654 utrumque
2585 1584 2801 1656 planum
2833 1595 2937 1642 est.
2965 1587 3099 1643 Tres
3124 1588 3197 1642 illi
3233 1598 3409 1645 tamen
3441 1592 3571 1653 τοῖς.

1972 1677 2400 1743 φαντασιασταῖς
2427 1676 2704 1729 accenseri
2740 1686 2999 1745 possunt,
3029 1676 3110 1730 ὄτι
3145 1678 3206 1731 τὸ
3249 1677 3380 1732 αὐτό
3413 1680 3551 1742 ἐστι,

1974 1766 2148 1836 inquit
2176 1766 2410 1821 lrenmus
2428 1805 2443 1831 ,
2469 1765 2688 1838 δοκήσει
2715 1765 2891 1835 λέγειν
2916 1770 3247 1839 πεφηνέναι,
3282 1770 3373 1823 καὶ
3402 1770 3555 1824 οὐδὲν

1974 1862 2039 1913 ἐκ
2062 1859 2162 1930 τῆς
2180 1858 2398 1930 Μαρίας
2428 1857 2723 1929 εἰληφέναι.
2753 1860 2886 1912 Οὐδὲ
2905 1860 3013 1932 γὰρ
3040 1856 3106 1932 ἦν
3135 1861 3347 1933 ἀληθῶς
3377 1862 3555 1934 σάρκα

1976 1950 2069 2006 καὶ
2099 1945 2238 2022 αἷμα
2267 1948 2535 2022 ἐσχηκὼς,
2569 1950 2635 2003 δι’
2681 1943 2755 2005 ὧν
2784 1954 2934 2023 ἡμᾶς
2966 1953 3331 2024 ὲῇγοράσατο
3350 1993 3365 2019 ,
3394 1956 3442 2008 εἰ
3477 1955 3573 2029 μὴτ

1973 2045 2071 2117 τὴν
2103 2043 2336 2117 ἀρχαίαν
2384 2044 2578 2099 πλάσιν
2608 2044 2701 2098 τοῦ
2747 2046 2921 2117 Ἀδὰμ
2949 2047 3031 2110 εἰς
3063 2046 3250 2101 ἑαυτὸν
3282 2046 3551 2119 ἁνεκεφα-

1973 2136 2265 2189 λαιώσατο.
2304 2153 2325 2186 ι
2361 2133 2496 2202 Quia
2536 2136 2678 2190 idem
2704 2147 2787 2192 est
2813 2137 2995 2192 dicere
3028 2139 3205 2207 specie
3236 2154 3358 2193 eum
3384 2156 3553 2212 appa-

1976 2229 2170 2292 ruisse,
2204 2236 2260 2281 et
2304 2228 2438 2281 nihil
2476 2228 2543 2282 de
2592 2227 2757 2282 Maria
2812 2229 3131 2297 sumpsisse.
3181 2228 3367 2300 Neque
3409 2236 3553 2289 enim

1976 2335 2106 2375 vere
2134 2334 2357 2375 carnem
2387 2330 2442 2374 et
2475 2322 2795 2390 sanguinem
2831 2322 3144 2388 habuisset,
3185 2339 3284 2390 per
3309 2338 3431 2393 quae
3457 2341 3557 2389 nos

1977 2414 2230 2477 redemit,
2263 2413 2367 2468 nisi
2402 2422 2558 2469 vetus
2586 2412 2779 2469 Adami
2811 2413 3127 2485 ﬁgmentum
3157 2416 3213 2470 in
3242 2430 3363 2470 sese
3385 2416 3554 2471 colle-

1976 2508 2163 2576 gisset.
2213 2525 2232 2557 ι
2279 2505 2670 2562 ﬂmretieorum
2718 2522 2881 2577 porro
2926 2507 3142 2563 illorum
3202 2509 3557 2579 nequissimis

1975 2612 2212 2653 consona
2235 2598 2442 2664 dixisse,
2466 2598 2756 2670 Origenem
2786 2602 3084 2655 adversarii
3112 2602 3230 2667 eius
3253 2602 3573 2658 calumniae

1974 2691 2192 2745 bantur.
2220 2709 2239 2741 ι
2271 2691 2470 2758 Quarta
2497 2691 2857 2763 (criminatio)
2879 2704 2997 2762 post
3030 2694 3162 2749 istas
3189 2703 3293 2759 est,
3316 2712 3336 2747 ι
3374 2695 3553 2765 inquit

1976 2783 2291 2853 Pamphilus
2321 2784 2373 2838 in
2404 2783 2692 2855 Apologia,
2728 2802 2746 2836 ι
2782 2800 2902 2854 qua:
2932 2785 3053 2841 istis
3078 2788 3329 2842 omnibus
3358 2788 3554 2842 adver-

1975 2886 2124 2932 satur
2149 2874 2312 2946 (caeca
2339 2876 2483 2931 enim
2514 2886 2596 2931 est
2630 2876 2880 2948 malitia),
2909 2879 3052 2945 quod
3083 2879 3269 2934 dicunt
3293 2894 3417 2935 eum
3468 2882 3553 2935 di-

1976 2984 2099 3025 cere
2130 2969 2369 3041 δοκήσει,
2400 2970 2452 3024 id
2483 2978 2588 3035 est,
2616 2970 2854 3037 putative
2890 2979 3121 3037 tantum,
3149 2982 3204 3026 et
3233 2987 3331 3041 per
3357 2971 3556 3042 allego-

1978 3063 2114 3117 riam
2138 3103 2154 3129 ,
2206 3080 2310 3119 non
2348 3063 2510 3119 etiam
2540 3062 2839 3117 secundum
2872 3077 2935 3117 ea
2982 3078 3100 3133 qua:
3135 3078 3234 3133 per
3266 3063 3553 3119 historiam

1980 3152 2479 3224 referuntur.gesta
2511 3168 2632 3209 esse
2661 3154 2840 3209 omnia
2872 3170 2991 3223 quae
3021 3172 3049 3208 a
3086 3155 3369 3210 Salvatore
3400 3165 3555 3226 gesta

1976 3255 2122 3300 sunt.
2173 3265 2193 3298 ι
2249 3246 2488 3301 Zonaras
2526 3261 2743 3317 quoque
2793 3247 2885 3300 lib.
2937 3262 2974 3301 ιι
3022 3244 3309 3316 Origenem
3361 3250 3552 3306 existi—

1977 3352 2155 3393 masse
2206 3349 2373 3409 negat
2412 3338 2690 3393 Christum
2746 3339 2812 3395 de
2861 3339 3072 3408 virgine
3112 3338 3281 3395 Maria
3337 3355 3556 3396 carnem

1976 3430 2292 3498 sumpsisse.
2317 3429 2468 3486 Hanc
2491 3440 2673 3485 autem
2696 3431 3027 3486 calumniam
3057 3431 3171 3500 ipse
3198 3446 3226 3484 a
3255 3446 3314 3486 se
3340 3433 3559 3500 egregie

1977 3522 2195 3591 depellit
2225 3521 2490 3592 Origenes
2527 3522 2592 3579 iis
2626 3524 2808 3579 verbis
2833 3538 2954 3595 qua
2980 3523 3033 3579 iu
3068 3524 3256 3579 eodem
3287 3524 3560 3594 Apologim
3624 3556 3629 3559 ς

1978 3612 2097 3668 loco
2128 3615 2446 3680 recitantur,
2477 3616 2780 3687 probatque
2812 3632 2877 3672 ex
2924 3616 3223 3686 Scripturis
3248 3617 3460 3675 sanctis
3489 3617 3560 3671 de

1978 3705 2183 3760 semine
2214 3707 2485 3761 Abraham
2514 3717 2568 3762 et
2597 3708 2764 3763 David
2806 3723 2933 3764 vere
2977 3718 3161 3764 natum
3198 3709 3363 3764 fuisse
3392 3708 3557 3764 Chri-

1978 3810 2120 3852 stum
2144 3837 2160 3863 ,
2207 3813 2382 3868 neque
2415 3819 2435 3852 ‹
2476 3800 2715 3870 putative
2738 3840 2755 3867 ,
2798 3811 2849 3856 et
2883 3817 2979 3872 per
3015 3803 3352 3872 phantasiam
3392 3822 3413 3856 ι
3470 3818 3560 3857 res

1979 3906 2104 3948 suas
2128 3893 2402 3962 gessisse;
2433 3908 2609 3963 neque
2642 3893 2892 3964 spiritale
2913 3908 3134 3963 corpus,
3166 3894 3262 3948 sed
3298 3908 3555 3949 carneuin
3581 3918 3583 3921 -

1977 3994 2031 4037 et
2072 3993 2347 4040 terrenum
2400 3986 2845 4052 circumtulisse;
2900 4000 3000 4041 nec
3049 3985 3249 4041 factum
3288 4001 3413 4041 eum
3462 4001 3585 4055 per.

1981 4074 2283 4143 mulierem,
2313 4076 2410 4132 sed
2442 4091 2510 4133 ex
2541 4077 2789 4133 muliere.
2823 4077 3053 4133 Faciunt
3082 4088 3137 4133 et
3180 4093 3245 4133 ea
3297 4094 3394 4147 pro
3441 4080 3559 4149 ipso

1978 4184 2099 4239 qua:
2125 4172 2344 4242 scripsit
2386 4173 2574 4228 homil.
2603 4174 2630 4229 1
2661 4175 2718 4227 in
2742 4173 2960 4238 Ezeclu,
2992 4190 3117 4227 num
3148 4174 3182 4228 4
3209 4193 3222 4228 :
3265 4190 3285 4225 ι
3317 4173 3559 4243 Respon-

1979 4261 2141 4317 dcant
2169 4264 2301 4319 mihi
2335 4265 2600 4331 haeretici,
2630 4266 2721 4337 qui
2766 4267 3103 4321 nativitatem
3139 4266 3281 4319 illius
3308 4264 3558 4337 (Christi)

1979 4366 2037 4410 ut
2066 4356 2388 4427 phantasma
2413 4358 2658 4424 eludunt,
2691 4374 2859 4429 quare
2891 4358 3144 4413 Christus
3176 4357 3345 4412 Filius
3377 4355 3562 4410 Ιιοιιιί-⁶

1980 4449 2064 4501 nis
2091 4449 2425 4520 appellatur;
2461 4469 2480 4502 ι
2510 4459 2567 4504 et
2591 4466 2713 4516 quae
2742 4459 2900 4505 tract.
2931 4464 3077 4504 xxxv
3100 4452 3156 4503 in
3176 4448 3389 4510 Matth”
3408 4464 3560 4502 num.

1980 4541 2069 4609 92,
2098 4558 2217 4612 pag.
2236 4543 2371 4611 902.:
2409 4556 2428 4595 ‹
2464 4542 2777 4613 Suscipiens
2809 4544 2951 4598 enim
2981 4542 3273 4615 (Christus)
3306 4554 3556 4596 naturam

1908 4654 1913 4678 ι
1982 4636 2160 4689 carnis
2183 4636 2450 4702 humanm,
2468 4651 2657 4691 omnes
2686 4636 3047 4705 pr0prietates
3073 4635 3335 4701 implevit,
3359 4646 3416 4689 ut
3451 4648 3556 4688 ncn

1985 4724 2039 4778 in
2074 4726 2357 4794 phantasia
2393 4726 2648 4782 habuisse
2690 4741 2917 4782 carnem
2976 4729 3411 4793 existimaretur,
3463 4726 3556 4780 sed

1982 4818 2036 4871 in
2066 4817 2294 4873 veritate
2320 4836 2335 4885 ;
2375 4837 2394 4870 ι
2427 4830 2481 4874 et
2510 4819 2700 4874 homil.
2731 4820 2798 4874 14
2843 4821 2898 4873 in
2924 4819 3056 4875 Luc.
3077 4836 3096 4875 :
3139 4820 3296 4875 Jecur
3324 4828 3435 4873 erat
3474 4818 3559 4869 in-

1982 4892 2141 4963 dutiis
2167 4911 2389 4965 vestibus
2416 4911 2648 4966 sordidis
2679 4912 2748 4966 ".
2788 4931 2807 4963 ι
2844 4911 2999 4980 Quod
3028 4912 3247 4983 quidem
3279 4923 3333 4965 et
3360 4910 3557 4963 adver-

1982 5014 2074 5054 sus
2100 5014 2194 5056 eos
2223 5000 2354 5057 facit
2382 5003 2471 5071 qui
2515 5012 2714 5074 negant
2744 5004 3028 5059 Dominum
3079 5014 3323 5061 nostrum
3370 5003 3559 5056 Imma-

1984 5106 2112 5145 num
2143 5092 2397 5148 habuisse
2422 5108 2641 5165 corpus,
2672 5096 2765 5150 sed
2798 5096 3113 5150 ctelestibus
3144 5104 3198 5149 et
3224 5093 3569 5165 spiritalibus

1984 5181 2149 5239 fuisse
2174 5185 2596 5243 contextum.‘Si
2642 5187 2784 5240 enim
2816 5188 2881 5241 de
2908 5185 3245 5250 coelestibus,
3275 5193 3332 5240 et
3384 5193 3444 5238 ut
3476 5183 3552 5237 illi

1985 5272 2119 5331 falso
2145 5286 2419 5340 asserunt,
2455 5277 2524 5331 de
2559 5278 2848 5342 sideribus,
2880 5286 2935 5332 et
2968 5277 3077 5331 alia
3104 5276 3337 5347 quadam
3387 5274 3558 5330 subli-

1986 5368 2140 5423 miori
2169 5368 2509 5438 spiritalique
2543 5378 2733 5423 natura
2764 5383 2961 5438 corpus
2982 5368 3102 5439 ejus
3134 5368 3315 5432 fuerit,
3337 5381 3561 5436 respon—

1991 5461 2153 5514 deant
2168 5472 2338 5529 quare
2356 5461 2594 5530 potuerit
2615 5460 2857 5529 spiritale
2880 5474 3080 5531 corpus
3101 5473 3222 5515 esse
3246 5458 3519 5514 sordidum
3541 5472 3557 5519 ;

1990 5561 2084 5605 aut
2121 5551 2394 5621 quomodo
2438 5553 2544 5607 hoc
2569 5552 2995 5621 interpretentur
3023 5550 3165 5621 quod
3215 5548 3502 5621 posuimus
3542 5566 3557 5601 :

1989 5642 2273 5715 laeserat
2309 5645 2527 5700 indutus
2551 5645 2771 5700 vestibus
2809 5643 3077 5700 sordidis?
3106 5662 3124 5697 ι
3146 5652 3198 5700 et
3228 5642 3325 5699 lib.
3356 5658 3393 5697 ιι
3425 5641 3562 5711 Περὶ

3170 5910 3247 5971 29
