4054 6310
509 381 611 437 8H

1773 380 1833 434 P.
1877 379 2191 436 DANIELIS
2232 378 2465 437 IIUETII

3653 387 3756 442 διε

456 561 463 569 ,
506 499 730 571 ἀρχῶν,
762 500 881 568 cap.
909 498 967 563 6,
1001 511 1149 552 num.
1178 495 1252 551 ετ
1291 513 1311 547 ι
1344 494 1568 565 Propter
1598 498 1740 565 quod
1776 513 1897 552 cum
1930 501 2076 553 omni
2107 508 2154 564 Α
2252 501 2416 556 Trahi
2447 515 2659 571 quoque
2687 500 2813 555 illud
2841 508 3014 571 potest
3047 500 3101 555 in
3130 500 3452 557 calumniam
3479 503 3626 572 quod
3654 506 3755 558 ha-

506 604 651 648 mctu
684 600 738 647 et
783 590 1081 647 reverentia
1126 587 1595 657 contemplandum
1637 597 1751 657 est,
1789 600 1848 643 ut
1889 590 1940 643 in
1973 607 2081 646 uno

504 686 803 754 eodemque
830 682 903 737 ita
934 684 1216 749 utriusque
1256 688 1461 734 natura:
1489 680 1692 736 veritas
1740 683 2080 737 demonstre-

505 788 596 833 tur
621 818 635 843 ,
672 787 733 832 ut
768 790 942 844 neque
976 772 1176 843 aliquid
1222 772 1497 843 indignum
1526 782 1581 828 et
1624 773 1880 829 indecens
1910 776 1962 829 in
1997 776 2079 829 di-

501 871 628 924 vina
682 868 775 923 illa
823 876 879 922 et
921 864 1175 920 ineffabili
1224 862 1522 918 substantia
1574 866 1858 933 sentiatur,
1904 881 2079 936 neque

503 975 718 1016 rursum
746 974 865 1028 quae
890 968 1037 1028 gesta
1074 964 1200 1011 sunt
1234 955 1385 1010 falsis
1415 955 1570 1009 illusa
1605 958 1932 1026 imaginibus
1961 960 2078 1012 exi-

505 1056 830 1118 stimentur;
877 1069 897 1104 ι
929 1060 984 1106 et
1014 1050 1109 1104 lib.
1144 1064 1174 1100 v
1208 1049 1264 1101 in
1293 1047 1463 1118 Epist.
1495 1052 1564 1103 ad
1596 1048 1768 1113 Rom,
1819 1066 1968 1106 num.
1998 1051 2072 1104 9:

509 1166 531 1199 r
567 1146 674 1202 Sed
716 1145 821 1200 hoc
856 1154 961 1198 nou
1002 1142 1360 1212 intelligentes
1399 1142 1618 1211 quidam
1677 1141 2074 1205 haereticorum,

500 1240 681 1296 conati
728 1248 857 1295 sunt
898 1253 964 1292 ex
1019 1237 1122 1291 hoc
1165 1236 1406 1303 Apostoli
1456 1234 1573 1289 loco
1604 1234 1787 1303 (Rom.
1823 1248 1895 1299 νι,
1932 1234 1987 1300 5,
2020 1234 2077 1305 6)

501 1347 749 1389 asserere
793 1332 936 1401 quod
983 1329 1232 1385 Christus
1277 1344 1383 1383 non
1425 1342 1552 1382 vere
1585 1335 1829 1380 mortuus
1859 1327 1948 1393 sit,
1981 1329 2074 1380 sed

498 1424 911 1482 similitudinem
959 1422 1150 1477 mortis
1183 1421 1455 1486 habuerit,
1504 1429 1557 1475 et
1588 1420 1739 1474 visus
1776 1420 1848 1475 sit
1899 1419 2075 1489 magis

497 1520 679 1583 mori,
708 1532 868 1587 quam
901 1530 1028 1569 vere
1066 1526 1313 1569 mortuus
1362 1514 1450 1567 sit.
1495 1512 1702 1579 Quibus
1750 1513 2077 1582 respondere

490 1612 757 1682 quoniam
786 1608 1041 1679 perfacile
1067 1617 1171 1669 est,
1194 1622 1297 1661 non
1321 1615 1449 1677 puto
1477 1606 1844 1661 necessarium
1873 1619 1937 1659 ex
1973 1619 2077 1657 cac-

497 1707 634 1762 teris
649 1705 730 1759 vel
759 1702 1028 1772 Apostoli,
1054 1702 1137 1757 vel
1165 1700 1583 1771 Evangeliorum
1608 1698 1795 1760 dictis,
1822 1696 1912 1751 ubi
1945 1697 2077 1751 sim-

497 1797 709 1868 pliciter
739 1809 885 1849 mors
918 1792 1052 1860 ejus,
1089 1802 1143 1847 et
1178 1807 1282 1846 non
1319 1789 1616 1845 similitudo
1646 1789 1840 1842 mortis
1876 1787 2071 1841 scribi-

499 1897 610 1949 tttr,
641 1883 1073 1939 testimoniorum
1105 1882 1314 1951 pondus
1345 1878 1620 1941 adhibere,
1651 1893 1773 1931 cum
1805 1878 2070 1946 possimus

497 1977 564 2030 ad
580 1976 682 2031 eos
711 1976 891 2030 dicere
918 1992 932 2029 :
963 1974 1021 2030 Si
1047 1974 1341 2028 similitudo
1371 1972 1565 2027 mortis
1583 1971 1783 2039 fuit,'et
1813 1987 1915 2026 non
1946 1956 2069 2026 vera

497 2069 851 2135 resurrectio,
873 2076 927 2122 et
960 2083 1056 2121 nos
1076 2081 1205 2137 ergo
1226 2066 1530 2120 videbimur
1558 2080 1861 2135 resurgere,
1889 2074 1941 2118 et
1965 2079 2070 2118 non

498 2174 870 2230 resurgemus:
899 2167 953 2213 et
973 2157 1276 2212 videbimur
1303 2157 1438 2211 mori
1463 2164 1701 2226 peccato,
1729 2164 1782 2211 et
1814 2169 1923 2208 non
1946 2168 2072 2208 vere

498 2254 832 2307 moriemur:
861 2262 916 2306 et
941 2267 1102 2306 omne
1126 2264 1256 2320 ergo
1285 2249 1425 2319 quod
1456 2259 1664 2319 gestum
1695 2258 1801 2315 est,
1836 2257 1890 2301 et
1921 2246 2071 2316 geri-

499 2357 607 2411 tur,
636 2346 809 2399 visum
841 2356 924 2399 est
953 2343 1101 2414 geri,
1132 2341 1227 2396 sed
1279 2357 1384 2395 non
1425 2350 1507 2394 est
1540 2350 1771 2410 gestum.
1813 2338 2072 2406 Superest

497 2439 662 2508 igitur
689 2448 747 2491 ut
775 2447 829 2492 et
854 2438 996 2507 quod
1037 2435 1230 2489 salvati
1278 2449 1486 2498 sumus,
1516 2433 1620 2487 visi
1652 2433 1822 2485 simus
1848 2430 2066 2497 salvari,

495 2530 591 2584 sed
618 2545 720 2582 nou
750 2543 874 2582 vere
910 2526 1099 2581 salvati
1126 2526 1311 2579 simus.
1339 2522 1489 2578 Unde
1518 2522 1770 2591 quoniam
1807 2521 1919 2574 haec
1963 2530 2070 2573 tam

496 2623 729 2677 tbsurda
771 2630 918 2688 sunt,
954 2630 1012 2673 ut
1038 2634 1142 2673 non
1188 2619 1467 2687 indigeant
1511 2613 1939 2686 probationibus,
1974 2628 2070 2666 nos

495 2716 563 2769 :.d
590 2713 1022 2781 explanationem
1050 2725 1238 2765 eormn
1267 2725 1389 2780 quae
1415 2708 1681 2764 habentur
1709 2707 1761 2760 in
1798 2705 2072 2773 sequenti-

496 2822 596 2863 ms
621 2816 1037 2870 convertamur;
1077 2823 1098 2856 ι
1128 2814 1181 2859 ει
1243 2805 1337 2858 lib.
1373 2820 1409 2857 ιι
1455 2811 1636 2856 contra
1686 2798 1823 2854 Cels.
1851 2841 1863 2859 ,
1918 2814 2065 2852 num.

497 2900 586 2965 :6,
635 2915 757 2968 pag.
792 2896 938 2951 402:
985 2894 1274 2949 Ἐλαθειδὲ
1315 2893 1475 2947 αὑτὸν
1520 2892 1580 2945 τὸ
1625 2891 1903 2964 εἰρηκέναι
1948 2889 2070 2943 τινὰ

495 2993 603 3047 τῶν
630 2994 688 3044 ὲν
709 2993 827 3054 ταῖς
855 2988 1115 3061 αἱρέσεσι,
1146 2989 1364 3059 δοκήσει
1402 2985 1494 3039 τὸν
1535 2982 1741 3056 Ἰησοῦν
1766 2982 1936 3037 ταῦτα
1970 3000 2070 3036 πε-

495 3083 770 3147 πονθέναι,
799 3083 859 3136 οὑ
893 3080 1215 3134 πεπονθότα.
1252 3080 1325 3134 Οὐ
1358 3078 1467 3150 γὰρ
1528 3077 1782 3146 ἐγνωκὼς
1810 3072 1925 3129 εἶπε
1967 3074 2031 3127 τό
2051 3091 2068 3105 '

495 3177 617 3231 ιὺδὲ
641 3176 750 3247 γὰρ
772 3175 930 3229 τοῦτο
966 3173 1180 3239 εῐπετε,
1207 3173 1288 3225 ὅτι
1316 3171 1486 3225 ἐδόκει
1539 3171 1635 3241 μὲν
1664 3174 1778 3234 τοῖς
1822 3169 2070 3224 ἀσεϐέσιν

495 3266 801 3338 ἀνθρώποις
832 3265 1003 3319 ταῦτα
1036 3265 1286 3334 πάσχειν,
1311 3263 1409 3315 οὐκ
1431 3262 1634 3333 ἔπασχε
1662 3262 1745 3315 δέ·
1778 3260 1891 3315 ἀλλ’
1921 3261 2067 3315 ἄντι-

494 3378 632 3432 κρυς
662 3360 856 3413 παθεῖν
894 3357 1233 3430 ὁμολογεῖται
1258 3373 1271 3387 ο
1308 3356 1424 3409 ἀλλ’
1466 3357 1628 3426 ἡμεῖς
1671 3354 1733 3407 τὸ
1770 3354 1948 3407 δοκεῖν
1977 3353 2069 3405 ἐπὶ

493 3452 587 3505 τοῦ
619 3453 808 3505 παθεῖν
833 3450 894 3505 οὐ
923 3452 1191 3521 τάσσομεν
1210 3492 1223 3515 ,
1262 3450 1347 3502 ἵνα
1385 3448 1458 3520 μὴ
1492 3446 1691 3519 ψευδὴς
1726 3444 1892 3498 αὐτοῦ
1917 3444 2065 3516 καὶὴ

493 3544 788 3607 ἀνάστασις
818 3537 874 3614 ᾖ,
900 3540 1014 3594 ἀλλ’
1046 3540 1270 3611 ἀληθής.
1307 3539 1364 3592 Ὀ
1395 3537 1503 3609 γὰρ
1526 3536 1739 3609 ἀληθῶς
1764 3533 2068 3599 ἀποθανὼν,

493 3637 546 3689 εἱ
584 3636 779 3706 ἀνέστη
801 3674 815 3699 ,
845 3632 1058 3706 ἀληθῶς
1080 3632 1302 3703 ἀνέστη.
1346 3631 1406 3685 Ὀ
1432 3630 1489 3683 δὲ
1519 3628 1693 3682 δοκῶν
1730 3626 2066 3698 τεθνηκέναι,

493 3726 595 3780 οὐκ
630 3725 851 3798 ἀληθῶς
878 3726 1100 3795 ἀνέστη.
1129 3724 1265 3779 Hinc
1296 3722 1439 3777 illius
1470 3722 1522 3776 in
1566 3720 1925 3775 Marcionistis
1951 3718 2072 3787 opi-

494 3819 676 3872 nionis
705 3818 1024 3872 damnandos
1066 3831 1130 3871 ac
1158 3814 1496 3870 confutanda:
1521 3821 1702 3881 partes
1745 3811 2070 3865 Adamantio

494 3916 643 3962 recte
679 3907 868 3962 tribuit
897 3916 1091 3961 auctor
1123 3905 1318 3974 dialogi
1365 3903 1441 3957 De
1480 3911 1622 3956 recta
1658 3903 1713 3956 in
1741 3900 1908 3955 Deum
1937 3899 2067 3969 ﬁde,

495 4008 628 4054 sect.
656 3999 709 4051 4.

568 4089 679 4145 XII.
715 4089 846 4155 Quae
877 4103 1000 4142 cum
1033 4088 1103 4141 ita
1130 4087 1273 4150 sint,
1308 4085 1505 4139 mirum
1531 4084 1700 4139 videri
1726 4085 1914 4155 possit,
1939 4083 2067 4153 quid

496 4180 567 4234 sit
612 4196 709 4233 cur
755 4178 938 4233 bomil.
976 4178 1035 4230 17
1075 4178 1128 4229 in
1160 4174 1287 4228 Luc.
1333 4177 1404 4229 ita
1452 4175 1734 4243 scripserit
1768 4172 2067 4244 Origenes:

500 4290 520 4324 ι
560 4271 755 4326 ilabuit
787 4286 983 4340 corpus
1006 4267 1613 4340 humanum(Christus)
1647 4268 1829 4321 ethoc
1858 4268 2066 4336 signum

496 4372 578 4417 est
609 4363 692 4417 cui
729 4361 1140 4417 contradicitur.
1170 4359 1277 4413 Alii
1307 4359 1450 4414 enim
1490 4360 1674 4413 dicunt
1698 4373 1819 4413 eum
1856 4358 2071 4413 venisse

495 4454 563 4509 de
589 4454 780 4518 uelis;
815 4453 903 4506 alii
951 4452 1056 4506 tale
1101 4453 1260 4522 quale
1307 4467 1404 4507 nos
1447 4466 1643 4522 corpus
1692 4450 1983 4516 habuisse,
2013 4459 2070 4505 ut

494 4560 593 4614 per
635 4544 1039 4599 similitudinem
1083 4544 1326 4612 corporis
1388 4542 1550 4597 etiam
1601 4551 1784 4596 nostra
1841 4556 2065 4610 corpora
2099 4568 2144 4623 ι)

494 4635 787 4691 redimeret
812 4650 841 4687 a
887 4634 1144 4702 peccatis,
1183 4644 1237 4689 et
1269 4635 1422 4688 daret
1453 4632 1608 4688 nobis
1640 4648 1789 4701 spem
1822 4646 2066 4687 resurre-

492 4726 715 4780 ctionis.
755 4742 774 4776 »
817 4723 1184 4794 Reprehendit
1228 4739 1320 4783 eos
1353 4723 1617 4794 Origenes
1662 4726 1756 4791 qui
1788 4723 2061 4778 Christum

494 4817 683 4871 dicunt
713 4832 733 4865 ι
776 4813 880 4869 tale
929 4812 1091 4882 quale
1134 4828 1233 4868 nos
1285 4828 1481 4882 corpus
1534 4813 1823 4880 habuisse;
1865 4831 1883 4861 ι
1935 4826 2065 4881 ergo

495 4920 692 4975 corpus
720 4904 890 4958 nostri
934 4904 1192 4957 dissimile
1212 4914 1452 4974 gestasse
1480 4902 1706 4972 putavit.
1740 4902 1794 4955 In
1827 4918 1934 4972 quo
1966 4918 2065 4955 au-

499 5006 604 5051 tem
636 4996 808 5065 posita
852 4995 1018 5049 fuerit
1043 5010 1106 5048 ea
1142 4995 1549 5061 dissimilitudo,
1574 4995 1689 5063 ipse
1738 4996 1987 5049 edisserit
2011 4998 2061 5048 in

495 5088 762 5156 prommio
795 5085 1055 5141 librorum
1095 5085 1238 5155 Περὶ
1264 5084 1499 5152 ἀρχῶν,
1536 5101 1684 5140 num.
1717 5085 1791 5139 ιε
1829 5104 1848 5136 ι
1885 5085 2067 5139 lucar-

497 5189 657 5233 natus
687 5189 769 5234 est
796 5179 1087 5249 (Christus)
1122 5194 1245 5233 cum
1278 5179 1417 5230 Deus
1441 5188 1606 5242 esset,
1636 5186 1691 5232 et
1721 5178 1879 5232 homo
1908 5192 2063 5232 man-

496 5272 566 5325 sit
598 5271 739 5339 quod
786 5271 928 5328 Deus
961 5282 1102 5328 erat.
1134 5270 1340 5340 Corpus
1389 5270 1680 5339 assumpsit
1723 5279 1909 5325 nostro
1940 5286 2068 5325 cor-

495 5364 614 5433 pori
643 5362 840 5427 simile,
870 5379 935 5419 eo
961 5365 1080 5421 solo
1111 5363 1365 5418 diﬂerens
1388 5362 1529 5431 quod
1554 5372 1736 5414 natum
1758 5377 1821 5416 ex
1847 5362 2067 5432 Virgine

497 5455 565 5509 de
598 5453 803 5524 Spiritu
831 5466 1018 5510 sancto
1046 5466 1153 5511 est.
1186 5455 1251 5508 Et
1286 5453 1537 5523 quoniam
1578 5453 1677 5521 ghic
1717 5451 1874 5508 Jesus
1910 5453 2066 5508 Chri-

496 5555 613 5599 8tus
658 5554 816 5598 natus
862 5554 917 5597 et
967 5561 1155 5615 passus
1204 5554 1288 5600 est
1337 5545 1389 5598 in
1436 5551 1682 5607 veritate,
1720 5554 1774 5599 et
1818 5559 1923 5599 non
1973 5559 2068 5611 per

497 5636 839 5707 phantasiam
894 5650 1235 5691 communem
1291 5636 1430 5690 hanc
1489 5646 1716 5691 mortem
1764 5635 2067 5699 sustinuit,

496 5742 625 5782 vere
671 5736 916 5784 mortuus
964 5736 1047 5784 est
1091 5746 1106 5783 :
1158 5742 1285 5783 vere
1336 5728 1479 5786 enim
1530 5746 1559 5786 a
1607 5729 1834 5785 mortuis
1888 5743 2069 5784 resur-

498 5819 659 5885 rexit,
691 5834 711 5869 ι
740 5825 850 5871 etc.

2181 593 2273 647 bet
2293 592 2551 663 Origenes
2582 594 2631 647 in
2659 594 2911 661 Apologia
2938 592 3200 664 Pamphili
3227 610 3292 649 ex
3320 596 3411 650 lib.
3446 612 3462 651 ι
3493 597 3554 651 in
3581 595 3755 666 Epist.

2182 686 2250 738 ad
2286 683 2458 740 σαῖσι.
2486 699 2507 737 :
2539 705 2557 737 ι
2595 684 2700 739 Sed
2729 696 2779 740 et
2809 686 3237 741 circumcisionis
3263 688 3379 758 ejus
3414 691 3556 745 ratio
3600 692 3763 746 nobis

2180 778 2399 846 quidem
2444 794 2550 831 non
2599 777 2879 847 generabit
2921 779 3263 847 angustiam,
3294 781 3598 837 dicentibus
3633 799 3760 837 cum

2180 867 2836 937 consequenterhumano
2862 881 3089 937 corpore
3110 878 3164 922 et
3196 869 3578 925 circumcisum
3610 888 3757 936 esse,

2181 971 2235 1014 et
2261 960 2580 1028 praeputium
2613 957 2728 1026 ejus
2764 966 2922 1011 terra:
2955 961 3269 1013 mandatum
3309 960 3560 1016 fortassis
3582 978 3760 1030 usque

2180 1054 2245 1106 ad
2294 1062 2543 1123 tempus;
2578 1060 2670 1106 aut
2704 1051 2747 1106 si
2795 1052 2956 1105 aliter
2982 1062 3065 1107 est
3088 1092 3103 1117 ,
3141 1053 3193 1106 in
3227 1054 3331 1108 alia
3382 1057 3761 1125 disputatione

2182 1146 2506 1214 requiratur.
2540 1143 2665 1199 Haec
2688 1153 2865 1200 tamen
2896 1146 3011 1216 ejus
3041 1146 3385 1202 circumcisio
3415 1149 3552 1202 satis
3584 1164 3754 1203 coan-

2180 1239 2419 1308 gustabit
2451 1251 2544 1292 eos
2585 1236 2676 1306 qui
2719 1252 2787 1291 ex
2836 1238 3048 1294 diverso
3100 1250 3224 1294 sunt
3256 1240 3332 1311 (id
3373 1250 3475 1305 est,
3504 1240 3754 1313 ἑτεροδόα

2180 1332 2321 1399 ξους,
2358 1347 2463 1401 qua
2510 1332 2729 1387 notione
2768 1331 2954 1387 eadem
3000 1334 3200 1389 locutio
3226 1333 3352 1389 alibi
3396 1336 3745 1407 usurpatur);

2178 1425 2420 1496 spiritale
2459 1423 2603 1479 enim
2637 1438 2835 1492 corpus
2871 1426 3140 1494 quomodo
3184 1434 3397 1494 poterat
3426 1427 3750 1482 circumcidi

2179 1518 2329 1572 ferro
2349 1525 2566 1570 terreno
2585 1515 2608 1568 ?
2628 1512 2850 1585 Propter
2872 1516 3010 1584 quod
3042 1532 3145 1570 non
3169 1518 3501 1572 erubuerunt
3527 1519 3751 1588 quidam

2176 1618 2241 1657 ex
2274 1604 2405 1672 ipsis
2430 1602 2496 1657 de
2539 1604 2799 1674 praeputio
2837 1604 3269 1661 circumcisionis
3302 1606 3418 1677 ejus
3468 1608 3633 1663 etiam
3682 1609 3752 1663 li-

2176 1694 2304 1749 bros
2339 1697 2535 1756 edere.
2568 1695 2765 1765 quibus
2814 1695 3099 1751 ostendere
3136 1706 3467 1752 conarentur
3503 1702 3648 1769 quod
3694 1702 3746 1756 in

2179 1787 2535 1840 substantiam
2568 1785 2795 1840 cesserit
2838 1787 3157 1854 spiritalem.
3187 1787 3300 1842 Non
3352 1789 3529 1845 minus
3559 1801 3744 1845 autem

2178 1879 2608 1947 angustabuntur
2634 1877 2797 1932 etiam
2832 1877 2909 1930 illi
2939 1878 3031 1946 qui
3068 1878 3302 1933 animale
3328 1895 3527 1949 corpus
3558 1880 3750 1937 dicunt

2176 1983 2297 2023 esse
2325 1983 2517 2037 corpus
2549 1966 2770 2023 Christi.
2811 1986 2833 2020 ι
2867 1968 3009 2037 Ergo
3041 1967 3271 2023 animale
3308 1984 3505 2038 corpus
3531 1970 3754 2026 Christo

2178 2059 2479 2126 abjudicat;
2532 2060 2626 2114 sed
2677 2069 2732 2114 et
2785 2060 3101 2123 humanum,
3133 2059 3425 2113 humanum
3478 2061 3753 2131 siquidem

2183 2169 2201 2201 ι
2235 2163 2434 2219 corpus
2473 2149 2704 2205 animale
2740 2167 2763 2202 ι
2805 2151 2955 2218 juxta
2987 2151 3299 2220 Apostolum
3335 2153 3353 2207 Ι
3383 2153 3506 2208 Cor.
3547 2171 3650 2218 xv.,
3680 2155 3753 2209 64

2177 2250 2231 2294 ει
2260 2255 2373 2309 seq.
2405 2238 2603 2295 Verum
2635 2256 2723 2295 res
2753 2240 2910 2296 aliter
2931 2244 3165 2310 putanda
3200 2253 3303 2300 est.
3336 2244 3747 2299 Valentinianos

2178 2332 2439 2402 siquidem
2496 2333 2846 2403 perstringit,
2900 2334 2993 2403 qui
3045 2348 3167 2387 cum
3222 2334 3414 2404 triplex
3465 2335 3751 2392 hominum

2178 2438 2345 2492 genus
2376 2437 2494 2477 esse
2523 2422 2839 2487 sciscerent,
2872 2422 2981 2475 τῶν
3014 2423 3425 2492 πνευματικῶν,
3453 2424 3565 2477 τῶν
3585 2425 3751 2495 ψυχι-

2177 2515 2309 2580 κῶν,
2359 2524 2414 2570 et
2443 2514 2549 2567 τῶν
2582 2515 2781 2585 χοῖκῶν
2812 2518 2901 2585 qui
2950 2527 3003 2572 et
3049 2508 3253 2581 bthot,
3290 2526 3346 2571 et
3397 2518 3652 2588 σαρκικοὶ
3697 2528 3750 2574 ει

2176 2608 2357 2678 γήϊνοι
2394 2605 2461 2659 ab
2491 2607 2595 2660 illis
2639 2606 2957 2661 dicebantur
2981 2649 2997 2675 ,
3033 2616 3089 2662 et
3133 2609 3313 2677 priora
3360 2608 3468 2663 duo
3511 2610 3748 2663 salutem

2177 2710 2431 2752 anternam
2461 2700 2676 2766 assequi
2705 2713 2881 2767 posse.
2909 2700 3173 2767 posterius
3200 2702 3516 2770 neutiquam
3547 2718 3561 2765 ;
3588 2702 3749 2756 Chri-

2179 2801 2324 2843 stum
2346 2805 2452 2843 non
2474 2789 2845 2860 πνευματικὴν
2862 2791 3054 2853 scium,
3086 2790 3179 2845 sed
3199 2790 3433 2862 ψυχικὴν
3466 2792 3630 2845 etiam
3656 2809 3751 2845 na-

2179 2892 2353 2936 turam
2385 2883 2741 2951 assumpsisse
2771 2881 3122 2937 deﬁniebant.
3162 2882 3375 2939 Testem
3425 2884 3616 2940 damus
3644 2884 3751 2938 Im-

2180 2990 2351 3028 nzeum
2378 2975 2515 3043 apud
2553 2975 2907 3044 Epiphanium
2939 2976 3066 3029 liter.
3098 2992 3261 3043 χχιιι,
3315 2992 3434 3045 cap.
3480 2976 3550 3030 ευ
3594 2995 3609 3031 :
3656 2978 3750 3030 Διὸ

2178 3069 2272 3121 καὶ
2301 3067 2503 3138 κόσμον
2528 3068 2959 3122 κατεσκευάσθαι
2987 3068 3231 3137 λέγουσι,
3274 3070 3368 3123 καὶ
3400 3070 3489 3123 τὸν
3516 3070 3748 3142 Σωτῆρα

2177 3160 2234 3212 δὲ
2263 3161 2355 3215 ἐπὶ
2381 3158 2541 3212 τοῦτο
2560 3161 2988 3231 παραγεγονέναι
3018 3162 3079 3213 τὸ
3106 3162 3352 3231 ψυχικὸν,
3385 3162 3505 3214 ἐπεὶ
3534 3164 3629 3215 καὶ
3654 3164 3719 3215 αὑ

2172 3251 2441 3318 τεξούσιόν
2485 3253 2653 3317 ἐστιν,
2700 3254 2848 3316 ὅπως
2888 3252 3018 3307 αὐτὸ
3058 3253 3229 3327 σώσῃ.
3263 3250 3364 3306 Ὧν
3414 3254 3524 3326 γὰρ
3555 3254 3747 3326 ἔμελλε

2172 3342 2400 3411 σώζειν,
2446 3344 2546 3408 τὰς
2587 3345 2837 3416 ἀπαρχὰς
2885 3344 3063 3398 αὐτῶν
3112 3347 3390 3416 εἰληφέναι
3422 3349 3744 3416 φάσκουσιν,

2170 3437 2278 3491 ἀπὸ
2310 3436 2408 3508 μὲν
2449 3438 2549 3509 τῆς
2585 3437 2831 3508 Ἀχαμὼθ
2869 3438 2929 3491 τὸ
2964 3440 3359 3509 πνευματικὸν,
3408 3441 3519 3494 ἀπὸ
3550 3442 3607 3493 δὲ
3651 3439 3744 3495 τοῦ

2168 3529 2511 3601 Δημιουργοῦ
2546 3530 2850 3584 ἐνδεδύσθαι
2879 3532 2941 3583 τὸ
2976 3532 3205 3602 ψυχικὸν
3240 3532 3505 3605 Χριστὸν,
3537 3534 3646 3588 ἀπὸ
3688 3533 3745 3587 δὲ

2168 3622 2267 3691 τῆς
2294 3622 2602 3691 οἰκονομίας
2624 3623 3020 3695 περιτεθεῖσθαι
3053 3624 3210 3695 σῶμα
3236 3624 3470 3695 duxtth
3504 3624 3630 3695 ἔχον
3656 3626 3747 3678 οὺ-

2170 3710 2311 3776 σίαν,
2354 3712 2859 3782 κατεσκευασμένον
2903 3713 2961 3765 δὲ
3004 3714 3229 3786 ἀρρήτῳ
3269 3717 3429 3786 τέχνῃ
3457 3756 3471 3779 ,
3506 3717 3642 3787 πρὸς
3684 3716 3748 3769 τὸ

2169 3805 2264 3858 καὶ
2306 3805 2518 3877 ὁρατὸν,
2564 3806 2658 3859 καὶ
2703 3805 3041 3876 ψηλαφητὸν,
3089 3809 3186 3861 καὶ
3231 3809 3475 3881 παθητὸν
3512 3809 3747 3880 γεγενῆο

2169 3896 2314 3949 σθαι.
2368 3897 2477 3950 Καὶ
2526 3896 2710 3950 ὑλικὸν
2749 3898 2806 3951 δὲ
2860 3899 2966 3951 οὐδ’
3010 3898 3187 3951 ὁτιοῦν
3231 3899 3506 3969 εἰληφέναι
3556 3899 3744 3967 λέγου-

2171 4006 2255 4044 σιν
2292 3988 2473 4046 αὐτόν.
2511 3989 2602 4060 Μὴ
2640 3988 2751 4061 γὰρ
2804 3985 2941 4043 εἶναι
2980 3991 3079 4061 τὴν
3113 3990 3247 4061 ὓλην
3280 3992 3529 4063 δεκτικὴν
3567 4009 3747 4064 σωτη-

2172 4081 2311 4152 ρεας.
2352 4098 2371 4132 ι
2404 4080 2665 4147 Quocirca
2690 4090 2744 4134 et
2780 4083 3033 4135 mundum
3067 4085 3345 4137 conditum
3376 4100 3496 4139 esse
3526 4086 3734 4149 dicunt,

2170 4182 2223 4225 et
2247 4172 2590 4226 Servatorem
2621 4171 2690 4225 ad
2726 4171 2959 4225 animale
2991 4172 3121 4227 illud
3150 4176 3453 4239 devenisse,
3481 4177 3738 4244 quoniam

2171 4264 2420 4319 libertate
2448 4264 2655 4318 arbitrii
2686 4264 2868 4333 pollet,
2896 4271 2953 4317 ut
2982 4265 3034 4318 id
3067 4278 3332 4320 servaret.
3358 4267 3565 4333 Quibus
3594 4268 3743 4321 enim

2169 4357 2395 4412 salutem
2431 4368 2845 4426 comparaturus
2872 4369 3056 4425 esset,
3101 4374 3290 4414 eorum
3338 4362 3609 4429 primitias
3653 4377 3745 4413 as-

2171 4447 2467 4516 sumpsisse
2507 4448 2734 4515 dicunt;
2766 4455 2833 4503 ab
2863 4450 3170 4506 Achamoth
3216 4451 3435 4519 quidem
3468 4453 3737 4521 spiritale,

2171 4539 2239 4593 ab
2260 4537 2467 4607 Opiﬁce
2495 4553 2629 4591 vero
2655 4540 2894 4595 animale
2911 4540 3184 4596 Christum
3213 4544 3454 4597 Induisse
3479 4562 3495 4596 :
3527 4556 3744 4612 propter

2170 4631 2697 4685 administrationem
2761 4643 2940 4688 autem
3002 4649 3151 4688 suam
3199 4635 3646 4703 circumpositum
3694 4636 3744 4687 ei

2170 4722 2338 4776 fuisse
2373 4736 2569 4790 corpus
2617 4722 2834 4777 animali
2883 4734 3077 4779 natura
3126 4728 3407 4794 praeditum
3437 4764 3453 4790 ,
3488 4725 3741 4779 ineﬂ‘abili

2170 4827 2300 4868 vero
2327 4823 2445 4868 arte
2467 4823 2864 4881 constructum,
2892 4828 2949 4872 ut
2971 4819 3166 4882 videri,
3200 4820 3344 4886 tangi
3374 4828 3427 4871 et
3475 4819 3586 4884 pati
3625 4833 3743 4886 pos-

2171 4914 2277 4960 set.
2307 4904 2449 4959 Nihil
2482 4916 2661 4960 autem
2694 4913 2921 4964 materia
2950 4920 3206 4964 constans
3253 4910 3404 4963 illum
3438 4911 3746 4977 suscepisse

2172 4998 2356 5052 dicunt
2391 5014 2407 5065 ;
2454 5000 2737 5055 materiam
2786 5005 2986 5073 quippe
3034 5003 3230 5059 salutis
3268 5002 3582 5072 neutiquam
3625 5017 3743 5055 esse

2174 5105 2450 5160 capacem.
2489 5110 2508 5144 ι

2244 5182 2379 5239 XIII.
2421 5184 2497 5239 Ac
2535 5187 2798 5256 cogitanti
2830 5188 2960 5242 mihi
2992 5191 3133 5244 unde
3167 5188 3309 5242 hanc
3333 5188 3398 5241 de
3432 5202 3492 5241 se
3526 5186 3743 5239 violatae

2173 5272 2528 5330 humanitatis
2552 5276 2778 5343 Christi,
2811 5280 2967 5348 eique
3001 5280 3118 5334 falsi
3166 5279 3327 5332 aﬂicti
3364 5280 3613 5347 corporis
3654 5292 3744 5329 su—

2173 5366 2469 5435 spicionem
2493 5370 2847 5423 commoverit
2872 5370 3157 5438 Origenes,
3183 5372 3361 5423 locum
3401 5386 3566 5423 unum
3601 5384 3738 5436 prato

2175 5463 2259 5508 ter
2284 5457 2591 5526 superiores
2627 5457 2763 5512 duos
2811 5462 3042 5527 reperio,
3071 5460 3210 5513 unde
3242 5461 3355 5513 haec
3406 5459 3579 5527 potuit
3608 5457 3738 5510 oriri

2173 5547 2501 5602 criminatio.
2535 5548 2585 5603 Is
2619 5549 2849 5603 habetur
2878 5561 3037 5605 tract.
3068 5566 3210 5605 xxxv
3247 5552 3300 5603 in
3331 5549 3548 5610 ΜαιιΙι..
3592 5563 3741 5601 num.

2174 5639 2298 5703 100,
2322 5655 2444 5711 pag.
2476 5640 2580 5695 906
2606 5658 2620 5694 :
2655 5658 2673 5692 ι
2699 5639 2861 5696 Venit
2892 5653 3071 5697 autem
3119 5642 3337 5696 traditio
3368 5641 3485 5695 talis
3528 5641 3594 5693 ad
3643 5652 3742 5692 nos

2173 5732 2239 5783 de
2263 5746 2350 5795 eo,
2373 5732 2625 5799 quoniam
2651 5747 2755 5787 non
2781 5733 2953 5789 solum
2978 5734 3096 5788 dua:
3120 5733 3305 5789 formae
3328 5733 3379 5786 in
3399 5748 3464 5786 eo
3487 5731 3735 5785 fuerunt:

2176 5838 2278 5876 una
2309 5824 2523 5892 quidem
2568 5826 2864 5882 secundum
2905 5841 3066 5897 quam
3093 5840 3423 5883 omneseum
3450 5824 3734 5889 videbant;
