4054 6310
261 353 363 407 815

1071 348 1644 404 ORIGENIANORUM
1682 349 1811 406 LIB.
1856 351 1919 415 Il,
1961 354 2113 407 CAP.
2156 354 2221 422 ll,
2258 354 2540 422 QUASST.
2581 356 2668 411 lll.

3409 362 3512 416 8H

259 475 431 529 altera
481 482 663 528 autem
713 471 1007 528 secundum
1061 486 1219 540 quam
1274 474 1687 543 transfiguratus
1756 485 1840 528 est
1869 476 2287 542 Atellexerant,
2334 479 2468 533 adeo
2495 488 2554 532 ut
2597 479 2741 533 aliud
2770 478 3043 549 aliudque
3080 480 3308 547 singulis
3348 497 3514 550 appa-

259 582 444 621 coram
475 567 759 636 discipulis
786 567 898 620 suis
937 565 987 618 in
1016 576 1217 631 monte,
1241 572 1455 636 quando
1486 578 1539 623 et
1587 569 1831 638 resplen-

258 662 373 714 duit
412 660 581 715 facies
623 659 739 727 ejus
776 668 1030 730 tanquam
1061 660 1164 722 sol,
1196 661 1289 713 sed
1343 661 1506 713 etiam
1544 660 1833 728 unicuique

256 752 555 819 apparebat
592 750 889 805 secundum
937 750 1078 817 quod
1131 749 1307 802 fuerat
1353 749 1567 818 dignus.
1601 748 1664 801 Et
1711 765 1833 803 cum

258 842 449 897 fuisset
483 843 621 911 ipse,
651 841 806 909 quasi
853 855 957 895 non
1017 841 1132 908 ipse
1169 839 1420 895 omnibus
1475 841 1780 896 videbatur.
1812 859 1831 892 ι

260 934 324 987 Et
377 933 541 1004 paulo
594 942 760 1001 post:
798 949 818 982 ι
842 930 909 984 Ει
938 946 1044 984 non
1077 930 1209 985 mihi
1248 932 1459 985 videtur
1502 931 1839 987 incredibilis

255 1038 379 1081 esse
411 1025 632 1080 traditio
677 1026 811 1089 hzec,
845 1024 960 1079 sive
1014 1022 1377 1092 corporaliter
1408 1034 1631 1095 propter
1662 1027 1835 1094 ipsum

255 1116 467 1181 Jesum,
499 1125 558 1171 ut
589 1116 694 1169 alio
722 1124 777 1169 et
810 1115 920 1169 alio
962 1114 1124 1169 modo
1164 1114 1441 1168 videretur
1492 1115 1834 1180 hominibus;

256 1209 377 1264 sive
408 1216 626 1278 propter
671 1207 844 1275 ipsam
878 1205 1043 1260 Verbi
1087 1215 1332 1258 naturam
1374 1207 1515 1273 quod
1551 1222 1657 1259 non
1688 1205 1839 1259 simi-

255 1300 385 1354 liter
424 1299 631 1353 cunctis
667 1305 914 1368 apparet.
972 1296 1029 1350 Si
1075 1306 1255 1350 autem
1304 1298 1408 1352 hoc
1442 1298 1515 1351 ita
1552 1312 1610 1352 se
1655 1297 1835 1363 habet,

255 1391 514 1460 possibile
555 1400 637 1445 est
690 1390 1012 1445 solutionem
1037 1388 1155 1456 ejus
1190 1389 1433 1444 invenire
1472 1390 1613 1458 quod
1643 1389 1840 1458 quaeri-

258 1495 373 1537 tur.
409 1482 675 1550 Quoniam
713 1481 816 1535 etsi
872 1479 1186 1548 frequenter
1223 1494 1347 1533 eum
1391 1479 1641 1534 viderunt
1667 1482 1837 1535 turbae

254 1575 544 1629 venientes
581 1588 702 1628 eum
751 1570 910 1636 Juda,
958 1570 1311 1625 nihilominus
1356 1585 1493 1639 Opus
1541 1571 1835 1634 habebant,

256 1680 485 1738 propter
514 1663 1030 1722 transformationes
1057 1660 1195 1732 ejus,
1231 1661 1322 1731 qui
1361 1677 1485 1717 eum
1529 1661 1840 1715 ostenderet

254 1764 363 1827 eis,
392 1760 599 1815 habens
630 1758 878 1812 notitiam
906 1755 1024 1824 ejus
1054 1754 1463 1809 faniiliariorem
1497 1769 1593 1823 per
1617 1754 1837 1809 multam

1944 577 2107 630 reret,
2140 570 2381 637 proclive
2406 570 2472 625 iis
2496 570 2598 624 fuit
2621 572 2937 626 existimare
2960 574 3325 628 mutuatitium
3362 574 3511 640 illud,

1938 670 1998 714 et
2043 661 2280 715 ascititia
2339 662 2628 716 conflatum
2677 664 3007 730 substantia,
3054 680 3159 719 non
3205 668 3508 737 proprium,
3546 700 3549 705 ι

1939 766 2040 805 nec
2075 754 2239 806 nostri
2272 754 2467 817 simile,
2494 755 2740 810 emndem
2773 756 3090 811 credidisse.
3139 759 3192 813 Si
3230 774 3385 827 quem
3413 775 3510 812 au-

1941 851 2045 896 tem
2077 842 2301 898 offendit
2327 855 2694 898 commentum
2726 842 2879 904 illud,
2906 845 3084 899 varias
3117 845 3392 900 Christum
3427 847 3513 899 in-

1943 933 2124 987 duisse
2177 932 2402 996 formas,
2448 943 2503 988 et
2544 948 2667 988 sese
2712 950 2806 1004 pro
2844 935 3000 989 lihitn
3058 936 3401 1004 versipellem
3436 937 3515 990 fe-

1940 1023 2110 1083 cisse;
2141 1033 2291 1077 notet
2323 1024 2414 1079 ille
2448 1025 2783 1093 propositum
2822 1025 2991 1080 fuisse
3024 1026 3128 1080 hoc
3167 1026 3234 1080 ab
3259 1025 3510 1097 Origene,

1944 1127 2200 1185 tanquam
2236 1114 2304 1169 ab
2326 1116 2447 1170 aliis
2474 1114 2576 1169 sibi
2622 1117 2896 1180 traditum,
2934 1132 3038 1171 non
3068 1118 3215 1171 velut
3243 1132 3271 1169 a
3302 1132 3361 1171 se
3390 1132 3512 1171 con-

1944 1206 2155 1271 tictum;
2191 1217 2249 1261 ut
2308 1222 2420 1261 rem
2474 1208 2697 1263 minime
2747 1209 3121 1264 incredibilem
3150 1249 3167 1275 ,
3209 1224 3315 1264 non
3358 1210 3511 1279 quasi

1945 1310 2279 1368 compertam
2304 1339 2318 1362 ,
2344 1300 2659 1364 dubitando,
2691 1316 2795 1353 non
2826 1302 3137 1355 asserendo.

2014 1390 2152 1446 XIV.
2198 1392 2344 1446 lnter
2387 1408 2579 1447 novem
2635 1393 3047 1447 criminationes
3108 1408 3242 1462 quas
3292 1392 3509 1462 Origeni

1947 1484 2172 1553 impingi
2207 1483 2398 1537 solitas
2430 1482 2635 1537 refutat
2660 1482 2973 1551 Pamphilus
2998 1485 3054 1537 in
3089 1482 3366 1552 Apologia,
3401 1492 3512 1536 ter—

1944 1576 2013 1628 tia
2052 1574 2138 1627 illa
2164 1583 2270 1637 est,
2305 1592 2324 1625 ι
2354 1576 2494 1643 quod
2540 1574 2722 1629 dicunt
2756 1588 2879 1628 cum
2907 1573 3204 1627 secundum
3251 1574 3510 1627 Arteman

1947 1666 2034 1720 vel
2059 1666 2282 1720 Paulum
2313 1665 2747 1728 Samosatenum,
2778 1680 2970 1734 purum
2999 1665 3295 1729 hominem,
3331 1665 3383 1717 id
3406 1674 3508 1727 est,

1947 1773 2053 1813 non
2084 1760 2245 1812 etiam
2274 1757 2445 1810 Deum
2471 1758 2654 1813 dicere
2682 1757 2954 1812 Christum
2988 1758 3182 1811 Filium
3215 1757 3327 1811 Dei.
3364 1775 3382 1809 ι
3414 1754 3510 1809 Ni-

255 1849 747 1904 commorationem
770 1862 895 1902 cum
919 1860 1007 1908 eo,
1034 1853 1092 1897 ut
1124 1843 1451 1913 intelligeret
1480 1844 1837 1898 transforma-
1870 1858 1912 1911 Β
1941 1850 2212 1918 cepliorus
2258 1848 2479 1916 quidem
2530 1848 2624 1902 lib.
2657 1863 2789 1910 xv",
2824 1863 2945 1917 cap,
2980 1848 3071 1910 27,
3095 1847 3162 1901 de
3188 1847 3405 1903 Christo
3432 1847 3512 1900 di-

258 1942 441 1998 tiones
468 1938 586 2007 ejus
623 1937 924 1994 secundum
973 1951 1111 2006 quas
1152 1936 1267 1990 suis
1290 1949 1560 2005 apparere
1605 1934 1832 1990 solebat.

256 2031 379 2086 lloc
420 2031 559 2085 idem
596 2029 935 2100 signiﬁcatur
967 2029 1131 2083 etiam
1163 2042 1259 2097 per
1294 2026 1559 2082 Joannem
1603 2041 1837 2095 evange-

260 2122 466 2186 listam,
497 2120 588 2174 ubi
621 2119 800 2174 sciens
823 2118 982 2173 Jesus
1010 2134 1130 2186 qua:
1155 2124 1542 2187 superventura
1568 2127 1725 2171 erant
1752 2117 1829 2181 ei,

263 2210 567 2281 procedens
590 2208 733 2264 foras
747 2209 881 2262 dixit
908 2225 921 2262 :
949 2226 967 2258 ι
999 2207 1168 2274 Quem
1195 2206 1475 2276 quaeritis?
1498 2212 1567 2261 At
1585 2206 1657 2259 illi
1677 2206 1827 2259 dixe-

264 2314 415 2368 runt,
450 2300 634 2357 Jesutn
684 2299 1048 2354 Nazarenam.
1107 2299 1174 2353 Et
1208 2299 1347 2353 dixit
1382 2299 1460 2352 eis
1490 2316 1503 2350 :
1534 2298 1646 2365 Ego
1680 2314 1834 2362 sum;

259 2402 320 2447 et
350 2393 623 2458 abierunt,
650 2401 705 2447 et
734 2392 1051 2448 ceciderunt
1085 2401 1382 2444 retrorsum
1406 2390 1472 2442 ⁷³.
1502 2389 1691 2443 »νίιιθε
1711 2390 1835 2457 quia

261 2501 369 2540 non
399 2500 522 2539 eum
564 2485 997 2554 cognoscebant,
1031 2499 1153 2537 cum
1208 2482 1526 2551 frequenter
1551 2481 1835 2544 vidissent,

257 2589 481 2649 propter
530 2577 1032 2649 transfigurationes
1096 2576 1283 2646 ipsius.
1332 2596 1351 2628 ι
1412 2574 1537 2629 Haec
1594 2585 1838 2643 repetere

258 2684 545 2725 necessum
588 2670 899 2735 habuimus,
928 2685 995 2724 ne
1016 2669 1150 2738 quid
1178 2670 1244 2723 de
1278 2667 1545 2723 sententia
1587 2667 1839 2737 Origenis

254 2766 665 2834 decerperetur.
696 2762 797 2831 Qui
832 2764 985 2833 ergo),
1008 2761 1354 2830 frequentem
1384 2759 1679 2814 formarum
1710 2773 1831 2812 mu-

255 2856 519 2912 tationem
566 2855 770 2911 Christi
825 2854 1039 2925 corpori
1081 2853 1396 2924 assignasse
1434 2851 1721 2921 Origenem
1748 2850 1831 2904 in-

331 2972 382 3005 ’³
413 2972 570 3028 Joan.
605 2987 756 3036 xviii,
796 2969 929 3026 4-6.

1945 1939 2091 1993 xisse
2137 1938 2421 2009 Origenem
2466 1937 2650 1999 tradit,
2696 1938 2776 1990 ὅτι
2803 1937 2956 2007 eam;
2986 1938 3267 2008 ἄνθρωπος
3288 1933 3375 2009 ἦν.
3407 1938 3511 2010 Cy--

1942 2030 2124 2083 riacus
2145 2043 2380 2098 quoque,
2417 2029 2557 2097 apud
2589 2028 2897 2083 Simeonem
2932 2028 3342 2097 Metaphrastem
3381 2026 3511 2083 Vita:

1942 2118 2064 2189 ejus
2091 2118 2443 2189 scriptorem,
2474 2117 2811 2187 Origenistas
2841 2117 3180 2173 Palaestinam
3228 2133 3383 2178 sexto
3407 2136 3511 2176 sx-

1942 2211 2063 2264 culo
2101 2210 2399 2264 insidentes
2432 2209 2635 2264 dixisse
2657 2209 2885 2263 allirmat
2915 2228 2933 2262 ι
2954 2210 3229 2265 Christum
3260 2228 3366 2268 non
3392 2226 3513 2267 esse

1943 2319 2105 2356 unum
2139 2318 2206 2355 ex
2236 2301 2520 2355 Trinitate.
2548 2320 2566 2352 ι
2606 2300 2757 2357 llanc
2789 2302 3226 2357 criminationem
3263 2303 3384 2357 aliis
3416 2319 3503 2357 su-

1943 2394 2124 2464 perius
2167 2409 2197 2447 a
2248 2407 2306 2447 se
2351 2394 2798 2448 commemoratis
2836 2394 2991 2449 valde
3028 2395 3358 2449 contrariam
3390 2382 3512 2451 esse

1941 2486 2072 2540 dicit
2099 2483 2436 2553 Pamphilus,
2464 2484 2556 2537 sed
2590 2485 2758 2537 multo
2791 2486 2962 2555 magis
2993 2486 3157 2540 etiam
3195 2497 3400 2557 quarue
3426 2504 3511 2542 re-

1944 2587 2167 2647 pugnat,
2197 2592 2360 2645 quam
2410 2576 2462 2629 in
2517 2576 2763 2645 proxime
2806 2578 3232 2646 praacedentibus
3273 2580 3510 2634 examini

1943 2681 2130 2723 nostro
2177 2667 2540 2736 subjecimus;
2574 2668 2713 2721 unde
2742 2667 3060 2723 alterutrius
3093 2670 3306 2724 falsitas
3334 2672 3505 2725 mani-

1940 2760 2074 2816 feste
2100 2762 2307 2825 elucet;
2339 2759 2451 2830 (9.3)
2469 2762 2560 2814 sed
2580 2760 2780 2814 clarius
2808 2762 2969 2814 etiam
3005 2764 3159 2816 tertia
3185 2764 3270 2815 illa
3296 2764 3513 2818 convel-

1942 2854 2072 2914 liutr
2106 2867 2169 2907 ex
2199 2854 2473 2908 sexcentis
2514 2850 2763 2923 Origenis
2813 2853 3073 2907 adversus
3122 2855 3402 2921 Ebionem,
3428 2857 3516 2911 vel

302 3054 305 3057 γ
337 3090 446 3166 (23)
480 3092 584 3166 διά
631 3092 833 3166 clarius
887 3091 1044 3166 etiam
1092 3101 1245 3146 terna
1275 3092 1393 3166 ⁸ιιια
1439 3093 1743 3166 convenitur
1770 3110 1835 3147 ea:
1862 3099 1907 3159 ρ
1940 3101 2021 3145 tra
2056 3091 2312 3166 ethnicos
2335 3090 2670 3166 defensione,
2702 3090 2745 3166 s_i
2777 3099 2835 3144 ut
2865 3090 2930 3166 ad
2973 3089 3200 3166 tollenda
3219 3106 3511 3166 pomarium

251 3161 540 3227 sescentis,
566 3170 672 3217 etc.
714 3161 873 3216 Clare
906 3163 1069 3216 etiam
1105 3163 1427 3217 convellitur
1467 3178 1531 3217 ex
1586 3165 1836 3232 plurimis

252 3246 443 3287 contra
494 3232 699 3302 Celsum
755 3232 911 3295 locis,
945 3247 1064 3302 qua:
1109 3232 1326 3299 collegit
1363 3234 1712 3288 doctissimus
1742 3249 1837 3286 no-

251 3315 376 3357 ster
424 3303 655 3357 domnus
681 3301 1003 3356 Prudentius
1033 3303 1215 3356 Maran
1251 3306 1300 3357 in
1337 3318 1434 3357 suo
1470 3303 1543 3357 De
1567 3304 1839 3357 divinitate

253 3373 463 3427 Christi
519 3373 655 3426 libro
702 3387 785 3435 ιιι,
837 3387 958 3439 cap.
1002 3374 1059 3434 3,
1098 3389 1249 3425 num.
1280 3372 1316 3425 2
1354 3385 1408 3426 et
1462 3388 1600 3441 seq.,
1628 3385 1685 3426 et
1719 3388 1841 3441 quae

254 3444 351 3498 hic
393 3442 598 3497 referre
642 3458 750 3496 non
799 3442 992 3497 inutile
1018 3443 1287 3497 ducimus.
1320 3460 1338 3494 ι
1372 3442 1493 3497 Non
1522 3443 1728 3512 effugit,
1756 3443 1837 3495 ἱιιι

253 3515 404 3583 quit,
444 3513 636 3594 Cel‘sus
655 3512 1173 3594 ‘reprehensioneiq
1195 3512 1443 3594 Origenis
1464 3552 1479 3577 ,
1519 3515 1764 3594 quoties.
1788 3515 1839 3566 in

252 3580 583 3652 exponenda
647 3580 970 3652 Judaeoruin
1015 3594 1070 3636 et
1115 3580 1552 3637 Christianorum
1595 3582 1841 3636 doctrina

253 3651 568 3720 claudicat;
597 3652 743 3706 velut
783 3667 906 3706 cum
948 3651 1188 3706 Judaeum
1232 3653 1283 3706 in
1330 3653 1591 3706 miracula
1639 3660 1694 3707 et
1726 3653 1840 3706 visa

253 3724 483 3777 cmlitus
507 3723 712 3783 oblata,
764 3724 814 3775 in
862 3723 1236 3789 praadictiones
1260 3731 1315 3776 et
1354 3724 1609 3777 vaticinia
1655 3721 1845 3787 jocan-

258 3805 395 3856 tem,
428 3804 524 3846 aut
557 3793 624 3847 de
687 3791 896 3853 Messize
936 3792 1100 3846 futuri
1144 3792 1437 3857 divinitate
1495 3791 1841 3846 conﬁtentem

255 3865 494 3927 inducit,
528 3860 645 3932 (lib.
677 3878 718 3925 ι,
777 3877 928 3917 num.
964 3863 1035 3916 45
1066 3871 1120 3917 et
1141 3863 1232 3932 49)
1265 3871 1495 3917 autcum
1528 3861 1694 3916 Deum
1721 3877 1844 3916 cor-

258 3949 493 4002 porcum
515 3935 633 4001 (lib.
651 3947 745 3998 vit,
777 3949 831 3986 ιι.
858 3933 970 4003 56).
995 3933 1269 3987 Christum
1297 3933 1555 3988 Creatore
1584 3933 1842 4003 majorem

258 4001 317 4056 si,
346 4003 683 4057 Christianis
743 4004 867 4071 tingi
914 4001 1121 4057 dictitat
1165 4004 1282 4073 (lib.
1334 4018 1448 4068 vm,
1491 4019 1547 4057 n.
1584 4001 1696 4072 15).
1737 4002 1842 4056 Sed

258 4090 392 4128 cum
429 4074 572 4126 idem
603 4074 793 4128 Celsus
826 4075 1021 4128 unaarit
1055 4089 1151 4127 cur
1188 4073 1328 4127 Deus
1365 4075 1431 4128 ad
1478 4073 1724 4128 homines
1749 4088 1845 4127 ve-

268 4144 421 4197 nerit
464 4144 584 4214 (lib.
613 4160 690 4207 iv,
723 4160 776 4197 ιι.
818 4144 894 4214 5),
928 4159 1050 4197 eum
1074 4144 1252 4197 omnia
1280 4144 1461 4197 divina
1498 4146 1699 4197 virtute
1725 4158 1848 4196 cor-

263 4214 447 4284 rigere
490 4221 709 4282 posset:
739 4228 861 4284 eum
897 4215 1010 4266 fieri
1034 4228 1199 4284 posse
1224 4224 1387 4284 negat
1407 4215 1525 4281 (lib.
1565 4229 1639 4278 vi,
1667 4230 1719 4284 n.
1756 4214 1844 4279 75)

263 4229 447 4282 rigere
490 4229 709 4282 posset:
739 4229 861 4267 cum
897 4229 1010 4266 neri
1033 4229 1199 4337 posse
1224 4229 1525 4284 negatum.
1565 4229 1639 4278 vi,
1667 4230 1719 4265 ιι.
1766 4229 1844 4279 ιο)

262 4293 328 4337 ιιι
368 4283 510 4337 Deus
538 4283 857 4349 descendat,
892 4294 1005 4355 aut
1062 4283 1224 4338 ‘ilium
1270 4299 1335 4337 ac
1366 4285 1641 4355 proprium
1662 4282 1847 4355 iSpiri-

265 4364 382 4409 tum
413 4355 627 4423 mittat;
658 4368 782 4407 cuin
808 4370 916 4407 non
942 4354 1119 4408 minus
1148 4353 1452 4423 repugnare
1474 4354 1551 4407 ait
1595 4353 1716 4423 (lib.
1748 4367 1844 4414 \‘ll,

1939 3162 2263 3217 :eternitatis
2301 3160 2665 3226 inconunoda,
2718 3159 2791 3213 ita
2840 3162 3003 3213 etiam
3046 3160 3111 3212 ad
3162 3162 3510 3214 minuendum

1945 3232 2035 3286 Dei
2066 3232 2332 3285 incarnati
2378 3232 2717 3300 mysterium,
2756 3230 3100 3300 quodmulto
3139 3230 3511 3285 incredibilius

1940 3303 2252 3365 videbatur,
2288 3299 2526 3368 aliquam
2564 3301 2703 3354 viam
2745 3299 3059 3353 invenisset.
3095 3302 3164 3352 At
3213 3315 3321 3366 quo
3370 3301 3508 3354 stul-

1945 3372 2050 3426 tius
2075 3371 2286 3425 videtur
2315 3370 2474 3425 Celso
2512 3371 2673 3424 Deum
2718 3370 2990 3423 hominem
3040 3368 3177 3432 ﬁeri,
3214 3382 3279 3422 eo
3329 3373 3511 3424 acrius

1943 3443 2046 3496 hoc
2074 3442 2389 3511 mysterium
2433 3450 2612 3493 tuetur
2643 3439 2924 3507 Origenes,
2953 3454 3065 3511 nec;
3098 3438 3259 3511 aliam
3291 3440 3512 3493 adhibet

1944 3513 2020 3566 rei
2055 3507 2389 3578 explicanda:
2430 3512 2720 3570 rationem,
2754 3525 2919 3577 quam
2969 3524 2998 3561 a
3037 3507 3292 3561 Patrihus
3325 3522 3511 3563 contra

1943 3581 2172 3636 Arianos
2211 3580 2481 3645 adhibita;
2518 3594 2615 3632 nec
2665 3580 2768 3632 alia
2813 3585 3153 3646 argumenta,
3184 3592 3344 3646 quam
3393 3594 3516 3648 quas

1947 3653 2104 3704 tidem
2136 3651 2268 3704 tanti
2306 3649 2545 3717 mysterii
2582 3648 2763 3702 facere
2792 3648 3021 3717 possint.

2020 3740 2038 3771 (
2065 3720 2120 3773 ln
2154 3714 2580 3788 duobus—primis
2609 3719 2762 3772 libris
2794 3714 3063 3771 refellitur
3087 3714 3332 3782 Judmus,
3354 3731 3514 3787 quem

1944 3790 2136 3845 Celsus
2170 3788 2474 3858 loquentem
2505 3788 2709 3842 inducit
2742 3807 2756 3843 :
2789 3798 2844 3843 et
2873 3803 2978 3856 quo
3011 3788 3382 3856 impudentius
3415 3789 3517 3841 iste

1949 3863 1998 3913 in
2022 3860 2221 3916 Christi
2242 3857 2584 3912 divinitatem
2609 3857 2843 3926 jocatur,
2878 3874 2944 3910 eo
2980 3858 3159 3911 acrius
3185 3872 3301 3911 eam
3339 3868 3516 3909 tuetur

1946 3931 2226 4000 Origenes.
2270 3928 2612 4000 Demonstrat
2641 3928 2732 3982 lib.
2770 3945 2809 3989 ι.
2852 3944 3015 4000 num.
3045 3926 3136 4000 54,
3165 3942 3195 3980 a
3238 3928 3517 4000 prophetis

1945 3996 2265 4070 praedictum
2298 4012 2419 4070 esse
2454 3999 2789 4052 nasciturum
2810 4013 2941 4070 exit
2975 3997 3220 4067 Virgine,
3252 3996 3518 4070 «cavsae-

1946 4067 2111 4142 ὺυμον
2142 4069 2234 4124 τοῦ
2275 4068 2620 4142 πράγματος,
2646 4084 2765 4142 e_um
2816 4069 2907 4137 qui
2951 4084 3017 4122 ea:
3039 4083 3094 4142 r_e
3123 4067 3514 4142 nomenjiobel,

1947 4138 2071 4210 quia
2107 4157 2173 4194 eo
2199 4138 2329 4210 nato
2356 4140 2632 4210 nobiscum
2661 4139 2875 4194 futurus
2902 4148 3021 4210 erat
3056 4139 3276 4210 Deus.)
3308 4138 3519 4205 Quibus

1949 4207 2129 4276 verbis
2170 4209 2410 4265 declarat
2446 4208 2744 4270 Christum,
2779 4210 2883 4264 etsi
2932 4207 3247 4261 Emmanuel
3290 4217 3516 4262 vocatus

1949 4297 2055 4336 non
2104 4281 2195 4344 sit,
2230 4295 2289 4333 re
2318 4289 2497 4334 tamen
2527 4287 2582 4333 et
2607 4280 2877 4333 sententia
2922 4278 3325 4332 Emmanuelem
3356 4292 3515 4335 esse;

1949 4364 2001 4405 et
2032 4352 2390 4421 prephetiam,
2433 4363 2553 4417 qua:
2609 4348 3018 4421 Emmanuelem
3063 4347 3516 4421 illu_m__voeatinn

263 4441 323 4479 ιι.
349 4425 440 4494 15)
475 4434 530 4475 ιιι
557 4416 696 4477 Deus
718 4423 936 4477 ovillam
968 4434 1023 4477 et
1051 4424 1115 4477 fel
1142 4416 1409 4491 edatfaut
1439 4416 1838 4499 acetuinbibat,
1875 4443 1921 4499 ι)
1954 4416 2319 4499 iri'praulixit,
2369 4416 2474 4474 non
2518 4419 2839 4499 verbo,_sed
2888 4433 3073 4499 sensti“
3090 4416 3512 4499 dijudicandam:

261 4510 429 4564 quam
460 4502 517 4546 ut
551 4504 791 4548 stercore
840 4505 1118 4561 vescatur;
1154 4511 1261 4549 non
1305 4495 1552 4563 queritur
1581 4495 1843 4562 Origenes

262 4567 460 4619 falsam
515 4565 822 4631 opinionem
887 4564 1214 4619 Christianis
1259 4564 1458 4633 aliingi.
1492 4565 1621 4618 Erat
1663 4575 1840 4617 tamen

262 4635 475 4689 Ariona
504 4634 752 4695 haeresis.
793 4633 950 4703 cujus
992 4635 1327 4689 architectus
1351 4644 1404 4689 et
1435 4649 1634 4703 parens
1669 4634 1842 4703 fuisse

263 4705 512 4774 fingitur,
562 4705 626 4756 ad
678 4703 1001 4759 refellendos
1052 4704 1193 4759 Celsi
1245 4706 1397 4774 jocos
1435 4702 1839 4774 percommoda.

262 4775 521 4829 Ruebant
551 4776 732 4827 omnia
764 4776 883 4844 ejus
916 4776 1162 4844 dicteria,
1190 4776 1233 4829 si
1283 4790 1388 4828 non
1421 4785 1655 4828 aeternus
1683 4783 1737 4827 et
1761 4789 1845 4827 ιιι-

263 4855 484 4899 creatus
539 4845 682 4898 Deus
726 4843 889 4899 homo
930 4843 1107 4898 factus
1153 4847 1369 4909 fuisset,
1412 4856 1505 4897 aut
1537 4846 1582 4899 si
1630 4859 1735 4897 non
1767 4844 1842 4896 ita

263 4925 417 4969 arcte
457 4930 579 4968 cum
629 4914 967 4970 humanitate
1016 4917 1360 4986 conjunetus,
1386 4925 1444 4967 ut
1471 4914 1663 4986 edisse
1682 4923 1737 4967 et
1762 4914 1845 4968 bi-

265 4987 411 5039 liisse
452 4996 505 5038 et
552 4999 745 5054 passus
786 5001 905 5040 esse
952 4985 1147 5041 merito
1183 4986 1471 5039 diceretur.
1508 4985 1623 5037 Non
1654 4985 1699 5036 is
1725 4992 1846 5054 erat

264 5054 531 5125 Origenes
554 5053 654 5121 qui
700 5070 804 5109 non
832 5056 1037 5109 videret
1070 5068 1331 5125 quantum
1364 5056 1506 5108 inter
1536 5053 1841 5123 hujusuiodi

266 5124 438 5179 Deum
470 5125 704 5191 intersit,
736 5136 790 5179 et
827 5142 948 5180 eum
987 5124 1327 5194 quinomine
1369 5135 1522 5179 tenus
1552 5125 1693 5179 Deus
1734 5124 1838 5186 sit;

263 5204 358 5248 aut
405 5196 521 5264 qui,
564 5196 610 5249 si
665 5197 791 5265 quid
831 5209 1027 5262 praeter
1064 5212 1404 5251 communem
1447 5195 1703 5249 Ecclesia:
1748 5196 1843 5246 do-

262 5267 502 5319 ctrinam
529 5267 781 5331 sentiret,
818 5278 926 5321 tam
954 5269 1209 5335 praeclara
1230 5266 1483 5319 facnl.ate
1513 5266 1693 5319 oblata
1729 5266 1828 5318 dis-

262 5337 574 5391 simularet.
606 5337 721 5390 Non
756 5341 828 5392 ita
859 5352 918 5391 se
951 5351 1138 5405 gerere
1177 5339 1337 5391 solet.
1374 5335 1528 5400 Quod
1560 5338 1705 5389 enim
1740 5334 1841 5388 sibi

265 5409 650 5476 intemperanti
703 5409 936 5478 quadam
994 5408 1193 5478 pietate
1241 5406 1842 5478 liiixei'at,_inferorum

266 5492 456 5545 pinnas
488 5494 593 5531 non
636 5476 995 5532 ad_a:ternani
1036 5477 1313 5538 ultionem,
1344 5481 1437 5530 sed
1469 5476 1534 5530 ad
1565 5476 1841 5544 purganda

263 5559 317 5599 et
337 5552 692 5616 excoquenda
728 5551 855 5602 vitia
884 5549 1155 5615 pertinere
1184 5562 1365 5615 (quam
1398 5561 1541 5616 smpe
1568 5546 1670 5600 hoc
1696 5561 1843 5599 com-

266 5629 511 5671 mentum
566 5620 809 5672 insinuat
837 5633 957 5671 cum
995 5617 1367 5670 haereticorum
1398 5620 1561 5685 impia
1591 5620 1644 5670 in
1677 5617 1842 5669 Crea-

270 5688 406 5743 toris
462 5690 810 5742 severitatem
874 5687 1119 5740 convicia
1169 5687 1385 5756 refellit)
1428 5689 1605 5741 nullus
1647 5686 1836 5740 dubito

269 5760 396 5828 quin
430 5759 573 5815 idem
607 5757 853 5813 facturus'
883 5758 1093 5822 l'uisSet,
1126 5766 1373 5825 suscepta
1413 5759 1687 5827 religionis
1714 5772 1841 5813 cono

1947 4485 2226 4545 Christum
2260 4489 2426 4543 Deum
2456 4504 2579 4544 esse
2609 4488 2804 4558 probat
2829 4504 2977 4543 nutu.
3007 4485 3076 4541 56
3105 4485 3171 4558 ex
3198 4487 3283 4541 his
3324 4486 3514 4558 psalmi

1946 4563 2167 4616 verbis:
2202 4578 2221 4611 ι
2254 4559 2424 4614 Sedes
2474 4569 2585 4624 tua,
2612 4556 2806 4624 _Deus,
2849 4560 2902 4613 in
2956 4556 3215 4612 steculum
3282 4556 3461 4611 steculi
3496 4574 3513 4623 ;

1945 4634 2101 4686 unxit
2139 4642 2191 4685 te
2232 4630 2399 4693 Deus,
2438 4628 2580 4684 Deus
2622 4637 2744 4683 tuus
2776 4630 2830 4683 in
2861 4637 3120 4681 aeternum
3156 4625 3331 4697 (Paul.
3364 4642 3513 4690 XLIV,

1942 4701 2000 4765 7,
2032 4705 2110 4767 ὃ),
2143 4720 2162 4752 ι
2207 4700 2467 4767 additque
2497 4700 2600 4754 hoc
2631 4698 2840 4767 psalmo
2872 4713 3024 4751 usum
3078 4711 3139 4751 se
3168 4696 3300 4752 ’olim
3347 4696 3515 4751 fuisse

1944 4782 2135 4826 contra
2168 4769 2412 4825 Judaeum
2453 4773 2767 4839 quemdam,
2794 4768 2912 4839 qui,
2947 4783 3068 4839 cum
3099 4770 3301 4839 pedem
3319 4782 3383 4839 es
3412 4769 3515 4819 hoc

1946 4842 2064 4896 loco
2094 4842 2299 4896 referre
2337 4852 2442 4909 non
2470 4837 2703 4909 posset,
2749 4837 2876 4894 illuc
2917 4838 3115 4902 evasit,
3147 4838 3307 4909 utad
3344 4837 3509 4890 Deum

1946 4913 2324 4967 universorum
2350 4905 2543 4963 referri
2575 4911 2771 4965 debere
2792 4909 3161 4967 contenderet.
3186 4905 3355 4962 Nemo
3381 4922 3514 4961 sane

1944 4985 2145 5037 dixerit
2170 4983 2459 5050 Origenem
2486 4990 2636 5033 tanto
2664 4991 2796 5035 :Bb'lll
2826 4995 2948 5034 cum
2977 4976 3182 5050 Judteis
3224 4979 3513 5050 decertane

1946 5064 2079 5120 teni,
2113 5047 2430 5106 aliud—nihil
2462 5051 2531 5105 ab
2563 5052 2643 5105 eis
2679 5052 2986 5120 exprimere
3019 5048 3275 5115 voluisse,
3306 5047 3409 5101 nisi
3454 5060 3512 5101 ut

1944 5123 2220 5178 Christum
2251 5137 2388 5175 voce
2429 5131 2584 5176 tenus
2616 5123 2917 5176 faterentur
2948 5121 3134 5173 Deum.

2020 5212 2039 5245 ι
2073 5192 2287 5248 Ridenti
2311 5189 2517 5257 Judzeo,
2560 5206 2708 5246 nunt.
2735 5190 2803 5246 58
2844 5199 2898 5244 et
2929 5190 3017 5253 (ω,
3044 5186 3185 5252 quod
3213 5184 3446 5242 Chaldaei
3478 5201 3511 5241 a

1944 5264 2069 5320 Jesu
2098 5266 2177 5333 _ad
2222 5278 2345 5333 eum
2391 5260 2654 5316 infantem
2693 5260 3028 5333 adorandum
3060 5257 3240 5333 tracti
3263 5260 3512 5313 diceren-

1946 5347 2066 5400 tur;
2098 5327 2401 5402 'rcspondet
2444 5347 2629 5401 magos
2674 5332 2794 5386 illos
2822 5341 2878 5385 et
2913 5328 3079 5383 stella:
3118 5327 3359 5402 novitate
3387 5344 3510 5402 per-

1945 5408 2147 5471 culsos,
2177 5401 2231 5457 et
2260 5404 2480 5457 Balaam
2524 5402 2732 5458 oraculi
2767 5414 3038 5471 memores
3068 5414 3131 5471 ae
3168 5401 3306 5471 forte
3344 5401 3512 5454 etiam

1952 5479 2088 5531 artis
2113 5467 2223 5530 sua:
2258 5475 2523 5528 inanitate
2552 5482 2828 5542 perspecta
2872 5470 3076 5524 nullum
3108 5467 3238 5542 jant
3262 5469 3514 5523 habentis

1944 5550 2171 5611 exitum,
2207 5547 2421 5599 venisse
2457 5545 2510 5598 in
2552 5539 2821 5607 Iudaeam,
2851 5552 2905 5595 et
2949 5556 3136 5594 aurum
3182 5539 3399 5595 Christo
3458 5554 3516 5596 ut

1947 5619 2085 5686 regi,
2116 5616 2392 5689 myrrham
2418 5628 2489 5689 ut_
2516 5615 2798 5689 morituro,
2829 5615 2969 5689 thus_
2995 5620 3056 5663 ut
3097 5612 3212 5689 Deo
3230 5611 3512 5689 obtulisse.

1945 5680 2130 5757 Addit,
2163 5680 2419 5757 quoniam
2461 5686 2601 5740 Deus
2634 5694 2755 5739 erat
2784 5686 2851 5749 is,
2879 5680 2974 5754 qui
3012 5683 3283 5757 potentior
3309 5688 3516 5757 angelis

1948 5752 2206 5818 Seiva'toi'
2244 5758 2461 5816 humani
2496 5758 2713 5829 generis
2757 5752 2999 5824 venerat,
3039 5752 3285 5824 angelum
3324 5754 3535 5823 pietati,
