4054 6310
316 374 424 427 εει

1127 355 1700 420 ORIGENIANORUM
1739 353 1862 408 LIB.
1907 351 1970 416 II,
2006 349 2156 406 CAP.
2200 347 2265 409 ll,
2307 343 2584 412 QUIEST.
2628 342 2713 397 Ill.

3447 332 3561 394 Si?

314 511 444 567 pag.
475 492 602 558 εει,
641 490 982 547 continetur:
1020 507 1036 539 ι
1073 487 1300 553 Quidam
1329 491 1508 538 autem
1541 481 1606 535 de
1654 477 1880 547 publicis
1911 525 1916 536 ι

2003 473 2054 526 l‘b
2092 471 2148 524 δὲ
2182 468 2392 539 θνητὸν,
2434 467 2606 535 inquit
2633 465 2727 519 lib.
2759 477 2839 525 ιιι,
2877 477 3024 516 num.
3056 461 3148 526 Il,
3177 460 3342 518 αὐτοῦ
3370 461 3551 531 σῶμα,

313 603 354 658 q
383 587 538 641 .idem
570 596 625 641 et
660 583 958 640 manifestis
992 578 1243 647 capitulis
1268 591 1373 629 non
1423 569 1790 631 dissentiunt;
1828 573 1887 619 ut

313 656 476 744 pata,
503 673 571 729 de
602 688 707 727 uno
737 672 865 736 Deo,
894 668 984 738 qui
1028 668 1196 735 legem
1227 674 1282 719 et
1309 660 1654 730 Evangelium
1705 656 1883 719 dedit;

317 775 416 816 aut
437 764 506 818 de
541 765 756 818 Christo
782 761 906 816 Jesu
930 756 1286 829 ptimogenito
1311 754 1575 808 universa:
1605 757 1884 812 creaturae,

321 858 416 925 qui
452 858 504 910 in
531 858 635 909 line
672 854 851 910 saeculi
879 854 1172 905 secundum
1212 845 1628 918 praedicationes
1655 840 1888 909 propheo

322 960 502 1004 tarum
532 948 679 1002 venit
728 947 779 999 in
821 944 1104 1008 mundum,
1154 952 1208 994 et
1251 937 1488 1006 suscepit
1536 936 1589 989 in
1620 949 1678 989 se
1703 946 1884 987 veram

325 1039 575 1092 humanae
604 1035 784 1088 carnis
814 1042 1083 1093 naturam,
1104 1039 1164 1084 ut
1199 1030 1359 1084 etiam
1390 1027 1721 1080 nativitatem
1752 1021 1886 1077 sub-

326 1132 432 1185 iret
477 1144 543 1182 ex
599 1127 836 1195 Virgine,
891 1132 946 1178 et
1020 1130 1251 1176 mortem
1306 1118 1486 1173 crucis
1523 1113 1779 1183 suscepit,
1832 1119 1887 1164 et

324 1222 567 1278 surrexit
595 1237 623 1273 a
660 1219 908 1282 mortuis,
949 1225 1005 1271 et
1055 1212 1330 1269 deiﬁeavit
1381 1225 1540 1278 quam
1573 1211 1889 1275 susceperat

326 1321 617 1373 humanam
646 1322 917 1366 naturam.
958 1327 977 1361 ι
1017 1306 1137 1374 Quo
1159 1320 1320 1360 sensu
1349 1302 1648 1368 dei/iculum.
1679 1315 1706 1350 a
1731 1295 1890 1350 Chri-

321 1418 412 1462 sto
471 1414 716 1459 naturam
778 1401 1067 1454 humanam
1113 1394 1332 1455 dixerit,
1391 1389 1886 1453 dubitari-potest:

327 1511 452 1550 nam
485 1497 530 1548 si
557 1506 744 1546 vocem
772 1490 916 1542 illam
967 1485 1215 1553 deiﬁcare
1259 1483 1330 1536 ita
1367 1479 1696 1547 accipiamus
1736 1473 1890 1543 quasi

334 1587 563 1641 Verbum
591 1585 641 1636 in
678 1591 925 1636 naturam
961 1580 1252 1632 humanam
1288 1586 1634 1634 conversum,
1687 1578 1744 1622 et
1794 1582 1893 1620 na-

325 1689 505 1732 turam
558 1673 782 1745 proinde
812 1683 1126 1738 corpoream
1150 1667 1203 1720 in
1246 1665 1408 1718 Deum
1455 1677 1579 1716 esse
1606 1667 1887 1721 mutatam,

323 1766 682 1833 ejusdemque
732 1775 854 1816 esse
899 1774 963 1813 ac
1006 1756 1240 1812 Verbum
1295 1753 1610 1810 substantia:
1660 1749 1892 1804 voluerit

1984 565 2076 618 καὶ
2105 563 2202 631 τὴν
2229 559 2571 630 ἀνθρωπίνην
2606 559 2660 610 ὲν
2687 553 2831 624 αὐτῷ
2853 554 3046 625 ψυχὴν,
3078 556 3140 623 τῇ
3180 553 3313 624 πρὸς
3345 553 3552 605 ἐκεῖνον

1983 658 2045 710 οὐ
2083 655 2237 726 μόνον
2287 651 2558 721 κοινωνίᾳ,
2583 647 2718 702 ἀλλὰ
2759 648 2852 700 καὶ
2885 645 3096 707 ένώσει,
3136 647 3228 700 καὶ
3254 643 3551 714 ἀνακράσει

1983 749 2053 802 τὰ
2094 746 2323 816 μέγιστά
2378 760 2555 814 φαμεν
2607 739 3044 812 προσειληφέναι,
3079 738 3172 792 καὶ
3212 737 3309 807 τῆς
3347 736 3553 788 ἐκείνου.»

1987 837 2258 905 θειότητος
2311 832 2743 902 κεκοινωνηκότα
2794 831 2874 893 εἰς
2916 828 3046 882 Θεὸν
3100 826 3552 897 μεταὸεόηκέναι.

1985 927 2122 982 Tum
2164 926 2365 981 Christi
2396 937 2597 991 corpus
2627 937 2750 975 cum
2785 921 3013 974 materia
3045 919 3283 982 confert,
3311 917 3554 971 omnium

1985 1035 2083 1090 per
2123 1032 2184 1073 se
2238 1016 2563 1086 qualitatum
2611 1020 2855 1081 experte,
2899 1026 2994 1066 eas
3048 1025 3179 1064 vero
3240 1009 3551 1077 recipiente,

1987 1125 2332 1180 quascunque
2359 1108 2408 1162 ei
2430 1106 2606 1176 opilex
2641 1121 2822 1159 rerum
2855 1105 3040 1158 indere
3070 1103 3331 1161 voluerit;
3364 1101 3556 1154 deinde

1987 1205 2134 1258 addit
2158 1222 2171 1256 :
2200 1203 2265 1255 Τί
2295 1199 2603 1271 θαυμαστὸν
2633 1199 2730 1269 τὴν
2756 1197 3016 1268 ποιότητα
3049 1195 3141 1248 τοῦ
3176 1193 3369 1264 θνητοῦ
3413 1191 3563 1245 κατάι

1986 1297 2076 1349 τὸν
2117 1294 2323 1365 Ἰησοῦν
2356 1292 2604 1362 σώματος
2633 1291 2858 1362 προνοίᾳ
2889 1289 3022 1342 Θεοῦ
3059 1287 3423 1359 βουληθέντος,
3457 1301 3556 1355 με-

1987 1385 2238 1439 ταϐαλεῖν
2280 1386 2360 1446 εἰς
2398 1382 2634 1454 αἰθέριον
2671 1383 2763 1436 καὶ
2799 1381 2949 1434 θείαν
2982 1381 3258 1450 ποιότητα.
3302 1380 3366 1431 Et
3400 1375 3558 1443 paulo

1989 1486 2130 1545 post,
2169 1491 2317 1528 num.
2349 1473 2449 1527 42:
2481 1474 2671 1542 Ὅμως
2715 1471 2769 1523 δὲ
2811 1471 2904 1524 καὶ
2941 1469 3076 1540 πρὸς
3124 1467 3279 1520 τοῦτο
3313 1468 3568 1536 φήσομεν-

1989 1569 2071 1620 ὃτι
2103 1567 2258 1635 εῐπερ
2287 1564 2505 1618 δυνατὸν
2537 1562 2782 1633 ἀμείϐειν
2816 1561 3104 1630 ποιότητας
3141 1559 3236 1630 τὴν
3268 1556 3561 1626 ὑποκειμέ-

1989 1676 2086 1729 νην
2128 1657 2328 1719 πάσαις
2376 1655 2651 1726 ποιότησιν
2675 1653 2830 1724 ὓλην,
2874 1653 2989 1715 πῶς
3018 1654 3076 1704 οὺ
3105 1651 3324 1703 δυνατὸν
3347 1650 3440 1702 καὶ
3460 1647 3558 1718 τὴν

1991 1753 2172 1822 σάρκα
2207 1749 2298 1802 τοῦ
2359 1748 2531 1818 Ἰησοῦ
2583 1747 2892 1819 ἀμείψασαν
2944 1746 3231 1817 ποιότητας
3279 1743 3557 1813 γεγονέναι

324 1832 612 1923 Origenes,
646 1849 968 1902 manifestus
992 1846 1101 1900 erit
1126 1845 1312 1914 utique
1342 1841 1587 1912 capitalis
1630 1839 1773 1894 illius
1804 1853 1891 1893 er-

2003 1840 2267 1908 τοιαύτην,
2325 1838 2512 1892 ὁποίαν
2541 1837 2707 1908 ἐχρῆν
2740 1832 2988 1905 εἶναιτὴν
3017 1836 3075 1886 ἐν
3109 1833 3307 1902 αἰθέρι,
3334 1833 3559 1895 καὶτοῖς

331 1945 498 2007 roris,
531 1955 691 2011 quem
720 1938 1046 2008 Apollinaris
1100 1938 1153 1990 in
1207 1934 1502 1990 Ecclesiam
1548 1930 1780 1995 invexit;
1813 1930 1894 1983 vel

329 2034 491 2103 hujus
521 2033 625 2086 erit
651 2033 829 2099 potius
855 2027 1047 2095 llagitii
1080 2039 1225 2088 reus,
1264 2023 1409 2093 quod
1439 2023 1492 2076 in
1515 2037 1580 2075 se
1605 2018 1896 2089 Eutychia-

331 2139 528 2178 norum
586 2131 735 2176 secta
792 2119 1037 2188 quasdam
1087 2115 1371 2183 concepit,
1429 2111 1555 2166 dum
1609 2110 1895 2162 humanam

333 2215 531 2271 Christi
583 2223 829 2267 naturam
883 2210 935 2264 in
993 2207 1231 2262 divinam
1270 2213 1392 2275 post
1435 2211 1666 2257 mortem
1700 2197 1814 2266 ejus
1846 2206 1898 2251 et

333 2305 787 2361 resurrectionem
820 2300 1088 2354 transisse
1133 2299 1475 2351 decerneret.
1526 2292 1595 2345 At
1622 2290 1668 2345 si
1703 2289 1896 2343 huma-

333 2415 458 2451 nam
490 2394 693 2451 Christi
729 2401 1000 2454 naturam,
1028 2397 1188 2444 exuta
1237 2394 1360 2457 post
1408 2393 1636 2438 mortem
1669 2379 1895 2435 inﬁrmi-

332 2501 464 2554 tate,
499 2488 730 2542 divinam
753 2485 1042 2555 quamdam
1063 2479 1366 2548 suscepisse
1395 2475 1713 2544 qualitatem
1743 2471 1900 2524 modo

329 2582 678 2651 signiﬁcavit,
727 2577 922 2646 ecquid
971 2573 1225 2629 invidiam
1273 2569 1349 2624 illi
1397 2567 1486 2622 vel
1539 2563 1896 2626 movebimus,

331 2675 420 2729 vel
455 2671 661 2727 moveri
695 2671 798 2724 hoc
832 2666 1054 2723 nomine
1098 2663 1369 2733 patiemur
1407 2660 1431 2713 ’τ
1478 2657 1654 2726 Atque
1685 2669 1750 2710 eo
1778 2668 1902 2724 pro-

331 2767 456 2835 pius
487 2771 737 2832 spectant
768 2761 935 2814 verba
989 2756 1259 2825 Origenis.
1287 2749 1600 2807 Verisimile
1644 2763 1777 2802 sane
1819 2754 1902 2799 est

335 2865 573 2910 veterem
603 2849 914 2920 Origeniani
967 2850 1021 2902 in
1071 2846 1381 2900 Matthwum
1421 2839 1903 2896 Commentariiin-

333 2957 631 3017 terpretem
687 2958 872 2999 vocem
935 2943 1094 3004 hanc,
1147 2937 1436 3007 deiﬁcavit,
1489 2949 1594 3004 qua
1647 2932 1839 2994 utitur,
1872 2943 1903 2984 e

331 3040 523 3096 Graeco
552 3036 751 3089 ὲθέωσε
786 3034 866 3089 vel
895 3032 1213 3101 ὲθεοποίησε
1247 3029 1568 3084 reddidisse.
1610 3025 1772 3094 Atqui
1799 3023 1904 3077 hu-

335 3147 555 3186 manam
589 3140 838 3183 naturam
868 3129 918 3182 in
953 3127 1169 3181 Christo
1203 3123 1384 3178 statim
1429 3132 1554 3191 post
1579 3127 1898 3186 conceptum

331 3224 644 3294 θεωθῆναι,
717 3233 772 3276 et
821 3215 1201 3290 θεοποιηθῆναι
1277 3215 1581 3285 complures
1647 3209 1902 3266 Ecclesiae

335 3320 528 3373 Patres
557 3315 994 3388 pronuntiarunt.
1025 3311 1319 3380 Gregorius
1367 3307 1640 3378 Nyssenus
1674 3305 1728 3358 in
1758 3301 1903 3357 latn-

338 3410 515 3464 bicis:

408 3500 563 3555 υῦτω
596 3499 657 3552 τὸ
685 3497 912 3560 θεῶσαν,
943 3495 1037 3548 καὶ
1073 3494 1292 3558 θεωθὲν,
1318 3487 1397 3556 εἷς
1429 3492 1583 3556 Θεός.

345 3604 425 3648 .ta
454 3594 592 3662 quod
627 3591 916 3658 dei/ienuit,
946 3599 992 3643 et
1015 3589 1152 3658 quod
1181 3588 1483 3656 deiﬁcatum
1526 3595 1627 3651 est,
1661 3601 1793 3640 unus
1827 3595 1902 3640 est

1045 3681 1205 3734 Deus.

334 3783 763 3851 Cltrysostomus
819 3775 1041 3832 homilia
1104 3773 1139 3826 2
1186 3770 1260 3825 De
1319 3769 1649 3831 ascensione,
1704 3767 1904 3836 inqua

332 3873 614 3929 Christum
638 3870 768 3925 dicit
803 3868 938 3937 πρὸς
971 3868 1116 3938 ἡμᾶς
1154 3863 1347 3929 ἐλθεῖν,
1384 3863 1480 3914 καὶ
1529 3859 1682 3932 ἡμῶν
1747 3859 1906 3930 φύσιν

337 3963 651 4028 ἀναλαϐεῖν,
702 3963 798 4016 καὶ
834 3959 1054 4012 θεῶσαι.
1114 3976 1133 4009 r
1175 3956 1402 4012 Venisse
1454 3953 1520 4007 ad
1563 3968 1687 4020 nos,
1728 3962 1785 4008 et
1813 3967 1910 4007 no-

338 4069 510 4114 stram
549 4065 796 4109 naturam
827 4051 1184 4119 assumpsisse
1213 4064 1276 4103 ac
1307 4047 1606 4102 deiﬁcasse.
1635 4044 1909 4100 iJoannes

341 4162 558 4217 quoque
587 4147 954 4199 Datnascenus
984 4144 1077 4198 lib.
1102 4157 1162 4196 ιιι
1201 4140 1276 4193 De
1302 4139 1410 4207 ﬁde
1435 4137 1669 4199 orlhod.,
1690 4152 1789 4206 cap
1818 4138 1909 4204 12,

341 4242 524 4312 σάρκα
577 4239 681 4292 ὑπὸ
739 4236 830 4290 τοῦ
887 4236 1046 4304 λόγου
1105 4233 1369 4303 θεωθῆναι
1435 4230 1656 4284 asserit.
1711 4229 1907 4284 Vocem

343 4333 726 4405 θεοποιηθῆναι
758 4331 943 4384 eadem
984 4328 1208 4382 notione
1249 4324 1534 4392 usurpavit
1577 4322 1908 4375 Athanasius

343 4436 488 4481 orat.
515 4426 570 4493 4,
602 4440 720 4480 cum
751 4421 1134 4493 θεοποιηθῆναι
1171 4417 1454 4489 ἄνθρωπον
1493 4416 1543 4468 in
1584 4413 1826 4473 Christo,
1857 4421 1911 4464 et

1996 1930 2249 2002 ἀνωτέρω
2280 1929 2442 1982 αὐτοῦ
2483 1928 2667 1991 τόποις
2699 1925 3140 1997 πολιτευομένην,
3190 1924 3372 1978 οὐκέτι
3408 1923 3562 1994 έχου-

1999 2041 2098 2080 σαν
2130 2021 2200 2076 τὰ
2223 2026 2320 2094 τῆς
2349 2021 2614 2092 σαρκικῆς
2642 2019 2921 2082 ἀσθενείας
2950 2019 3080 2071 ἴδια.

2068 2114 2252 2170 XVIII.
2294 2115 2389 2168 Est
2445 2115 2584 2181 apud
2633 2111 3017 2180 Hieronymum
3081 2109 3136 2162 in
3180 2108 3375 2164 Jerem.
3423 2121 3560 2168 xxrt,

1998 2207 2314 2264 Jechoniam
2364 2206 2532 2260 (ilium
2567 2204 2834 2266 Joachim,
2884 2203 2974 2272 qui
3027 2199 3224 2254 annulo
3276 2214 3561 2267 compara.

2001 2312 2109 2366 tur,
2136 2309 2189 2354 et
2216 2313 2309 2354 vas
2348 2297 2662 2359 contritum,
2694 2311 2758 2349 ac
2790 2295 2874 2348 vir
2904 2293 3108 2347 sterilis
3142 2292 3462 2361 appellatur,
3493 2290 3562 2344 ad

1999 2392 2272 2448 Christum
2314 2388 2561 2443 retulisse
2604 2386 2888 2455 Origenem
2922 2386 3018 2439 Lib.
3067 2401 3100 2438 v
3137 2384 3416 2447 Stromat.,
3443 2398 3564 2446 qua:

2000 2483 2414 2538 interciderunt.
2447 2480 2663 2549 Optime
2691 2480 2877 2533 Sixtus
2907 2477 3166 2532 Senensis
3190 2478 3282 2531 lib.
3309 2491 3342 2529 v
3395 2473 3562 2540 Bibl.,

2000 2575 2182 2629 adnot.
2207 2573 2312 2627 234
2341 2587 2358 2627 :
2395 2590 2414 2623 ι
2447 2570 2714 2627 Credibile
2740 2587 2771 2625 e
2814 2571 2970 2624 libris
3005 2571 3095 2639 qui
3159 2577 3401 2630 exstant,
3438 2567 3566 2621 Ori-

2000 2682 2192 2738 genem
2227 2667 2340 2720 haec
2369 2672 2552 2733 utpote
2576 2664 2862 2732 allegorice
2894 2673 3256 2731 exponentem
3278 2659 3567 2730 protulisse

2003 2761 2068 2814 de
2091 2757 2329 2823 Christo,
2364 2770 2430 2810 eo
2459 2771 2620 2812 sensu
2673 2770 2781 2824 quo
2819 2754 3020 2808 Paulus
3043 2769 3208 2808 ausus
3261 2760 3345 2807 est
3384 2752 3570 2805 dicere

2002 2851 2274 2906 Christum
2308 2848 2507 2902 factum
2534 2863 2631 2918 pro
2665 2849 2818 2902 nobis
2855 2856 3156 2915 peccatum,
3191 2845 3562 2907 maledictum,

2003 2942 2461 3006 exsecrationem,
2497 2940 2598 2995 hoc
2642 2949 2746 3004 est,
2794 2938 3123 2994 oblationem
3171 2954 3270 3008 pro
3315 2946 3563 3006 peccato,

2004 3043 2058 3090 et
2103 3033 2534 3088 maledictionem
2583 3032 2673 3086 cui
2717 3046 2934 3086 eramus
2990 3031 3230 3086 obnoxii.
3269 3047 3291 3081 ι
3328 3029 3479 3096 Quod
3519 3029 3564 3081 si

2007 3125 2127 3196 quis
2157 3135 2414 3194 przeterea
2441 3125 2556 3178 haec
2583 3123 2832 3178 Jeremize
2856 3125 2920 3177 ad
2952 3121 3104 3176 Isaiae
3132 3139 3225 3185 LII,
3246 3121 3334 3187 M,
3361 3132 3416 3177 et
3444 3135 3562 3186 LIII,

2005 3218 2061 3283 2,
2085 3219 2140 3283 5,
2166 3216 2501 3285 expenderit,
2533 3215 2781 3286 Origenis
2815 3216 3318 3286 interpretationem
3345 3217 3568 3271 minime

2006 3311 2310 3366 mirabitur.

2075 3403 2220 3458 XIX.
2242 3403 2372 3457 Cum
2397 3401 2620 3456 Patrum
2643 3401 2852 3471 aliquot
2880 3399 3208 3455 testimoniis
3235 3414 3353 3453 sese
3376 3408 3566 3453 tuean-

2009 3507 2095 3552 tur
2127 3494 2448 3564 Ubiquistze,
2474 3508 2700 3562 quorum
2735 3493 2896 3546 verba
2927 3492 3009 3545 vel
3045 3490 3182 3544 male
3222 3489 3569 3558 intelligendo

2007 3597 2347 3661 pervertunt,
2388 3586 2474 3641 vel
2529 3586 2669 3640 male
2714 3584 3126 3654 interpretando
3168 3590 3564 3648 corrumpunt;

2008 3683 2124 3753 pari
2177 3695 2392 3751 quoque
2442 3679 2562 3748 jure
2613 3677 2864 3746 Origenis
2896 3673 3254 3744 patrocinium
3300 3672 3568 3726 asciscere

2008 3779 2277 3845 poterant,
2329 3786 2436 3840 quo
2487 3778 2700 3824 tractat.
2731 3784 2896 3821 xxxiv
2935 3769 2989 3820 in
3047 3766 3262 3828 Matth.,
3289 3780 3434 3818 num.
3478 3762 3566 3826 70,

2009 3882 2130 3939 pag.
2172 3865 2300 3928 887,
2347 3863 2606 3932 scriptum
2641 3862 2691 3915 id
2738 3861 2988 3929 reliquit:
3033 3877 3052 3910 ι
3099 3859 3214 3912 Non
3245 3858 3424 3927 aliquo
3449 3858 3570 3926 qui-

2010 3961 2128 4015 dem
2159 3959 2274 4011 loco
2309 3954 2588 4026 apparebit
2614 3953 2782 4007 Filius
2810 3953 2924 4017 Dei,
2959 3966 3082 4005 cum
3111 3951 3323 4004 venerit
3369 3951 3420 4003 in
3455 3948 3570 4017 glo-

2011 4051 2091 4105 ria
2123 4064 2241 4112 sua,
2269 4049 2321 4102 in
2356 4048 2528 4102 altero
2568 4055 2749 4100 autem
2806 4060 2910 4098 non
2957 4043 3273 4113 apparebit;
3308 4044 3400 4098 sed
3432 4044 3571 4096 sicut

2013 4145 2125 4213 ipse
2167 4140 2463 4198 secundum
2527 4138 2985 4208 comparationem
3035 4136 3264 4207 fulguris
3321 4137 3571 4190 exeuntis

2011 4233 2297 4288 adventum
2334 4247 2490 4287 suum
2540 4231 2708 4286 voluit
2749 4230 3128 4284 demonstrare
3186 4230 3372 4283 dicens
3435 4245 3450 4281 :
3507 4226 3570 4281 Si

2010 4325 2240 4378 dixerint
2272 4323 2408 4376 vobis
2440 4338 2458 4375 :
2500 4321 2636 4374 Ecce
2663 4324 2715 4374 in
2752 4321 2977 4382 deserto,
3020 4319 3180 4372 nolite
3219 4319 3405 4379 exire;
3456 4332 3570 4370 ecce

2012 4418 2067 4468 in
2097 4417 2271 4476 domo,
2297 4413 2453 4466 nolite
2474 4415 2702 4466 credere.
2731 4411 2878 4466 Sicut
2907 4411 3045 4464 enim
3096 4408 3277 4478 fulgur
3306 4409 3572 4477 egreditur

344 4517 545 4572 Christi
574 4516 684 4583 jam
715 4513 1044 4584 resurgentis
1075 4508 1480 4579 θεοποιηθεῖσαν
1512 4520 1728 4560 carnem
1757 4504 1909 4557 dixit.
1943 4499 1986 4554 D
2015 4509 2076 4561 ab
2105 4508 2318 4568 oriente,
2345 4514 2392 4557 et
2423 4515 2636 4572 apparet
2689 4520 2849 4569 usque
2883 4503 2950 4554 ad
2984 4501 3324 4562 occidentem,
3352 4500 3427 4552 sic
3472 4501 3572 4551 erit

344 4611 523 4676 Atque
553 4606 680 4660 illud
709 4615 790 4659 est
819 4605 962 4673 quod
994 4604 1093 4659 sibi
1128 4601 1240 4654 vult
1269 4600 1601 4669 Augustinus
1631 4597 1738 4662 ,lib.
1774 4593 1913 4649 Con-

348 4713 431 4776 tra
460 4716 685 4755 sermon.
720 4699 1060 4760 Arianorum,
1094 4711 1212 4762 cap.
1247 4693 1302 4759 8,
1334 4686 1454 4745 cum
1491 4692 1603 4744 ait:
1643 4706 1662 4740 ε
1695 4688 1837 4756 Ergo
1860 4695 1914 4741 et

347 4797 452 4850 ista
491 4793 798 4848 humanitas
850 4792 995 4845 illius
1036 4787 1340 4843 divinitatis
1387 4799 1582 4839 nomen
1638 4781 1852 4850 accipit.
1888 4799 1905 4832 ι

348 4889 489 4944 Huic
539 4887 638 4956 ipsi
697 4885 862 4952 igitur
893 4893 1146 4946 natum,
1195 4894 1316 4948 quae
1365 4875 1649 4940 θεωθείσα,
1699 4883 1753 4927 et
1794 4871 1913 4924 θεο-

347 4980 653 5052 ποιηθεῖσα,
686 4978 844 5032 simul
874 4985 931 5029 ut
955 4991 1071 5030 eam
1100 4971 1419 5042 assumpsit,
1449 4979 1503 5023 et
1535 4969 1586 5022 in
1616 4965 1776 5022 terris
1800 4980 1916 5020 ver-

351 5084 501 5128 satus
533 5079 616 5126 est
660 5069 932 5133 Christus,
979 5069 1122 5122 dicta
1179 5077 1285 5127 εει,
1339 5062 1516 5132 aptius
1551 5060 1715 5114 etiam
1755 5074 1915 5113 voces

353 5168 470 5221 istae
497 5163 850 5226 conveniunt,
884 5171 1168 5230 postquam
1203 5166 1420 5210 mortem
1468 5153 1639 5206 crucis
1668 5151 1912 5218 suscepit,

349 5270 399 5316 et
432 5257 661 5312 surrexit
686 5273 717 5308 a
746 5255 992 5308 mortuis.
1025 5251 1158 5306 Nam
1200 5264 1294 5319 per
1325 5255 1555 5302 mortem
1608 5240 1912 5297 mortalium

352 5365 644 5422 corporum
683 5345 1110 5402 imbecillitatem
1141 5339 1394 5411 deposuit
1424 5336 1590 5408 ipsius
1617 5346 1833 5402 corpus,
1861 5337 1915 5384 et

353 5447 610 5498 virtutem
644 5438 937 5510 quamdam
967 5437 1207 5490 divinam
1237 5431 1495 5501 suscepit.
1540 5427 1691 5481 Hanc
1728 5423 1914 5494 Orige-

354 5536 500 5590 niani
546 5534 676 5599 loci,
721 5547 882 5599 quam
924 5531 1141 5592 damus,
1192 5525 1582 5596 expositionem
1630 5517 1916 5574 conﬁrmat

357 5631 525 5700 ipsius
571 5626 820 5695 Ot-igenis
865 5623 933 5677 ad
981 5621 1123 5677 Celsi
1169 5620 1536 5677 cavillationes
1585 5611 1911 5685 responsio:

428 5811 473 5842 ⁷⁵
495 5807 684 5863 Matth.
718 5819 863 5870 xxtv,
890 5800 960 5857 26
994 5815 1108 5870 seq.

2017 4603 2267 4652 adventus
2306 4595 2438 4648 Filii
2477 4596 2701 4648 hominis
2736 4595 2802 4646 7".
2849 4593 3002 4646 Sicut
3057 4607 3185 4659 ergo
3211 4591 3391 4660 fulgur
3418 4606 3574 4658 egre-

2017 4691 2172 4746 diens
2207 4689 2274 4742 ab
2309 4689 2540 4750 oriente,
2577 4696 2631 4741 et
2679 4695 2965 4754 propterea
3001 4685 3143 4753 quod
3175 4684 3356 4738 omnia
3392 4682 3575 4750 implet

2017 4790 2239 4851 apparet
2280 4795 2448 4849 usque
2504 4780 2571 4832 ad
2616 4778 2954 4833 occidentem
2998 4791 3014 4841 ;
3069 4776 3146 4830 sic
3196 4791 3317 4828 cum
3365 4772 3576 4826 venerit

2016 4873 2267 4927 Christus
2296 4872 2346 4925 in
2378 4871 2546 4940 gloria
2585 4886 2702 4934 sua,
2739 4880 2954 4938 propter
3003 4871 3148 4940 quod
3191 4869 3385 4937 ubique
3432 4868 3576 4919 futu-

2023 4982 2113 5021 rus
2137 4976 2241 5030 est,
2273 4975 2326 5018 et
2353 4964 2463 5032 ipse
2491 4965 2543 5018 in
2580 4973 2873 5032 conspectu
2908 4963 3148 5018 omnium
3201 4961 3308 5014 erit
3353 4959 3571 5026 ubique,

2021 5068 2075 5113 et
2104 5074 2292 5114 omnes
2331 5058 2528 5126 ubique
2577 5065 2735 5111 erunt
2764 5056 2816 5109 in
2853 5063 3144 5124 conspectu
3186 5052 3372 5121 ipsius,
3410 5060 3465 5104 et
3495 5049 3574 5105 sic

2022 5152 2420 5206 constituentur
2441 5159 2565 5205 ante
2597 5150 2780 5204 sedem
2810 5149 2992 5219 gloria:
3017 5147 3153 5214 ejus,
3187 5146 3289 5198 hoc
3315 5153 3418 5209 est,
3449 5152 3574 5197 ante

2025 5259 2246 5313 regnum
2287 5241 2404 5310 ejus
2455 5251 2509 5297 et
2555 5250 2872 5311 potestatem
2910 5235 3291 5293 dominationis
3323 5235 3508 5303 ipsius.
3548 5250 3568 5284 s

2021 5337 2077 5390 Id
2105 5336 2314 5390 solvere
2345 5351 2402 5390 se
2429 5344 2577 5406 putat
2605 5332 3002 5393 Genebrardus,
3029 5344 3120 5384 seu
3144 5326 3386 5397 quisquis
3412 5323 3588 5378 verba.

2023 5427 2238 5498 htecjad
2283 5442 2435 5482 oram
2479 5427 2741 5482 attexuit:
2783 5443 2801 5475 ι
2851 5422 3062 5491 Ubique
3108 5419 3323 5475 futurus
3371 5418 3574 5472 Christi

2024 5522 2314 5587 adventus,
2370 5521 2462 5576 sed
2517 5518 2897 5576 successive.»
2949 5520 3017 5569 At
3045 5521 3308 5584 repugnat
3353 5510 3589 5579 fulguris

2021 5613 2351 5685 exemplum,
2389 5613 2532 5684 quod
2565 5627 2670 5667 non
2698 5610 3027 5678 successive,
3051 5609 3144 5666 sed
3173 5606 3361 5662 eodem
3407 5603 3577 5659 ferme
