4054 6310
462 302 574 358 εὲὃ

1753 301 1812 359 P.
1854 303 2169 359 DANIELIS
2208 304 2442 373 liUETlt

3615 314 3714 372 821

462 432 669 495 puncto
704 424 965 495 temporis
994 423 1258 479 orientem
1290 429 1343 476 et
1369 420 1712 477 occidentem
1734 420 2042 486 collustrat,
2075 429 2119 484 Α
2152 440 2411 497 rouymus
2451 427 2671 496 Apotog.
2711 426 2959 482 adversus
2984 424 3257 497 Ruﬁnum,
3291 427 3388 485 lib.
3419 442 3461 494 ι,
3501 444 3621 499 cap.
3663 434 3717 486 5.

469 535 488 565 ο
525 524 814 586 propterea
858 516 1005 586 quod
1052 515 1239 570 omnia
1296 511 1504 582 implet.
1535 530 1554 564 ι
1615 512 1728 583 Ego
1772 526 1901 566 vero
1938 527 2041 565 non

462 608 822 669 humanitatis
872 608 1077 664 Christi
1132 606 1412 673 corporeis
1466 605 1795 674 usurpanda:
1847 604 2045 668 oculis,

461 700 557 756 513d
590 699 892 755 divinitatis
920 699 1090 754 menti
1125 698 1456 768 appariturze
1484 697 1834 766 praisentiam
1875 697 2043 766 signi-

465 791 619 847 ﬁcari
649 806 869 848 censeo.
922 791 1153 846 Faciunt
1203 790 1362 845 tidem
1410 804 1532 859 qua:
1562 789 1811 859 proxime
1840 801 2044 858 praece-

464 886 630 940 dunt:
670 903 689 939 ι
719 885 932 952 Quanto
975 885 1149 954 magis
1178 891 1327 937 recte
1355 882 1613 935 dicuntur
1635 896 1826 936 omnes
1853 889 2045 951 gentes

463 986 591 1030 ante
630 991 754 1032 eum
799 977 1194 1047 congreganda;
1225 985 1281 1030 et
1328 974 1728 1030 constituenda:
1753 1014 1770 1040 ,
1821 972 2047 1044 quando

464 1050 640 1139 palam
672 1069 931 1123 omnibus
968 1079 1077 1123 tam
1111 1069 1271 1123 bouis
1295 1082 1455 1137 quam
1488 1067 1671 1133 malis,
1718 1078 1829 1121 tam
1869 1065 2044 1121 ﬁdeli-

464 1163 565 1216 bus
618 1176 781 1230 quam
817 1160 1123 1216 infidelibus
1153 1160 1320 1215 fuerit
1350 1160 1526 1215 factus
1545 1159 1889 1225 manifestus,
1917 1166 2047 1212 ante

464 1253 652 1307 oculos
682 1252 881 1308 mentis
916 1268 1105 1307 eorum
1145 1251 1259 1320 jam
1303 1268 1411 1308 non
1450 1252 1575 1309 fidei
1617 1261 1712 1307 aut
1753 1252 2047 1323 diligentias

468 1341 703 1414 alicujus
742 1345 1096 1414 inquisitione
1128 1356 1395 1416 repertus,
1412 1346 1705 1417 sedipsius
1750 1346 2048 1402 divinitatis

466 1451 576 1490 suae
613 1436 1053 1493 manifestatione
1084 1438 1360 1502 prtelatus.
1392 1456 1415 1491 ι
1469 1437 1661 1493 Fidem
1709 1452 1927 1509 quoque
1962 1436 2046 1491 fa-

466 1530 639 1590 ciunt,
672 1545 790 1598 qua:
830 1539 1063 1586 tractatu
1094 1532 1150 1585 in
1180 1530 1489 1587 Matt/rasum
1526 1531 1818 1602 superiore
1869 1530 2050 1599 legun-

472 1634 576 1684 tur,
628 1639 777 1678 num.
824 1622 914 1687 65,
960 1639 1083 1695 pag.
1137 1623 1262 1689 882,
1298 1623 1426 1690 885,
1459 1625 1511 1679 in
1539 1639 1649 1695 quo
1706 1624 2045 1688 edisserens,

472 1712 647 1768 "orno
672 1716 887 1784 quidam
914 1733 1125 1788 peregre
1148 1717 1510 1787 proﬁciscens,
1541 1729 1677 1784 etc.,
1709 1718 1905 1789 quaerit
1952 1718 2045 1789 qui

470 1807 801 1877 peregrinari
827 1809 931 1865 dici
961 1810 1133 1879 possit
1160 1810 1440 1876 Christus,
1492 1827 1653 1881 quem
1691 1812 1895 1882 ubique
1918 1824 2042 1867 esse

468 1901 664 1957 littera:
699 1918 869 1959 sacrm
902 1906 1311 1973 demonstrant;
1336 1914 1450 1961 tum
1478 1907 1698 1976 subjicit
1745 1908 2044 1970 Christum,

467 2011 575 2064 qua
607 2004 690 2052 est
720 1998 860 2053 Deus
883 1998 1145 2064 Verbum,
1175 2005 1231 2053 et
1260 1995 1566 2066 Sapientia,
1610 2006 1666 2054 et
1714 1996 1959 2061 Justitia,
1992 2006 2049 2053 et

468 2087 707 2155 Veritas,
738 2106 1004 2160 corporeo
1034 2091 1244 2145 ambitu
1284 2105 1393 2146 non
1446 2091 1824 2155 circumcludi,
1860 2101 1913 2146 et
1955 2105 2047 2146 se-

467 2184 703 2238 cundum
739 2185 1081 2238 divinitatem
1110 2199 1263 2238 suam
1291 2197 1355 2237 ac
1388 2183 1645 2238 virtutem
1677 2184 1877 2254 ubique
1902 2197 2046 2247 esse,

469 2276 563 2329 sed
601 2294 623 2327 ε
650 2277 946 2332 secundum
976 2277 1442 2345 dispensationem
1469 2276 1719 2345 corporis
1744 2276 1888 2345 quod
1925 2291 2047 2330 sus-

469 2368 639 2437 cepit,
694 2387 718 2421 ι
781 2368 1142 2438 peregrinari.
1195 2366 1341 2424 Idem
1394 2367 1591 2422 astruit
1650 2366 1841 2422 homil.
1892 2366 1931 2420 6
1994 2367 2047 2419 in

468 2455 629 2523 Luc.,
662 2468 718 2513 et
744 2458 1047 2525 Christum,
1078 2474 1185 2528 qua
1222 2459 1396 2513 virtus
1425 2468 1510 2512 est
1551 2457 1667 2522 Dei,
1706 2457 1889 2511 omnia
1921 2473 2047 2528 per-

470 2552 671 2607 vadere
716 2552 897 2618 docet,
935 2552 1202 2618 crelestia,
1242 2551 1526 2607 terrestria
1579 2562 1634 2605 et
1684 2550 1923 2605 inferna.
1984 2552 2049 2608 Et

473 2644 567 2699 lib.
610 2660 709 2700 vm
764 2645 819 2699 in
883 2643 1061 2713 Epist.
1101 2646 1169 2698 ad
1202 2644 1382 2709 Rom.,
1437 2659 1586 2699 num.
1638 2645 1694 2709 Ξ,
1741 2660 1867 2715 pag.
1920 2645 2047 2712 622,

473 2748 761 2806 postquam
787 2737 1059 2791 Christum
1091 2753 1199 2792 non
1229 2735 1460 2805 alicujus
1508 2738 1610 2793 loci
1655 2739 1903 2795 terminis
1936 2741 2050 2794 cir~

471 2828 787 2894 .nnnscribi,
819 2829 913 2883 sed
946 2828 1146 2898 ubique
1178 2841 1485 2899 penetrare,
1522 2839 1577 2884 et
1609 2844 1704 2899 per
1735 2831 1920 2887 omnia
1949 2832 2049 2886 dit-

471 2919 625 2975 fundi
658 2921 993 2985 declaravit;
1037 2939 1056 2974 ι
1102 2922 1196 2977 sed
1233 2923 1331 2988 ita,
1382 2922 1578 2992 inquit,
1624 2924 1792 2979 debes
1842 2926 2051 2981 sentire

473 3014 542 3068 de
570 3012 1095 3084 Christo,'tanquam
1127 3017 1194 3070 de
1223 3014 1427 3082 Verbo,
1462 3026 1519 3072 et
1546 3015 1809 3083 Veritate,
1850 3026 1905 3073 et
1941 3018 2053 3073 Sa;

2150 536 2167 569 ι
2212 516 2433 587 Origeni
2470 528 2583 582 tuo,
2616 520 2813 589 inquit,
2866 520 2992 576 licet
3032 520 3309 575 Christum
3354 524 3542 579 dicere
3584 539 3722 591 saepe

2144 626 2388 681 passum,
2412 621 2468 667 et
2491 611 2685 681 saepius
2705 626 3016 682 passurum,
3046 621 3103 665 ut
3130 613 3275 681 quod
3298 615 3468 669 semel
3497 615 3717 685 profuit,

2146 719 2362 775 semper
2396 705 2567 773 prosit
2597 714 2934 773 assumptum
2966 722 2981 768 ;
3027 724 3044 757 ι
3076 717 3131 760 et
3161 708 3323 776 epist.
3351 707 3443 775 6i,
3472 710 3540 762 ad
3566 711 3715 764 Avil.

2147 812 2267 865 cap.
2307 796 2342 850 4
2365 812 2378 848 :
2404 814 2423 848 ι
2448 796 2693 863 Cumque
2716 795 2943 849 dixisset
2974 794 3279 869 (Origenes)
3301 799 3463 867 juxta
3492 795 3721 856 Joannis

2148 885 2554 957 Apocalypsim,
2623 885 2973 957 Evangelium
3027 887 3417 957 sempiternum
3448 929 3463 956 ,
3512 889 3568 943 id
3617 900 3719 954 est,

2146 979 2389 1034 futurum
2423 980 2476 1032 in
2512 977 2692 1046 ctelis,
2727 988 2932 1033 tantum
2984 980 3291 1047 prtecedere
3332 979 3436 1037 hoc
3476 992 3720 1037 nostrqu

2149 1070 2528 1141 Evangelium,
2563 1079 2831 1139 quantum
2878 1069 3083 1126 Christi
3124 1071 3439 1140 pradieatio
3466 1072 3603 1140 legis
3629 1088 3722 1128 ve.

2150 1163 2286 1218 teris
2331 1171 2719 1227 sacramenta;
2769 1164 2839 1216 ad
2883 1173 3191 1219 extremum
3245 1162 3423 1218 intulit
3468 1163 3638 1235 (quod
3670 1173 3726 1220 et

2148 1253 2423 1324 cogitasse
2480 1253 2803 1323 sacrilegum
2859 1252 2966 1324 est)
3028 1270 3125 1323 pro
3180 1253 3355 1317 salute
3413 1254 3719 1311 dannouum

2148 1346 2431 1402 Christum
2463 1346 2628 1400 etiam
2682 1346 2736 1399 in
2767 1360 2893 1400 aere
2931 1355 2986 1401 et
3033 1346 3086 1400 in
3124 1350 3379 1416 supernis
3407 1347 3563 1404 flocis
3602 1364 3722 1404 esse

2148 1453 2457 1509 passurum.
2510 1437 2575 1492 Et
2626 1436 2757 1493 licet
2807 1437 2896 1492 ille
2947 1453 3055 1493 non
3112 1438 3333 1505 dixerit,
3370 1451 3549 1495 tamen
3579 1442 3721 1510 quod

2148 1546 2496 1603 consequens
2542 1531 2615 1587 sit
2672 1529 3007 1600 intelligitur
3049 1545 3066 1585 :
3104 1531 3244 1586 sicut
3270 1546 3370 1602 pro
3412 1532 3724 1587 hominibus

2150 1628 2311 1682 homo
2352 1625 2526 1681 factus
2555 1634 2663 1691 est,
2691 1634 2751 1679 ut
2780 1625 3030 1679 homines
3075 1624 3378 1693 liberaret;
3422 1627 3501 1681 sic
3536 1636 3594 1681 et
3628 1643 3724 1696 pro

2150 1719 2325 1774 salute
2372 1718 2676 1773 daemonum
2728 1717 2893 1772 Deum
2931 1716 3169 1770 futurum
3206 1720 3351 1786 quod
3391 1728 3520 1773 sunt
3546 1719 3624 1782 hi,
3658 1720 3723 1774 ad

2148 1827 2285 1881 quos
2330 1821 2594 1866 venturus
2633 1819 2718 1865 est
2768 1810 3101 1865 liberandos.
3138 1828 3157 1863 ι
3214 1808 3350 1863 Tum
3391 1810 3557 1865 verba
3609 1810 3721 1878 ipsa

2147 1903 2403 1975 Origenis
2434 1903 2679 1971 exhibet,
2715 1904 2859 1957 unde
2888 1902 3225 1957 accusationi
3273 1917 3385 1957 sua:
3434 1904 3605 1958 robur
3630 1903 3727 1958 ad-

2148 2000 2261 2065 dat,
2292 2008 2348 2052 et
2384 2012 2482 2053 nos
2510 2012 2574 2052 ea
2601 2010 2820 2066 quoque
2869 1993 3013 2049 inl‘ra
3060 1994 3378 2050 referemus.
3416 1993 3725 2050 Notandum

2149 2091 2367 2145 interim
2411 2089 2613 2145 diserte
2656 2087 2931 2143 aﬁirmare
2983 2086 3374 2158 Hieronymum
3410 2087 3727 2155 neutiquam

2149 2186 2351 2240 dixisse
2400 2183 2691 2254 Origenem
2741 2183 3019 2238 Christum
3062 2197 3160 2251 pro
3211 2182 3385 2236 salute
3418 2183 3726 2237 daemonum

2151 2281 2450 2333 dmmonem
2490 2277 2756 2338 futurum,
2795 2276 2939 2345 quod
2971 2291 3143 2346 neque:
3171 2276 3310 2345 apud
3342 2276 3489 2330 illum
3521 2276 3725 2346 legerat

2153 2369 2486 2439 Theophilus
2517 2386 2534 2436 ;
2571 2368 2665 2425 sed
2696 2384 2763 2423 ex
2804 2368 3055 2440 Origenis
3095 2370 3257 2424 dictis
3286 2370 3340 2422 id
3381 2379 3619 2438 uterque
3643 2383 3730 2421 ra-

2155 2461 2472 2517 tiocinando
2512 2460 2734 2529 collegit
2768 2477 2784 2527 ;
2818 2475 2940 2515 cum
2980 2461 3253 2516 Christum
3287 2471 3463 2516 tamen
3520 2460 3728 2531 angelis

2154 2566 2209 2608 et
2249 2551 2563 2609 ctelestibus
2602 2552 2901 2610 virtutibus
2964 2554 3017 2608 in
3066 2569 3165 2608 sua
3205 2553 3507 2622 quibusque
3554 2553 3727 2606 forma

2156 2644 2468 2713 apparuisse
2522 2645 2827 2715 scripserit,
2873 2656 2933 2699 ut
2982 2645 3329 2701 ostendemus
3374 2643 3536 2712 paulo
3583 2653 3725 2714 post.

2153 2736 2511 2805 Superiorum
2550 2737 2716 2791 etiam
2745 2736 2941 2792 similis
2977 2747 3060 2792 est
3097 2736 3277 2793 Orosii
3308 2737 3445 2805 apud
3475 2735 3729 2805 Augusti-

2152 2844 2281 2882 num
2323 2830 2584 2884 adversus
2631 2828 2976 2893 Origenistas
3017 2828 3337 2899 conquestio
3376 2829 3427 2881 in
3475 2825 3728 2883 Commo-

2154 2921 2372 2985 nitorio,
2413 2921 2554 2990 quod
2582 2922 2723 2975 inter
2750 2921 3040 2993 Augustini
3080 2919 3279 2991 Opera,
3310 2921 3363 2973 in
3402 2920 3581 2986 capite
3604 2917 3729 2972 libri

2152 3024 2335 3065 contra
2368 3010 2814 3068 Priscillianistas
2841 3023 2890 3068 et
2925 3013 3252 3084 Origenistas
3284 3013 3367 3067 edi
3402 3010 3579 3067 solet:
3610 3028 3630 3062 ‹
3657 3009 3731 3063 De

477 3108 703 3175 pientia,
742 3116 797 3163 et
825 3105 1047 3163 Iustitia
1087 3109 1201 3164 Dei.
1240 3107 1364 3164 Haec
1400 3119 1581 3165 autem
1632 3111 1815 3166 omnia
1850 3125 1955 3166 non
1993 3113 2044 3165 in
2077 3120 2119 3178 ε
2153 3117 2382 3173 corpore
2421 3117 2552 3158 vero
2605 3103 2820 3159 Domini
2875 3105 2955 3160 sic
3012 3105 3376 3168 tradiderunt.
3423 3104 3551 3172 quia
3606 3116 3729 3158 cum

473 3197 595 3254 loco
623 3209 958 3268 qtuertntur,
1007 3200 1103 3256 sed
1146 3201 1347 3272 ubique
1396 3203 1612 3267 adsunt,
1660 3217 1838 3273 neque
1871 3204 1940 3259 ab
1969 3203 2049 3258 in-

476 3292 645 3347 fernis
662 3294 797 3349 locis
821 3304 1143 3360 evocantur,
1166 3295 1259 3351 sed
1283 3306 1465 3351 mente
1495 3295 1609 3351 sola
1659 3296 2049 3366 intellectuque

472 3387 783 3454 capiuntur.
840 3405 859 3438 ι
914 3387 1092 3456 Atque
1136 3385 1225 3441 ita
1286 3385 1673 3457 intelligendus
1722 3396 1853 3443 tom.
1902 3403 1941 3451 ti
1995 3390 2051 3442 in

469 3478 656 3544 Joan.,
692 3494 843 3533 num.
874 3477 963 3543 29,
996 3494 1118 3535 cum
1159 3480 1233 3534 ait
1261 3500 1272 3535 :
1301 3480 1457 3533 Μετὰ
1484 3479 1732 3533 δὲταῦτα
1754 3480 1886 3553 ἄλλη
1912 3498 2051 3553 μαρ-

471 3571 629 3637 τυρία
683 3571 777 3625 τοῦ
841 3570 1005 3625 αὑτοῦ
1075 3573 1379 3627 Βαπτιστοῦ
1445 3574 1573 3645 περί
1622 3573 1860 3646 Χριστοῦ
1910 3575 2050 3638 ἐστι,

470 3663 567 3736 τὴν
612 3664 1037 3737 προηγουμένην
1059 3664 1226 3719 αὑτοῦ
1257 3666 1555 3722 ὑπόστασιν
1582 3668 1662 3721 ἔτι
1695 3668 2046 3731 διδάσκουσα,

470 3754 765 3824 διήκουσαν
800 3755 896 3809 ἐπὶ
936 3757 1113 3811 πάντα
1146 3757 1237 3810 τὸν
1272 3757 1499 3827 κόσμον,
1539 3759 1682 3812 κατὰ
1729 3758 1827 3822 τὰς
1876 3760 2052 3830 ψυχὰς

470 3846 569 3908 τὰς
610 3847 855 3916 λογικὰς,
906 3849 995 3901 ὅτε
1042 3850 1204 3919 φησι·
1255 3848 1457 3915 Μέσος
1484 3848 1653 3918 ὑμῶν
1690 3849 1951 3919 ἔστηκεν
1980 3851 2053 3904 ὃν

471 3938 641 4009 ὑμεῖς
673 3942 785 3993 οὐκ
814 3940 1034 4002 οἴδατε,
1064 3941 1262 3993 ὀπίσω
1275 3958 1395 4009 μου
1420 3941 1760 4011 ἐρχόμενος.

544 4028 666 4083 XX.
705 4030 962 4098 Sequitur
995 4030 1253 4099 placitum
1298 4030 1443 4085 aliud
1486 4031 1735 4102 Origenis
1774 4035 1842 4088 de
1876 4043 2056 4087 morte

475 4120 703 4187 Christi,
732 4136 841 4174 non
870 4120 1185 4176 hominibus
1221 4122 1565 4178 solummodo
1587 4126 1727 4190 utili,
1755 4125 1854 4180 sed
1882 4140 2052 4196 ange-

474 4214 543 4268 lis
593 4214 783 4279 etiam,
827 4221 882 4268 et
923 4215 1215 4279 sideribus,
1257 4228 1322 4269 ac
1367 4218 1528 4270 rebus
1576 4218 1775 4272 creatis
1825 4218 2055 4286 quibus-

475 4323 713 4380 eunque.
739 4311 821 4365 Ab
850 4325 914 4365 eo
958 4309 1002 4364 si
1030 4310 1151 4378 quis
1178 4311 1413 4368 alienum
1472 4312 1689 4380 penitus
1731 4310 1901 4365 fuisse
1926 4310 2054 4366 Ori-

478 4416 668 4471 genem
712 4402 1037 4470 pertendere
1085 4402 1237 4467 velit,
1284 4403 1576 4458 candorem
1619 4401 1709 4457 ille
1741 4417 1957 4456 onmem
1990 4420 2055 4459 ac

2155 3210 2326 3265 usque
2364 3199 2431 3251 ad
2473 3213 2574 3252 nos
2608 3200 2832 3254 veniens
2855 3197 3028 3253 Filius
3055 3198 3149 3251 Dei
3181 3206 3296 3265 post
3326 3205 3402 3250 tot
3436 3193 3608 3248 millia
3636 3210 3729 3248 an-

2153 3306 2343 3345 norum
2369 3292 2579 3346 otiosus
2614 3305 2679 3345 eo
2712 3303 2885 3360 usque
2916 3305 3022 3345 non
3051 3288 3235 3353 fuerit,
3284 3288 3378 3343 sed
3426 3286 3729 3357 przedicans

2155 3383 2532 3438 remissionem
2572 3382 2802 3453 angelis,
2833 3381 3198 3449 potestatibus
3251 3388 3413 3449 atque
3454 3378 3728 3434 universis

2153 3476 2545 3545 superioribus,
2598 3490 2723 3529 cum
2764 3473 3085 3544 qualitatem
3124 3471 3313 3528 formae
3351 3487 3540 3526 eorum
3594 3486 3731 3540 quos

2154 3569 2393 3623 visitaret
2424 3576 2755 3633 assumeret,
2794 3582 2966 3637 usque
2999 3568 3065 3620 ad
3101 3566 3524 3636 palpabilitatem
3547 3566 3725 3619 carnis

2154 3660 2543 3729 assumptionis
2576 3660 2759 3729 specie
2799 3659 3135 3713 transivisse.
3180 3678 3199 3710 ι
3256 3657 3334 3713 Ex
3395 3672 3461 3712 eo
3510 3671 3727 3725 quoque

2154 3753 2493 3824 potissimum
2538 3750 2760 3824 Origeui
2811 3750 3076 3807 conﬂasse
3128 3752 3385 3806 invidiam
3436 3748 3728 3821 Egyptios

2152 3846 2440 3917 episc0pos
2479 3845 2648 3899 reteri.
2677 3844 3098 3899 Pomhumianus
3129 3844 3269 3913 apud
3300 3842 3599 3911 Sulpicium
3630 3840 3727 3896 Se-

2155 3955 2341 3993 verum
2384 3936 2595 4007 Dialog.
2623 3953 2659 4001 ι,
2701 3952 2832 4007 cap.
2858 3937 2913 4001 5,
2944 3937 3087 4007 quod
3138 3937 3190 3991 in
3239 3935 3355 4004 ejus
3391 3935 3543 3989 libris
3583 3935 3725 4004 lege-

2157 4040 2324 4096 retur,
2389 4048 2428 4081 r.~
2465 4030 2590 4098 quia
2652 4030 2910 4084 Dominus
2976 4027 3155 4092 Jesus,
3196 4027 3338 4083 sicut
3374 4042 3472 4098 pro
3511 4028 3727 4081 redem-

2157 4122 2341 4192 ptione
2370 4122 2606 4177 hominis
2634 4122 2685 4174 in
2727 4135 2892 4175 carne
2925 4122 3187 4185 venisset,
3228 4135 3443 4175 crucem
3487 4135 3585 4191 pro
3628 4120 3727 4175 ho-

2156 4213 2322 4268 minis
2371 4212 2546 4268 salute
2578 4228 2792 4282 passus,
2856 4222 3087 4268 mortem
3115 4228 3212 4281 pro
3245 4213 3482 4268 hominis
3510 4213 3729 4268 azterni-

2162 4314 2273 4360 tate
2310 4313 2603 4376 gustasset,
2656 4305 2731 4359 ita
2772 4315 2917 4361 esset
2970 4306 3159 4359 eodem
3216 4305 3408 4360 ordine
3461 4306 3730 4375 passionis

2157 4398 2322 4453 etiam
2352 4398 2628 4454 diabolum
2667 4398 3085 4468 redempturus:
3116 4400 3240 4467 quia
3282 4399 3381 4453 hoc
3411 4399 3643 4453 bonitati
3669 4400 3735 4451 il-

482 4494 739 4561 pudorem
774 4495 1029 4564 projieiat
1047 4510 1271 4552 necesse
1295 4504 1404 4562 est,
1439 4511 1561 4551 cum
1589 4496 1731 4550 hanc
1761 4496 1813 4549 in
1838 4510 1903 4550 eo
1928 4510 2053 4550 seu-
2085 4472 2131 4531 ι)
2160 4490 2289 4556 lius,
2322 4490 2623 4561 pietatique
2646 4499 2994 4559 congrueret,
3036 4499 3094 4546 ut
3122 4492 3211 4560 qni
3255 4491 3522 4562 perditum
3556 4492 3733 4548 homi-

481 4587 706 4640 tentiam
750 4588 1021 4659 castigent
1049 4604 1113 4644 ac
1152 4597 1686 4662 coarguantveteres
1711 4588 1977 4658 plerique,
1996 4598 2051 4643 et

478 4693 599 4731 eam
633 4677 801 4732 claris
834 4695 897 4734 ac
932 4682 1141 4738 iteratis
1175 4683 1501 4739 testimoniis
1523 4683 1894 4751 consignatum
1921 4680 2051 4736 reli-

479 4772 679 4843 querit.
712 4771 817 4828 Sed
851 4775 1107 4844 quoniam
1139 4792 1227 4831 res
1261 4777 1513 4831 intricata
1545 4783 1631 4830 est
1658 4784 1725 4837 et
1776 4776 2049 4845 perplexa,

480 4864 788 4919 accuratius
814 4864 1029 4918 videtur
1057 4866 1468 4932 perscrutanda.

553 4952 697 5010 XXI.
735 4972 755 5007 ς
789 4954 1121 5025 Theophilus
1164 4956 1388 5023 epistola
1442 4954 1691 5009 Paschal.
1723 4955 1781 5018 2,
1816 4954 2054 5009 sensisse

483 5062 606 5101 eum
643 5048 891 5116 queritur
924 5066 949 5098 ru
979 5046 1256 5101 Christum
1303 5061 1400 5115 pro
1428 5047 1765 5101 daemonibus
1790 5062 1853 5100 ac
1887 5047 2051 5115 spiri-

487 5136 726 5191 tualibus
754 5138 1013 5207 nequitiis
1040 5138 1181 5208 apud
1211 5152 1437 5207 superos
1463 5138 1786 5206 alligendum
1813 5140 2005 5206 cruci;
2032 5159 2049 5191 ι

488 5237 653 5295 atque
706 5230 819 5283 haec
867 5232 1103 5286 dicendo
1153 5229 1347 5283 deinde
1402 5231 1737 5299 ampliﬁcans
1772 5246 1871 5299 pro
1906 5245 2056 5285 more

484 5332 582 5371 suo
626 5326 681 5371 et
723 5321 1045 5383 extendens,
1084 5318 1251 5373 multa
1306 5319 1431 5372 inde
1491 5321 1745 5387 pestifera
1799 5322 2055 5389 consequi

486 5409 745 5464 ostendit.
783 5410 859 5464 Ac
897 5411 1054 5480 hujus
1103 5412 1299 5466 deinde
1332 5412 1656 5467 auctoritate
1685 5422 1741 5468 et
1769 5414 1949 5469 verbis
1987 5415 2052 5468 ad

486 5503 735 5555 eumdem
768 5499 1159 5572 proﬂigandum
1189 5517 1428 5559 ten-orem
1464 5520 1594 5560 usus
1621 5514 1701 5558 est
1732 5504 2052 5560 llincniarus

488 5591 544 5647 in
575 5591 670 5647 lib.
696 5593 771 5649 De
808 5596 1291 5663 prwdestinatione,
1320 5610 1444 5666 cap.
1478 5596 1568 5651 9.7.
1596 5595 1711 5652 Non
1745 5597 1903 5653 aliter
1929 5597 2051 5653 llic-

568 5757 611 5790 "
642 5757 783 5813 Psal.
813 5778 1013 5826 uxnt,
1035 5764 1119 5816 12.
1196 5765 1242 5797 τε
1270 5765 1431 5821 Boni.
1465 5783 1538 5831 γι,
1575 5766 1637 5821 9.

2159 4597 2284 4638 nem
2336 4581 2711 4646 reformasset,
2759 4583 3067 4652 prolapsum
3116 4600 3332 4654 quoque
3378 4586 3628 4654 angelum
3665 4586 3731 4640 li-

2159 4676 2395 4732 beraret.
2436 4693 2482 4726 ιΔ
2512 4673 2649 4729 Hinc
2710 4674 3019 4731 Bernartius
3072 4691 3237 4731 serui.
3285 4677 3357 4731 44
3416 4679 3470 4731 in
3514 4678 3734 4734 Cantica

2159 4768 2422 4822 canticor.
2450 4781 2467 4819 :
2524 4784 2544 4817 ε
2578 4766 2840 4837 Denique,
2863 4768 3055 4837 inquit,
3088 4780 3346 4838 operatus
3384 4781 3468 4825 est
3501 4771 3732 4826 salutem

2161 4863 2213 4913 in
2272 4858 2450 4918 medio
2491 4870 2651 4914 terra:
2692 4860 2739 4890 ⁷⁵
2782 4877 2795 4913 :
2856 4861 3097 4930 nunquid
3135 4870 3189 4915 et
3235 4864 3287 4915 in
3326 4863 3504 4918 medio
3545 4864 3735 4919 aeris?

2161 4952 2275 5007 Hoc
2329 4953 2611 5006 adversum
2667 4949 2977 5022 Origenem,
3036 4955 3126 5023 qui
3170 4954 3221 5007 in
3263 4970 3390 5009 aere
3448 4955 3732 5010 Dominum

2159 5046 2347 5116 gloria:
2386 5046 2565 5099 denuo
2605 5059 2704 5115 pro
2753 5045 3089 5101 daemonibus
3132 5048 3426 5117 impudenti
3465 5050 3735 5118 crucitigit

2166 5137 2487 5204 mendacio;
2556 5153 2681 5191 cum
2724 5136 2881 5203 hujus
2921 5139 3178 5193 conscius
3231 5140 3475 5207 mysterii
3534 5138 3734 5197 Paulus

2161 5228 2417 5296 aiiirmet,
2458 5232 2603 5300 quod
2640 5246 2915 5299 resurgens
2945 5248 3010 5284 ea:
3048 5233 3268 5285 mortuis
3291 5231 3408 5300 jam
3436 5249 3538 5285 non
3574 5235 3735 5287 mori-

2163 5331 2286 5386 tur;
2318 5339 2460 5377 mors
2495 5323 2576 5376 illi
2604 5322 2744 5376 ultra
2771 5339 2874 5375 non
2901 5324 3256 5376 dominabitur
3284 5324 3367 5387 "‘;
3396 5344 3415 5377 ι
3456 5334 3511 5378 et
3544 5326 3734 5380 Alber-

2166 5425 2254 5469 tus
2292 5414 2521 5486 Magnus
2572 5416 2626 5468 in
2677 5414 2947 5483 epistolam
2979 5414 3012 5469 8
3052 5415 3288 5485 Dionysii
3330 5432 3349 5471 :
3379 5436 3395 5467 ε
3429 5417 3544 5472 Non
3595 5419 3732 5486 quod

2164 5505 2412 5561 futurum
2454 5508 2527 5563 sit
2564 5507 2843 5562 Christum
2875 5507 3070 5560 iterum
3108 5509 3238 5576 pati,
3274 5513 3568 5562 secnndum
3615 5509 3734 5564 Ori-

2160 5601 2612 5685 geiiis_errorem.
2646 5619 2669 5681 ε
2706 5599 2867 5671 Pejus
2893 5602 3019 5671 quid
3060 5616 3126 5657 cx
3166 5601 3298 5670 ipsis
3328 5600 3576 5671 Origeuis
3610 5614 3730 5655 ver-
