  <div class='ocr_page' id='page_1' title='image "/cluster/home/n/w/nwhite01/storage/ocr_20150623/17/mdp.39015031604831/418.png"; bbox 0 0 4054 6310; ppageno 0'>
   <div class='ocr_carea' id='block_1_1' title="bbox 236 361 343 439">
    <p class='ocr_par' dir='ltr' id='par_1_1' title="bbox 236 361 343 439">
     <span class='ocr_line' id='line_1_1' title="bbox 236 361 343 439; baseline -0.009 -21"><span class='ocrx_word' id='word_1_1' title='bbox 236 361 343 439; x_wconf 63' lang='lat' dir='ltr'><strong>sas</strong></span> 
     </span>
    </p>
   </div>
   <div class='ocr_carea' id='block_1_2' title="bbox 992 316 2654 419">
    <p class='ocr_par' dir='ltr' id='par_1_2' title="bbox 992 316 2654 419">
     <span class='ocr_line' id='line_1_2' title="bbox 992 316 2654 419; baseline -0.005 -5"><span class='ocrx_word' id='word_1_2' title='bbox 992 316 993 321; x_wconf 7' lang='grc' dir='ltr'><strong><em>Ν</em></strong></span> <span class='ocrx_word' id='word_1_3' title='bbox 1052 352 1625 414; x_wconf 72' lang='grc' dir='ltr'><strong>οιιιοΕΝιΑΝοιιωι</strong></span> <span class='ocrx_word' id='word_1_4' title='bbox 1664 352 1796 407; x_wconf 81' lang='lat' dir='ltr'><strong>LIB.</strong></span> <span class='ocrx_word' id='word_1_5' title='bbox 1842 348 1905 413; x_wconf 84' lang='grc' dir='ltr'>ιι,</span> <span class='ocrx_word' id='word_1_6' title='bbox 1946 350 2099 408; x_wconf 66' lang='lat' dir='ltr'><strong>car.</strong></span> <span class='ocrx_word' id='word_1_7' title='bbox 2142 351 2206 419; x_wconf 93' lang='lat' dir='ltr'><strong>II,</strong></span> <span class='ocrx_word' id='word_1_8' title='bbox 2243 350 2522 419; x_wconf 62' lang='lat' dir='ltr'><strong>Oli/EST.</strong></span> <span class='ocrx_word' id='word_1_9' title='bbox 2564 350 2654 406; x_wconf 90' lang='grc' dir='ltr'><strong>ιιι.</strong></span> 
     </span>
    </p>
   </div>
   <div class='ocr_carea' id='block_1_3' title="bbox 3402 349 3506 408">
    <p class='ocr_par' dir='ltr' id='par_1_3' title="bbox 3402 349 3506 408">
     <span class='ocr_line' id='line_1_3' title="bbox 3402 349 3506 408; baseline 0.01 -1"><span class='ocrx_word' id='word_1_10' title='bbox 3402 349 3506 408; x_wconf 73' lang='lat'><strong>8‘26</strong></span> 
     </span>
    </p>
   </div>
   <div class='ocr_carea' id='block_1_4' title="bbox 237 472 3505 552">
    <p class='ocr_par' dir='ltr' id='par_1_4' title="bbox 237 472 3505 552">
     <span class='ocr_line' id='line_1_4' title="bbox 237 472 3505 552; baseline -0.002 -16"><span class='ocrx_word' id='word_1_11' title='bbox 237 482 321 536; x_wconf 87' lang='lat' dir='ltr'><strong>bis</strong></span> <span class='ocrx_word' id='word_1_12' title='bbox 380 490 738 552; x_wconf 62' lang='lat' dir='ltr'><strong>repraesentat</strong></span> <span class='ocrx_word' id='word_1_13' title='bbox 784 479 1127 536; x_wconf 82' lang='lat' dir='ltr'><strong>Justinianus</strong></span> <span class='ocrx_word' id='word_1_14' title='bbox 1178 480 1476 551; x_wconf 72' lang='lat' dir='ltr'><strong>imperator</strong></span> <span class='ocrx_word' id='word_1_15' title='bbox 1507 478 1561 531; x_wconf 92' lang='lat' dir='ltr'><strong>in</strong></span> <span class='ocrx_word' id='word_1_16' title='bbox 1584 474 1814 546; x_wconf 88' lang='lat' dir='ltr'><strong>epistola</strong></span> <span class='ocrx_word' id='word_1_17' title='bbox 1848 476 1894 534; x_wconf 70' lang='grc' dir='ltr'><strong>Α</strong></span> <span class='ocrx_word' id='word_1_18' title='bbox 1928 474 2127 530; x_wconf 94' lang='lat' dir='ltr'><strong>ﬁnibus</strong></span> <span class='ocrx_word' id='word_1_19' title='bbox 2159 477 2353 530; x_wconf 87' lang='lat' dir='ltr'><strong>mortis</strong></span> <span class='ocrx_word' id='word_1_20' title='bbox 2382 474 2584 531; x_wconf 88' lang='lat' dir='ltr'><strong>Christi</strong></span> <span class='ocrx_word' id='word_1_21' title='bbox 2618 472 2852 544; x_wconf 75' lang='lat' dir='ltr'><strong>pretium</strong></span> <span class='ocrx_word' id='word_1_22' title='bbox 2892 483 2947 530; x_wconf 92' lang='lat' dir='ltr'><strong>et</strong></span> <span class='ocrx_word' id='word_1_23' title='bbox 2988 474 3227 531; x_wconf 85' lang='lat' dir='ltr'><strong>valorem</strong></span> <span class='ocrx_word' id='word_1_24' title='bbox 3263 474 3505 531; x_wconf 73' lang='lat' dir='ltr'><strong>circnm-</strong></span> 
     </span>
    </p>
   </div>
   <div class='ocr_carea' id='block_1_5' title="bbox 236 570 1819 647">
    <p class='ocr_par' dir='ltr' id='par_1_5' title="bbox 236 570 1819 647">
     <span class='ocr_line' id='line_1_5' title="bbox 236 570 1819 647; baseline -0.003 -22"><span class='ocrx_word' id='word_1_25' title='bbox 236 574 301 625; x_wconf 88' lang='lat' dir='ltr'><strong>ad</strong></span> <span class='ocrx_word' id='word_1_26' title='bbox 343 572 580 638; x_wconf 85' lang='lat' dir='ltr'><strong>Menam,</strong></span> <span class='ocrx_word' id='word_1_27' title='bbox 608 574 847 628; x_wconf 80' lang='lat' dir='ltr'><strong>futurum</strong></span> <span class='ocrx_word' id='word_1_28' title='bbox 881 587 1072 642; x_wconf 87' lang='lat' dir='ltr'><strong>nempe</strong></span> <span class='ocrx_word' id='word_1_29' title='bbox 1104 580 1163 626; x_wconf 92' lang='lat' dir='ltr'><strong>ut</strong></span> <span class='ocrx_word' id='word_1_30' title='bbox 1201 587 1301 642; x_wconf 92' lang='lat' dir='ltr'><strong>pro</strong></span> <span class='ocrx_word' id='word_1_31' title='bbox 1328 570 1668 647; x_wconf 25' lang='lat' dir='ltr'><strong>daen‘tonibns</strong></span> <span class='ocrx_word' id='word_1_32' title='bbox 1690 583 1819 645; x_wconf 85' lang='lat' dir='ltr'><strong>cru_-</strong></span> 
     </span>
    </p>
   </div>
   <div class='ocr_carea' id='block_1_6' title="bbox 234 659 1817 739">
    <p class='ocr_par' dir='ltr' id='par_1_6' title="bbox 234 659 1817 739">
     <span class='ocr_line' id='line_1_6' title="bbox 234 659 1817 739; baseline -0.003 -22"><span class='ocrx_word' id='word_1_33' title='bbox 234 665 487 732; x_wconf 81' lang='lat' dir='ltr'><strong>ciﬁgatur</strong></span> <span class='ocrx_word' id='word_1_34' title='bbox 517 665 789 730; x_wconf 75' lang='lat' dir='ltr'><strong>Christus,</strong></span> <span class='ocrx_word' id='word_1_35' title='bbox 833 666 994 734; x_wconf 86' lang='lat' dir='ltr'><strong>idque</strong></span> <span class='ocrx_word' id='word_1_36' title='bbox 1045 678 1416 733; x_wconf 62' lang='lat' dir='ltr'><strong>saepenumero</strong></span> <span class='ocrx_word' id='word_1_37' title='bbox 1466 676 1562 732; x_wconf 90' lang='lat' dir='ltr'><strong>per</strong></span> <span class='ocrx_word' id='word_1_38' title='bbox 1618 659 1817 739; x_wconf 66' lang='lat' dir='ltr'><strong>saecula</strong></span> 
     </span>
    </p>
   </div>
   <div class='ocr_carea' id='block_1_7' title="bbox 236 753 1823 827">
    <p class='ocr_par' dir='ltr' id='par_1_7' title="bbox 236 753 1823 827">
     <span class='ocr_line' id='line_1_7' title="bbox 236 753 1823 827; baseline -0.003 -18"><span class='ocrx_word' id='word_1_39' title='bbox 236 757 441 812; x_wconf 88' lang='lat' dir='ltr'><strong>I&#39;utnra.</strong></span> <span class='ocrx_word' id='word_1_40' title='bbox 472 758 609 813; x_wconf 87' lang='lat' dir='ltr'><strong>Tum</strong></span> <span class='ocrx_word' id='word_1_41' title='bbox 650 759 701 812; x_wconf 93' lang='lat' dir='ltr'><strong>in</strong></span> <span class='ocrx_word' id='word_1_42' title='bbox 742 757 1006 827; x_wconf 76' lang='lat' dir='ltr'><strong>subjectis</strong></span> <span class='ocrx_word' id='word_1_43' title='bbox 1043 756 1169 813; x_wconf 86' lang='lat' dir='ltr'><strong>huic</strong></span> <span class='ocrx_word' id='word_1_44' title='bbox 1213 754 1459 827; x_wconf 78' lang='lat' dir='ltr'><strong>epistola:</strong></span> <span class='ocrx_word' id='word_1_45' title='bbox 1499 753 1823 808; x_wconf 84' lang='lat' dir='ltr'><strong>anathema-</strong></span> 
     </span>
    </p>
   </div>
   <div class='ocr_carea' id='block_1_8' title="bbox 235 848 1819 925">
    <p class='ocr_par' dir='ltr' id='par_1_8' title="bbox 235 848 1819 925">
     <span class='ocr_line' id='line_1_8' title="bbox 235 848 1819 925; baseline -0.005 -17"><span class='ocrx_word' id='word_1_46' title='bbox 235 852 416 908; x_wconf 80' lang='lat' dir='ltr'><strong>tismis</strong></span> <span class='ocrx_word' id='word_1_47' title='bbox 445 851 739 921; x_wconf 86' lang='lat' dir='ltr'><strong>Origenem</strong></span> <span class='ocrx_word' id='word_1_48' title='bbox 780 852 974 920; x_wconf 82' lang='lat' dir='ltr'><strong>tangit,</strong></span> <span class='ocrx_word' id='word_1_49' title='bbox 1015 866 1137 906; x_wconf 86' lang='lat' dir='ltr'><strong>cum</strong></span> <span class='ocrx_word' id='word_1_50' title='bbox 1178 866 1273 905; x_wconf 91' lang='lat' dir='ltr'><strong>eos</strong></span> <span class='ocrx_word' id='word_1_51' title='bbox 1295 850 1519 905; x_wconf 90' lang='lat' dir='ltr'><strong>damnat</strong></span> <span class='ocrx_word' id='word_1_52' title='bbox 1546 849 1635 919; x_wconf 86' lang='lat' dir='ltr'><strong>qui</strong></span> <span class='ocrx_word' id='word_1_53' title='bbox 1666 848 1819 925; x_wconf 44' lang='lat' dir='ltr'><strong>dixef</strong></span> 
     </span>
    </p>
   </div>
   <div class='ocr_carea' id='block_1_9' title="bbox 234 940 1818 1012">
    <p class='ocr_par' dir='ltr' id='par_1_9' title="bbox 234 940 1818 1012">
     <span class='ocr_line' id='line_1_9' title="bbox 234 940 1818 1012; baseline -0.002 -18"><span class='ocrx_word' id='word_1_54' title='bbox 234 944 346 996; x_wconf 91' lang='lat' dir='ltr'><strong>rint</strong></span> <span class='ocrx_word' id='word_1_55' title='bbox 376 942 616 998; x_wconf 86' lang='lat' dir='ltr'><strong>Verbum</strong></span> <span class='ocrx_word' id='word_1_56' title='bbox 655 942 1041 1012; x_wconf 87' lang='lat' dir='ltr'><strong>Seraphimum</strong></span> <span class='ocrx_word' id='word_1_57' title='bbox 1062 943 1263 997; x_wconf 80' lang='lat' dir='ltr'><strong>factum</strong></span> <span class='ocrx_word' id='word_1_58' title='bbox 1295 957 1417 998; x_wconf 87' lang='lat' dir='ltr'><strong>esse</strong></span> <span class='ocrx_word' id='word_1_59' title='bbox 1453 940 1818 1011; x_wconf 87' lang='lat' dir='ltr'><strong>Seraphintis,</strong></span> 
     </span>
    </p>
   </div>
   <div class='ocr_carea' id='block_1_10' title="bbox 232 1032 1822 1104">
    <p class='ocr_par' dir='ltr' id='par_1_10' title="bbox 232 1032 1822 1104">
     <span class='ocr_line' id='line_1_10' title="bbox 232 1032 1822 1104; baseline 0.001 -18"><span class='ocrx_word' id='word_1_60' title='bbox 232 1044 289 1087; x_wconf 86' lang='lat' dir='ltr'><strong>et</strong></span> <span class='ocrx_word' id='word_1_61' title='bbox 318 1034 559 1089; x_wconf 85' lang='lat' dir='ltr'><strong>similem</strong></span> <span class='ocrx_word' id='word_1_62' title='bbox 596 1034 821 1104; x_wconf 83' lang='lat' dir='ltr'><strong>reliquis</strong></span> <span class='ocrx_word' id='word_1_63' title='bbox 860 1034 983 1089; x_wconf 64' lang='lat' dir='ltr'><strong>caeli</strong></span> <span class='ocrx_word' id='word_1_64' title='bbox 1025 1035 1319 1089; x_wconf 80' lang='lat' dir='ltr'><strong>virtutibus</strong></span> <span class='ocrx_word' id='word_1_65' title='bbox 1361 1052 1376 1102; x_wconf 90' lang='lat'><strong>;</strong></span> <span class='ocrx_word' id='word_1_66' title='bbox 1417 1042 1472 1088; x_wconf 87' lang='lat' dir='ltr'><strong>et</strong></span> <span class='ocrx_word' id='word_1_67' title='bbox 1504 1048 1629 1088; x_wconf 82' lang='lat' dir='ltr'><strong>cum</strong></span> <span class='ocrx_word' id='word_1_68' title='bbox 1672 1032 1822 1087; x_wconf 83' lang='lat' dir='ltr'><strong>addit</strong></span> 
     </span>
    </p>
   </div>
   <div class='ocr_carea' id='block_1_11' title="bbox 233 1123 1822 1199">
    <p class='ocr_par' dir='ltr' id='par_1_11' title="bbox 233 1123 1822 1199">
     <span class='ocr_line' id='line_1_11' title="bbox 233 1123 1822 1199; baseline -0.003 -18"><span class='ocrx_word' id='word_1_69' title='bbox 233 1128 530 1183; x_wconf 84' lang='lat' dir='ltr'><strong>anathema</strong></span> <span class='ocrx_word' id='word_1_70' title='bbox 561 1144 689 1183; x_wconf 91' lang='lat' dir='ltr'><strong>esse</strong></span> <span class='ocrx_word' id='word_1_71' title='bbox 725 1129 818 1199; x_wconf 87' lang='lat' dir='ltr'><strong>qui</strong></span> <span class='ocrx_word' id='word_1_72' title='bbox 857 1128 1064 1181; x_wconf 81' lang='lat' dir='ltr'><strong>dixerit</strong></span> <span class='ocrx_word' id='word_1_73' title='bbox 1092 1127 1369 1181; x_wconf 85' lang='lat' dir='ltr'><strong>Christum</strong></span> <span class='ocrx_word' id='word_1_74' title='bbox 1407 1126 1461 1180; x_wconf 89' lang='lat' dir='ltr'><strong>in</strong></span> <span class='ocrx_word' id='word_1_75' title='bbox 1497 1125 1694 1182; x_wconf 63' lang='lat' dir='ltr'><strong>3:20qu</strong></span> <span class='ocrx_word' id='word_1_76' title='bbox 1735 1123 1822 1178; x_wconf 79' lang='lat' dir='ltr'><strong>fu-</strong></span> 
     </span>
    </p>
   </div>
   <div class='ocr_carea' id='block_1_12' title="bbox 237 1218 1820 1288">
    <p class='ocr_par' dir='ltr' id='par_1_12' title="bbox 237 1218 1820 1288">
     <span class='ocr_line' id='line_1_12' title="bbox 237 1218 1820 1288; baseline -0.001 -16"><span class='ocrx_word' id='word_1_77' title='bbox 237 1228 367 1275; x_wconf 90' lang='lat' dir='ltr'><strong>turo</strong></span> <span class='ocrx_word' id='word_1_78' title='bbox 412 1220 738 1276; x_wconf 89' lang='lat' dir='ltr'><strong>cruciﬁxum</strong></span> <span class='ocrx_word' id='word_1_79' title='bbox 780 1220 845 1273; x_wconf 93' lang='lat' dir='ltr'><strong>iri</strong></span> <span class='ocrx_word' id='word_1_80' title='bbox 891 1235 989 1288; x_wconf 85' lang='lat' dir='ltr'><strong>pro</strong></span> <span class='ocrx_word' id='word_1_81' title='bbox 1030 1220 1388 1282; x_wconf 65' lang='lat' dir='ltr'><strong>daemonibus,</strong></span> <span class='ocrx_word' id='word_1_82' title='bbox 1446 1218 1589 1273; x_wconf 89' lang='lat' dir='ltr'><strong>sicut</strong></span> <span class='ocrx_word' id='word_1_83' title='bbox 1628 1227 1683 1269; x_wconf 92' lang='lat' dir='ltr'><strong>et</strong></span> <span class='ocrx_word' id='word_1_84' title='bbox 1722 1231 1820 1283; x_wconf 91' lang='lat' dir='ltr'><strong>pro</strong></span> 
     </span>
    </p>
   </div>
   <div class='ocr_carea' id='block_1_13' title="bbox 236 1308 1818 1382">
    <p class='ocr_par' dir='ltr' id='par_1_13' title="bbox 236 1308 1818 1382">
     <span class='ocr_line' id='line_1_13' title="bbox 236 1308 1818 1382; baseline -0.004 -16"><span class='ocrx_word' id='word_1_85' title='bbox 236 1313 577 1368; x_wconf 86' lang='lat' dir='ltr'><strong>hominibus.</strong></span> <span class='ocrx_word' id='word_1_86' title='bbox 646 1313 798 1368; x_wconf 83' lang='lat' dir='ltr'><strong>Unde</strong></span> <span class='ocrx_word' id='word_1_87' title='bbox 839 1311 1176 1382; x_wconf 83' lang='lat' dir='ltr'><strong>Nicephorus</strong></span> <span class='ocrx_word' id='word_1_88' title='bbox 1228 1312 1322 1367; x_wconf 86' lang='lat' dir='ltr'><strong>lib.</strong></span> <span class='ocrx_word' id='word_1_89' title='bbox 1371 1326 1505 1373; x_wconf 87' lang='lat' dir='ltr'><strong>xvtt,</strong></span> <span class='ocrx_word' id='word_1_90' title='bbox 1555 1325 1677 1379; x_wconf 91' lang='lat' dir='ltr'><strong>cap.</strong></span> <span class='ocrx_word' id='word_1_91' title='bbox 1726 1308 1818 1375; x_wconf 77' lang='lat'><strong>27,</strong></span> 
     </span>
    </p>
   </div>
   <div class='ocr_carea' id='block_1_14' title="bbox 238 1403 1819 1474">
    <p class='ocr_par' dir='ltr' id='par_1_14' title="bbox 238 1403 1819 1474">
     <span class='ocr_line' id='line_1_14' title="bbox 238 1403 1819 1474; baseline -0.001 -18"><span class='ocrx_word' id='word_1_92' title='bbox 238 1406 392 1459; x_wconf 88' lang='lat' dir='ltr'><strong>inter</strong></span> <span class='ocrx_word' id='word_1_93' title='bbox 442 1406 679 1460; x_wconf 66' lang='lat' dir='ltr'><strong>haereses</strong></span> <span class='ocrx_word' id='word_1_94' title='bbox 727 1404 948 1474; x_wconf 88' lang='lat' dir='ltr'><strong>Origeni</strong></span> <span class='ocrx_word' id='word_1_95' title='bbox 998 1406 1266 1473; x_wconf 83' lang='lat' dir='ltr'><strong>ascriptas</strong></span> <span class='ocrx_word' id='word_1_96' title='bbox 1312 1404 1627 1457; x_wconf 82' lang='lat' dir='ltr'><strong>damnatam</strong></span> <span class='ocrx_word' id='word_1_97' title='bbox 1672 1403 1819 1455; x_wconf 85' lang='lat' dir='ltr'><strong>illam</strong></span> 
     </span>
    </p>
   </div>
   <div class='ocr_carea' id='block_1_15' title="bbox 236 1492 1822 1568">
    <p class='ocr_par' dir='ltr' id='par_1_15' title="bbox 236 1492 1822 1568">
     <span class='ocr_line' id='line_1_15' title="bbox 236 1492 1822 1568; baseline -0.003 -18"><span class='ocrx_word' id='word_1_98' title='bbox 236 1498 410 1552; x_wconf 83' lang='lat' dir='ltr'><strong>fuisse</strong></span> <span class='ocrx_word' id='word_1_99' title='bbox 456 1496 622 1552; x_wconf 80' lang='lat' dir='ltr'><strong>refert</strong></span> <span class='ocrx_word' id='word_1_100' title='bbox 657 1514 673 1551; x_wconf 89' lang='lat'><strong>:</strong></span> <span class='ocrx_word' id='word_1_101' title='bbox 706 1497 828 1551; x_wconf 88' lang='grc' dir='ltr'>Ὅτι</span> <span class='ocrx_word' id='word_1_102' title='bbox 868 1497 1005 1567; x_wconf 81' lang='grc' dir='ltr'>ὑπὲρ</span> <span class='ocrx_word' id='word_1_103' title='bbox 1024 1496 1294 1568; x_wconf 81' lang='grc' dir='ltr'><strong>δαιμόνων</strong></span> <span class='ocrx_word' id='word_1_104' title='bbox 1337 1495 1415 1549; x_wconf 80' lang='grc' dir='ltr'><strong>δεῖ</strong></span> <span class='ocrx_word' id='word_1_105' title='bbox 1464 1494 1555 1549; x_wconf 85' lang='grc' dir='ltr'><strong>τὸν</strong></span> <span class='ocrx_word' id='word_1_106' title='bbox 1589 1492 1822 1565; x_wconf 83' lang='grc' dir='ltr'>Χριστὸν</span> 
     </span>
    </p>
   </div>
   <div class='ocr_carea' id='block_1_16' title="bbox 237 1586 1822 1661">
    <p class='ocr_par' dir='ltr' id='par_1_16' title="bbox 237 1586 1822 1661">
     <span class='ocr_line' id='line_1_16' title="bbox 237 1586 1822 1661; baseline -0.002 -20"><span class='ocrx_word' id='word_1_107' title='bbox 237 1588 645 1661; x_wconf 77' lang='grc' dir='ltr'><strong>σταυρωθῆναι,</strong></span> <span class='ocrx_word' id='word_1_108' title='bbox 706 1589 800 1643; x_wconf 80' lang='grc' dir='ltr'><strong>καὶ</strong></span> <span class='ocrx_word' id='word_1_109' title='bbox 866 1587 1126 1651; x_wconf 81' lang='grc' dir='ltr'><strong>πολλάκις</strong></span> <span class='ocrx_word' id='word_1_110' title='bbox 1192 1586 1351 1641; x_wconf 84' lang='grc' dir='ltr'>τοῦτο</span> <span class='ocrx_word' id='word_1_111' title='bbox 1403 1587 1483 1650; x_wconf 87' lang='grc' dir='ltr'><strong>είς</strong></span> <span class='ocrx_word' id='word_1_112' title='bbox 1534 1586 1822 1657; x_wconf 80' lang='grc' dir='ltr'>ἐσομένους</span> 
     </span>
    </p>
   </div>
   <div class='ocr_carea' id='block_1_17' title="bbox 235 1676 1821 1748">
    <p class='ocr_par' dir='ltr' id='par_1_17' title="bbox 235 1676 1821 1748">
     <span class='ocr_line' id='line_1_17' title="bbox 235 1676 1821 1748; baseline -0.003 -16"><span class='ocrx_word' id='word_1_113' title='bbox 235 1681 443 1743; x_wconf 82' lang='grc' dir='ltr'>αἰῶνας</span> <span class='ocrx_word' id='word_1_114' title='bbox 503 1679 696 1733; x_wconf 80' lang='grc' dir='ltr'>παθεῖν</span> <span class='ocrx_word' id='word_1_115' title='bbox 732 1678 837 1731; x_wconf 82' lang='grc' dir='ltr'><strong>ὑπὸ</strong></span> <span class='ocrx_word' id='word_1_116' title='bbox 888 1678 998 1731; x_wconf 89' lang='grc' dir='ltr'><strong>τῶν</strong></span> <span class='ocrx_word' id='word_1_117' title='bbox 1036 1679 1363 1748; x_wconf 79' lang='grc' dir='ltr'>πνευμάτων</span> <span class='ocrx_word' id='word_1_118' title='bbox 1406 1677 1505 1748; x_wconf 74' lang='grc' dir='ltr'>τῆς</span> <span class='ocrx_word' id='word_1_119' title='bbox 1560 1676 1821 1748; x_wconf 83' lang='grc' dir='ltr'>πονηρίας</span> 
     </span>
    </p>
   </div>
   <div class='ocr_carea' id='block_1_18' title="bbox 236 1768 1817 1842">
    <p class='ocr_par' dir='ltr' id='par_1_18' title="bbox 236 1768 1817 1842">
     <span class='ocr_line' id='line_1_18' title="bbox 236 1768 1817 1842; baseline -0.003 -16"><span class='ocrx_word' id='word_1_120' title='bbox 236 1772 347 1826; x_wconf 83' lang='grc' dir='ltr'><strong>τῶν</strong></span> <span class='ocrx_word' id='word_1_121' title='bbox 367 1775 423 1826; x_wconf 81' lang='grc' dir='ltr'>ἐν</span> <span class='ocrx_word' id='word_1_122' title='bbox 443 1775 553 1836; x_wconf 83' lang='grc' dir='ltr'>τοῖς</span> <span class='ocrx_word' id='word_1_123' title='bbox 579 1770 938 1842; x_wconf 76' lang='grc' dir='ltr'>ἐπουρανίοις.</span> <span class='ocrx_word' id='word_1_124' title='bbox 964 1787 983 1821; x_wconf 75' lang='grc' dir='ltr'><strong>ι</strong></span> <span class='ocrx_word' id='word_1_125' title='bbox 1008 1769 1269 1838; x_wconf 89' lang='lat' dir='ltr'><strong>Oportere</strong></span> <span class='ocrx_word' id='word_1_126' title='bbox 1291 1769 1560 1823; x_wconf 87' lang='lat' dir='ltr'><strong>Christum</strong></span> <span class='ocrx_word' id='word_1_127' title='bbox 1579 1768 1817 1837; x_wconf 83' lang='lat' dir='ltr'><strong>crnciﬁgi</strong></span> 
     </span>
    </p>
   </div>
   <div class='ocr_carea' id='block_1_19' title="bbox 1927 565 3507 638">
    <p class='ocr_par' dir='ltr' id='par_1_19' title="bbox 1927 565 3507 638">
     <span class='ocr_line' id='line_1_19' title="bbox 1927 565 3507 638; baseline -0.003 -13"><span class='ocrx_word' id='word_1_128' title='bbox 1927 569 2218 638; x_wconf 82' lang='lat' dir='ltr'><strong>scripsisse</strong></span> <span class='ocrx_word' id='word_1_129' title='bbox 2244 571 2394 623; x_wconf 88' lang='lat' dir='ltr'><strong>visus</strong></span> <span class='ocrx_word' id='word_1_130' title='bbox 2416 576 2525 631; x_wconf 87' lang='lat' dir='ltr'><strong>est,</strong></span> <span class='ocrx_word' id='word_1_131' title='bbox 2561 565 2655 622; x_wconf 88' lang='lat' dir='ltr'><strong>sed</strong></span> <span class='ocrx_word' id='word_1_132' title='bbox 2683 566 2749 621; x_wconf 90' lang='lat' dir='ltr'><strong>ad</strong></span> <span class='ocrx_word' id='word_1_133' title='bbox 2780 580 2868 621; x_wconf 88' lang='lat' dir='ltr'><strong>res</strong></span> <span class='ocrx_word' id='word_1_134' title='bbox 2902 577 3115 622; x_wconf 90' lang='lat' dir='ltr'><strong>creatas</strong></span> <span class='ocrx_word' id='word_1_135' title='bbox 3156 582 3346 623; x_wconf 6' lang='lat' dir='ltr'><strong>emittes</strong></span> <span class='ocrx_word' id='word_1_136' title='bbox 3377 583 3507 636; x_wconf 83' lang='lat' dir='ltr'><strong>por-</strong></span> 
     </span>
    </p>
   </div>
   <div class='ocr_carea' id='block_1_20' title="bbox 1930 658 3504 735">
    <p class='ocr_par' dir='ltr' id='par_1_20' title="bbox 1930 658 3504 735">
     <span class='ocr_line' id='line_1_20' title="bbox 1930 658 3504 735; baseline -0.001 -19"><span class='ocrx_word' id='word_1_137' title='bbox 1930 662 2177 735; x_wconf 78' lang='lat' dir='ltr'><strong>rexisse:</strong></span> <span class='ocrx_word' id='word_1_138' title='bbox 2224 660 2301 715; x_wconf 87' lang='lat' dir='ltr'><strong>ait</strong></span> <span class='ocrx_word' id='word_1_139' title='bbox 2352 659 2497 714; x_wconf 89' lang='lat' dir='ltr'><strong>enim</strong></span> <span class='ocrx_word' id='word_1_140' title='bbox 2544 669 2676 716; x_wconf 91' lang='lat' dir='ltr'><strong>tom.</strong></span> <span class='ocrx_word' id='word_1_141' title='bbox 2722 673 2818 713; x_wconf 89' lang='lat' dir='ltr'><strong>xttt</strong></span> <span class='ocrx_word' id='word_1_142' title='bbox 2867 658 2923 711; x_wconf 83' lang='lat' dir='ltr'><strong>in</strong></span> <span class='ocrx_word' id='word_1_143' title='bbox 2988 658 3207 723; x_wconf 81' lang='lat' dir='ltr'><strong>Matth.,</strong></span> <span class='ocrx_word' id='word_1_144' title='bbox 3268 660 3504 721; x_wconf 88' lang='lat' dir='ltr'><strong>num.8.</strong></span> 
     </span>
    </p>
   </div>
   <div class='ocr_carea' id='block_1_21' title="bbox 1927 750 3504 823">
    <p class='ocr_par' dir='ltr' id='par_1_21' title="bbox 1927 750 3504 823">
     <span class='ocr_line' id='line_1_21' title="bbox 1927 750 3504 823; baseline -0.001 -14"><span class='ocrx_word' id='word_1_145' title='bbox 1927 754 2203 809; x_wconf 86' lang='lat' dir='ltr'><strong>Christum</strong></span> <span class='ocrx_word' id='word_1_146' title='bbox 2234 767 2452 822; x_wconf 85' lang='lat' dir='ltr'><strong>passum</strong></span> <span class='ocrx_word' id='word_1_147' title='bbox 2502 752 2643 823; x_wconf 80' lang='grc' dir='ltr'>ὑπὲρ</span> <span class='ocrx_word' id='word_1_148' title='bbox 2684 750 3007 823; x_wconf 81' lang='grc' dir='ltr'>ἀνθρώπων,</span> <span class='ocrx_word' id='word_1_149' title='bbox 3042 752 3074 823; x_wconf 83' lang='grc' dir='ltr'>ἢ</span> <span class='ocrx_word' id='word_1_150' title='bbox 3117 754 3210 806; x_wconf 75' lang='grc' dir='ltr'><strong>καὶ</strong></span> <span class='ocrx_word' id='word_1_151' title='bbox 3240 752 3362 807; x_wconf 82' lang='grc' dir='ltr'><strong>ὅλου</strong></span> <span class='ocrx_word' id='word_1_152' title='bbox 3410 752 3504 814; x_wconf 76' lang='grc' dir='ltr'><strong>τοῦ</strong></span> 
     </span>
    </p>
   </div>
   <div class='ocr_carea' id='block_1_22' title="bbox 1931 843 3505 916">
    <p class='ocr_par' dir='ltr' id='par_1_22' title="bbox 1931 843 3505 916">
     <span class='ocr_line' id='line_1_22' title="bbox 1931 843 3505 916; baseline 0.001 -18"><span class='ocrx_word' id='word_1_153' title='bbox 1931 846 2163 916; x_wconf 81' lang='grc' dir='ltr'><strong>κόσμου,</strong></span> <span class='ocrx_word' id='word_1_154' title='bbox 2200 854 2255 898; x_wconf 89' lang='lat' dir='ltr'><strong>et</strong></span> <span class='ocrx_word' id='word_1_155' title='bbox 2283 854 2412 898; x_wconf 89' lang='lat' dir='ltr'><strong>tum.</strong></span> <span class='ocrx_word' id='word_1_156' title='bbox 2441 860 2477 897; x_wconf 88' lang='grc' dir='ltr'><strong>ιι</strong></span> <span class='ocrx_word' id='word_1_157' title='bbox 2510 843 2563 895; x_wconf 83' lang='lat' dir='ltr'><strong>in</strong></span> <span class='ocrx_word' id='word_1_158' title='bbox 2589 843 2778 909; x_wconf 83' lang='lat' dir='ltr'><strong>Joan.,</strong></span> <span class='ocrx_word' id='word_1_159' title='bbox 2814 859 2963 898; x_wconf 90' lang='lat' dir='ltr'><strong>num.</strong></span> <span class='ocrx_word' id='word_1_160' title='bbox 2998 844 3030 898; x_wconf 88' lang='lat'><strong>6</strong></span> <span class='ocrx_word' id='word_1_161' title='bbox 3062 860 3076 899; x_wconf 89' lang='lat'><strong>:</strong></span> <span class='ocrx_word' id='word_1_162' title='bbox 3114 846 3183 898; x_wconf 86' lang='grc' dir='ltr'><strong>Ἢ</strong></span> <span class='ocrx_word' id='word_1_163' title='bbox 3216 847 3355 916; x_wconf 82' lang='grc' dir='ltr'>τάχα</span> <span class='ocrx_word' id='word_1_164' title='bbox 3387 848 3505 901; x_wconf 78' lang='grc' dir='ltr'>ἐστὶ</span> 
     </span>
    </p>
   </div>
   <div class='ocr_carea' id='block_1_23' title="bbox 1929 936 3502 1011">
    <p class='ocr_par' dir='ltr' id='par_1_23' title="bbox 1929 936 3502 1011">
     <span class='ocr_line' id='line_1_23' title="bbox 1929 936 3502 1011; baseline 0.001 -18"><span class='ocrx_word' id='word_1_165' title='bbox 1929 940 2021 993; x_wconf 69' lang='grc' dir='ltr'>καὶ</span> <span class='ocrx_word' id='word_1_166' title='bbox 2048 939 2207 999; x_wconf 72' lang='grc' dir='ltr'>τοῦτο</span> <span class='ocrx_word' id='word_1_167' title='bbox 2226 940 2422 1002; x_wconf 79' lang='grc' dir='ltr'>εἰπεῖν,</span> <span class='ocrx_word' id='word_1_168' title='bbox 2450 938 2532 992; x_wconf 82' lang='grc' dir='ltr'><strong>ὅτι</strong></span> <span class='ocrx_word' id='word_1_169' title='bbox 2558 938 2727 992; x_wconf 75' lang='grc' dir='ltr'>ἐδεῖτο</span> <span class='ocrx_word' id='word_1_170' title='bbox 2759 940 2791 1008; x_wconf 85' lang='grc' dir='ltr'><strong>ή</strong></span> <span class='ocrx_word' id='word_1_171' title='bbox 2831 936 3010 1001; x_wconf 81' lang='grc' dir='ltr'><strong>κτίσις</strong></span> <span class='ocrx_word' id='word_1_172' title='bbox 3039 938 3179 1011; x_wconf 82' lang='grc' dir='ltr'>ὑπὲρ</span> <span class='ocrx_word' id='word_1_173' title='bbox 3212 940 3305 993; x_wconf 79' lang='grc' dir='ltr'>τοῦ</span> <span class='ocrx_word' id='word_1_174' title='bbox 3349 940 3502 994; x_wconf 70' lang='grc' dir='ltr'>ἐλευο</span> 
     </span>
    </p>
   </div>
   <div class='ocr_carea' id='block_1_24' title="bbox 1930 1030 3507 1104">
    <p class='ocr_par' dir='ltr' id='par_1_24' title="bbox 1930 1030 3507 1104">
     <span class='ocr_line' id='line_1_24' title="bbox 1930 1030 3507 1104; baseline 0.002 -19"><span class='ocrx_word' id='word_1_175' title='bbox 1930 1031 2236 1104; x_wconf 84' lang='grc' dir='ltr'>θερωθῆναι</span> <span class='ocrx_word' id='word_1_176' title='bbox 2268 1030 2377 1083; x_wconf 74' lang='grc' dir='ltr'><strong>ἀπὸ</strong></span> <span class='ocrx_word' id='word_1_177' title='bbox 2421 1030 2523 1100; x_wconf 84' lang='grc' dir='ltr'>τῆς</span> <span class='ocrx_word' id='word_1_178' title='bbox 2557 1031 2804 1095; x_wconf 83' lang='grc' dir='ltr'>δουλείας</span> <span class='ocrx_word' id='word_1_179' title='bbox 2844 1031 2946 1101; x_wconf 82' lang='grc' dir='ltr'>τῆς</span> <span class='ocrx_word' id='word_1_180' title='bbox 2985 1030 3211 1102; x_wconf 83' lang='grc' dir='ltr'>φθορᾶς,</span> <span class='ocrx_word' id='word_1_181' title='bbox 3246 1032 3381 1086; x_wconf 82' lang='grc' dir='ltr'>ἀλλὰ</span> <span class='ocrx_word' id='word_1_182' title='bbox 3412 1035 3507 1089; x_wconf 68' lang='grc' dir='ltr'><strong>καὶ</strong></span> 
     </span>
    </p>
   </div>
   <div class='ocr_carea' id='block_1_25' title="bbox 1924 1103 3504 1195">
    <p class='ocr_par' dir='ltr' id='par_1_25' title="bbox 1924 1103 3504 1195">
     <span class='ocr_line' id='line_1_25' title="bbox 1924 1103 3504 1195; baseline 0.003 -18"><span class='ocrx_word' id='word_1_183' title='bbox 1924 1103 2129 1177; x_wconf 15' lang='grc' dir='ltr'>τὸῗτῶν</span> <span class='ocrx_word' id='word_1_184' title='bbox 2177 1122 2481 1195; x_wconf 83' lang='grc' dir='ltr'>ἀνθρώπων</span> <span class='ocrx_word' id='word_1_185' title='bbox 2525 1123 2702 1192; x_wconf 83' lang='grc' dir='ltr'>γένος,</span> <span class='ocrx_word' id='word_1_186' title='bbox 2740 1123 3015 1195; x_wconf 77' lang='grc' dir='ltr'>μακαρίας</span> <span class='ocrx_word' id='word_1_187' title='bbox 3042 1125 3136 1178; x_wconf 79' lang='grc' dir='ltr'><strong>καὶ</strong></span> <span class='ocrx_word' id='word_1_188' title='bbox 3164 1124 3313 1190; x_wconf 88' lang='grc' dir='ltr'>θείας</span> <span class='ocrx_word' id='word_1_189' title='bbox 3343 1126 3504 1181; x_wconf 79' lang='grc' dir='ltr'>δυνά-</span> 
     </span>
    </p>
   </div>
   <div class='ocr_carea' id='block_1_26' title="bbox 1931 1212 3507 1286">
    <p class='ocr_par' dir='ltr' id='par_1_26' title="bbox 1931 1212 3507 1286">
     <span class='ocr_line' id='line_1_26' title="bbox 1931 1212 3507 1286; baseline 0.004 -20"><span class='ocrx_word' id='word_1_190' title='bbox 1931 1230 2079 1285; x_wconf 89' lang='grc' dir='ltr'>μεως</span> <span class='ocrx_word' id='word_1_191' title='bbox 2117 1212 2596 1286; x_wconf 83' lang='grc' dir='ltr'>ὲνανθρωπούσης,</span> <span class='ocrx_word' id='word_1_192' title='bbox 2631 1215 2753 1285; x_wconf 73' lang='grc' dir='ltr'>ἣτις</span> <span class='ocrx_word' id='word_1_193' title='bbox 2787 1214 3140 1286; x_wconf 84' lang='grc' dir='ltr'>διορθώσεται</span> <span class='ocrx_word' id='word_1_194' title='bbox 3174 1219 3269 1271; x_wconf 78' lang='grc' dir='ltr'>καὶ</span> <span class='ocrx_word' id='word_1_195' title='bbox 3310 1218 3382 1272; x_wconf 85' lang='grc' dir='ltr'>τὰ</span> <span class='ocrx_word' id='word_1_196' title='bbox 3412 1216 3507 1273; x_wconf 64' lang='grc' dir='ltr'><strong>ἐπὶ</strong></span> 
     </span>
    </p>
   </div>
   <div class='ocr_carea' id='block_1_27' title="bbox 1925 1308 2170 1379">
    <p class='ocr_par' dir='ltr' id='par_1_27' title="bbox 1925 1308 2170 1379">
     <span class='ocr_line' id='line_1_27' title="bbox 1925 1308 2170 1379; baseline -0.008 0"><span class='ocrx_word' id='word_1_197' title='bbox 1925 1308 2025 1379; x_wconf 80' lang='grc' dir='ltr'><strong>τῆς</strong></span> <span class='ocrx_word' id='word_1_198' title='bbox 2048 1308 2170 1378; x_wconf 77' lang='grc' dir='ltr'><strong>γῆςο</strong></span> 
     </span>
    </p>
   </div>
   <div class='ocr_carea' id='block_1_28' title="bbox 2001 1398 3505 1470">
    <p class='ocr_par' dir='ltr' id='par_1_28' title="bbox 2001 1398 3505 1470">
     <span class='ocr_line' id='line_1_28' title="bbox 2001 1398 3505 1470; baseline 0.003 -16"><span class='ocrx_word' id='word_1_199' title='bbox 2001 1400 2185 1460; x_wconf 77' lang='grc' dir='ltr'><strong>ΧΧΙΙΙ.</strong></span> <span class='ocrx_word' id='word_1_200' title='bbox 2215 1398 2334 1455; x_wconf 86' lang='grc' dir='ltr'>Νοιι</span> <span class='ocrx_word' id='word_1_201' title='bbox 2366 1400 2505 1456; x_wconf 86' lang='lat' dir='ltr'><strong>satis</strong></span> <span class='ocrx_word' id='word_1_202' title='bbox 2534 1413 2664 1454; x_wconf 81' lang='lat' dir='ltr'><strong>vero</strong></span> <span class='ocrx_word' id='word_1_203' title='bbox 2698 1401 2816 1469; x_wconf 88' lang='lat' dir='ltr'><strong>ipse</strong></span> <span class='ocrx_word' id='word_1_204' title='bbox 2842 1400 2947 1455; x_wconf 91' lang='lat' dir='ltr'><strong>sibi</strong></span> <span class='ocrx_word' id='word_1_205' title='bbox 2981 1401 3196 1457; x_wconf 91' lang='lat' dir='ltr'><strong>videtur</strong></span> <span class='ocrx_word' id='word_1_206' title='bbox 3228 1413 3505 1470; x_wconf 89' lang='lat' dir='ltr'><strong>constare,</strong></span> 
     </span>
    </p>
   </div>
   <div class='ocr_carea' id='block_1_29' title="bbox 1929 1488 3506 1560">
    <p class='ocr_par' dir='ltr' id='par_1_29' title="bbox 1929 1488 3506 1560">
     <span class='ocr_line' id='line_1_29' title="bbox 1929 1488 3506 1560; baseline 0.006 -20"><span class='ocrx_word' id='word_1_207' title='bbox 1929 1502 2050 1541; x_wconf 86' lang='lat' dir='ltr'><strong>cum</strong></span> <span class='ocrx_word' id='word_1_208' title='bbox 2080 1488 2344 1543; x_wconf 91' lang='lat' dir='ltr'><strong>rationem</strong></span> <span class='ocrx_word' id='word_1_209' title='bbox 2384 1489 2710 1560; x_wconf 88' lang='lat' dir='ltr'><strong>modumque</strong></span> <span class='ocrx_word' id='word_1_210' title='bbox 2729 1490 3007 1558; x_wconf 77' lang='lat' dir='ltr'><strong>explanat,</strong></span> <span class='ocrx_word' id='word_1_211' title='bbox 3028 1506 3136 1560; x_wconf 91' lang='lat' dir='ltr'><strong>quo</strong></span> <span class='ocrx_word' id='word_1_212' title='bbox 3161 1508 3247 1547; x_wconf 86' lang='lat' dir='ltr'><strong>res</strong></span> <span class='ocrx_word' id='word_1_213' title='bbox 3276 1496 3506 1551; x_wconf 78' lang='lat' dir='ltr'><strong>rationis</strong></span> 
     </span>
    </p>
   </div>
   <div class='ocr_carea' id='block_1_30' title="bbox 1928 1581 3505 1651">
    <p class='ocr_par' dir='ltr' id='par_1_30' title="bbox 1928 1581 3505 1651">
     <span class='ocr_line' id='line_1_30' title="bbox 1928 1581 3505 1651; baseline 0.003 -15"><span class='ocrx_word' id='word_1_214' title='bbox 1928 1591 2206 1651; x_wconf 86' lang='lat' dir='ltr'><strong>compotes</strong></span> <span class='ocrx_word' id='word_1_215' title='bbox 2251 1596 2281 1635; x_wconf 87' lang='lat' dir='ltr'><strong>a</strong></span> <span class='ocrx_word' id='word_1_216' title='bbox 2331 1581 2700 1650; x_wconf 90' lang='lat' dir='ltr'><strong>corruptionis</strong></span> <span class='ocrx_word' id='word_1_217' title='bbox 2729 1583 2991 1637; x_wconf 84' lang='lat' dir='ltr'><strong>servitute</strong></span> <span class='ocrx_word' id='word_1_218' title='bbox 3020 1582 3272 1641; x_wconf 83' lang='lat' dir='ltr'><strong>Christus</strong></span> <span class='ocrx_word' id='word_1_219' title='bbox 3303 1587 3505 1642; x_wconf 86' lang='lat' dir='ltr'><strong>libera-</strong></span> 
     </span>
    </p>
   </div>
   <div class='ocr_carea' id='block_1_31' title="bbox 1928 1672 3505 1744">
    <p class='ocr_par' dir='ltr' id='par_1_31' title="bbox 1928 1672 3505 1744">
     <span class='ocr_line' id='line_1_31' title="bbox 1928 1672 3505 1744; baseline 0.005 -19"><span class='ocrx_word' id='word_1_220' title='bbox 1928 1674 2026 1730; x_wconf 77' lang='lat' dir='ltr'><strong>vit.</strong></span> <span class='ocrx_word' id='word_1_221' title='bbox 2064 1672 2201 1728; x_wconf 90' lang='lat' dir='ltr'><strong>Nam</strong></span> <span class='ocrx_word' id='word_1_222' title='bbox 2230 1672 2460 1744; x_wconf 78' lang='lat' dir='ltr'><strong>singulis</strong></span> <span class='ocrx_word' id='word_1_223' title='bbox 2489 1674 2801 1743; x_wconf 79' lang='lat' dir='ltr'><strong>angelorum</strong></span> <span class='ocrx_word' id='word_1_224' title='bbox 2826 1675 3134 1741; x_wconf 89' lang='lat' dir='ltr'><strong>ordinibus,</strong></span> <span class='ocrx_word' id='word_1_225' title='bbox 3170 1678 3223 1731; x_wconf 91' lang='lat' dir='ltr'><strong>in</strong></span> <span class='ocrx_word' id='word_1_226' title='bbox 3256 1695 3351 1733; x_wconf 89' lang='lat' dir='ltr'><strong>sna</strong></span> <span class='ocrx_word' id='word_1_227' title='bbox 3379 1680 3505 1733; x_wconf 80' lang='lat' dir='ltr'><strong>uni-</strong></span> 
     </span>
    </p>
   </div>
   <div class='ocr_carea' id='block_1_32' title="bbox 1929 1766 3503 1840">
    <p class='ocr_par' dir='ltr' id='par_1_32' title="bbox 1929 1766 3503 1840">
     <span class='ocr_line' id='line_1_32' title="bbox 1929 1766 3503 1840; baseline 0.006 -23"><span class='ocrx_word' id='word_1_228' title='bbox 1929 1766 2128 1835; x_wconf 83' lang='lat' dir='ltr'><strong>cuique</strong></span> <span class='ocrx_word' id='word_1_229' title='bbox 2164 1766 2336 1820; x_wconf 80' lang='lat' dir='ltr'><strong>forma</strong></span> <span class='ocrx_word' id='word_1_230' title='bbox 2374 1767 2721 1835; x_wconf 84' lang='lat' dir='ltr'><strong>apparuisse,</strong></span> <span class='ocrx_word' id='word_1_231' title='bbox 2751 1766 3102 1838; x_wconf 86' lang='lat' dir='ltr'><strong>Evangelinm</strong></span> <span class='ocrx_word' id='word_1_232' title='bbox 3156 1770 3503 1840; x_wconf 71' lang='lat' dir='ltr'><strong>praedicasse,</strong></span> 
     </span>
    </p>
   </div>
   <div class='ocr_carea' id='block_1_33' title="bbox 235 1839 3507 1930">
    <p class='ocr_par' dir='ltr' id='par_1_33' title="bbox 235 1839 3507 1930">
     <span class='ocr_line' id='line_1_33' title="bbox 235 1839 3507 1930; baseline 0.002 -17"><span class='ocrx_word' id='word_1_233' title='bbox 235 1877 343 1930; x_wconf 91' lang='lat' dir='ltr'><strong>pro</strong></span> <span class='ocrx_word' id='word_1_234' title='bbox 374 1839 731 1928; x_wconf 48' lang='lat' dir='ltr'><strong>daemonibus,</strong></span> <span class='ocrx_word' id='word_1_235' title='bbox 771 1870 826 1915; x_wconf 89' lang='lat' dir='ltr'><strong>et</strong></span> <span class='ocrx_word' id='word_1_236' title='bbox 868 1860 1062 1928; x_wconf 73' lang='lat' dir='ltr'><strong>sapius</strong></span> <span class='ocrx_word' id='word_1_237' title='bbox 1105 1860 1157 1914; x_wconf 93' lang='lat' dir='ltr'><strong>in</strong></span> <span class='ocrx_word' id='word_1_238' title='bbox 1194 1858 1390 1913; x_wconf 85' lang='lat' dir='ltr'><strong>futuris</strong></span> <span class='ocrx_word' id='word_1_239' title='bbox 1433 1858 1643 1915; x_wconf 64' lang='lat' dir='ltr'><strong>smcnlis</strong></span> <span class='ocrx_word' id='word_1_240' title='bbox 1682 1859 1820 1912; x_wconf 88' lang='lat' dir='ltr'><strong>idem</strong></span> <span class='ocrx_word' id='word_1_241' title='bbox 1857 1839 1900 1901; x_wconf 71' lang='grc' dir='ltr'><strong>Β</strong></span> <span class='ocrx_word' id='word_1_242' title='bbox 1926 1868 1981 1912; x_wconf 76' lang='lat' dir='ltr'><strong>et</strong></span> <span class='ocrx_word' id='word_1_243' title='bbox 2014 1859 2066 1912; x_wconf 93' lang='lat' dir='ltr'><strong>in</strong></span> <span class='ocrx_word' id='word_1_244' title='bbox 2092 1859 2234 1914; x_wconf 80' lang='lat' dir='ltr'><strong>etelo</strong></span> <span class='ocrx_word' id='word_1_245' title='bbox 2256 1858 2492 1928; x_wconf 87' lang='lat' dir='ltr'><strong>denique</strong></span> <span class='ocrx_word' id='word_1_246' title='bbox 2521 1870 2752 1914; x_wconf 92' lang='lat' dir='ltr'><strong>mortem</strong></span> <span class='ocrx_word' id='word_1_247' title='bbox 2801 1875 2899 1928; x_wconf 87' lang='lat' dir='ltr'><strong>pro</strong></span> <span class='ocrx_word' id='word_1_248' title='bbox 2946 1860 3016 1917; x_wconf 90' lang='lat' dir='ltr'><strong>iis</strong></span> <span class='ocrx_word' id='word_1_249' title='bbox 3037 1839 3241 1917; x_wconf 83' lang='lat' dir='ltr'><strong>obiisse</strong></span> <span class='ocrx_word' id='word_1_250' title='bbox 3271 1865 3507 1921; x_wconf 84' lang='lat' dir='ltr'><strong>scisccre</strong></span> 
     </span>
    </p>
   </div>
   <div class='ocr_carea' id='block_1_34' title="bbox 237 1949 1819 2026">
    <p class='ocr_par' dir='ltr' id='par_1_34' title="bbox 237 1949 1819 2026">
     <span class='ocr_line' id='line_1_34' title="bbox 237 1949 1819 2026; baseline -0.006 -18"><span class='ocrx_word' id='word_1_251' title='bbox 237 1956 452 2026; x_wconf 83' lang='lat' dir='ltr'><strong>perpeti</strong></span> <span class='ocrx_word' id='word_1_252' title='bbox 473 1970 501 2007; x_wconf 90' lang='lat' dir='ltr'><strong>a</strong></span> <span class='ocrx_word' id='word_1_253' title='bbox 526 1952 807 2021; x_wconf 87' lang='lat' dir='ltr'><strong>spiritibus</strong></span> <span class='ocrx_word' id='word_1_254' title='bbox 834 1951 1088 2021; x_wconf 69' lang='lat' dir='ltr'><strong>nequitia:</strong></span> <span class='ocrx_word' id='word_1_255' title='bbox 1107 1951 1195 2018; x_wconf 90' lang='lat' dir='ltr'><strong>qui</strong></span> <span class='ocrx_word' id='word_1_256' title='bbox 1224 1960 1349 2006; x_wconf 92' lang='lat' dir='ltr'><strong>sunt</strong></span> <span class='ocrx_word' id='word_1_257' title='bbox 1374 1950 1426 2004; x_wconf 90' lang='lat' dir='ltr'><strong>in</strong></span> <span class='ocrx_word' id='word_1_258' title='bbox 1451 1949 1819 2004; x_wconf 62' lang='lat' dir='ltr'><strong>cmicstibus.»</strong></span> 
     </span>
    </p>
   </div>
   <div class='ocr_carea' id='block_1_35' title="bbox 242 2040 1826 2112">
    <p class='ocr_par' dir='ltr' id='par_1_35' title="bbox 242 2040 1826 2112">
     <span class='ocr_line' id='line_1_35' title="bbox 242 2040 1826 2112; baseline -0.003 -12"><span class='ocrx_word' id='word_1_259' title='bbox 242 2045 522 2101; x_wconf 82' lang='lat' dir='ltr'><strong>llnrribile</strong></span> <span class='ocrx_word' id='word_1_260' title='bbox 564 2060 692 2099; x_wconf 91' lang='lat' dir='ltr'><strong>vero</strong></span> <span class='ocrx_word' id='word_1_261' title='bbox 733 2053 818 2098; x_wconf 91' lang='lat' dir='ltr'><strong>est</strong></span> <span class='ocrx_word' id='word_1_262' title='bbox 866 2052 920 2097; x_wconf 91' lang='lat' dir='ltr'><strong>et</strong></span> <span class='ocrx_word' id='word_1_263' title='bbox 969 2044 1364 2099; x_wconf 82' lang='lat' dir='ltr'><strong>exsecrandum</strong></span> <span class='ocrx_word' id='word_1_264' title='bbox 1397 2043 1541 2112; x_wconf 90' lang='lat' dir='ltr'><strong>quod</strong></span> <span class='ocrx_word' id='word_1_265' title='bbox 1590 2040 1826 2096; x_wconf 78' lang='lat' dir='ltr'><strong>Joannes</strong></span> 
     </span>
    </p>
   </div>
   <div class='ocr_carea' id='block_1_36' title="bbox 239 2132 1828 2203">
    <p class='ocr_par' dir='ltr' id='par_1_36' title="bbox 239 2132 1828 2203">
     <span class='ocr_line' id='line_1_36' title="bbox 239 2132 1828 2203; baseline -0.002 -15"><span class='ocrx_word' id='word_1_266' title='bbox 239 2134 621 2188; x_wconf 79' lang='lat' dir='ltr'><strong>Damascenns</strong></span> <span class='ocrx_word' id='word_1_267' title='bbox 656 2135 707 2187; x_wconf 92' lang='lat' dir='ltr'><strong>in</strong></span> <span class='ocrx_word' id='word_1_268' title='bbox 746 2133 887 2188; x_wconf 90' lang='lat' dir='ltr'><strong>libro</strong></span> <span class='ocrx_word' id='word_1_269' title='bbox 920 2132 995 2187; x_wconf 86' lang='lat' dir='ltr'><strong>De</strong></span> <span class='ocrx_word' id='word_1_270' title='bbox 1023 2134 1311 2187; x_wconf 78' lang='lat' dir='ltr'><strong>Iurresibus</strong></span> <span class='ocrx_word' id='word_1_271' title='bbox 1341 2132 1561 2203; x_wconf 91' lang='lat' dir='ltr'><strong>Origeni</strong></span> <span class='ocrx_word' id='word_1_272' title='bbox 1600 2148 1828 2201; x_wconf 85' lang='lat' dir='ltr'><strong>persna-</strong></span> 
     </span>
    </p>
   </div>
   <div class='ocr_carea' id='block_1_37' title="bbox 242 2224 1828 2293">
    <p class='ocr_par' dir='ltr' id='par_1_37' title="bbox 242 2224 1828 2293">
     <span class='ocr_line' id='line_1_37' title="bbox 242 2224 1828 2293; baseline -0.001 -15"><span class='ocrx_word' id='word_1_273' title='bbox 242 2242 365 2278; x_wconf 87' lang='lat' dir='ltr'><strong>sum</strong></span> <span class='ocrx_word' id='word_1_274' title='bbox 408 2226 572 2279; x_wconf 75' lang='lat' dir='ltr'><strong>fuisse</strong></span> <span class='ocrx_word' id='word_1_275' title='bbox 613 2226 710 2292; x_wconf 83' lang='lat' dir='ltr'><strong>ait,</strong></span> <span class='ocrx_word' id='word_1_276' title='bbox 758 2240 951 2293; x_wconf 92' lang='lat' dir='ltr'><strong>nempe</strong></span> <span class='ocrx_word' id='word_1_277' title='bbox 1007 2243 1026 2277; x_wconf 79' lang='grc' dir='ltr'><strong>ι</strong></span> <span class='ocrx_word' id='word_1_278' title='bbox 1078 2224 1356 2279; x_wconf 89' lang='lat' dir='ltr'><strong>Christum</strong></span> <span class='ocrx_word' id='word_1_279' title='bbox 1398 2239 1502 2279; x_wconf 85' lang='lat' dir='ltr'><strong>una</strong></span> <span class='ocrx_word' id='word_1_280' title='bbox 1547 2239 1669 2278; x_wconf 88' lang='lat' dir='ltr'><strong>cum</strong></span> <span class='ocrx_word' id='word_1_281' title='bbox 1708 2224 1828 2277; x_wconf 87' lang='lat' dir='ltr'><strong>dia-</strong></span> 
     </span>
    </p>
   </div>
   <div class='ocr_carea' id='block_1_38' title="bbox 252 2306 1825 2387">
    <p class='ocr_par' dir='ltr' id='par_1_38' title="bbox 252 2306 1825 2387">
     <span class='ocr_line' id='line_1_38' title="bbox 252 2306 1825 2387; baseline -0.001 -16"><span class='ocrx_word' id='word_1_282' title='bbox 252 2318 380 2371; x_wconf 84' lang='lat' dir='ltr'><strong>bolo</strong></span> <span class='ocrx_word' id='word_1_283' title='bbox 428 2335 456 2369; x_wconf 89' lang='lat' dir='ltr'><strong>a</strong></span> <span class='ocrx_word' id='word_1_284' title='bbox 501 2316 644 2387; x_wconf 79' lang='lat' dir='ltr'><strong>Rege</strong></span> <span class='ocrx_word' id='word_1_285' title='bbox 672 2319 1031 2387; x_wconf 81' lang='lat' dir='ltr'><strong>gubernatum</strong></span> <span class='ocrx_word' id='word_1_286' title='bbox 1089 2316 1180 2379; x_wconf 93' lang='lat' dir='ltr'><strong>iri,</strong></span> <span class='ocrx_word' id='word_1_287' title='bbox 1236 2330 1471 2384; x_wconf 91' lang='lat' dir='ltr'><strong>eumque</strong></span> <span class='ocrx_word' id='word_1_288' title='bbox 1524 2316 1576 2369; x_wconf 92' lang='lat' dir='ltr'><strong>in</strong></span> <span class='ocrx_word' id='word_1_289' title='bbox 1600 2306 1825 2371; x_wconf 61' lang='lat' dir='ltr'><strong>crucem</strong></span> 
     </span>
    </p>
   </div>
   <div class='ocr_carea' id='block_1_39' title="bbox 243 2406 1536 2463">
    <p class='ocr_par' dir='ltr' id='par_1_39' title="bbox 243 2406 1536 2463">
     <span class='ocr_line' id='line_1_39' title="bbox 243 2406 1536 2463; baseline -0.001 -3"><span class='ocrx_word' id='word_1_290' title='bbox 243 2419 431 2461; x_wconf 84' lang='lat' dir='ltr'><strong>actum</strong></span> <span class='ocrx_word' id='word_1_291' title='bbox 475 2410 812 2463; x_wconf 73' lang='lat' dir='ltr'><strong>titt&#39;lllOltiittIS</strong></span> <span class='ocrx_word' id='word_1_292' title='bbox 838 2408 974 2462; x_wconf 80' lang='lat' dir='ltr'><strong>falsa</strong></span> <span class='ocrx_word' id='word_1_293' title='bbox 1016 2406 1481 2462; x_wconf 69' lang='lat' dir='ltr'><strong>denuntiatum&quot;).</strong></span> <span class='ocrx_word' id='word_1_294' title='bbox 1517 2424 1536 2459; x_wconf 76' lang='grc' dir='ltr'><strong>ι</strong></span> 
     </span>
    </p>
   </div>
   <div class='ocr_carea' id='block_1_40' title="bbox 316 2499 1829 2571">
    <p class='ocr_par' dir='ltr' id='par_1_40' title="bbox 316 2499 1829 2571">
     <span class='ocr_line' id='line_1_40' title="bbox 316 2499 1829 2571; baseline -0.001 -18"><span class='ocrx_word' id='word_1_295' title='bbox 316 2500 481 2555; x_wconf 76' lang='lat' dir='ltr'><strong>XXII.</strong></span> <span class='ocrx_word' id='word_1_296' title='bbox 524 2500 698 2564; x_wconf 86' lang='lat' dir='ltr'><strong>Nunc,</strong></span> <span class='ocrx_word' id='word_1_297' title='bbox 740 2503 871 2557; x_wconf 88' lang='lat' dir='ltr'><strong>rivis</strong></span> <span class='ocrx_word' id='word_1_298' title='bbox 909 2502 1156 2564; x_wconf 83' lang='lat' dir='ltr'><strong>omissis,</strong></span> <span class='ocrx_word' id='word_1_299' title='bbox 1206 2517 1275 2555; x_wconf 82' lang='lat' dir='ltr'><strong>ex</strong></span> <span class='ocrx_word' id='word_1_300' title='bbox 1323 2500 1440 2571; x_wconf 81' lang='lat' dir='ltr'><strong>ipso</strong></span> <span class='ocrx_word' id='word_1_301' title='bbox 1483 2499 1632 2555; x_wconf 80' lang='lat' dir='ltr'><strong>fonte</strong></span> <span class='ocrx_word' id='word_1_302' title='bbox 1696 2500 1829 2553; x_wconf 84' lang='lat' dir='ltr'><strong>hau-</strong></span> 
     </span>
    </p>
   </div>
   <div class='ocr_carea' id='block_1_41' title="bbox 242 2588 1829 2660">
    <p class='ocr_par' dir='ltr' id='par_1_41' title="bbox 242 2588 1829 2660">
     <span class='ocr_line' id='line_1_41' title="bbox 242 2588 1829 2660; baseline 0 -16"><span class='ocrx_word' id='word_1_303' title='bbox 242 2592 472 2645; x_wconf 81' lang='lat' dir='ltr'><strong>riatnns.</strong></span> <span class='ocrx_word' id='word_1_304' title='bbox 514 2592 780 2659; x_wconf 81' lang='lat' dir='ltr'><strong>Origenes</strong></span> <span class='ocrx_word' id='word_1_305' title='bbox 824 2591 1012 2647; x_wconf 90' lang='lat' dir='ltr'><strong>homil.</strong></span> <span class='ocrx_word' id='word_1_306' title='bbox 1055 2593 1197 2647; x_wconf 72' lang='lat' dir='ltr'><strong>10in</strong></span> <span class='ocrx_word' id='word_1_307' title='bbox 1243 2588 1374 2642; x_wconf 85' lang='lat' dir='ltr'><strong>Luc.</strong></span> <span class='ocrx_word' id='word_1_308' title='bbox 1407 2606 1473 2645; x_wconf 86' lang='lat' dir='ltr'><strong>ex</strong></span> <span class='ocrx_word' id='word_1_309' title='bbox 1520 2604 1584 2643; x_wconf 92' lang='lat' dir='ltr'><strong>eo</strong></span> <span class='ocrx_word' id='word_1_310' title='bbox 1634 2590 1829 2660; x_wconf 86' lang='lat' dir='ltr'><strong>probat</strong></span> 
     </span>
    </p>
   </div>
   <div class='ocr_carea' id='block_1_42' title="bbox 238 2678 1829 2735">
    <p class='ocr_par' dir='ltr' id='par_1_42' title="bbox 238 2678 1829 2735">
     <span class='ocr_line' id='line_1_42' title="bbox 238 2678 1829 2735; baseline 0.001 -1"><span class='ocrx_word' id='word_1_311' title='bbox 238 2678 370 2734; x_wconf 74' lang='lat' dir='ltr'><strong>Jesu</strong></span> <span class='ocrx_word' id='word_1_312' title='bbox 406 2681 611 2734; x_wconf 85' lang='lat' dir='ltr'><strong>Christi</strong></span> <span class='ocrx_word' id='word_1_313' title='bbox 648 2683 941 2735; x_wconf 84' lang='lat' dir='ltr'><strong>adventum</strong></span> <span class='ocrx_word' id='word_1_314' title='bbox 971 2680 1185 2735; x_wconf 77' lang='lat' dir='ltr'><strong>Veteris</strong></span> <span class='ocrx_word' id='word_1_315' title='bbox 1214 2681 1545 2735; x_wconf 88' lang='lat' dir='ltr'><strong>Testamenti</strong></span> <span class='ocrx_word' id='word_1_316' title='bbox 1575 2680 1829 2735; x_wconf 84' lang='lat' dir='ltr'><strong>Patribus</strong></span> 
     </span>
    </p>
   </div>
   <div class='ocr_carea' id='block_1_43' title="bbox 241 2771 1829 2845">
    <p class='ocr_par' dir='ltr' id='par_1_43' title="bbox 241 2771 1829 2845">
     <span class='ocr_line' id='line_1_43' title="bbox 241 2771 1829 2845; baseline 0.003 -22"><span class='ocrx_word' id='word_1_317' title='bbox 241 2771 539 2840; x_wconf 73' lang='lat' dir='ltr'><strong>profuisse,</strong></span> <span class='ocrx_word' id='word_1_318' title='bbox 574 2775 714 2843; x_wconf 90' lang='lat' dir='ltr'><strong>quod</strong></span> <span class='ocrx_word' id='word_1_319' title='bbox 745 2774 1065 2829; x_wconf 72' lang='lat' dir='ltr'><strong>cmlestibns</strong></span> <span class='ocrx_word' id='word_1_320' title='bbox 1087 2772 1377 2841; x_wconf 83' lang='lat' dir='ltr'><strong>profuerit,</strong></span> <span class='ocrx_word' id='word_1_321' title='bbox 1402 2775 1554 2844; x_wconf 82' lang='lat' dir='ltr'><strong>juxta</strong></span> <span class='ocrx_word' id='word_1_322' title='bbox 1596 2776 1829 2845; x_wconf 82' lang='lat' dir='ltr'><strong>Aposto-</strong></span> 
     </span>
    </p>
   </div>
   <div class='ocr_carea' id='block_1_44' title="bbox 242 2862 1829 2929">
    <p class='ocr_par' dir='ltr' id='par_1_44' title="bbox 242 2862 1829 2929">
     <span class='ocr_line' id='line_1_44' title="bbox 242 2862 1829 2929; baseline 0.001 -12"><span class='ocrx_word' id='word_1_323' title='bbox 242 2863 355 2917; x_wconf 89' lang='lat' dir='ltr'><strong>lnm</strong></span> <span class='ocrx_word' id='word_1_324' title='bbox 382 2862 593 2918; x_wconf 88' lang='lat' dir='ltr'><strong>Coloss.</strong></span> <span class='ocrx_word' id='word_1_325' title='bbox 632 2880 670 2928; x_wconf 89' lang='grc' dir='ltr'>ι,</span> <span class='ocrx_word' id='word_1_326' title='bbox 700 2864 788 2917; x_wconf 74' lang='grc'><strong>20.</strong></span> <span class='ocrx_word' id='word_1_327' title='bbox 830 2862 950 2929; x_wconf 85' lang='lat' dir='ltr'><strong>Quo</strong></span> <span class='ocrx_word' id='word_1_328' title='bbox 989 2864 1139 2918; x_wconf 81' lang='lat' dir='ltr'><strong>Pauli</strong></span> <span class='ocrx_word' id='word_1_329' title='bbox 1191 2865 1310 2919; x_wconf 88' lang='lat' dir='ltr'><strong>loco</strong></span> <span class='ocrx_word' id='word_1_330' title='bbox 1337 2866 1390 2920; x_wconf 91' lang='lat' dir='ltr'><strong>in</strong></span> <span class='ocrx_word' id='word_1_331' title='bbox 1421 2867 1669 2919; x_wconf 89' lang='lat' dir='ltr'><strong>eamdem</strong></span> <span class='ocrx_word' id='word_1_332' title='bbox 1702 2866 1829 2919; x_wconf 87' lang='lat' dir='ltr'><strong>abu-</strong></span> 
     </span>
    </p>
   </div>
   <div class='ocr_carea' id='block_1_45' title="bbox 241 2954 1827 3021">
    <p class='ocr_par' dir='ltr' id='par_1_45' title="bbox 241 2954 1827 3021">
     <span class='ocr_line' id='line_1_45' title="bbox 241 2954 1827 3021; baseline 0.003 -17"><span class='ocrx_word' id='word_1_333' title='bbox 241 2954 380 3006; x_wconf 90' lang='lat' dir='ltr'><strong>titur</strong></span> <span class='ocrx_word' id='word_1_334' title='bbox 407 2954 735 3008; x_wconf 87' lang='lat' dir='ltr'><strong>sententiam</strong></span> <span class='ocrx_word' id='word_1_335' title='bbox 762 2954 908 3010; x_wconf 86' lang='lat' dir='ltr'><strong>hom.</strong></span> <span class='ocrx_word' id='word_1_336' title='bbox 940 2956 1033 3008; x_wconf 85' lang='lat' dir='ltr'><strong>lin</strong></span> <span class='ocrx_word' id='word_1_337' title='bbox 1066 2954 1425 3019; x_wconf 84' lang='lat' dir='ltr'><strong>Leuit.,num.</strong></span> <span class='ocrx_word' id='word_1_338' title='bbox 1461 2957 1515 3021; x_wconf 78' lang='grc'>5,</span> <span class='ocrx_word' id='word_1_339' title='bbox 1556 2966 1610 3009; x_wconf 89' lang='lat' dir='ltr'><strong>et</strong></span> <span class='ocrx_word' id='word_1_340' title='bbox 1659 2955 1750 3009; x_wconf 87' lang='lat' dir='ltr'><strong>lib.</strong></span> <span class='ocrx_word' id='word_1_341' title='bbox 1797 2972 1827 3008; x_wconf 83' lang='lat' dir='ltr'><strong>v</strong></span> 
     </span>
    </p>
   </div>
   <div class='ocr_carea' id='block_1_46' title="bbox 237 3045 1827 3117">
    <p class='ocr_par' dir='ltr' id='par_1_46' title="bbox 237 3045 1827 3117">
     <span class='ocr_line' id='line_1_46' title="bbox 237 3045 1827 3117; baseline 0.001 -18"><span class='ocrx_word' id='word_1_342' title='bbox 237 3047 300 3099; x_wconf 81' lang='lat' dir='ltr'><strong>in</strong></span> <span class='ocrx_word' id='word_1_343' title='bbox 336 3045 505 3116; x_wconf 82' lang='lat' dir='ltr'><strong>Epist.</strong></span> <span class='ocrx_word' id='word_1_344' title='bbox 533 3048 601 3099; x_wconf 85' lang='lat' dir='ltr'><strong>ad</strong></span> <span class='ocrx_word' id='word_1_345' title='bbox 635 3046 812 3114; x_wconf 81' lang='lat' dir='ltr'><strong>Rom.,</strong></span> <span class='ocrx_word' id='word_1_346' title='bbox 845 3063 998 3101; x_wconf 89' lang='lat' dir='ltr'><strong>num.</strong></span> <span class='ocrx_word' id='word_1_347' title='bbox 1042 3047 1131 3112; x_wconf 80' lang='grc'><strong>10,</strong></span> <span class='ocrx_word' id='word_1_348' title='bbox 1173 3064 1294 3117; x_wconf 90' lang='lat' dir='ltr'><strong>pag.</strong></span> <span class='ocrx_word' id='word_1_349' title='bbox 1334 3048 1460 3102; x_wconf 82' lang='grc'><strong>568.</strong></span> <span class='ocrx_word' id='word_1_350' title='bbox 1494 3047 1605 3103; x_wconf 92' lang='lat' dir='ltr'><strong>lloc</strong></span> <span class='ocrx_word' id='word_1_351' title='bbox 1646 3057 1827 3103; x_wconf 85' lang='lat' dir='ltr'><strong>autent</strong></span> 
     </span>
    </p>
   </div>
   <div class='ocr_carea' id='block_1_47' title="bbox 238 3142 1821 3213">
    <p class='ocr_par' dir='ltr' id='par_1_47' title="bbox 238 3142 1821 3213">
     <span class='ocr_line' id='line_1_47' title="bbox 238 3142 1821 3213; baseline 0.001 -17"><span class='ocrx_word' id='word_1_352' title='bbox 238 3143 553 3197; x_wconf 73' lang='lat' dir='ltr'><strong>t-wlestiutn</strong></span> <span class='ocrx_word' id='word_1_353' title='bbox 589 3144 828 3209; x_wconf 84' lang='lat' dir='ltr'><strong>nomine,</strong></span> <span class='ocrx_word' id='word_1_354' title='bbox 867 3158 972 3196; x_wconf 88' lang='lat' dir='ltr'><strong>non</strong></span> <span class='ocrx_word' id='word_1_355' title='bbox 1014 3142 1331 3213; x_wconf 79' lang='lat' dir='ltr'><strong>angelorum</strong></span> <span class='ocrx_word' id='word_1_356' title='bbox 1377 3144 1536 3197; x_wconf 90' lang='lat' dir='ltr'><strong>modo</strong></span> <span class='ocrx_word' id='word_1_357' title='bbox 1580 3144 1821 3206; x_wconf 86' lang='lat' dir='ltr'><strong>ordines,</strong></span> 
     </span>
    </p>
   </div>
   <div class='ocr_carea' id='block_1_48' title="bbox 238 3234 1824 3304">
    <p class='ocr_par' dir='ltr' id='par_1_48' title="bbox 238 3234 1824 3304">
     <span class='ocr_line' id='line_1_48' title="bbox 238 3234 1824 3304; baseline -0.001 -15"><span class='ocrx_word' id='word_1_358' title='bbox 238 3235 338 3289; x_wconf 85' lang='lat' dir='ltr'><strong>sed</strong></span> <span class='ocrx_word' id='word_1_359' title='bbox 366 3235 542 3290; x_wconf 85' lang='lat' dir='ltr'><strong>sidera</strong></span> <span class='ocrx_word' id='word_1_360' title='bbox 581 3249 797 3303; x_wconf 87' lang='lat' dir='ltr'><strong>quoque</strong></span> <span class='ocrx_word' id='word_1_361' title='bbox 838 3234 1069 3298; x_wconf 87' lang='lat' dir='ltr'><strong>notavit,</strong></span> <span class='ocrx_word' id='word_1_362' title='bbox 1114 3243 1297 3303; x_wconf 80' lang='lat' dir='ltr'><strong>utpote</strong></span> <span class='ocrx_word' id='word_1_363' title='bbox 1336 3248 1458 3304; x_wconf 70' lang='lat' dir='ltr'><strong>qua:</strong></span> <span class='ocrx_word' id='word_1_364' title='bbox 1507 3247 1609 3286; x_wconf 92' lang='lat' dir='ltr'><strong>non</strong></span> <span class='ocrx_word' id='word_1_365' title='bbox 1644 3234 1824 3287; x_wconf 90' lang='lat' dir='ltr'><strong>anima</strong></span> 
     </span>
    </p>
   </div>
   <div class='ocr_carea' id='block_1_49' title="bbox 238 3324 1829 3395">
    <p class='ocr_par' dir='ltr' id='par_1_49' title="bbox 238 3324 1829 3395">
     <span class='ocr_line' id='line_1_49' title="bbox 238 3324 1829 3395; baseline -0.001 -14"><span class='ocrx_word' id='word_1_366' title='bbox 238 3327 429 3390; x_wconf 87' lang='lat' dir='ltr'><strong>modo,</strong></span> <span class='ocrx_word' id='word_1_367' title='bbox 462 3328 555 3381; x_wconf 90' lang='lat' dir='ltr'><strong>sed</strong></span> <span class='ocrx_word' id='word_1_368' title='bbox 598 3330 809 3381; x_wconf 89' lang='lat' dir='ltr'><strong>ratione</strong></span> <span class='ocrx_word' id='word_1_369' title='bbox 847 3328 1011 3382; x_wconf 89' lang='lat' dir='ltr'><strong>etiam</strong></span> <span class='ocrx_word' id='word_1_370' title='bbox 1055 3327 1281 3395; x_wconf 72' lang='lat' dir='ltr'><strong>prmdita</strong></span> <span class='ocrx_word' id='word_1_371' title='bbox 1317 3326 1614 3383; x_wconf 87' lang='lat' dir='ltr'><strong>censuerit.</strong></span> <span class='ocrx_word' id='word_1_372' title='bbox 1667 3324 1829 3392; x_wconf 75' lang='lat' dir='ltr'><strong>Qua:-</strong></span> 
     </span>
    </p>
   </div>
   <div class='ocr_carea' id='block_1_50' title="bbox 237 3419 1832 3489">
    <p class='ocr_par' dir='ltr' id='par_1_50' title="bbox 237 3419 1832 3489">
     <span class='ocr_line' id='line_1_50' title="bbox 237 3419 1832 3489; baseline -0.001 -15"><span class='ocrx_word' id='word_1_373' title='bbox 237 3436 466 3489; x_wconf 86' lang='lat' dir='ltr'><strong>cunqne</strong></span> <span class='ocrx_word' id='word_1_374' title='bbox 498 3430 679 3475; x_wconf 88' lang='lat' dir='ltr'><strong>autem</strong></span> <span class='ocrx_word' id='word_1_375' title='bbox 725 3420 935 3473; x_wconf 83' lang='lat' dir='ltr'><strong>ratione</strong></span> <span class='ocrx_word' id='word_1_376' title='bbox 961 3419 1187 3489; x_wconf 90' lang='lat' dir='ltr'><strong>pollent,</strong></span> <span class='ocrx_word' id='word_1_377' title='bbox 1238 3430 1464 3488; x_wconf 85' lang='lat' dir='ltr'><strong>peccato</strong></span> <span class='ocrx_word' id='word_1_378' title='bbox 1502 3435 1623 3473; x_wconf 91' lang='lat' dir='ltr'><strong>esse</strong></span> <span class='ocrx_word' id='word_1_379' title='bbox 1659 3423 1832 3473; x_wconf 79' lang='lat' dir='ltr'><strong>obno-</strong></span> 
     </span>
    </p>
   </div>
   <div class='ocr_carea' id='block_1_51' title="bbox 240 3511 1827 3583">
    <p class='ocr_par' dir='ltr' id='par_1_51' title="bbox 240 3511 1827 3583">
     <span class='ocr_line' id='line_1_51' title="bbox 240 3511 1827 3583; baseline -0.003 -16"><span class='ocrx_word' id='word_1_380' title='bbox 240 3513 362 3579; x_wconf 75' lang='lat' dir='ltr'><strong>xia,</strong></span> <span class='ocrx_word' id='word_1_381' title='bbox 401 3530 463 3565; x_wconf 88' lang='lat' dir='ltr'><strong>ac</strong></span> <span class='ocrx_word' id='word_1_382' title='bbox 497 3514 724 3583; x_wconf 88' lang='lat' dir='ltr'><strong>proinde</strong></span> <span class='ocrx_word' id='word_1_383' title='bbox 758 3512 1075 3583; x_wconf 76' lang='lat' dir='ltr'><strong>purgatione</strong></span> <span class='ocrx_word' id='word_1_384' title='bbox 1101 3512 1342 3582; x_wconf 78' lang='lat' dir='ltr'><strong>indigere</strong></span> <span class='ocrx_word' id='word_1_385' title='bbox 1376 3511 1679 3565; x_wconf 84' lang='lat' dir='ltr'><strong>arbitratus</strong></span> <span class='ocrx_word' id='word_1_386' title='bbox 1705 3522 1827 3578; x_wconf 85' lang='lat' dir='ltr'><strong>est;</strong></span> 
     </span>
    </p>
   </div>
   <div class='ocr_carea' id='block_1_52' title="bbox 240 3604 1832 3676">
    <p class='ocr_par' dir='ltr' id='par_1_52' title="bbox 240 3604 1832 3676">
     <span class='ocr_line' id='line_1_52' title="bbox 240 3604 1832 3676; baseline -0.002 -17"><span class='ocrx_word' id='word_1_387' title='bbox 240 3606 592 3676; x_wconf 74' lang='lat' dir='ltr'><strong>purgationis</strong></span> <span class='ocrx_word' id='word_1_388' title='bbox 651 3621 780 3659; x_wconf 78' lang='lat' dir='ltr'><strong>vero</strong></span> <span class='ocrx_word' id='word_1_389' title='bbox 832 3604 1066 3660; x_wconf 78' lang='lat' dir='ltr'><strong>cilicium</strong></span> <span class='ocrx_word' id='word_1_390' title='bbox 1114 3604 1221 3658; x_wconf 93' lang='lat' dir='ltr'><strong>illis</strong></span> <span class='ocrx_word' id='word_1_391' title='bbox 1287 3615 1463 3661; x_wconf 89' lang='lat' dir='ltr'><strong>morte</strong></span> <span class='ocrx_word' id='word_1_392' title='bbox 1523 3620 1622 3658; x_wconf 91' lang='lat' dir='ltr'><strong>sua</strong></span> <span class='ocrx_word' id='word_1_393' title='bbox 1676 3604 1832 3658; x_wconf 77' lang='lat' dir='ltr'><strong>exhi-</strong></span> 
     </span>
    </p>
   </div>
   <div class='ocr_carea' id='block_1_53' title="bbox 240 3696 1828 3769">
    <p class='ocr_par' dir='ltr' id='par_1_53' title="bbox 240 3696 1828 3769">
     <span class='ocr_line' id='line_1_53' title="bbox 240 3696 1828 3769; baseline -0.002 -16"><span class='ocrx_word' id='word_1_394' title='bbox 240 3700 453 3763; x_wconf 84' lang='lat' dir='ltr'><strong>bnissc,</strong></span> <span class='ocrx_word' id='word_1_395' title='bbox 493 3700 829 3768; x_wconf 86' lang='lat' dir='ltr'><strong>salutemque</strong></span> <span class='ocrx_word' id='word_1_396' title='bbox 848 3713 1181 3769; x_wconf 89' lang='lat' dir='ltr'><strong>procurasse</strong></span> <span class='ocrx_word' id='word_1_397' title='bbox 1210 3697 1517 3762; x_wconf 89' lang='lat' dir='ltr'><strong>Christum,</strong></span> <span class='ocrx_word' id='word_1_398' title='bbox 1544 3696 1828 3769; x_wconf 82' lang='grc' dir='ltr'>ἀπροσδεῆ</span> 
     </span>
    </p>
   </div>
   <div class='ocr_carea' id='block_1_54' title="bbox 240 3788 1829 3863">
    <p class='ocr_par' dir='ltr' id='par_1_54' title="bbox 240 3788 1829 3863">
     <span class='ocr_line' id='line_1_54' title="bbox 240 3788 1829 3863; baseline -0.001 -20"><span class='ocrx_word' id='word_1_399' title='bbox 240 3792 455 3854; x_wconf 72' lang='grc' dir='ltr'>παντὸς</span> <span class='ocrx_word' id='word_1_400' title='bbox 487 3791 816 3854; x_wconf 76' lang='grc' dir='ltr'>οὑτινοσοῦν,</span> <span class='ocrx_word' id='word_1_401' title='bbox 862 3791 999 3862; x_wconf 79' lang='grc' dir='ltr'>πλὴν</span> <span class='ocrx_word' id='word_1_402' title='bbox 1055 3791 1153 3861; x_wconf 81' lang='grc' dir='ltr'><strong>τῆς</strong></span> <span class='ocrx_word' id='word_1_403' title='bbox 1196 3788 1498 3862; x_wconf 87' lang='grc' dir='ltr'>ἀνθρώπων</span> <span class='ocrx_word' id='word_1_404' title='bbox 1536 3791 1829 3863; x_wconf 79' lang='grc' dir='ltr'>σωτηρίας,</span> 
     </span>
    </p>
   </div>
   <div class='ocr_carea' id='block_1_55' title="bbox 241 3877 1829 3951">
    <p class='ocr_par' dir='ltr' id='par_1_55' title="bbox 241 3877 1829 3951">
     <span class='ocr_line' id='line_1_55' title="bbox 241 3877 1829 3951; baseline -0.006 -14"><span class='ocrx_word' id='word_1_405' title='bbox 241 3882 345 3937; x_wconf 68' lang='lat' dir='ltr'><strong>rat</strong></span> <span class='ocrx_word' id='word_1_406' title='bbox 382 3881 583 3947; x_wconf 76' lang='grc' dir='ltr'>παντὸς</span> <span class='ocrx_word' id='word_1_407' title='bbox 614 3880 855 3951; x_wconf 76' lang='grc' dir='ltr'>).ογικοῦ.</span> <span class='ocrx_word' id='word_1_408' title='bbox 890 3878 984 3935; x_wconf 90' lang='lat' dir='ltr'><strong>Sic</strong></span> <span class='ocrx_word' id='word_1_409' title='bbox 1026 3894 1182 3933; x_wconf 87' lang='lat' dir='ltr'><strong>error</strong></span> <span class='ocrx_word' id='word_1_410' title='bbox 1212 3880 1388 3933; x_wconf 89' lang='lat' dir='ltr'><strong>errori</strong></span> <span class='ocrx_word' id='word_1_411' title='bbox 1424 3879 1684 3933; x_wconf 64' lang='lat' dir='ltr'><strong>cohaeret.</strong></span> <span class='ocrx_word' id='word_1_412' title='bbox 1720 3877 1829 3930; x_wconf 64' lang='lat' dir='ltr'><strong>Ra-</strong></span> 
     </span>
    </p>
   </div>
   <div class='ocr_carea' id='block_1_56' title="bbox 245 3967 1830 4043">
    <p class='ocr_par' dir='ltr' id='par_1_56' title="bbox 245 3967 1830 4043">
     <span class='ocr_line' id='line_1_56' title="bbox 245 3967 1830 4043; baseline -0.004 -17"><span class='ocrx_word' id='word_1_413' title='bbox 245 3974 470 4027; x_wconf 87' lang='lat' dir='ltr'><strong>tionalia</strong></span> <span class='ocrx_word' id='word_1_414' title='bbox 493 3990 654 4043; x_wconf 91' lang='lat' dir='ltr'><strong>porro</strong></span> <span class='ocrx_word' id='word_1_415' title='bbox 677 3988 1009 4027; x_wconf 89' lang='lat' dir='ltr'><strong>enumerans</strong></span> <span class='ocrx_word' id='word_1_416' title='bbox 1039 3982 1167 4025; x_wconf 93' lang='lat' dir='ltr'><strong>tom.</strong></span> <span class='ocrx_word' id='word_1_417' title='bbox 1204 3986 1219 4024; x_wconf 95' lang='grc' dir='ltr'><strong>ι</strong></span> <span class='ocrx_word' id='word_1_418' title='bbox 1265 3970 1319 4023; x_wconf 83' lang='lat' dir='ltr'><strong>in</strong></span> <span class='ocrx_word' id='word_1_419' title='bbox 1365 3967 1553 4031; x_wconf 80' lang='grc' dir='ltr'><strong>Ιοαη..</strong></span> <span class='ocrx_word' id='word_1_420' title='bbox 1584 3968 1830 4033; x_wconf 70' lang='grc' dir='ltr'><strong>ιιιιιιι.54,</strong></span> 
     </span>
    </p>
   </div>
   <div class='ocr_carea' id='block_1_57' title="bbox 247 4062 1828 4137">
    <p class='ocr_par' dir='ltr' id='par_1_57' title="bbox 247 4062 1828 4137">
     <span class='ocr_line' id='line_1_57' title="bbox 247 4062 1828 4137; baseline -0.003 -17"><span class='ocrx_word' id='word_1_421' title='bbox 247 4067 477 4137; x_wconf 82' lang='lat' dir='ltr'><strong>angelos</strong></span> <span class='ocrx_word' id='word_1_422' title='bbox 518 4067 570 4120; x_wconf 92' lang='lat' dir='ltr'><strong>in</strong></span> <span class='ocrx_word' id='word_1_423' title='bbox 638 4067 726 4129; x_wconf 89' lang='lat' dir='ltr'><strong>iis,</strong></span> <span class='ocrx_word' id='word_1_424' title='bbox 776 4067 1024 4120; x_wconf 89' lang='lat' dir='ltr'><strong>homines</strong></span> <span class='ocrx_word' id='word_1_425' title='bbox 1071 4080 1136 4119; x_wconf 90' lang='lat' dir='ltr'><strong>ac</strong></span> <span class='ocrx_word' id='word_1_426' title='bbox 1192 4064 1469 4119; x_wconf 84' lang='lat' dir='ltr'><strong>daemones</strong></span> <span class='ocrx_word' id='word_1_427' title='bbox 1521 4062 1828 4117; x_wconf 85' lang='lat' dir='ltr'><strong>collocavit.</strong></span> 
     </span>
    </p>
   </div>
   <div class='ocr_carea' id='block_1_58' title="bbox 248 4150 1831 4226">
    <p class='ocr_par' dir='ltr' id='par_1_58' title="bbox 248 4150 1831 4226">
     <span class='ocr_line' id='line_1_58' title="bbox 248 4150 1831 4226; baseline -0.005 -12"><span class='ocrx_word' id='word_1_428' title='bbox 248 4161 432 4215; x_wconf 84' lang='lat' dir='ltr'><strong>Astris</strong></span> <span class='ocrx_word' id='word_1_429' title='bbox 473 4170 653 4214; x_wconf 89' lang='lat' dir='ltr'><strong>autem</strong></span> <span class='ocrx_word' id='word_1_430' title='bbox 695 4160 929 4218; x_wconf 88' lang='lat' dir='ltr'><strong>animam</strong></span> <span class='ocrx_word' id='word_1_431' title='bbox 971 4158 1202 4221; x_wconf 87' lang='lat' dir='ltr'><strong>addidit,</strong></span> <span class='ocrx_word' id='word_1_432' title='bbox 1236 4172 1266 4211; x_wconf 88' lang='lat' dir='ltr'><strong>e</strong></span> <span class='ocrx_word' id='word_1_433' title='bbox 1294 4150 1545 4226; x_wconf 84' lang='lat' dir='ltr'><strong>supernis</strong></span> <span class='ocrx_word' id='word_1_434' title='bbox 1574 4154 1831 4208; x_wconf 89' lang='lat' dir='ltr'><strong>nimirum</strong></span> 
     </span>
    </p>
   </div>
   <div class='ocr_carea' id='block_1_59' title="bbox 248 4253 1834 4322">
    <p class='ocr_par' dir='ltr' id='par_1_59' title="bbox 248 4253 1834 4322">
     <span class='ocr_line' id='line_1_59' title="bbox 248 4253 1834 4322; baseline -0.006 -12"><span class='ocrx_word' id='word_1_435' title='bbox 248 4255 497 4310; x_wconf 67' lang='lat' dir='ltr'><strong>coalitum</strong></span> <span class='ocrx_word' id='word_1_436' title='bbox 530 4253 813 4307; x_wconf 89' lang='lat' dir='ltr'><strong>ordinibus</strong></span> <span class='ocrx_word' id='word_1_437' title='bbox 846 4254 1241 4322; x_wconf 85' lang='lat' dir='ltr'><strong>depromptam,</strong></span> <span class='ocrx_word' id='word_1_438' title='bbox 1280 4254 1345 4304; x_wconf 91' lang='lat' dir='ltr'><strong>ad</strong></span> <span class='ocrx_word' id='word_1_439' title='bbox 1376 4264 1539 4319; x_wconf 86' lang='lat' dir='ltr'><strong>quam</strong></span> <span class='ocrx_word' id='word_1_440' title='bbox 1584 4263 1834 4317; x_wconf 76' lang='lat' dir='ltr'><strong>perteque</strong></span> 
     </span>
    </p>
   </div>
   <div class='ocr_carea' id='block_1_60' title="bbox 251 4338 1833 4411">
    <p class='ocr_par' dir='ltr' id='par_1_60' title="bbox 251 4338 1833 4411">
     <span class='ocr_line' id='line_1_60' title="bbox 251 4338 1833 4411; baseline -0.005 -11"><span class='ocrx_word' id='word_1_441' title='bbox 251 4348 450 4401; x_wconf 89' lang='lat' dir='ltr'><strong>mortis</strong></span> <span class='ocrx_word' id='word_1_442' title='bbox 498 4345 701 4399; x_wconf 90' lang='lat' dir='ltr'><strong>Christi</strong></span> <span class='ocrx_word' id='word_1_443' title='bbox 761 4344 1086 4399; x_wconf 87' lang='lat' dir='ltr'><strong>beneﬁcium</strong></span> <span class='ocrx_word' id='word_1_444' title='bbox 1132 4341 1479 4411; x_wconf 89' lang='lat' dir='ltr'><strong>pertinuerit.</strong></span> <span class='ocrx_word' id='word_1_445' title='bbox 1514 4338 1833 4394; x_wconf 86' lang='lat' dir='ltr'><strong>Commenta</strong></span> 
     </span>
    </p>
   </div>
   <div class='ocr_carea' id='block_1_61' title="bbox 252 4431 1836 4506">
    <p class='ocr_par' dir='ltr' id='par_1_61' title="bbox 252 4431 1836 4506">
     <span class='ocr_line' id='line_1_61' title="bbox 252 4431 1836 4506; baseline -0.004 -15"><span class='ocrx_word' id='word_1_446' title='bbox 252 4439 345 4492; x_wconf 83' lang='lat' dir='ltr'><strong>illa</strong></span> <span class='ocrx_word' id='word_1_447' title='bbox 378 4438 558 4506; x_wconf 86' lang='lat' dir='ltr'><strong>palam</strong></span> <span class='ocrx_word' id='word_1_448' title='bbox 590 4436 797 4506; x_wconf 81' lang='lat' dir='ltr'><strong>profert</strong></span> <span class='ocrx_word' id='word_1_449' title='bbox 833 4446 962 4492; x_wconf 91' lang='lat' dir='ltr'><strong>tom.</strong></span> <span class='ocrx_word' id='word_1_450' title='bbox 989 4450 1027 4501; x_wconf 94' lang='lat' dir='ltr'><strong>t,</strong></span> <span class='ocrx_word' id='word_1_451' title='bbox 1062 4450 1214 4488; x_wconf 93' lang='lat' dir='ltr'><strong>num.</strong></span> <span class='ocrx_word' id='word_1_452' title='bbox 1241 4434 1310 4488; x_wconf 73' lang='grc'><strong>40</strong></span> <span class='ocrx_word' id='word_1_453' title='bbox 1344 4435 1396 4487; x_wconf 87' lang='lat' dir='ltr'><strong>in</strong></span> <span class='ocrx_word' id='word_1_454' title='bbox 1444 4431 1635 4496; x_wconf 84' lang='lat' dir='ltr'><strong>Joan.,</strong></span> <span class='ocrx_word' id='word_1_455' title='bbox 1678 4432 1836 4486; x_wconf 86' lang='lat' dir='ltr'><strong>Chri-</strong></span> 
     </span>
    </p>
   </div>
   <div class='ocr_carea' id='block_1_62' title="bbox 1928 1951 3504 2022">
    <p class='ocr_par' dir='ltr' id='par_1_62' title="bbox 1928 1951 3504 2022">
     <span class='ocr_line' id='line_1_62' title="bbox 1928 1951 3504 2022; baseline 0.005 -19"><span class='ocrx_word' id='word_1_456' title='bbox 1928 1951 2143 2006; x_wconf 82' lang='lat' dir='ltr'><strong>videtur</strong></span> <span class='ocrx_word' id='word_1_457' title='bbox 2171 1952 2486 2022; x_wconf 87' lang='lat' dir='ltr'><strong>aliquando.</strong></span> <span class='ocrx_word' id='word_1_458' title='bbox 2508 1953 2664 2008; x_wconf 78' lang='lat' dir='ltr'><strong>Velut</strong></span> <span class='ocrx_word' id='word_1_459' title='bbox 2698 1970 2819 2008; x_wconf 89' lang='lat' dir='ltr'><strong>cum</strong></span> <span class='ocrx_word' id='word_1_460' title='bbox 2844 1956 2921 2008; x_wconf 89' lang='lat' dir='ltr'><strong>ait</strong></span> <span class='ocrx_word' id='word_1_461' title='bbox 2943 1956 3095 2010; x_wconf 88' lang='lat' dir='ltr'><strong>hom.</strong></span> <span class='ocrx_word' id='word_1_462' title='bbox 3126 1955 3159 2009; x_wconf 91' lang='lat'>8</span> <span class='ocrx_word' id='word_1_463' title='bbox 3209 1957 3263 2009; x_wconf 89' lang='lat' dir='ltr'><strong>in</strong></span> <span class='ocrx_word' id='word_1_464' title='bbox 3289 1955 3504 2021; x_wconf 55' lang='lat' dir='ltr'><strong>Cenem,</strong></span> 
     </span>
    </p>
   </div>
   <div class='ocr_carea' id='block_1_63' title="bbox 1930 2038 3507 2115">
    <p class='ocr_par' dir='ltr' id='par_1_63' title="bbox 1930 2038 3507 2115">
     <span class='ocr_line' id='line_1_63' title="bbox 1930 2038 3507 2115; baseline 0.005 -19"><span class='ocrx_word' id='word_1_465' title='bbox 1930 2058 2080 2097; x_wconf 76' lang='lat' dir='ltr'><strong>nam.</strong></span> <span class='ocrx_word' id='word_1_466' title='bbox 2122 2043 2193 2097; x_wconf 89' lang='lat'><strong>8:</strong></span> <span class='ocrx_word' id='word_1_467' title='bbox 2246 2044 2764 2099; x_wconf 67' lang='lat' dir='ltr'><strong>«Considerandum</strong></span> <span class='ocrx_word' id='word_1_468' title='bbox 2812 2054 2900 2107; x_wconf 88' lang='lat' dir='ltr'><strong>est</strong></span> <span class='ocrx_word' id='word_1_469' title='bbox 2938 2048 3063 2114; x_wconf 89' lang='lat' dir='ltr'><strong>quia</strong></span> <span class='ocrx_word' id='word_1_470' title='bbox 3118 2038 3345 2115; x_wconf 78' lang='lat' dir='ltr'><strong>angelus</strong></span> <span class='ocrx_word' id='word_1_471' title='bbox 3391 2049 3507 2104; x_wconf 63' lang='lat' dir='ltr'><strong>hate</strong></span> 
     </span>
    </p>
   </div>
   <div class='ocr_carea' id='block_1_64' title="bbox 1929 2134 3506 2205">
    <p class='ocr_par' dir='ltr' id='par_1_64' title="bbox 1929 2134 3506 2205">
     <span class='ocr_line' id='line_1_64' title="bbox 1929 2134 3506 2205; baseline 0.004 -17"><span class='ocrx_word' id='word_1_472' title='bbox 1929 2134 2171 2189; x_wconf 78' lang='lat' dir='ltr'><strong>refertur</strong></span> <span class='ocrx_word' id='word_1_473' title='bbox 2201 2134 2267 2188; x_wconf 91' lang='lat' dir='ltr'><strong>ad</strong></span> <span class='ocrx_word' id='word_1_474' title='bbox 2306 2135 2579 2189; x_wconf 85' lang='lat' dir='ltr'><strong>Abraham</strong></span> <span class='ocrx_word' id='word_1_475' title='bbox 2632 2136 2867 2201; x_wconf 88' lang='lat' dir='ltr'><strong>locutus,</strong></span> <span class='ocrx_word' id='word_1_476' title='bbox 2925 2147 2980 2192; x_wconf 92' lang='lat' dir='ltr'><strong>et</strong></span> <span class='ocrx_word' id='word_1_477' title='bbox 3026 2140 3155 2205; x_wconf 90' lang='lat' dir='ltr'><strong>quia</strong></span> <span class='ocrx_word' id='word_1_478' title='bbox 3212 2140 3266 2193; x_wconf 92' lang='lat' dir='ltr'><strong>in</strong></span> <span class='ocrx_word' id='word_1_479' title='bbox 3312 2154 3506 2195; x_wconf 83' lang='lat' dir='ltr'><strong>conse-</strong></span> 
     </span>
    </p>
   </div>
   <div class='ocr_carea' id='block_1_65' title="bbox 1928 2227 3504 2299">
    <p class='ocr_par' dir='ltr' id='par_1_65' title="bbox 1928 2227 3504 2299">
     <span class='ocr_line' id='line_1_65' title="bbox 1928 2227 3504 2299; baseline 0.002 -19"><span class='ocrx_word' id='word_1_480' title='bbox 1928 2227 2217 2296; x_wconf 88' lang='lat' dir='ltr'><strong>quentibus</strong></span> <span class='ocrx_word' id='word_1_481' title='bbox 2243 2227 2526 2282; x_wconf 84' lang='lat' dir='ltr'><strong>evidenter</strong></span> <span class='ocrx_word' id='word_1_482' title='bbox 2556 2228 2645 2283; x_wconf 88' lang='lat' dir='ltr'><strong>hic</strong></span> <span class='ocrx_word' id='word_1_483' title='bbox 2693 2229 2918 2299; x_wconf 87' lang='lat' dir='ltr'><strong>angelus</strong></span> <span class='ocrx_word' id='word_1_484' title='bbox 2952 2229 3211 2285; x_wconf 88' lang='lat' dir='ltr'><strong>Dominus</strong></span> <span class='ocrx_word' id='word_1_485' title='bbox 3254 2235 3504 2287; x_wconf 79' lang='lat' dir='ltr'><strong>ostendi—</strong></span> 
     </span>
    </p>
   </div>
   <div class='ocr_carea' id='block_1_66' title="bbox 1930 2316 3509 2389">
    <p class='ocr_par' dir='ltr' id='par_1_66' title="bbox 1930 2316 3509 2389">
     <span class='ocr_line' id='line_1_66' title="bbox 1930 2316 3509 2389; baseline 0.006 -18"><span class='ocrx_word' id='word_1_486' title='bbox 1930 2328 2038 2373; x_wconf 92' lang='lat' dir='ltr'><strong>tur.</strong></span> <span class='ocrx_word' id='word_1_487' title='bbox 2068 2316 2223 2375; x_wconf 91' lang='lat' dir='ltr'><strong>Uude</strong></span> <span class='ocrx_word' id='word_1_488' title='bbox 2277 2328 2407 2388; x_wconf 93' lang='lat' dir='ltr'><strong>puto</strong></span> <span class='ocrx_word' id='word_1_489' title='bbox 2459 2321 2602 2389; x_wconf 91' lang='lat' dir='ltr'><strong>quod</strong></span> <span class='ocrx_word' id='word_1_490' title='bbox 2640 2320 2784 2375; x_wconf 82' lang='lat' dir='ltr'><strong>sicut</strong></span> <span class='ocrx_word' id='word_1_491' title='bbox 2833 2322 2976 2376; x_wconf 90' lang='lat' dir='ltr'><strong>inter</strong></span> <span class='ocrx_word' id='word_1_492' title='bbox 3004 2338 3103 2377; x_wconf 90' lang='lat' dir='ltr'><strong>nos</strong></span> <span class='ocrx_word' id='word_1_493' title='bbox 3130 2324 3378 2380; x_wconf 87' lang='lat' dir='ltr'><strong>homines</strong></span> <span class='ocrx_word' id='word_1_494' title='bbox 3412 2326 3509 2380; x_wconf 64' lang='lat' dir='ltr'><strong>hac</strong></span> 
     </span>
    </p>
   </div>
   <div class='ocr_carea' id='block_1_67' title="bbox 1927 2409 3510 2487">
    <p class='ocr_par' dir='ltr' id='par_1_67' title="bbox 1927 2409 3510 2487">
     <span class='ocr_line' id='line_1_67' title="bbox 1927 2409 3510 2487; baseline 0.004 -23"><span class='ocrx_word' id='word_1_495' title='bbox 1927 2409 2042 2464; x_wconf 88' lang='lat' dir='ltr'><strong>bitu</strong></span> <span class='ocrx_word' id='word_1_496' title='bbox 2105 2420 2353 2479; x_wconf 90' lang='lat' dir='ltr'><strong>repertus</strong></span> <span class='ocrx_word' id='word_1_497' title='bbox 2401 2423 2490 2467; x_wconf 90' lang='lat' dir='ltr'><strong>est</strong></span> <span class='ocrx_word' id='word_1_498' title='bbox 2546 2421 2604 2467; x_wconf 87' lang='lat' dir='ltr'><strong>nt</strong></span> <span class='ocrx_word' id='word_1_499' title='bbox 2643 2414 2827 2478; x_wconf 92' lang='lat' dir='ltr'><strong>homo,</strong></span> <span class='ocrx_word' id='word_1_500' title='bbox 2878 2415 2951 2469; x_wconf 86' lang='lat' dir='ltr'><strong>ita</strong></span> <span class='ocrx_word' id='word_1_501' title='bbox 3002 2424 3060 2469; x_wconf 89' lang='lat' dir='ltr'><strong>et</strong></span> <span class='ocrx_word' id='word_1_502' title='bbox 3105 2416 3245 2470; x_wconf 89' lang='lat' dir='ltr'><strong>inter</strong></span> <span class='ocrx_word' id='word_1_503' title='bbox 3288 2417 3510 2487; x_wconf 82' lang='lat' dir='ltr'><strong>angelos</strong></span> 
     </span>
    </p>
   </div>
   <div class='ocr_carea' id='block_1_68' title="bbox 1928 2502 3508 2575">
    <p class='ocr_par' dir='ltr' id='par_1_68' title="bbox 1928 2502 3508 2575">
     <span class='ocr_line' id='line_1_68' title="bbox 1928 2502 3508 2575; baseline 0.003 -18"><span class='ocrx_word' id='word_1_504' title='bbox 1928 2502 2112 2557; x_wconf 86' lang='lat' dir='ltr'><strong>habitu</strong></span> <span class='ocrx_word' id='word_1_505' title='bbox 2138 2513 2223 2557; x_wconf 88' lang='lat' dir='ltr'><strong>est</strong></span> <span class='ocrx_word' id='word_1_506' title='bbox 2249 2513 2495 2572; x_wconf 84' lang='lat' dir='ltr'><strong>repertus</strong></span> <span class='ocrx_word' id='word_1_507' title='bbox 2526 2514 2584 2557; x_wconf 91' lang='lat' dir='ltr'><strong>ut</strong></span> <span class='ocrx_word' id='word_1_508' title='bbox 2617 2506 2859 2575; x_wconf 82' lang='lat' dir='ltr'><strong>angelus.</strong></span> <span class='ocrx_word' id='word_1_509' title='bbox 2894 2525 2912 2558; x_wconf 73' lang='grc' dir='ltr'><strong>ι</strong></span> <span class='ocrx_word' id='word_1_510' title='bbox 2963 2506 3027 2561; x_wconf 87' lang='lat' dir='ltr'><strong>Et</strong></span> <span class='ocrx_word' id='word_1_511' title='bbox 3074 2522 3195 2562; x_wconf 92' lang='lat' dir='ltr'><strong>cum</strong></span> <span class='ocrx_word' id='word_1_512' title='bbox 3238 2517 3384 2564; x_wconf 91' lang='lat' dir='ltr'><strong>tomo</strong></span> <span class='ocrx_word' id='word_1_513' title='bbox 3437 2524 3508 2563; x_wconf 79' lang='lat' dir='ltr'><strong>xv</strong></span> 
     </span>
    </p>
   </div>
   <div class='ocr_carea' id='block_1_69' title="bbox 1928 2595 3506 2669">
    <p class='ocr_par' dir='ltr' id='par_1_69' title="bbox 1928 2595 3506 2669">
     <span class='ocr_line' id='line_1_69' title="bbox 1928 2595 3506 2669; baseline 0.003 -20"><span class='ocrx_word' id='word_1_514' title='bbox 1928 2597 1981 2650; x_wconf 85' lang='lat' dir='ltr'><strong>iu</strong></span> <span class='ocrx_word' id='word_1_515' title='bbox 2008 2595 2229 2661; x_wconf 77' lang='lat' dir='ltr'><strong>Matth.,</strong></span> <span class='ocrx_word' id='word_1_516' title='bbox 2264 2612 2417 2651; x_wconf 91' lang='lat' dir='ltr'><strong>num.</strong></span> <span class='ocrx_word' id='word_1_517' title='bbox 2446 2597 2500 2661; x_wconf 86' lang='lat'><strong>7,</strong></span> <span class='ocrx_word' id='word_1_518' title='bbox 2529 2598 2752 2667; x_wconf 87' lang='lat' dir='ltr'><strong>angelos</strong></span> <span class='ocrx_word' id='word_1_519' title='bbox 2811 2598 3011 2653; x_wconf 84' lang='lat' dir='ltr'><strong>Christi</strong></span> <span class='ocrx_word' id='word_1_520' title='bbox 3056 2599 3352 2666; x_wconf 84' lang='lat' dir='ltr'><strong>discipulos</strong></span> <span class='ocrx_word' id='word_1_521' title='bbox 3403 2616 3506 2669; x_wconf 83' lang='lat' dir='ltr'><strong>ap-</strong></span> 
     </span>
    </p>
   </div>
   <div class='ocr_carea' id='block_1_70' title="bbox 1929 2688 3507 2761">
    <p class='ocr_par' dir='ltr' id='par_1_70' title="bbox 1929 2688 3507 2761">
     <span class='ocr_line' id='line_1_70' title="bbox 1929 2688 3507 2761; baseline 0.003 -20"><span class='ocrx_word' id='word_1_522' title='bbox 1929 2688 2116 2755; x_wconf 88' lang='lat' dir='ltr'><strong>pellari</strong></span> <span class='ocrx_word' id='word_1_523' title='bbox 2154 2702 2317 2757; x_wconf 86' lang='lat' dir='ltr'><strong>posse</strong></span> <span class='ocrx_word' id='word_1_524' title='bbox 2377 2689 2575 2743; x_wconf 83' lang='lat' dir='ltr'><strong>asserit</strong></span> <span class='ocrx_word' id='word_1_525' title='bbox 2618 2704 2633 2743; x_wconf 92' lang='lat'><strong>:</strong></span> <span class='ocrx_word' id='word_1_526' title='bbox 2680 2689 2908 2744; x_wconf 81' lang='grc' dir='ltr'>Φθάνειν</span> <span class='ocrx_word' id='word_1_527' title='bbox 2956 2690 3064 2761; x_wconf 82' lang='grc' dir='ltr'><strong>γὰρ</strong></span> <span class='ocrx_word' id='word_1_528' title='bbox 3111 2692 3205 2745; x_wconf 77' lang='grc' dir='ltr'><strong>ἐπὶ</strong></span> <span class='ocrx_word' id='word_1_529' title='bbox 3251 2692 3507 2757; x_wconf 83' lang='grc' dir='ltr'>τοιαύτας</span> 
     </span>
    </p>
   </div>
   <div class='ocr_carea' id='block_1_71' title="bbox 1927 2777 3506 2854">
    <p class='ocr_par' dir='ltr' id='par_1_71' title="bbox 1927 2777 3506 2854">
     <span class='ocr_line' id='line_1_71' title="bbox 1927 2777 3506 2854; baseline 0.003 -21"><span class='ocrx_word' id='word_1_530' title='bbox 1927 2778 2187 2850; x_wconf 78' lang='grc' dir='ltr'>δυνάμεις</span> <span class='ocrx_word' id='word_1_531' title='bbox 2236 2777 2298 2833; x_wconf 83' lang='grc' dir='ltr'>τὸ</span> <span class='ocrx_word' id='word_1_532' title='bbox 2349 2780 2457 2835; x_wconf 89' lang='grc' dir='ltr'><strong>τῶν</strong></span> <span class='ocrx_word' id='word_1_533' title='bbox 2499 2781 2760 2854; x_wconf 84' lang='grc' dir='ltr'>μαθητῶν</span> <span class='ocrx_word' id='word_1_534' title='bbox 2819 2782 2993 2853; x_wconf 88' lang='grc' dir='ltr'><strong>Ἰησοῦ</strong></span> <span class='ocrx_word' id='word_1_535' title='bbox 3040 2783 3213 2854; x_wconf 77' lang='grc' dir='ltr'>ὄνομα</span> <span class='ocrx_word' id='word_1_536' title='bbox 3263 2783 3506 2853; x_wconf 70' lang='grc' dir='ltr'>εὔλογον,</span> 
     </span>
    </p>
   </div>
   <div class='ocr_carea' id='block_1_72' title="bbox 1929 2869 3507 2947">
    <p class='ocr_par' dir='ltr' id='par_1_72' title="bbox 1929 2869 3507 2947">
     <span class='ocr_line' id='line_1_72' title="bbox 1929 2869 3507 2947; baseline 0.004 -24"><span class='ocrx_word' id='word_1_537' title='bbox 1929 2871 2015 2923; x_wconf 84' lang='grc' dir='ltr'><strong>ἵνα</strong></span> <span class='ocrx_word' id='word_1_538' title='bbox 2049 2869 2124 2941; x_wconf 84' lang='grc' dir='ltr'>μὴ</span> <span class='ocrx_word' id='word_1_539' title='bbox 2161 2870 2319 2941; x_wconf 86' lang='grc' dir='ltr'>μόνον</span> <span class='ocrx_word' id='word_1_540' title='bbox 2342 2874 2390 2925; x_wconf 86' lang='grc' dir='ltr'>οἱ</span> <span class='ocrx_word' id='word_1_541' title='bbox 2424 2872 2702 2944; x_wconf 79' lang='grc' dir='ltr'>ἄνθρωποι</span> <span class='ocrx_word' id='word_1_542' title='bbox 2725 2873 2876 2944; x_wconf 71' lang='grc' dir='ltr'><strong>αὑτῷ</strong></span> <span class='ocrx_word' id='word_1_543' title='bbox 2908 2874 3342 2947; x_wconf 79' lang='grc' dir='ltr'>μαθητεύωνται,</span> <span class='ocrx_word' id='word_1_544' title='bbox 3370 2875 3507 2931; x_wconf 78' lang='grc' dir='ltr'><strong>ἀλλὰ</strong></span> 
     </span>
    </p>
   </div>
   <div class='ocr_carea' id='block_1_73' title="bbox 1930 2956 3508 3038">
    <p class='ocr_par' dir='ltr' id='par_1_73' title="bbox 1930 2956 3508 3038">
     <span class='ocr_line' id='line_1_73' title="bbox 1930 2956 3508 3038; baseline 0.005 -25"><span class='ocrx_word' id='word_1_545' title='bbox 1930 2962 2024 3013; x_wconf 72' lang='grc' dir='ltr'><strong>καὶ</strong></span> <span class='ocrx_word' id='word_1_546' title='bbox 2049 2963 2098 3014; x_wconf 81' lang='grc' dir='ltr'><strong>οί</strong></span> <span class='ocrx_word' id='word_1_547' title='bbox 2125 2962 2344 3036; x_wconf 76' lang='grc' dir='ltr'>ἄγγελοι</span> <span class='ocrx_word' id='word_1_548' title='bbox 2382 2956 2462 3027; x_wconf 71' lang='grc' dir='ltr'>οἷς</span> <span class='ocrx_word' id='word_1_549' title='bbox 2499 2961 2678 3035; x_wconf 76' lang='grc' dir='ltr'>ὤφθη,</span> <span class='ocrx_word' id='word_1_550' title='bbox 2714 2966 2807 3019; x_wconf 79' lang='grc' dir='ltr'><strong>καὶ</strong></span> <span class='ocrx_word' id='word_1_551' title='bbox 2841 2965 2897 3019; x_wconf 79' lang='grc' dir='ltr'>εἴ</span> <span class='ocrx_word' id='word_1_552' title='bbox 2933 2984 3018 3030; x_wconf 87' lang='grc' dir='ltr'><strong>τις</strong></span> <span class='ocrx_word' id='word_1_553' title='bbox 3050 2967 3199 3038; x_wconf 86' lang='grc' dir='ltr'>αὑτῷ</span> <span class='ocrx_word' id='word_1_554' title='bbox 3229 2966 3508 3021; x_wconf 71' lang='grc' dir='ltr'>πιστεύειν</span> 
     </span>
    </p>
   </div>
   <div class='ocr_carea' id='block_1_74' title="bbox 1931 3051 3507 3129">
    <p class='ocr_par' dir='ltr' id='par_1_74' title="bbox 1931 3051 3507 3129">
     <span class='ocr_line' id='line_1_74' title="bbox 1931 3051 3507 3129; baseline 0.006 -25"><span class='ocrx_word' id='word_1_555' title='bbox 1931 3051 2178 3123; x_wconf 84' lang='grc' dir='ltr'>βούλεται</span> <span class='ocrx_word' id='word_1_556' title='bbox 2232 3052 2339 3106; x_wconf 82' lang='grc' dir='ltr'><strong>ἀπὸ</strong></span> <span class='ocrx_word' id='word_1_557' title='bbox 2392 3054 2590 3118; x_wconf 83' lang='grc' dir='ltr'>παντὸς</span> <span class='ocrx_word' id='word_1_558' title='bbox 2649 3056 2909 3127; x_wconf 85' lang='grc' dir='ltr'>ὀνόματος</span> <span class='ocrx_word' id='word_1_559' title='bbox 2963 3058 3384 3129; x_wconf 79' lang='grc' dir='ltr'>ὀνομαζομένου,</span> <span class='ocrx_word' id='word_1_560' title='bbox 3444 3058 3507 3113; x_wconf 74' lang='grc' dir='ltr'><strong>οὐ</strong></span> 
     </span>
    </p>
   </div>
   <div class='ocr_carea' id='block_1_75' title="bbox 1933 3142 3505 3218">
    <p class='ocr_par' dir='ltr' id='par_1_75' title="bbox 1933 3142 3505 3218">
     <span class='ocr_line' id='line_1_75' title="bbox 1933 3142 3505 3218; baseline 0.004 -23"><span class='ocrx_word' id='word_1_561' title='bbox 1933 3142 2090 3213; x_wconf 89' lang='grc' dir='ltr'>μόνον</span> <span class='ocrx_word' id='word_1_562' title='bbox 2117 3143 2173 3197; x_wconf 84' lang='grc' dir='ltr'>ὲν</span> <span class='ocrx_word' id='word_1_563' title='bbox 2205 3143 2281 3215; x_wconf 82' lang='grc' dir='ltr'>τῷ</span> <span class='ocrx_word' id='word_1_564' title='bbox 2314 3143 2470 3198; x_wconf 80' lang='grc' dir='ltr'>αἰῶνι</span> <span class='ocrx_word' id='word_1_565' title='bbox 2500 3145 2695 3217; x_wconf 77' lang='grc' dir='ltr'>τούτῳ.</span> <span class='ocrx_word' id='word_1_566' title='bbox 2745 3145 2880 3200; x_wconf 80' lang='grc' dir='ltr'>ἀλλὰ</span> <span class='ocrx_word' id='word_1_567' title='bbox 2915 3148 3009 3202; x_wconf 78' lang='grc' dir='ltr'><strong>καὶ</strong></span> <span class='ocrx_word' id='word_1_568' title='bbox 3044 3150 3102 3201; x_wconf 78' lang='grc' dir='ltr'>ὲν</span> <span class='ocrx_word' id='word_1_569' title='bbox 3126 3146 3203 3218; x_wconf 80' lang='grc' dir='ltr'>τῷ</span> <span class='ocrx_word' id='word_1_570' title='bbox 3237 3146 3505 3214; x_wconf 82' lang='grc' dir='ltr'>μέλλοντι.</span> 
     </span>
    </p>
   </div>
   <div class='ocr_carea' id='block_1_76' title="bbox 1934 3234 3505 3307">
    <p class='ocr_par' dir='ltr' id='par_1_76' title="bbox 1934 3234 3505 3307">
     <span class='ocr_line' id='line_1_76' title="bbox 1934 3234 3505 3307; baseline 0.001 -21"><span class='ocrx_word' id='word_1_571' title='bbox 1934 3235 1998 3288; x_wconf 64' lang='grc' dir='ltr'><strong>ιιι</strong></span> <span class='ocrx_word' id='word_1_572' title='bbox 2032 3250 2152 3288; x_wconf 86' lang='lat' dir='ltr'><strong>cum</strong></span> <span class='ocrx_word' id='word_1_573' title='bbox 2185 3243 2314 3290; x_wconf 90' lang='lat' dir='ltr'><strong>tom.</strong></span> <span class='ocrx_word' id='word_1_574' title='bbox 2337 3252 2431 3290; x_wconf 85' lang='lat' dir='ltr'><strong>vut</strong></span> <span class='ocrx_word' id='word_1_575' title='bbox 2456 3245 2643 3290; x_wconf 85' lang='lat' dir='ltr'><strong>contra</strong></span> <span class='ocrx_word' id='word_1_576' title='bbox 2668 3234 2831 3300; x_wconf 65' lang='lat' dir='ltr'><strong>Cels,</strong></span> <span class='ocrx_word' id='word_1_577' title='bbox 2866 3237 3140 3291; x_wconf 83' lang='lat' dir='ltr'><strong>Christum</strong></span> <span class='ocrx_word' id='word_1_578' title='bbox 3176 3238 3307 3291; x_wconf 89' lang='lat' dir='ltr'><strong>dicit</strong></span> <span class='ocrx_word' id='word_1_579' title='bbox 3334 3234 3505 3307; x_wconf 76' lang='grc' dir='ltr'>πολλῇ</span> 
     </span>
    </p>
   </div>
   <div class='ocr_carea' id='block_1_77' title="bbox 1930 3325 3507 3401">
    <p class='ocr_par' dir='ltr' id='par_1_77' title="bbox 1930 3325 3507 3401">
     <span class='ocr_line' id='line_1_77' title="bbox 1930 3325 3507 3401; baseline 0.001 -21"><span class='ocrx_word' id='word_1_580' title='bbox 1930 3325 2156 3397; x_wconf 77' lang='grc' dir='ltr'>δυνάμει</span> <span class='ocrx_word' id='word_1_581' title='bbox 2207 3327 2612 3401; x_wconf 78' lang='grc' dir='ltr'>ὲπεσπαρκέναι</span> <span class='ocrx_word' id='word_1_582' title='bbox 2647 3327 2737 3381; x_wconf 76' lang='grc' dir='ltr'>τὸν</span> <span class='ocrx_word' id='word_1_583' title='bbox 2771 3327 3031 3385; x_wconf 77' lang='grc' dir='ltr'>καθαρὸν.</span> <span class='ocrx_word' id='word_1_584' title='bbox 3065 3330 3165 3399; x_wconf 85' lang='grc' dir='ltr'>τῆς</span> <span class='ocrx_word' id='word_1_585' title='bbox 3200 3327 3507 3391; x_wconf 77' lang='grc' dir='ltr'>θεοσεϐείας</span> 
     </span>
    </p>
   </div>
   <div class='ocr_carea' id='block_1_78' title="bbox 1931 3420 3508 3493">
    <p class='ocr_par' dir='ltr' id='par_1_78' title="bbox 1931 3420 3508 3493">
     <span class='ocr_line' id='line_1_78' title="bbox 1931 3420 3508 3493; baseline 0.001 -21"><span class='ocrx_word' id='word_1_586' title='bbox 1931 3420 2086 3489; x_wconf 79' lang='grc' dir='ltr'>λόγον</span> <span class='ocrx_word' id='word_1_587' title='bbox 2125 3423 2191 3493; x_wconf 86' lang='grc' dir='ltr'>τῇ</span> <span class='ocrx_word' id='word_1_588' title='bbox 2224 3420 2372 3493; x_wconf 81' lang='grc' dir='ltr'>πάσῃ</span> <span class='ocrx_word' id='word_1_589' title='bbox 2406 3420 2512 3475; x_wconf 89' lang='grc' dir='ltr'><strong>τῶν</strong></span> <span class='ocrx_word' id='word_1_590' title='bbox 2560 3420 2861 3493; x_wconf 86' lang='grc' dir='ltr'>ἀνθρώπων</span> <span class='ocrx_word' id='word_1_591' title='bbox 2906 3422 3198 3493; x_wconf 76' lang='grc' dir='ltr'>οἰκουμένῃ</span> <span class='ocrx_word' id='word_1_592' title='bbox 3232 3440 3245 3453; x_wconf 74' lang='grc' dir='ltr'><strong><em>ο</em></strong></span> <span class='ocrx_word' id='word_1_593' title='bbox 3279 3423 3341 3475; x_wconf 72' lang='grc' dir='ltr'><strong>οὐ</strong></span> <span class='ocrx_word' id='word_1_594' title='bbox 3372 3420 3508 3492; x_wconf 78' lang='grc' dir='ltr'><strong>ψεύ-</strong></span> 
     </span>
    </p>
   </div>
   <div class='ocr_carea' id='block_1_79' title="bbox 1934 3513 3509 3586">
    <p class='ocr_par' dir='ltr' id='par_1_79' title="bbox 1934 3513 3509 3586">
     <span class='ocr_line' id='line_1_79' title="bbox 1934 3513 3509 3586; baseline 0.001 -22"><span class='ocrx_word' id='word_1_595' title='bbox 1934 3528 2097 3582; x_wconf 89' lang='grc' dir='ltr'>σομαι</span> <span class='ocrx_word' id='word_1_596' title='bbox 2126 3513 2212 3585; x_wconf 77' lang='grc' dir='ltr'><strong>δη,</strong></span> <span class='ocrx_word' id='word_1_597' title='bbox 2250 3515 2442 3582; x_wconf 87' lang='lat' dir='ltr'><strong>inquit,</strong></span> <span class='ocrx_word' id='word_1_598' title='bbox 2480 3514 2792 3586; x_wconf 76' lang='grc' dir='ltr'>προστιθεὶς</span> <span class='ocrx_word' id='word_1_599' title='bbox 2827 3515 2921 3567; x_wconf 78' lang='grc' dir='ltr'><strong>καὶ</strong></span> <span class='ocrx_word' id='word_1_600' title='bbox 2946 3513 3141 3582; x_wconf 74' lang='grc' dir='ltr'>λέγων,</span> <span class='ocrx_word' id='word_1_601' title='bbox 3174 3515 3257 3567; x_wconf 87' lang='grc' dir='ltr'>ὅτι</span> <span class='ocrx_word' id='word_1_602' title='bbox 3279 3516 3371 3568; x_wconf 78' lang='grc' dir='ltr'><strong>καὶ</strong></span> <span class='ocrx_word' id='word_1_603' title='bbox 3397 3513 3509 3566; x_wconf 89' lang='grc' dir='ltr'><strong>τῶν</strong></span> 
     </span>
    </p>
   </div>
   <div class='ocr_carea' id='block_1_80' title="bbox 1932 3603 3509 3677">
    <p class='ocr_par' dir='ltr' id='par_1_80' title="bbox 1932 3603 3509 3677">
     <span class='ocr_line' id='line_1_80' title="bbox 1932 3603 3509 3677; baseline 0.003 -22"><span class='ocrx_word' id='word_1_604' title='bbox 1932 3603 2105 3658; x_wconf 80' lang='grc' dir='ltr'>ἄλλων</span> <span class='ocrx_word' id='word_1_605' title='bbox 2126 3604 2360 3673; x_wconf 82' lang='grc' dir='ltr'>λογικῶν</span> <span class='ocrx_word' id='word_1_606' title='bbox 2395 3606 2489 3658; x_wconf 60' lang='grc' dir='ltr'><strong>καὶ¹</strong></span> <span class='ocrx_word' id='word_1_607' title='bbox 2516 3605 2785 3676; x_wconf 77' lang='grc' dir='ltr'>δεομένων</span> <span class='ocrx_word' id='word_1_608' title='bbox 2805 3605 3162 3677; x_wconf 85' lang='grc' dir='ltr'>διορθώσεως,</span> <span class='ocrx_word' id='word_1_609' title='bbox 3199 3607 3295 3659; x_wconf 76' lang='grc' dir='ltr'><strong>καὶ</strong></span> <span class='ocrx_word' id='word_1_610' title='bbox 3344 3606 3509 3677; x_wconf 86' lang='grc' dir='ltr'>θερα-</span> 
     </span>
    </p>
   </div>
   <div class='ocr_carea' id='block_1_81' title="bbox 1933 3694 3509 3768">
    <p class='ocr_par' dir='ltr' id='par_1_81' title="bbox 1933 3694 3509 3768">
     <span class='ocr_line' id='line_1_81' title="bbox 1933 3694 3509 3768; baseline -0.001 -18"><span class='ocrx_word' id='word_1_611' title='bbox 1933 3696 2115 3760; x_wconf 80' lang='grc' dir='ltr'>πείας,</span> <span class='ocrx_word' id='word_1_612' title='bbox 2152 3695 2245 3749; x_wconf 79' lang='grc' dir='ltr'><strong>καὶ</strong></span> <span class='ocrx_word' id='word_1_613' title='bbox 2272 3694 2579 3767; x_wconf 78' lang='grc' dir='ltr'>μεταϐολῆς</span> <span class='ocrx_word' id='word_1_614' title='bbox 2616 3696 2716 3768; x_wconf 78' lang='grc' dir='ltr'>τῆς</span> <span class='ocrx_word' id='word_1_615' title='bbox 2748 3696 2855 3751; x_wconf 83' lang='grc' dir='ltr'><strong>ἀπὸ</strong></span> <span class='ocrx_word' id='word_1_616' title='bbox 2879 3696 2980 3766; x_wconf 79' lang='grc' dir='ltr'>τῆς</span> <span class='ocrx_word' id='word_1_617' title='bbox 3014 3696 3232 3759; x_wconf 82' lang='grc' dir='ltr'>κακίας.</span> <span class='ocrx_word' id='word_1_618' title='bbox 3294 3696 3359 3749; x_wconf 83' lang='grc' dir='ltr'><strong>Ει</strong></span> <span class='ocrx_word' id='word_1_619' title='bbox 3384 3710 3509 3749; x_wconf 79' lang='lat' dir='ltr'><strong>cunt</strong></span> 
     </span>
    </p>
   </div>
   <div class='ocr_carea' id='block_1_82' title="bbox 1934 3788 3509 3859">
    <p class='ocr_par' dir='ltr' id='par_1_82' title="bbox 1934 3788 3509 3859">
     <span class='ocr_line' id='line_1_82' title="bbox 1934 3788 3509 3859; baseline -0.002 -16"><span class='ocrx_word' id='word_1_620' title='bbox 1934 3791 2111 3859; x_wconf 91' lang='lat' dir='ltr'><strong>primo</strong></span> <span class='ocrx_word' id='word_1_621' title='bbox 2144 3789 2199 3841; x_wconf 85' lang='lat' dir='ltr'><strong>in</strong></span> <span class='ocrx_word' id='word_1_622' title='bbox 2231 3789 2495 3844; x_wconf 81' lang='lat' dir='ltr'><strong>Joamtem</strong></span> <span class='ocrx_word' id='word_1_623' title='bbox 2529 3800 2695 3854; x_wconf 87' lang='lat' dir='ltr'><strong>tumo,</strong></span> <span class='ocrx_word' id='word_1_624' title='bbox 2723 3804 2874 3845; x_wconf 88' lang='lat' dir='ltr'><strong>num.</strong></span> <span class='ocrx_word' id='word_1_625' title='bbox 2904 3789 2996 3851; x_wconf 67' lang='grc'><strong>54,</strong></span> <span class='ocrx_word' id='word_1_626' title='bbox 3038 3788 3389 3843; x_wconf 79' lang='lat' dir='ltr'><strong>Servatorem</strong></span> <span class='ocrx_word' id='word_1_627' title='bbox 3430 3789 3509 3841; x_wconf 90' lang='lat' dir='ltr'><strong>ait</strong></span> 
     </span>
    </p>
   </div>
   <div class='ocr_carea' id='block_1_83' title="bbox 1934 3878 3510 3949">
    <p class='ocr_par' dir='ltr' id='par_1_83' title="bbox 1934 3878 3510 3949">
     <span class='ocr_line' id='line_1_83' title="bbox 1934 3878 3510 3949; baseline -0.001 -15"><span class='ocrx_word' id='word_1_628' title='bbox 1934 3882 2137 3949; x_wconf 83' lang='lat' dir='ltr'><strong>factum</strong></span> <span class='ocrx_word' id='word_1_629' title='bbox 2168 3881 2348 3935; x_wconf 89' lang='lat' dir='ltr'><strong>omnia</strong></span> <span class='ocrx_word' id='word_1_630' title='bbox 2382 3882 2655 3945; x_wconf 88' lang='lat' dir='ltr'><strong>omnibus,</strong></span> <span class='ocrx_word' id='word_1_631' title='bbox 2683 3892 2740 3935; x_wconf 89' lang='lat' dir='ltr'><strong>ut</strong></span> <span class='ocrx_word' id='word_1_632' title='bbox 2774 3895 2965 3936; x_wconf 90' lang='lat' dir='ltr'><strong>omnes</strong></span> <span class='ocrx_word' id='word_1_633' title='bbox 2997 3878 3364 3944; x_wconf 75' lang='lat' dir='ltr'><strong>lucrifaceret,</strong></span> <span class='ocrx_word' id='word_1_634' title='bbox 3389 3880 3510 3949; x_wconf 80' lang='lat' dir='ltr'><strong>qui-</strong></span> 
     </span>
    </p>
   </div>
   <div class='ocr_carea' id='block_1_84' title="bbox 1932 3971 3512 4045">
    <p class='ocr_par' dir='ltr' id='par_1_84' title="bbox 1932 3971 3512 4045">
     <span class='ocr_line' id='line_1_84' title="bbox 1932 3971 3512 4045; baseline -0.002 -17"><span class='ocrx_word' id='word_1_635' title='bbox 1932 3988 2145 4043; x_wconf 88' lang='lat' dir='ltr'><strong>cunque</strong></span> <span class='ocrx_word' id='word_1_636' title='bbox 2205 3973 2435 4027; x_wconf 90' lang='lat' dir='ltr'><strong>salutem</strong></span> <span class='ocrx_word' id='word_1_637' title='bbox 2481 3973 2705 4045; x_wconf 89' lang='lat' dir='ltr'><strong>adipisci</strong></span> <span class='ocrx_word' id='word_1_638' title='bbox 2760 3983 3036 4044; x_wconf 90' lang='lat' dir='ltr'><strong>poterant,</strong></span> <span class='ocrx_word' id='word_1_639' title='bbox 3088 3975 3230 4041; x_wconf 90' lang='lat' dir='ltr'><strong>quod</strong></span> <span class='ocrx_word' id='word_1_640' title='bbox 3283 3971 3512 4026; x_wconf 87' lang='lat' dir='ltr'><strong>rationis</strong></span> 
     </span>
    </p>
   </div>
   <div class='ocr_carea' id='block_1_85' title="bbox 1934 4060 3511 4138">
    <p class='ocr_par' dir='ltr' id='par_1_85' title="bbox 1934 4060 3511 4138">
     <span class='ocr_line' id='line_1_85' title="bbox 1934 4060 3511 4138; baseline -0.003 -15"><span class='ocrx_word' id='word_1_641' title='bbox 1934 4060 2119 4127; x_wconf 87' lang='lat' dir='ltr'><strong>essent</strong></span> <span class='ocrx_word' id='word_1_642' title='bbox 2147 4066 2481 4138; x_wconf 88' lang='lat' dir='ltr'><strong>participes;</strong></span> <span class='ocrx_word' id='word_1_643' title='bbox 2521 4074 2631 4119; x_wconf 91' lang='lat' dir='ltr'><strong>tum</strong></span> <span class='ocrx_word' id='word_1_644' title='bbox 2664 4079 2751 4119; x_wconf 89' lang='lat' dir='ltr'><strong>res</strong></span> <span class='ocrx_word' id='word_1_645' title='bbox 2776 4066 2988 4120; x_wconf 90' lang='lat' dir='ltr'><strong>ratione</strong></span> <span class='ocrx_word' id='word_1_646' title='bbox 3018 4065 3280 4135; x_wconf 90' lang='lat' dir='ltr'><strong>pollentes</strong></span> <span class='ocrx_word' id='word_1_647' title='bbox 3314 4078 3511 4119; x_wconf 84' lang='lat' dir='ltr'><strong>recen-</strong></span> 
     </span>
    </p>
   </div>
   <div class='ocr_carea' id='block_1_86' title="bbox 1933 4156 3514 4229">
    <p class='ocr_par' dir='ltr' id='par_1_86' title="bbox 1933 4156 3514 4229">
     <span class='ocr_line' id='line_1_86' title="bbox 1933 4156 3514 4229; baseline -0.004 -14"><span class='ocrx_word' id='word_1_648' title='bbox 1933 4171 2038 4225; x_wconf 88' lang='lat' dir='ltr'><strong>set,</strong></span> <span class='ocrx_word' id='word_1_649' title='bbox 2071 4175 2372 4229; x_wconf 88' lang='lat' dir='ltr'><strong>earumque</strong></span> <span class='ocrx_word' id='word_1_650' title='bbox 2404 4159 2673 4229; x_wconf 86' lang='lat' dir='ltr'><strong>triplicem</strong></span> <span class='ocrx_word' id='word_1_651' title='bbox 2702 4158 2991 4215; x_wconf 87' lang='lat' dir='ltr'><strong>constituit</strong></span> <span class='ocrx_word' id='word_1_652' title='bbox 3026 4157 3222 4211; x_wconf 90' lang='lat' dir='ltr'><strong>seriem</strong></span> <span class='ocrx_word' id='word_1_653' title='bbox 3251 4172 3266 4222; x_wconf 88' lang='lat'><strong>;</strong></span> <span class='ocrx_word' id='word_1_654' title='bbox 3297 4171 3363 4211; x_wconf 87' lang='lat' dir='ltr'><strong>ac</strong></span> <span class='ocrx_word' id='word_1_655' title='bbox 3391 4156 3514 4225; x_wconf 83' lang='lat' dir='ltr'><strong>pri-</strong></span> 
     </span>
    </p>
   </div>
   <div class='ocr_carea' id='block_1_87' title="bbox 1935 4247 3521 4323">
    <p class='ocr_par' dir='ltr' id='par_1_87' title="bbox 1935 4247 3521 4323">
     <span class='ocr_line' id='line_1_87' title="bbox 1935 4247 3521 4323; baseline -0.004 -17"><span class='ocrx_word' id='word_1_656' title='bbox 1935 4269 2077 4306; x_wconf 91' lang='lat' dir='ltr'><strong>mam</strong></span> <span class='ocrx_word' id='word_1_657' title='bbox 2108 4251 2317 4323; x_wconf 85' lang='lat' dir='ltr'><strong>angelis</strong></span> <span class='ocrx_word' id='word_1_658' title='bbox 2347 4252 2609 4320; x_wconf 74' lang='lat' dir='ltr'><strong>assignat,</strong></span> <span class='ocrx_word' id='word_1_659' title='bbox 2658 4260 2714 4305; x_wconf 93' lang='lat' dir='ltr'><strong>et</strong></span> <span class='ocrx_word' id='word_1_660' title='bbox 2769 4250 2985 4304; x_wconf 85' lang='lat' dir='ltr'><strong>dubitat</strong></span> <span class='ocrx_word' id='word_1_661' title='bbox 3025 4248 3219 4303; x_wconf 88' lang='lat' dir='ltr'><strong>deimle</strong></span> <span class='ocrx_word' id='word_1_662' title='bbox 3245 4247 3521 4317; x_wconf 72' lang='lat' dir='ltr'><strong>posterio-</strong></span> 
     </span>
    </p>
   </div>
   <div class='ocr_carea' id='block_1_88' title="bbox 1935 4338 3523 4415">
    <p class='ocr_par' dir='ltr' id='par_1_88' title="bbox 1935 4338 3523 4415">
     <span class='ocr_line' id='line_1_88' title="bbox 1935 4338 3523 4415; baseline -0.004 -17"><span class='ocrx_word' id='word_1_663' title='bbox 1935 4360 2095 4401; x_wconf 89' lang='lat' dir='ltr'><strong>resne</strong></span> <span class='ocrx_word' id='word_1_664' title='bbox 2122 4355 2305 4415; x_wconf 87' lang='lat' dir='ltr'><strong>partes</strong></span> <span class='ocrx_word' id='word_1_665' title='bbox 2330 4345 2569 4399; x_wconf 86' lang='lat' dir='ltr'><strong>ascribat</strong></span> <span class='ocrx_word' id='word_1_666' title='bbox 2601 4343 2936 4407; x_wconf 88' lang='lat' dir='ltr'><strong>hominibus,</strong></span> <span class='ocrx_word' id='word_1_667' title='bbox 2974 4356 3044 4395; x_wconf 89' lang='lat' dir='ltr'><strong>an</strong></span> <span class='ocrx_word' id='word_1_668' title='bbox 3094 4343 3205 4404; x_wconf 89' lang='grc' dir='ltr'>τοῖς</span> <span class='ocrx_word' id='word_1_669' title='bbox 3248 4338 3523 4411; x_wconf 63' lang='grc' dir='ltr'>καταχθο-ος</span> 
     </span>
    </p>
   </div>
   <div class='ocr_carea' id='block_1_89' title="bbox 1934 4429 3524 4509">
    <p class='ocr_par' dir='ltr' id='par_1_89' title="bbox 1934 4429 3524 4509">
     <span class='ocr_line' id='line_1_89' title="bbox 1934 4429 3524 4509; baseline -0.004 -18"><span class='ocrx_word' id='word_1_670' title='bbox 1934 4438 2088 4503; x_wconf 83' lang='grc' dir='ltr'>νίοις,</span> <span class='ocrx_word' id='word_1_671' title='bbox 2115 4453 2348 4509; x_wconf 89' lang='lat' dir='ltr'><strong>quormn</strong></span> <span class='ocrx_word' id='word_1_672' title='bbox 2385 4452 2417 4492; x_wconf 92' lang='lat' dir='ltr'><strong>e</strong></span> <span class='ocrx_word' id='word_1_673' title='bbox 2446 4451 2675 4491; x_wconf 89' lang='lat' dir='ltr'><strong>numero</strong></span> <span class='ocrx_word' id='word_1_674' title='bbox 2706 4436 2998 4497; x_wconf 84' lang='lat' dir='ltr'><strong>daemones,</strong></span> <span class='ocrx_word' id='word_1_675' title='bbox 3054 4434 3137 4487; x_wconf 91' lang='lat' dir='ltr'><strong>vel</strong></span> <span class='ocrx_word' id='word_1_676' title='bbox 3172 4447 3384 4498; x_wconf 91' lang='lat' dir='ltr'><strong>omnes,</strong></span> <span class='ocrx_word' id='word_1_677' title='bbox 3427 4429 3524 4485; x_wconf 86' lang='lat' dir='ltr'><strong>vel-</strong></span> 
     </span>
    </p>
   </div>
   <div class='ocr_carea' id='block_1_90' title="bbox 252 4524 3531 4600">
    <p class='ocr_par' dir='ltr' id='par_1_90' title="bbox 252 4524 3531 4600">
     <span class='ocr_line' id='line_1_90' title="bbox 252 4524 3531 4600; baseline -0.001 -19"><span class='ocrx_word' id='word_1_678' title='bbox 252 4545 509 4600; x_wconf 87' lang='lat' dir='ltr'><strong>stumqne</strong></span> <span class='ocrx_word' id='word_1_679' title='bbox 538 4529 739 4583; x_wconf 83' lang='lat' dir='ltr'><strong>asserit</strong></span> <span class='ocrx_word' id='word_1_680' title='bbox 770 4544 1021 4597; x_wconf 88' lang='lat' dir='ltr'><strong>magnmn</strong></span> <span class='ocrx_word' id='word_1_681' title='bbox 1050 4541 1171 4581; x_wconf 85' lang='lat' dir='ltr'><strong>esse</strong></span> <span class='ocrx_word' id='word_1_682' title='bbox 1209 4526 1543 4596; x_wconf 88' lang='lat' dir='ltr'><strong>pontiﬁcem,</strong></span> <span class='ocrx_word' id='word_1_683' title='bbox 1595 4540 1700 4578; x_wconf 92' lang='lat' dir='ltr'><strong>non</strong></span> <span class='ocrx_word' id='word_1_684' title='bbox 1737 4537 1834 4591; x_wconf 85' lang='lat' dir='ltr'><strong>pro</strong></span> <span class='ocrx_word' id='word_1_685' title='bbox 1868 4543 1912 4597; x_wconf 81' lang='grc' dir='ltr'>ι)</span> <span class='ocrx_word' id='word_1_686' title='bbox 1939 4532 2151 4600; x_wconf 88' lang='lat' dir='ltr'><strong>aliquos</strong></span> <span class='ocrx_word' id='word_1_687' title='bbox 2181 4545 2304 4585; x_wconf 90' lang='lat' dir='ltr'><strong>esse</strong></span> <span class='ocrx_word' id='word_1_688' title='bbox 2331 4538 2599 4583; x_wconf 87' lang='lat' dir='ltr'><strong>antmnat.</strong></span> <span class='ocrx_word' id='word_1_689' title='bbox 2625 4526 2833 4580; x_wconf 85' lang='lat' dir='ltr'><strong>Etcum</strong></span> <span class='ocrx_word' id='word_1_690' title='bbox 2868 4527 3005 4580; x_wconf 89' lang='lat' dir='ltr'><strong>libro</strong></span> <span class='ocrx_word' id='word_1_691' title='bbox 3037 4525 3209 4595; x_wconf 91' lang='lat' dir='ltr'><strong>primo</strong></span> <span class='ocrx_word' id='word_1_692' title='bbox 3233 4524 3531 4594; x_wconf 38' lang='lat' dir='ltr'><strong>Comment.</strong></span> 
     </span>
    </p>
   </div>
   <div class='ocr_carea' id='block_1_91' title="bbox 254 4616 1837 4689">
    <p class='ocr_par' dir='ltr' id='par_1_91' title="bbox 254 4616 1837 4689">
     <span class='ocr_line' id='line_1_91' title="bbox 254 4616 1837 4689; baseline -0.005 -10"><span class='ocrx_word' id='word_1_693' title='bbox 254 4623 569 4679; x_wconf 89' lang='lat' dir='ltr'><strong>hominibus</strong></span> <span class='ocrx_word' id='word_1_694' title='bbox 601 4623 781 4685; x_wconf 91' lang='lat' dir='ltr'><strong>modo,</strong></span> <span class='ocrx_word' id='word_1_695' title='bbox 809 4621 901 4675; x_wconf 88' lang='lat' dir='ltr'><strong>sed</strong></span> <span class='ocrx_word' id='word_1_696' title='bbox 935 4635 1031 4689; x_wconf 91' lang='lat' dir='ltr'><strong>pro</strong></span> <span class='ocrx_word' id='word_1_697' title='bbox 1054 4619 1200 4673; x_wconf 87' lang='lat' dir='ltr'><strong>omni</strong></span> <span class='ocrx_word' id='word_1_698' title='bbox 1234 4620 1396 4672; x_wconf 91' lang='lat' dir='ltr'><strong>etiam</strong></span> <span class='ocrx_word' id='word_1_699' title='bbox 1430 4618 1572 4687; x_wconf 90' lang='lat' dir='ltr'><strong>quod</strong></span> <span class='ocrx_word' id='word_1_700' title='bbox 1609 4616 1837 4671; x_wconf 64' lang='lat' dir='ltr'><strong>rationis</strong></span> 
     </span>
    </p>
   </div>
   <div class='ocr_carea' id='block_1_92' title="bbox 252 4706 1836 4783">
    <p class='ocr_par' dir='ltr' id='par_1_92' title="bbox 252 4706 1836 4783">
     <span class='ocr_line' id='line_1_92' title="bbox 252 4706 1836 4783; baseline -0.006 -14"><span class='ocrx_word' id='word_1_701' title='bbox 252 4726 401 4770; x_wconf 82' lang='lat' dir='ltr'><strong>esset</strong></span> <span class='ocrx_word' id='word_1_702' title='bbox 434 4728 601 4783; x_wconf 83' lang='lat' dir='ltr'><strong>capax</strong></span> <span class='ocrx_word' id='word_1_703' title='bbox 631 4731 645 4776; x_wconf 84' lang='lat'>;</span> <span class='ocrx_word' id='word_1_704' title='bbox 679 4724 842 4780; x_wconf 84' lang='lat' dir='ltr'><strong>atque</strong></span> <span class='ocrx_word' id='word_1_705' title='bbox 872 4712 945 4764; x_wconf 89' lang='lat' dir='ltr'><strong>ita</strong></span> <span class='ocrx_word' id='word_1_706' title='bbox 976 4711 1195 4764; x_wconf 86' lang='lat' dir='ltr'><strong>demum</strong></span> <span class='ocrx_word' id='word_1_707' title='bbox 1228 4710 1508 4765; x_wconf 87' lang='lat' dir='ltr'><strong>concludit</strong></span> <span class='ocrx_word' id='word_1_708' title='bbox 1540 4727 1553 4762; x_wconf 92' lang='lat'>:</span> <span class='ocrx_word' id='word_1_709' title='bbox 1588 4708 1699 4763; x_wconf 76' lang='grc' dir='ltr'><strong>Καὶ</strong></span> <span class='ocrx_word' id='word_1_710' title='bbox 1726 4706 1836 4780; x_wconf 82' lang='grc' dir='ltr'><strong>γὰρ</strong></span> 
     </span>
    </p>
   </div>
   <div class='ocr_carea' id='block_1_93' title="bbox 251 4804 1838 4879">
    <p class='ocr_par' dir='ltr' id='par_1_93' title="bbox 251 4804 1838 4879">
     <span class='ocr_line' id='line_1_93' title="bbox 251 4804 1838 4879; baseline -0.005 -15"><span class='ocrx_word' id='word_1_711' title='bbox 251 4811 455 4865; x_wconf 78' lang='grc' dir='ltr'>ἁτοπον</span> <span class='ocrx_word' id='word_1_712' title='bbox 510 4808 651 4879; x_wconf 81' lang='grc' dir='ltr'>ὑπὲρ</span> <span class='ocrx_word' id='word_1_713' title='bbox 691 4807 1049 4876; x_wconf 84' lang='grc' dir='ltr'>ἀνθρωπίνων</span> <span class='ocrx_word' id='word_1_714' title='bbox 1083 4807 1181 4879; x_wconf 79' lang='grc' dir='ltr'><strong>μὲν</strong></span> <span class='ocrx_word' id='word_1_715' title='bbox 1212 4804 1373 4857; x_wconf 81' lang='grc' dir='ltr'>αὑτὸν</span> <span class='ocrx_word' id='word_1_716' title='bbox 1400 4804 1630 4873; x_wconf 84' lang='grc' dir='ltr'>φάσκειν</span> <span class='ocrx_word' id='word_1_717' title='bbox 1656 4804 1838 4875; x_wconf 79' lang='grc' dir='ltr'><strong>ἁμαρ⁴</strong></span> 
     </span>
    </p>
   </div>
   <div class='ocr_carea' id='block_1_94' title="bbox 250 4894 1835 4971">
    <p class='ocr_par' dir='ltr' id='par_1_94' title="bbox 250 4894 1835 4971">
     <span class='ocr_line' id='line_1_94' title="bbox 250 4894 1835 4971; baseline -0.004 -18"><span class='ocrx_word' id='word_1_718' title='bbox 250 4900 517 4971; x_wconf 80' lang='grc' dir='ltr'>τημάτων</span> <span class='ocrx_word' id='word_1_719' title='bbox 569 4898 866 4967; x_wconf 80' lang='grc' dir='ltr'>γεύσασθαι</span> <span class='ocrx_word' id='word_1_720' title='bbox 912 4898 1162 4961; x_wconf 79' lang='grc' dir='ltr'>θανάτου,</span> <span class='ocrx_word' id='word_1_721' title='bbox 1189 4895 1373 4949; x_wconf 80' lang='grc' dir='ltr'>οὐκέτι</span> <span class='ocrx_word' id='word_1_722' title='bbox 1405 4895 1461 4947; x_wconf 84' lang='grc' dir='ltr'>δὲ</span> <span class='ocrx_word' id='word_1_723' title='bbox 1492 4895 1633 4967; x_wconf 80' lang='grc' dir='ltr'>ὑπὲρ</span> <span class='ocrx_word' id='word_1_724' title='bbox 1676 4894 1835 4948; x_wconf 81' lang='grc' dir='ltr'>ἄλλου</span> 
     </span>
    </p>
   </div>
   <div class='ocr_carea' id='block_1_95' title="bbox 252 4975 1839 5064">
    <p class='ocr_par' dir='ltr' id='par_1_95' title="bbox 252 4975 1839 5064">
     <span class='ocr_line' id='line_1_95' title="bbox 252 4975 1839 5064; baseline -0.006 -17"><span class='ocrx_word' id='word_1_725' title='bbox 252 4995 401 5057; x_wconf 83' lang='grc' dir='ltr'>τινὸς</span> <span class='ocrx_word' id='word_1_726' title='bbox 457 4992 607 5064; x_wconf 79' lang='grc' dir='ltr'>παρὰ</span> <span class='ocrx_word' id='word_1_727' title='bbox 661 4993 750 5047; x_wconf 83' lang='grc' dir='ltr'><strong>τὸν</strong></span> <span class='ocrx_word' id='word_1_728' title='bbox 797 4992 1082 5064; x_wconf 79' lang='grc' dir='ltr'>ἄνθρωπον</span> <span class='ocrx_word' id='word_1_729' title='bbox 1126 4992 1183 5043; x_wconf 80' lang='grc' dir='ltr'>ὲν</span> <span class='ocrx_word' id='word_1_730' title='bbox 1217 4975 1579 5060; x_wconf 69' lang='grc' dir='ltr'>ἆμαρτήμασι</span> <span class='ocrx_word' id='word_1_731' title='bbox 1613 5004 1839 5058; x_wconf 76' lang='grc' dir='ltr'>γεγενηο</span> 
     </span>
    </p>
   </div>
   <div class='ocr_carea' id='block_1_96' title="bbox 256 5078 1837 5158">
    <p class='ocr_par' dir='ltr' id='par_1_96' title="bbox 256 5078 1837 5158">
     <span class='ocr_line' id='line_1_96' title="bbox 256 5078 1837 5158; baseline -0.006 -19"><span class='ocrx_word' id='word_1_732' title='bbox 256 5088 444 5158; x_wconf 75' lang='grc' dir='ltr'>μένου,</span> <span class='ocrx_word' id='word_1_733' title='bbox 482 5080 593 5138; x_wconf 77' lang='grc' dir='ltr'>οἷον</span> <span class='ocrx_word' id='word_1_734' title='bbox 632 5085 771 5157; x_wconf 77' lang='grc' dir='ltr'>ὑπὲρ</span> <span class='ocrx_word' id='word_1_735' title='bbox 810 5085 1043 5157; x_wconf 81' lang='grc' dir='ltr'>ἄστρων,</span> <span class='ocrx_word' id='word_1_736' title='bbox 1075 5082 1195 5136; x_wconf 79' lang='grc' dir='ltr'>οὐδὲ</span> <span class='ocrx_word' id='word_1_737' title='bbox 1234 5078 1342 5134; x_wconf 90' lang='grc' dir='ltr'><strong>τῶν</strong></span> <span class='ocrx_word' id='word_1_738' title='bbox 1374 5079 1587 5151; x_wconf 76' lang='grc' dir='ltr'>ἄστρων</span> <span class='ocrx_word' id='word_1_739' title='bbox 1622 5079 1837 5143; x_wconf 82' lang='grc' dir='ltr'>πάντως</span> 
     </span>
    </p>
   </div>
   <div class='ocr_carea' id='block_1_97' title="bbox 252 5169 1837 5251">
    <p class='ocr_par' dir='ltr' id='par_1_97' title="bbox 252 5169 1837 5251">
     <span class='ocr_line' id='line_1_97' title="bbox 252 5169 1837 5251; baseline -0.006 -20"><span class='ocrx_word' id='word_1_740' title='bbox 252 5178 515 5251; x_wconf 78' lang='grc' dir='ltr'>καθαρῶν</span> <span class='ocrx_word' id='word_1_741' title='bbox 569 5178 735 5237; x_wconf 63' lang='grc' dir='ltr'>ὅντων</span> <span class='ocrx_word' id='word_1_742' title='bbox 788 5175 1017 5230; x_wconf 80' lang='grc' dir='ltr'>ἐνώπιον</span> <span class='ocrx_word' id='word_1_743' title='bbox 1044 5174 1138 5227; x_wconf 72' lang='grc' dir='ltr'>τοῦ</span> <span class='ocrx_word' id='word_1_744' title='bbox 1188 5172 1347 5234; x_wconf 78' lang='grc' dir='ltr'>Θεοῦ,</span> <span class='ocrx_word' id='word_1_745' title='bbox 1392 5171 1467 5236; x_wconf 83' lang='grc' dir='ltr'>ὡς</span> <span class='ocrx_word' id='word_1_746' title='bbox 1511 5173 1567 5224; x_wconf 79' lang='grc' dir='ltr'><strong>ἐν</strong></span> <span class='ocrx_word' id='word_1_747' title='bbox 1597 5170 1673 5242; x_wconf 84' lang='grc' dir='ltr'>τῷ</span> <span class='ocrx_word' id='word_1_748' title='bbox 1716 5169 1837 5223; x_wconf 80' lang='grc' dir='ltr'><strong>Ἰὼϐ</strong></span> 
     </span>
    </p>
   </div>
   <div class='ocr_carea' id='block_1_98' title="bbox 254 5264 1839 5344">
    <p class='ocr_par' dir='ltr' id='par_1_98' title="bbox 254 5264 1839 5344">
     <span class='ocr_line' id='line_1_98' title="bbox 254 5264 1839 5344; baseline -0.006 -16"><span class='ocrx_word' id='word_1_749' title='bbox 254 5274 602 5344; x_wconf 76' lang='grc' dir='ltr'>ἀνέγνωμεν·</span> <span class='ocrx_word' id='word_1_750' title='bbox 629 5272 805 5344; x_wconf 81' lang='grc' dir='ltr'>ἄστρα</span> <span class='ocrx_word' id='word_1_751' title='bbox 849 5271 905 5323; x_wconf 83' lang='grc' dir='ltr'>δὲ</span> <span class='ocrx_word' id='word_1_752' title='bbox 947 5269 1023 5323; x_wconf 70' lang='grc' dir='ltr'>οὐ*</span> <span class='ocrx_word' id='word_1_753' title='bbox 1042 5266 1259 5339; x_wconf 77' lang='grc' dir='ltr'>καθαρὰ</span> <span class='ocrx_word' id='word_1_754' title='bbox 1285 5266 1514 5320; x_wconf 84' lang='grc' dir='ltr'>ἐνώπιον</span> <span class='ocrx_word' id='word_1_755' title='bbox 1554 5264 1717 5319; x_wconf 82' lang='grc' dir='ltr'>αὐτοῦ</span> <span class='ocrx_word' id='word_1_756' title='bbox 1739 5283 1751 5296; x_wconf 75' lang='grc' dir='ltr'><strong><em>ο</em></strong></span> <span class='ocrx_word' id='word_1_757' title='bbox 1790 5266 1839 5318; x_wconf 83' lang='grc' dir='ltr'><strong>εί</strong></span> 
     </span>
    </p>
   </div>
   <div class='ocr_carea' id='block_1_99' title="bbox 259 5357 1838 5437">
    <p class='ocr_par' dir='ltr' id='par_1_99' title="bbox 259 5357 1838 5437">
     <span class='ocr_line' id='line_1_99' title="bbox 259 5357 1838 5437; baseline -0.006 -17"><span class='ocrx_word' id='word_1_758' title='bbox 259 5366 335 5437; x_wconf 72' lang='grc' dir='ltr'>μὴ</span> <span class='ocrx_word' id='word_1_759' title='bbox 368 5366 477 5437; x_wconf 85' lang='grc' dir='ltr'>ἄρα</span> <span class='ocrx_word' id='word_1_760' title='bbox 509 5364 883 5437; x_wconf 77' lang='grc' dir='ltr'>ὑπερϐολικῶς</span> <span class='ocrx_word' id='word_1_761' title='bbox 917 5362 1076 5415; x_wconf 78' lang='grc' dir='ltr'>τοῦτο</span> <span class='ocrx_word' id='word_1_762' title='bbox 1096 5362 1329 5433; x_wconf 80' lang='grc' dir='ltr'>εἴρηται.</span> <span class='ocrx_word' id='word_1_763' title='bbox 1382 5359 1570 5414; x_wconf 86' lang='lat' dir='ltr'><strong>Simile</strong></span> <span class='ocrx_word' id='word_1_764' title='bbox 1604 5358 1731 5427; x_wconf 87' lang='lat' dir='ltr'><strong>quid</strong></span> <span class='ocrx_word' id='word_1_765' title='bbox 1757 5357 1838 5412; x_wconf 87' lang='lat' dir='ltr'><strong>in-</strong></span> 
     </span>
    </p>
   </div>
   <div class='ocr_carea' id='block_1_100' title="bbox 257 5450 1836 5519">
    <p class='ocr_par' dir='ltr' id='par_1_100' title="bbox 257 5450 1836 5519">
     <span class='ocr_line' id='line_1_100' title="bbox 257 5450 1836 5519; baseline -0.006 -7"><span class='ocrx_word' id='word_1_766' title='bbox 257 5460 375 5512; x_wconf 90' lang='lat' dir='ltr'><strong>nuit</strong></span> <span class='ocrx_word' id='word_1_767' title='bbox 427 5470 556 5514; x_wconf 90' lang='lat' dir='ltr'><strong>tom.</strong></span> <span class='ocrx_word' id='word_1_768' title='bbox 607 5475 645 5513; x_wconf 85' lang='lat' dir='ltr'><strong>tt</strong></span> <span class='ocrx_word' id='word_1_769' title='bbox 701 5459 757 5511; x_wconf 85' lang='lat' dir='ltr'><strong>in</strong></span> <span class='ocrx_word' id='word_1_770' title='bbox 810 5456 1004 5519; x_wconf 70' lang='lat' dir='ltr'><strong>luam,</strong></span> <span class='ocrx_word' id='word_1_771' title='bbox 1059 5452 1334 5519; x_wconf 74' lang='lat' dir='ltr'><strong>num.16,</strong></span> <span class='ocrx_word' id='word_1_772' title='bbox 1376 5468 1499 5509; x_wconf 90' lang='lat' dir='ltr'><strong>cum</strong></span> <span class='ocrx_word' id='word_1_773' title='bbox 1560 5450 1836 5505; x_wconf 87' lang='lat' dir='ltr'><strong>Christum</strong></span> 
     </span>
    </p>
   </div>
   <div class='ocr_carea' id='block_1_101' title="bbox 259 5544 1838 5617">
    <p class='ocr_par' dir='ltr' id='par_1_101' title="bbox 259 5544 1838 5617">
     <span class='ocr_line' id='line_1_101' title="bbox 259 5544 1838 5617; baseline -0.006 -12"><span class='ocrx_word' id='word_1_774' title='bbox 259 5550 437 5607; x_wconf 88' lang='lat' dir='ltr'><strong>lucem</strong></span> <span class='ocrx_word' id='word_1_775' title='bbox 462 5567 584 5607; x_wconf 91' lang='lat' dir='ltr'><strong>esse</strong></span> <span class='ocrx_word' id='word_1_776' title='bbox 608 5552 705 5617; x_wconf 88' lang='lat' dir='ltr'><strong>ait,</strong></span> <span class='ocrx_word' id='word_1_777' title='bbox 744 5566 849 5603; x_wconf 89' lang='lat' dir='ltr'><strong>non</strong></span> <span class='ocrx_word' id='word_1_778' title='bbox 890 5547 1171 5603; x_wconf 87' lang='lat' dir='ltr'><strong>hominum</strong></span> <span class='ocrx_word' id='word_1_779' title='bbox 1199 5548 1484 5611; x_wconf 80' lang='lat' dir='ltr'><strong>duntaxat,</strong></span> <span class='ocrx_word' id='word_1_780' title='bbox 1521 5544 1614 5599; x_wconf 87' lang='lat' dir='ltr'><strong>sed</strong></span> <span class='ocrx_word' id='word_1_781' title='bbox 1652 5552 1705 5598; x_wconf 91' lang='lat' dir='ltr'><strong>et</strong></span> <span class='ocrx_word' id='word_1_782' title='bbox 1741 5556 1838 5596; x_wconf 86' lang='lat' dir='ltr'><strong>eu—</strong></span> 
     </span>
    </p>
   </div>
   <div class='ocr_carea' id='block_1_102' title="bbox 261 5635 1827 5713">
    <p class='ocr_par' dir='ltr' id='par_1_102' title="bbox 261 5635 1827 5713">
     <span class='ocr_line' id='line_1_102' title="bbox 261 5635 1827 5713; baseline -0.003 -16"><span class='ocrx_word' id='word_1_783' title='bbox 261 5660 379 5698; x_wconf 89' lang='lat' dir='ltr'><strong>rum</strong></span> <span class='ocrx_word' id='word_1_784' title='bbox 424 5645 670 5699; x_wconf 87' lang='lat' dir='ltr'><strong>onmiutn</strong></span> <span class='ocrx_word' id='word_1_785' title='bbox 720 5643 815 5713; x_wconf 85' lang='lat' dir='ltr'><strong>qui</strong></span> <span class='ocrx_word' id='word_1_786' title='bbox 863 5640 1095 5697; x_wconf 86' lang='lat' dir='ltr'><strong>rationis</strong></span> <span class='ocrx_word' id='word_1_787' title='bbox 1139 5655 1364 5698; x_wconf 79' lang='lat' dir='ltr'><strong>camccs</strong></span> <span class='ocrx_word' id='word_1_788' title='bbox 1411 5647 1554 5695; x_wconf 80' lang='lat' dir='ltr'><strong>sunt.</strong></span> <span class='ocrx_word' id='word_1_789' title='bbox 1606 5635 1711 5693; x_wconf 77' lang='lat' dir='ltr'><strong>Nec</strong></span> <span class='ocrx_word' id='word_1_790' title='bbox 1744 5637 1827 5692; x_wconf 83' lang='lat' dir='ltr'><strong>his</strong></span> 
     </span>
    </p>
   </div>
   <div class='ocr_carea' id='block_1_103' title="bbox 337 5825 811 5897">
    <p class='ocr_par' dir='ltr' id='par_1_103' title="bbox 337 5825 811 5897">
     <span class='ocr_line' id='line_1_103' title="bbox 337 5825 811 5897; baseline 0 -19"><span class='ocrx_word' id='word_1_791' title='bbox 337 5825 385 5859; x_wconf 76' lang='grc'>⁷⁷</span> <span class='ocrx_word' id='word_1_792' title='bbox 412 5827 578 5897; x_wconf 70' lang='lat' dir='ltr'><strong>Apoc.</strong></span> <span class='ocrx_word' id='word_1_793' title='bbox 622 5841 728 5891; x_wconf 76' lang='lat' dir='ltr'><strong>xw,</strong></span> <span class='ocrx_word' id='word_1_794' title='bbox 759 5826 811 5878; x_wconf 83' lang='grc'><strong>6.</strong></span> 
     </span>
    </p>
   </div>
   <div class='ocr_carea' id='block_1_104' title="bbox 1941 4604 3524 4693">
    <p class='ocr_par' dir='ltr' id='par_1_104' title="bbox 1941 4604 3524 4693">
     <span class='ocr_line' id='line_1_104' title="bbox 1941 4604 3524 4693; baseline -0.003 -18"><span class='ocrx_word' id='word_1_795' title='bbox 1941 4623 2203 4693; x_wconf 81' lang='lat' dir='ltr'><strong>tariorum</strong></span> <span class='ocrx_word' id='word_1_796' title='bbox 2248 4621 2304 4675; x_wconf 80' lang='lat' dir='ltr'><strong>in</strong></span> <span class='ocrx_word' id='word_1_797' title='bbox 2344 4604 2657 4689; x_wconf 76' lang='lat' dir='ltr'><strong>Epistulam</strong></span> <span class='ocrx_word' id='word_1_798' title='bbox 2694 4618 2763 4669; x_wconf 84' lang='lat' dir='ltr'><strong>ad</strong></span> <span class='ocrx_word' id='word_1_799' title='bbox 2803 4614 2980 4682; x_wconf 84' lang='lat' dir='ltr'><strong>Rom.,</strong></span> <span class='ocrx_word' id='word_1_800' title='bbox 3041 4632 3192 4672; x_wconf 89' lang='lat' dir='ltr'><strong>nunt.</strong></span> <span class='ocrx_word' id='word_1_801' title='bbox 3234 4616 3289 4680; x_wconf 74' lang='grc'>4,</span> <span class='ocrx_word' id='word_1_802' title='bbox 3322 4621 3524 4685; x_wconf 66' lang='lat' dir='ltr'><strong>quaerit.-</strong></span> 
     </span>
    </p>
   </div>
   <div class='ocr_carea' id='block_1_105' title="bbox 1940 4708 3531 4781">
    <p class='ocr_par' dir='ltr' id='par_1_105' title="bbox 1940 4708 3531 4781">
     <span class='ocr_line' id='line_1_105' title="bbox 1940 4708 3531 4781; baseline -0.004 -13"><span class='ocrx_word' id='word_1_803' title='bbox 1940 4731 2007 4768; x_wconf 92' lang='lat' dir='ltr'><strong>an</strong></span> <span class='ocrx_word' id='word_1_804' title='bbox 2031 4730 2135 4767; x_wconf 94' lang='lat' dir='ltr'><strong>non</strong></span> <span class='ocrx_word' id='word_1_805' title='bbox 2163 4712 2415 4766; x_wconf 89' lang='lat' dir='ltr'><strong>Christus</strong></span> <span class='ocrx_word' id='word_1_806' title='bbox 2447 4728 2465 4761; x_wconf 78' lang='grc' dir='ltr'><strong>ι</strong></span> <span class='ocrx_word' id='word_1_807' title='bbox 2488 4708 2869 4781; x_wconf 84' lang='lat' dir='ltr'><strong>manifestatns</strong></span> <span class='ocrx_word' id='word_1_808' title='bbox 2894 4708 2947 4761; x_wconf 92' lang='lat' dir='ltr'><strong>in</strong></span> <span class='ocrx_word' id='word_1_809' title='bbox 2981 4723 3172 4773; x_wconf 89' lang='lat' dir='ltr'><strong>carne,</strong></span> <span class='ocrx_word' id='word_1_810' title='bbox 3201 4724 3323 4764; x_wconf 84' lang='lat' dir='ltr'><strong>cum</strong></span> <span class='ocrx_word' id='word_1_811' title='bbox 3349 4723 3531 4778; x_wconf 78' lang='lat' dir='ltr'><strong>appa-.</strong></span> 
     </span>
    </p>
   </div>
   <div class='ocr_carea' id='block_1_106' title="bbox 1943 4802 3528 4875">
    <p class='ocr_par' dir='ltr' id='par_1_106' title="bbox 1943 4802 3528 4875">
     <span class='ocr_line' id='line_1_106' title="bbox 1943 4802 3528 4875; baseline -0.005 -14"><span class='ocrx_word' id='word_1_812' title='bbox 1943 4806 2116 4861; x_wconf 88' lang='lat' dir='ltr'><strong>ruerit</strong></span> <span class='ocrx_word' id='word_1_813' title='bbox 2145 4804 2373 4875; x_wconf 88' lang='lat' dir='ltr'><strong>angelis,</strong></span> <span class='ocrx_word' id='word_1_814' title='bbox 2399 4823 2418 4856; x_wconf 75' lang='grc' dir='ltr'><strong>ι</strong></span> <span class='ocrx_word' id='word_1_815' title='bbox 2440 4802 2597 4871; x_wconf 86' lang='lat' dir='ltr'><strong>juxta</strong></span> <span class='ocrx_word' id='word_1_816' title='bbox 2628 4802 2967 4872; x_wconf 84' lang='lat' dir='ltr'><strong>Apostolum,</strong></span> <span class='ocrx_word' id='word_1_817' title='bbox 2992 4803 3069 4859; x_wconf 87' lang='lat' dir='ltr'><strong>eis</strong></span> <span class='ocrx_word' id='word_1_818' title='bbox 3100 4805 3303 4873; x_wconf 87' lang='lat' dir='ltr'><strong>absque</strong></span> <span class='ocrx_word' id='word_1_819' title='bbox 3336 4802 3528 4856; x_wconf 80' lang='lat' dir='ltr'><strong>Evan-.</strong></span> 
     </span>
    </p>
   </div>
   <div class='ocr_carea' id='block_1_107' title="bbox 1944 4892 3529 4969">
    <p class='ocr_par' dir='ltr' id='par_1_107' title="bbox 1944 4892 3529 4969">
     <span class='ocr_line' id='line_1_107' title="bbox 1944 4892 3529 4969; baseline -0.004 -17"><span class='ocrx_word' id='word_1_820' title='bbox 1944 4898 2085 4969; x_wconf 90' lang='lat' dir='ltr'><strong>gelio</strong></span> <span class='ocrx_word' id='word_1_821' title='bbox 2134 4913 2240 4953; x_wconf 91' lang='lat' dir='ltr'><strong>non</strong></span> <span class='ocrx_word' id='word_1_822' title='bbox 2288 4895 2602 4966; x_wconf 89' lang='lat' dir='ltr'><strong>apparuerit</strong></span> <span class='ocrx_word' id='word_1_823' title='bbox 2650 4913 2665 4951; x_wconf 90' lang='lat'><strong>:</strong></span> <span class='ocrx_word' id='word_1_824' title='bbox 2721 4904 2829 4949; x_wconf 92' lang='lat' dir='ltr'><strong>tum</strong></span> <span class='ocrx_word' id='word_1_825' title='bbox 2872 4896 3093 4964; x_wconf 87' lang='lat' dir='ltr'><strong>subjicit</strong></span> <span class='ocrx_word' id='word_1_826' title='bbox 3122 4896 3356 4952; x_wconf 86' lang='lat' dir='ltr'><strong>deinde:</strong></span> <span class='ocrx_word' id='word_1_827' title='bbox 3402 4913 3419 4945; x_wconf 75' lang='grc' dir='ltr'><strong>ι</strong></span> <span class='ocrx_word' id='word_1_828' title='bbox 3457 4892 3529 4948; x_wconf 86' lang='lat' dir='ltr'><strong>Si-</strong></span> 
     </span>
    </p>
   </div>
   <div class='ocr_carea' id='block_1_108' title="bbox 1943 4986 3523 5058">
    <p class='ocr_par' dir='ltr' id='par_1_108' title="bbox 1943 4986 3523 5058">
     <span class='ocr_line' id='line_1_108' title="bbox 1943 4986 3523 5058; baseline -0.004 -14"><span class='ocrx_word' id='word_1_829' title='bbox 1943 5006 2073 5058; x_wconf 84' lang='lat' dir='ltr'><strong>ergo</strong></span> <span class='ocrx_word' id='word_1_830' title='bbox 2098 5004 2222 5043; x_wconf 89' lang='lat' dir='ltr'><strong>cum</strong></span> <span class='ocrx_word' id='word_1_831' title='bbox 2245 4988 2495 5057; x_wconf 90' lang='lat' dir='ltr'><strong>apparuit</strong></span> <span class='ocrx_word' id='word_1_832' title='bbox 2525 4986 2681 5041; x_wconf 90' lang='lat' dir='ltr'><strong>nobis</strong></span> <span class='ocrx_word' id='word_1_833' title='bbox 2713 4987 3045 5054; x_wconf 80' lang='lat' dir='ltr'><strong>hominibus,</strong></span> <span class='ocrx_word' id='word_1_834' title='bbox 3072 5004 3177 5042; x_wconf 92' lang='lat' dir='ltr'><strong>non</strong></span> <span class='ocrx_word' id='word_1_835' title='bbox 3202 4987 3318 5041; x_wconf 90' lang='lat' dir='ltr'><strong>sine</strong></span> <span class='ocrx_word' id='word_1_836' title='bbox 3346 4986 3523 5041; x_wconf 79' lang='lat' dir='ltr'><strong>Evan-</strong></span> 
     </span>
    </p>
   </div>
   <div class='ocr_carea' id='block_1_109' title="bbox 1944 5077 3519 5151">
    <p class='ocr_par' dir='ltr' id='par_1_109' title="bbox 1944 5077 3519 5151">
     <span class='ocr_line' id='line_1_109' title="bbox 1944 5077 3519 5151; baseline -0.003 -16"><span class='ocrx_word' id='word_1_837' title='bbox 1944 5081 2085 5151; x_wconf 84' lang='lat' dir='ltr'><strong>gelio</strong></span> <span class='ocrx_word' id='word_1_838' title='bbox 2135 5080 2405 5149; x_wconf 89' lang='lat' dir='ltr'><strong>apparuit,</strong></span> <span class='ocrx_word' id='word_1_839' title='bbox 2471 5078 2857 5145; x_wconf 86' lang='lat' dir='ltr'><strong>consequentia</strong></span> <span class='ocrx_word' id='word_1_840' title='bbox 2927 5079 3143 5132; x_wconf 88' lang='lat' dir='ltr'><strong>videtur</strong></span> <span class='ocrx_word' id='word_1_841' title='bbox 3193 5077 3519 5141; x_wconf 85' lang='lat' dir='ltr'><strong>ostendere,</strong></span> 
     </span>
    </p>
   </div>
   <div class='ocr_carea' id='block_1_110' title="bbox 1945 5166 3521 5243">
    <p class='ocr_par' dir='ltr' id='par_1_110' title="bbox 1945 5166 3521 5243">
     <span class='ocr_line' id='line_1_110' title="bbox 1945 5166 3521 5243; baseline -0.001 -21"><span class='ocrx_word' id='word_1_842' title='bbox 1945 5173 2090 5243; x_wconf 88' lang='lat' dir='ltr'><strong>quod</strong></span> <span class='ocrx_word' id='word_1_843' title='bbox 2118 5172 2284 5224; x_wconf 88' lang='lat' dir='ltr'><strong>etiam</strong></span> <span class='ocrx_word' id='word_1_844' title='bbox 2320 5168 2567 5240; x_wconf 83' lang='lat' dir='ltr'><strong>angelico</strong></span> <span class='ocrx_word' id='word_1_845' title='bbox 2599 5169 2774 5224; x_wconf 89' lang='lat' dir='ltr'><strong>ordini</strong></span> <span class='ocrx_word' id='word_1_846' title='bbox 2806 5185 2914 5223; x_wconf 91' lang='lat' dir='ltr'><strong>non</strong></span> <span class='ocrx_word' id='word_1_847' title='bbox 2942 5170 3060 5224; x_wconf 87' lang='lat' dir='ltr'><strong>sine</strong></span> <span class='ocrx_word' id='word_1_848' title='bbox 3094 5166 3390 5236; x_wconf 81' lang='lat' dir='ltr'><strong>Evangelia</strong></span> <span class='ocrx_word' id='word_1_849' title='bbox 3421 5183 3521 5235; x_wconf 81' lang='lat' dir='ltr'><strong>ap-</strong></span> 
     </span>
    </p>
   </div>
   <div class='ocr_carea' id='block_1_111' title="bbox 1948 5259 3523 5333">
    <p class='ocr_par' dir='ltr' id='par_1_111' title="bbox 1948 5259 3523 5333">
     <span class='ocr_line' id='line_1_111' title="bbox 1948 5259 3523 5333; baseline -0.003 -17"><span class='ocrx_word' id='word_1_850' title='bbox 1948 5264 2215 5333; x_wconf 88' lang='lat' dir='ltr'><strong>paruerit,</strong></span> <span class='ocrx_word' id='word_1_851' title='bbox 2252 5262 2343 5316; x_wconf 91' lang='lat' dir='ltr'><strong>illo</strong></span> <span class='ocrx_word' id='word_1_852' title='bbox 2365 5260 2615 5317; x_wconf 79' lang='lat' dir='ltr'><strong>fortassis</strong></span> <span class='ocrx_word' id='word_1_853' title='bbox 2646 5262 2788 5330; x_wconf 90' lang='lat' dir='ltr'><strong>quod</strong></span> <span class='ocrx_word' id='word_1_854' title='bbox 2822 5271 3084 5315; x_wconf 81' lang='lat' dir='ltr'><strong>:rternnm</strong></span> <span class='ocrx_word' id='word_1_855' title='bbox 3118 5259 3467 5329; x_wconf 78' lang='lat' dir='ltr'><strong>Evangelinni</strong></span> <span class='ocrx_word' id='word_1_856' title='bbox 3489 5274 3523 5312; x_wconf 73' lang='grc' dir='ltr'><strong>ιδ</strong></span> 
     </span>
    </p>
   </div>
   <div class='ocr_carea' id='block_1_112' title="bbox 1945 5351 3563 5423">
    <p class='ocr_par' dir='ltr' id='par_1_112' title="bbox 1945 5351 3563 5423">
     <span class='ocr_line' id='line_1_112' title="bbox 1945 5351 3563 5423; baseline -0.005 -12"><span class='ocrx_word' id='word_1_857' title='bbox 1945 5355 2153 5411; x_wconf 79' lang='lat' dir='ltr'><strong>Joanne</strong></span> <span class='ocrx_word' id='word_1_858' title='bbox 2204 5363 2562 5409; x_wconf 87' lang='lat' dir='ltr'><strong>memoratum</strong></span> <span class='ocrx_word' id='word_1_859' title='bbox 2610 5354 2658 5385; x_wconf 77' lang='grc'><strong>⁷⁷</strong></span> <span class='ocrx_word' id='word_1_860' title='bbox 2718 5367 2881 5423; x_wconf 89' lang='lat' dir='ltr'><strong>supra</strong></span> <span class='ocrx_word' id='word_1_861' title='bbox 2921 5352 3260 5407; x_wconf 85' lang='lat' dir='ltr'><strong>edocuimus.</strong></span> <span class='ocrx_word' id='word_1_862' title='bbox 3300 5351 3357 5405; x_wconf 89' lang='lat' dir='ltr'><strong>Si</strong></span> <span class='ocrx_word' id='word_1_863' title='bbox 3388 5364 3522 5404; x_wconf 77' lang='lat' dir='ltr'><strong>vero</strong></span> <span class='ocrx_word' id='word_1_864' title='bbox 3560 5372 3563 5373; x_wconf 50' lang='grc' dir='ltr'><em>ν</em></span> 
     </span>
    </p>
   </div>
   <div class='ocr_carea' id='block_1_113' title="bbox 1945 5445 3523 5519">
    <p class='ocr_par' dir='ltr' id='par_1_113' title="bbox 1945 5445 3523 5519">
     <span class='ocr_line' id='line_1_113' title="bbox 1945 5445 3523 5519; baseline -0.006 -12"><span class='ocrx_word' id='word_1_865' title='bbox 1945 5454 2108 5507; x_wconf 87' lang='lat' dir='ltr'><strong>etiam</strong></span> <span class='ocrx_word' id='word_1_866' title='bbox 2134 5450 2188 5505; x_wconf 90' lang='lat' dir='ltr'><strong>in</strong></span> <span class='ocrx_word' id='word_1_867' title='bbox 2226 5448 2454 5519; x_wconf 89' lang='lat' dir='ltr'><strong>reliquis</strong></span> <span class='ocrx_word' id='word_1_868' title='bbox 2493 5450 2815 5505; x_wconf 62' lang='lat' dir='ltr'><strong>caelestibus</strong></span> <span class='ocrx_word' id='word_1_869' title='bbox 2860 5447 3143 5502; x_wconf 87' lang='lat' dir='ltr'><strong>ordinibus</strong></span> <span class='ocrx_word' id='word_1_870' title='bbox 3181 5448 3289 5501; x_wconf 90' lang='lat' dir='ltr'><strong>tale</strong></span> <span class='ocrx_word' id='word_1_871' title='bbox 3318 5445 3523 5516; x_wconf 88' lang='lat' dir='ltr'><strong>aliquid</strong></span> 
     </span>
    </p>
   </div>
   <div class='ocr_carea' id='block_1_114' title="bbox 1947 5537 3522 5616">
    <p class='ocr_par' dir='ltr' id='par_1_114' title="bbox 1947 5537 3522 5616">
     <span class='ocr_line' id='line_1_114' title="bbox 1947 5537 3522 5616; baseline -0.007 -16"><span class='ocrx_word' id='word_1_872' title='bbox 1947 5554 2156 5616; x_wconf 87' lang='lat' dir='ltr'><strong>gestmn</strong></span> <span class='ocrx_word' id='word_1_873' title='bbox 2197 5557 2320 5598; x_wconf 90' lang='lat' dir='ltr'><strong>esse</strong></span> <span class='ocrx_word' id='word_1_874' title='bbox 2366 5544 2435 5597; x_wconf 88' lang='lat' dir='ltr'><strong>ab</strong></span> <span class='ocrx_word' id='word_1_875' title='bbox 2463 5558 2528 5598; x_wconf 92' lang='lat' dir='ltr'><strong>co</strong></span> <span class='ocrx_word' id='word_1_876' title='bbox 2560 5542 2944 5613; x_wconf 87' lang='lat' dir='ltr'><strong>suspicandum</strong></span> <span class='ocrx_word' id='word_1_877' title='bbox 2978 5540 3073 5607; x_wconf 87' lang='lat' dir='ltr'><strong>sit,</strong></span> <span class='ocrx_word' id='word_1_878' title='bbox 3103 5542 3155 5595; x_wconf 88' lang='lat' dir='ltr'><strong>in</strong></span> <span class='ocrx_word' id='word_1_879' title='bbox 3182 5555 3242 5593; x_wconf 86' lang='lat' dir='ltr'><strong>ea</strong></span> <span class='ocrx_word' id='word_1_880' title='bbox 3275 5554 3379 5608; x_wconf 90' lang='lat' dir='ltr'><strong>qua</strong></span> <span class='ocrx_word' id='word_1_881' title='bbox 3411 5537 3522 5591; x_wconf 54' lang='lat' dir='ltr'><strong>sin;</strong></span> 
     </span>
    </p>
   </div>
   <div class='ocr_carea' id='block_1_115' title="bbox 1954 5633 3525 5711">
    <p class='ocr_par' dir='ltr' id='par_1_115' title="bbox 1954 5633 3525 5711">
     <span class='ocr_line' id='line_1_115' title="bbox 1954 5633 3525 5711; baseline -0.004 -16"><span class='ocrx_word' id='word_1_882' title='bbox 1954 5639 2060 5711; x_wconf 84' lang='lat' dir='ltr'><strong>guli</strong></span> <span class='ocrx_word' id='word_1_883' title='bbox 2094 5640 2295 5710; x_wconf 85' lang='lat' dir='ltr'><strong>quique</strong></span> <span class='ocrx_word' id='word_1_884' title='bbox 2328 5646 2453 5694; x_wconf 88' lang='lat' dir='ltr'><strong>sunt</strong></span> <span class='ocrx_word' id='word_1_885' title='bbox 2478 5636 2649 5693; x_wconf 78' lang='lat' dir='ltr'><strong>forma</strong></span> <span class='ocrx_word' id='word_1_886' title='bbox 2680 5650 2945 5711; x_wconf 86' lang='lat' dir='ltr'><strong>apparens</strong></span> <span class='ocrx_word' id='word_1_887' title='bbox 2978 5635 3075 5705; x_wconf 90' lang='lat' dir='ltr'><strong>cis,</strong></span> <span class='ocrx_word' id='word_1_888' title='bbox 3104 5644 3158 5691; x_wconf 90' lang='lat' dir='ltr'><strong>et</strong></span> <span class='ocrx_word' id='word_1_889' title='bbox 3189 5633 3525 5690; x_wconf 70' lang='lat' dir='ltr'><strong>annuntians</strong></span> 
     </span>
    </p>
   </div>
  </div>
