4054 6310
545 357 652 412 8⁴ιῖ7

1815 359 1876 418 P.
1911 360 2227 417 DANIELIS
2267 361 2356 421 ΗΠ
2369 361 2501 416 ETll

3689 360 3806 416 8‘28

545 493 761 549 pacem,
789 479 1047 548 quoniam
1078 478 1300 549 quidem
1327 495 1425 548 per
1456 481 1775 551 sanguinem
1809 484 1988 539 crucis
2013 499 2124 539 sure
2153 491 2198 547 Α
2231 484 2663 538 manifestatum.
2692 500 2710 534 ι
2745 479 2851 535 Sed
2881 477 3062 536 Ruﬁni
3096 484 3276 534 tamen
3306 477 3591 549 perﬁdiam
3623 478 3809 534 denuo

547 572 854 642 pacificavit
893 588 996 626 non
1038 571 1214 626 solum
1251 587 1370 640 qua:
1405 573 1456 627 in
1492 583 1661 641 terra,
1694 575 1788 630 sed
1816 586 1872 631 et
1901 592 2020 646 quae
2067 577 2122 631 ln

546 665 704 719 cmlis
727 673 853 720 sunt
884 663 953 728 τ’,
981 664 1141 718 etiam
1173 674 1228 718 tu
1260 665 1401 735 apud
1426 667 1772 735 temetipsum
1795 669 2071 725 discutito.
2099 689 2119 724 ι

549 758 761 812 Etcqu
793 757 976 811 homil.
1009 758 1033 812 l
1069 765 1125 812 et
1169 757 1206 811 2
1250 759 1306 810 in
1341 756 1530 824 Levita,
1566 760 1844 816 Christum
1884 781 1902 813 ι
1931 762 1983 816 in
2013 776 2125 817 cte-

550 851 777 906 lestihus
805 850 1019 904 vitalem
1053 850 1302 918 corporis
1355 850 1437 905 sui
1493 853 1773 918 virtutem,
1815 853 1961 908 velut
1996 869 2124 910 cor-

548 942 735 1012 porale
781 942 1053 1011 quoddam
1101 941 1439 996 sacriﬁcimu
1495 943 1806 1000 immolasse
1853 963 1873 998 ›
1923 946 2019 1012 ait,
2071 957 2125 1002 et

544 1034 792 1090 caelestia
822 1043 1049 1089 eatenus
1085 1034 1408 1102 pacificasse
1436 1049 1533 1103 per
1564 1037 1890 1106 sanguinem
1942 1053 2123 1107 suum,

546 1135 825 1198 quatenus
866 1127 917 1181 in
951 1127 1110 1182 ctelis
1145 1143 1243 1196 pro
1281 1143 1510 1182 munere
1530 1128 1748 1184 oblatus
1778 1140 1883 1185 est.

617 1219 689 1272 At
713 1231 903 1274 contra
939 1235 1046 1272 una
1092 1227 1265 1273 morte
1312 1219 1364 1271 iu
1408 1220 1575 1274 terris
1611 1221 1758 1275 obita
1803 1223 1966 1277 rebus
2007 1224 2127 1279 uni-

547 1311 728 1366 versis
795 1311 1009 1366 ratione
1095 1310 1382 1366 instructis
1459 1312 1690 1368 salutem
1758 1317 2126 1385 promeruisse

548 1402 830 1457 Christum
857 1404 1106 1472 pluribus
1139 1403 1274 1457 locis
1304 1405 1570 1462 decernit.
1608 1405 1741 1460 Nam
1771 1418 1974 1477 praeter
2008 1427 2126 1466 ma-

549 1510 708 1565 gnam
750 1508 944 1549 eorum
1011 1506 1218 1563 partem
1264 1493 1357 1562 qui
1406 1508 1571 1564 supra
1626 1497 1927 1568 deprompti
1975 1511 2121 1567 sttnt,

549 1585 692 1640 unde
724 1586 772 1638 id
803 1585 961 1640 facile
1008 1585 1257 1654 colligas,
1290 1597 1345 1639 et
1385 1588 1526 1642 hunc
1568 1590 1871 1657 prmsertim
1910 1591 2042 1646 tomi
2072 1593 2126 1647 in

545 1674 813 1728 Joannem
848 1676 1064 1745 prioris,
1095 1692 1243 1728 num.
1278 1676 1372 1736 40.
1409 1677 1460 1729 in
1504 1691 1611 1745 quo
1647 1677 1900 1736 Christus
1926 1664 2128 1736 dicitur

550 1766 727 1836 μέγας
757 1767 1067 1838 ἀρχιερεὺς,
1115 1769 1212 1839 οὐχ
1257 1771 1393 1843 ὑπὲρ
1434 1771 1736 1844 ἀνθρώπων
1773 1773 1953 1844 μόνον,
1987 1773 2124 1829 ἀλλὰ

547 1861 643 1912 καὶ
668 1861 867 1923 παντὸς
897 1859 1135 1928 λογικοῦ,
1165 1862 1263 1931 τὴν
1288 1860 1433 1928 ἅπαξ
1455 1862 1645 1917 θυσίαν
1669 1865 2123 1936 προσενεχθεῖσαν

548 1951 738 2005 ἑαυτὸν
772 1951 1112 2020 ἀνενεγκώνο
1169 1964 1223 2008 et
1262 1954 1422 2009 istum
1480 1966 1740 2024 praeterea
1771 1971 1801 2010 e
1848 1966 1984 2012 tom.
2046 1974 2120 2013 vtt

548 2052 735 2097 contra
771 2043 934 2108 (λήθη
980 2061 1106 2099 num
1156 2047 1244 2111 17,
1296 2061 1420 2115 pag.
1486 2047 1588 2102 706
1645 2049 2020 2122 ε’Υπέμεινεν
2049 2051 2125 2115 ὡς

548 2134 712 2202 σοφὸς
737 2135 830 2188 καὶ
861 2135 1087 2200 τέλειος,
1131 2136 1273 2208 ειπερ
1315 2139 1483 2210 ἐχρῆν
1529 2139 1818 2210 ὑπομεῖναι
1859 2142 1949 2195 τὸν
1983 2143 2124 2217 ὑπὲρ

547 2227 752 2291 παντὸς
770 2229 871 2281 τοῦ
892 2228 1084 2299 γένους
1108 2228 1214 2283 τῶν
1239 2229 1561 2302 ἀνθρώπων,
1589 2232 1622 2303 ἢ
1655 2234 1876 2288 καὶτῶν
1890 2235 2124 2305 λογικῶν

548 2319 731 2374 πάντά.
770 2320 1079 2392 πράττοντα
1098 2337 1112 2351 ·
1140 2337 1277 2376 unus
1305 2322 1394 2377 ille
1429 2338 1525 2392 pro
1552 2326 1808 2380 omnibus
1843 2341 1965 2382 esse
1998 2343 2123 2396 pos-

549 2421 656 2475 set,
685 2413 774 2480 qui
812 2413 1042 2467 habetur
1067 2412 1120 2465 in
1157 2411 1260 2466 line
1297 2411 1390 2466 lib.
1460 2428 1491 2466 v
1536 2415 1589 2466 in
1637 2412 1808 2477 Epist.
1840 2417 1911 2469 ad
1939 2414 2122 2484 Rom.,

548 2519 701 2559 num.
746 2504 836 2567 10.
864 2520 984 2576 pag.
1022 2504 1151 2571 568,
1187 2504 1274 2558 ubi
1307 2505 1494 2559 mirari
1543 2520 1602 2559 se
1644 2507 1776 2560 dicit
1810 2525 1830 2559 ι
1859 2509 2123 2578 quosdam

547 2607 740 2653 contra
773 2599 912 2653 hanc
950 2599 1414 2653 evidentissimam
1457 2597 1606 2652 Pauli
1637 2602 1964 2656 sententiam
1989 2602 2126 2657 velle

551 2703 821 2756 asserere,
852 2689 997 2760 quod
1029 2690 1081 2743 in
1111 2688 1307 2745 futuris
1342 2691 1536 2744 iterum
1575 2691 1790 2746 saeculis
1819 2693 1902 2748 vel
1935 2694 2123 2749 eadem

549 2780 638 2835 vel
676 2782 871 2835 siu'iilia
916 2784 1026 2850 pati
1059 2797 1279 2837 necesse
1325 2783 1396 2836 sit
1447 2781 1746 2848 Christum,
1789 2794 1851 2840 ut
1901 2786 2124 2842 liberari

551 2873 762 2941 possint
798 2873 962 2926 etiam
1017 2873 1072 2928 hi
1119 2889 1255 2943 quos
1288 2875 1340 2929 in
1372 2875 1628 2944 praesenti
1677 2877 1788 2931 vita
1845 2879 2128 2948 dispensa-

554 2963 718 3019 tionis
746 2964 864 3032 ejus
891 2967 1154 3021 medicina
1189 2983 1386 3024 Sanare
1438 2987 1542 3026 non
1586 2973 1778 3042 potuit.
1804 2989 1824 3024 ι
1874 2972 1945 3026 Ει
1968 2973 2125 3043 paulo

550 3067 709 3127 post:
746 3075 766 3110 ι
797 3058 900 3112 Sed
943 3060 1009 3114 ad
1071 3060 1208 3126 haec,
1267 3061 1459 3133 inquit,
1515 3079 1613 3118 nos
1674 3064 1912 3120 breviter
1965 3076 2125 3135 prout

2229 577 2597 631 recordemur.

2297 671 2370 726 At
2394 670 2504 723 vim
2533 656 2650 723 eam
2675 667 2806 721 licet
2839 664 2999 720 morti
3034 665 3306 734 quondam
3353 663 3405 717 in
3453 663 3621 717 terris
3646 663 3809 718 Chri-

2226 773 2312 820 sto
2339 763 2502 817 illatae
2551 761 2795 816 tribuant
2829 759 2931 813 loci
2979 772 3140 825 supra
3183 756 3420 818 adducti,
3452 772 3575 827 quae
3625 755 3807 810 homi-

2227 870 2356 911 num
2391 853 2822 922 angelorumque
2850 849 3132 906 servandis
3155 848 3437 903 ordinibus
3486 846 3803 916 sutliceret;

2228 945 2422 1001 iterum
2483 953 2663 998 tamen
2720 942 2773 997 in
2829 941 3187 1010 sequentibus
3243 940 3454 994 saeculis
3511 955 3804 1010 passurum

2227 1038 2501 1093 Christum
2526 1037 2739 1090 videtur
2774 1033 3043 1089 aliirmare
3077 1034 3224 1087 hom.
3279 1032 3305 1085 1
3340 1032 3394 1086 in
3430 1031 3623 1095 Levit.,
3651 1048 3802 1086 num.

2224 1133 2280 1187 '5.
2317 1150 2336 1184 ι
2367 1130 2477 1185 Nisi
2529 1130 2653 1199 quia
2721 1127 2882 1194 forte,
2937 1126 3133 1197 inquit,
3189 1125 3296 1180 hoc
3361 1125 3590 1195 intelligi
3631 1124 3805 1180 voluit

2230 1221 2483 1294 (Moyses)
2500 1222 2641 1292 quod
2674 1222 2894 1291 sanguis
2919 1217 3045 1274 Jesu
3074 1233 3182 1273 non
3216 1218 3388 1274 solum
3420 1218 3472 1272 in
3493 1215 3804 1273 Jerusalem

2229 1314 2433 1371 effusus
2463 1325 2566 1380 est,
2603 1315 2691 1368 ubi
2720 1323 2838 1369 erat
2870 1311 3062 1376 altare,
3098 1321 3154 1367 et
3189 1312 3337 1367 basis
3362 1309 3501 1378 ejus,
3530 1320 3584 1366 et
3620 1311 3804 1365 taber-

2228 1407 2481 1463 naculum
2543 1406 2833 1462 testimonii
2862 1424 2876 1472 ;
2910 1404 3026 1475 (24)
3065 1405 3159 1460 sed
3198 1414 3254 1459 et
3299 1404 3441 1475 quod
3473 1419 3637 1473 super
3665 1403 3798 1457 illud

2228 1501 2420 1566 altare,
2453 1501 2597 1570 quod
2627 1510 2711 1556 est
2750 1499 2804 1554 in
2839 1499 3018 1564 caelis,
3065 1497 3154 1551 ubi
3187 1507 3242 1552 et
3279 1495 3521 1550 Ecclesia
3564 1495 3806 1565 primiti-

2226 1609 2416 1648 vorum
2455 1603 2561 1660 est,
2601 1594 2743 1648 idem
2797 1593 2912 1663 ipse
2945 1589 3169 1662 sanguis
3214 1589 3528 1659 asperserit.
3573 1606 3593 1640 ι
3627 1586 3806 1642 Mani-

2227 1684 2397 1742 festus
2424 1701 2552 1742 vero
2577 1685 2785 1741 erroris
2813 1682 2973 1753 hujus
3005 1682 3157 1737 locus
3187 1680 3277 1736 ille
3317 1689 3401 1736 est
3436 1695 3603 1750 quem
3640 1680 3802 1735 exhi-

2227 1779 2318 1834 bet
2343 1779 2678 1834 Jus1iuianus
2720 1777 2771 1831 in
2804 1777 2962 1847 epist.
2998 1777 3064 1829 ad
3089 1774 3304 1829 Menam
3328 1785 3383 1828 et
3414 1773 3513 1828 lib.
3546 1788 3623 1827 tv.
3657 1772 3804 1841 Περὶ

2226 1870 2449 1941 ἀρχῶν,
2519 1886 2668 1926 num.
2734 1869 2824 1924 25.
2896 1867 2988 1923 Sic
3040 1867 3131 1922 ille
3190 1867 3356 1936 vulgo
3425 1866 3608 1920 editus
3660 1875 3801 1920 est:

2225 1962 2349 2016 Ὀτι
2378 1962 2470 2016 καὶ
2487 1962 2626 2032 ὑπὲρ
2644 1961 2913 2032 δαιμόνων
2927 1960 3008 2013 δεῖ
3028 1959 3119 2012 τὸν
3135 1957 3369 2030 Χριστὸν
3396 1958 3800 2031 σταυρωθῆναι,

2226 2057 2319 2110 καὶ
2351 2055 2610 2119 πολλάκις
2632 2054 2790 2108 τοῦτο
2811 2055 2889 2117 εἰς
2910 2053 3038 2116 τοὺς
3070 2051 3358 2122 ἐσομένους
3391 2049 3596 2114 αἰῶνας
3620 2067 3636 2081 ·
3667 2049 3803 2104 ἀλλὰ

2225 2149 2330 2203 κᾶν
2375 2148 2538 2220 μέχρι
2573 2146 2666 2200 τοῦ
2725 2145 2930 2209 πάθους
2960 2163 3044 2210 τις
3078 2145 3312 2216 ζητήσῃ,
3347 2144 3624 2217 τολμηρὸν
3662 2142 3802 2208 δόξει

2228 2243 2400 2296 ποιεῖν
2447 2241 2573 2312 περὶ
2611 2239 2718 2292 τῶν
2751 2237 3016 2310 οὐρανίων
3059 2238 3244 2291 τόπων
3273 2235 3405 2290 αὐτὸ
3442 2234 3621 2306 ζητῶν
3641 2251 3656 2264 ·
3687 2234 3801 2287 ἀλλ’

2225 2337 2274 2389 εί
2307 2334 2422 2387 ἐστι
2455 2331 2802 2404 πνευματικὰ
2824 2331 2924 2403 τῆς
2949 2329 3215 2401 πονηρίας
3249 2330 3304 2380 ὲν
3349 2328 3460 2389 τοῖς
3502 2325 3797 2396 οὐρανίοις,

2227 2429 2335 2500 ἄρα
2374 2428 2422 2480 εί
2455 2427 2643 2498 ὥσπερ
2690 2424 2878 2479 ἐνθάδε
2930 2423 3031 2477 οὐκ
3063 2419 3359 2491 αἰδούμεθα
3397 2416 3800 2488 σταυρούμενον

2225 2519 2508 2590 ὁμολογεῖν
2535 2519 2628 2571 ἐπὶ
2653 2516 2990 2589 καθαιρέσει,
3022 2507 3096 2569 ὧν
3125 2513 3340 2568 καθεῖλε
3368 2511 3454 2565 διὰ
3477 2510 3573 2564 τοῦ
3601 2527 3800 2564 πεπον-

2227 2613 2377 2668 θέναι
2403 2631 2419 2647 ο
2461 2613 2601 2668 οὕτω
2635 2613 2697 2666 τὸ
2730 2611 2890 2665 κάκεὶ
2933 2607 3314 2681 παραπλήσιον
3361 2605 3599 2666 διδόντες
3658 2602 3799 2672 γίνε-

2228 2707 2350 2761 σθαι
2395 2706 2464 2761 τὰ
2504 2707 2598 2760 καὶ
2638 2706 2787 2777 ἑξῆς,
2827 2705 2934 2767 ἕως
2977 2703 3076 2774 τῆς
3118 2699 3428 2763 συντελείας
3465 2698 3562 2752 τοῦ
3600 2695 3798 2760 παντὸς

2226 2800 2442 2864 αἰῶνος,
2474 2798 2533 2852 οὔ
2561 2796 3007 2870 φοὸηθησόμεθα.
3065 2793 3237 2860 Quem
3293 2793 3468 2847 locum
3518 2790 3796 2859 aliquanto

2227 2891 2544 2962 ampliorem
2596 2900 2652 2944 et
2694 2888 2890 2944 Latino
2941 2889 3022 2942 sic
3072 2893 3391 2955 conceptum
3428 2897 3682 2940 sermone
3711 2898 3796 2936 re-

2228 2992 2521 3054 praesentat
2553 2981 2910 3053 Hieronymus
2936 2980 2989 3034 in
3016 2979 3175 3049 epist.
3199 2977 3287 3042 6i,
3314 2979 3378 3033 ad
3409 2977 3707 3047 Avit..cap.
3727 2974 3759 3030 ι
3777 2994 3796 3030 ;

2233 3093 2256 3130 ι
2298 3075 2455 3130 Sicut
2475 3075 2620 3129 enim
2655 3089 2752 3145 per
2780 3073 3027 3128 umbram
3060 3070 3335 3141 Evangelii
3370 3070 3619 3124 umbram
3669 3067 3797 3138 legis

551 3164 839 3219 possumus
873 3154 1347 3223 respondebimus.
1399 3155 1619 3211 Manere
1663 3157 1880 3227 quidem
1917 3169 2122 3214 natura:
2149 3175 2192 3233 ς,
2227 3166 2470 3237 implevit
2508 3185 2525 3230 ;
2574 3167 2676 3232 sic,
2702 3166 2827 3234 quia
2871 3164 3051 3219 omnis
3073 3163 3156 3219 lex
3193 3163 3502 3234 exemplum
3530 3171 3586 3217 et
3609 3163 3797 3217 umbra

552 3243 864 3299 rationabili
922 3259 1140 3316 semper
1185 3246 1413 3302 liberum
1461 3249 1754 3304 arbitrium
1801 3265 1908 3305 non
1958 3265 2126 3322 nega-

550 3349 709 3402 mus;
741 3338 835 3392 sed
861 3347 1066 3392 tantam
1099 3355 1220 3395 esse
1250 3340 1358 3394 vim
1389 3341 1570 3396 crucis
1595 3342 1820 3410 Christi,
1847 3351 1901 3398 et
1933 3344 2126 3399 mortis

552 3426 734 3495 hujus,
763 3444 925 3499 quam
960 3431 1012 3485 in
1037 3433 1358 3487 saeculorum
1386 3433 1492 3486 line
1518 3434 1777 3505 suscepit,
1805 3435 2122 3502 asserimus,

549 3535 673 3588 qua:
694 3521 760 3575 ad
790 3524 1079 3578 sanitatem
1109 3534 1163 3578 et
1198 3523 1497 3578 remedium
1530 3540 1639 3580 non
1668 3527 1845 3582 solum
1878 3542 2122 3597 praesen-

553 3613 626 3667 tis
665 3622 720 3667 et
757 3613 948 3682 futuri,
997 3617 1088 3671 sed
1128 3621 1292 3674 etiam
1319 3621 1718 3690 praeteritorum
1762 3621 2120 3687 saeculorum;

547 3713 605 3758 et
669 3721 776 3761 non
836 3709 1012 3764 solum
1073 3711 1310 3767 humano
1362 3714 1489 3767 huic
1532 3724 1719 3769 nostro
1766 3714 1968 3779 ordini,
2029 3716 2125 3770 sed

548 3799 717 3853 etiam
749 3803 1067 3858 coelestibus
1097 3805 1394 3860 virtutibus
1444 3807 1834 3877 ordinibusque
1875 3807 2121 3864 summat.

552 3891 859 3946 Secundqu
892 3894 1222 3948 sententiam
1253 3911 1486 3966 namque
1516 3898 1683 3968 ipsius
1717 3898 1869 3954 Pauli
1896 3901 2124 3970 apostoli

550 3985 799 4040 Christus
857 3985 1162 4054 pacificavit
1220 4001 1317 4055 per
1378 3991 1700 4059 sanguinem
1764 3992 1946 4046 crucis
1989 4007 2123 4058 sua},

552 4091 658 4130 non
683 4077 856 4130 solum
886 4092 1006 4147 qua:
1033 4078 1085 4132 in
1121 4089 1267 4131 terra
1287 4090 1434 4146 sunt,
1453 4082 1617 4136 sedet
1643 4098 1764 4151 quae
1794 4083 1847 4137 in
1875 4083 2068 4140 caelis:
2100 4103 2118 4137 ι

551 4171 636 4226 vel
672 4172 764 4227 ille
811 4188 842 4228 e
872 4173 1010 4228 libro
1065 4191 1104 4229 ιι
1139 4175 1282 4244 Περὶ
1326 4174 1552 4245 ἀρχῶν,
1593 4192 1712 4246 cap.
1766 4179 1820 4244 5,
1876 4195 2027 4236 num.
2068 4181 2121 4235 5.

555 4279 578 4317 ι
642 4263 808 4320 Docet
870 4276 1072 4331 autem,
1118 4267 1313 4337 inquit,
1356 4277 1577 4322 sanctus
1617 4269 1907 4338 Apostolus
1977 4269 2122 4340 quod

549 4353 802 4410 Christus
837 4355 888 4410 in
919 4371 984 4411 eo
1007 4357 1204 4412 saecqu
1250 4359 1393 4428 quod
1427 4367 1556 4413 ante
1589 4358 1694 4414 hoc
1722 4358 1864 4430 afuit,
1903 4375 2010 4414 non
2043 4371 2125 4416 est

551 4463 765 4517 passus,
797 4449 891 4504 sed
921 4466 987 4505 ne
1015 4451 1066 4504 in
1095 4449 1187 4504 illo
1215 4449 1429 4519 quidem
1452 4451 1592 4519 quod
1621 4459 1748 4505 ante
1781 4451 1954 4521 ipsum
1985 4451 2118 4506 fuit:

2231 3269 2311 3316 est
2336 3259 2781 3315 caeremoniarum
2816 3255 3477 3325 ccelestium,diligeutius
3515 3255 3798 3325 requiren-

2229 3354 2376 3423 dum,
2408 3359 2586 3408 utrum
2623 3360 2770 3407 recte
2809 3349 3177 3417 intelligamus
3228 3349 3396 3420 legem
3435 3361 3654 3417 quoque
3690 3360 3800 3401 cte-

2227 3444 2438 3510 lestem,
2466 3453 2520 3500 et
2541 3443 2896 3500 caeremonias
2923 3441 3141 3511 superni
3187 3441 3367 3497 cultus
3400 3440 3794 3510 plenitudinem

2228 3549 2332 3589 non
2368 3534 2590 3596 habere,
2622 3532 2716 3587 sed
2748 3531 2994 3602 indigere
3041 3529 3325 3596 Evangelii
3367 3528 3621 3592 veritate,
3654 3526 3797 3597 quod

2230 3623 2284 3678 in
2310 3622 2534 3680 Joannis
2560 3620 2885 3692 Apocalypsi
2913 3619 3269 3689 Evangelium
3313 3617 3546 3688 legimus
3602 3615 3800 3684 sempi-

2227 3725 2439 3771 ternum
2472 3716 2542 3781 ⁸ο,
2585 3715 2652 3768 ad
2682 3710 3148 3782 comparationem
3184 3709 3446 3765 videlicet
3486 3707 3652 3777 hujus
3699 3722 3797 3760 no-

2227 3811 2326 3865 stri
2362 3809 2663 3879 Evangelii.
2697 3808 2842 3876 quod
2877 3805 3174 3877 temporale
3203 3812 3308 3868 est,
3339 3803 3465 3857 etin
3501 3802 3799 3855 transitura

2229 3903 2429 3957 mundo
2453 3917 2517 3956 ac
2540 3900 2738 3956 saeculo
2768 3899 3145 3970 praedicatum.
3164 3897 3317 3964 Quod
3341 3895 3560 3964 quidem
3585 3891 3797 3947 etiamsi

2227 4010 2402 4064 usque
2439 3993 2505 4047 ad
2535 3994 2845 4062 passionem
2895 3989 3113 4046 Domini
3169 3985 3473 4042 Salvatoris
3520 3984 3798 4053 inquirere

2227 4085 2601 4140 voluerimus:
2650 4099 2958 4154 quanquam
3002 4082 3178 4137 audax
3235 4089 3291 4135 et
3331 4077 3689 4133 temerarium
3730 4074 3800 4129 sit

2227 4179 2281 4232 in
2308 4175 2446 4232 caelo
2480 4176 2600 4246 ejus
2627 4191 2875 4245 quaerere
2911 4174 3254 4244 passionem;
3305 4180 3484 4226 tamen
3539 4167 3586 4223 si
3633 4165 3797 4236 spiri-

2229 4267 2356 4322 talia
2388 4265 2642 4334 nequitia:
2671 4267 2722 4319 in
2747 4264 3064 4320 coelestibus
3095 4271 3243 4328 sunt,
3276 4269 3334 4316 et
3378 4273 3485 4313 non
3515 4255 3795 4312 erubesci-

2227 4373 2348 4412 mus
2380 4370 2594 4411 crucem
2640 4354 2854 4409 Domini
2906 4353 3154 4410 confiteri
3209 4360 3431 4422 pr0pter
3469 4349 3792 4405 destructio-

2228 4464 2354 4503 nem
2382 4463 2592 4511 eorum,
2641 4463 2761 4517 qua:
2791 4463 2887 4502 sua
2927 4447 3182 4517 passione
3221 4444 3491 4500 destruxit
3526 4460 3544 4510 ;
3599 4457 3698 4497 cur
3737 4441 3799 4494 ti-

551 4548 608 4596 et
664 4541 847 4595 nescio
887 4543 931 4597 si
981 4557 1305 4598 enumerare
1355 4541 1621 4598 suﬂiciam
1658 4553 1863 4613 quanta
1925 4542 2125 4600 fuerint
2158 4533 2202 4587 ί)
2233 4557 2476 4596 meamus
2500 4540 2666 4596 etiam
2697 4541 2749 4594 in
2784 4542 3036 4611 supernis
3060 4540 3214 4606 locis,
3242 4541 3295 4593 in
3328 4536 3797 4594 consummatione

551 4637 823 4690 anteriora
853 4636 1044 4691 smcula
1077 4638 1128 4690 in
1159 4638 1355 4706 quibus
1385 4653 1580 4706 passus
1618 4653 1724 4692 non
1753 4646 1857 4692 est.
1897 4637 1978 4693 Ex
2006 4639 2130 4707 qui-

552 4731 651 4784 bus
677 4739 857 4784 autem
901 4732 1243 4786 sermonibus
1277 4729 1428 4784 Pauli
1471 4731 1538 4783 ad
1578 4730 1919 4785 occasionem
1966 4730 2127 4799 hujus

551 4821 927 4892 intelligentiae
958 4825 1220 4885 venerim,
1249 4826 1545 4892 proferam.
1581 4823 1672 4876 Ait
1701 4824 1843 4876 enim
1897 4837 1913 4876 :
1968 4821 2125 4876 Nunc

550 4933 666 4970 vero
701 4915 859 4969 semel
892 4917 946 4969 in
991 4918 1441 4969 consummatione
1497 4915 1813 4969 smculorum
1862 4915 1932 4969 ad
1969 4914 2129 4984 refel-
2165 4913 2171 4918 ’

548 5007 762 5059 tendum
783 5016 1056 5076 peccatum
1083 5023 1176 5074 per
1207 5007 1431 5059 hostium
1455 5008 1536 5060 sui
1560 5007 1934 5076 manifestatur
1957 5021 2032 5061 est
2059 5008 2127 5060 ⁷⁵.

550 5101 729 5154 Semel
789 5102 934 5155 enim
997 5102 1072 5154 ait
1115 5101 1342 5154 hostiam
1379 5097 1653 5164 eli‘ectum,
1689 5108 1744 5153 et
1774 5101 1828 5153 in
1862 5114 2122 5154 consum-

553 5195 789 5247 matione
820 5192 1144 5247 steculorum
1180 5191 1247 5245 ad
1282 5191 1634 5245 refellendum
1683 5200 1972 5260 peccatum
2004 5207 2125 5247 esse

2233 4635 2553 4690 smeulorum
2611 4635 2816 4704 aliquid
2875 4633 3054 4703 simile
3104 4633 3397 4702 suspicari,
3451 4639 3512 4684 ut
3558 4629 3795 4682 omnium

2233 4727 2470 4783 locorum
2511 4738 2701 4799 gentes
2740 4728 2884 4783 illius
2917 4727 3172 4796 passione
3200 4722 3520 4780 salventur?
3548 4740 3569 4772 ι
3598 4721 3674 4774 Ex
3703 4720 3797 4774 hac

2233 4821 2546 4893 Hieronymi
2607 4821 3055 4892 interpretatione
3117 4819 3285 4890 liquet
3333 4831 3615 4887 perperam
3645 4831 3674 4868 a
3705 4812 3795 4868 Ju-

2179 4945 2190 4961 -
2228 4916 2464 4972 stiuiano
2513 4925 2736 4986 accepta
2778 4915 2944 4969 fuisse
2983 4913 3146 4969 verba
3195 4911 3476 4982 Origenis;
3506 4924 3629 4964 nam
3660 4907 3796 4976 quod

2226 5010 2366 5078 apud
2392 5025 2514 5065 eum
2546 5009 2740 5079 legitur
2771 5029 2784 5064 :
2817 5008 2967 5072 Ἕως
2995 5006 3096 5079 τῆς
3126 5004 3436 5070 συντελείας
3464 5003 3560 5058 τοῦ
3601 5002 3797 5063 παντὸς

2232 5100 2448 5166 αἰῶνος,
2490 5108 2671 5155 tamne
2727 5098 2919 5168 supine
2970 5108 3026 5153 et
3075 5096 3415 5167 negligenter
3470 5093 3798 5150 intellexisse

2233 5195 2519 5250 credemus
2547 5193 2958 5264 Hieronymum,
2996 5203 3054 5247 ut
3084 5199 3344 5259 verteret,
3408 5208 3428 5242 ι
3463 5189 3518 5243 in
3541 5202 3796 5244 consum-

623 5327 669 5358 ⁷⁸
696 5326 904 5383 Coloss.
936 5345 977 5396 ι,
1006 5328 1098 5383 20.
1172 5329 1219 5360 "
1241 5327 1406 5382 Hebr.
1457 5341 1534 5392 ιι,
1579 5325 1673 5384 26.
1747 5327 1797 5360 ⁸⁸
1835 5327 2008 5397 Apoc.
2050 5343 2167 5394 xlv,
2197 5327 2253 5383 6.

625 5463 740 5539 (2})
777 5464 881 5539 Sed
903 5477 948 5520 et
996 5465 1134 5537 quod
1174 5484 1328 5536 super
1362 5467 1654 5539 illud,retc.
1686 5465 1973 5532 Vitiosam,
2004 5483 2125 5538 qua:

554 5539 607 5590 in
638 5536 1015 5591 ‘Cenebrardi’
1051 5539 1295 5592 editione
1345 5549 1458 5599 est,
1528 5538 1814 5591 lectionem
1876 5536 2125 5607 sequitur

559 5609 820 5663 llnctins;
859 5622 985 5659 vera
1023 5617 1107 5660 est
1157 5619 1340 5662 autem
1391 5607 1478 5661 illa
1539 5623 1702 5676 quam
1737 5609 1905 5662 editio
1936 5617 2120 5662 nostra

559 5695 624 5730 ex
663 5679 765 5730 lide
802 5678 1041 5730 omnium
1088 5678 1333 5731 codicum
1371 5679 1863 5746 manttscriptorunt
1909 5678 1989 5732 sic
2027 5694 2123 5731 ex-

563 5747 710 5800 hibet
737 5764 752 5799 :
793 5767 811 5798 ι
847 5747 952 5800 Sed
981 5758 1033 5817 et
1083 5749 1222 5812 quod
1251 5764 1543 5815 supernum
1568 5748 1742 5800 altare
1786 5748 1927 5817 quod
1956 5756 2038 5803 est
2065 5747 2119 5801 in

562 5818 740 5880 cwlis,
773 5817 860 5869 ubi
894 5824 945 5869 ct
983 5816 1216 5868 Ecclesia
1245 5818 1638 5886 pt'iztlillVOl'tllli
1685 5816 1818 5885 est,’
1839 5818 1978 5874 idem
2010 5817 2122 5887 ipse

2233 5467 2457 5537 sanguis
2482 5467 2795 5537 asperserit.
2828 5486 2846 5519 ι
2893 5464 2967 5520 Ex
3009 5466 3111 5537 hac
3140 5468 3374 5537 genuina
3426 5461 3660 5537 lectione
3686 5476 3798 5532 per-

2233 5533 2416 5604 peram
2447 5533 2738 5590 inferretur
2774 5539 3048 5594 Christum
3073 5536 3224 5601 juxta
3275 5535 3568 5604 Qr-igenetu
3602 5533 3794 5604 iterum

2235 5602 2286 5662 in
2317 5608 2668 5677 sequentibus
2712 5608 2925 5663 szeculis
2956 5621 3265 5677 passurum.
3310 5602 3395 5657 Μ’
3423 5620 3585 5677 unum
3621 5602 3794 5677 colligi

2232 5673 2430 5744 potest,
2459 5675 2661 5732 Christi
2691 5690 2918 5734 mortem
2951 5673 3052 5730 non
3083 5676 3258 5730 solum
3290 5675 3663 5744 terrestribus,
3703 5673 3791 5727 sed

2232 5743 2287 5801 ct
2321 5747 2634 5820 ccclestihus
2686 5750 2957 5820 profuisse
3002 5765 3016 5802 :
3054 5745 3194 5816 quod
3230 5744 3479 5802 docuisse
3536 5743 3790 5814 Origenes

2232 5818 2432 5888 passim
2473 5818 2702 5874 videtur.
