4054 6310
291 327 399 385 829

1109 330 1687 387 ORIGENIANORUM
1722 330 1850 387 LIB.
1893 331 1957 397 ll,
1999 334 2151 390 CAP.
2192 336 2255 402 ll,
2295 335 2575 402 QUEST.
2616 338 2703 395 ill.

3435 345 3543 398 850

293 447 540 503 matione
582 448 903 503 saeculorum
934 448 959 501 ?
991 466 1013 500 ι
1056 447 1245 503 Potius
1275 456 1360 502 est
1404 456 1463 502 ut
1513 448 1758 503 dicamus
1792 447 1868 503 le-
1897 456 1942 511 Λ
1973 452 2353 518 terrestribus,
2388 454 2480 510 sed
2516 455 2680 509 etiam
2714 469 2812 524 pro
2849 453 3161 511 caelestibus
3202 455 3415 511 oblatus
3458 470 3543 512 est

290 542 555 606 gendum,
606 542 697 595 ἐπὶ
718 542 817 612 τῆς
847 541 1155 605 συντελείας
1196 540 1288 594 τοῦ
1328 540 1545 607 αἰῶνος,
1605 542 1748 596 facili
1780 543 1868 596 Iit-

292 642 537 687 terarum
574 634 1005 703 permutatione:
1032 649 1154 687 nam
1184 644 1239 688 et
1264 633 1359 688 lib.
1416 649 1449 687 v
1505 636 1563 688 in
1598 633 1767 701 Epist.
1799 636 1868 688 ad

294 726 479 792 Rom.,
545 743 692 783 num.
753 725 843 790 10,
894 741 1017 797 pag.
1067 726 1194 789 568,
1251 727 1343 781 ubi
1401 728 1566 781 vertit
1615 726 1866 791 Ruﬁnus,

294 838 316 870 ι
347 821 539 875 mortis
564 820 742 888 hujus,
781 837 943 890 quam
979 822 1030 875 in
1060 821 1382 876 saeculorum
1420 822 1528 877 ﬁne
1554 823 1816 892 suscepit,
1844 841 1863 873 ι

290 913 594 968 verisimile
618 925 703 969 est
733 914 1022 980 scripsisse
1057 914 1246 969 itidem
1274 913 1586 985 Origenem,
1638 917 1731 969 ὲπὶ
1769 918 1869 988 τῆς

294 1005 607 1069 συντελείας
650 1005 743 1059 τοῦ
794 1006 1011 1070 αἰῶνος.
1066 1006 1122 1060 Id
1174 1006 1218 1060 si
1272 1007 1342 1060 ita
1387 1014 1492 1070 est,
1536 1005 1868 1078 Origeniano

292 1098 423 1155 huic
454 1097 573 1153 loco
606 1098 803 1151 lemma
849 1097 1156 1165 hujusmodi
1203 1095 1546 1152 Justinianus
1596 1098 1870 1156 immerito

290 1189 589 1259 prteﬁxerit
614 1207 629 1242 :
656 1188 779 1240 Ὅτι
811 1189 903 1241 καὶ
927 1189 1065 1260 ὑπὲρ
1094 1188 1363 1259 δαιμόνων
1394 1188 1475 1241 δεῖ
1500 1189 1593 1242 τὸν
1636 1190 1871 1261 Χριστὸν

294 1283 697 1353 σταυρωθῆναι,
726 1284 822 1337 καὶ
846 1282 1105 1344 πολλάκις
1133 1282 1289 1335 τοῦτο
1320 1282 1402 1346 εἰς
1421 1281 1548 1345 τοὺς
1578 1282 1869 1353 ἐσομένους

293 1372 517 1436 αἰῶνας.
550 1391 569 1425 ι
598 1372 865 1442 Oportere
905 1372 1180 1427 Christum
1214 1372 1378 1426 etiam
1407 1387 1506 1442 pro
1536 1372 1870 1427 daemonibus

293 1465 565 1535 cruciﬁgi,
597 1464 762 1533 idque
792 1465 988 1532 saepius
1017 1462 1069 1516 in
1100 1462 1297 1517 futuris
1342 1463 1592 1518 saeculis:
1647 1480 1667 1515 ι
1721 1465 1867 1532 quod

293 1572 424 1612 cum
458 1566 614 1610 extra
648 1556 900 1609 ordinem
932 1556 985 1608 in
1022 1553 1200 1608 fronte
1232 1554 1654 1610 describendum
1698 1565 1867 1620 esset,

291 1647 437 1703 male
468 1647 822 1716 sequentibus
846 1646 897 1697 in
928 1660 1087 1699 unam
1117 1646 1312 1700 seriem
1346 1654 1609 1700 attextnm
1647 1655 1752 1700 est.

367 1738 554 1794 XXIV.
596 1738 753 1793 Certe
781 1739 848 1791 de
893 1745 1067 1791 morte
1117 1752 1146 1789 a
1181 1736 1401 1793 Christo
1431 1738 1664 1806 oppetita
1704 1737 1867 1793 aliter

290 1833 534 1889 sensisse
565 1830 852 1899 Origenem
906 1845 971 1883 ac
1016 1830 1175 1898 vulgo
1218 1830 1271 1883 in
1320 1842 1440 1883 cum
1484 1829 1744 1900 iactatur,
1802 1845 1869 1885 ex

291 1923 597 1995 perspectis
632 1929 840 1975 attenta
888 1921 1326 1975 consideratione
1365 1921 1484 1990 ejus
1528 1922 1713 1977 verbis
1742 1938 1871 1977 con-

290 2014 565 2084 jecturam
621 2015 813 2081 capio;
873 2026 1050 2080 neque
1102 2013 1245 2066 enim
1289 2012 1601 2081 persuaderi
1652 2028 1868 2081 possum

296 2115 507 2160 tantum
544 2105 595 2159 in
638 2119 703 2158 eo
736 2103 904 2158 fuisse
934 2105 1199 2160 vecordia:
1221 2146 1235 2170 ,
1270 2115 1329 2157 ut
1365 2104 1560 2159 iterata
1591 2104 1868 2160 Christum

294 2198 382 2252 vel
422 2212 662 2267 passum,
698 2195 783 2249 vel
820 2210 1101 2264 passurum
1154 2210 1275 2249 esse
1310 2197 1560 2250 crederet
1581 2196 1868 2264 Sttpplaria,

294 2302 392 2345 aut
422 2292 474 2344 in
502 2290 665 2355 caalo,
701 2297 793 2342 aut
822 2289 874 2341 in
911 2302 1077 2352 aere;
1112 2286 1198 2340 vel
1240 2287 1453 2357 angeli,
1492 2287 1576 2345 vel
1611 2289 1870 2343 damonis

292 2382 541 2437 indutum
572 2382 768 2436 forma.
811 2379 1107 2435 Calumnite
1156 2379 1281 2434 huic
1318 2379 1614 2445 pra‘huisse
1659 2380 1872 2434 videtur

289 2486 478 2524 ansam
513 2486 652 2524 unus
684 2470 772 2525 ille
798 2472 951 2525 locus
1009 2482 1167 2537 quem
1210 2469 1495 2538 proferunt
1533 2468 1869 2525 Justinianus

287 2574 346 2619 ct
380 2565 759 2635 Hieronymus.
797 2563 947 2617 Nam.
980 2563 1143 2616 alium
1180 2562 1381 2616 nullum
1436 2566 1711 2633 expressis
1765 2566 1869 2619 hae-

289 2671 481 2719 reseos
514 2657 672 2725 hujus
698 2657 841 2711 notis
883 2657 1149 2726 insignem
1185 2657 1323 2722 apud
1359 2670 1481 2709 eum
1516 2659 1750 2727 reperio,
1775 2674 1871 2712 nec

289 2750 431 2804 ullos
465 2748 515 2802 in
547 2749 614 2803 iis
645 2749 920 2802 exstitisse
951 2747 1420 2802 lucubrationibus
1463 2749 1757 2804 verisimile
1789 2760 1871 2804 est

288 2856 413 2910 quae
440 2840 873 2903 interciderunt;
908 2855 1009 2895 nec
1048 2854 1144 2894 eos
1180 2841 1379 2910 quippe
1412 2841 1647 2895 intactos
1679 2843 1871 2893 adver-

290 2933 561 3002 sariiejus
586 2933 1085 3001 praetermisissent.
1113 2933 1181 2985 At
1205 2932 1380 2986 locum
1412 2932 1554 2987 hunc
1581 2931 1871 2987 Justiniani

291 3037 615 3096 corruptum
658 3025 824 3080 fuisse
857 3024 1374 3079 demonstravimus.
1423 3024 1574 3090 Quod
1606 3025 1650 3079 si
1682 3023 1874 3079 Hiero-

293 3118 447 3191 nymi
479 3116 912 3193 interpretationi
963 3118 1335 3186 adhaereamus
1360 3158 1376 3183 ,
1410 3132 1517 3171 non
1548 3125 1655 3170 tam
1690 3129 1873 3185 aperta

292 3211 400 3264 erit
422 3210 711 3274 sententia,
746 3218 804 3263 ut
851 3208 975 3262 inde
1018 3208 1281 3277 consequi
1316 3208 1506 3263 demus
1554 3209 1606 3262 id
1641 3209 1872 3264 voluisse

292 3304 403 3358 sibi
457 3302 783 3373 Origenem,
841 3300 1118 3355 Christum
1152 3316 1250 3368 pro
1299 3301 1636 3357 daemonibus
1677 3302 1872 3357 iterum

295 3406 531 3453 mortem
572 3396 962 3465 appetitnrum.
1022 3397 1310 3451 Maximam
1347 3404 1604 3464 praterea
1641 3404 1695 3450 et
1739 3410 1875 3463 pra:-

294 3489 511 3560 cipnam
565 3488 834 3558 dogmatis
888 3488 1050 3558 hujus
1106 3498 1334 3557 partem,
1394 3501 1513 3555 qua:
1554 3501 1653 3554 pro
1702 3486 1876 3540 salute

295 3585 602 3639 daemonum
623 3582 923 3636 daemonem
953 3582 1192 3635 l'uturum
1222 3579 1496 3635 Christum
1527 3580 1736 3643 statuit,
1772 3580 1875 3631 mi-

300 3677 449 3731 nime
475 3677 528 3730 in
564 3674 818 3743 Origenis
851 3682 1067 3728 exstare
1100 3672 1253 3727 libris
1283 3672 1487 3726 fatetur
1516 3669 1878 3739 Hieronymus

297 3771 462 3840 epist.
487 3768 549 3822 6i
582 3768 647 3821 ad
673 3768 851 3832 Avit.,
881 3781 1001 3835 cap.
1030 3766 1086 3832 Α,
1123 3765 1216 3819 sed
1253 3780 1317 3819 ex
1351 3764 1467 3834 ejus
1500 3771 1702 3817 tantum
1753 3778 1878 3832 pro-

298 3861 565 3917 nuntiatis
593 3858 896 3914 nccessario
924 3857 1189 3926 proﬂuere
1211 3856 1512 3910 arbitratus
1548 3863 1665 3922 est;
1695 3855 1876 3909 itidem

297 3964 360 4009 ut
406 3952 812 4007 Alexandrinus
865 3949 954 4004 ille
999 3946 1366 4015 Theophilus,
1422 3944 1877 4015 quemadmodum

301 4045 438 4111 dixi,
469 4059 591 4098 cum
623 4057 812 4097 eorum
851 4038 1233 4095 accusationes
1278 4050 1640 4091 recenserem.
1677 4033 1881 4089 Genui-

299 4153 427 4193 nam
485 4151 616 4206 ergo
662 4135 728 4188 de
788 4142 961 4187 morte
1020 4129 1227 4186 Christi
1281 4128 1579 4184 doctrinam
1630 4123 1880 4194 Origenis

301 4231 445 4286 hanc
464 4227 627 4282 fuisse
668 4241 897 4282 censeo:
926 4222 1093 4279 semel
1116 4221 1339 4276 omnino
1358 4219 1632 4275 Christum
1661 4218 1880 4280 obiisse,

304 4327 358 4380 in
389 4323 551 4378 terris
584 4321 862 4385 nimirum,
914 4333 1038 4372 cum
1075 4333 1104 4371 a
1141 4314 1332 4371 Pontio
1371 4313 1544 4368 Pilato
1578 4312 1739 4365 morti
1786 4311 1881 4365 ad-

301 4419 488 4474 dictus
525 4427 610 4472 est
646 4434 660 4470 :
699 4424 987 4485 postquam
1018 4420 1195 4465 autem
1234 4416 1462 4462 cruento
1487 4407 1597 4461 illic
1622 4414 1883 4460 mactatus

1974 542 2151 598 hostia
2188 542 2369 611 Jesus,
2416 555 2471 600 et
2499 547 2587 602 hic
2632 545 2848 615 quidem
2890 561 2989 615 pro
3025 548 3334 603 hominibus
3369 551 3541 618 ipsam

1972 636 2307 703 corporalem
2349 639 2627 692 materiam
2663 640 2940 709 sanguinis
2969 641 3053 693 sui
3095 642 3265 694 fudit:
3295 642 3346 695 in
3378 644 3541 696 caele.

1972 728 2144 783 stultus
2176 743 2306 783 vero
2330 729 2768 786 ministrantibus
2820 734 2903 801 (si
2940 733 3032 801 qui
3078 733 3151 786 illi
3203 733 3333 788 inihi
3377 733 3541 803 sunt)

1972 819 2376 885 sacerdotibus,
2406 823 2625 877 vitalem
2660 825 2903 893 corporis
2941 825 3022 879 sui
3059 825 3358 891 virtutem,
3396 826 3544 879 velut

1970 910 2252 985 Corporale
2289 914 2560 980 quoddam
2590 915 2941 982 sacriﬁcium,
2976 916 3297 971 immolavit.
3326 935 3346 967 ι
3380 918 3540 971 Addit

1970 1001 2164 1058 deimle
2206 1004 2473 1074 duplicem
2508 1006 2559 1060 in
2595 1022 2660 1061 eo
2693 1006 2862 1062 fuisse
2907 1010 3177 1074 hostiam,
3226 1026 3385 1064 ouant
3434 1021 3543 1064 ter-

1970 1094 2237 1150 restribus
2286 1098 2722 1163 convenientem,
2757 1099 2917 1153 aliam
2962 1110 3143 1169 aptam
3188 1100 3538 1166 ctnlestihns;

1968 1196 2170 1241 etcum
2214 1188 2412 1256 duplici
2460 1189 2552 1244 illo
2603 1190 2902 1255 ve!amine,
2961 1194 3103 1261 quod
3154 1204 3544 1248 commemorat

1969 1276 2165 1331 Paulus
2193 1278 2245 1332 in
2291 1280 2529 1348 Epistola
2559 1283 2625 1335 ad
2660 1281 2918 1338 Hebraeos
2950 1284 3019 1349 ⁸³,
3048 1300 3176 1339 caro
3208 1284 3434 1349 Christi,
3488 1294 3543 1339 et

1971 1369 2168 1425 caelum
2196 1373 2339 1440 quod
2375 1373 2489 1442 ipse
2531 1374 2862 1442 penetravit,
2897 1375 3301 1445 signiﬁcentur,
3346 1376 3539 1445 duplcs

1970 1463 2198 1531 proinde
2247 1464 2654 1535 intelligendum
2706 1479 2828 1520 esse
2885 1467 3212 1522 sacriﬁcium
3258 1483 3354 1536 per
3397 1472 3539 1536 quod

1972 1556 2324 1611 terrestribus
2346 1566 2400 1610 et
2428 1557 2741 1615 cmlestibus
2774 1559 3000 1613 salutem
3035 1561 3382 1629 compararit.
3420 1559 3542 1614 Haec

1972 1657 2175 1702 attente
2206 1661 2488 1719 perSpccta
2511 1652 2899 1718 expositionem
2924 1666 3047 1719 quae
3068 1653 3133 1705 ad
3167 1667 3317 1704 oram
3335 1652 3542 1720 adjecta

1972 1748 2082 1805 est,
2120 1739 2407 1794 ntanil‘esm
2439 1750 2722 1809 respuent,
2758 1757 2861 1811 qua
2897 1744 3119 1797 cteleste
3151 1742 3278 1795 illud
3334 1744 3543 1797 sacriﬁ-

1973 1832 2114 1885 cium
2148 1830 2545 1885 Eucharistiam
2576 1846 2720 1894 esse,
2782 1841 3039 1886 terrestre
3088 1848 3217 1887 vero
3262 1833 3540 1887 toleratam

1975 1921 2028 1976 in
2059 1937 2225 1978 cruce
2257 1933 2481 1977 mortem
2518 1926 2799 1978 asscritur.
2835 1924 3101 1977 Praeterea
3149 1940 3252 1977 non
3289 1940 3386 1992 pro
3413 1940 3537 1993 pec-

1973 2023 2116 2077 cato,
2160 2014 2253 2067 sed
2282 2027 2380 2081 pro
2451 2026 2673 2066 munere
2701 2012 2937 2066 oblatum
2991 2013 3042 2067 in
3098 2014 3235 2067 coelo
3268 2013 3542 2068 Chrismm

1973 2105 2284 2173 pronuntiat
2319 2105 2464 2159 hom.
2513 2119 2549 2159 ll
2582 2105 2637 2157 in
2668 2102 2856 2171 Levit.,
2889 2119 3036 2157 num.
3063 2104 3096 2156 5
3130 2123 3143 2158 :
3180 2124 3198 2155 ι
3229 2105 3361 2159 Vide
3391 2121 3542 2173 ergo.

1976 2197 2170 2265 inquit,
2198 2212 2263 2250 ne
2296 2196 2437 2251 forte
2474 2194 2655 2256 Iesus.
2690 2211 2852 2264 quem
2891 2195 3089 2249 Paulus
3120 2196 3166 2226 ⁸³
3193 2195 3324 2248 dicit
3357 2194 3544 2264 paciﬁ-

1973 2303 2127 2342 casse
2153 2304 2248 2355 per
2277 2289 2595 2357 sanguinem
2633 2302 2790 2341 suum
2820 2302 2924 2341 non
2951 2287 3126 2341 solum
3144 2303 3262 2356 quae
3282 2286 3332 2340 in
3364 2288 3543 2348 terris,

1973 2383 2066 2449 sed
2093 2390 2147 2434 et
2181 2396 2301 2449 qua:
2335 2381 2386 2434 in
2415 2380 2573 2449 caelis
2607 2388 2755 2443 sunt,
2794 2380 2934 2433 idem
2970 2380 3082 2449 ipse
3112 2381 3181 2434 sit
3209 2379 3429 2446 vitulus,
3453 2382 3545 2450 qui

1974 2474 2027 2529 in
2068 2474 2220 2529 caelis
2254 2473 2470 2541 quidem
2504 2486 2611 2525 non
2640 2486 2735 2540 pro
2766 2480 3021 2539 peccato,
3068 2472 3159 2524 sed
3197 2485 3296 2537 pro
3326 2484 3550 2524 munere

1972 2564 2187 2617 oblatus
2217 2571 2301 2617 est
2329 2580 2343 2617 :
2376 2562 2432 2615 in
2471 2561 2632 2616 terris
2659 2569 2837 2615 autem
2860 2599 2875 2625 ,
2916 2560 3005 2612 ubi
3056 2559 3126 2613 ab
3171 2559 3343 2613 Adam
3378 2573 3552 2628 usque

1973 2656 2039 2710 ad
2075 2654 2309 2725 Moysem
2359 2655 2605 2723 regnavit
2636 2663 2918 2723 peccatqu
2968 2650 3036 2717 ⁸⁵,
3092 2651 3305 2706 oblatus
3337 2652 3411 2705 sit
3454 2667 3551 2718 pro

1975 2756 2199 2816 peccato
2228 2763 2242 2800 :
2275 2753 2329 2799 et
2358 2745 2460 2798 hoc
2505 2752 2589 2797 est
2635 2758 2855 2813 passum
2914 2756 3036 2797 esse
3079 2752 3233 2807 extra
3289 2750 3493 2800 castra.
3526 2760 3545 2792 ι

1974 2838 2252 2905 Quomodo
2282 2847 2460 2890 autem
2487 2836 2778 2905 unicuique
2805 2836 2857 2889 in
2887 2850 2983 2889 sua
3017 2834 3191 2888 l'orma
3217 2833 3549 2902 apparuerit,

1975 2931 2196 2999 exponit
2227 2930 2343 2996 ipse
2372 2939 2501 2984 tom.
2541 2944 2557 2982 ι
2586 2929 2640 2981 in
2663 2925 2853 2992 Joan.,
2888 2942 3037 2981 num.
3067 2926 3160 2989 54,
3194 2934 3249 2979 et
3278 2924 3551 2979 hominem

1975 3022 2283 3078 hominibus
2323 3021 2522 3076 factum
2568 3034 2692 3075 esse
2723 3021 2899 3083 docet,
2934 3021 3149 3088 quando
3186 3036 3205 3069 ι
3237 3015 3552 3071 manifesta-

1980 3122 2065 3167 tus
2090 3120 2176 3167 est
2211 3111 2265 3166 in
2293 3126 2493 3175 carne;
2519 3109 2566 3140 "
2591 3128 2610 3161 ι
2654 3107 2915 3178 Angelum
2937 3107 3143 3175 angelis
3163 3145 3179 3169 ,
3204 3106 3422 3176 quando
3452 3119 3551 3174 pa-

1979 3201 2230 3256 triarchis
2252 3212 2306 3256 et
2335 3200 2614 3270 prophetis
2641 3200 2789 3253 visus
2821 3207 2925 3262 est,
2958 3197 3128 3269 Moysi
3161 3208 3287 3267 puta
3321 3197 3375 3251 in
3395 3196 3548 3256 rubo;

1977 3292 2165 3348 inferis
2194 3302 2403 3358 autem,
2448 3290 2667 3361 quando
2721 3307 2739 3337 ι
2771 3286 2971 3342 Factus
3016 3297 3099 3342 est
3141 3287 3283 3341 inter
3312 3295 3555 3339 mortuos

1976 3386 2115 3440 lber
2149 3385 2252 3438 ⁸⁸.»
2305 3382 2635 3437 Praedicasse
2685 3394 2897 3449 quoque
2925 3377 3133 3448 angelis
3173 3375 3553 3445 Evangelium,

1977 3477 2080 3531 dici
2112 3485 2307 3547 potest,
2340 3474 2557 3543 quando
2586 3472 2778 3526 futura:
2810 3470 3203 3525 lncarnationis
3235 3468 3551 3538 mysterium

1979 3568 2107 3638 ipsis
2160 3567 2407 3636 aperuit;
2476 3563 2847 3620 subterraneis
2892 3576 3042 3625 vero,
3075 3560 3289 3629 quando
3336 3557 3557 3611 «Pene-

1981 3661 2143 3716 travit
2181 3673 2370 3714 omnes
2434 3655 2720 3711 inferiores
2748 3664 2932 3722 partes
2981 3662 3161 3715 terrae,
3218 3657 3275 3703 et
3324 3647 3560 3718 inspexit

1979 3769 2168 3810 omnes
2208 3750 2563 3812 dormientes,
2597 3757 2653 3801 et
2692 3743 3019 3800 illuminavit
3061 3756 3250 3800 onmes
3278 3750 3561 3811 sperantes

1982 3847 2034 3901 in
2082 3844 2306 3899 Domino
2350 3842 2482 3908 ⁸⁷;›
2556 3840 2771 3911 quando
2834 3855 2855 3890 ι
2924 3834 3285 3892 mortiﬁcatus
3339 3831 3558 3901 quidem

1981 3953 2162 4004 carne,
2204 3936 2504 3990 viviﬁcatus
2534 3942 2714 3987 autem
2741 3930 2961 3998 spiritu,
3018 3928 3072 3982 in
3123 3942 3188 3981 eo
3239 3926 3325 3979 his
3359 3924 3451 3994 qui
3504 3924 3559 3979 in

1983 4044 2203 4084 carcere
2246 4036 2406 4083 erant
2466 4025 2744 4095 spiritibus
2790 4021 3014 4076 veniens
3073 4018 3406 4090 praedicavit,
3465 4017 3557 4085 qui

1985 4121 2247 4177 increduli
2288 4117 2860 4187 l'nerantaliquando,
2895 4115 3114 4184 quando
3159 4114 3555 4180 exspectabant

1988 4214 2078 4268 Dei
2112 4211 2427 4281 patientiam
2455 4210 2509 4263 in
2541 4209 2730 4264 diebus
2760 4205 2872 4261 Noe
2902 4206 2986 4270 ⁸⁸;
3018 4224 3037 4257 ›
3091 4204 3306 4273 quando
3361 4220 3379 4252 ι
3412 4216 3561 4254 mor-

1987 4308 2093 4362 tuis
2118 4302 2546 4374 evangelizatum
2578 4311 2682 4370 est,
2708 4311 2766 4354 ut
2793 4300 3105 4370 iudicentur
3131 4295 3347 4364 quidem
3369 4308 3562 4347 secun-

1988 4401 2113 4454 dum
2153 4398 2399 4453 homines
2447 4394 2500 4447 in
2552 4408 2740 4456 carne,
2798 4393 2982 4446 vivant
3035 4396 3213 4442 autem
3265 4384 3559 4440 secundum

302 4509 578 4565 sacriﬁcio
610 4475 890 4563 hominum
928 4515 1149 4576 peccata
1180 4503 1354 4565 eluit,
1388 4499 1615 4570 apiritali
1648 4497 1876 4567 quodam
1915 4497 1962 4555 D
1992 4493 2157 4546 Deum
2190 4490 2241 4543 in
2279 4489 2471 4558 spiritu
2493 4487 2560 4539 ⁸⁸.
2593 4503 2612 4539 ι
2652 4483 2748 4538 Vel
2777 4493 2902 4535 tunc
2933 4482 3096 4537 etiam
3123 4477 3331 4549 angelis
3359 4475 3562 4530 doctri—

303 4602 575 4659 sacriﬁcio
604 4599 929 4663 ctelcstium,
965 4596 1305 4665 aliarumque
1332 4607 1507 4647 rerum
1529 4630 1545 4655 ,
1576 4604 1695 4659 quae
1724 4587 1886 4641 ratio-

305 4695 391 4749 nis
415 4700 693 4762 compotes
731 4698 947 4755 essent,
974 4701 1145 4742 noxas
1176 4684 1522 4739 abstersisse.
1565 4698 1584 4733 ι
1615 4677 1726 4734 Nisi
1758 4678 1882 4747 quia

304 4787 469 4849 forte,
503 4803 522 4837 ι
583 4783 760 4852 inquit
810 4784 956 4836 hom.
994 4780 1107 4833 lin
1153 4776 1342 4841 Levit.,
1394 4790 1542 4827 num.
1606 4772 1664 4834 '5,
1721 4789 1739 4820 ι
1783 4770 1882 4823 hoc

304 4878 535 4947 intelligi
567 4875 739 4929 voluit
779 4871 1036 4945 (Moyses)
1069 4870 1210 4938 quod
1231 4867 1453 4937 sanguis
1482 4862 1610 4919 Jesu
1645 4864 1696 4917 in
1724 4860 1884 4917 Jeru-

302 4970 472 5026 salem
501 4966 706 5021 eﬁ‘usus
731 4974 833 5028 est,
861 4965 948 5017 ubi
975 4970 1093 5015 erat
1126 4960 1320 5021 altare,
1364 4966 1419 5012 et
1458 4956 1601 5010 basis
1647 4954 1762 5023 ejus
1784 4993 1798 5018 ,
1829 4959 1885 5006 et

307 5059 719 5118 tabernaculum
767 5054 1104 5120 testimonii;
1153 5053 1247 5105 sed
1296 5060 1348 5105 et
1394 5050 1537 5119 quod
1590 5060 1882 5116 supernmn

310 5158 486 5211 altare
511 5152 657 5223 quod
687 5150 845 5205 estin
873 5148 1047 5214 cmlis,
1101 5145 1192 5199 ubi
1237 5154 1291 5197 et
1324 5140 1563 5197 Ecclesia
1592 5139 1888 5210 primitivo-

308 5264 430 5304 rum
454 5257 558 5310 est,
590 5246 729 5300 idem
758 5244 875 5312 ipse
905 5244 1127 5309 sanguis
1156 5236 1474 5308 asperserit,
1506 5233 1646 5289 sicut
1676 5242 1732 5286 et
1748 5230 1890 5299 Apo-

309 5341 483 5399 stolus
511 5338 686 5393 dicit:
722 5335 861 5401 Quia
891 5331 1185 5402 paciﬁcavit
1226 5344 1317 5388 per
1358 5325 1666 5395 sanguinem
1711 5322 1885 5375 crucis

314 5449 442 5498 tute,
480 5433 588 5487 sive
627 5444 743 5502 qua:
778 5429 830 5481 iu
861 5436 1001 5479 terra
1028 5431 1169 5485 sunt,
1216 5421 1319 5474 sive
1362 5434 1479 5488 quae
1523 5417 1579 5469 in
1628 5414 1775 5469 caelis
1813 5414 1881 5467 ει.

316 5522 486 5584 Recte
518 5536 649 5590 ergo
680 5516 922 5573 secundo
978 5511 1221 5566 nominat
1281 5514 1490 5572 altare,
1532 5507 1674 5576 quod
1706 5514 1789 5560 est
1819 5504 1885 5558 ad

302 5616 516 5670 ostium
557 5605 887 5665 tabernaculi
924 5599 1241 5666 testimonii,
1285 5598 1410 5669 quia
1443 5612 1551 5651 non
1583 5594 1755 5650 solum
1787 5607 1885 5663 pro

384 5730 667 5786 ιιοοιιιεε.
724 5741 763 5789 ι,
804 5722 894 5777 20.
1008 5720 1051 5752 ⁸⁸
1094 5716 1260 5789 Capp.
1315 5731 1393 5779 vi,
1446 5713 1554 5789 (ἦρ-ς
1605 5711 1791 5789 xl

318 5806 363 5840 ⁸⁸
388 5803 527 5860 Psal.
557 5786 797 5863 Lxxxvtt,
822 5795 874 5861 5,
901 5791 953 5848 6.
1030 5789 1072 5823 ⁸⁷
1101 5788 1262 5843 Eccli.
1289 5802 1433 5853 XXIV,
1464 5786 1552 5840 i3.

1868 5710 1915 5743 ⁸³
1953 5709 2157 5765 Coloss.
2220 5723 2258 5768 ι,
2308 5706 2397 5760 ‘20.
2472 5704 2520 5735 ⁸⁵
2556 5704 2711 5756 Rom.
2750 5717 2805 5763 ν,
2850 5699 2937 5759 Η.

1627 5783 1705 5837 “‘l
1731 5785 1872 5838 l’etr.
1909 5797 1987 5849 ιιι,
2028 5779 2223 5835 ιδηελυ.

1984 4598 2109 4636 nam
2147 4595 2298 4634 suam
2338 4578 2670 4649 praedicasse
2693 4575 2949 4629 dicendus
2973 4580 3089 4637 est,
3134 4585 3257 4624 cum
3287 4568 3353 4623 ad
3389 4566 3565 4622 homi-

1983 4690 2078 4728 nes
2104 4675 2267 4727 verha
2311 4671 2551 4734 faciens,
2604 4676 2897 4736 praesentes
2954 4679 3170 4731 quoque
3223 4660 3441 4729 angelos
3481 4667 3564 4712 est

1979 4766 2263 4821 allocutus.
2324 4763 2377 4817 ld
2429 4760 2609 4816 innuit
2651 4757 2911 4826 Origenes
2942 4756 3125 4811 homil.
3189 4754 3336 4808 23in
3377 4750 3506 4803 Luc.
3541 4762 3561 4800 :

1986 4876 2005 4910 ι
2037 4857 2199 4910 Docet
2232 4856 2395 4925 igitur
2427 4852 2679 4907 Salvator
2714 4859 2922 4915 noster,
2972 4858 3025 4903 et
3062 4847 3299 4916 Spiritus
3326 4852 3549 4898 sanctus

1980 4950 2070 5019 qui
2106 4950 2315 5001 locutus
2343 4954 2426 5000 est
2473 4944 2533 5013 in,
2576 4941 2886 5012 prophetis,
2935 4957 3038 4995 non
3076 4941 3245 4994 solum
3287 4936 3560 4998 homines,

1982 5041 2076 5095 sed
2137 5039 2299 5092 etiam
2354 5034 2598 5105 angelos,
2659 5044 2713 5086 et
2777 5035 3009 5086 virtutes
3056 5028 3442 5093 invisibiles“
3511 5035 3566 5079 et

1982 5132 2224 5186 deinde:
2270 5147 2290 5180 ι
2329 5126 2489 5181 Venit
2535 5126 2679 5181 enim
2736 5140 2845 5179 non
2902 5122 3144 5177 Joannes
3184 5129 3239 5174 et
3291 5119 3567 5188 propheta:

1987 5231 2218 5287 tantum,
2251 5220 2343 5274 sed
2377 5218 2542 5273 etiam
2577 5217 2691 5286 ipse
2721 5215 2972 5270 Salvator
2994 5254 3009 5278 ,
3048 5222 3104 5268 et
3134 5212 3445 5268 hominibus
3470 5249 3485 5273 ,
3514 5219 3565 5263 et

1993 5314 2217 5384 angelis,
2245 5321 2299 5367 et
2319 5309 2612 5365 virtutibus
2640 5307 2850 5363 caeteris
2878 5306 3170 5361 salutarem
3194 5302 3567 5373 pcenitentiam

1994 5406 2313 5477 praedicare,
2354 5413 2412 5457 ut
2444 5402 2498 5456 in
2522 5400 2743 5455 nomine
2769 5396 2892 5453 Jesu
2934 5411 3095 5451 omne
3120 5411 3258 5466 genu
3289 5394 3566 5456 ﬂectatur,

1993 5498 2321 5563 caelestium,
2360 5496 2695 5551 terrestrium
2732 5502 2786 5548 et
2821 5491 3154 5546 inl'ernorum
3185 5489 3251 5545 °°.
3280 5507 3298 5542 ι
3335 5487 3571 5557 Angelos

1993 5592 2193 5663 quippe
2217 5588 2456 5661 peccatis
2507 5585 2770 5641 obnoxios
2797 5598 2919 5639 esse
2949 5582 3201 5647 censuit,
3237 5590 3297 5634 ut
3325 5579 3573 5635 dicemus

3010 5698 3056 5730 ⁸³
3111 5695 3129 5749 l
3180 5695 3322 5751 Tim.
3362 5710 3446 5759 ιιι,
3486 5694 3572 5749 16.

2299 5776 2344 5810 ⁸³
2387 5776 2428 5831 ιι
2474 5775 2618 5831 Petr.
2655 5787 2730 5842 tv,
2752 5771 2805 5827 6.
2882 5772 2926 5805 ⁹⁰
2954 5769 3191 5842 Philipp.
3228 5784 3293 5837 ιι,
3340 5768 3427 5822 No
