4054 6310
506 338 613 397 831

1782 336 1844 392 P.
1886 333 2203 390 DANIELIS
2235 333 2468 393 HUETII
2951 360 2975 382 .

3667 332 3780 387 853

513 460 678 515 infra.
709 455 821 513 Nec
843 456 1126 512 Christum
1155 456 1440 523 duntaxat,
1467 458 1559 511 sed
1593 466 1648 509 et
1677 458 1997 526 prephetas,
2034 466 2090 510 et
2124 458 2161 513 Α
2189 464 2243 510 et
2297 454 2505 523 angelis
2563 450 2701 521 ejus,
2770 464 3045 519 nunquam
3088 458 3264 503 tamen
3322 447 3427 503 illis
3485 448 3783 504 restitutio

512 553 803 624 apostolos,
832 552 1267 623 quotiescunque
1310 551 1378 604 ad
1413 551 1663 605 homines
1684 552 1988 607 oralionem
2026 553 2091 608 de

512 646 711 701 divinis
742 646 902 699 rebus
924 643 1249 705 habuerunt,
1271 642 1336 695 ad
1363 642 1582 710 angelos
1600 659 1813 713 quoque
1836 645 2091 700 habuisse

510 740 699 794 eadem
726 735 945 791 lmmilia
975 735 1301 789 declaravit.
1339 734 1414 788 lta
1466 745 1646 789 autem
1675 747 1729 791 et
1759 737 1965 805 angelis
1990 776 2007 802 ,
2038 749 2091 791 et

513 829 924 891 subterraneis,
975 837 1031 881 et
1081 827 1395 882 hominibus
1450 828 1725 883 Christum
1780 829 2093 898 apparuisse

512 920 741 987 putavit,
788 927 849 971 ut
897 919 1072 973 unica:
1116 933 1226 973 sua:
1252 921 1440 974 mortis
1494 920 1809 988 incorpore
1857 921 2092 975 humano

514 1011 753 1066 toleratio
783 1011 1102 1066 beneficium
1133 1012 1198 1065 iis
1227 1012 1540 1080 applicaret,
1569 1029 1673 1066 non
1714 1023 1773 1065 ut
1796 1013 2092 1082 assumptis

513 1103 725 1158 illorum
756 1103 940 1158 formis
961 1120 1127 1159 novas
1151 1115 1355 1159 mortes
1380 1105 1692 1161 sustineret.
1724 1106 1880 1172 Quod
1909 1115 2088 1159 autem

510 1195 710 1250 alicubi
765 1198 969 1250 sentire
1026 1196 1264 1260 videtur,
1308 1196 1587 1251 Christum
1632 1214 1735 1251 non
1786 1213 1884 1267 pro
1925 1199 2089 1253 rebus

513 1289 674 1343 modo
731 1290 946 1344 ratione
977 1290 1219 1359 praeditis
1258 1290 1461 1344 obiisse
1506 1300 1734 1344 mortem
1762 1329 1777 1353 ,
1843 1291 1938 1345 sed
1993 1306 2091 1360 pro

512 1384 717 1435 creatis
755 1382 915 1434 etiam
947 1381 1365 1450 quibuscunque
1392 1381 1550 1437 facile
1578 1382 1969 1450 explicabimus
1992 1424 2008 1449 ,
2046 1383 2088 1438 si

518 1472 928 1525 meminerimus
985 1471 1245 1543 refragari
1293 1472 1343 1525 id
1377 1472 1637 1527 doctrinm
1670 1472 1841 1541 ipsius
1868 1484 2092 1528 contexo

516 1562 593 1616 tui
626 1571 683 1615 et
711 1562 967 1630 sequelae,
1004 1578 1128 1615 nam
1161 1562 1388 1616 rationis
1430 1561 1655 1631 capacia
1682 1563 1862 1615 omnia
1898 1576 2089 1632 perpe-

517 1664 668 1708 tuum
723 1652 926 1708 habere
984 1652 1250 1708 libertatis
1280 1669 1435 1707 usum
1492 1655 1742 1721 opinatus
1802 1664 1924 1720 est;
1973 1668 2093 1722 quin

514 1745 690 1801 libera
739 1755 948 1808 autem,
1009 1761 1072 1799 ea
1115 1746 1352 1815 peccatis
1406 1745 1673 1809 obnoxia;
1714 1760 1833 1814 qua:
1880 1746 2087 1815 peccati

518 1854 638 1903 rea,
669 1854 731 1893 ea
768 1839 1094 1908 purgatione
1134 1852 1326 1908 egere;
1374 1839 1746 1907 purgationem
1788 1853 1917 1893 vero
1958 1854 2090 1892 con-

521 1931 668 1984 ferre
696 1931 863 1983 solam
893 1929 1096 1983 Christi
1131 1938 1359 1983 mortem
1394 1929 1654 1997 potuisse.
1702 1928 1769 1982 At
1799 1943 1886 1983 res
1920 1930 2090 1983 ratio-

518 2025 604 2078 nis
631 2035 883 2093 expertes
910 2024 1157 2077 libertate
1198 2037 1387 2077 carere
1414 2064 1428 2088 ,
1464 2036 1528 2075 ae
1557 2022 1783 2091 proinde
1833 2036 1936 2074 non
1968 2035 2093 2090 pec.

516 2133 644 2172 care
677 2119 907 2179 censuit,
950 2132 1047 2170 nec
1080 2116 1321 2185 indigere
1368 2118 1689 2185 purgatione
1716 2153 1730 2177 ,
1780 2124 2094 2183 propterea-

518 2224 626 2278 qne
671 2210 863 2262 mortis
892 2208 1095 2263 Christi
1148 2208 1384 2260 frttctum
1421 2206 1737 2275 neutiquam
1790 2206 2090 2272 percipere.

517 2297 622 2352 Per
676 2297 852 2350 κτίσιν
914 2298 1098 2365 igitur,
1174 2297 1385 2350 ratione
1438 2296 1661 2365 praedita
1721 2296 1811 2349 Dei
1879 2296 2091 2364 opificia

520 2391 859 2461 signiﬁcasse
887 2391 1063 2461 ipsum
1090 2389 1380 2444 dicendum
1417 2396 1519 2451 est,
1545 2388 1722 2458 posito
1759 2403 1957 2457 genere
1996 2403 2093 2457 pro

517 2483 718 2550 specie.

588 2572 758 2629 XXV.
786 2572 948 2627 Pater
975 2572 1159 2640 itaque
1186 2586 1250 2625 ex
1280 2570 1465 2639 priore
1492 2570 1594 2623 hoc
1638 2570 1893 2641 figmento
1918 2610 1934 2635 ,
1984 2586 2092 2640 quo

517 2677 835 2733 perpetuum
883 2663 1149 2718 libertatis
1188 2677 1344 2716 usum
1394 2662 1555 2717 rebus
1584 2663 1839 2716 omnibus
1882 2662 2092 2716 ratione

519 2757 760 2825 praeditis
790 2756 1060 2823 ascripsit,
1092 2770 1158 2809 eo
1197 2754 1362 2810 fuisse
1416 2755 1722 2824 perpulsum
1779 2753 2089 2824 Origencn,

520 2859 580 2901 ut
625 2849 1067 2903 reconciliatione
1136 2863 1274 2917 opus
1346 2847 1452 2904 illis
1508 2862 1629 2902 esse
1676 2858 1926 2917 putaret;
1989 2850 2092 2903 hoc

520 2947 698 2992 autem
727 2940 861 3007 ipsis
894 2938 1220 2993 beneﬁcium
1250 2948 1480 2993 mortem
1524 2939 1725 2993 Christi
1773 2940 2089 2996 contulisse.

522 3029 722 3082 Eodem
770 3029 943 3096 ipsum
991 3030 1333 3082 adduxerunt
1374 3029 1479 3082 duo
1516 3027 1664 3082 Pauli
1703 3028 1829 3093 loci,
1867 3029 2005 3083 alter
2024 3044 2091 3084 ex

2195 546 2521 615 repromissa
2554 554 2657 598 est.
2687 542 2902 597 Nullum
2938 543 3252 596 mandatum
3293 541 3359 594 de
3392 541 3571 595 salute
3600 556 3779 610 ange-

2193 639 2362 693 lorum
2389 638 2628 707 suscepit
2655 636 2901 691 Christus
2932 648 2962 687 a
3002 632 3187 688 Patre.
3213 632 3365 700 Quod
3394 632 3558 687 Pater
3595 647 3785 702 neque.

2196 730 2524 798 repromisit,
2551 744 2725 798 neque
2754 725 3060 787 mandavit,
3098 723 3345 779 Christus
3372 722 3785 779 administrare

2195 839 2298 877 non
2352 823 2546 887 potuit.
2572 838 2592 874 ι
2644 821 2795 875 llanc
2829 827 3009 872 autem
3057 817 3308 884 Origenis
3346 816 3689 871 sententiam
3726 816 3782 869 iu

2194 915 2617 974 Commentarios
2653 930 2778 969 suos
2825 915 2882 967 in
2914 913 3089 980 Epist.
3146 913 3213 965 ad
3257 909 3448 977 Epltes.
3487 908 3789 963 transtulit

2194 1009 2574 1077 Hieronymus,
2621 1007 2774 1075 cujus
2807 1006 2921 1060 haec
2959 1006 3121 1059 verba
3163 1012 3288 1058 sunt
3329 1002 3421 1056 lib.
3464 1018 3503 1065 ι,
3548 1003 3610 1055 in
3656 1016 3781 1069 cap.

2194 1118 2235 1166 ι,
2275 1114 2419 1155 vers.
2462 1098 2535 1152 22
2573 1117 2588 1153 :
2628 1116 2645 1149 ι
2677 1098 2787 1153 Cur
2827 1106 3007 1151 autem
3047 1096 3270 1161 omnia,
3317 1095 3369 1148 id
3414 1104 3494 1148 est
3563 1092 3781 1161 angeli,

2193 1192 2401 1260 throni,
2442 1190 2867 1252 dominationes,
2918 1196 3217 1257 potestates
3278 1196 3335 1240 et
3378 1186 3624 1239 virtutes
3679 1198 3788 1237 ca:-

2195 1299 2346 1349 terar,
2387 1300 2509 1355 quae
2544 1297 2817 1353 nunquam
2857 1281 3081 1337 fuerunt
3122 1278 3411 1335 contraria:
3451 1279 3599 1338 Deo,
3663 1277 3789 1345 ejus

2192 1379 2419 1449 pedibus
2480 1377 2863 1448 subjiciantur,
2927 1374 3146 1429 videtur
3193 1374 3509 1428 obscurum.
3588 1369 3788 1425 Potest

2192 1474 2375 1542 itaque
2421 1471 2739 1542 responderi
2790 1468 2933 1538 quod
2978 1469 3181 1536 absque
3210 1476 3434 1536 peccato
3473 1465 3665 1519 nullus
3689 1466 3786 1528 sit,

2192 1575 2247 1619 et
2268 1565 2448 1618 sidera
2475 1565 2589 1632 ipsa
2614 1577 2718 1617 non
2737 1562 2847 1616 sint
2882 1561 3081 1614 munda
3111 1574 3295 1615 coram
3321 1559 3452 1622 Deo,
3478 1559 3786 1627 omnisque

2194 1666 2445 1712 creatura
2478 1663 2673 1725 paveat
2710 1653 2989 1708 Creatoris
3018 1654 3328 1706 adventum.
3362 1649 3516 1705 Unde
3546 1659 3610 1704 et
3646 1664 3785 1704 crux

2194 1746 2497 1802 Salvatoris
2527 1760 2630 1799 non
2661 1744 2833 1799 solum
2856 1759 2917 1798 ea
2938 1758 3057 1812 quo:
3087 1742 3140 1796 in
3183 1753 3350 1802 terra,
3388 1741 3482 1795 sed
3511 1740 3689 1793 etiam
3720 1750 3784 1794 ett

2193 1854 2313 1907 quae
2355 1838 2408 1891 in
2446 1836 2605 1893 caelis
2641 1847 2827 1900 erant,
2869 1849 3129 1905 purgasse
3171 1834 3521 1903 perhibetur;
3550 1850 3573 1883 ι
3623 1842 3683 1889 et
3727 1834 3785 1886 in

2192 1948 2313 2001 cap.
2353 1946 2413 1995 ιι,
2467 1944 2615 1984 vers.
2680 1929 2746 1983 l4
2781 1946 2798 1986 :
2836 1948 2855 1981 ι
2883 1930 3150 1983 Craterum
3212 1927 3301 1995 qui
3362 1927 3491 1981 illud
3520 1926 3781 1995 Apostoli

2194 2024 2341 2093 legit,
2399 2023 2467 2076 de
2501 2021 2719 2075 Christo
2777 2022 3168 2076 memorautis:
3214 2019 3406 2076 Pacem
3440 2020 3661 2074 faciens
3684 2034 3782 2089 per

2193 2124 2513 2194 sanguinem
2555 2123 2737 2177 crucis
2776 2135 2889 2176 suae
2928 2121 3013 2174 his
3052 2134 3171 2189 qua:
3218 2120 3270 2173 iu
3310 2128 3456 2174 terra
3488 2127 3698 2181 erant,
3727 2126 3782 2173 et

2193 2219 2277 2273 his
2302 2233 2421 2288 qua:
2448 2218 2500 2270 in
2538 2216 2691 2270 caelis
2722 2216 2791 2268 ⁹².
2816 2256 2828 2269 .
2856 2253 2870 2267 .
2891 2254 2905 2268 .
2941 2214 3080 2267 hanc
3140 2222 3307 2267 totam
3352 2212 3776 2283 intelligentiam

2194 2311 2258 2364 ad
2286 2312 2523 2380 angelos,
2548 2311 2881 2377 virtutesque
2913 2307 3180 2373 caelestes,
3211 2318 3265 2362 et
3291 2307 3354 2359 ad
3386 2306 3604 2361 animas
3639 2316 3778 2360 tem-

2193 2400 2401 2470 perabit
2454 2401 2881 2454 humauas....
2932 2407 3095 2465 atque
3148 2398 3218 2450 ita
3272 2397 3385 2450 fieri
3424 2397 3665 2465 putabit,
3719 2405 3777 2448 ut

2192 2511 2322 2551 crux
2351 2494 2557 2548 Domini
2586 2508 2690 2547 non
2718 2491 2890 2544 solum
2909 2499 3087 2555 terrm,
3111 2490 3202 2545 sed
3231 2499 3287 2545 et
3308 2489 3443 2543 caelo
3467 2488 3773 2558 profueriti;

2193 2602 2299 2641 non
2348 2584 2521 2640 solum
2577 2584 2905 2644 hominibus,
2958 2583 3052 2637 sed
3100 2590 3155 2636 et
3208 2581 3436 2651 angelis,
3486 2590 3542 2635 et
3595 2580 3776 2633 omnis

2193 2687 2441 2734 creatura
2476 2676 2690 2731 Domini
2730 2676 2811 2731 sui
2842 2688 3037 2729 cruore
3065 2683 3289 2743 purgata
3316 2673 3422 2739 sit;
3452 2692 3469 2723 ι
3503 2682 3559 2727 et
3598 2671 3700 2726 lib.
3735 2686 3773 2725 ιι

2194 2770 2244 2823 iu
2272 2768 2509 2839 ejusdem
2538 2766 2789 2837 Epistola:
2826 2780 2947 2833 cap.
2981 2780 3038 2818 tu
3060 2804 3076 2830 ,
3105 2779 3245 2820 vers.
3294 2763 3379 2826 l0,
3429 2777 3655 2816 crucem
3698 2761 3773 2815 ait

2191 2861 2415 2925 Christi,
2449 2875 2554 2913 non
2589 2858 2761 2913 solum
2780 2858 2956 2923 nobis,
2985 2858 3077 2912 sed
3105 2865 3158 2910 et
3188 2853 3413 2922 angelis,
3447 2854 3774 2921 cunctisque

2193 2955 2244 3008 in
2272 2955 2411 3008 ecelo
2436 2952 2727 3007 virtutibus
2754 2951 3021 3020 profuisse
3045 2991 3061 3016 ,
3107 2963 3202 3017 per
3240 2964 3359 3003 eam
3394 2950 3596 3017 quippe
3645 2948 3772 3011 illis,

2194 3048 2377 3101 itidem
2414 3055 2471 3098 ut
2500 3045 2677 3113 nobis,
2729 3044 3018 3099 revelatam
3053 3042 3220 3097 fuisse
3272 3041 3625 3111 multiplicem
3682 3040 3770 3095 Dei

521 3118 693 3188 Epist.
726 3121 792 3173 ad
817 3120 1041 3190 Ephes.,
1084 3137 1201 3190 cap.
1232 3136 1271 3185 ι,
1299 3135 1446 3175 vers.
1490 3121 1579 3184 10,
1617 3120 1757 3175 alter
1802 3137 1869 3175 ex
1913 3122 2084 3190 Epist.

2196 3140 2550 3205 Sapientiam;
2575 3147 2629 3191 et
2660 3137 2715 3191 in
2751 3152 2872 3205 cap.
2915 3152 2991 3202 tv,
3018 3151 3162 3190 vers.
3198 3133 3289 3198 {0,
3326 3151 3344 3183 ε
3375 3133 3560 3203 Neque
3600 3133 3771 3196 enim,

520 3214 586 3265 ad
617 3211 851 3278 Coloss.,
871 3227 990 3281 cap.
1027 3229 1074 3278 ι,
1106 3229 1251 3268 vers.
1275 3214 1366 3278 20,
1387 3228 1549 3283 quem
1583 3228 1724 3283 saepe
1754 3212 1909 3269 nobis
1936 3230 2095 3283 ogge-

520 3303 614 3359 rit.
669 3303 821 3357 Hunc
874 3304 1073 3358 rectius
1129 3306 1299 3360 multo
1344 3319 1410 3358 ac
1465 3305 1658 3359 melius
1707 3305 2095 3372 interpretatur

522 3396 709 3451 homil.
751 3397 784 3449 4
819 3396 873 3449 in
917 3395 1103 3461 Levit.,
1140 3414 1291 3453 num.
1323 3397 1383 3451 4.
1436 3416 1457 3448 ι
1496 3397 1603 3451 Sed
1653 3406 1709 3451 et
1763 3406 2092 3460 sanctorum,

524 3490 718 3558 inquit,
767 3491 945 3544 socios
997 3505 1096 3544 nos
1127 3491 1257 3544 dicit
1288 3490 1601 3559 Apostolus,
1640 3505 1739 3545 nec
1777 3490 1995 3544 mirum.
2037 3489 2093 3543 Si

519 3582 663 3633 enim
684 3598 805 3635 cum
830 3582 989 3637 Patre
1016 3593 1068 3638 et
1086 3582 1226 3637 Filio
1252 3583 1452 3638 dicitur
1491 3584 1646 3637 nobis
1668 3596 1791 3638 esse
1836 3584 2095 3647 societas,

522 3679 793 3741 quomodo
834 3693 938 3730 non
985 3688 1039 3732 et
1084 3694 1205 3731 cum
1258 3682 1490 3746 sanctis,
1538 3694 1644 3732 non
1694 3678 1867 3733 solum
1910 3681 2000 3747 qui
2043 3678 2094 3731 in

515 3775 667 3820 terra
686 3778 834 3831 sunt,
859 3770 950 3823 sed
983 3779 1037 3823 et
1075 3771 1163 3838 qui
1190 3772 1240 3823 in
1264 3770 1597 3839 cmlis?quia
1638 3783 1690 3825 et
1718 3770 1969 3825 Christus
2002 3785 2098 3838 per

522 3862 843 3929 sanguinem
884 3877 1039 3915 Sillim
1074 3862 1379 3929 paciﬂcavit
1410 3862 1677 3926 cmlestia,
1707 3872 1759 3916 et
1793 3864 2094 3927 terrestria,

518 3962 584 4002 ut
614 3952 927 4006 coelestibus
965 3963 1181 4008 terrena
1223 3957 1459 4009 sociaret
1500 3955 1567 4007 “.
1594 3974 1613 4007 ο
1651 3954 1779 4021 Quae
1807 3956 1987 4010 verior
2016 3966 2099 4010 est

525 4043 657 4097 dicti
708 4044 868 4111 hujus
939 4045 1222 4113 apostolici
1264 4048 1551 4114 expositio,
1589 4055 1645 4101 et
1702 4064 1861 4116 quam
1917 4059 2099 4103 tuetur

524 4135 858 4204 Augustinus
882 4137 931 4189 in
963 4134 1271 4190 Enchiridio
1303 4140 1368 4193 ad
1393 4139 1810 4210 Lanrent.,cap.
1835 4142 1922 4197 61.
1944 4142 2097 4210 Quod

524 4228 571 4281 si
618 4228 745 4281 olim
798 4242 1014 4296 quoque
1066 4243 1353 4297 passurum
1396 4231 1695 4295 Christum,
1748 4234 1961 4300 reipsa,
2020 4236 2097 4289 uti

510 4319 719 4385 'fertur,
763 4320 1062 4373 autumavit
1094 4320 1379 4390 Origenes,
1412 4322 1725 4390 opinionem
1764 4339 1917 4378 suam
1972 4324 2096 4378 fun-

525 4412 736 4465 daverit
780 4428 945 4482 super
977 4413 1183 4469 dictum
1243 4414 1372 4469 illud
1421 4416 1665 4469 'Avasv
1702 4416 1879 4488 μέλλω
1932 4434 2097 4471 σταυ-

2197 3231 2387 3300 inquit,
2426 3230 2569 3285 scire
2602 3245 2890 3298 possumus
2913 3271 2928 3294 ,
2959 3228 3227 3298 quomodo
3259 3236 3313 3283 et
3335 3228 3571 3297 angelis,
3604 3236 3666 3281 et
3694 3226 3773 3281 bis

2194 3324 2286 3392 qui
2330 3324 2383 3377 in
2436 3322 2648 3377 inferno
2696 3329 2853 3375 erant
2881 3320 3100 3389 sanguis
3146 3319 3347 3373 Christi
3378 3317 3667 3387 profuerit,
3720 3326 3774 3370 et

2197 3426 2377 3470 tamen
2412 3416 2538 3484 quin
2567 3415 2826 3483 profuerit
2858 3414 3069 3468 nescire
3115 3428 3220 3467 non
3239 3426 3545 3479 possumus.
3570 3430 3590 3463 ι
3642 3409 3773 3477 Quae

2196 3510 2338 3579 quod
2372 3509 2577 3577 absque
2625 3507 2997 3561 conl‘utatione
3035 3505 3344 3572 protulisset
3385 3503 3768 3573 Hieronymus,

2196 3619 2223 3653 a
2254 3601 2448 3655 Ruﬁno
2480 3603 2838 3669 reprehensus
2882 3610 2965 3653 est
3025 3599 3119 3654 lib.
3169 3614 3185 3651 t
3232 3597 3504 3660 Invectiv.,
3566 3597 3663 3651 sed
3718 3598 3767 3650 in

2197 3694 2449 3763 Apologia
2477 3693 2821 3748 nihilominus
2846 3692 3022 3746 valide
3054 3706 3113 3746 se
3146 3700 3342 3744 tuetur.
3372 3689 3527 3743 Facit
3555 3702 3771 3757 quoque

2198 3790 2263 3840 ad
2301 3788 2706 3841 excusationem
2758 3786 3008 3856 Origenis
3039 3783 3400 3854 Cyrillusjlib.
3434 3799 3486 3837 Ix
3527 3782 3606 3835 De
3634 3784 3772 3837 ado-

2198 3880 2423 3944 rntione,
2469 3878 2559 3931 ubi
2616 3878 2695 3931 sic
2731 3874 3266 3947 ΙθψιίιιιτεΧριστοῦ
3317 3874 3423 3945 γὰρ
3480 3873 3707 3943 μέτοχος
3735 3872 3769 3926 it

2198 3968 2349 4022 πᾶσά
2394 3971 2540 4022 ἐστιν
2563 3968 2756 4039 ὁρατὴ,
2792 3968 2888 4021 καὶ
2920 3967 3147 4038 ἀόρατος
3175 3968 3368 4029 κτίσις.
3411 3963 3666 4033 Ἄγγελοι
3713 3976 3769 4015 τε

2198 4062 2328 4133 γὰρ,
2359 4060 2453 4113 καὶ
2495 4060 2843 4131 ἀρχάγγελοι,
2895 4060 2985 4113 καὶ
3026 4057 3095 4111 τὰ
3143 4056 3221 4110 ἔτι
3260 4056 3462 4109 τούτων
3493 4054 3769 4118 ἐπέκεινα,

2198 4156 2294 4207 καὶ
2326 4152 2465 4207 αὐτὰ
2499 4153 2555 4205 δὲ
2584 4153 2653 4205 τὰ
2685 4151 2971 4224 χερουϐὶμ,
3002 4151 3099 4221 οὐχ
3130 4150 3329 4221 ἑτέρως
3359 4148 3488 4216 om
3526 4147 3670 4219 πλὴν
3695 4148 3771 4200 ὃτι

2197 4244 2285 4298 διὰ
2319 4245 2481 4315 μόνου
2512 4244 2747 4316 Χριστοῦ
2774 4247 2830 4297 ὲν
2863 4244 3002 4313 ἁγίῳ
3024 4241 3360 4312 Πνεύματι.ζ‹
3404 4240 3603 4294 Christi
3631 4240 3771 4293 enim

2200 4336 2471 4405 particeps
2501 4344 2583 4389 est
2606 4335 2781 4388 omnis
2812 4333 3177 4401 aspectabilis,
3206 4341 3260 4385 et
3286 4345 3390 4384 non
3427 4329 3774 4399 aspectabilis

2200 4438 2479 4483 creatura.
2502 4426 2691 4498 Angeli
2733 4427 2954 4495 quippe,
2985 4435 3039 4477 et
3064 4422 3395 4491 archangeli,
3433 4431 3488 4474 et
3518 4437 3772 4491 quaecun-

510 4504 778 4578 ‘poiioilatt,
823 4505 964 4574 quod
1002 4506 1054 4559 in
1088 4506 1232 4560 Actis
1269 4506 1421 4561 Pauli
1466 4507 1688 4563 Christo
1722 4510 1998 4574 tribuitur,
2039 4522 2098 4565 ut
2130 4496 2174 4551 D
2204 4535 2308 4589 que
2334 4496 2614 4590 prmtereai
2637 4527 2786 4584 sunt,
2811 4526 2865 4570 et
2905 4517 3018 4584 ipsa
3049 4531 3268 4584 quoque
3298 4514 3581 4569 cherubim
3606 4554 3623 4579 ,
3669 4529 3769 4567 non

525 4610 591 4651 ex
622 4598 856 4665 Origene
894 4599 1013 4668 ipso
1042 4600 1301 4655 discimus
1339 4609 1485 4656 tomo
1524 4616 1593 4654 xx
1629 4600 1683 4655 in
1718 4601 1904 4668 Joun.,
1947 4620 2093 4661 num.

528 4689 615 4743 i2.

600 4783 789 4840 XXVI.
832 4783 1015 4853 Neque
1056 4800 1186 4839 vero
1218 4785 1271 4839 in
1303 4800 1368 4839 eo
1413 4786 1642 4854 primum
1682 4787 1796 4843 haec
1830 4789 1894 4843 de
1924 4802 2098 4843 morte

526 4878 723 4933 Christi
774 4878 1025 4931 damnata
1074 4886 1157 4930 est
1203 4878 1383 4945 Opinio
1414 4893 1429 4933 :
1457 4878 1699 4932 confutat
1734 4893 1855 4932 eam
1887 4880 2099 4934 Tertul-

529 4969 703 5023 lianus
731 4970 821 5024 lib.
862 4969 936 5023 De
974 4984 1129 5022 carne
1150 4968 1365 5034 Christi,
1426 4985 1547 5037 cap.
1594 4971 1661 5023 14
1692 4984 1707 5023 :
1738 4989 1756 5022 ι
1786 4970 1890 5024 Sed
1934 4987 2099 5043 augeo

529 5061 661 5125 lum,
694 5062 864 5127 aiunt,
890 5060 1415 5130 gestavitChristus.
1443 5062 1559 5128 Qua
1608 5063 1864 5118 ratione?
1895 5063 2011 5131 Qua
2043 5074 2099 5118 et

531 5155 826 5210 hominem.
882 5157 1080 5211 Eadem
1126 5170 1256 5223 ergo
1294 5166 1378 5209 est
1409 5167 1463 5210 et
1506 5172 1691 5224 causa,
1734 5168 1791 5210 ut
1822 5159 2096 5212 hominem

2204 4613 2361 4667 aliter
2408 4624 2599 4666 sancta
2631 4621 2776 4674 sunt,
2821 4624 2981 4678 quam
3013 4623 3106 4677 per
3169 4623 3332 4661 unum
3381 4607 3661 4661 Christum
3726 4608 3771 4660 in

2204 4714 2388 4761 sancto
2417 4703 2641 4773 Spiritu.
2673 4722 2691 4754 ι
2727 4703 2792 4757 Et
2832 4700 3160 4769 Augustinus
3186 4694 3282 4752 lib.
3324 4715 3360 4764 I,
3405 4698 3478 4753 De
3516 4715 3772 4753 consensit

2203 4796 2671 4865 evangelistarum,
2704 4808 2825 4861 cap.
2850 4790 2941 4854 ⁸55,
2976 4790 3065 4843 ubi
3104 4799 3309 4843 mentes
3330 4803 3517 4841 omnes
3548 4789 3773 4841 rationis

2205 4898 2502 4955 compotes,
2529 4886 2645 4939 sive
2668 4884 3005 4953 angelorum,
3048 4881 3161 4936 sive
3205 4881 3480 4935 hominum
3506 4920 3522 4942 ,
3560 4878 3771 4933 nonnisi

2204 4979 2436 5045 Christi,
2463 4978 2553 5047 qui
2591 4976 2855 5045 sapientia
2886 4984 3011 5038 est,
3049 4974 3457 5043 participatione
3505 4972 3774 5041 sapientes

2203 5088 2324 5127 esse
2356 5072 2563 5135 deﬁnit,
2595 5070 2979 5136 Christumque
3034 5081 3309 5135 «congrua
3359 5064 3517 5119 saluti
3576 5074 3771 5117 nostra:

2204 5164 2434 5218 dicendo
2456 5172 2511 5216 et
2535 5160 2818 5224 faciendo;
2850 5158 3101 5224 patiendo
3122 5167 3177 5209 et
3206 5155 3539 5219 sustinendo,
3572 5155 3768 5208 factum

531 5255 786 5312 gestaret.
819 5247 1067 5303 Christus
1107 5248 1252 5301 salus
1279 5248 1514 5302 hominis
1542 5250 1673 5315 fuit;
1706 5266 1868 5305 causa
1895 5252 2104 5306 scilicet
2199 5268 2320 5307 esse
2342 5262 2394 5306 et
2430 5253 2679 5306 deorsum
2704 5249 3014 5303 hominibus
3042 5249 3344 5317 exemplum
3386 5247 3689 5313 redeundi,
3722 5255 3769 5298 et

508 5339 597 5391 ‘ad
651 5339 1038 5393 restituendum
1100 5341 1242 5407 quod
1298 5340 1554 5408 perierat.
1624 5340 1796 5393 llmno
1841 5344 2100 5410 perierat,

2199 5344 2279 5398 eis
2319 5344 2408 5413 qui
2441 5358 2653 5399 sursum
2687 5328 2814 5396 sunt
2845 5341 3052 5408 angelis
3088 5340 3397 5409 exemplum
3434 5339 3707 5392 manendi.
3747 5353 3764 5387 υ

532 5427 804 5483 hominem
839 5429 1049 5482 restitui
1091 5440 1429 5498 oportuerat.
1474 5429 1541 5484 Ut
1576 5432 1824 5500 angelum
1871 5442 2105 5502 gestaret
2199 5435 2453 5491 Ecclesiae
2503 5450 2635 5491 sane
2688 5434 2921 5488 decretis
2967 5434 3277 5500 neutiquam
3345 5438 3608 5502 repugnat
3659 5432 3769 5484 haec

532 5518 811 5585 Christus,
866 5520 997 5573 nihil
1037 5522 1143 5574 tale
1170 5522 1235 5576 de
1259 5538 1419 5577 causa
1452 5532 1557 5586 est,
1611 5540 1734 5577 nam
1770 5526 1871 5580 etsi
1922 5526 2099 5594 angeli

503 5611 760 5677 “perditio
809 5619 1087 5680 reputatur
1135 5614 1187 5667 in
1243 5615 1419 5684 ignem
1464 5627 1822 5686 praeparatum
1866 5616 2098 5683 diabolo,

604 5797 655 5833 ειν
678 5795 890 5851 tloloss.
924 5812 964 5861 ι,
988 5796 1080 5851 9.0.
1157 5799 1201 5832 ”
1226 5798 1355 5852 ibid.

2203 5527 2533 5598 propositio;
2586 5527 2812 5596 primam
2847 5528 3115 5597 ‘gratiam
3156 5524 3399 5595 angelis,
3456 5537 3519 5577 ac
3579 5520 3770 5576 deinde

2212 5619 2629 5691 perseverantia:
2656 5618 2855 5674 donum
2900 5619 3173 5674 Christum
3210 5616 3471 5685 sanguine
3505 5629 3604 5669 suo
3647 5625 3769 5681 pro-
