4054 6310
266 382 377 439 855
1086 372 1661 432 ORIGENIANORUM
1700 371 1827 426 LIB.

1921 413 1935 436 ,
1974 369 2126 425 CAP.
2164 366 2550 435 ll,'QUAiST.
2580 366 2671 421 Ill.
3414 360 3521 417 854

270 493 559 557 meruisse,
582 500 652 549 ,ιιι
676 505 743 546 eo
773 504 935 545 sensu
962 487 1280 555 angelorum
1311 500 1527 555 quoque
1556 499 1847 540 conserva-
1876 488 1922 545 Α
1950 483 2235 551 scripsisse
2288 478 2457 535 refert
2480 479 2834 546 Serapionem
2900 476 2952 531 in
3009 474 3398 531 Commentario
3463 480 3522 529 in

268 598 380 649 tor,
421 594 569 641 etut
604 584 841 654 loquitur
883 580 1285 642 Tertullianns,
1333 577 1701 632 Salutiiicator
1741 576 1845 631 dici
1946 575 2136 645 psolm.
2196 587 2349 627 xvnl.
2398 570 2652 626 Profecto
2706 568 3044 639 Origenistas
3095 569 3356 638 quosdam
3413 585 3523 623 non

265 680 458 752 possit.
500 678 719 733 Minime
745 691 871 729 vero
923 672 1132 743 Didymi
1180 670 1496 741 sull'ragium
1559 670 1648 724 hic
1711 684 1848 738 prm-
1950 668 2179 723 multum
2200 664 2469 720 absimilis
2496 663 2667 730 culpa:
2694 661 2969 716 insimulat
3011 660 3244 716 Orosius
3277 661 3331 716 in
3362 660 3524 715 (ἔοικα

269 774 457 839 ternio,
486 772 684 841 quippe
706 770 796 839 qui
825 766 1147 837 Origenismi
1198 779 1364 820 causa
1398 763 1538 818 male
1573 761 1845 828 audierit;
1949 760 2232 814 monitorio
2266 757 2334 811 ad
2385 755 2775 824 Augustinum;
2832 755 3154 824 pertendere
3196 770 3291 808 eos
3337 754 3524 807 dicens

272 867 390 919 haec
420 863 767 918 nihilominus
798 857 959 911 verba
999 857 1168 926 ipsius
1197 856 1471 924 proferam
1507 869 1539 908 e
1572 851 1849 908 Commen-
1949 854 2234 908 Christum
2272 860 2566 918 antequam
2596 850 2648 902 in
2691 858 2866 902 terras
2894 846 3288 909 descenderet,
3330 846 3524 899 remis-

269 959 414 1011 tario
442 956 495 1009 in
527 953 555 1007 I
594 951 737 1006 Petr.
768 967 851 1015 Ill,
897 964 1017 1018 quae
1045 948 1375 1019 Origeniano
1419 946 1686 1002 fermento
1729 957 1847 999 tur-
1950 944 2157 999 siooem
2200 941 2427 1011 angelis,
2471 949 2751 1008 assumpto
2782 953 2969 991 eorum
3008 952 3144 1005 quos
3180 937 3365 989 adibat
3392 951 3518 989 eor—

268 1058 440 1119 gent:
482 1066 500 1099 ι
530 1047 686 1101 Sicut
715 1046 860 1100 enim
886 1044 1136 1098 homines
1179 1041 1513 1095 abstinentes
1542 1055 1570 1092 a
1611 1037 1850 1108 peccatis
1949 1048 2118 1103 pore,
2180 1032 2538 1102 praedicasse;
2592 1046 2656 1083 ac
2710 1030 2926 1082 tandem
2980 1028 3274 1081 lnunanum
3322 1040 3527 1094 corpus

268 1140 499 1213 subjecti
526 1148 683 1203 sunt;
733 1139 806 1193 ita
850 1148 905 1192 et
948 1136 1230 1205 superiora
1277 1133 1559 1188 rationalia
1603 1141 1849 1187 correcta
1952 1128 2214 1190 induisse,
2263 1142 2281 1176 ι
2314 1125 2417 1178 hoc
2448 1124 2702 1193 passione
2724 1132 2779 1175 et
2818 1121 3220 1175 resurrectione
3250 1120 3525 1182 determi-

269 1210 589 1304 spontaneis
612 1230 806 1299 culpis,
834 1244 954 1298 qua:
983 1227 1211 1282 forsitan
1253 1226 1580 1289 habuerunt,
1624 1224 1672 1277 ei
1724 1223 1851 1277 sub.
1952 1230 2192 1280 nantem,
2252 1230 2442 1279 rursus
2488 1216 2662 1269 donec
2702 1227 2873 1282 usque
2917 1215 2982 1266 ad
3029 1211 3239 1264 Patrem
3292 1210 3524 1273 veniret,

262 1325 411 1394 jecta
442 1333 585 1391 sunt,
619 1321 887 1391 completa
913 1319 1320 1391 dispensatione
1352 1318 1535 1373 habita
1558 1331 1655 1386 pro
1677 1315 1852 1370 salute
1951 1311 2295 1365 ascendendo
2325 1319 2610 1363 tenuasse:
2633 1307 2705 1361 ita
2739 1320 2914 1374 neque
2947 1305 3255 1373 depositum
3286 1316 3525 1371 unquam

269 1427 615 1477 ettitctorum.
646 1434 666 1467 ι
1952 1402 2119 1457 fuisse
2154 1416 2374 1469 corpus,
2418 1415 2518 1453 nec
2548 1397 2602 1451 in
2637 1412 2867 1465 corpore
2919 1395 3026 1450 ullo
3065 1404 3378 1463 regnantem
3411 1394 3527 1447 cir-

344 1506 465 1563 Huc
490 1507 648 1571 adde,
684 1518 1022 1575 quaecunque
1047 1504 1161 1558 fere
1204 1515 1371 1571 super
1419 1516 1486 1556 eo
1532 1508 1852 1570 argumento
1952 1491 2243 1547 cumseribi
2287 1493 2475 1546 Deum.
2508 1509 2526 1542 ι
2582 1491 2711 1556 Qum
2754 1504 2876 1542 cum
2932 1490 2985 1542 in
3045 1488 3184 1543 libro
3237 1487 3529 1558 Augustini

272 1600 552 1671 praposuit
583 1598 845 1668 Origenes
869 1636 885 1663 ,
918 1596 1219 1651 ltaasitando
1252 1605 1306 1651 et
1355 1594 1701 1663 inquirendo,
1744 1609 1850 1646 non
1952 1596 2136 1641 contra
2163 1582 2604 1639 Priscillianiuas
2634 1595 2680 1636 et
2714 1583 3069 1650 Origenistas,
3103 1590 3163 1633 ut
3188 1579 3279 1634 alii
3300 1595 3519 1636 eorum-

276 1693 594 1747 al'ﬁrmando
619 1692 962 1760 proposuisse
986 1706 1001 1743 :
1031 1687 1173 1743 velut
1199 1689 1250 1743 in
1285 1689 1378 1741 illo
1410 1688 1604 1757 insigni
1633 1686 1754 1740 loco
1782 1699 1849 1738 ex
1956 1681 2077 1732 dem
2100 1692 2316 1732 errores
2339 1676 2441 1745 ipsi
2478 1674 2544 1728 ab
2573 1673 2767 1729 Oresio
2788 1672 3076 1743 propositi,
3103 1688 3370 1740 nusquam
3400 1687 3531 1726 con»

275 1787 467 1840 homil.
496 1801 510 1839 ι
542 1785 595 1837 in
622 1782 814 1845 Levit.,
838 1799 988 1837 num.
1017 1783 1051 1837 5
1084 1798 1097 1834 :
1140 1801 1161 1834 ο
1192 1781 1298 1836 Sed
1342 1790 1421 1834 οι-
1451 1780 1554 1834 hoc
1596 1778 1853 1841 fortassis,
1955 1768 2127 1823 futata
2163 1776 2481 1838 appareant,
2532 1764 2801 1820 concludo
2837 1774 3047 1833 partem
3086 1764 3323 1833 aliquam
3361 1761 3529 1818 libelli

273 1882 474 1949 inquit,
514 1894 619 1932 non
648 1878 766 1931 sine
795 1892 958 1931 causa
996 1878 1089 1939 sit,
1127 1894 1145 1926 ι
1182 1884 1289 1930 etc.
1322 1874 1452 1928 Item
1483 1872 1643 1941 paulo
1669 1870 1849 1925 infra:
1884 1851 1927 1907 Β
1956 1858 2116 1927 hujus
2150 1859 2520 1913 intercidisse.

278 1994 299 2025 ε
327 1971 439 2027 Nisi
462 1971 588 2041 quia
644 1971 782 2023 forte
817 1969 921 2023 hoc
960 1968 1177 2037 intelligi
1233 1966 1425 2031 voluit,
1460 1984 1480 2017 ι
1532 1973 1665 2027 etc.,
1690 1972 1745 2018 et
1795 1962 1851 2015 in

2028 1973 2127 2040 Qui
2159 1981 2337 2027 autem
2374 1972 2423 2025 in
2469 1987 2530 2025 ea
2563 1969 2768 2025 versari
2812 1969 3077 2024 sententia
3126 1969 3300 2039 potuit
3340 1967 3532 2037 Orige-

274 2065 450 2119 allel'o
486 2076 553 2118 ex
589 2062 775 2117 homil-
811 2061 867 2125 29
910 2077 1061 2114 ιιυηιι
1108 2060 1142 2115 5
1167 2076 1183 2113 ³
1213 2058 1391 2114 'Vide
1434 2071 1564 2126 9'80
1604 2070 1672 2111 ne
1715 2055 1852 2110 Γθνιθ
1960 2080 2089 2128 nes,
2123 2079 2281 2135 quem
2311 2064 2424 2117 haec
2449 2061 2736 2131 Scripsisse
2767 2062 2929 2114 refert
2958 2060 3267 2130 Pamphilus
3300 2061 3351 2113 in
3395 2059 3533 2126 Apo-

271 2153 453 2217 Jesus,
485 2172 505 2206 ›
548 2163 652 2208 etc.
688 2152 821 2207 Tum
858 2152 909 2205 in
938 2165 1004 2204 eo
1033 2149 1123 2220 qui
1156 2149 1355 2219 petitus
1386 2156 1470 2203 est
1510 2161 1542 2201 e
1575 2155 1706 2201 tom.
1736 2161 1752 2200 ι
1794 2147 1851 2199 in

1957 2154 2097 2225 logia
2138 2169 2157 2207 :
2203 2170 2223 2205 ι
2254 2153 2395 2220 Quid
2434 2162 2519 2206 est
2543 2151 2684 2221 quod
2719 2151 2856 2204 dixit
2888 2166 2902 2202 ε
2937 2148 2999 2203 In
3026 2150 3136 2203 sole
3162 2150 3335 2217 posuit
3360 2150 3533 2202 taber-

274 2244 504 2310 Joann.,
564 2259 710 2300 num.
758 2244 867 2311 5i,
932 2242 1203 2310 quomodo
1248 2238 1621 2293 subterraneis
1656 2235 1853 2291 similis

1959 2249 2205 2301 naculum
2245 2261 2398 2299 suum
2426 2243 2511 2297 ⁸δῖ
2554 2242 2783 2309 Quidam
2832 2243 3047 2312 quidem
3101 2242 3351 2296 dicebant
3389 2241 3532 2310 quod

276 2338 458 2391 factus
487 2337 580 2397 sit,
617 2334 779 2390 dubie
812 2335 1058 2403 inquirit.
1088 2330 1604 2400 Apertissiute.vero
1633 2327 1853 2382 ﬂuctum
1960 2340 2209 2395 δειινεηοι-
2238 2349 2445 2392 ἠοειει-
2483 2337 2784 2391 ascendens
2827 2349 2857 2388 θ
2899 2335 3061 2389 εει-,σεε
3112 2334 3178 2387 ad
3218 2333 3413 2388 ςωιιηη
3435 2373 3450 2396 ς
3479 2341 3536 2386 ει

277 2428 481 2483 tionem
522 2444 673 2482 suam
718 2425 1094 2496 exprimitlib.
1146 2439 1159 2478 I
1215 2424 1267 2476 in
1318 2421 1491 2491 Epist.
1556 2421 1625 2472 ad
1673 2419 1851 2487 Rom,

1961 2448 2156 2503 corpus
2185 2447 2341 2486 suum
2378 2446 2683 2495 assumens,
2719 2427 2961 2498 pervenit
2986 2441 3157 2494 usque
3186 2427 3251 2480 ad
3276 2442 3400 2480 eum
3427 2426 3535 2480 cir-

273 2534 425 2573 tzum.
450 2518 504 2579 4.
530 2536 651 2574 cum
686 2519 866 2572 varias
891 2518 1007 2571 illas
1042 2514 1243 2572 Christi
1271 2514 1638 2584 apparitiones
1666 2526 1853 2566 recen-

1960 2527 2140 2583 culum
2171 2525 2262 2596 qui
2301 2523 2439 2577 solis
2470 2538 2605 2576 zona
2631 2523 2975 2584 nominatur;
3009 2529 3061 2573 et
3093 2519 3186 2584 ibi,
3218 2520 3402 2585 aiunt,
3437 2532 3535 2587 po-

273 2621 408 2665 sst:
450 2628 469 2662 ι
504 2610 577 2665 De
642 2609 860 2679 quibus,
914 2607 1115 2676 inquit,
1175 2604 1426 2675 quamvis
1488 2602 1856 2671 periculosum

1960 2621 2072 2675 suit
2108 2615 2519 2672 tabernaculum
2565 2613 2813 2682 corporis
2858 2611 2939 2665 sul
2990 2626 3003 2662 :
3040 2625 3147 2663 non
3198 2609 3343 2664 enim
3393 2608 3533 2663 ultra

272 2704 524 2759 Videam"
589 2701 850 2756 “hamulis
902 2702 1246 2754 commutem
1303 2711 1629 2760 sermonem:
1673 2704 1851 2749 tamen
1960 2721 2077 2767 erat
2111 2707 2367 2781 possibile
2396 2707 2447 2760 id
2479 2703 2749 2775 progredi.
2780 2702 2885 2757 Sed
2918 2703 3029 2755 haec
3059 2701 3132 2754 illi
3165 2701 3235 2754 ita
3272 2701 3533 2763 sentiunt,

277 2811 387 2851 non
418 2795 591 2850 otiose
630 2797 1001 2863 prmtereunda
1053 2801 1177 2847 sunt
1228 2791 1369 2845 dicta
1422 2788 1746 2857 sapientimn
1778 2795 1853 2856 _et

1960 2818 2059 2872 pro
2085 2817 2150 2855 eo
2186 2800 2330 2870 quod
2372 2796 2685 2865 allegoriam
2715 2794 2909 2848 nolunt
2941 2792 2994 2845 in
3029 2790 3310 2858 Scriptura
3351 2788 3534 2844 divina

275 2891 566 2959 aenigmata
607 2886 681 2952 ",
709 2887 802 2940 sed
851 2884 1034 2939 subtili
1068 2883 1355 2938 admodum
1391 2881 1587 2935 mentis
1614 2879 1732 2933 acie
1761 2878 1851 2949 (in

1962 2893 2225 2962 recipere,
2255 2900 2312 2944 et
2352 2890 2470 2944 ideo
2511 2900 2658 2956 purae
2702 2883 2944 2938 historia:
2987 2881 3390 2945 deservientes,
3434 2879 3537 2933 hu-

277 2993 541 3053 quantum
567 2995 655 3035 res
684 2979 925 3049 patitur)
962 2977 1109 3030 velut
1148 2990 1244 3043 per
1280 2974 1546 3043 quoddam
1574 2970 1853 3041 speculum

1954 2984 2187 3055 jusmodi
2220 2981 2428 3037 fabulas
2467 2989 2523 3034 et
2559 2980 2813 3048 ﬁgmenta
2841 2983 3199 3046 componunt.
3237 2993 3256 3027 ι
3281 2973 3416 3027 Tum
3458 2973 3537 3025 lo-

276 3072 721 3140 contemplanda;
758 3083 824 3122 ne
848 3070 986 3124 forte
1035 3069 1079 3122 is
1112 3066 1204 3135 qui
1249 3067 1470 3120 verbum
1503 3078 1629 3116 caro
1678 3062 1855 3116 factus

1963 3094 2084 3133 cum
2123 3078 2266 3130 hunc
2299 3074 2574 3143 propheta:
2603 3069 2946 3139 postmodum
2997 3070 3069 3121 ita
3121 3067 3535 3135 interpretatur,

276 3165 529 3236 apparuit
557 3164 766 3233 positus
798 3162 849 3215 in
881 3175 1067 3221 carne,
1106 3176 1126 3209 ι
1151 3169 1260 3213 etc.

1967 3168 2370 3224 tabernaculum
2397 3165 2597 3221 Christi
2646 3177 2767 3218 esse
2799 3160 3126 3224 Ecclesiam;
3170 3155 3336 3211 solem
3386 3169 3538 3218 vero,

356 3254 566 3309 XXVII.
599 3251 745 3308 Inter
772 3252 1031 3319 sacrilega
1059 3249 1477 3303 Manichaeorum
1505 3245 1647 3301 dicta
1685 3243 1852 3299 refert
1882 3219 1926 3278 (ἶ
2498 3262 2698 3309 πίει-,ιθ
2735 3261 2849 3318 ρει,
2897 3259 2953 3305 ει
2983 3248 3063 3304 sol
3095 3219 3341 3316 j'usmim,
3398 3243 3538 3311 Qui"

278 3350 494 3417 ίῐιδίὸηθ
533 3348 665 3400 “md
714 3347 1046 3415 Αιιευειίιιιιε
1102 3342 1197 3395 "h-
1232 3356 1299 3393 xx
1354 3350 1535 3392 τοηίνα
1570 3335 1855 3403 Εαηδηιηιο
1961 3355 2124 3408 etiam
2157 3350 2557 3418 llermOgenem
2606 3343 2769 3412 hujus
2814 3348 3268 3412 propugnatorem
3317 3337 3543 3390 inSaniar

278 3457 404 3511 ca‘l’-
436 3440 493 3495 3-
531 3440 801 3494 (Ἇιτίειιυη
837 3437 927 3505 (1ιιῖ
958 3435 1053 3490 Dei
1098 3433 1274 3486 "mus
1322 3442 1375 3485 ει
1425 3430 1689 3499 Sapientia
1749 3438 1858 3493 εει»
1962 3443 2277 3501 confutasse
2339 3440 2630 3510 Origenem
2703 3435 2872 3489 tradit
2937 3431 3311 3485 Theodoretus
3389 3426 3539 3481 liter.

276 3536 434 3604 quasi
466 3533 776 3601 bipertitum
819 3530 870 3582 in
914 3529 1027 3582 sole
1060 3537 1116 3582 et
1157 3528 1282 3580 luna
1333 3525 1615 3589 habitare;
1678 3536 1741 3574 ac
1804 3521 1857 3575 in
1962 3534 2057 3589 ιη),
2096 3549 2136 3598 ι,
2177 3546 2299 3602 ουρ,
2350 3530 2440 3584 49,
2472 3529 2656 3583 placet
2700 3514 2999 3595 ergo'smi
3043 3520 3303 3575 Senensis
3347 3527 3400 3572 ρι
3434 3516 3543 3572 δε..

278 3626 394 3679 sole
415 3623 654 3693 quidem,
684 3636 787 3690 qua
822 3620 911 3673 Dei
944 3620 1116 3673 virtus
1158 3626 1269 3677 est:
1312 3617 1363 3669 iu
1407 3615 1531 3668 luna
1560 3628 1723 3679 vero,
1753 3627 1858 3683 qua

1965 3624 2220 3681 nebrardi
2274 3622 2630 3691 conjectura,
2673 3614 2927 3671 delirium
2980 3610 3110 3665 illud
3153 3625 3182 3662 a
3231 3606 3545 3662 .‘danichzeis

277 3716 571 3784 sapientia.
602 3712 908 3767 Philastrus
949 3711 1075 3764 item
1114 3710 1248 3764 liter.
1293 3724 1379 3767 LV,
1434 3717 1491 3760 et
1523 3707 1857 3774 Augustinus
1965 3717 2135 3773 fuisse
2168 3715 2389 3784 origani
2433 3712 2703 3777 animum,
2756 3715 3153 3775 corruptosque
3207 3700 3323 3768 ejus
3374 3698 3544 3753 libros

278 3806 350 3860 ad
376 3797 825 3871 Quodvultdeum,
866 3802 995 3854 hmr
1028 3816 1141 3863 ιιι,
1189 3798 1473 3852 Seleucum
1501 3806 1553 3849 et
1587 3793 1859 3848 llermiam

1968 3807 2034 3860 ad
2067 3803 2460 3861 conciliandam
2490 3798 2749 3869 impietati
2781 3812 2891 3852 suae
2920 3796 3099 3849 fidem.
3152 3790 3374 3845 Minime
3415 3801 3545 3840 vero

280 3906 541 3965 arguunt,
571 3902 827 3961 negantes
856 3911 872 3943 ι
903 3890 1244 3944 Salvatorem
1277 3888 1330 3941 in
1360 3901 1526 3941 carne
1556 3885 1744 3939 sedere
1787 3886 1854 3937 ad

1965 3898 2141 3967 placet
2161 3897 2329 3950 altera
2342 3890 2670 3948 Gencbrardi
2696 3888 2995 3958 responsio,
3018 3884 3204 3953 negari
3230 3880 3549 3949 simpliciter

281 3988 532 4042 dextram
562 3984 759 4051 Patris,
789 3984 881 4038 sed
918 3981 1247 4052 exspoliasse
1271 3991 1512 4042 carnem,
1536 3986 1591 4031 et
1619 3975 1863 4044 posuisse
1966 3988 2016 4044 id
2057 4003 2238 4059 posse,
2287 3988 2410 4056 quia
2450 3983 2699 4054 Origenis
2728 3983 2865 4037 ιίυει-
2899 3996 3003 4034 non
3033 3988 3208 4033 εχειειι
3242 3992 3256 4028 ε
3287 3989 3407 4028 nam
3438 3986 3549 4042 quo

284 4080 339 4134 in
368 4078 481 4134 sole
503 4077 865 4143 aestimarint;
919 4076 1022 4130 hoc
1045 4074 1307 4128 adductos
1345 4073 1620 4142 propheta:
1662 4068 1860 4138 psalm.

1967 4082 2172 4136 recidet
2206 4078 2522 4150 Serapionis
2553 4076 2883 4138 auctoritas,
2920 4087 3080 4143 quem
3106 4067 3320 4124 extollit
3357 4066 3546 4120 lliero-

283 4188 441 4239 xvrn,
494 4170 549 4237 6,
606 4189 624 4221 ι
656 4170 710 4223 In
758 4169 874 4223 sole
922 4168 1101 4238 posuit
1163 4166 1567 4221 tabernaculum
1625 4179 1803 4217 suum.
1837 4181 1857 4214 ι
1966 4174 2199 4246 nymus-p

286 4266 542 4322 Criminis
569 4262 811 4332 ejusdem
859 4261 1252 4331 Hermogenem
1295 4258 1583 4327 compellat
1611 4255 1861 4310 Theodo—
2040 4265 2280 4322 xxvm,
2330 4263 2612 4320 Dimcmus
2654 4259 2926 4317 senlenﬁa
2960 4258 3077 4312 ιιωο
3122 4251 3299 4308 amnis
3348 4248 3549 4317 prioris

283 4358 600 4415 ῐθιιιειίιλι
658 4355 857 4409 "03m-
900 4349 1546 4421 [αὐαιανεεβ-ωοδίιυο
1573 4345 1865 4401 νθτίδίιιδίιθ
1965 4360 2109 4415 illius
2156 4357 2404 4414 excusari
2458 4363 2659 4426 potest,
2712 4367 2874 4421 quam
2930 4347 3119 4403 homil.
3176 4344 3247 4397 ‘29
3305 4340 3357 4395 in
3414 4338 3546 4392 Luc.

283 4458 370 4505 εει
439 4448 585 4503 Virus
632 4444 961 4513 Ιῐυὶυεῐηοίην
1028 4452 1089 4496 ut
1137 4441 1242 4494 alia
1293 4438 1482 4503 multa,
1536 4437 1865 4492 Mamc'la'os
1969 4450 2308 4521 consignavit
2336 4449 2619 4517 Origenes.
2651 4463 2668 4495 ι
2713 4444 2867 4510 Quod
2915 4441 2999 4506 si,
3045 4438 3251 4507 inquit,
3284 4442 3547 4495 tentatus,

286 4542 533 4605 suxisse;
592 4555 697 4593 non
744 4539 811 4591 ab
860 4532 1110 4605 Origene,
1156 4547 1315 4603 quem
1368 4542 1544 4585 tamen
1588 4528 1865 4585 insimulat

1970 4543 2120 4596 illum
2163 4540 2485 4611 (Christum)
2518 4538 2762 4591 imitatus
2788 4533 2960 4588 fueris
2994 4532 3084 4600 qui
3139 4545 3235 4599 pro
3280 4537 3332 4582 te
3368 4533 3546 4579 tenta-

286 4634 549 4703 Serapion
582 4631 890 4694 'l‘muensis,
912 4635 1272 4698 cognomento
1295 4623 1676 4687 Scholasticus,
1710 4621 1861 4691 quasi

2165 4591 2442 4611 ,ᾖα-μη
2468 4591 2481 4608 ,
3011 4591 3025 4600 _
3139 4591 3152 4599 _

1970 4647 2055 4690 tus
2079 4643 2165 4688 est
2182 4642 2238 4689 et
2266 4647 2430 4688 omne
2453 4630 2650 4685 viceris
2687 4633 3106 4687 tentamentum,
3146 4619 3370 4675 habebis
3396 4629 3546 4686 spem

286 4730 493 4781 erroris
533 4725 693 4794 hujus
744 4720 1056 4776 Manichaais
1100 4727 1295 4771 auctor
1328 4716 1512 4781 fuerit,
1543 4721 1733 4783 utpote
1765 4712 1859 4780 qui

1968 4743 2090 4782 cum
2122 4740 2187 4779 eo
2220 4725 2310 4794 qui
2341 4733 2471 4776 tunc
2502 4722 2661 4775 homo
2695 4717 2817 4781 fuit,
2850 4731 2991 4770 nunc
3017 4725 3199 4768 autem
3242 4714 3401 4766 homo
3428 4721 3549 4762 esse

287 4819 536 4889 proxime
587 4815 864 4870 laudatum
915 4811 1137 4867 Davidis
1176 4809 1353 4889 locum
1388 4808 1668 4862 illustrans
1702 4804 1865 4859 Chri-
1968 4817 2225 4874 cessavit.
2252 4814 2386 4871 Nam
2409 4815 2455 4870 si
2485 4813 2578 4884 qui
2610 4809 2885 4881 quondam
2906 4810 3072 4863 homo
3097 4816 3234 4870 erat,
3260 4812 3546 4874 postquam

289 4927 433 4971 διυιιι
459 4912 776 4983 scripserit.
821 4926 943 4965 tum
977 4909 1028 4963 in
1057 4907 1255 4963 εωιυιῐι
1293 4903 1636 4967 ascenderet.
1668 4902 1871 4956 ONOT-
1970 4920 2211 4967 tentatus
2260 4916 2365 4972 est,
2415 4916 2470 4961 et
2517 4903 2738 4960 recessit
2776 4904 2844 4958 ab
2869 4916 2936 4956 eo
2966 4898 3239 4960 diabolus,
3276 4906 3451 4962 usque
3479 4890 3546 4943 ad

293 5010 488 5072 misse.
545 5015 600 5061 θῑ
663 5004 910 5068 όθιιοεὶιο
950 5002 1004 5055 in
1060 4999 1176 5054 εοΙθ
1230 5012 1480 5068 corpore,
1521 4996 1759 5049 animam
1815 4994 1867 5047 ill
1972 5013 2180 5070 tempus
2212 4998 2402 5053 mortis
2434 5012 2464 5050 a
2499 4996 2726 5050 mortuis
2774 5004 3063 5060 resurgens
3114 4987 3395 5041 ultranon
3438 4994 3550 5033 mo-

294 5100 493 5155 ctelum
520 5099 585 5152 ad
609 5098 856 5152 dextram
898 5093 1078 5147 Patris
1108 5090 1377 5146 intulisse.
1421 5088 1546 5143 llaec
1569 5088 1783 5155 quidem
1814 5086 1867 5140 in
1972 5094 2179 5162 rielur‘;
2230 5091 2406 5146 omnis
2448 5100 2630 5144 autem
2691 5090 2854 5141 homo
2908 5083 3068 5137 morti
3119 5080 3409 5141 subiacet:
3450 5073 3551 5127 iste

296 5195 439 5248 libro
468 5192 786 5260 Serapionis
817 5192 1071 5244 adversus
1106 5187 1429 5241 Manichwos
1457 5181 1642 5236 haberi
1674 5178 1864 5234 scribit
1971 5203 2101 5257 ergo
2125 5186 2215 5255 qui
2248 5198 2592 5253 nequaquam
2627 5181 2880 5244 moritur,
2911 5177 3022 5246 jam
3078 5187 3183 5227 non
3228 5175 3313 5223 e’st
3365 5169 3548 5230 homo,

292 5286 486 5342 Sixtus
516 5258 775 5339 Senensis
799 5282 1048 5338 Bibliotli.
1073 5290 1245 5333 sanct.
1276 5278 1371 5332 lib.
1398 5291 1451 5339 ν,
1469 5284 1525 5329 et
1554 5283 1674 5344 post
1693 5273 1869 5341 ipsum

1972 5280 2064 5335 sed
2098 5276 2241 5331 Deus
2267 5287 2370 5329 est.
2412 5293 2431 5327 ι
2470 5273 2586 5327 Dixi
2631 5270 2957 5326 sententiam
3001 5274 3142 5320 hanc
3167 5261 3364 5332 prioris
3406 5258 3551 5312 illius

293 5378 678 5436 Genebrardus
729 5376 781 5429 in
822 5371 1170 5427 Collectaneis
1232 5367 1452 5439 Origeni
1500 5366 1758 5435 praefixis.
1793 5365 1874 5433 ;At
1971 5384 2092 5424 esse
2122 5368 2370 5433 alIincm;
2400 5381 2522 5419 nam
2568 5364 2612 5418 si
2664 5375 2986 5433 persuasum
3038 5370 3225 5411 revera
3270 5352 3553 5408 habuisset

296 5471 434 5527 nihil
487 5466 792 5537 ιιυΙυεῐιιοιΙί
825 5463 1040 5532 reperio
1084 5462 1139 5514 in
1191 5462 1291 5514 ιιοο
1335 5457 1653 5528 ὃθτπρῑοιιὶδ
1685 5471 1870 5525 Opere.
1974 5458 2237 5528 Origenes
2272 5472 2469 5527 corpus
2498 5470 2654 5511 suum
2685 5454 2740 5508 in
2768 5451 2881 5507 sole
2899 5448 3176 5504 Christum
3211 5442 3549 5514 deposuisse,

295 5575 455 5639 prout
496 5565 702 5620 editum
753 5558 1023 5628 reperitur
1058 5556 1111 5608 in
1144 5554 1473 5609 Bibliomeca
1504 5551 1745 5605 Patrum.
1780 5549 1873 5604 Bi-
1979 5551 2379 5608 consectarium
2403 5558 2522 5604 erat
2548 5564 2670 5603 eum
2713 5558 2929 5614 quoque
2966 5540 3304 5597 humanitate
3330 5544 3551 5589 exutum

299 5624 455 5716 nexus
486 5672 613 5713 vero
656 5657 710 5711 in
753 5624 934 5709 libello
968 5650 1042 5705 De
1070 5649 1236 5704 salute
1286 5646 1532 5718 Origenis
1563 5644 1667 5700 hoc
1699 5643 1871 5714 ipsum
1979 5643 2256 5702 arbitrari.
2295 5641 2503 5699 Similis
2548 5637 2939 5712 propemodum
2985 5633 3152 5690 fuisse
3207 5629 3384 5685 fertur
3415 5624 3552 5679 Mar-

301 5840 343 5872 "
385 5837 540 5894 Prov.
569 5849 608 5905 ι,
635 5832 689 5891 6.
763 5830 809 5866 "
847 5829 987 5889 Psal.
1020 5841 1172 5894 xvnt,
1201 5824 1256 5881 6.
