4054 6310
520 320 651 403 ,ετδ

1808 310 1870 367 Ρ.
1913 311 2231 369 DANIELIS
2271 313 2507 371 HUETII

3685 320 3780 375 836

524 437 663 493 'celli
698 442 971 507 Ancyram
1006 432 1277 498 doctrina,
1302 432 1544 487 futurum
1582 433 1878 499 credentis,
1914 443 1971 486 ut
1999 448 2122 489 car-
2150 446 2195 496 Α
2224 437 2522 505 responsio,
2582 449 2706 490 nam
2774 434 3052 491 Christum
3104 447 3205 503 pro
3246 432 3496 504 peccatis
3542 446 3666 489 vero
3704 439 3790 488 do-

544 545 666 585 nem
718 539 838 598 post
890 526 1345 583 resurrectionem
1390 525 1644 580 Christus
1697 523 1998 593 abjicerct,
2053 542 2117 581 ac

543 621 705 677 homo
739 622 963 691 proinde
1017 629 1074 674 et
1120 633 1215 673 rex
1268 633 1390 673 esse
1439 618 1735 673 desineret.
1767 618 1837 672 At
1878 619 1985 673 alia
2021 617 2121 672 fuit

544 713 796 782 Origenis
840 710 1231 774 ratiocinatio,
1280 724 1405 762 nam
1450 725 1625 780 neque
1654 710 1931 764 Christum
1962 726 1992 762 a
2020 723 2120 764 suo

544 820 775 875 corpore
809 805 1107 874 seiunctum
1143 815 1263 856 esse
1303 802 1512 870 putavit
1548 802 1637 872 (de
1672 802 1851 855 triduo
1870 800 1979 870 jam
2012 815 2119 855 non

547 897 760 965 loquor,
787 911 892 964 quo
926 895 979 947 in
1009 892 1260 963 sepulcro
1290 903 1559 946 mortumu
1591 894 1762 962 ipsius
1816 892 2117 961 corpusja-

544 987 706 1057 cuit),
740 996 797 1040 ttt
839 987 1364 1051 demonstravimus;
1399 994 1454 1039 et
1514 1001 1636 1041 eum
1680 986 1790 1054 jam
1848 987 2119 1041 hominem

544 1078 748 1133 idcirco
775 1093 897 1149 esse
929 1087 1111 1146 negat,
1140 1080 1264 1146 quia
1297 1079 1546 1149 quisquis
1578 1079 1741 1132 morti
1780 1095 1883 1134 non
1936 1078 2122 1148 subja-

545 1180 653 1234 cet,
693 1148 1006 1239 neuiiquam
1035 1169 1307 1223 hominem
1339 1185 1463 1224 esse
1485 1179 1696 1224 censet.
1724 1171 1779 1223 In
1809 1188 1916 1239 quo
1951 1188 2123 1240 quan-

543 1278 705 1331 quam
738 1264 886 1317 circa
926 1264 1160 1317 hominis
1193 1277 1387 1316 nomen
1416 1264 1643 1331 quzrstio
1681 1275 1928 1319 versetur
1952 1303 1968 1329 ,
1997 1280 2118 1319 cum

544 1359 612 1411 de
661 1372 719 1410 re
751 1364 995 1419 constet,
1046 1355 1322 1408 latendum
1371 1355 1724 1409 nihilominus
1779 1356 2119 1410 temerariam

543 1460 667 1501 esse
711 1460 896 1499 vocem
934 1445 1096 1509 hanc,
1130 1444 1359 1512 ideoque
1392 1445 1799 1512 repudiandum.

615 1534 808 1590 XXIX.
839 1534 1081 1590 Celebris
1105 1544 1191 1589 est
1228 1533 1494 1589 Bernardi
1527 1536 1789 1590 adversus
1825 1533 2120 1604 Origenem

543 1629 806 1699 querela,
864 1627 917 1681 in
968 1641 1222 1681 sermone
1267 1626 1359 1692 qui
1420 1626 1773 1691 inscribitur,
1826 1626 1904 1679 De
1952 1626 2121 1680 verbis

547 1722 827 1791 Origenis,
869 1722 920 1774 in
960 1735 1068 1788 quo
1108 1720 1349 1787 graviter
1393 1734 1515 1771 eum
1564 1720 1822 1782 incessit,
1847 1722 1987 1788 quod
2020 1721 2120 1774 ho—

2223 527 2373 592 loris,
2405 544 2567 584 sensu
2600 530 2839 598 torqueri
2873 527 3046 581 voluit
3077 526 3336 596 Origenes
3359 566 3375 589 ,
3417 534 3476 579 ct
3528 536 3705 594 aperte
3729 542 3788 581 ac

2226 619 2422 673 iterato
2471 618 2780 673 aﬂirmavit.
2813 620 2946 675 Tale
2988 628 3167 672 autem
3214 619 3496 686 quidpiam
3539 617 3789 685 persenti~

2224 726 2379 766 scere
2405 713 2667 779 Spiritum
2692 722 2938 766 sanctum
2965 713 3189 767 minime
3216 710 3443 764 Paulum
3477 709 3791 764 intellexisse

2228 814 2360 874 puto
2388 819 2403 868 ;
2449 819 2547 857 nec.
2575 812 2728 856 certe
2760 811 2950 871 putant
2981 806 3327 872 interpreles.
3364 799 3461 854 Sic
3494 799 3667 854 locum
3707 815 3791 853 ex-

2223 897 2372 967 ponit
2398 896 2513 963 ipse
2538 894 2796 964 Origenes
2838 894 2926 949 lib.
2952 910 3024 948 Vtt
3057 895 3108 948 in
3137 892 3300 961 Epist.
3334 893 3405 946 ad
3450 890 3631 955 Rom.,
3653 908 3786 945 num.

2233 986 2370 1043 6:1
2406 986 2638 1041 Sanctus
2687 983 2919 1055 Spiritus
2972 985 3059 1039 ubi
3107 983 3606 1053 oppugnationibus
3628 984 3789 1038 carnis

2221 1079 2521 1149 perturbari
2536 1086 2774 1132 nostrum
2792 1077 3038 1147 spiritum
3052 1079 3316 1142 viderit,et
3333 1076 3662 1130 nescientem
3679 1074 3791 1143 quid

2224 1184 2381 1223 orare
2404 1169 2597 1223 debeat
2617 1170 2909 1224 secundum
2928 1170 3069 1239 quod
3098 1178 3329 1237 oportet,
3352 1169 3469 1237 ipse
3489 1167 3791 1238 velutmagi-

2222 1269 2337 1315 ster
2367 1260 2667 1315 orationem
2712 1261 3031 1329 praemittit,
3056 1274 3215 1328 quam
3261 1269 3454 1312 noster
3484 1257 3722 1324 spiritus,
3749 1259 3791 1313 si

2225 1362 2406 1407 tamen
2461 1352 2758 1425 discipulus
2811 1368 2932 1408 esse
2977 1352 3153 1407 sancti
3212 1350 3460 1418 Spiritus
3513 1350 3787 1417 desiderat,

2220 1456 2587 1515 prosequatur
2633 1462 2649 1500 :
2710 1447 2828 1517 ipse
2869 1446 3106 1516 gemitus
3157 1444 3338 1508 oﬂ'ert,
3396 1442 3598 1513 quibus
3629 1454 3791 1497 neSter

2223 1539 2449 1609 spiritus
2493 1539 2668 1593 discat
2730 1539 3123 1608 ingemiscere,
3176 1548 3234 1589 ut
3299 1534 3624 1604 repropitiet
3699 1534 3787 1588 sibi

2227 1630 2415 1685 Deum.
2460 1650 2478 1682 ι
2512 1630 2810 1686 Confirmat
2852 1630 2993 1684 hanc
3030 1614 3435 1696 expositionem
3485 1625 3615 1679 illud
3655 1624 3788 1679 Pauli

2222 1722 2398 1779 Galat.
2432 1738 2506 1785 tv,
2539 1724 2572 1776 6
2599 1740 2614 1776 :
2653 1742 2671 1773 ι
2704 1722 2966 1789 Quoniam
2997 1731 3174 1774 autem
3199 1722 3332 1774 estis
3357 1718 3481 1782 lilii,
3505 1717 3647 1772 misit
3670 1717 3789 1772 Deus

547 1816 664 1869 mil.
693 1813 721 1865 7
755 1815 807 1866 in
839 1812 1077 1877 Levitic.,
1106 1827 1257 1864 nttm.
1298 1810 1354 1873 2,
1392 1812 1667 1865 Christum
1703 1811 1903 1865 dixerit
1952 1816 2117 1867 etiam
2151 1800 2193 1855 Β
2226 1815 2487 1884 Spiritum
2508 1814 2633 1869 Filii
2659 1815 2741 1868 sui
2773 1814 2826 1868 in
2850 1813 3012 1867 corda
3040 1822 3240 1877 vestra,
3265 1810 3787 1875 clamantem,Abba,

548 1921 691 1961 nunc
716 1905 898 1974 lugere
926 1911 1146 1972 peccata
1182 1910 1404 1966 nostra;
1437 1902 1714 1955 Christum
1756 1903 1955 1972 quippe
1992 1904 2117 1957 dum

549 2000 781 2060 viveret,
839 1994 1102 2062 ejusmodi
1157 1992 1534 2047 allectiombus
1583 1993 1750 2048 fuisse
1801 1995 2121 2060 obnoxium,

547 2095 642 2144 sed
677 2098 954 2159 postquam
986 2086 1124 2141 cmlo
1152 2084 1435 2148 successit,
1460 2083 1571 2151 jam
1601 2101 1706 2139 non
1729 2086 1915 2141 dolore
1943 2088 2083 2157 tangi
2108 2103 2123 2150 ;

547 2181 908 2253 gaudentibus
936 2179 1152 2249 quidem
1184 2179 1493 2246 adgaudere
1513 2220 1526 2244 ,
1559 2179 1654 2233 sed
1690 2195 1813 2235 cum
1853 2181 2129 2235 maerenti-

547 2274 650 2327 bus
676 2288 784 2325 non
820 2284 1080 2335 maerere;
1113 2268 1371 2337 lquamvis
1417 2268 1776 2324 elﬁcaciorem
1818 2286 1916 2340 pro
1954 2271 2126 2325 delin-

547 2362 837 2432 quentibus
873 2360 1069 2415 habeat
1094 2359 1368 2427 all'ectum,
1400 2377 1559 2429 quam
1598 2363 1687 2431 qui
1743 2377 1839 2431 pro
1868 2360 2125 2420 ﬂentibus

547 2453 695 2519 llent,
734 2463 827 2507 aut
852 2454 1088 2507 animam
1120 2466 1327 2521 ponunt
1356 2471 1371 2506 :
1408 2455 1659 2524 idemque
1698 2456 1765 2509 de
1792 2455 1971 2511 Beatis
2002 2471 2124 2512 esse

548 2543 912 2596 sentiendum.
940 2542 1248 2610 Respondet
1271 2543 1653 2599 Genebrardus
1681 2543 1899 2600 Collect.
1926 2562 2044 2616 cap.
2066 2545 2123 2612 6,

548 2635 639 2704 pio
673 2649 835 2688 sensu
864 2634 914 2687 id
953 2636 1022 2689 ab
1050 2632 1284 2702 Origene
1312 2637 1513 2690 dictum
1547 2636 1749 2690 frustra
1784 2653 1813 2689 a
1847 2637 2122 2693 Bernardo

551 2726 901 2796 reprehendi,
932 2740 1054 2779 cum
1084 2726 1278 2781 Paulus
1334 2727 1446 2795 ipse
1476 2725 1634 2779 Rom.
1679 2742 1797 2792 vui,
1839 2727 1930 2791 9.6,
1972 2728 2125 2784 dixe-

555 2818 623 2872 rit
656 2837 675 2869 ‹
708 2818 970 2887 Spiritum
1020 2819 1292 2887 postulare
1350 2835 1447 2888 pro
1501 2819 1657 2874 nobis
1708 2821 2000 2889 gemitibus
2045 2823 2125 2875 in-

552 2908 968 2961 euarrabilibus.
1008 2927 1028 2959 ι
1068 2908 1181 2978 (25)
1226 2911 1296 2962 At
1330 2924 1521 2978 parum
1568 2908 1698 2964 mihi
1728 2909 1986 2980 probatur
2012 2911 2127 2966 haec

2228 1921 2417 1980 pater;
2449 1929 2467 1960 ι
2504 1920 2557 1964 et
2588 1908 2732 1962 aliud
2762 1906 2939 1962 simile
2956 1906 3114 1959 Rom.
3144 1920 3264 1972 vrtt,
3294 1904 3388 1958 15.
3431 1901 3611 1957 Nihilo
3640 1902 3789 1972 magis

2231 2003 2438 2057 arridet
2490 1999 2629 2054 Sixti
2679 1997 2941 2053 Senensis
3002 1997 3279 2052 excusatio
3336 1995 3495 2065 (26),
3557 1995 3787 2062 Origcnis

2232 2096 2398 2148 verba
2435 2094 2504 2146 ita
2531 2089 2872 2161 accipientis,
2898 2099 3124 2143 eatenus
3154 2086 3441 2143 Christum
3471 2086 3786 2153 lugerepec-

2230 2194 2351 2240 cata
2407 2192 2591 2237 nostra
2616 2222 2632 2248 ,
2679 2188 2951 2250 quatenus
3001 2196 3022 2231 t
3056 2178 3109 2233 in
3147 2178 3413 2233 membris
3445 2176 3561 2231 suis
3588 2186 3784 2245 peccata

2234 2282 2417 2330 nostra
2452 2272 2628 2341 luget,
2661 2270 2785 2323 dum
2822 2267 3015 2323 electis
3055 2268 3169 2321 suis
3216 2266 3408 2321 [letum
3459 2273 3514 2320 et
3556 2278 3783 2334 compas-

2233 2367 2442 2421 sioncnt
2482 2363 2671 2416 alienae
2709 2359 3010 2428 iniquitatis
3047 2358 3303 2412 infundit.
3342 2375 3366 2409 ο
3410 2357 3493 2410 Ad
3514 2355 3782 2421 Christum,

2231 2472 2336 2513 non
2369 2456 2434 2509 ad
2464 2453 2664 2510 Christi
2706 2452 2946 2507 membra
2994 2450 3266 2520 pertinere
3310 2448 3638 2505 sententiam
3676 2449 3785 2503 Ori-

2229 2550 2382 2621 genis
2414 2548 2531 2603 htec
2557 2546 2731 2616 ipsius
2757 2547 2925 2599 verba
2951 2543 3240 2598 ostendunt
3275 2543 3434 2597 hom.
3480 2543 3511 2596 7
3538 2544 3590 2596 in
3619 2540 3781 2600 Levit..

2232 2655 2384 2695 num.
2415 2637 2471 2702 Ξ,
2504 2652 2623 2707 pag.
2654 2636 2757 2689 22!
2796 2652 2809 2689 :
2850 2652 2874 2686 ι
2940 2634 3193 2689 Salvator
3231 2649 3389 2688 meus
3443 2633 3588 2702 luget
3642 2633 3782 2686 etiam

2232 2745 2376 2784 nunc
2406 2740 2627 2800 peccata
2651 2742 2787 2782 mea.
2815 2726 3067 2782 Salvator
3103 2741 3254 2781 meus
3280 2726 3462 2781 laetari
3486 2742 3586 2780 nou
3609 2735 3781 2795 potest,

2233 2823 2403 2877 donec
2431 2837 2530 2892 ego
2565 2822 2619 2875 lu
2652 2820 2938 2890 iniquitate
2980 2834 3293 2889 permaneo.
3345 2818 3534 2885 Quare
3566 2833 3664 2872 non
3696 2832 3778 2885 po-

2234 2915 2384 2969 test?
2415 2914 2554 2981 Quia
2588 2914 2701 2984 ipse
2738 2922 2823 2968 est
2848 2914 3144 2968 advocatus
3186 2926 3286 2984 pro
3322 2911 3565 2981 peccatis
3607 2909 3779 2964 nostris

627 3102 746 3185 (95)
778 3103 842 3183 4‘
868 3120 1052 3168 parum
1088 3104 1216 3157 "'W
1252 3107 1504 3172 P'Obam'
1522 3104 1642 3185 Ῐιωο,
1675 3106 2123 3185 νςεροιζξὶοι-οῑᾳ.
2154 3129 2194 3185 C
2230 3109 2433 3177 angelis
2471 3109 2697 3185 gignunt
2732 3124 2748 3161 :
2786 3109 2856 3162 ita
2891 3123 3102 3185 -_vereor
3154 3122 3223 3162 ne
3279 3106 3424 3185 mala
3467 3103 3781 3185 conversatio

556 3174 674 3241 Ipse
708 3175 974 3243 Origenes
1026 3186 1258 3244 tuentem
1302 3191 1455 3229 suam
1498 3176 1671 3244 aperit
1716 3176 1903 3229 homil.
1956 3178 2029 3231 25
2070 3179 2122 3230 in

558 3246 842 3307 Numeros,
874 3260 1028 3297 num.
1055 3243 1109 3306 2,
1140 3260 1258 3314 pag.
1288 3245 1414 3308 557,
1460 3246 1548 3298 tibi
1571 3247 1639 3296 ait
1672 3248 2120 3312 quemadmodum

555 3316 681 3368 boni
721 3324 873 3368 nctus
920 3317 1112 3378 nostri,
1143 3323 1197 3368 et
1237 3315 1492 3367 virtutum
1534 3314 1807 3383 profectus
1833 3357 1846 3378 ,
1882 3318 2120 3370 laetitiam

557 3384 1016 3452 festivitatemque
1064 3384 1174 3437 Deo
1219 3386 1404 3448 Patri,
1466 3386 1695 3438 Dotnino
1758 3400 1944 3439 nostro
1995 3386 2122 3442 Jeso

553 3454 777 3511 Christo
811 3463 867 3508 et
909 3455 1132 3525 Spiritui
1188 3464 1399 3518 sancto,
1429 3455 1712 3524 etangelis
1762 3458 2008 3522 pariunt,
2052 3461 2122 3511 ita

558 3525 754 3578 mulam
802 3526 1271 3579 conversationem
1308 3539 1550 3578 nostram
1591 3542 1693 3578 non
1730 3526 1901 3579 solum
1942 3529 2121 3591 terris,

556 3600 650 3649 sed
695 3607 749 3649 et
779 3596 948 3655 cado,
979 3606 1033 3649 et
1072 3596 1169 3662 ipsi
1216 3596 1324 3649 Deo
1363 3596 1773 3649 lamentationes
1814 3600 2125 3666 luctmnque

556 3666 846 3729 inducere;
891 3667 984 3719 sed
1021 3668 1133 3718 IIIPC
1166 3667 1423 3719 omniain
1450 3666 1645 3735 quibus
1690 3666 1770 3719 vel
1806 3667 2006 3735 lugere,
2045 3668 2127 3721 vel

559 3738 821 3802 gaudere,
858 3736 942 3789 vel
985 3735 1185 3798 odisse,
1223 3737 1305 3789 vel
1338 3737 1504 3789 laetari
1553 3737 1753 3790 dicitur
1790 3736 1969 3801 Deus,
2012 3748 2124 3791 tro-

558 3809 679 3874 pico
722 3816 780 3861 et
809 3807 1062 3876 humano
1095 3822 1242 3860 more
1273 3805 1586 3876 accipienda
1610 3822 1732 3861 esse
1776 3822 1804 3860 a
1835 3806 2122 3876 Scriptura

558 3877 667 3929 dici
712 3892 725 3927 :
775 3874 1002 3927 alienam
1047 3878 1245 3944 quippe
1294 3874 1414 3931 esse
1472 3875 1709 3930 divinant
1760 3874 2007 3930 naturain
2058 3879 2126 3931 ab

558 3945 707 3997 oumi
758 3946 1025 4013 passionis
1060 3955 1114 3996 et
1172 3948 1587 4012 permutationis
1639 3947 1877 4010 :tll‘cctu,
1931 3950 1981 3999 in
2039 3949 2128 4000 illo

561 4030 775 4081 semper
818 4014 1165 4066 beatitudinis
1210 4018 1361 4081 apice
1392 4017 1719 4070 immobilem
1763 4029 1818 4070 et
1849 4019 2129 4071 inconcus-

561 4102 677 4154 sam
707 4086 1107 4154 perdurantem.
1150 4101 1167 4132 ι
1202 4084 1373 4137 llubet
1409 4101 1560 4154 ergo,
1600 4087 1791 4154 inquit,
1833 4089 1971 4140 Deus
2013 4090 2129 4142 dies

563 4153 732 4207 festos
766 4153 932 4206 suos?
975 4151 1164 4205 Habet.
1194 4154 1291 4206 Est
1326 4151 1693 4223 enitn'tttngna
1728 4151 1996 4211 festivitas
2029 4159 2129 4211 ltit-

563 4241 721 4277 mnna
756 4224 923 4277 salus.
966 4225 1079 4292 Ego
1115 4237 1242 4296 puto
1275 4226 1415 4296 quod
1460 4239 1557 4293 per
1590 4227 1831 4292 singulos
1887 4243 2129 4296 quosque

562 4296 931 4357 credentium,
998 4310 1091 4363 per
1150 4295 1390 4363 singulos
1440 4297 1530 4362 qui
1610 4308 2002 4349 convertuntur
2045 4295 2127 4351 ind

564 4366 769 4430 Demn,
822 4366 909 4432 qui
956 4365 1246 4434 proliciunt
1306 4367 1355 4416 in
1412 4368 1550 4426 lide.
1604 4364 1872 4420 festivitas
1923 4368 2129 4421 oriatur

564 4437 799 4488 Domini.
847 4435 1128 4501 Quomodo
1180 4445 1339 4502 putus
1367 4434 1603 4487 lwtillcat
1649 4452 1811 4499 eum,
1868 4452 1991 4489 cum
2035 4439 2124 4505 qui

565 4506 739 4558 luerat
767 4505 1094 4573 impudicus,
1134 4507 1193 4557 iit
1226 4516 1430 4566 castus,
1462 4515 1512 4559 et
1552 4507 1642 4572 qui
1673 4507 1847 4559 fuerat
1871 4505 2123 4574 injustas,

559 4575 827 4643 justitiam
869 4577 1019 4640 colit,
1044 4586 1097 4627 et
1137 4581 1227 4643 qui
1255 4576 1430 4628 fuerat
1461 4575 1676 4644 impius,
1710 4576 1940 4631 ellicitur
1965 4579 2127 4645 pius?

565 4652 687 4700 Ista:
721 4660 908 4699 oumes
962 4646 1291 4711 singulorum
1332 4660 1667 4714 quorumque
1715 4648 2127 4713 conversiones,

564 4715 887 4784 festivitates
925 4727 1183 4783 generant
1208 4715 1333 4768 Deo.
1380 4718 1486 4769 Nec
1523 4717 1741 4770 dubium
1764 4727 1942 4770 autem
1995 4718 2125 4784 quin

564 4797 621 4841 et
650 4783 910 4839 Dominus
952 4795 1136 4837 noster
1160 4785 1319 4838 Jesus
1362 4786 1609 4840 Christus
1632 4826 1647 4850 ,
1680 4788 1770 4855 qui
1818 4802 1914 4854 pro
1955 4783 2130 4839 salute

566 4870 750 4912 nostra
786 4855 953 4907 etiam
1002 4856 1319 4922 sanguinem
1365 4872 1518 4908 suum
1564 4856 1719 4919 fudit,
1766 4868 1888 4925 agat
1927 4856 2130 4909 festivi-

568 4938 733 4980 tatem
777 4926 1103 4989 maximam,
1149 4940 1269 4977 cunt
1322 4941 1498 4994 operte
1548 4930 1779 4996 pretium
1828 4927 1970 4979 videt
2010 4941 2130 4980 esse

568 4998 711 5066 quod
753 5012 810 5049 se
867 4995 1205 5066 huutiliavit,
1263 5006 1315 5047 et
1356 4995 1579 5049 l‘oriuatit
1632 4999 1769 5051 servi
1831 4996 2130 5062 suscipiens

573 5064 748 5119 lactus
786 5076 870 5119 est
902 5064 1161 5118 obedieus
1199 5080 1368 5133 usque
1396 5066 1459 5117 ad
1524 5080 1772 5121 mortem.
1818 5066 1944 5135 Agit
1993 5066 2126 5118 festa

570 5147 773 5205 pariter
795 5147 847 5189 et
875 5136 1110 5203 Spiritus
1136 5147 1391 5199 sanctus,
1434 5136 1521 5189 ubi
1559 5139 1711 5206 plura
1749 5139 1849 5191 sibi
1898 5138 2039 5191 videt
2075 5137 2129 5189 in

572 5210 640 5277 iis
675 5210 765 5272 qui
806 5215 1196 5258 convertuntur
1231 5210 1296 5258 ad
1330 5207 1530 5270 Deum,
1571 5209 1770 5277 templa
1807 5217 2128 5275 prteparata.

572 5275 705 5328 Nam
731 5285 787 5328 et
816 5280 879 5327 de
910 5279 1117 5342 angelis
1163 5278 1291 5344 quid
1324 5278 1495 5329 dicunt
1521 5315 1538 5339 ,
1561 5279 1626 5329 ad
1663 5275 1889 5345 quorum
1926 5278 2130 5330 lestivi-

573 5356 739 5400 tatem
782 5344 1075 5397 laetantium
1104 5348 1355 5399 dicuntur
1380 5350 1634 5399 accedere
1660 5344 1867 5411 utttnes,
1894 5348 1984 5416 qui
2004 5361 2133 5401 con-

570 5427 866 5470 vertuntur
891 5419 956 5467 ad
1004 5416 1323 5469 Dominum?
1355 5417 1458 5469 Aut
1510 5432 1612 5469 non
1665 5424 1749 5469 est
1792 5418 2130 5485 illismagna

572 5486 864 5548 festivitas,
896 5501 1017 5537 cunt
1049 5487 1299 5539 lat-tantur
1339 5488 1390 5540 in
1434 5486 1570 5540 ςωιυ
1599 5502 1759 5554 super
1796 5503 1903 5541 uno
1943 5502 2135 5555 pecca-

577 5569 692 5611 tore
719 5558 1092 5635 pwmtentiam
1118 5567 1346 5635 agente,
1384 5559 1552 5635 magis
1580 5571 1738 5625 quant
1783 5572 2132 5635 superpona-

575 5642 723 5696 gtnta
765 5628 1194 5697 ttovemjustis,
1232 5629 1322 5695 qui
1366 5644 1470 5680 non
1529 5631 1764 5692 indigent
1812 5628 2132 5697 [imititetttia

577 5698 730 5769 (Luc.
761 5711 848 5759 xv,
888 5697 939 5764 7)
963 5696 1090 5769 im.
1143 5700 1248 5751 Sed
1280 5696 1439 5769 Asicut
1478 5697 1604 5769 boni
1639 5709 1789 5751 actus
1838 5698 2004 5769 nostri
2032 5736 2046 5760 ,
2080 5706 2134 5750 et

578 5764 836 5823 virtutum
865 5764 1158 5833 prolectus,
1184 5767 1426 5820 tactitiam
1461 5768 1917 5836 lestivitatcutque
1946 5766 2051 5822 Deo
2080 5777 2133 5821 ct

2229 3175 2411 3234 nostra
2453 3175 2557 3233 n'on
2590 3178 2762 3233 solum
2793 3177 2968 3243 terris,
3002 3180 3095 3233 sed
3140 3188 3194 3231 et
3224 3177 3364 3233 etelo
3402 3175 3781 3231 lamentationes

2227 3251 2449 3303 inducat
2472 3260 2526 3302 et
2554 3250 2752 3313 luctus,
2779 3259 2831 3302 et
2858 3250 3106 3303 fortassis
3136 3248 3299 3301 etiam
3329 3248 3438 3316 ipsi
3471 3247 3574 3300 Deo
3602 3245 3774 3316 luctum

2228 3321 2495 3373 incutiant
2526 3312 2763 3372 humana
2794 3329 3036 3387 peccata.
3066 3320 3172 3370 Aut
3200 3334 3307 3370 non
3346 3312 3583 3387 lugentis
3606 3324 3679 3387 est
3699 3312 3771 3367 illa

2226 3406 2325 3443 vox
2375 3406 2494 3443 cum
2541 3389 2742 3442 dicitur
2777 3385 2805 3442 ε’
2844 3387 3067 3442 Paenitet
3115 3404 3232 3451 me,
3272 3388 3362 3455 qui
3401 3387 3500 3451 feci
3548 3385 3777 3439 hominem

2225 3475 2381 3523 super
2423 3471 2616 3512 terram
2658 3458 2811 3528 (Gen.
2844 3474 2913 3521 v1,
2963 3458 3055 3528 6)?
3111 3459 3220 3528 Sed
3265 3469 3319 3511 et
3370 3458 3460 3510 illa
3502 3455 3694 3528 Domini
3732 3460 3777 3507 et

2228 3529 2524 3583 Salvatoris
2555 3524 2724 3583 nostri
2747 3532 2799 3583 in
2825 3524 3118 3596 Evangelia
3138 3567 3153 3591 ,
3174 3527 3263 3579 ubi
3290 3529 3424 3580 dicit
3449 3542 3461 3578 :
3487 3524 3776 3596 Jerusalem,

2225 3599 2544 3662 Jerusalem,
2576 3616 2692 3665 quin
2718 3600 2923 3665 lapidas
2950 3594 3230 3666 prophetas
3254 3607 3298 3650 et
3335 3597 3533 3649 occidis
3565 3611 3643 3647 eos
3668 3594 3772 3643 mis-

2229 3688 2315 3724 sos
2353 3670 2420 3722 ad
2456 3680 2522 3733 te,
2546 3671 2746 3738 quoties
2772 3670 2911 3722 colui
2945 3667 3435 3740 congregareﬁlios
3466 3678 3599 3727 tuos,
3620 3676 3775 3740 quent-

2227 3731 2517 3793 admodum
2558 3731 2767 3808 'gullina
2839 3731 3354 3808 congrcjut'putlos
3388 3753 3513 3789 suos
3566 3736 3652 3808 sub
3688 3731 3772 3808 alis

2227 3811 2358 3872 suis,
2383 3824 2430 3864 et
2467 3800 2727 3862 uoluisti?
2754 3800 2970 3878 (Matth.
3002 3800 3297 3873 ίχιιιίδῖ.)
3328 3807 3438 3860 Sed
3472 3815 3529 3859 et
3570 3804 3650 3879 illa
3687 3800 3773 3879 ltu-

2230 3896 2447 3933 manum
2475 3895 2645 3949 genus
2675 3873 3021 3950 lamentantis
3042 3879 3159 3950 _l_)ei
3182 3893 3283 3932 vox
3315 3887 3423 3950 est,
3459 3891 3557 3950 qua
3604 3873 3775 3950 dicitur

2230 3966 2325 4017 per
2363 3946 2677 4018 prophetam
2708 3967 2722 4002 :
2764 3949 2881 4002 Heu
2907 3965 2986 4001 me
3009 3946 3198 4017 (Misit.
3232 3963 3326 4018 vn,
3362 3947 3420 4013 I,
3453 3946 3529 4016 2),
3559 3946 3771 4013 quoniam

2230 4021 2400 4088 factus
2423 4036 2539 4073 sum
2576 4020 2711 4073 sicut
2745 4021 2835 4089 qui
2861 4029 3140 4087 congregat
3164 4017 3423 4086 stipulam
3446 4020 3498 4068 in
3522 4028 3711 4089 inesse.
3730 4019 3769 4060 et

2228 4090 2360 4143 sicut
2386 4107 2624 4143 racemus
2652 4094 2705 4142 in
2732 4091 3014 4152 vindemia,
3051 4090 3176 4157 quia
3202 4104 3315 4157 (non
3336 4098 3412 4140 est
3454 4088 3613 4151 spica,
3636 4093 3771 4157 neque

2230 4163 2405 4212 botrus
2429 4163 2494 4213 ad
2526 4161 2726 4212 edenda
2746 4144 3129 4227 primogenita!
3170 4156 3269 4210 Hei
3295 4157 3424 4209 mihi
3449 4144 3617 4228 anima
3647 4144 3773 4228 mea!

2228 4232 2478 4298 quoniam
2513 4231 2666 4297 periit
2705 4225 2960 4283 revertens
2994 4245 3024 4279 α
3059 4239 3221 4290 terra,
3266 4240 3312 4281 et
3342 4229 3435 4297 qui
3476 4225 3690 4289 corrigat
3725 4225 3770 4268 it!

2231 4301 2531 4373 [routim'bus
2564 4315 2666 4373 non
2713 4311 2809 4373 est.
2848 4299 3064 4373 Domini
3111 4310 3238 4351 sunt
3280 4298 3399 4350 ista:
3444 4301 3771 4373 vocesApenu-s

2233 4371 2527 4423 humanum
2587 4371 2931 4438 lugentis....
2967 4368 3188 4422 Certum
3237 4378 3323 4422 est
3373 4367 3516 4436 quod
3559 4365 3643 4417 ubi
3691 4371 3769 4426 pro

2234 4441 2389 4494 bouis
2413 4440 2604 4508 gaudia
2630 4450 2883 4508 aguntur,
2908 4439 2980 4492 ibi
3011 4453 3106 4506 pro
3129 4439 3418 4492 contrariis
3443 4438 3765 4508 latuenteturt

2233 4512 2275 4563 si
2306 4500 2440 4578 ergo
2458 4500 2692 4579 gaudeni
2720 4500 3123 4579 prorconve'rso,
3160 4522 3382 4579 necesse
3406 4518 3489 4561 est
3510 4500 3769 4579 utlugeant

2231 4595 2327 4649 pro
2355 4564 2641 4648 peccante.
2664 4618 2679 4633 .
2793 4578 2917 4633 Hinc
2946 4564 3121 4649 autem
3161 4577 3344 4631 omnia
3384 4578 3440 4631 in
3482 4564 3767 4649 quibusjel

2230 4642 2451 4718 iugere,
2482 4650 2565 4703 vel
2599 4649 2833 4719 gaudere
2854 4688 2871 4711 ,
2903 4648 2985 4701 vel
3023 4651 3240 4713 odisse,
3282 4649 3361 4700 vel
3394 4642 3562 4719 laetari
3598 4642 3766 4719 dicitur

2231 4717 2393 4780 Deus,
2429 4717 2640 4788 tropico
2693 4729 2747 4772 et
2797 4720 3031 4772 humano
3068 4732 3216 4771 more
3264 4717 3566 4786 accipienda
3604 4718 3762 4788 sunt?

2229 4772 2675 4858 Sctiptura'diei.
2720 4788 2907 4842 Aliena
2964 4772 3448 4860 porrogestdiviita
3491 4772 3763 4860 uallfl‘ajlf

2231 4843 2378 4913 omni
2439 4860 2705 4927 passionis
2758 4868 2812 4911 et
2868 4843 3285 4926 permutationis
3333 4856 3563 4927 aﬂ'ecttt,
3600 4851 3645 4902 in
3692 4843 3765 4897 illo

2230 4925 2450 4999 semper
2475 4928 2824 4983 beatitudinis
2868 4925 3023 4999 apice
3066 4927 3356 4999 immobilis
3392 4937 3447 4999 et
3483 4925 3759 4995 inconcussi1

2233 4995 2549 5068 pet-durans.
2579 5017 2596 5049 ι
2632 4999 2687 5051 Id
2715 4999 2814 5052 sibi
2850 5001 2961 5049 vult
2990 4995 3258 5067 Origenes
3294 4996 3565 5068 Christum
3596 5000 3759 5068 etimit:

2234 5057 2362 5121 itum
2406 5070 2591 5138 lugere
2624 5079 2843 5136 peccata
2898 5057 3122 5130 nostra:
3160 5066 3601 5138 quemadmodum
3644 5057 3759 5138 Iug}?!

2231 5137 2412 5205 Pater,
2444 5125 2588 5208 luget
2618 5125 2672 5191 et
2698 5140 2935 5206 Spiritus
2970 5125 3195 5191 sancth
3231 5149 3247 5187 :
3287 5151 3450 5204 porro
3484 5134 3648 5208 lugere
3672 5125 3755 5208 l’fl:

2236 5222 2369 5263 trem
2399 5202 2455 5262 et
2484 5202 2753 5277 Spiritum
2775 5216 3022 5263 sanctum
3046 5217 3251 5273 tr0pico
3276 5202 3601 5259 solummodo
3629 5202 3754 5277 more

2233 5279 2323 5332 ltic
2365 5270 2647 5347 prolitetur
2696 5295 2711 5331 :
2759 5294 2863 5331 tton
2915 5293 3045 5345 ergo
3087 5270 3365 5347 Christum
3416 5270 3755 5347 propeet'allf

2231 5339 2593 5402 vero'doloris
2618 5362 2777 5401 sensu
2805 5339 3105 5401 etiamnum
3138 5346 3370 5414 torqueri
3398 5339 3433 5409 ,“
3451 5342 3538 5397 sed
3577 5339 3754 5414 ιευνεςιξ

2234 5433 2384 5473 more
2443 5421 2624 5487 lugere
2676 5418 2841 5471 voluit
2899 5420 3090 5470 eodem
3126 5402 3287 5470 modo
3358 5402 3461 5484 quo
3489 5402 3755 5488 aitd’aulus

2239 5507 2257 5539 ι
2292 5482 2552 5557 Spiritum
2583 5491 2857 5558 postulare
2903 5502 2999 5557 pro
3056 5489 3207 5542 nobis
3252 5482 3752 5558 gentitibusincnar-

2236 5549 2527 5624 rabilibus;
2575 5549 2597 5611 ἱ
2635 5574 2698 5612 ac
2740 5549 2962 5627 proinde
3010 5559 3207 5611 frustra
3246 5549 3280 5609 εἷ
3323 5552 3581 5612 Bernardo
3619 5549 3744 5598 Μεθ’

2234 5641 2407 5684 satum
2443 5646 2564 5683 eum
2591 5628 2755 5683 fuisse
2775 5629 3066 5682 ‘fntentlttnt
3097 5641 3200 5682 est.

2306 5700 2417 5770 (‘26)
2453 5699 2589 5754 Sixt.
2624 5702 2752 5755 Sen.
2783 5700 2877 5755 lib.
2913 5714 2940 5751 ν
2968 5696 3326 5753 Βίθίίουιίείυ·
