4054 6310
270 346 373 400 857

1084 342 1656 398 ORlGENlANORUM
1697 343 1824 398 LIB.
1862 344 1926 409 ll,
1968 345 2120 401 CAP.
2166 346 2229 411 ll,
2272 347 2547 414 QUEST.
2585 349 2676 402 li.

3420 362 3522 415 858

264 469 406 536 apud
436 467 678 532 Patrem,
707 469 843 522 sicut
870 465 1106 522 Joannes
1157 476 1468 538 synnnysta-
1502 467 1671 534 ipsius
1719 482 1843 534 pro-
1874 472 1918 529 Α
1950 468 2236 521 manifesta
2287 469 2606 522 alter-utrius
2656 471 2928 525 haereseos
2977 473 3201 543 vestigia
3253 491 3518 545 nusquam

265 562 482 615 nuntiat
513 563 699 615 dicens
745 577 759 613 :
808 561 942 626 Quia
981 561 1074 612 etsi
1113 559 1228 628 quis
1270 560 1586 624 peccaverit,
1622 559 1838 612 advoca-

261 661 373 705 tum
404 654 653 708 habemus
682 655 823 723 apud
859 653 1070 705 Patrem
1107 651 1288 703 Iesum
1314 649 1582 704 Christum
1605 653 1834 718 justum,

260 755 308 797 et
370 747 481 810 ipse
537 757 612 798 est
663 745 1018 812 reprOpitiatio
1069 760 1161 809 pro
1191 744 1416 809 peccatis
1461 749 1654 798 nostris
1693 745 1758 796 ⁸⁵.
1814 763 1832 796 ι

261 838 395 902 Qua:
424 855 526 890 non
551 840 709 890 aliter
735 854 862 890 sane
888 852 1047 905 quam
1079 837 1145 888 de
1179 836 1398 889 Christo
1424 849 1646 905 possunt
1676 838 1837 890 intel-

261 930 380 997 ligi.
412 929 608 984 Merito
636 945 763 997 ergo
791 931 880 984 hic
908 940 1223 984 accusatum
1263 946 1292 984 a
1333 931 1608 985 Bernardo
1649 932 1838 1000 Orige-

254 1038 385 1075 nem
420 1022 644 1074 camlide
676 1020 964 1078 fateamur.

339 1113 504 1168 XXX.
533 1115 827 1168 Videndum
861 1130 1002 1168 nunc
1030 1123 1112 1169 est
1135 1131 1200 1168 an
1236 1115 1435 1169 Christi
1468 1131 1688 1185 regnum
1715 1125 1838 1184 post

255 1206 722 1261 resurrecﬁonem
754 1205 1052 1260 desiturum
1082 1207 1335 1260 senserit.
1381 1207 1434 1260 ld
1466 1208 1680 1276 quidem
1727 1209 1838 1262 cri-

255 1299 396 1352 mini
459 1298 550 1351 dat
621 1297 724 1365 ipsi
800 1295 1132 1367 Theophilus
1214 1296 1612 1350 Alexandrinus
1684 1300 1834 1365 epist.

254 1389 461 1444 Pasch.
510 1389 568 1453 2,
624 1390 717 1443 dat
770 1399 825 1442 et
880 1389 1213 1458 Epiphanius
1276 1389 1328 1441 in
1385 1389 1835 1457 Anaccphalwosi.

249 1483 592 1551 Augustinus
637 1485 690 1535 in
745 1481 885 1535 libro
924 1493 1109 1534 contra
1155 1480 1596 1535 Priscillianistas
1631 1493 1676 1534 et
1715 1481 1837 1535 Ori-

251 1580 490 1647 genistas
517 1576 781 1645 idipsum,
817 1585 876 1628 ut
918 1576 986 1628 ab
1017 1573 1344 1644 Origenistis
1393 1585 1688 1636 assertum,
1738 1574 1838 1627 im-

249 1682 462 1743 pugnat
493 1688 612 1741 cap.
654 1672 705 1724 7.
744 1671 899 1738 Quod
928 1686 1051 1724 cum
1096 1672 1146 1723 in
1175 1670 1593 1724 Commonitorio
1636 1670 1834 1734 Orosii,

251 1766 346 1819 cui
391 1769 490 1819 hoc
531 1763 710 1818 libello
766 1763 1055 1833 respondet
1105 1762 1470 1830 Augustinus,
1509 1762 1649 1816 inter
1681 1762 1837 1816 'alias

1950 563 2143 628 reperi.
2184 560 2369 631 Itaque
2395 563 2476 615 vel
2509 579 2573 615 ex
2609 563 2778 633 ipsius
2809 565 2970 619 dictis
3005 566 3110 620 tale
3151 568 3354 637 aliquid
3386 587 3522 624 con-

1947 654 2096 720 sequi
2129 654 2480 707 crediderunt
2511 654 2626 718 ejus
2658 657 2979 714 adversarii.
3024 658 3106 710 vel
3146 659 3196 710 in
3235 661 3298 711 iis
3338 673 3524 714 exsta-

1948 747 2038 798 bat
2064 746 2317 812 operibus
2344 762 2464 814 qua:
2511 758 2780 800 vetustate
2815 749 3014 801 abolita
3053 760 3197 803 sunt.
3251 750 3523 816 Qui-mad-

1947 838 2161 889 modum
2203 847 2386 892 autem
2425 838 2604 892 nullus
2637 839 2872 907 suppetit
2905 839 3152 909 Origeuis
3176 841 3348 906 locus,
3379 845 3520 897 unde

1945 930 2281 983 accusationi
2346 931 2472 984 huic
2515 931 2646 984 fides
2700 932 2812 986 ﬁeri
2871 935 3072 1000 possit;
3110 934 3181 985 ila
3239 937 3324 989 vix
3381 938 3520 992 ullus

1944 1030 2154 1083 exstat,
2187 1023 2328 1074 unde
2365 1021 2521 1075 facile
2559 1023 2688 1076 dilui
2733 1024 2820 1076 illa
2864 1026 3051 1093 possit.
3089 1026 3354 1080 Nonnulla
3402 1030 3522 1096 qui-

1945 1112 2064 1165 dem
2097 1114 2272 1182 coegit
2319 1113 2634 1178 llalloxius,
2677 1115 2768 1168 sed
2827 1115 3037 1169 inlirma
3083 1127 3135 1170 et
3165 1118 3334 1183 levia,
3371 1127 3424 1172 et
3452 1123 3518 1174 ad

1945 1218 2056 1256 rem
2083 1219 2273 1270 parum
2306 1205 2572 1273 apposita,
2606 1205 2780 1273 qualis
2815 1216 2896 1259 est
2921 1208 3179 1261 solemnis
3211 1209 3296 1262 illa
3343 1210 3518 1263 homi-

1945 1293 2136 1347 liarum
2162 1295 2410 1366 Origenis
2436 1295 2681 1350 clausula
2719 1311 2734 1348 :
2775 1316 2792 1347 ι
2839 1298 3067 1351 Domino
3103 1299 3228 1353 Jesu
3277 1301 3518 1369 Christo,

1945 1387 2027 1438 cui
2057 1397 2138 1440 est
2165 1388 2330 1457 gloria
2356 1399 2410 1442 et
2441 1389 2728 1456 imperium
2778 1391 2827 1442 iu
2875 1392 3069 1444 sarcula
3110 1393 3453 1446 Stecnloruin.
3495 1413 3515 1445 ο

1945 1477 2252 1546 Scripserat
2282 1481 2425 1533 enim
2456 1480 2643 1535 Graece
2684 1480 2944 1549 Origenes
2983 1501 2994 1536 :
3032 1485 3126 1547 Εἰς
3158 1486 3282 1547 τοὺς
3317 1485 3522 1548 αἰῶνας

1943 1568 2052 1620 τῶν
2079 1567 2316 1622 αἰώνων·
2346 1579 2401 1621 at
2427 1571 2647 1624 vocibus
2690 1572 2795 1624 illis
2825 1589 2929 1626 non
2961 1589 3120 1626 unam
3161 1591 3280 1629 esse
3313 1576 3488 1646 signili
3515 1607 3523 1617 -

1944 1659 2212 1712 cationem
2235 1699 2247 1718 ,
2282 1674 2376 1712 nec
2409 1675 2624 1729 semper
2661 1664 3023 1716 teternitatein
3075 1664 3181 1718 [lue
3240 1676 3514 1720 carentem

1947 1756 2120 1808 notari
2154 1755 2291 1810 infra
2326 1757 2699 1825 probabimus.

252 1859 522 1911 adversus
539 1855 1308 1924 Origenlstascriminationes
1331 1856 1488 1908 hodie
1517 1865 1836 1918 nonexstet,
1874 1851 1914 1905 Β
2016 1849 2094 1902 Ac
2130 1847 2458 1917 Theophilus
2494 1851 2714 1918 quidem
2753 1852 2967 1907 nescire
3011 1867 3070 1906 se
3101 1853 3231 1906 dicit
3265 1853 3408 1907 unde
3437 1853 3520 1906 in-

254 1948 442 2017 aliqua
472 1947 551 2000 sui
582 1956 738 2013 parte
781 1946 1064 1999 nmltatum
1105 1961 1225 2000 esse
1270 1947 1619 2014 conjecerim.
1665 1947 1836 2002 Justi-

253 2039 458 2092 nianus
487 2051 701 2106 quoque
735 2037 786 2089 in
853 2038 1081 2107 epistola
1132 2041 1198 2091 ad
1255 2040 1503 2107 quintam
1549 2039 1834 2109 synodum,

253 2144 423 2198 quam
458 2128 621 2183 refert
648 2129 924 2183 Cedrenus
948 2170 963 2193 ,
1009 2129 1313 2184 futurarum
1366 2146 1547 2185 rerum
1597 2133 1834 2184 omnimn

255 2223 700 2276 ἀποκατάστασιν
727 2219 1050 2290 Origeuistis
1091 2222 1388 2291 objiciens,
1441 2222 1694 2275 arbitrari
1745 2237 1838 2277 eos

256 2315 363 2375 ait.
395 2314 506 2367 fore
539 2324 597 2366 ut
625 2313 770 2380 impii
811 2313 1037 2381 quilibet
1081 2327 1204 2367 cum
1264 2313 1370 2366 Deo
1414 2312 1834 2382 conjnngantur,

253 2406 448 2459 eodem
479 2407 635 2458 modo
665 2421 773 2472 quo
821 2405 920 2473 ipsi
963 2402 1308 2473 conjungitur
1349 2403 1627 2468 Christus,
1669 2406 1738 2458 ita
1779 2415 1837 2458 ut

255 2497 412 2562 prius
441 2495 708 2563 eonjuncti
741 2505 923 2556 erant,
968 2495 1055 2558 Ὠς
1092 2496 1362 2566 μηδεμίαν
1403 2491 1541 2548 εἶναι
1575 2495 1835 2566 διαφορὰν

251 2583 338 2654 τῷ
388 2584 605 2655 Χριστῷ
650 2585 784 2655 πρὸς
817 2585 883 2638 τὰ
920 2585 1082 2637 λοιπὰ
1120 2586 1313 2654 λογικὰ
1358 2586 1665 2649 παντελῶς,
1711 2586 1834 2640 οὔτε

251 2678 326 2748 τῇ
361 2677 538 2746 οὐσίᾳ,
564 2675 684 2728 οὔτε
707 2679 771 2747 τῇ
803 2675 1035 2744 γνώσει,
1065 2676 1186 2729 οὔτε
1221 2680 1285 2747 τῇ
1321 2677 1582 2748 δυνάμει,
1618 2675 1740 2730 οὒτε
1766 2681 1833 2749 τῇ

250 2768 529 2838 ἐνεργείᾳ.
563 2787 580 2818 ι
617 2769 765 2822 Adeo
796 2779 852 2822 ιιι
877 2770 1020 2822 nulla
1056 2784 1112 2822 re
1142 2769 1353 2822 diﬂerat
1380 2769 1630 2824 Christus
1671 2787 1700 2823 a
1745 2787 1831 2825 re-

250 2857 420 2926 liquis
451 2858 658 2911 ratione
706 2859 978 2926 przeditis,
1035 2874 1208 2928 neque
1264 2860 1608 2926 substantia,
1663 2875 1836 2930 neque

249 2950 607 3018 cognitione,
661 2965 836 3020 neque
898 2952 1138 3017 virtute,
1192 2968 1366 3020 neque
1429 2953 1768 3022 operatione.
1809 2971 1827 3006 ι

247 3037 474 3092 .Iactaut
502 3041 603 3094 hoc
633 3040 772 3094 idem
807 3043 1067 3096 adversus
1094 3042 1386 3110 Origenem
1416 3055 1468 3097 et
1497 3044 1834 3115 Origeuistas

251 3133 604 3202 Sophronius
640 3133 1164 3206 l-lierosolymitmrns
1194 3137 1481 3206 episcopus
1509 3138 1561 3190 in
1609 3137 1831 3205 cpistola

250 3227 326 3279 ad
361 3226 609 3296 Sergium
653 3230 1018 3297 patriarcliam
1051 3229 1712 3297 Constantinopolitanum
1735 3268 1750 3292 ,
1780 3237 1834 3282 et

249 3333 563 3389 anonymns
615 3320 704 3374 ille
761 3320 935 3374 Photii
987 3324 1106 3376 cod.
1149 3337 1313 3382 cxvii,
1357 3333 1413 3375 et
1447 3321 1682 3376 Joannes
1731 3320 1834 3372 Da-

250 3426 545 3464 Iziascenus
573 3412 624 3465 iu
655 3411 748 3466 lib.
785 3413 858 3466 De
891 3414 1076 3469 ha'res.
1103 3455 1118 3478 ,
1152 3425 1205 3468 et
1248 3413 1488 3468 Zonaras
1531 3414 1622 3468 lib.
1656 3428 1692 3468 tl
1734 3415 1835 3468 Ili-

249 3512 415 3567 uor.,
444 3514 497 3557 et
535 3503 709 3558 Guido
732 3503 1050 3570 Carinelita,
1080 3506 1130 3558 in
1165 3505 1366 3558 Ila’resi
1386 3504 1833 3574 Origeuistaruiu.

329 3596 474 3650 Idem
534 3597 636 3650 fuit
687 3609 811 3666 post
872 3597 1160 3664 Origencm
1239 3597 1477 3650 Marcelli
1539 3598 1833 3666 Ancyrani,

251 3688 483 3757 eiusque
510 3689 759 3758 discipuli
810 3687 1024 3742 Photini
1070 3705 1253 3752 error;
1301 3691 1386 3758 qui
1432 3699 1488 3742 ut
1533 3691 1835 3744 humanita-

254 3789 367 3833 tem
404 3779 647 3833 relictum
679 3797 706 3832 a
732 3780 949 3833 Christo
977 3796 1039 3832 ac
1066 3781 1368 3848 depositum
1398 3780 1489 3844 iri,
1516 3795 1578 3833 ac
1609 3797 1834 3849 regnum

251 3870 492 3937 proinde
524 3870 667 3940 quod
702 3871 766 3922 ad
805 3871 1077 3924 Christum
1125 3887 1230 3941 qua
1268 3871 1428 3923 homo
1467 3880 1548 3925 est
1581 3872 1832 3939 pertinet,

254 3961 639 4015 dimittendum
681 3962 750 4016 ab
801 3978 866 4015 eo
915 3963 1257 4027 sentiebant;
1304 3963 1374 4016 ita
1417 3962 1676 4032 Origeni,
1721 3972 1840 4032 post

257 4054 576 4106 attributam
624 4055 937 4108 deserenda:
979 4056 1108 4108 olim
1145 4072 1173 4108 a
1217 4055 1434 4109 Christo
1477 4056 1660 4110 carnis
1716 4070 1840 4108 scu-

257 4146 509 4208 tcntiam,
540 4154 598 4199 ut
629 4161 792 4214 supra
825 4148 1081 4211 diximus,
1114 4163 1255 4201 nunc
1293 4148 1462 4202 altera
1497 4163 1712 4216 quoque
1761 4145 1833 4198 illi

257 4240 618 4303 consectaria,
646 4240 931 4308 abjiciemli
986 4239 1275 4308 aliquando
1321 4239 1388 4292 ab
1428 4243 1614 4294 eodem
1664 4240 1833 4308 regni,

256 4329 576 4384 ascribitur.
645 4330 966 4398 Quanquam
1013 4329 1256 4383 nonnihil
1305 4331 1591 4400 utriusque
1632 4329 1836 4384 discre-

259 4430 355 4490 pat
413 4434 608 4486 causa;
666 4438 788 4474 nam
841 4423 984 4491 regia
1039 4432 1307 4491 potestate
1362 4423 1683 4477 humanitati
1726 4439 1835 4477 sua:

259 4514 547 4584 conjuncta
586 4525 806 4568 exutum
854 4516 916 4568 iri
971 4515 1250 4569 Christum
1294 4517 1562 4570 sentiebat
1601 4515 1829 4570 Marcel-

257 4603 375 4670 lus;
406 4608 690 4676 Origenem
723 4622 851 4660 vero
900 4622 1160 4675 regnum,
1214 4622 1322 4676 quo
1377 4615 1637 4675 tanquam
1693 4607 1834 4660 Deus

258 4700 509 4769 potitur,
561 4699 937 4752 abdicaturum
985 4713 1108 4752 eum
1170 4699 1449 4752 censuisse
1505 4698 1836 4767 Theophilus

257 4791 509 4853 credidit,
539 4792 990 4858 quemadmodum
1017 4808 1082 4846 ex
1104 4789 1220 4857 ejus
1243 4790 1615 4844 confutatione
1646 4791 1831 4860 liquet,

257 4881 311 4933 in
344 4897 447 4948 qua
478 4879 655 4933 Patris
678 4889 731 4934 et
760 4880 878 4934 Filii
916 4883 1177 4934 unitatem
1205 4881 1420 4950 probat.
1441 4880 1553 4946 Qua
1582 4896 1833 4950 quamam

257 4974 501 5025 atrocior
536 4974 813 5026 accusatio
849 4973 1052 5027 intendi
1084 4973 1292 5043 potest?
1318 4972 1374 5026 Si
1409 4985 1627 5042 putasse
1657 4974 1830 5027 dixis-

257 5075 341 5118 set
370 5066 658 5134 Origenem
691 5067 841 5135 regio
869 5067 1172 5129 dominatu,
1203 5081 1311 5135 quo
1342 5066 1543 5120 Christi
1583 5065 1835 5119 hun'iani-

260 5169 343 5211 tas
381 5161 602 5225 praedita
631 5171 746 5224 est,
776 5160 1046 5228 privatum
1099 5160 1164 5212 iri
1200 5169 1320 5227 post
1372 5161 1830 5212 resurrectionem

258 5250 574 5316 Christum;
621 5252 896 5319 aliquibus
939 5251 1173 5306 fortasse
1234 5253 1566 5323 argumentis
1611 5266 1835 5305 accusa-

260 5344 466 5396 tionem
542 5358 696 5397 suam
758 5355 1028 5412 utcunque
1080 5348 1484 5410 confirmasset;
1536 5359 1631 5408 eo,
1682 5354 1832 5414 puta,

259 5435 402 5500 quod
449 5449 514 5487 ex
563 5437 734 5488 allicta
787 5435 1008 5503 Origeni
1041 5439 1311 5490 sententia
1360 5438 1589 5507 depositi
1637 5438 1689 5490 in
1722 5436 1834 5490 sole

263 5533 469 5586 Christi
507 5532 753 5598 corporis
782 5540 834 5583 et
863 5531 1214 5584 immanitatis
1248 5534 1351 5600 peti
1381 5540 1611 5600 poterat.

335 5623 535 5679 Verum
569 5623 620 5675 in
639 5620 1088 5691 Origeuianarun:
1123 5620 1555 5677 lucubrationum
1587 5621 1831 5691 reliquiis

334 5803 382 5838 "
411 5804 428 5859 l
462 5801 618 5858 Joan.
655 5817 716 5871 ιι,
756 5803 806 5868 l,
833 5802 884 5859 ‘3.

1940 1940 2150 1992 saniam
2202 1941 2464 2010 ejusmodi
2504 1941 2766 2012 Origenes
2813 1943 3078 1998 hauserit.
3109 1944 3221 2014 Ego
3270 1961 3401 2000 vero
3455 1947 3520 2000 li-

1939 2033 2104 2100 quido
2146 2031 2332 2099 jurare
2377 2049 2596 2101 possunt
2650 2035 2764 2087 hare
2801 2035 3043 2103 Apostoli
3090 2052 3210 2105 qum.
3264 2038 3519 2107 leguntur

1939 2122 2108 2176 lCor.
2141 2123 2324 2186 “,25
2368 2134 2424 2178 et
2477 2140 2617 2194 seq.,
2674 2141 2954 2195 perperam
3000 2139 3255 2197 accepta,
3293 2145 3516 2184 causam

1939 2215 2158 2283 Origeni
2195 2218 2396 2271 erroris
2430 2219 2586 2286 hujus
2627 2219 2860 2285 dedisse,
2897 2222 2940 2272 si
2977 2223 3136 2273 modo
3163 2223 3210 2275 ei
3249 2223 3515 2287 adlucsit;

1939 2324 2063 2362 nam
2095 2319 2148 2361 et
2187 2309 2237 2362 in
2265 2311 2512 2364 eamdem
2560 2312 2683 2365 inde
2733 2314 3059 2366 sententiam
3113 2315 3331 2383 impulsi
3388 2326 3519 2368 sunt

1938 2401 2255 2465 Marcellus,
2310 2413 2360 2456 et
2399 2404 2674 2472 popularis
2713 2403 2828 2472 ejus
2856 2405 3156 2470 Photinus;
3189 2417 3244 2461 et
3287 2407 3516 2462 alterius

1937 2509 2151 2563 quoque
2183 2494 2522 2565 confingendi
2563 2498 2830 2567 dogmatis
2878 2499 2946 2553 ab
2979 2500 3232 2554 Ecclesia:
3279 2500 3517 2554 decretis

1937 2584 2126 2637 absoni
2183 2599 2403 2638 cauSant
2479 2585 2601 2638 inde
2666 2586 2927 2656 Origenes
2959 2588 3210 2656 arripuit,
3239 2594 3299 2640 ut
3343 2587 3394 2638 in
3433 2600 3519 2640 se-

1937 2678 2227 2745 quentibus
2257 2679 2690 2733 ohscrvabimus.
2717 2679 2913 2733 Verum
2944 2681 3142 2732 frustra
3180 2679 3230 2731 id
3273 2678 3438 2744 qnzeri
3485 2693 3514 2730 a

1938 2767 2130 2830 nobis,
2185 2778 2238 2821 et
2291 2767 2428 2821 labis
2470 2769 2629 2836 hujus
2678 2780 2956 2839 expertem
3001 2769 3170 2822 fuisse
3224 2766 3514 2835 Origenem

1935 2858 2205 2927 conjicere
2249 2875 2531 2928 possumus
2565 2875 2631 2915 ex
2681 2861 2865 2930 Cyrilli
2902 2858 3375 2930 llierosolymitani
3421 2874 3516 2910 ca-

1938 2952 2140 3005 techesi
2181 2967 2281 3015 xv,
2311 2952 2402 3020 qui
2435 2951 2682 3006 hmresim
2724 2954 2868 3006 illam
2913 2955 2963 3006 in
3001 2951 3258 3005 Marcello
3293 2959 3347 3003 et
3376 2947 3520 3005 Pho-

1940 3044 2051 3097 tino
2093 3044 2358 3098 u'lcisceus
2391 3060 2578 3099 recens
2616 3045 2765 3099 illam
2801 3057 3049 3100 exortam
3082 3046 3232 3108 dicit,
3261 3045 3515 3117 πρησφά-

1937 3153 2042 3198 τως
2081 3137 2432 3205 ἁναφυεῖσαν,
2464 3137 2606 3206 quod
2654 3135 2839 3206 utique
2876 3153 2980 3191 non
3026 3137 3288 3202 dixisset,
3336 3141 3378 3193 si
3404 3138 3515 3205 jam

1863 3203 1905 3267 C
1941 3228 2066 3280 inde
2127 3203 2320 3282 fuisset
2376 3230 2444 3282 ab
2482 3203 2766 3297 Origenis
2811 3228 3147 3297 temporibus
3195 3203 3514 3300 propagata.

1940 3319 2224 3389 Reliquam
2254 3323 2516 3374 adversus
2566 3322 2616 3374 id
2665 3332 3029 3375 commentum
3070 3322 3352 3389 TheOphili
3403 3322 3515 3375 dis-

1938 3411 2286 3464 sertationem
2312 3412 2691 3480 prmlermilto,
2717 3427 2836 3480 qua:
2862 3413 3164 3465 maledictis
3187 3422 3392 3465 tantum
3417 3429 3516 3480 pu-

1941 3511 2093 3568 gnat,
2112 3516 2210 3554 nec
2225 3501 2514 3569 quidquam
2531 3503 2888 3569 profertseria
2911 3507 3255 3570 responsione
3274 3501 3513 3572 dignum.

2495 3592 2822 3658 QUAS-STIO
2864 3592 2949 3646 iv.

2359 3702 2422 3739 DE
2453 3701 2623 3738 ΒΕᾹΤΛ
2656 3700 2823 3738 MARIA
2853 3701 3092 3740 VIBGINE.

1939 3776 1979 3831 l.
2009 3780 2197 3833 Utrum
2226 3778 2493 3832 Christum
2519 3791 2562 3829 et
2591 3779 2793 3828 beatum
2835 3777 3060 3829 Mariam
3099 3775 3358 3844 Virginem
3388 3794 3516 3844 pur-

2009 3851 2219 3920 gatione
2241 3861 2352 3920 post
2393 3861 2602 3920 partum
2627 3863 2752 3920 Opus
2787 3845 3313 3920 habuisseOriqenes
3341 3850 3518 3900 existi-

2010 3917 2241 3972 iuat'erit.
2297 3917 2357 3970 Il.
2410 3917 2599 3970 Utrum
2646 3919 2935 3969 claustrum
2999 3919 3518 3986 rirgittitatisbeote

2015 3990 2204 4042 Μαι-ἔα·
2244 3992 2294 4041 iu
2320 4003 2475 4056 partu
2502 3999 2786 4040 reseratum
2809 3989 3048 4054 opinatus
3084 3985 3175 4039 sit.
3204 3987 3288 4039 lll.
3327 3985 3517 4041 Utrum

2009 4061 2212 4113 beatam
2238 4058 2469 4111 Mariam
2494 4059 2720 4121 peccatis
2763 4057 3044 4110 obnoxiam
3067 4060 3351 4125 putaverit.

2009 4150 2050 4205 Ι.
2074 4148 2384 4214 Geminam,
2413 4163 2585 4217 eoque
2621 4147 2888 4216 amplius,
2919 4149 3074 4200 unica
3109 4147 3324 4200 humilia
3345 4189 3358 4209 ,
3392 4163 3512 4215 qua:

1939 4255 2166 4296 numero
2210 4241 2416 4294 decima
2467 4249 2659 4308 quarta
2707 4247 2792 4291 est
2838 4239 2890 4290 in
2932 4237 3162 4301 Lucam,
3211 4240 3515 4310 reprehen-

1936 4335 2101 4387 dendi
2150 4333 2232 4386 sui
2279 4346 2495 4385 causam
2548 4331 2696 4384 dedit
2759 4330 3022 4398 Origenes
3067 4334 3350 4398 :priorem
3394 4349 3515 4386 cum

1937 4427 2212 4481 Christum
2252 4427 2491 4479 asseruit
2529 4434 2584 4479 et
2615 4425 2838 4477 Mariam
2871 4424 3194 4492 purgatione
3235 4435 3358 4492 post
3395 4441 3516 4492 par-

1943 4526 2051 4570 tum
2074 4531 2212 4584 Opus
2246 4515 2532 4578 habuisse;
2564 4513 2826 4578 alteram,
2877 4528 3001 4564 cum
3051 4523 3296 4581 apertum
3349 4515 3518 4569 fuisse

1941 4611 2240 4662 claustrum
2280 4606 2604 4675 virginitatis
2641 4606 2814 4658 beata:
2837 4603 3018 4658 Mariae
3048 4606 3100 4657 in
3131 4617 3285 4674 partu
3311 4607 3514 4660 docuit.

1942 4700 2243 4768 Utrumque
2269 4713 2366 4751 suo
2389 4698 2580 4751 ordine
2607 4697 3018 4761 ventilabimus;
3050 4707 3104 4751 et
3126 4714 3270 4752 nunc
3299 4701 3513 4767 quidem

1937 4792 2005 4845 de
2035 4791 2232 4860 priore.
2271 4787 2555 4858 Origenes,
2613 4787 2774 4841 Luca:
2821 4797 2981 4857 caput
3032 4803 3070 4841 ιι
3122 4790 3510 4858 interpretans,

1938 4885 1992 4938 in
2034 4884 2148 4938 hazc
2204 4884 2368 4936 verba
2410 4896 2602 4935 versus
2640 4879 2710 4932 22
2750 4898 2763 4932 :
2797 4879 2904 4934 Καὶ
2965 4878 3064 4933 ὅτε
3110 4881 3517 4950 ἐπλήσθησαν

1936 4981 1994 5031 αἱ
2023 4975 2232 5044 ἡμέραι
2261 4974 2368 5028 τοῦ
2411 4973 2780 5041 καθαρισμοῦ
2810 4971 3044 5036 αὐτῶν,
3082 4973 3231 5025 κατὰ
3272 4972 3380 5024 τὸν
3417 4973 3517 5025 νό-

1933 5087 2056 5140 μον
2074 5068 2391 5132 Μωῦσέως,
2417 5067 2495 5120 sic
2521 5075 2738 5134 perorat
2763 5081 2776 5116 :
2810 5085 2828 5116 ι
2858 5064 3085 5134 Propter
3117 5066 3511 5133 purgationem,

1937 5162 2136 5229 inquit,
2174 5175 2382 5214 eorum.
2409 5159 2675 5224 Quorum,
2718 5157 2945 5212 eorum?
2988 5156 3043 5209 Si
3120 5155 3381 5223 scriptum
3423 5169 3513 5207 es-

1936 5265 2020 5309 set
2064 5263 2288 5324 propter
2319 5251 2702 5322 purgationem
2734 5250 2887 5318 ejus,
2925 5251 2975 5300 id
3020 5261 3101 5302 est
3124 5288 3138 5309 .
3183 5247 3364 5301 Maria:
3395 5264 3514 5316 (jure

1937 5355 2254 5416 pepererat,
2288 5343 2423 5396 nihil
2479 5342 2799 5411 qumstionis
2841 5341 3100 5406 oriretur,
3148 5352 3204 5394 et
3257 5342 3516 5393 audacter

1937 5439 2243 5492 diceremus
2275 5433 2524 5499 Mariam,
2556 5449 2677 5502 quae
2701 5435 2866 5488 homo
2889 5442 3031 5497 erat,
3067 5436 3391 5502 purgatione
3428 5433 3514 5484 iu-

1936 5530 2176 5598 diguisse
2223 5540 2345 5597 p05t
2391 5537 2632 5596 partum.
2685 5524 2840 5578 Nunc
2886 5539 3016 5578 vero
3053 5526 3104 5578 in
3141 5540 3208 5579 eo
3237 5524 3380 5594 quod
3415 5525 3512 5589 ait,

1935 5623 2051 5678 dics
2074 5619 2415 5694 purgationis
2443 5634 2632 5676 eorum
2659 5658 2674 5686 ,
2711 5633 2817 5673 non
2846 5618 3060 5675 videtur
3101 5634 3264 5673 unum
3311 5617 3510 5687 siguili-
