4054 6310
505 390 513 413 τ
549 334 658 389 339

1722 348 1725 349 '
1821 338 1887 394 P.
1925 338 2240 395 DANIELIS
2277 340 2512 396 IiUETll

3686 352 3810 407 850

512 470 722 527 “care,
751 453 847 508 sed
894 453 1123 509 alterum
1151 493 1165 516 ,
1201 470 1299 509 seu
1342 454 1547 525 plures.
1588 477 1608 510 ι
1655 457 1883 528 Legerat
1920 474 2136 527 nempe,
2167 465 2210 522 Α
2243 462 2394 531 piunt
2419 471 2473 517 et
2531 464 2780 532 pariunt;
2814 479 2933 533 qua:
2962 480 3089 519 vero
3119 466 3323 521 semine
3346 465 3664 534 neutiquam
3691 480 3812 519 sns-

513 547 635 604 ‘,uti
669 561 812 599 nunc
842 560 1059 614 quoque
1096 545 1316 615 legitur,
1362 545 1470 599 τοῦ
1500 548 1871 617 καθαρισμοῦ
1899 548 2126 603 αὐτῶν·

555 654 719 708 quam
761 639 1047 694 lectionem
1088 639 1569 706 interpretationes
1608 640 1867 712 Syriaca,
1916 641 2131 697 Ethio-

554 731 698 801 pica,
732 740 789 786 et
816 730 1056 793 Persica,
1084 740 1140 785 et
1175 729 1371 785 Patres
1400 732 1627 800 aliquot,
1660 748 1725 787 ac
1754 733 1970 787 codices
1992 734 2129 787 bene

558 817 711 876 multi
758 833 999 876 tuentur.
1050 821 1185 888 Alii,
1243 839 1419 892 neque
1475 825 1630 891 pauci
1683 825 1884 880 habent
1917 823 2127 891 αὑτοῦ,

555 916 651 969 sed
677 915 956 984 legendum
1006 917 1226 969 omnino
1262 916 1488 984 αὐτῆς,
1530 916 1683 985 juxta
1731 918 2010 987 angatam
2076 928 2131 972 et

553 1008 842 1060 Arahicam
905 1007 1412 1075 interpretationem
1480 1009 1803 1078 Erpenianae
1852 1011 2126 1066 editionis.

556 1098 658 1151 Uni
687 1098 954 1168 siquidem
994 1114 1275 1167 puerpera:
1331 1101 1709 1167 purgationem
1762 1100 1930 1155 fuisse
1969 1101 2127 1155 adhi—

540 1191 744 1255 Jritam,
781 1207 889 1244 non
925 1191 1087 1245 etiam
1122 1191 1313 1244 infanti
1335 1202 1550 1246 constat
1579 1207 1644 1247 ex
1688 1191 1860 1247 Levit.
1905 1209 1966 1247 ιι.
2004 1194 2132 1249 Cor-

538 1293 709 1357 ’rnpta
742 1284 923 1351 itaque
946 1284 1094 1337 vocis
1124 1282 1269 1336 illius
1293 1282 1485 1350 αὐτῆς
1511 1283 1676 1338 lectio
1695 1284 1913 1352 Origeui
1949 1286 2126 1341 fucum

538 1374 703 1438 .fecit,
733 1384 790 1429 et
834 1375 1113 1429 Christum
1155 1375 1341 1428 itidem
1393 1386 1450 1428 ut
1486 1375 1711 1430 Mariam
1752 1379 2129 1447 puriﬁcatione

552 1484 688 1536 opus
713 1468 970 1521 habuisse
1001 1468 1289 1537 persuasit.
1337 1468 1555 1522 Christo
1586 1470 1770 1538 itaque
1806 1481 1862 1524 ut
1907 1472 2128 1541 reliquis

554 1560 873 1615 hominibus
934 1560 1239 1629 applicabat
1299 1562 1506 1615 dictum
1566 1562 1689 1618 Jobi
1725 1603 1740 1628 ,
1794 1582 1815 1616 ι
1852 1563 2127 1617 Neminem

550 1670 672 1709 esse
707 1654 971 1709 mundum
1018 1669 1047 1706 a
1096 1655 1258 1709 sorde
1294 1669 1308 1708 :
1347 1671 1412 1707 ne
1447 1656 1490 1709 si
1538 1656 1702 1709 unius
1752 1656 1968 1724 quidem
2023 1657 2126 1710 diei

552 1748 721 1801 fiierit
748 1748 857 1800 vita
895 1744 1012 1812 ejus
1052 1746 1120 1800 ".
1169 1764 1188 1797 ι
1231 1745 1431 1800 Sordes
1472 1757 1655 1800 autem
1702 1761 1731 1799 a
1780 1758 2003 1816 peccato
2043 1748 2129 1800 hic

2234 565 2390 622 cepto
2414 557 2642 624 peperit,
2680 572 2800 610 eam
2823 572 2952 610 vero
2989 557 3317 610 immundam
3340 571 3443 610 non
3488 571 3637 610 esse.
3662 555 3810 622 Quo-

2239 660 2354 697 rum
2385 660 2447 701 ea
2476 662 2731 714 germana
2755 658 2901 711 sinit,
2923 653 3045 717 quae
3070 658 3459 715 repratsentant
3492 647 3715 701 Catena:
3744 661 3809 699 ex

2231 736 2467 805 Origene
2488 738 2543 791 in
2562 737 2724 795 Leuit.
2744 755 2881 803 xxtt,
2904 740 2939 792 9..
2962 758 2974 793 :
3000 740 3139 811 Γυνὴ
3159 741 3280 810 ἣτις
3302 736 3691 810 σπερματισθῇ
3718 740 3811 791 καὶ

2233 828 2381 882 τέκοι
2407 830 2605 901 ἄρσεν·
2650 831 2943 903 παρέλκειν
2972 833 3111 899 δόξει
3152 833 3211 885 τό
3231 851 3245 865 ο
3274 834 3367 886 ἐὰν
3400 830 3806 903 σπερματισθῇ,

2235 922 2671 991 προτασσόμενον
2705 924 2798 977 τοῦ
2818 940 2832 951 ·
2878 926 2971 977 καὶ
2998 925 3130 996 τέκῃ
3161 926 3323 994 ἄρσεν
3342 943 3356 956 ο
3394 924 3510 977 ἀλλ’
3546 924 3809 993 ἐφίστημι

2238 1014 2446 1083 μήποτε
2476 1014 2564 1067 ἵνα
2594 1017 2949 1087 προφητικῶς
2974 1019 3006 1086 ἡ
3034 1017 3221 1087 Μαρία
3255 1017 3354 1069 οὐκ
3381 1018 3443 1069 ἐκ
3467 1016 3562 1069 τοῦ
3614 1018 3811 1085 castep-

2238 1103 2493 1172 ματίσθαι
2517 1105 2750 1159 τεκοῦσα
2776 1107 2939 1177 ἄρσεν
2972 1106 3045 1177 μὴ
3073 1105 3300 1175 νομισῡῇ
3339 1105 3651 1174 ἀκάθαρτος
3675 1100 3808 1155 εἶναι

2234 1200 2592 1267 γεγεννηκυῖα
2607 1197 2696 1251 τὸν
2712 1198 2958 1269 Σωτῆρα,
2996 1197 3206 1267 εἴρηται
3254 1198 3372 1250 ὅλον
3397 1196 3575 1250 τοῦτο.
3630 1196 3811 1249 Adda-

2236 1302 2355 1340 mus
2385 1288 2618 1356 denique
2645 1288 2906 1358 insignem
2934 1290 3107 1343 locum
3133 1304 3196 1341 ex
3224 1287 3406 1343 homil.
3440 1288 3507 1341 12
3534 1289 3593 1341 in
3620 1286 3806 1353 Lerit.,

2236 1394 2385 1431 num.
2417 1380 2473 1443 4,
2506 1395 2613 1448 quo
2642 1382 3010 1449 generationis
3040 1381 3241 1435 Christi
3273 1391 3327 1434 et
3366 1380 3659 1450 virginalis
3696 1380 3809 1434 Ma-

2220 1472 2332 1525 .rize
2378 1472 2626 1540 corporis
2671 1472 2963 1526 mundities
3006 1471 3361 1525 disertissime
3428 1470 3804 1541 praedicatur:

2224 1581 2258 1613 es
2298 1563 2489 1625 Omnis
2523 1562 2613 1630 qui
2671 1562 2973 1632 ingreditur
3000 1562 3145 1617 hunc
3180 1564 3435 1617 mundum
3489 1563 3540 1617 in
3571 1563 3805 1631 quadam

2232 1655 2694 1709 contaminatione
2722 1652 2860 1709 efﬁci
2893 1654 3114 1708 dicitur.
3148 1652 3381 1723 Propter
3405 1656 3549 1725 quod
3582 1664 3639 1709 et
3662 1655 3809 1711 Scri-

2222 1756 2390 1814 ptura
2420 1746 2551 1801 dicit
2574 1762 2595 1807 :j
2630 1743 2799 1799 Nemo
2825 1746 3049 1799 mundus
3085 1762 3116 1798 α
3144 1747 3316 1811 sorde,
3343 1762 3406 1798 ne
3428 1746 3473 1799 si
3502 1747 3664 1799 unius
3702 1746 3805 1800 diei

551 1840 819 1903 distinxit,
866 1849 1028 1907 atque
1068 1837 1389 1892 sordescere
1433 1839 1670 1892 animam
1718 1839 1964 1908 putavit,
2008 1854 2129 1893 cum
2162 1829 2203 1883 Β
2232 1839 2391 1907 fuerit
2427 1839 2530 1891 t'ita
2554 1838 2668 1907 ejus
2698 1838 2767 1893 ⁵⁸.
2799 1836 2913 1891 Hoc
2946 1837 3062 1906 ipso
3081 1851 3210 1907 ergo
3247 1839 3389 1908 quod
3419 1838 3470 1890 in
3500 1836 3666 1890 vulva
3688 1854 3802 1891 ma-

554 1932 783 1986 mortale
814 1932 959 1986 subit
985 1946 1187 2001 corpus
1243 1946 1273 1984 e
1316 1931 1407 1983 vili
1459 1941 1515 1985 et
1555 1932 1772 1986 sordida
1816 1941 2128 1988 concretqu

536 2024 818 2089 materia;
865 2039 932 2078 ac
980 2039 1101 2079 sese
1132 2022 1362 2092 proinde
1407 2023 1724 2092 inquinasse
1767 2024 1969 2079 Christi
2015 2024 2133 2077 ani-

554 2132 694 2169 mam
735 2130 856 2170 cum
884 2130 1084 2185 corpus
1116 2116 1169 2168 in
1219 2114 1500 2168 muliebris
1532 2117 1674 2170 uteri
1701 2118 1966 2188 angustiis
2005 2118 2134 2171 deli-

555 2217 770 2262 tescens
819 2208 918 2262 sibi
966 2208 1237 2277 adjunxit.
1276 2206 1366 2261 Sic
1414 2207 1503 2262 ille
1536 2209 1586 2261 in
1626 2212 1814 2264 eadem
1855 2209 2073 2264 homilia
2112 2227 2127 2264 :

556 2317 575 2349 ι
616 2298 769 2353 Unde
803 2307 859 2351 et
892 2296 1148 2351 Salvator
1193 2296 1435 2366 loquitur
1484 2312 1498 2349 :
1548 2296 1660 2367 Ego
1700 2314 1814 2351 sum
1846 2300 2052 2363 vermis,
2084 2310 2130 2353 et

551 2408 656 2443 non
703 2390 892 2453 homo,
936 2390 1276 2459 Opprobrium
1329 2389 1636 2455 hominum,
1676 2399 1723 2443 et
1762 2391 1986 2460 abjectio
2022 2391 2131 2459 ple-

550 2484 627 2534 bis
654 2483 721 2537 ’⁷.
778 2480 1007 2536 Videbat
1050 2481 1102 2534 in
1157 2481 1349 2533 matris
1394 2490 1549 2534 utero
1585 2480 1982 2535 immunditiam
2009 2497 2128 2537 cor-

554 2589 767 2642 porum,
796 2574 1101 2628 visceribus
1135 2574 1255 2644 ejus
1284 2573 1410 2626 hinc
1443 2571 1567 2627 inde
1599 2573 1833 2626 vallatus
1854 2612 1870 2640 ,
1903 2581 2130 2629 terrenae

550 2667 698 2722 lineis
722 2668 1029 2737 patiebatur
1050 2669 1360 2737 angustias:
1394 2668 1537 2721 unde
1565 2666 1830 2722 assimilat
1860 2682 1920 2721 se
1954 2668 2125 2722 vermi

550 2770 607 2815 et
630 2760 760 2813 dicit
792 2775 807 2810 :
848 2757 956 2825 Ego
987 2774 1102 2811 sum
1136 2760 1344 2823 vermis,
1396 2768 1443 2810 et
1478 2774 1581 2810 non
1617 2757 1790 2811 homo.
1819 2776 1844 2810 ι
1928 2808 1931 2811 .

620 2851 692 2904 Δι
730 2848 1097 2904 Tertullianus
1124 2848 1260 2903 libro
1289 2849 1366 2902 De
1406 2865 1562 2902 carne
1592 2848 1810 2916 Christi,
1840 2865 1959 2919 cap.
1989 2849 2045 2915 4,
2074 2859 2129 2904 et

551 2941 645 2995 lib.
685 2955 741 2994 ιιι
772 2948 955 2993 contra
989 2937 1272 3003 Marciam,
1309 2952 1432 3007 cap.
1467 2938 1556 3002 Η,
1592 2939 1658 2992 de
1688 2938 1899 2992 Domini
1955 2938 2125 2993 nostri

550 3032 932 3102 corporatione
969 3046 1154 3100 agens,
1190 3030 1372 3100 pejora
1403 3031 1568 3084 etiam
1629 3031 1974 3097 deblatterat,
2003 3046 2126 3086 nam

549 3134 748 3196 praeter
775 3141 793 3174 ι
813 3122 1102 3194 spurcitias
1123 3120 1434 3192 genitalium
1455 3121 1507 3175 in
1533 3131 1690 3177 utero
1711 3122 2124 3186 elementorum,

552 3217 797 3271 humoris
824 3225 879 3269 et
915 3215 1216 3285 sanguinis,
1255 3214 1401 3270 fmJa
1452 3216 1678 3284 coagula
1715 3216 1894 3270 carnis
1927 3231 1991 3269 ex
2029 3230 2126 3271 eo-

549 3310 670 3363 dem
704 3322 861 3361 ctBno
888 3306 1094 3360 alendzc
1122 3322 1216 3375 per
1251 3320 1444 3359 novem
1470 3321 1720 3373 menses;
1769 3318 1957 3375 partus
1986 3322 2125 3376 quo-

547 3416 655 3473 que
689 3401 961 3453 immunda
1001 3407 1055 3453 et
1105 3399 1353 3467 pudenda
1407 3409 1705 3462 tormenta,
1739 3408 1788 3454 et
1834 3400 1999 3468 ipsius
2030 3415 2124 3453 ex-

549 3494 674 3547 inde
705 3491 975 3561 puerperii
1010 3506 1253 3560 spurcos,
1285 3491 1498 3555 anxios,
1544 3492 1786 3547 ludicros
1815 3492 1994 3545 exitus
2019 3491 2125 3563 ﬁn:

548 3586 647 3651 git.
686 3603 703 3635 ι
730 3582 860 3650 Quae
886 3584 953 3636 ab
995 3582 1273 3635 llwreticis
1309 3581 1520 3650 objecta
1546 3585 1857 3652 neutiquam
1891 3583 2004 3652 ipse
2031 3584 2130 3636 dif-

554 3671 825 3735 lilebatnr,
853 3672 947 3725 sed
992 3672 1101 3725 Deo
1116 3670 1340 3739 indigna
1362 3684 1483 3725 esse
1507 3673 1759 3740 negabat,
1779 3680 1968 3727 contra
1992 3671 2128 3727 Mar-

550 3761 804 3815 cionilas.

620 3872 881 3929 Sanctam
905 3890 1036 3929 vero
1062 3874 1338 3945 Virginem
1363 3891 1486 3931 cum
1523 3891 1675 3932 more
1706 3876 1935 3931 aliarum
1972 3876 2126 3932 femi-

549 3980 743 4019 narum
781 3980 877 4033 per
908 3966 1079 4018 vulvae
1132 3967 1526 4021 reserationem
1578 3966 1853 4021 Christutn
1907 3968 2124 4021 enixam

547 4071 669 4111 esse
702 4059 802 4111 sibi
828 4056 1089 4127 Origenes
1123 4056 1365 4119 ﬁnxerit,
1402 4065 1461 4111 ut
1510 4072 1635 4111 mox
1684 4058 2081 4127 disputabimus
2108 4098 2123 4125 ,

550 4150 701 4203 credi
736 4164 955 4219 quoque
1002 4159 1187 4217 posset
1220 4149 1493 4218 profusam
1529 4152 1597 4203 ab
1634 4165 1719 4214 ea,
1755 4151 1939 4205 itidem
1968 4160 2033 4204 ut
2058 4154 2126 4205 ab

550 4242 694 4306 aliis,
726 4252 914 4311 partus
971 4241 1253 4295 colluviem
1304 4241 1676 4305 existimasse,
1707 4244 1852 4296 unde
1903 4244 2126 4299 minime

551 4335 751 4389 mirum
782 4333 919 4388 foret
942 4334 1274 4401 purgaudam
1304 4348 1520 4402 quoque
1572 4333 1738 4388 fuisse
1761 4334 1933 4403 ipsum
1972 4350 2124 4390 asse-

550 4441 769 4479 verasse
796 4443 810 4492 ;
843 4425 937 4479 sed
965 4424 1190 4479 omnino
1220 4424 1387 4490 istud,
1418 4423 1521 4479 nisi
1558 4440 1642 4479 me
1681 4439 1799 4479 mea
1826 4425 2019 4480 fefellit
2043 4427 2126 4481 di-

2236 1933 2334 1985 tris
2366 1940 2450 1985 cst
2481 1931 2711 2000 positus,
2746 1939 2798 1984 et
2832 1931 2976 1999 quod
3009 1930 3290 1984 materiam
3325 1929 3571 1997 corporis
3597 1929 3666 1983 ab
3695 1929 3806 1981 ori-

2232 2022 2354 2091 gine
2381 2020 2588 2091 paterni
2644 2020 2867 2074 seminis
2922 2020 3106 2083 sumit,
3152 2020 3204 2073 in
3234 2030 3389 2089 patre
3432 2028 3487 2073 et
3531 2019 3587 2072 in
3634 2029 3805 2073 matre

2232 2110 2638 2164 contaminatus
2659 2110 2769 2164 dici
2795 2119 2987 2179 potest.
3020 2110 3129 2165 Aut
3160 2112 3357 2175 nescis,
3382 2110 3507 2180 quia
3535 2126 3661 2165 cum
3680 2126 3805 2180 qua-

2233 2203 2485 2272 draginta
2520 2203 2727 2257 dierum
2768 2202 2944 2257 factus
2973 2202 3139 2257 fuerit
3163 2217 3296 2271 puer
3321 2202 3618 2267 masculus,
3644 2204 3803 2257 offer-

2235 2303 2322 2347 tur
2353 2294 2420 2347 ad
2451 2293 2645 2359 altare,
2684 2302 2745 2347 ιιι
2780 2294 2851 2347 ibi
2885 2293 3226 2362 puriﬁcetur,
3277 2304 3533 2364 tanquam
3564 2295 3660 2364 qui
3689 2295 3803 2364 pol-

2232 2384 2376 2439 Intus
2410 2384 2575 2439 fuerit
2602 2385 2655 2439 in
2691 2385 2803 2455 ipsa
2828 2385 3205 2454 conceptione,
3234 2384 3319 2439 vel
3379 2388 3591 2454 paterni
3639 2388 3801 2441 semi-

2233 2478 2341 2544 nis,
2381 2477 2464 2532 vel
2502 2478 2641 2532 uteri
2667 2476 3151 2532 materni?0mnis
3178 2493 3307 2548 ergo
3330 2477 3492 2531 homo
3543 2479 3598 2531 in
3652 2489 3801 2548 patre

2231 2579 2285 2624 ct
2306 2570 2357 2623 in
2388 2578 2561 2622 matre
2590 2567 2826 2636 pollutus
2853 2576 2937 2620 est
2952 2583 2974 2633 .;
3021 2566 3170 2622 solus
3203 2581 3329 2621 vero
3352 2564 3509 2620 Jesus
3538 2567 3797 2621 Dominus

2231 2676 2383 2715 meus
2419 2661 2470 2713 in
2505 2660 2645 2713 hanc
2674 2660 3082 2728 generationem
3116 2658 3347 2712 mundus
3380 2659 3660 2729 ingressus
3695 2671 3799 2722 est,

2231 2752 2286 2807 in
2310 2760 2483 2807 matre
2504 2766 2610 2805 non
2630 2759 2713 2804 est
2740 2750 2994 2819 pollutus.
3029 2750 3305 2820 Ingressus
3330 2761 3414 2804 est
3435 2753 3579 2805 cuitu
3604 2768 3798 2820 corpus

2231 2842 2742 2907 incontatninatum.
2799 2842 2918 2911 Ipse
2951 2842 3096 2895 enim
3127 2852 3243 2896 erat
3266 2843 3355 2912 qui
3385 2854 3440 2896 et
3468 2844 3673 2896 dudum
3706 2858 3799 2911 per

2230 2934 2575 2991 Salomoncm
2597 2934 2806 2989 dixerat
2831 2947 2845 2985 :
2876 2931 3047 3003 Magis
3075 2942 3245 2986 autent
3279 2950 3394 2986 cum
3422 2950 3583 2987 essent
3607 2935 3793 2999 bonus,

2230 3026 2343 3079 veni
2375 3026 2442 3078 ad
2471 3041 2662 3092 corpus
2690 3024 3147 3092 incoinquinatum
3178 3024 3243 3077 θ’.
3267 3023 3381 3078 Non
3404 3035 3485 3078 est
3516 3040 3649 3096 ergo
3674 3041 3799 3079 cono

2232 3115 2525 3169 taminatus
2565 3116 2617 3169 in
2656 3126 2852 3179 matre,
2887 3114 2980 3168 sed
3013 3130 3081 3168 ne
3122 3115 3174 3168 in
3210 3124 3358 3184 patre
3378 3117 3629 3185 quidem.
3653 3115 3796 3171 Nihil

2228 3206 2372 3259 enim
2402 3202 2599 3275 Joseph
2633 3208 2683 3259 in
2706 3205 3054 3275 generatione
3078 3206 3192 3275 ejus
3209 3216 3407 3276 praeter
3431 3206 3794 3265 ministerium

2228 3297 2479 3365 praestitit
2509 3306 2561 3351 et
2587 3295 2859 3350 affectant.
2897 3315 2917 3348 ι

2299 3387 2391 3440 Sic
2420 3395 2597 3439 autem
2630 3388 2694 3441 de
2723 3401 2881 3441 sacro
2924 3384 3105 3440 Maria:
3153 3388 3439 3455 puerperio
3490 3392 3661 3444 sentit
3706 3407 3797 3446 ca-

2231 3480 2429 3535 tholica
2458 3479 2722 3543 Ecclesia,
2752 3480 3098 3549 antiquorum
3136 3479 3359 3534 Patru'n
3390 3482 3662 3551 dogmatis
3695 3486 3795 3537 im-

2199 3570 2353 3625 ~huta
2391 3572 2492 3625 etsi
2527 3582 2705 3624 uterus
2762 3573 2824 3625 de
2860 3573 2945 3625 die
2974 3572 3029 3624 in
3066 3573 3176 3625 dies
3206 3572 3533 3628 insolesceret
3585 3574 3800 3647 (placet

2227 3663 2369 3717 enim
2398 3662 2711 3716 Tertulliani
2745 3664 2909 3716 verba
2938 3663 3029 3716 lib.
3054 3662 3126 3716 De
3155 3678 3313 3716 carne
3342 3662 3567 3731 Christi,
3592 3681 3717 3735 cap.
3745 3666 3797 3726 ι.

2230 3756 2510 3826 repudiata
2555 3756 2680 3811 licet
2720 3756 2891 3826 ipsius
2937 3759 3223 3823 sententia,
3276 3758 3545 3829 retinere)
3595 3775 3798 3828 gravent

2228 3860 2428 3914 tamen,
2466 3854 2703 3916 anxium,
2733 3852 2988 3903 incertum
3019 3850 3323 3903 libidinibus
3345 3850 3554 3918 fastidii
3583 3861 3632 3903 et
3663 3850 3798 3918 gula:

2226 3944 2538 4011 neutiquam
2563 3942 2761 4007 fuisse;
2786 3941 2934 3997 foras
2959 3956 3087 3995 vero
3116 3941 3375 4010 infantem
3412 3958 3517 3996 non
3542 3959 3662 3997 cum
3686 3943 3797 3996 suis

2218 4036 2605 4107 impedimentis
2639 4036 2914 4106 profusum
2948 4045 2997 4089 et
3034 4034 3251 4088 oblitum
3276 4074 3290 4098 ,
3339 4036 3795 4103 quemadmodum

2224 4132 2347 4187 aliis
2376 4130 2628 4186 omnibus
2661 4130 2944 4201 puerperis
2990 4128 3128 4183 solet
3162 4130 3499 4199 contingere,
3535 4130 3630 4184 sed
3683 4130 3801 4183 abs-

2226 4240 2329 4296 que
2359 4226 2479 4279 ullis
2510 4222 2933 4294 inquinamentis
2948 4230 3001 4276 et
3014 4221 3263 4276 sordibus
3287 4221 3571 4291 prodiisse.
3594 4221 3799 4289 Quam-

2226 4322 2411 4372 obrem
2465 4331 2672 4371 canone
2691 4316 2757 4373 79
2801 4314 2990 4385 synodi
3017 4313 3336 4382 quinisextze
3356 4313 3654 4382 abrogatur
3675 4329 3797 4369 con-

2226 4409 2457 4465 suetudo
2476 4424 2505 4461 a
2530 4406 2802 4463 nonnullis
2823 4406 3100 4461 observari
3125 4405 3282 4460 solita
3309 4405 3413 4459 illis
3436 4406 3795 4474 temporibus,

536 4516 796 4585 ﬁgentia.
821 4518 875 4569 in
907 4514 1143 4586 Origene
1172 4531 1491 4585 expressum
1521 4532 1625 4572 ῃοη
1660 4528 1765 4572 εει,
1916 4533 2046 4589 επιΒο
2070 4521 2118 4575 ei
2154 4523 2196 4578 ι’)
2229 4502 2463 4556 similam
2494 4499 2763 4568 coquendi
2793 4508 2915 4567 ροει
2940 4497 3083 4550 diem
3116 4496 3431 4589 nativitatis
3749 4505 3799 4550 et

542 4604 830 4659 ‘suﬂiciunt
852 4622 1092 4673 errores,
1122 4622 1221 4661 nec
1246 4606 1406 4661 alieni
1442 4617 1646 4663 temere
1674 4608 1799 4663 huic
1835 4608 2123 4680 alliugendi

549 4706 696 4750 sunt.
733 4695 881 4751 Hanc
909 4699 1086 4767 potius
1113 4699 1250 4753 Sixti
1287 4699 1546 4754 Senensis
1566 4700 1968 4757 adnotationem
1996 4704 2122 4767 156,

547 4801 673 4857 qua:
699 4786 791 4841 lib.
824 4802 873 4840 vi
905 4785 1158 4842 Biblioth.
1194 4790 1400 4843 intexta
1434 4797 1540 4855 est,
1567 4790 1951 4845 admittamus:
1989 4810 2009 4842 r
2045 4789 2127 4843 ln-

552 4879 745 4949 telligit
777 4878 1008 4932 fortasse
1034 4878 1319 4948 Origenes,
1347 4894 1453 4933 non
1482 4880 1549 4934 de
1580 4881 1900 4950 purgatione
1924 4883 1991 4935 ab
2027 4882 2128 4934 im-

548 4971 832 5026 munditiis
870 4980 926 5025 et
950 4971 1206 5026 sordibus
1231 4980 1443 5040 partus,
1474 4971 1673 5040 quibus
1726 4973 1854 5026 nulli
1896 4972 2118 5027 dubium

550 5072 635 5115 est
660 5061 882 5115 Mariam
916 5077 1021 5116 non
1054 5062 1224 5116 fuisse
1245 5063 1557 5130 obnoxiam,
1602 5064 1696 5117 sed
1720 5064 1786 5117 de
1821 5063 2018 5118 ritibus
2068 5075 2122 5119 et

552 5152 914 5215 caeremoniis,
951 5152 1148 5221 quibus
1179 5148 1394 5223 Moyses
1422 5168 1720 5222 puerperas
1758 5153 1978 5207 lustrari
2004 5154 2121 5223 jus-

550 5251 734 5295 serat:
768 5243 864 5296 has
889 5258 1110 5297 necesse
1137 5252 1257 5296 erat
1301 5245 1502 5296 servari
1554 5259 1581 5296 a
1625 5254 1799 5299 matre
1828 5244 1993 5310 illius,
2027 5248 2117 5313 qui

551 5330 725 5401 legem
776 5332 1095 5401 impleturus
1139 5343 1384 5396 venerat,
1435 5348 1539 5386 non
1569 5334 1965 5388 destructurus.
2002 5353 2020 5386 ι
2053 5335 2123 5387 ll-

552 5425 642 5478 lud
680 5438 748 5478 ex
799 5439 865 5479 eo
900 5428 1274 5490 conﬁrmatur,
1313 5426 1457 5494 quod
1506 5426 1692 5479 bomil.
1744 5426 1778 5481 8
1838 5428 1890 5480 in
1930 5426 2117 5493 Let'il.,

553 5534 700 5571 num.
731 5516 789 5579 2,
814 5519 1001 5572 scribit
1025 5518 1285 5587 Origenes
1314 5532 1407 5571 eas
1436 5517 1607 5571 solum
1647 5519 1903 5573 mulieres
1934 5520 1987 5574 iu
2026 5535 2119 5587 pa.

547 5610 745 5664 riendo
778 5624 899 5665 esse
931 5611 1258 5675 immundas,
1290 5625 1410 5679 qua:
1435 5610 1643 5665 semine
1675 5611 1910 5685 admisso
1936 5611 2120 5665 conci~

620 5808 667 5840 ”
695 5805 813 5862 Job.
841 5823 952 5873 xw,
980 5808 1032 5863 4.
1104 5808 1152 5867 ,⁹⁷
1183 5809 1324 5866 Psal.
1354 5811 1540 5882 xxt._7.
1620 5810 1663 5843 "'
1695 5810 1816 5868 Job.
1846 5826 1951 5877 xw,
1978 5809 2031 5879 4,
2060 5809 2107 5862 :‘S.

2226 4610 2343 4649 eam
2377 4593 2478 4647 sibi
2524 4591 2753 4645 invicem
2805 4588 3189 4658 impertiendi,
3241 4606 3259 4639 ι
3317 4587 3540 4641 honoris
3589 4587 3791 4641 scilicet

2228 4696 2488 4759 praetextu
2508 4685 2922 4740 secundinarum
2945 4681 3237 4750 impollutus
3259 4680 3494 4750 Virginis
3518 4682 3746 4734 matris:
3772 4699 3790 4732 ι

2229 4778 2492 4832 rationem
2525 4776 2702 4829 reddit
2729 4774 2983 4844 synodus,
3021 4786 3144 4827 esse
3167 4772 3363 4841 quippe
3395 4770 3687 4842 ἀλόχευτον
3709 4772 3795 4825 τὸν

2225 4872 2291 4923 ἐκ
2322 4870 2421 4939 τῆς
2449 4866 2715 4938 παρθένου
2771 4865 2913 4918 θεῖον
2944 4863 3124 4929 τόκον,
3173 4864 3247 4928 ὡς
3286 4866 3381 4917 καὶ
3416 4865 3679 4937 ἀσπὸρως
3711 4883 3800 4918 συ-

2230 4962 2450 5015 στάντα.
2486 4979 2507 5012 s
2555 4958 2878 5013 Secundinis
2927 4966 3204 5011 carentem
3261 4954 3501 5024 Virginis
3557 4956 3800 5009 divinum

2218 5061 2464 5121 partum,
2503 5059 2563 5103 ut
2587 5050 2679 5118 qui
2716 5047 2924 5103 semine
2964 5046 3225 5101 caruerit.
3263 5063 3283 5099 ι

2300 5140 2364 5196 ll.
2388 5142 2505 5195 Alia
2540 5155 2755 5210 quoque
2780 5155 2844 5194 ac
2866 5139 3088 5208 gravior
3116 5138 3424 5192 criminatio
3450 5150 3514 5191 ex
3545 5137 3633 5192 his
3656 5139 3799 5207 ejus-

2227 5238 2347 5289 dem
2384 5234 2616 5287 humilia:
2644 5233 2710 5285 Η
2737 5234 2791 5286 in
2828 5230 3022 5283 Lucam
3060 5230 3237 5285 verbis
3264 5230 3440 5283 oritur
3489 5248 3501 5283 :
3542 5243 3565 5281 ι
3604 5229 3803 5295 Quem-

2230 5340 2443 5396 cunque
2471 5327 2535 5380 de
2558 5335 2715 5378 utero
2764 5321 2996 5379 effusum
3046 5336 3250 5375 marem
3308 5322 3533 5383 dixeris,
3588 5336 3695 5376 nou
3723 5322 3800 5375 sic

2229 5420 2401 5487 aperit
2440 5418 2653 5472 vulvam
2688 5414 3032 5479 matrissuae,
3064 5421 3122 5467 ut
3156 5412 3413 5467 Dominus
3443 5410 3636 5478 Jesus;
3672 5413 3796 5481 quia

2227 5513 2468 5567 omnium
2498 5511 2779 5565 mulierum
2816 5524 2921 5563 non
2952 5516 3144 5578 partus
3172 5504 3415 5572 infantis,
3443 5506 3539 5559 sed
3560 5506 3663 5558 viri
3687 5506 3794 5558 coi-

2231 5620 2317 5663 tus
2346 5606 2560 5662 vulvam
2591 5612 2819 5659 reserat.
2844 5600 3029 5658 Matris
3064 5615 3192 5657 vcro
3220 5599 3431 5657 Domini
3462 5614 3525 5655 eo
3557 5608 3795 5670 tempore

2186 5812 2228 5843 9’
2260 5810 2383 5880 Sap.
2414 5822 2530 5871 vttt,
2562 5804 2651 5859 ΞΟ.
