4054 6310
236 373 330 429 8H

1041 375 1602 434 ORIGENIANORUM
1640 377 1770 434 LIB.
1811 379 1876 446 II,
1912 379 2061 435 CAP.
2104 380 2167 447 II,
2209 381 2484 448 QUJEST.
2524 386 2614 439 IV.

3350 397 3453 451 842

233 488 390 542 vulva
414 500 651 567 reserata
692 501 794 556 est,
822 508 928 563 qno
959 502 1011 550 et
1067 506 1254 567 partus
1278 497 1475 564 editus,
1508 497 1632 568 quia
1667 513 1791 552 san-
1823 500 1865 557 Α
1895 497 2145 553 Basiliam
2187 512 2241 555 et
2267 503 2401 559 alios
2437 513 2715 573 praeterea,
2746 506 2837 575 qui
2884 506 2950 560 de
2982 507 3237 579 virginea:
3284 511 3455 567 vulvae

231 586 379 633 ctum
412 588 650 645 uterum,
695 592 751 636 et
776 585 920 637 omni
956 584 1265 654 dignatione
1300 591 1664 646 venerationis
1696 607 1787 645 ve-

228 671 528 725 nerandum
554 682 679 729 ante
696 676 1030 731 nativitatem
1051 677 1254 734 Christi
1284 681 1554 737 masculus
1569 685 1789 740 omnino

227 778 333 817 non
385 766 586 837 tetigit.
626 786 644 820 ι
694 766 798 822 Per
848 772 1236 826 reserationem
1290 774 1459 829 vulva:
1512 775 1785 830 Christum

222 855 428 910 editum
453 867 656 913 censet.
680 859 783 913 l'ar
797 870 879 916 est
898 861 1216 918 Tertulliani
1250 865 1537 935 cespitatio
1567 867 1619 921 in
1649 868 1787 924 libro

222 944 302 1000 De
325 964 486 1003 carne
501 948 717 1015 Christi,
750 966 868 1021 cap.
891 952 981 1019 25;
1011 954 1081 1008 ibi
1109 954 1304 1025 quippe
1324 957 1535 1012 beatam
1562 958 1784 1015 Mariam

222 1037 550 1106 virginitatis
581 1041 745 1096 decus
773 1043 1117 1111 (integritatis
1139 1060 1329 1123 nempe
1352 1048 1633 1116 cujusdam
1661 1065 1785 1105 cor-

221 1130 394 1198 poris,
417 1147 533 1201 qua:
553 1133 849 1203 virginibus
875 1137 1055 1192 inesse
1080 1134 1234 1205 solet,
1259 1148 1310 1193 et
1333 1141 1507 1208 primo
1536 1142 1634 1196 viri
1658 1157 1787 1196 con-

220 1238 414 1291 gressu
442 1226 707 1280 obteritur
737 1242 800 1280 ac
827 1229 1083 1299 violatur)
1110 1242 1347 1285 reserata
1372 1231 1422 1284 in
1448 1243 1607 1300 partu
1627 1234 1783 1288 vulva

216 1315 467 1369 amisisse
504 1316 679 1371 docet.
714 1317 841 1372 Post
897 1322 1000 1374 alia
1032 1336 1162 1377 vero
1211 1323 1291 1378 sic
1321 1324 1576 1380 disserit:
1617 1330 1779 1381 Omne

214 1406 570 1461 masculinum
604 1409 911 1475 adaperiens
956 1413 1185 1479 vulvam,
1232 1426 1472 1469 sanctum
1511 1419 1787 1472 vocabitur

214 1496 511 1555 Domino‘.
548 1521 565 1552 t
596 1502 728 1569 Quis
772 1518 893 1560 vere
945 1516 1186 1570 sanctus,
1238 1523 1397 1576 quam
1438 1511 1525 1565 Dei
1571 1511 1783 1566 Filius?

213 1589 349 1657 Quis
396 1594 610 1662 proprie
643 1595 855 1649 vulvam
894 1596 1195 1666 adaperuit,
1233 1616 1393 1668 quam
1420 1603 1509 1671 qni
1542 1603 1781 1658 clausam

215 1682 510 1746 patefecit?
549 1683 816 1739 Caeterum
863 1689 1114 1743 omnibus
1171 1691 1368 1759 nuptiae
1417 1691 1776 1761 patefaciunt.

212 1769 403 1842 Itaque
433 1774 605 1844 magis
634 1775 902 1843 patefacta
932 1786 1036 1844 est,
1071 1779 1192 1848 quia
1217 1781 1389 1850 magis
1424 1792 1543 1836 erat
1573 1783 1775 1838 clausa.

213 1860 421 1935 Utique
451 1868 623 1937 magis
664 1884 767 1922 non
807 1870 957 1941 virgo
991 1871 1217 1927 dicenda
1246 1883 1328 1927 est
1374 1889 1533 1943 quam
1584 1877 1732 1944 virgo
1759 1920 1773 1941 ,
1812 1851 1853 1906 Β

211 1957 359 2011 saltu
386 1960 617 2026 quodam
648 1971 815 2014 mater
845 1970 1130 2032 antequam
1159 1974 1347 2034 nupta.
1384 1964 1449 2018 Et
1474 1965 1603 2034 quid
1635 1965 1774 2020 ultra

210 2047 282 2101 de
316 2049 417 2101 hoc
444 2041 842 2104 retractandum
871 2052 991 2105 est?
1016 2067 1138 2106 cum
1179 2054 1281 2109 hac
1307 2056 1513 2108 ratione
1547 2056 1778 2124 Aposto-

212 2136 301 2192 lus
331 2153 435 2193 non
463 2154 527 2193 ex
557 2140 792 2210 Virgine,
840 2143 934 2196 sed
982 2158 1050 2198 ex
1084 2145 1311 2200 muliere
1349 2147 1549 2201 editum
1580 2147 1771 2201 Filium

211 2227 312 2283 Dei
349 2231 751 2297 pronuntiavit,
791 2234 1009 2302 agnovit
1047 2234 1317 2304 adapertae
1363 2237 1532 2291 vulvae
1565 2239 1777 2309 nuptia-

213 2319 322 2373 lem
348 2321 675 2388 passionem.
712 2342 731 2375 ι
773 2323 1025 2379 Eamdem
1078 2330 1416 2396 postmodum
1468 2330 1775 2399 opinionem

208 2413 591 2479 amplexusest
610 2413 925 2472 Iovinianus
952 2417 1258 2482 haereticus,
1287 2429 1342 2474 et
1374 2435 1490 2475 eam
1514 2421 1777 2491 hodieque

208 2511 436 2557 tuentur
501 2506 815 2561 heterodoxi
862 2520 1153 2575 nostrates,
1202 2520 1415 2566 uterum
1473 2513 1773 2583 virgineum

203 2594 425 2650 Christo
449 2600 748 2653 transeunti
804 2610 1101 2656 reseratum
1156 2603 1394 2672 quidem,
1432 2612 1620 2674 patens
1672 2606 1775 2658 iter

207 2688 505 2757 praebuisse
519 2690 788 2758 docentes,
812 2693 904 2747 sed
921 2710 1039 2749 mox
1059 2694 1291 2753 divulsas
1322 2705 1500 2766 partes
1526 2697 1619 2752 Dei
1645 2707 1772 2752 nutu

204 2779 466 2848 pristinas
489 2781 775 2857 repetiisse.
789 2785 963 2849 sedes,
984 2795 1037 2839 et
1060 2786 1111 2838 in
1133 2802 1297 2841 unum
1323 2788 1605 2843 coaluisse.
1665 2789 1774 2846 Nec

208 2866 442 2922 multum
482 2870 605 2925 hinc
638 2872 843 2927 abludit
872 2874 1150 2930 Durandus
1188 2890 1218 2930 a
1249 2876 1452 2932 Sancto
1483 2880 1767 2947 Porciano,

206 2960 523 3017 inviolatum
549 2965 761 3034 quidem
786 2982 1162 3037 perseverasse
1193 2972 1519 3042 virginitatis
1539 2976 1771 3045 sigillum

204 3056 493 3120 definiens,
521 3059 613 3113 sed
640 3060 995 3130 amplificatos
1021 3074 1228 3120 meatus
1260 3068 1398 3120 viam
1428 3066 1766 3138 patefecisse.

276 3145 618 3218 Jrigenianze
671 3154 949 3209 sententiae
997 3160 1267 3212 contraria
1300 3158 1662 3214 decernuntur
1718 3162 1768 3215 in

202 3238 383 3307 prima
418 3242 761 3299 homiliarum
817 3246 870 3300 in
900 3248 1165 3315 diversos,
1189 3265 1307 3319 qua:
1348 3262 1621 3307 auctorem
1664 3268 1776 3313 non

200 3330 412 3385 habere
442 3330 729 3403 Origenem
758 3338 840 3393 vel
891 3339 1016 3393 hinc
1072 3349 1252 3408 potest
1307 3341 1632 3396 existimari.
1680 3342 1771 3399 Sic

199 3425 293 3480 illa
332 3445 345 3480 :
385 3445 402 3478 ι
433 3427 887 3494 Quemadmodum
921 3432 1123 3487 Danieli
1157 3434 1297 3488 intra
1336 3434 1512 3488 lacum
1553 3434 1765 3489 leonum

199 3522 418 3577 incluso
448 3524 491 3588 ',
520 3523 771 3581 claustris
795 3541 901 3582 non
930 3528 1129 3597 apertis
1158 3528 1376 3582 allatum
1408 3536 1491 3584 est
1518 3528 1565 3583 ei
1605 3543 1771 3597 pran-

198 3616 354 3670 dium
386 3618 451 3671 ab
480 3616 761 3686 Habacuc;
804 3618 879 3674 ita
924 3628 978 3673 et
1014 3624 1125 3676 litae
1164 3620 1324 3691 Virgo
1358 3629 1541 3675 sancta
1584 3620 1773 3689 genuit

197 3705 510 3773 Dominum,
533 3712 625 3764 sed
655 3712 851 3767 intacta
881 3712 1173 3780 permansit
1199 3730 1213 3776 ;
1248 3721 1418 3766 mater
1448 3711 1639 3767 effecta
1664 3719 1767 3776 est,

197 3799 299 3855 sed
333 3801 695 3871 virginitatem
722 3820 824 3859 non
850 3804 1063 3869 amisit;
1098 3804 1285 3874 genuit
1309 3802 1590 3869 infantem,
1621 3814 1690 3867 et,
1715 3814 1772 3860 ut

197 3892 404 3946 dictum
458 3902 569 3959 est,
621 3896 771 3965 virgo
814 3897 1129 3965 permansit.
1179 3895 1345 3962 Virgo
1398 3910 1528 3964 ergo
1584 3895 1771 3965 genuit

199 3992 255 4037 et
305 3982 457 4053 virgo
508 3987 852 4054 permansit:
891 3997 1064 4041 mater
1101 3985 1224 4040 Filii
1254 3986 1392 4041 facta
1422 3995 1507 4039 est
1535 4026 1551 4049 ,
1584 3996 1640 4039 et
1682 4000 1770 4040 ca-

200 4078 401 4132 stitatis
453 4078 683 4148 sigillum
739 4095 845 4134 non
907 4079 1155 4148 perdidit.
1209 4097 1226 4130 ι
1282 4078 1456 4148 Atque
1506 4077 1632 4133 illud
1689 4086 1771 4133 est

197 4169 417 4238 optimae
472 4169 713 4234 Patrum,
771 4181 881 4223 tum
913 4169 1246 4235 Graecorum,
1283 4180 1393 4224 tum
1446 4169 1767 4225 Latinorum

198 4260 390 4330 partis,
425 4270 478 4313 et
502 4260 755 4329 Ephesini
780 4271 1037 4331 prieterea
1068 4262 1283 4316 concilii
1328 4261 1767 4331 decretutn,per-

197 4360 363 4419 petuo
388 4350 643 4406 Ecclesia:
668 4351 949 4405 catholica:
1000 4365 1273 4405 consensu
1311 4350 1719 4421 comprobatum
1751 4390 1766 4415 ,

196 4452 249 4497 et
277 4444 382 4498 hoc
420 4442 717 4498 Ezechielis
744 4444 1021 4513 propheta:
1053 4443 1275 4497 oraculo
1310 4441 1718 4496 corroboratnm
1749 4458 1763 4496 :

1891 591 2167 658 apertione
2197 594 2447 650 similiter
2473 597 2762 652 disserunt.
2791 598 2894 653 Sed
2920 613 2984 653 ca
3002 602 3248 656 omnibus
3277 604 3341 658 iis
3360 621 3455 659 ex—

1889 682 2064 750 ceptio
2086 684 2383 740 adhibenda
2416 698 2517 755 est,
2577 704 2679 758 qua
2728 691 2793 744 ad
2830 691 3141 748 solvendum
3180 695 3451 753 Ambrosii

1891 773 2064 830 locum
2098 791 2227 831 usus
2247 777 2584 835 estThomas
2606 794 2657 848 p.
2692 797 2769 846 in,
2791 797 2849 851 q.
2878 781 2969 845 28,
3001 799 3050 838 a.
3074 788 3130 849 ‘2,
3162 788 3232 840 ita
3259 804 3452 859 nempe

1889 865 2094 922 locutos
2121 868 2307 925 Patres
2345 871 2484 935 illos,
2528 888 2650 925 cum
2685 873 2810 926 illttd
2843 877 3186 946 evangelista:
3206 893 3445 947 expone-

1888 970 2006 1012 rent
2036 978 2047 1013 :
2089 978 2106 1011 ι
2141 960 2309 1017 Omne
2339 963 2691 1018 masculinum
2722 965 3042 1034 adaperiens
3067 971 3297 1035 vulvam,
3324 988 3450 1027 san-

1887 1056 2043 1105 ctum‘
2063 1052 2287 1109 Domino
2303 1057 2619 1110 vocabitur‘
2646 1076 2660 1123 ;
2694 1076 2712 1109 ι
2741 1060 2880 1128 quod
2905 1061 3117 1128 quidem
3143 1079 3208 1117 ex
3234 1065 3443 1133 vulgata

1887 1141 2134 1212 loquendi
2157 1148 2546 1203 consuetudine
2579 1161 2895 1220 usurpatum
2932 1164 3031 1218 est,
3053 1168 3158 1208 non
3186 1154 3251 1208 ad
3282 1157 3451 1228 signi-

1887 1234 2153 1291 ficandam
2185 1240 2413 1309 virginei
2442 1242 2664 1296 claustri
2709 1244 3067 1313 apertionem.
3121 1249 3212 1302 sed
3243 1252 3443 1304 exitum

1887 1326 2147 1383 duntaxat
2178 1331 2342 1399 prolis
2369 1332 2435 1386 de
2459 1342 2630 1388 utero.
2664 1332 2882 1390 Thomae
2911 1339 3318 1407 responsionem
3351 1341 3446 1396 de-

1889 1417 2111 1474 fendunt
2161 1423 2251 1475 alii
2304 1423 2572 1479 Ambrosii
2623 1436 2679 1480 et
2727 1426 3037 1500 Hieronymi
3083 1430 3210 1491 loci,
3249 1432 3446 1501 quibus

1889 1509 2152 1580 irruptum
2179 1528 2560 1583 perseverasse
2612 1518 2663 1571 in
2698 1521 2982 1589 puerperio
3017 1522 3345 1591 virginitatis
3372 1525 3447 1579 si-

1885 1600 2067 1670 gilium
2099 1605 2383 1659 manifeste
2418 1607 2658 1675 tradunt,
2694 1611 2870 1679 qualis
2904 1611 2991 1664 ille
3019 1622 3100 1666 est
3123 1613 3446 1671 Atnbrosiie

1886 1692 2022 1748 libro
2048 1694 2121 1748 De
2150 1696 2476 1752 institutione
2498 1701 2735 1770 virginis,
2773 1716 2891 1771 cap.
2932 1703 2998 1757 7:
3032 1722 3050 1755 ‹
3091 1703 3249 1759 Porta
3282 1707 3445 1776 igitur

1884 1783 2074 1849 Maria,
2097 1802 2190 1857 per
2218 1802 2376 1857 quam
2398 1789 2647 1846 Christus
2671 1793 2894 1848 intravit
2918 1795 2969 1848 in
3000 1796 3140 1852 hunc
3160 1791 3443 1867 mundum,

1885 1878 2102 1942 quando
2138 1879 2385 1947 virginali
2438 1881 2593 1937 fusus
2627 1892 2711 1937 est
2744 1895 2925 1952 partu,
2958 1895 3012 1941 et
3041 1888 3298 1957 genitalia
3328 1890 3442 1944 vir,

1884 1967 2130 2036 ginitatis
2166 1970 2399 2026 claustra
2446 1988 2551 2025 non
2610 1973 2791 2029 solvit.
2823 1974 3023 2032 Mansit
3064 1978 3441 2036 intemeratum

1883 2070 2092 2130 septum
2120 2063 2365 2131 pudoris,
2405 2074 2459 2119 et
2492 2067 2745 2121 inviolata
2797 2068 3131 2136 integritatis
3182 2073 3445 2129 duravere

1886 2151 2184 2221 signacula,
2245 2169 2365 2208 cum
2400 2155 2576 2210 exiret
2623 2172 2689 2211 ex
2726 2156 2981 2226 Virgine;
3034 2178 3051 2210 ι
3090 2169 3144 2214 et
3190 2161 3277 2215 ille
3331 2162 3446 2230 ipse

1885 2241 2194 2315 Hieronymi
2219 2261 2249 2300 e
2282 2246 2375 2301 lib.
2425 2264 2461 2303 ιι
2494 2259 2679 2303 contra.
2718 2248 3019 2318 Pelagium,
3045 2267 3203 2320 quem
3254 2251 3433 2325 Orige-

1883 2334 2048 2389 nian'o
2079 2336 2311 2391 similem
2342 2353 2463 2394 esse
2488 2340 2602 2394 vult
2630 2340 3034 2409 Genebrardus,
3066 2344 3267 2413 quique
3306 2347 3357 2400 ei
3377 2361 3442 2402 ex

1882 2424 2145 2481 diametro
2164 2430 2440 2499 oppositus
2462 2442 2566 2485 est.
2602 2432 2679 2486 En
2724 2432 2913 2487 illum:
2950 2451 2969 2485 ι
3008 2433 3168 2489 Solus
3194 2435 3445 2492 Christus

1882 2514 2097 2571 clausas
2131 2531 2315 2587 portas
2347 2520 2516 2576 vulva:
2542 2522 2822 2593 virginalis
2851 2527 3083 2594 aperuit,
3113 2542 3231 2595 qua:
3265 2537 3443 2583 tamen

1882 2605 2076 2661 clausa:
2101 2607 2306 2677 jngiter
2348 2620 2782 2678 permanserunt.
2816 2631 2835 2665 ι
2878 2613 3074 2668 Utilius
3117 2630 3248 2685 ergo
3288 2631 3442 2671 suam

1881 2693 2104 2763 O'rigeui
2138 2698 2452 2753 excusando
2483 2710 2738 2756 navasset
2783 2716 3002 2771 Operam
3039 2702 3439 2763 Genebrardns.

1882 2785 1929 2840 si
1954 2786 2179 2843 dixisset
2227 2792 2293 2844 de
2334 2789 2519 2859 Maria:
2570 2793 2881 2860 virginitate
2928 2794 3341 2866 haudquaquam
3376 2799 3443 2852 ab

1880 2877 2109 2950 Origene
2133 2880 2300 2937 fuisse
2321 2884 2643 2956 detractum,
2676 2885 2887 2942 etiamsi
2918 2886 3220 2956 perfractas
3254 2889 3307 2943 in
3340 2904 3441 2969 pa-

1880 2973 2071 3029 riendo
2104 2974 2438 3045 virginitatis
2501 2977 2647 3033 fores
2691 2978 2983 3034 crediderit
3042 2979 3221 3051 (quod
3269 2981 3438 3049 ipsum

1878 3073 2057 3119 tamen
2088 3067 2155 3121 ab
2183 3067 2427 3124 Ecclesia
2468 3071 2952 3141 reprobatumest);
2991 3087 3096 3126 non
3133 3072 3185 3126 in
3220 3072 3441 3143 integri-

1882 3165 1987 3213 tate
2013 3159 2209 3229 quippe
2224 3162 2424 3227 carnis,
2452 3166 2545 3218 sed
2561 3163 2611 3217 in
2627 3164 2895 3220 constanti
2930 3164 3221 3220 voluntatis
3248 3180 3440 3235 propo-

1877 3247 1981 3301 sito
2011 3249 2377 3320 virginitatem
2404 3255 2741 3309 consistere:
2792 3270 2917 3309 nam
2951 3274 2968 3306 ι
3002 3255 3287 3326 lntcgritas
3316 3274 3438 3314 cor-

1876 3341 2081 3408 poralis
2114 3344 2337 3398 membri
2366 3359 2460 3413 per
2487 3345 2737 3401 accidens
2762 3361 2819 3400 se
2848 3347 3011 3402 habet
3045 3348 3112 3402 ad
3152 3348 3436 3431 virginita-

1880 3446 2007 3496 tem,
2045 3435 2097 3488 in
2118 3444 2375 3504 quantum
2398 3435 2605 3490 scilicet
2631 3452 2728 3507 per
2762 3437 2862 3491 hoc
2892 3439 3033 3506 quod
3060 3453 3125 3493 cx
3161 3441 3437 3510 proposito

1874 3528 2177 3583 voluntatis
2205 3528 2445 3583 abstinet
2472 3531 2592 3598 quis
2613 3546 2641 3585 a
2675 3530 3032 3587 delectatione
3063 3546 3313 3598 venerea,
3347 3550 3435 3587 re—

1874 3627 2054 3683 manet
2080 3618 2359 3686 integritas
2392 3619 2443 3671 in
2471 3620 2711 3673 membro
2736 3634 3013 3688 corporeo.
3057 3619 3208 3676 Unde
3235 3622 3279 3675 si
3307 3636 3436 3676 con-

1874 3709 2043 3780 tingat
2071 3710 2216 3780 quod
2249 3724 2342 3779 per
2366 3711 2528 3764 alium
2568 3712 2782 3765 modum
2819 3711 3001 3780 aliquo
3047 3727 3175 3767 casu
3210 3714 3432 3768 membri

1873 3799 2156 3870 integritas
2185 3810 2591 3872 corrumpatur,
2631 3817 2736 3856 non
2773 3803 2945 3873 magis
2980 3802 3296 3872 praejndicat
3325 3804 3434 3857 νῆιν

1870 3894 2104 3965 ginitati,
2137 3909 2297 3963 quam
2334 3894 2376 3947 si
2426 3904 2805 3964 corrumpatur
2856 3912 3048 3952 manus
3097 3906 3189 3952 aut
3242 3913 3357 3967 pes.
3408 3919 3427 3952 ι

1872 3985 2047 4041 Verba
2076 3994 2201 4040 sunt
2226 3984 2283 4039 S.
2322 3984 2540 4040 Thoma:
2582 3986 2700 4050 2-2,
2730 4002 2784 4055 q.
2820 3986 2942 4050 152,
2988 4005 3037 4041 a.
3072 3987 3096 4040 1
3130 4006 3142 4042 :
3176 4007 3195 4039 ί
3229 3988 3431 4045 Notan-

1870 4076 1996 4130 dum
2032 4090 2184 4143 sane,
2217 4094 2235 4126 ι
2277 4075 2456 4145 inquit
2490 4075 2695 4146 Eligius
2728 4076 3103 4133 Noviomensis
3133 4078 3317 4136 bomil.
3372 4081 3427 4146 2,

1876 4187 1894 4222 ι
1933 4169 2070 4237 quod
2102 4169 2302 4223 dicitur
2335 4188 2347 4223 :
2383 4169 2553 4224 Omne
2579 4170 2929 4225 masculinum
2978 4171 3289 4240 adaperiens
3321 4175 3432 4228 rul-

1869 4277 2006 4326 vam,
2046 4262 2172 4331 quia
2210 4262 2293 4316 his
2319 4263 2499 4317 verbis
2527 4263 2857 4332 evangelista
2906 4278 3111 4319 morem
3161 4272 3431 4319 consuetae

1869 4353 2167 4408 nativitatis
2203 4354 2493 4422 expressit.
2555 4355 2618 4408 Et
2657 4369 2766 4408 non
2815 4355 2894 4409 sic
2954 4355 3178 4426 intelligi
3222 4356 3426 4423 voluit,

1871 4446 2011 4500 sicut
2038 4445 2237 4500 latrant
2274 4446 2537 4509 haaretici,
2596 4447 2738 4514 quod
2777 4446 3027 4501 Christus
3062 4456 3276 4501 uterum
3317 4463 3430 4501 ma—

200 4552 222 4588 r
260 4535 327 4588 Et
351 4535 485 4589 dixit
520 4535 779 4590 Dominus
804 4536 872 4590 ad
905 4550 988 4589 me
1012 4553 1025 4589 ε
1050 4533 1209 4589 Porta
1241 4534 1358 4589 haec
1383 4533 1565 4587 clausa
1614 4534 1718 4587 erit
1746 4550 1760 4587 :
1796 4574 1838 4629 Β
1874 4539 1971 4593 tris
2023 4539 2293 4593 nascendo
2325 4537 2638 4607 virginitate
2687 4538 3020 4604 privaverit;
3078 4554 3199 4592 cum
3233 4539 3432 4593 mulier

197 4642 301 4684 non
324 4627 615 4697 aperietur,
653 4636 707 4682 et
737 4642 842 4681 non
877 4626 1123 4681 transibit
1173 4641 1271 4694 per
1299 4640 1455 4679 eam:
1503 4624 1757 4694 quoniam

199 4719 457 4775 Dominus
499 4721 634 4775 Deus
659 4719 822 4775 Israel
853 4720 1127 4789 ingressus
1152 4729 1235 4773 est
1264 4733 1359 4787 per
1382 4732 1525 4781 eam,
1552 4717 1761 4789 eritque

195 4812 376 4867 clausa
418 4813 641 4881 principi
675 4812 715 4865 ³.
753 4831 771 4864 ι
801 4811 915 4878 Quo
944 4811 1204 4865 illibatam
1229 4819 1283 4864 et
1317 4810 1368 4863 in
1398 4817 1660 4879 conceptu
1707 4816 1760 4862 et

195 4904 247 4958 in
279 4916 436 4975 partu
494 4904 674 4960 Mariae
729 4905 1093 4974 virginitatem
1147 4902 1416 4966 futuram,
1450 4900 1760 4969 Christique

195 5012 392 5066 corpus
430 4997 625 5052 clausis
669 4998 805 5053 uteri
868 4995 1134 5067 repagulis
1171 4997 1364 5049 eodem
1420 4993 1578 5046 modo
1614 4991 1757 5045 foras

194 5089 552 5156 proditurum,
580 5104 688 5157 quo
708 5088 775 5141 ad
807 5086 1098 5155 discipulos
1124 5085 1396 5140 obseratis
1429 5084 1633 5137 foribus
1663 5097 1756 5153 pe-

195 5180 447 5246 netravit,
476 5179 821 5250 przenuntiari
856 5178 1126 5232 allirmant
1169 5174 1356 5231 Patres
1386 5176 1649 5246 plerique.

264 5271 464 5327 Verum
496 5271 744 5340 Origenis
790 5269 1197 5339 reprehensioni
1246 5268 1530 5324 intercedit
1582 5265 1757 5322 Gene-

194 5366 422 5420 hrardus
453 5363 666 5417 Collect.
702 5378 823 5431 cap.
854 5363 910 5426 6,
938 5372 993 5416 et
1022 5361 1294 5415 Ambrosii
1336 5376 1400 5415 ac
1443 5358 1755 5430 Hieronymi

194 5457 568 5511 auctoritatem
607 5465 661 5510 et
692 5454 995 5524 exemplum
1025 5454 1309 5523 prastexit,
1348 5467 1577 5522 quorum
1613 5461 1756 5504 uter-

193 5564 295 5618 que
325 5549 622 5603 claustrum
664 5546 993 5616 virginitatis
1020 5562 1048 5598 a
1080 5545 1299 5600 Christo
1334 5546 1385 5599 in
1411 5554 1566 5613 partu
1594 5558 1755 5613 aper-

196 5650 300 5696 tum
346 5642 515 5697 fuisse
564 5641 718 5694 dicit.
768 5637 1075 5707 Adiungere
1108 5648 1316 5698 poterat
1370 5636 1749 5699 Athanasium,

255 5802 269 5831 ¹
300 5799 432 5856 Luc.
460 5797 629 5865 11,25.
706 5795 1019 5861 'Dan..xrv,
1047 5796 1134 5851 56.
1202 5796 1235 5867 ,³
1265 5797 1457 5867 Ezech.
1498 5811 1641 5861 κων,
1667 5796 1723 5849 9..

507 5894 777 5954 PATROL.
809 5892 927 5952 Gn.
954 5893 1155 5955 XVII.

1870 4644 1971 4682 non
2006 4639 2136 4683 tunc
2166 4627 2533 4696 virginitatem
2565 4626 2800 4690 amittat,
2855 4627 3070 4693 quando
3114 4627 3275 4695 parit,
3335 4628 3427 4681 sed

1868 4720 2080 4785 quando
2102 4734 2223 4772 cum
2256 4720 2373 4770 viro
2403 4716 2628 4772 dormit.
2674 4733 2693 4768 ι
2737 4714 2849 4769 Iluc
2884 4717 3094 4770 confert
3148 4718 3289 4787 quod
3322 4727 3431 4772 tra‘

1865 4818 1976 4865 ctat
2009 4826 2134 4863 xxvt
2163 4811 2218 4863 in
2253 4809 2468 4873 Matt/1.,
2511 4824 2663 4862 num.
2702 4808 2793 4872 25,
2839 4822 2962 4876 pag.
2997 4809 3122 4871 846,
3155 4828 3218 4865 ex
3260 4812 3426 4865 tradi-

1867 4900 2010 4963 tione
2036 4900 2267 4969 quadam
2316 4900 2511 4955 litteris
2549 4899 2827 4953 mandavit
2861 4898 3123 4969 Origenes
3156 4902 3223 4956 de
3250 4911 3441 4966 morte.

1864 4989 2137 5044 Zachariae
2162 4990 2365 5045 idcirco
2391 4990 2560 5055 illata,
2591 4991 2715 5059 quia
2748 4989 2951 5057 Mariae,
2980 5000 3263 5060 postquam
3299 4992 3426 5045 Ser-

1862 5098 2102 5140 vatorem
2137 5085 2298 5139 enixa
2326 5094 2431 5148 est,
2460 5084 2512 5137 in
2547 5087 2778 5153 quodam
2822 5086 3007 5154 templi
3052 5086 3171 5140 loco
3204 5086 3427 5154 virgini-

1861 5177 1964 5233 bus
1995 5177 2265 5232 destinato
2321 5177 2620 5233 consistere
2682 5177 3040 5245 permisisset,
3086 5186 3139 5231 et
3193 5177 3424 5239 dixisset

1867 5286 1885 5323 ι
1917 5268 2328 5339 prohibentibus
2359 5283 2500 5334 eam,
2548 5269 2801 5338 quoniam
2834 5268 2996 5338 digna
3026 5275 3106 5323 est
3152 5268 3420 5338 virginum

1861 5360 1999 5427 loco,
2028 5376 2147 5415 cum
2171 5360 2240 5415 sit
2264 5362 2434 5430 virgo.
2467 5380 2485 5413 ›

1930 5451 2016 5506 III.
2047 5452 2267 5507 Beatam
2303 5452 2578 5522 Virginem
2606 5452 2812 5507 nullum
2851 5467 3087 5520 unquam
3129 5454 3181 5508 in
3214 5467 3273 5506 se
3289 5467 3421 5507 con-

1859 5544 2069 5611 cepisse
2087 5554 2390 5612 peccatum.
2418 5544 2574 5598 hodie
2602 5544 2854 5598 Ecclesiae
2883 5555 3055 5597 ratum
3073 5555 3177 5608 est,
3202 5554 3257 5597 et
3301 5541 3423 5597 Tri-

1860 5634 2063 5688 dentini
2088 5635 2302 5690 concilii
2332 5636 2603 5690 firmatum
2637 5635 2958 5690 auctoritate
2988 5635 3284 5688 decretum.
3304 5632 3438 5721 Quo.

1802 5794 1818 5828 ι
1850 5793 1980 5850 an.
2010 5807 2068 5857 II,
2092 5790 2182 5847 ‘25.

3064 5866 3141 5939 27
