4054 6310
600 351 705 406 845

1822 353 1831 357 ’⁷
1856 353 1930 404 Ρ.’
1962 356 2271 404 ιιΑΑηιιιιδ
2312 368 2448 404 une
2463 369 2485 404 ι
2505 364 2544 405 ιι

3728 352 3841 408 844

597 470 1049 540 acquiesceudum
1080 470 1256 539 potius
1295 479 1398 536 est,
1427 485 1586 540 quam
1623 479 1867 527 veterum
1897 471 2078 535 dictis,
2108 472 2151 525 si
2187 476 2229 530 A
2259 487 2502 539 quaenam
2536 474 2678 528 enim
2712 474 2975 527 adversus
3043 481 3151 524 tam
3206 482 3449 541 apertam
3504 474 3836 527 sententiain

596 564 685 630 qui
714 577 871 615 secus
892 563 1093 616 sentire
1126 563 1222 616 visi
1256 573 1402 617 sunt.
1433 563 1579 617 Inter
1616 564 1734 617 illns
1790 565 2158 617 numerandus

594 654 880 722 Origenes,
916 655 1003 721 qui
1036 653 1134 722 legi
1160 656 1366 720 peccati
1401 653 1628 708 Mariam
1681 655 1884 710 Christi
1935 665 2160 708 matrem

591 761 697 800 non
729 745 1012 798 obnoxiam
1077 733 1244 799 fuisse
1282 746 1464 804 modo.
1518 748 1611 799 sed
1662 755 1715 799 et
1760 747 2004 814 paruisse
2028 759 2157 813 pro-

590 836 858 891 nuntiavit
889 836 971 889 his
996 835 1173 888 verbis
1200 853 1213 889 :
1253 854 1268 885 t
1305 834 1477 901 Quid?
1506 834 1765 890 Pntamus
1791 835 1934 905 quod
1990 848 2157 889 scan-

590 929 840 983 dalizatis
868 928 1126 997 apostolis
1178 934 1348 981 Mater
1386 926 1596 980 Domini
1636 942 1665 981 a
1701 927 1958 982 seandalo
1993 927 2157 982 fuerit

588 1021 888 1076 immunis?
918 1020 974 1076 Si
1026 1020 1338 1076 scandalum
1402 1021 1453 1073 in
1506 1018 1716 1075 Domini
1754 1022 2004 1092 passione
2050 1036 2155 1076 non

588 1129 747 1185 passa
783 1125 886 1180 est,
947 1129 1051 1168 non
1096 1121 1180 1167 est
1234 1121 1478 1166 mortuus
1533 1111 1691 1168 Jesus
1754 1129 1850 1183 pro
1918 1114 2157 1184 peccatis

584 1206 722 1274 cjus.
749 1206 804 1261 Si
841 1214 1018 1260 autent
1056 1223 1231 1259 omnes
1280 1215 1648 1274 peccauerunt,
1683 1214 1731 1259 et
1784 1216 1930 1275 egent
1982 1206 2154 1277 gloria

583 1297 703 1359 Dei,
723 1298 1008 1367 justiﬁcati
1038 1298 1213 1366 gratia
1235 1297 1371 1365 ejus,
1400 1308 1447 1350 et
1472 1296 1719 1365 redempti
1750 1297 1795 1363 ⁵,
1851 1299 2041 1366 utique
2096 1309 2154 1353 et

582 1391 748 1445 Maria
778 1391 866 1444 illo
891 1401 1133 1459 tempore
1164 1390 1533 1443 scandalizata
1557 1400 1663 1444 est.
1688 1391 1752 1443 Et
1778 1391 1880 1443 hoc
1902 1400 1985 1444 est
2009 1393 2151 1458 quod

581 1500 722 1539 nunc
748 1484 965 1538 Sitneon
991 1484 1297 1552 prophetat,
1329 1485 1516 1539 dicens
1545 1500 1559 1536 :
1592 1483 1656 1536 Et
1683 1495 1825 1537 tuam
1847 1485 2011 1552 ipsius
2033 1485 2151 1538 uni-

580 1592 720 1630 mam
746 1576 791 1639 °,
815 1590 934 1644 quae
964 1575 1073 1629 scis
1103 1578 1310 1643 absque
1342 1575 1458 1629 viro
1488 1577 1761 1645 peperisse
1787 1586 1839 1630 te
1863 1576 2146 1646 virginem,

578 1684 699 1737 qua:
723 1668 918 1721 audisti
956 1682 983 1720 a
1015 1667 1268 1723 Gabriele
1296 1686 1307 1720 :
1344 1667 1574 1737 Spiritus
1621 1683 1832 1725 sanctus
1861 1672 2026 1726 veniet
2061 1690 2149 1727 su-

577 1776 667 1824 per
693 1772 761 1823 te,
780 1771 825 1812 et
849 1760 1009 1813 virtus
1037 1758 1296 1813 Altissimi
1324 1762 1652 1815 obumbrabit
1682 1763 1771 1815 tibi
1796 1764 1836 1829 ⁷,
1867 1774 2146 1831 pertrans-

2264 566 2437 621 valeat
2461 569 2747 638 exceptio?
2780 568 2909 621 Nam
2938 569 3014 622 ait
3044 584 3062 617 ‹
3110 568 3209 620 hoc
3249 567 3300 619 in
3351 567 3474 620 loco
3510 565 3832 635 apparuisse

2262 659 2693 715 incredulitatem
2738 676 2950 721 eorum,
2982 679 3000 710 ι
3038 675 3158 713 cum
3205 660 3528 727 praedicaret
3575 658 3835 714 Christus

2261 767 2481 822 regnum
2512 753 2625 816 Dei,
2665 762 2719 807 et
2740 752 3016 807 extraneis
3057 752 3107 804 in
3151 751 3298 805 illum
3334 751 3528 807 deﬁxis
3578 753 3836 807 abessent

2261 844 2516 913 proximi.
2542 844 2704 912 Atqui
2740 844 3001 913 virginem
3039 843 3175 896 dixit
3202 858 3308 897 non
3344 858 3499 913 teque
3532 843 3834 898 adhaesisse

2258 934 2475 991 ChriSto
2502 950 2566 989 ac
2613 934 2877 989 Martham
2908 944 2963 989 et
2993 932 3239 987 Mariam.
3293 932 3567 1005 Virginem
3624 936 3826 1006 igitur.

2258 1029 2440 1083 itidem
2481 1037 2538 1081 ut
2562 1026 2772 1082 Domini
2802 1026 3013 1091 fratres,
3049 1025 3446 1081 incredulitatis
3468 1027 3675 1097 arguit.
3710 1027 3833 1083 Ori-

2257 1133 2446 1189 genem
2474 1132 2688 1189 quoque
2709 1108 2897 1172 contra
2930 1118 3252 1172 Rhenannm
3285 1118 3428 1173 idem
3467 1119 3566 1187 ipsi
3621 1120 3828 1174 crimen

2254 1209 2596 1278 objicientem
2646 1208 2931 1263 defendere
2992 1215 3148 1274 parat
3182 1205 3449 1260 Pamelius
3496 1208 3602 1260 hoc
3663 1222 3830 1275 argu-

2257 1309 2458 1362 mento,
2483 1298 2623 1367 quod
2652 1298 2866 1352 beatam
2889 1296 3165 1367 Virginem
3201 1295 3605 1349 immaculatam
3638 1300 3825 1367 appel-

2255 1391 2344 1445 let.
2368 1390 2713 1446 Commodius
2742 1390 2916 1445 locum
2940 1403 3006 1443 ex
3029 1388 3215 1444 homil.
3242 1389 3314 1443 20
3334 1389 3387 1441 in
3424 1389 3550 1442 Luc.
3576 1392 3829 1460 proxime

2251 1482 2544 1537 adductum
2590 1495 2861 1552 exponere
2906 1481 3100 1551 satagit
3131 1480 3318 1534 Sixtus
3358 1480 3620 1535 Senensis
3659 1481 3754 1537 lib.
3792 1497 3826 1535 ν

2250 1573 2525 1640 Biblioth.,
2545 1576 2724 1628 adnot.
2749 1573 2884 1628 140:
2911 1591 2928 1623 ι
2956 1572 3112 1638 Ρυιο,
3136 1572 3326 1641 inquit.
3349 1571 3636 1641 Origenem
3663 1589 3827 1627 voca-

2250 1667 2378 1721 bulo
2414 1666 2582 1735 plenae
2627 1666 2750 1721 ﬁdei
2804 1664 3132 1720 intellexisse
3185 1664 3398 1732 plenam
3446 1666 3819 1735 cognitionem

2250 1760 2491 1813 omnium
2541 1758 2924 1829 mysteriorum
2983 1756 3282 1811 divinitatis
3344 1766 3399 1811 et
3454 1757 3822 1810 humanitatis

578 1853 679 1906 ibit
735 1853 1070 1907 infidelitatis
1108 1854 1343 1923 gladius,
1379 1863 1432 1909 et
1483 1856 1853 1927 ambiguitatis
1888 1871 2144 1911 mucrone
2176 1831 2218 1885 Β
2246 1849 2473 1914 Christi,
2502 1865 2664 1916 quam
2695 1848 2861 1903 Maria
2890 1846 3052 1917 Virgo
3084 1848 3318 1901 nondum
3345 1862 3411 1901 eo
3434 1855 3684 1917 tempore
3715 1848 3820 1902 ha-

575 1943 811 2000 I'erieris.
858 1964 878 1997 ι
917 1944 1109 2000 lacent
1161 1946 1248 1999 illa
1309 1948 1361 2000 in
1422 1947 1611 2002 homil.
1646 1950 1708 2001 I7
1750 1950 1804 2002 in
1832 1948 1987 2011 Luc.,
2025 1964 2144 2018 quae

574 2036 853 2105 αὑτολεξεὶ
885 2038 1269 2108 propemodum
1300 2041 1351 2092 in
1393 2041 1672 2108 epistolam
1702 2041 1804 2094 517
1837 2041 2015 2096 retulit
2042 2041 2143 2094 Ba-

572 2130 763 2198 silius;
795 2130 970 2199 gladio
1005 2130 1148 2184 enim
1199 2130 1290 2183 illo
1337 2130 1724 2186 dubitationem
1782 2133 2067 2200 quamdam
2110 2146 2139 2185 a

574 2220 828 2277 Simeone
864 2233 1101 2279 notatam
1132 2239 1251 2280 esse
1291 2225 1497 2292 scribit,
1533 2240 1653 2295 quae
1688 2224 1870 2280 Mariae
1904 2225 2140 2280 animam

571 2313 625 2369 in
650 2326 852 2384 partes,
901 2326 1128 2372 mortem
1174 2317 1410 2386 patiente
1432 2317 1670 2384 Christo,
1706 2318 1941 2373 divisura
1975 2328 2092 2373 erat
2120 2359 2136 2385 ,

564 2406 722 2475 juxta
743 2406 947 2462 Christi
980 2408 1260 2462 oraculum
1290 2425 1304 2462 :
1340 2427 1359 2460 ‹
1390 2408 1590 2463 Omnes
1633 2406 2136 2462 scandalizabimini

567 2495 623 2550 in
664 2512 748 2551 me
773 2497 794 2527 ⁸
822 2514 835 2551 :
872 2497 1166 2568 ralioquin
1204 2499 1270 2552 ad
1300 2513 1419 2553 eam
1448 2498 1638 2553 mortis
1667 2495 1869 2552 Christi
1902 2495 2136 2551 fructum

567 2600 676 2640 non
705 2586 872 2642 fuisse
899 2598 1304 2655 perventurum.
1332 2586 1531 2641 Eodem
1561 2586 1725 2641 verba
1752 2584 2023 2641 Simeonis
2046 2587 2138 2640 de-

568 2686 821 2747 torquent
852 2679 1006 2733 Titus
1034 2679 1356 2746 Bostrenus,
1396 2678 1807 2748 Amphilochius
1830 2688 1971 2736 orat.
1996 2678 2029 2732 5
2062 2678 2135 2732 De

566 2784 784 2823 occursu
802 2768 1037 2837 Domini,
1065 2771 1484 2836 Chrysostomus
1512 2772 1567 2824 in
1624 2770 1761 2839 psal.
1800 2786 1925 2834 xm,
1956 2769 2135 2842 Cyril-

556 2858 650 2914 lus
681 2861 736 2914 in
766 2859 927 2915 Joan.
956 2905 971 2926 ,
1002 2871 1188 2918 auctor
1244 2861 1366 2917 libri
1405 2861 1766 2929 Quwstionum
1830 2861 2030 2917 Veteris
2083 2873 2135 2916 et

565 2948 703 3004 Novi
732 2949 1069 3015 Testamenti,
1103 2954 1407 3024 Augustino
1441 2954 1681 3023 ascripti,
1732 2963 1926 3023 quaest.
1962 2954 2029 3009 73
2079 2963 2134 3009 et

564 3037 996 3111 Theophylactus
1023 3043 1079 3096 in
1100 3042 1226 3098 Luc.
1262 3042 1570 3111 n.Quorum
1597 3043 1833 3098 nonnulli
1864 3043 2131 3115 Virginem

566 3144 691 3204 post
719 3134 1128 3192 ﬂuctuationem
1170 3137 1314 3190 illam
1343 3136 1520 3190 animo
1558 3135 1931 3190 confirmatam
1962 3134 2131 3189 fuisse

563 3230 1051 3297 dicunt,-Basilium
1079 3230 1239 3301 hujus
1276 3242 1552 3289 auctorem
1577 3231 1859 3287 sententiae
1891 3231 2132 3302 pressius

562 3326 842 3382 assectati.

614 3436 1321 3511 ‘Origenes'itidemhomil.
1357 3439 1428 3496 20
1456 3440 1510 3494 in
1544 3438 1674 3495 Luc.
1719 3439 1894 3494 dubiae
1935 3450 1990 3494 et
2044 3440 2129 3494 in-

557 3542 723 3587 certa:
756 3532 876 3587 ﬁdei
915 3532 1138 3588 Mariam
1182 3533 1270 3586 ita
1322 3542 1543 3588 accusat
1580 3550 1592 3583 :
1630 3551 1648 3583 ι
1689 3531 1861 3587 Simul
1913 3542 1967 3586 et
1999 3532 2129 3586 illud

562 3624 846 3689 attendite,
876 3624 1017 3694 quod
1064 3624 1303 3694 quandiu
1348 3624 1411 3679 in
1450 3624 1794 3695 possessione
1828 3623 2003 3678 l'atris
2043 3623 2128 3678 sui

563 3717 663 3772 fuit
691 3716 917 3787 (Iesus),
951 3732 1162 3772 sursum
1194 3726 1336 3781 erat,
1368 3718 1494 3787 quia
1538 3719 1769 3772 necdum
1820 3718 2029 3788 plenam
2061 3718 2128 3771 ﬁ-

560 3806 904 3878 demJoseph
939 3818 995 3862 et
1022 3807 1203 3863 'Maria
1225 3808 1542 3873 ibabebant,
1590 3821 1879 3879 propterea
1912 3824 2127 3865 sursum

558 3916 682 3957 cum
713 3917 775 3956 eo
832 3916 1053 3957 manere
1107 3917 1210 3956 non
1274 3913 1546 3972 poterant.
1571 3922 1603 3955 η»
1639 3904 1703 3960 Ει
1743 3903 1903 3973 paqu
1956 3911 2123 3973 post:

565 4009 585 4042 ‹
618 3990 781 4044 Maria
816 4000 997 4044 autem
1052 3994 1414 4047 conservabat
1466 3994 1647 4047 omnia
1708 3996 1872 4048 verba
1922 3992 2036 4047 haec
2069 3991 2123 4045 in

557 4081 721 4136 corde
750 4082 916 4135 suo".
948 4080 1072 4135 Plus
1116 4081 1315 4149 aliquid
1352 4097 1512 4150 quam
1544 4082 1610 4135 de
1638 4081 1862 4137 homine
1885 4083 2126 4150 suspica-

562 4172 741 4228 batur.
775 4192 793 4224 ι
823 4172 1077 4225 Eamdem
1115 4172 1324 4241 exiguae
1351 4172 1472 4226 ﬁdei
1498 4171 1709 4239 culpam
1755 4173 1935 4227 Mariae
1965 4171 2123 4226 aliin-

558 4263 634 4334 git
663 4262 1029 4319 Tertullianus
1056 4262 1259 4319 lib.'De
1292 4279 1448 4317 carne
1471 4260 1692 4327 Christi,
1723 4265 1933 4332 cap.‘7:
1973 4262 2123 4317 c-Sed

557 4372 677 4427 quae
707 4358 846 4410 ratio
901 4355 1166 4424 responsi,
1227 4354 1422 4428 inquit,
1472 4365 1700 4408 matrem
1726 4367 1778 4410 et
1802 4355 2000 4409 fratres
2055 4356 2121 4409 ad

557 4461 792 4516 praesens
817 4446 1079 4515 negantis,
1113 4448 1284 4501 discat
1303 4445 1722 4516 etiam‘ApeIles.
1760 4445 1983 4500 Fratres
2004 4446 2119 4500 Do-

561 4537 691 4590 mini
716 4553 822 4590 non
852 4538 1198 4591 crediderunt
1230 4537 1282 4591 in
1316 4536 1495 4596 illum.
1531 4538 1670 4590 sicut
1701 4546 1756 4589 et
1800 4537 1853 4590 in
1882 4534 2126 4605 Evange—
2159 4543 2201 4597 ι)

557 4626 630 4681 lio
665 4625 1156 4680 ante‘Marcioncm
1205 4627 1353 4679 edito
1405 4627 1731 4679 continetur.
1765 4624 1934 4678 Mater
1970 4639 2127 4693 teque

557 4733 664 4772 non
726 4718 1130 4772 demonstratur
1184 4717 1472 4772 adlnesissc
1516 4716 1620 4785 illi,
1659 4715 2025 4772 cum'Martha
2071 4725 2126 4770 et

556 4809 722 4865 Maria
753 4808 855 4863 alia
880 4810 932 4863 in
948 4811 1283 4866 connuercio
1310 4809 1885 4880 ejusfrequententur.
1903 4808 2015 4864 Hoc
2038 4809 2126 4864 de-

554 4903 717 4971 nique
744 4901 796 4954 in
826 4899 943 4954 loco
982 4909 1203 4970 apparet
1263 4902 1615 4957 incredulitas
1663 4918 1873 4966 eorum,
1906 4916 2028 4955 cum
2079 4900 2123 4955 is

554 4994 778 5048 doceret
808 4991 948 5045 viam
983 4993 1125 5056 vitae,
1175 5008 1297 5047 cum
1334 4994 1426 5048 Dei
1481 5010 1706 5064 regnum
1755 4993 2076 5063 praedicaret.
2104 5032 2120 5059 ,

553 5085 1053 5158 cumlauguorihus
1087 5096 1139 5141 et
1170 5086 1319 5141 vitiis
1350 5087 1626 5142 medendis
1657 5096 1996 5156 operaretur,
2022 5102 2121 5140 ex-

555 5177 757 5232 traneis
795 5175 985 5232 deﬁxis
1017 5176 1069 5229 in
1105 5175 1256 5229 illum
1288 5186 1394 5229 tam
1432 5177 1665 5247 proximi
1687 5177 1934 5233 aberant.
1966 5193 1984 5228 ι
2013 5176 2119 5231 Sed

554 5281 780 5322 causam
811 5283 907 5338 pro
929 5268 1153 5323 co‘dicit
1192 5268 1486 5336 Pamelius,
1527 5279 1581 5324 et
1622 5280 1788 5325 totam
1826 5270 2122 5325 increduli-

550 5357 682 5411 tatis
715 5369 895 5412 notam
938 5359 989 5412 in
1021 5359 1216 5413 fratres
1247 5358 1540 5427 transfert;
1566 5359 1874 5416 etMatrem
1897 5361 2120 5417 Christo

538 5462 656 5505 ,που
693 5447 1000 5532 .adhtesisse
1024 5456 1249 5503 eatenus
1292 5457 1496 5503 tantum
1548 5450 1653 5504 dici
1679 5450 1813 5516 vult,
1849 5464 2119 5519 quatenus

550 5556 655 5595 non
692 5539 946 5594 omnibus
979 5540 1181 5595 Christi
1215 5544 1568 5597 concionihus
1610 5544 2114 5599 interfuit.Lauda-

538 5630 672 5683 bilis
698 5630 937 5697 quidem,
972 5631 1066 5683 sed
1097 5631 1284 5686 irritus
1304 5643 1395 5688 est
1424 5631 1653 5687 ‘Pamclii
1692 5643 1921 5689 conattIs
1947 5652 1961 5689 ε
2014 5650 2108 5692 ec-

564 5792 571 5796 ’
608 5793 637 5822 «⁸
674 5789 829 5848 Rom.
868 5807 950 5858 nt,
974 5793 1066 5862 ‘23,
1097 5795 1187 5851 ‘34.
1310 5798 1441 5856 Luc.
1476 5815 1540 5865 ιι,
1565 5798 1653 5854 55.

1896 5959 1984 5978 σον-

2246 1945 2440 2009 bebat;
2475 1941 2721 2010 quamvis
2760 1955 2823 1996 ea
2852 1941 3055 2004 omnia,
3080 1956 3200 2010 quae
3225 1948 3335 1993 tum
3369 1941 3434 1994 de
3456 1939 3680 1995 Christo
3714 1957 3819 1995 no-

2243 2045 2415 2097 verat,
2463 2033 2769 2088 certissima
2822 2042 2875 2087 et
2907 2033 3226 2086 inconcussa
3266 2032 3368 2085 ﬁde
3408 2042 3643 2087 teneret.
3680 2052 3699 2085 s
3731 2035 3815 2089 Ad

2242 2126 2477 2195 priorem
2514 2139 2643 2179 vero
2673 2138 2740 2178 ex
2772 2123 2959 2177 homil.
3007 2123 3066 2176 l7
3116 2123 3425 2178 diluendum
3471 2123 3653 2179 locum
3683 2141 3816 2180 con-

2240 2218 2439 2273 ducere
2464 2226 2675 2287 poterat
2707 2216 2928 2270 Thomze
2968 2215 3190 2282 solutio,
3217 2216 3609 2271 dubitationem
3642 2218 3811 2279 illam.

2240 2310 2642 2363 admirationem
2674 2317 2729 2362 et
2755 2307 3131 2361 discussionem
3164 2308 3607 2377 interpretantis,
3631 2310 3674 2362 si
3702 2325 3808 2363 non

2240 2400 2475 2469 rejiculte
2507 2399 2609 2453 illa:
2646 2398 2886 2451 scandali
2910 2408 2963 2451 et
2992 2397 3327 2460 inﬁdelitatis
3371 2399 3519 2451 vocis
3554 2415 3815 2455 occurre—

2239 2501 2379 2545 rent.
2405 2490 2573 2546 Porro
2608 2493 2810 2547 absona
2848 2493 2983 2557 lucc,
3001 2492 3143 2545 etab
3169 2490 3420 2547 Ecclesiae
3443 2493 3662 2561 placitis
3692 2496 3807 2549 dis-

2236 2597 2464 2651 crepans
2502 2594 2749 2638 veterum
2805 2583 3009 2652 aliquot
3045 2583 3111 2638 de
3138 2583 3304 2637 Maria
3346 2586 3640 2646 sententia,
3674 2586 3813 2638 alim-

2235 2690 2340 2745 que
2364 2675 2633 2744 ejusmodi
2666 2676 2959 2744 nonnulla},
2986 2693 3119 2746 quas
3165 2679 3423 2733 brevitati
3453 2681 3810 2735 consulentes

2235 2769 2722 2838 praetermittimus,
2781 2785 3001 2825 causam
3050 2770 3318 2826 dederunt
3367 2770 3699 2828 Lutheranis
3751 2784 3810 2827 et

2232 2860 2568 2928 Calvinistis,
2613 2876 2710 2916 cur
2749 2860 2962 2916 beatam
2998 2860 3225 2915 Mariam
3281 2862 3615 2935 reliquorum
3652 2880 3807 2920 more

2234 2953 2514 3008 hominum
2555 2967 2813 3008 oeccasse
2840 2952 3169 3007 sciscerent.

2793 3065 3116 3132 ρυΑεδΤιυ
3170 3066 3235 3123 ν.

2848 3177 2913 3215 DE
2950 3176 3190 3217 ANGELIS.

2238 3249 2281 3306 I.
2331 3246 2427 3304 Via:
2446 3250 2587 3323 certi
2613 3252 2896 3322 quidquam
2924 3254 3163 3323 Origenis
3187 3262 3340 3307 (etate
3359 3253 3425 3306 de
3450 3252 3655 3323 angelis
3684 3254 3803 3322 fue-

2309 3331 2394 3375 rat
2421 3321 2717 3388 deﬁnitum.
2756 3321 2829 3378 ll.
2876 3321 3146 3386 Quatritur
3192 3341 3293 3393 quo
3327 3321 3555 3392 tempore
3592 3327 3806 3393 angelos

2298 3403 2344 3444 et
2386 3393 2605 3445 rationis
2634 3402 2888 3459 rompotes
2918 3404 3132 3447 naturas
3157 3394 3385 3463 reliquas
3410 3412 3440 3446 (ι
3470 3394 3577 3446 Deo
3618 3400 3809 3463 condi-

2311 3472 2409 3524 tas,
2442 3464 2562 3516 etin
2596 3472 2860 3528 peccatum
2907 3464 3147 3530 delapsas
3180 3462 3325 3517 ratus
3361 3465 3446 3517 sit.
3481 3464 3567 3518 III.
3608 3462 3803 3519 Utrum

2303 3534 2513 3599 angelos
2552 3545 2854 3599 corporatos
2888 3549 2996 3586 esse
3020 3537 3298 3587 censuerit.
3324 3533 3410 3588 IV.
3444 3533 3559 3589 Stbi
3594 3537 3804 3588 videtur

2306 3602 2589 3671 aliquando
2614 3618 2713 3654 non
2762 3613 3018 3656 constare.
3066 3604 3124 3659 V.
3163 3605 3267 3659 Sed
3307 3607 3662 3659 conciliantur
3688 3608 3805 3661 dis-

2308 3670 2578 3725 cordantes
2637 3672 2755 3724 loci.
2803 3672 2883 3724 VI.
2916 3670 3102 3726 Utrum
3128 3676 3357 3727 animam
3378 3676 3483 3728 illis
3513 3677 3702 3739 inesse,
3732 3695 3803 3731 an

2306 3744 2443 3805 ipsos
2483 3757 2590 3794 esse
2623 3744 2825 3794 animas
2854 3742 3065 3797 dixerit.
3095 3743 3201 3797 VII.
3233 3746 3547 3813 Angelorum
3587 3750 3727 3799 inter
3748 3758 3802 3801 et

2304 3817 2596 3885 dcentonunt
2630 3827 2865 3885 corpora
2917 3814 3198 3885 discrimen
3252 3818 3466 3885 aliquod
3524 3820 3800 3873 tenuitatis

2304 3882 2591 3936 constituit.
2630 3879 2756 3934 VIII.
2812 3881 3206 3938 Consentientes
3241 3879 3389 3939 habet
3438 3884 3631 3940 Patres
3671 3890 3801 3942 bene

2296 3954 2505 4026 multos.
2534 3950 2627 4026 IX.
2668 3949 3001 4021 Origeniana:
3022 3957 3289 4008 sententia:
3316 3957 3471 4009 radix
3510 3958 3798 4026 investiga-

2306 4034 2412 4077 tur.
2447 4021 2513 4077 Χ.
2546 4019 2731 4075 Utruut
2767 4019 2943 4096 aquas
2976 4040 3089 4092 qua!
3137 4042 3294 4089 supra
3342 4036 3388 4079 et
3439 4029 3580 4095 infra
3609 4019 3802 4096 ﬁnita-

2301 4104 2530 4146 ntentum
2573 4102 2715 4155 sunt,
2752 4094 2960 4160 angelos
2984 4110 3093 4147 esse
3119 4096 3404 4148 arbitratus
3438 4094 3526 4150 sit.
3556 4094 3645 4151 XI.
3689 4100 3798 4152 Ee-

2298 4170 2420 4233 qutd
2449 4166 2511 4215 de
2542 4161 2843 4235 angelorum
2868 4162 3368 4235 libertate,meritis,
3398 4170 3592 4235 gratia,
3622 4186 3800 4223 remu-

2302 4235 2574 4287 neratione
2601 4250 2662 4285 ac
2700 4233 2863 4294 panis
2909 4236 3174 4287 statuerit.
3206 4234 3317 4288 XIl.
3347 4233 3569 4290 Patrum
3606 4243 3799 4293 multu-

2297 4320 2413 4355 rum
2445 4303 2689 4356 adversus
2718 4302 2851 4354 hanc
2873 4303 3033 4370 ipsrus
3054 4305 3344 4359 doctrinam
3383 4311 3632 4362 convicia.
3655 4310 3792 4364 XIII.

2306 4373 2488 4427 Utram
2518 4373 2739 4439 priorem
2772 4374 3052 4426 crediderit
3083 4376 3352 4429 hominum
3382 4394 3450 4429 an
3489 4383 3791 4434 dirutorum

2302 4453 2565 4503 naturam,
2606 4441 2928 4516 exploratur.
2960 4442 3096 4497 XIV.
3132 4444 3214 4498 Ex
3243 4447 3366 4512 ipsis
3398 4446 3640 4516 ()rigenis
3681 4468 3790 4505 eer-

2303 4516 2379 4567 bis
2416 4514 2683 4585 sententia
2728 4512 3058 4585 illiussuper
3103 4517 3404 4585 angelorum
3439 4512 3679 4574 litiertate
3728 4537 3792 4575 ac

2288 4584 2491 4639 meritis
2518 4582 2768 4654 aperitur,
2964 4582 3028 4636 In
3051 4581 3383 4654 iqua'tanten
3423 4590 3628 4641 videtur
3666 4608 3792 4645 non.

2299 4669 2562 4729 nunquam
2580 4652 2997 4729 titubare.‘XVl._
3020 4652 3205 4729 Causea
3232 4656 3352 4709 huic
3377 4657 3561 4711 Patres
3586 4661 3787 4729 aliquot

2301 4724 2682 4797 suffragantur.
2713 4721 2875 4797 XVII.
2904 4723 3116 4797 Origeni
3162 4725 3335 4794 favent
3370 4730 3476 4781 alia
3522 4721 3787 4797 quadam.

2299 4790 2480 4848 XVI-Ill.
2504 4790 2698 4869 .Utrum
2727 4793 2936 4869 angelos
2970 4790 3364 4869 ab__ltontin_ibus
3419 4790 3618 4869 erudiri
3664 4819 3787 4869 per-

2299 4882 2510 4918 suasum
2539 4866 2815 4936 _hal_1ue_rt't.
2846 4863 3346 4936 XIX.__IL_‘xp_enditur
3388 4867 3502 4936 ejus
3532 4863 3790 4925 sententia

2297 4936 2361 5011 de
2398 4932 3076 5011 angelis‘judica‘ndis.‘XX.
3102 4934 3266 5004 Cujus
3290 4932 3635 5004 fundamenta
3666 4960 3789 5011 ape-

2301 5001 2530 5057 riuntur.
2582 5002 2735 5073 XXI.
2763 5001 2894 5073 Eam
2933 5005 3134 5073 [rustra
3174 5001 3425 5061 excusare
3458 5001 3785 5067 conatur'S.

2291 5073 2546 5149 .I'homas.
2603 5072 2762 5149 XXII.
2813 5072 2939 5149 Quo
2969 5084 3201 5149 tempore
3247 5091 3479 5149 extrema
3530 5084 3787 5149 supplicia
3826 5092 3831 5143 Α

2296 5143 2616 5199 datmonibus
2636 5142 2710 5194 uel
2748 5144 2951 5264 itglicta
2982 5144 3058 5196 vel
3085 5146 3367 5215 inﬂigenda
3398 5142 3652 5219 Origenes
3676 5170 3787 5208 cre-

2296 5216 2510 5264 diderit.
2550 5211 2731 5264 XXIII.
2832 5214 2997 5264 riaeni
3046 5220 3406 5264 assentiuntur
3452 5219 3637 5264 Patr-ns
3677 5225 3787 5264 nlo.

2295 5211 2997 5289 dideriQHXXIII."Origeni
3046 5211 3406 5289 assentiuntur
3446 5211 3637 5273 Patres
3676 5225 3787 5289 μισ.
3827 5217 3833 5227 ³

2292 5288 2457 5355 rique.
2488 5282 2674 5358 XXIV.
2716 5280 2902 5358 Utrum
2954 5284 3223 5339 hominum
3264 5290 3546 5358 sanctitate
3593 5280 3785 5358 [laren-

2290 5354 2422 5409 tium
2453 5356 2654 5408 animus
2694 5354 2908 5422 angelos
2938 5370 3051 5409 esse
3088 5359 3327 5412 senserit.
3348 5357 3512 5415 XXV.
3540 5354 3788 5416 Nonnul-

2293 5424 2951 5501 torum‘crintingtionihus
2987 5428 3259 5501 opinionis
3290 5430 3450 5499 hujus
3495 5448 3657 5485 causa
3681 5434 3788 5501 fuit

2298 5496 2570 5568 obnoxius.
2608 5491 2795 5568 XXVI.
2852 5491 3141 5568 Ventilntur
3177 5500 3291 5568 ejus
3320 5491 3572 5554 sententia
3611 5491 3768 5558 de'tu

2296 5566 2547 5638 telaribus
2585 5563 3212 5638 attgelisiuaeprimuni
3263 5574 3515 5638 gentium,
3568 5569 3783 5631 XXVII.

2294 5632 2674 5700 Ecclesiarum,
2752 5632 2990 5690 XXVIII.
3055 5632 3346 5694 Hominum
3431 5632 3783 5715 singulorum,

1731 5802 1750 5832 ⁷
1778 5800 1911 5857 Luc.
1941 5817 1977 5870 I,
2007 5801 2096 5857 '55.
2172 5802 2196 5835 ³
2222 5798 2388 5862 Marc.
2420 5822 2530 5875 xiv,
2554 5807 2642 5864 27.
2717 5811 2743 5844 ⁸
2777 5809 2907 5866 Luc.
2935 5822 2994 5875 u,
3021 5804 3110 5862 δι.
