4054 6310
268 406 375 466 845

1089 402 1666 463 ORIGENIANORUM
1708 403 1836 459 LIB.
1878 404 1944 470 Ii,
1987 402 2139 458 CAP.
2186 402 2249 469 11,
2290 403 2568 471 QUIEST.
2612 404 2675 460 V.

3412 407 3521 467 Sil}

341 535 533 593 XXIX.
571 536 636 589 Et
679 551 849 590 rerum
884 534 1060 588 anima
1093 537 1403 589 carentium.
1435 531 1604 586 XXX.
1646 530 1838 588 Utrum
1871 532 1917 587 Α
1950 528 2228 581 οοηιΙῘιιιηι
2258 568 2273 592 ο
2321 537 2378 581 ιιι
2430 537 2635 582 "illum?
2691 528 2795 584 mm
2835 528 3131 588 rationales
3182 531 3233 584 itt
3268 545 3391 585 eum
3420 544 3522 603 pro

342 611 627 678 unicuique
684 608 821 678 genti
865 616 911 678 et
939 606 1137 678 homini
1178 606 1390 678 angelos
1441 607 1607 668 duos,
1654 605 1844 658 bonum

344 674 551 738 unum."
587 674 784 730 malum
836 674 1056 728 alterum
1092 675 1250 729 simul
1287 678 1530 731 assistere
1563 681 1842 744 putaverit.

344 749 537 804 XXXI.
570 746 717 801 Fons
743 746 1181 815 Origenianarum
1211 749 1273 799 de
1309 746 1504 810 angelis
1536 745 1844 801 tutelaribus

336 821 718 873 sententiarum
776 814 1089 869 ostenditur.
1162 816 1378 872 XXXII.
1468 817 1845 883 Astipnlatores

340 888 532 943 Patres
580 898 931 940 recensentur.
984 884 1223 941 XXXIII.
1280 885 1376 939 Em
1402 898 1449 938 et
1494 901 1557 938 ex
1600 886 1846 954 Origenis

339 960 688 1028 fluctuatione
726 955 968 1009 excusari
1016 968 1254 1025 possunt.
1313 956 1549 1011 XXXIV.
1595 956 1735 1022 Quid
1782 961 1847 1013 de

335 1032 536 1098 angelis
606 1028 987 1098 ψυχοπομποίς
1049 1029 1294 1095 apinatus
1375 1030 1485 1088 sit.
1538 1029 1843 1097 indagatur.

338 1097 559 1155 XXXV.
605 1097 872 1165 Qnteritur
920 1098 1044 1167 quid
1079 1099 1294 1152 senserit
1330 1098 1394 1157 de
1426 1098 1623 1165 angelis
1670 1116 1843 1156 remur

334 1172 667 1225 nerationum
728 1177 777 1222 et
842 1184 1111 1236 poenarum
1171 1168 1518 1222 administris.
1586 1167 1827 1225 XXXVI.

335 1239 524 1295 Utrum
556 1240 765 1302 angelos
800 1239 1101 1307 neutiquam
1132 1239 1445 1292 invocantlos
1476 1254 1585 1292 esse
1614 1251 1835 1307 putave-

328 1315 421 1369 rit.
490 1310 751 1365 XXXVII.
813 1306 1004 1361 Utrum
1073 1317 1123 1362 et
1194 1310 1455 1378 quomodo
1518 1306 1830 1365 clterttbinos

333 1382 468 1435 Filii
517 1381 853 1451 cogitationes
891 1395 1002 1432 esse
1044 1380 1257 1433 dixerit.
1311 1379 1598 1439 XXXVIII.
1645 1379 1835 1435 Utrum

341 1455 602 1507 dannones
650 1452 831 1505 nidore
887 1458 933 1505 et
1002 1451 1253 1520 sanguine
1313 1451 1459 1518 pasci
1506 1452 1836 1508 existimave—

330 1524 419 1578 rit.

330 1618 371 1672 I.
400 1615 780 1687 Origenianam
810 1614 876 1668 de
903 1612 1109 1683 angelis
1139 1612 1437 1668 doctrinam
1467 1655 1481 1679 ,
1512 1614 1615 1669 iter
1665 1614 1832 1670 insti-

253 1716 433 1763 tutum
473 1712 876 1776 prosequentes,
907 1705 1261 1775 explicemus.
1292 1705 1370 1759 Ac
1393 1705 1706 1774 angelorum
1740 1720 1835 1761 no-

254 1799 426 1861 mine,
459 1807 568 1851 tum
597 1800 764 1851 bonos
791 1797 1031 1867 angelos,
1066 1806 1174 1851 tum
1206 1797 1397 1859 malos,
1424 1800 1514 1868 qui
1547 1800 1681 1851 dmm
1701 1813 1836 1852 ones

1948 617 2159 669 meritis
2177 616 2611 672 demitterentur.
2632 618 2794 686 Atqui
2815 618 2933 674 sine
2966 622 3164 675 mundo
3188 621 3350 678 Deum
3384 638 3522 677 nun-

1947 723 2107 779 quam
2138 707 2307 763 fuisse
2328 707 2467 762 idem
2490 711 2853 778 opinabatur;
2887 713 2960 764 ait
2982 714 3124 767 enim
3158 715 3245 769 lib.
3276 732 3333 769 ιιι
3380 717 3520 787 Περὶ

1948 799 2167 869 ἀρχῶν,
2214 814 2335 868 cap.
2374 799 2431 863 5,
2481 817 2630 854 num.
2665 802 2699 855 5
2741 820 2753 854 :
2814 822 2831 852 ι
2881 802 2935 857 Si
2976 806 3143 873 etrapit
3187 808 3416 862 mundus
3455 823 3522 862 ex

1951 906 2193 963 tempore
2218 932 2233 957 ,
2271 892 2398 961 quid
2431 904 2556 948 ante
2588 893 2824 949 faciebat
2872 896 3012 952 Deus
3037 936 3052 960 ,
3089 913 3251 966 quam
3288 900 3518 953 mundus

1950 986 2256 1056 inciperet?
2294 986 2536 1043 Otiosam
2577 986 2720 1039 enim
2751 996 2806 1041 et
2839 986 3168 1041 immobilem
3207 989 3388 1043 dicere
3428 1006 3519 1044 na.

1950 1090 2126 1133 turam
2170 1079 2306 1142 Dei,
2352 1079 2577 1148 impium
2615 1089 2698 1132 est
2733 1079 2893 1134 simul
2943 1089 2997 1134 et
3048 1079 3341 1134 abxurdum
3370 1122 3385 1145 ,
3433 1081 3522 1136 vel

1951 1180 2138 1239 putare
2172 1172 2315 1240 quod
2374 1168 2914 1238 bonitasaliqnando
2961 1169 3101 1224 bene
3138 1186 3240 1226 non
3290 1170 3518 1237 fecerit,

1952 1263 2031 1318 vel
2088 1263 2477 1331 omnipotentis
2537 1263 2828 1331 aliquando
2880 1279 2985 1317 non
3043 1263 3213 1329 egerit
3266 1275 3521 1333 potenta-

1952 1369 2085 1412 tum.
2134 1377 2151 1409 ι
2183 1357 2349 1423 igitur
2381 1370 2446 1410 ne
2479 1356 2771 1409 rationales
2801 1356 3017 1424 quidem
3057 1369 3264 1410 naturae
3284 1371 3349 1410 ex
3386 1367 3522 1412 tem--

1950 1465 2079 1521 pore
2119 1464 2238 1504 esse
2276 1457 2575 1517 coeperunt.
2619 1447 2773 1505 Unde
2806 1448 3118 1503 necessario
3152 1449 3400 1517 sequitur
3426 1465 3520 1504 eas

1951 1541 2018 1596 ab
2054 1541 2200 1596 omni
2243 1556 2357 1595 tevo
2406 1540 2654 1596 conditas
2704 1556 2734 1593 a
2787 1541 2900 1595 Deo
2940 1538 3135 1605 fuisse;
3195 1549 3305 1595 tum
3356 1541 3521 1594 variis

1952 1632 2127 1686 modis
2172 1630 2466 1685 voluntatis
2506 1631 2757 1686 libertate
2787 1646 2913 1685 usas
2940 1669 2957 1695 ,
3015 1633 3112 1685 has
3153 1640 3298 1685 recte
3322 1672 3338 1698 ,
3376 1630 3520 1686 male

1954 1723 2072 1778 illas
2111 1724 2286 1794 egisse
2310 1764 2324 1788 ,
2362 1725 2665 1791 statimque
2695 1722 2991 1777 sceleribus
3018 1736 3201 1777 suum
3233 1722 3517 1791 expiandis

1952 1816 2212 1869 mundum
2262 1814 2431 1870 fuisse
2477 1814 2831 1869 fabrefactum
2882 1816 2935 1870 in
2981 1830 3139 1885 quem
3173 1818 3519 1897 detruderen-

256 1892 622 1962 appeilantur,
679 1890 1226 1959 comprehendimus,
1277 1891 1530 1959 quoniam
1574 1890 1835 1961 permista

1944 1915 2051 1974 tur,
2084 1909 2217 1962 adeo
2239 1916 2294 1960 ut
2320 1908 2431 1961 btec
2463 1920 2521 1962 re
2547 1905 2672 1961 licet
2701 1907 2936 1973 diversa,
2967 1907 3128 1961 simul
3162 1916 3339 1961 tamen
3391 1890 3519 1963 con.

255 1992 455 2052 sponte
504 1997 601 2037 sua
653 1990 708 2036 et
741 1982 1018 2037 cohaerens
1070 1990 1154 2036 est
1205 1990 1562 2053 utrorumque
1615 1983 1830 2037 notitia.

274 2072 478 2129 Horum
538 2083 785 2127 naturam
848 2076 960 2127 suis
1019 2074 1352 2140 temporibus
1414 2075 1649 2127 nondum
1704 2075 1835 2129 satis

258 2174 447 2235 aperte
479 2165 641 2220 fuisse
676 2165 942 2236 cognitam
968 2206 983 2231 ,
1018 2181 1118 2221 nec
1144 2165 1395 2221 Ecclesia:
1424 2166 1835 2222 deﬁnitionibus

258 2259 607 2326 explanatam
639 2260 827 2315 scribit
874 2259 1136 2330 Origenes
1171 2261 1222 2315 in
1277 2261 1539 2329 prooemio
1569 2261 1831 2315 librorum

258 2349 401 2418 Περὶ
430 2349 648 2420 ἀρχῶν,
673 2367 820 2404 ηιιιη.
848 2351 912 2405 10
939 2369 953 2404 :
979 2370 997 2402 ι
1022 2351 1116 2407 Est
1143 2351 1305 2406 etiam
1338 2352 1464 2406 illttd
1497 2352 1549 2406 in
1579 2352 1838 2408 ecclesia-

258 2441 401 2495 stica
439 2441 818 2508 pnedicatione
846 2482 861 2507 ,
891 2455 1012 2497 esse
1040 2443 1261 2514 angelos
1294 2444 1383 2498 Dei
1428 2445 1693 2513 quosdam
1724 2486 1739 2510 ,
1777 2453 1832 2501 et

255 2530 488 2585 virtutes
523 2533 713 2597 bonas,
743 2533 833 2600 qui
871 2532 920 2587 ei
959 2534 1267 2588 ministrant
1294 2534 1360 2588 ad
1396 2533 1627 2589 salutem
1654 2535 1833 2589 homi-

253 2641 385 2679 num
419 2613 903 2681 consummandam
930 2644 944 2692 ;
976 2627 1069 2681 sed
1098 2628 1317 2697 quando
1346 2627 1431 2683 isti
1462 2628 1629 2683 creati
1682 2630 1830 2699 sint,

253 2716 581 2788 veLquales,
615 2725 705 2769 aut
734 2718 1003 2787 quomodo
1034 2719 1164 2785 sint,
1194 2734 1300 2775 non
1334 2719 1466 2775 satis
1498 2720 1550 2774 in
1588 2721 1825 2777 manife-

253 2822 345 2865 sto
378 2811 709 2881 designatur.
747 2829 765 2861 ι
798 2810 864 2865 Ει
905 2810 1066 2878 paulo
1094 2813 1344 2880 superius
1394 2827 1543 2869 num.
1575 2811 1650 2867 6:
1686 2831 1706 2864 ι
1752 2812 1829 2869 De

254 2902 470 2959 diabolo
504 2945 518 2967 ,
547 2913 601 2957 et
646 2904 853 2973 angelis
897 2903 1016 2974 ejus
1038 2944 1053 2965 ,
1087 2905 1484 2974 contrariisque
1532 2906 1827 2965 virtutibus

253 2994 621 3049 ecclesiastica
659 2994 969 3064 praedicatio
999 2994 1204 3060 docuit,
1233 2992 1496 3065 quoniam
1528 3006 1658 3052 sunt
1707 3000 1830 3069 qui-

255 3084 377 3137 dem
408 3084 524 3138 inec
554 3101 567 3137 :
601 3098 719 3153 quae
750 3093 927 3138 autem
951 3084 1058 3138 sint
1085 3124 1099 3150 ,
1133 3093 1225 3139 aut
1253 3085 1524 3154 quomodo
1552 3087 1683 3153 sint,
1721 3104 1826 3144 non

258 3172 395 3227 satis
424 3174 569 3227 clare
605 3174 874 3244 exposuit.
901 3173 1054 3243 Apud
1086 3174 1349 3245 plurimos
1381 3182 1561 3231 tamen
1591 3178 1695 3233 ista
1733 3180 1828 3233 ha-

253 3263 413 3319 betur
438 3264 616 3334 opinio
638 3304 654 3327 ,
676 3238 829 3333 quod
860 3238 1101 3334 angelus
1130 3263 1293 3319 fuerit
1322 3264 1425 3320 iste
1450 3264 1697 3323 diabolus
1723 3309 1739 3334 ,
1773 3277 1828 3324 et
1855 3238 1898 3297 α

253 3369 500 3429 apostata
553 3356 774 3413 effectus
810 3357 1242 3428 quamplurimos
1288 3359 1605 3429 angelorum
1642 3376 1827 3417 secum

253 3452 532 3505 declinare
585 3450 954 3520 persuaserit,
989 3450 1079 3519 qui
1135 3461 1191 3505 et
1244 3467 1388 3506 nunc
1428 3467 1596 3522 usque
1645 3454 1825 3523 angeli

255 3542 428 3612 ipsius
465 3551 867 3611 nuncupantur.
924 3561 943 3594 ›
987 3541 1247 3597 Proclivis
1285 3557 1413 3613 ergo
1462 3554 1579 3597 erat
1604 3543 1821 3615 Origeni

254 3635 308 3689 in
345 3649 403 3688 re
436 3633 640 3688 lubrica
671 3642 723 3689 et
770 3634 973 3687 incerta
1006 3632 1191 3702 lapsus
1214 3673 1229 3695 ,
1266 3642 1511 3702 prompta
1547 3644 1605 3689 et
1653 3635 1828 3692 facilis

255 3727 309 3782 in
341 3725 579 3781 tenebris
607 3724 855 3780 offensio.
909 3723 975 3777 Et
1012 3723 1113 3776 fuit
1152 3737 1282 3777 sane
1328 3722 1605 3791 multiplex
1634 3767 1650 3788 ,
1700 3727 1824 3782 dum

252 3819 472 3891 ingenio
488 3832 585 3873 suo
613 3817 775 3873 nimis
807 3815 1042 3870 conlisus
1062 3822 1216 3869 extra
1245 3812 1391 3869 oleas
1437 3832 1825 3887 nonnunquam

252 3912 557 3982 divagatur.
593 3910 813 3979 Singula
848 3910 935 3964 hic
975 3910 1255 3967 enucleate
1288 3911 1623 3968 discutienda
1678 3921 1825 3967 sunt.

320 4002 386 4058 I-I.
415 4003 782 4073 Quaerendum
827 4001 1008 4071 priore
1047 4000 1164 4056 loco
1208 4002 1337 4058 illud
1388 4012 1472 4059 est
1498 4043 1514 4068 ,
1550 4020 1659 4074 quo
1686 4012 1824 4059 tem-

250 4112 381 4168 pore
410 4095 635 4167 angelos
687 4111 714 4148 a
774 4095 881 4150 Deo
931 4096 1180 4152 conditos
1227 4096 1495 4169 Origenes
1526 4096 1820 4164 statuerit;

253 4204 429 4261 neque
456 4191 674 4262 angelos
697 4191 975 4256 duntaxat,
1018 4190 1113 4245 sed
1149 4191 1383 4245 rationis
1409 4190 1574 4246 etiam
1606 4190 1823 4260 partici-

250 4300 347 4354 pes
373 4294 595 4339 naturas
624 4296 810 4336 omnes
834 4320 850 4345 ,
885 4283 999 4336 sive
1031 4282 1306 4337 daemones
1330 4323 1345 4347 ,
1387 4283 1502 4337 sive
1554 4283 1825 4338 humanas

250 4379 481 4445 animus,
509 4379 622 4433 sive
654 4376 788 4430 alias
812 4389 1162 4445 quascunque
1189 4376 1333 4445 (nam
1366 4386 1421 4431 et
1449 4377 1582 4430 alias
1613 4377 1822 4446 pleras-

250 4489 356 4544 que
392 4472 616 4527 rationis
662 4478 937 4538 compotes
968 4482 1088 4521 esse
1138 4469 1329 4539 sensit)
1373 4470 1629 4538 quoniam
1670 4470 1825 4541 ejus-

1939 1999 2183 2067 tigerint.
2220 1998 2372 2065 Quod
2413 2006 2471 2051 ut
2509 1997 2891 2053 Adamantium
2932 1999 3003 2052 ita
3035 2000 3271 2053 sensisse
3307 2009 3515 2069 putem,

1942 2090 2068 2145 facit
2098 2089 2504 2144 Platonicorum
2542 2090 2904 2144 recentiorum
2939 2090 3257 2155 auctoritas,
3283 2105 3511 2159 quorum

1940 2182 2244 2238 consimilis
2276 2191 2391 2236 erat
2420 2182 2807 2255 prepentodum
2844 2182 3035 2235 iisdem
3078 2183 3144 2236 de
3186 2182 3348 2237 rebus
3389 2198 3514 2238 seu-

1939 2276 2129 2339 tentia,
2156 2284 2213 2329 ut
2234 2285 2318 2329 est
2345 2276 2487 2345 apud
2522 2275 2880 2343 Augustinum
2911 2274 3004 2331 lib.
3039 2291 3073 2328 x
3133 2275 3206 2329 De
3230 2276 3367 2329 civit.
3394 2274 3511 2341 Del,

1937 2383 2054 2438 cap.
2091 2368 2178 2423 51.
2222 2367 2377 2424 Facit
2424 2377 2475 2423 et
2528 2369 2629 2424 iste
2666 2368 2981 2439 Hieronymi
3029 2371 3179 2423 locus
3214 2370 3279 2421 ad
3331 2384 3449 2439 cap.
3495 2384 3512 2425 ι

1938 2459 2109 2529 Epist.
2141 2460 2207 2513 ad
2242 2458 2419 2513 Titum
2454 2477 2469 2513 :
2516 2478 2535 2510 ι
2575 2460 2681 2514 Sex
2714 2458 2877 2513 millia
2911 2460 3136 2513 necdum
3174 2460 3344 2514 nostri
3364 2458 3513 2515 orbis

1936 2551 2233 2622 implentur
2282 2553 2455 2618 anni;
2520 2563 2575 2606 et
2631 2562 2866 2622 quantas
2926 2553 3079 2621 prius
3131 2553 3511 2618 mternitates,

1936 2655 2137 2715 quanta
2178 2654 2443 2719 tempora,
2463 2654 2700 2717 quantas
2720 2644 3040 2704 saeculorum
3076 2644 3314 2713 origines
3343 2645 3511 2700 fuisse

1936 2735 2309 2791 arbitrantium
2338 2745 2451 2801 est,
2482 2736 2535 2791 in
2566 2735 2763 2807 quibus
2789 2734 2987 2805 angeli,
3030 2736 3233 2802 throni,
3262 2734 3511 2788 domina-

1938 2827 2131 2891 tiones,
2174 2837 2492 2898 caeteraaque
2530 2827 2759 2880 virtutes
2793 2826 3083 2881 servierint
3119 2826 3250 2890 Deo,
3285 2836 3340 2879 et
3382 2826 3510 2881 abs-

1939 2933 2045 2989 que
2103 2928 2405 2989 temporum
2436 2921 2644 2975 vicibns
2672 2931 2835 2990 atque
2859 2918 3127 2973 mensuris
3150 2919 3258 2973 Deo
3283 2918 3510 2988 jubeute

1932 3010 2318 3066 substiterint?
2356 3030 2375 3063 ι
2417 3010 2541 3066 Haec
2575 3011 2974 3081 Origenismutu
3025 3009 3284 3079 sapiunt,
3326 3008 3507 3078 qualia

1934 3104 2105 3158 multa
2144 3104 2566 3159 Commentariis
2614 3106 2726 3159 suis
2773 3104 3132 3177 ilieronymus
3168 3116 3503 3174 asperserat.

1931 3195 2130 3251 Facilis
2172 3212 2314 3251 nunc
2340 3206 2420 3251 est
2454 3196 2665 3250 Leontii
2704 3196 2945 3268 Byzantii
2981 3196 3293 3253 intellectus
3317 3239 3331 3260 ,
3382 3213 3503 3251 cmn

1930 3286 2006 3341 ait
2053 3285 2318 3341 Scholior.
2350 3295 2455 3339 act.
2492 3288 2594 3340 10:
2630 3287 2739 3341 Kal.
2776 3287 2977 3351 οὕτως,
3018 3289 3225 3358 inquit,
3252 3291 3507 3363 περὶτῆς

1933 3376 2326 3449 προῦπάρξεως
2372 3377 2621 3444 ἐδόξαζεν
2680 3378 3015 3450 (Ὠριγένης)
3053 3379 3245 3445 οὕτως,
3279 3381 3361 3434 ὅτι
3399 3382 3505 3455 πρὸ

1928 3468 2035 3521 τῶν
2077 3467 2288 3522 αἰώνων
2321 3469 2437 3532 νόες
2474 3463 2614 3540 ἦσαν
2660 3470 2859 3533 πάντες
2902 3470 3153 3541 καθαροὶ,
3190 3472 3283 3524 καὶ
3307 3472 3358 3523 οἱ
3392 3472 3506 3526 δας-ρ

1932 3578 2112 3633 μονες,
2139 3563 2233 3615 καὶ
2275 3565 2330 3615 αἱ
2358 3562 2553 3639 ψυχαὶ,
2592 3562 2687 3615 καὶ
2731 3564 2780 3616 οἱ
2823 3563 3039 3631 ἄγγελοι
3068 3563 3505 3634 λειτουργοῦντες

1928 3651 2005 3723 τῷ
2042 3651 2181 3723 Θεῷ,
2227 3654 2320 3705 καὶ
2365 3653 2463 3716 τὰς
2512 3653 2731 3715 ἐντολὰς
2785 3652 2950 3706 αὐτοῦ
3006 3653 3303 3718 ποιοῦντες.
3351 3656 3407 3709 'O
3445 3656 3505 3710 δὲ

1927 3739 2169 3807 διάϐολος
2200 3735 2279 3804 εἷς
2309 3740 2405 3805 ὢν,
2442 3742 2629 3814 ἐπειδὴ
2658 3742 2720 3796 τὺ
2764 3742 3106 3806 αὐτεξούσιον
3144 3741 3309 3815 εἶχεν,
3341 3747 3504 3817 ἠϐου-

1927 3831 2064 3903 λήθη
2093 3833 2411 3904 ἀντιστῆναι
2436 3834 2512 3913 τῷ
2539 3833 2675 3915 Θεῷ,
2705 3837 2795 3889 καὶ
2829 3835 3085 3890 ἀπώσατο
3108 3838 3267 3891 αὑτὸν
3284 3839 3311 3890 ὁ
3337 3838 3468 3902 Oed;
3488 3857 3502 3871 ·

1930 3924 2339 3994 συναπέστησαν
2364 3925 2421 3978 δὲ
2445 3925 2593 3996 αὐτῷ
2621 3928 2791 3980 πᾶσαι
2831 3929 2889 3981 αἱ
2915 3926 3072 3980 ἄλλαι
3097 3929 3375 3998 δυνάμεις,
3407 3932 3504 3985 καὶ

1926 4016 1975 4068 οἱ
2011 4015 2109 4086 μὲν
2153 4016 2291 4070 πάνυ
2329 4017 2747 4088 ἀμαρτήσαντες
2776 4020 3031 4091 δαίμονες
3071 4021 3316 4090 ἐγένοντο
3336 4025 3416 4076 Ὀἱ
3447 4024 3503 4077 δὲ

1927 4106 2007 4162 ἔτι
2044 4107 2281 4176 ἔλαττον,
2316 4110 2554 4179 ἄγγελοι⁸
2595 4112 2645 4163 οἱ
2681 4110 2738 4163 δὲ
2772 4111 2851 4164 ἔτι
2869 4112 3086 4166 ἔλαττον
3126 4114 3452 4185 ἀρχάγγελοι
3483 4131 3499 4144 ’

1926 4203 2019 4255 καὶ
2033 4201 2205 4265 οὕτως
2222 4202 2418 4274 ἐφεξῆς
2441 4203 2671 4268 ἕκαστος
2696 4205 2835 4277 πρὸς
2863 4204 2960 4276 τὴν
2987 4207 3193 4259 οἰκείαν
3228 4208 3502 4277 ἁμαρτίαν

1925 4294 2220 4349 ἀπέλαϐενο
2276 4296 2629 4350 ὑπελείποντο
2680 4297 2737 4351 δὲ
2774 4300 2829 4351 αἱ
2875 4297 3077 4369 ψυχαὶ,
3132 4300 3333 4362 αἵτινες
3381 4300 3502 4353 οὐδὲ

1923 4387 2156 4441 τοσαῦτα
2186 4384 2325 4461 ἦσαν
2362 4391 2769 4463 ἁμαρτήσασαι,
2810 4391 2898 4445 ἵνα
2927 4392 3176 4462 δαίμονες
3199 4392 3459 4461 γένωνται
3485 4410 3498 4422 ·

1924 4478 2041 4531 οὐδὲ
2072 4478 2233 4533 πάλιν
2253 4479 2393 4533 οὕτω
2421 4481 2787 4552 κουφοτέρως,
2828 4482 2916 4534 ἵνα
2953 4481 3171 4550 ἄγγελοι
3202 4482 3465 4550 γένωνται
3483 4501 3497 4519 ρ

251 4568 373 4619 dem
439 4578 533 4617 eas
586 4575 775 4614 onmes
823 4574 946 4614 esse
986 4561 1125 4613 inter
1159 4574 1217 4614 se
1254 4569 1496 4624 naturte,
1534 4569 1590 4614 et
1626 4563 1816 4615 eodem

1935 4573 2180 4643 ἐποίησεν
2223 4570 2314 4627 οὖν
2357 4574 2448 4626 τὸν
2490 4575 2729 4644 παρόντα
2777 4575 3003 4644 κόσμον,
3046 4574 3140 4627 καὶ
3178 4574 3276 4647 τὴν
3323 4575 3501 4649 ψυχὴν

252 4664 496 4725 tempore
535 4668 563 4705 a
612 4652 719 4706 Deo
752 4650 1035 4718 conditas,
1071 4661 1290 4721 tumque
1328 4651 1492 4706 fuisse
1531 4652 1679 4717 νόας,
1715 4654 1819 4709 hoc

250 4757 374 4811 est,
424 4757 651 4810 mentes;
706 4744 903 4798 deinde
934 4757 1064 4796 vero
1113 4754 1337 4813 propter
1368 4744 1551 4798 varios
1600 4744 1815 4799 illarum

250 4850 429 4895 motus
453 4882 468 4903 ,
519 4854 582 4893 ac
615 4839 885 4892 diversum
940 4835 1092 4891 liberi
1124 4837 1329 4891 arbitrii
1368 4854 1521 4892 usum
1555 4840 1609 4892 in
1639 4840 1816 4895 varios

246 4914 488 4995 ordines,
523 4932 633 4985 sive
660 4929 974 4997 angelorum
1005 4967 1020 4993 ,
1060 4930 1174 4983 sive
1204 4929 1477 4983 hominum
1508 4970 1523 4995 ,
1572 4932 1687 4984 sive
1714 4932 1822 4986 dae-

249 5040 469 5079 monum
518 5023 864 5087 distributas,
907 5020 1180 5074 constanti
1226 5029 1281 5075 et
1324 5021 1515 5075 iterata
1548 5022 1817 5091 Origenes

247 5115 551 5171 assertione
580 5113 852 5184 prodidit,
895 5122 952 5165 ut
980 5127 1123 5182 saepe
1154 5113 1206 5167 in
1241 5114 1597 5183 sequentibus
1630 5123 1823 5168 osten-

248 5213 459 5266 demus.
492 5209 831 5279 Atquoniam
852 5209 1006 5280 vulgo
1032 5207 1266 5280 ignorari
1306 5206 1517 5271 scribit,
1548 5221 1657 5275 quo
1685 5215 1825 5260 tem-

248 5320 378 5374 pore
425 5315 622 5359 creata:
663 5304 768 5358 illa:
811 5303 921 5358 sint
951 5318 982 5357 a
1021 5302 1149 5367 Deo,
1178 5316 1276 5357 nec
1309 5300 1609 5370 quidquam.
1631 5309 1816 5370 aperte

246 5412 411 5466 super
436 5412 497 5449 ea
534 5411 591 5449 re
618 5396 884 5461 deﬁnivit,
912 5394 1240 5463 conjecturis
1264 5394 1529 5449 duntaxat
1556 5393 1815 5449 utendum

247 5498 349 5543 est.
401 5486 685 5541 Probabile
731 5487 862 5542 mihi
906 5487 1123 5557 quidem
1155 5487 1213 5539 ῆι
1254 5496 1476 5540 naturas
1508 5484 1831 5555 bujusmodi-

249 5583 315 5636 ab
361 5591 565 5635 aeterno
612 5589 822 5635 creatas
866 5595 895 5634 a
953 5579 1059 5634 lico
1098 5578 1381 5647 Origenem
1431 5579 1811 5644 existimasse;

248 5674 701 5741 quemadmodum
735 5687 1008 5741 nunquam
1036 5688 1140 5726 non
1172 5673 1287 5725 sine
1312 5674 1429 5726 luce
1469 5670 1567 5726 sibi
1608 5686 1810 5737 comva,

250 5766 374 5821 licet
410 5782 439 5820 a
460 5765 796 5836 scproducta
830 5765 908 5819 sol
932 5762 1050 5818 fuit.
1089 5763 1591 5818 Demonstrabimus
1616 5765 1813 5833 quippe

248 5858 415 5926 infra,
452 5872 767 5928 persuasum
810 5856 976 5945 [uisse
1005 5858 1079 5913 illi
1118 5856 1372 5912 mundum
1416 5856 1616 5914 idcirco
1647 5873 1673 5910 ιι
1701 5857 1809 5913 Dco

1928 4663 2181 4743 συνέδησε
2216 4660 2296 4733 τῷ
2336 4661 2546 4734 σώματι
2581 4663 2718 4733 πρὸς
2760 4663 2995 4717 κόλασιν.
3036 4680 3055 4712 ι
3106 4663 3282 4731 Atque
3312 4663 3385 4717 ita
3420 4665 3502 4717 in-

1931 4755 2087 4809 terim
2128 4756 2194 4810 de
2223 4755 2651 4827 praeexsistentia
2681 4754 2987 4827 (Origenes)
3033 4756 3340 4822 sentiebat,
3372 4765 3499 4809 ante

1929 4846 2121 4900 s:ccula
2152 4854 2359 4899 mentes
2391 4845 2558 4899 fuisse
2587 4860 2748 4913 puras
2775 4860 2965 4900 omnes
2987 4886 3002 4907 ,
3035 4855 3089 4899 et
3120 4847 3417 4911 datmones,
3441 4855 3499 4900 et

1930 4941 2158 5002 animas.
2190 4949 2245 4995 et
2279 4940 2498 5009 angelos
2526 4941 2899 4993 ministrantes
2934 4941 3062 5003 Deo,
3095 4940 3318 5008 ejusque
3344 4953 3498 4992 man-

1930 5031 2052 5083 data
2084 5040 2465 5103 exsequentes.
2517 5029 2796 5083 Diabolum
2829 5042 3009 5083 autem
3040 5070 3055 5093 ,
3088 5045 3209 5082 cum
3245 5046 3382 5083 unus
3408 5045 3497 5084 es.

1927 5135 2010 5176 set
2036 5165 2051 5187 ,
2086 5124 2341 5190 quoniam
2381 5121 2595 5175 arbitrii
2630 5123 2883 5176 libertate
2924 5122 3155 5190 pollebat
3177 5163 3191 5185 ,
3220 5120 3331 5177 Deo
3364 5124 3490 5177 resi-

1925 5224 2069 5266 stere
2118 5213 2350 5268 voluisse
2381 5254 2395 5278 ,
2451 5228 2684 5281 eumque
2726 5230 2754 5266 a
2811 5215 2918 5266 Deo
2965 5213 3129 5267 fuisse
3175 5213 3497 5282 expulsum;

1926 5320 2139 5375 unaque
2163 5319 2284 5359 cum
2310 5305 2425 5373 ipso
2455 5306 2748 5361 descivisse
2763 5320 2950 5360 omnes
2979 5305 3115 5361 alias
3144 5306 3370 5362 virtutes
3395 5348 3410 5371 ,
3440 5317 3499 5362 et

1925 5412 2044 5466 qua}
2071 5396 2190 5466 plus
2239 5408 2558 5466 peccassent
2584 5439 2598 5462 ,
2628 5399 2902 5452 daemones
2937 5398 3208 5465 evasisse;
3244 5415 3365 5468 quae
3395 5399 3499 5456 mi-

1925 5505 2026 5543 nus
2052 5530 2067 5555 ,
2097 5490 2318 5556 angelos
2350 5509 2364 5557 ;
2399 5506 2519 5559 quae
2550 5491 2728 5546 minus
2774 5493 2938 5546 etiam
2963 5530 2981 5556 ,
3021 5493 3404 5562 archangelos;
3440 5500 3497 5545 et

1925 5582 1997 5636 ita
2046 5592 2443 5653 consequenter
2494 5598 2935 5654 unumquemque
2981 5600 3076 5654 pro
3125 5600 3222 5639 suo
3270 5593 3495 5653 peccato

1926 5675 2195 5745 recepisse
2228 5678 2504 5745 pranninm
2544 5694 2555 5730 :
2594 5676 2829 5745 reliquas
2863 5686 3041 5732 autem
3061 5677 3231 5731 fuisse
3259 5677 3492 5741 animus,

1924 5784 2045 5838 quae
2068 5785 2173 5824 non
2207 5777 2412 5823 tantum
2446 5782 2797 5838 peccaverant
2826 5812 2840 5836 ,
2875 5782 2934 5825 ιιι
2964 5774 3232 5828 dtemones
3260 5770 3489 5838 ﬁerent;

1930 5878 2103 5933 neque
2162 5878 2370 5918 rursum
2429 5862 2500 5916 ita
2559 5862 2769 5933 leviter,
2830 5875 2886 5920 ut
2933 5866 3105 5937 angeli
3159 5865 3489 5939 evaderent;
