4054 6310
561 370 664 424 ερΗ

1827 363 1884 416 P.
1932 363 2246 419 DANIELIS
2281 363 2515 419 IIUETII

3686 363 3788 418 848

556 485 809 542 mundum
848 485 1028 554 itaque
1063 483 1204 536 hunc
1241 480 1548 536 condidisse
1573 521 1586 542 ,
1616 481 1968 550 animamque
1992 498 2117 551 sup-
2151 490 2192 542 Α
2224 497 2342 536 esse
2366 479 2614 550 Origenis
2644 479 2826 548 opinio
2859 478 2958 532 fuit
2985 521 2998 545 ,
3037 479 3130 533 sed
3161 493 3222 534 ea
3256 487 3433 534 tamen
3466 487 3692 548 propter
3715 481 3793 534 in-

556 580 699 649 plicii
733 593 892 632 causa
923 575 1136 645 corpori
1171 574 1476 643 colligasse.
1515 591 1532 622 ι
1567 572 1910 627 Creationem
1955 575 2116 640 inter,

555 682 612 726 et
657 682 934 739 peccatum
959 709 973 731 ,
1005 679 1058 720 et
1103 680 1315 734 pmnam
1345 707 1360 728 ,
1388 675 1722 720 momentum
1756 667 1866 720 l'ere
1898 666 2115 720 unicum

557 762 931 818 intercessisse
989 757 1225 828 intellige
1253 801 1266 823 ,
1318 767 1482 826 atque
1530 758 1642 812 haec
1689 758 1796 828 πρὸ
1843 758 1950 810 τῶν
1986 758 2115 812 αἰώ-

555 874 678 918 νων,
713 856 764 910 id
795 863 876 908 est
906 853 968 904 ab
999 859 1221 912 wtcmo,
1255 848 1572 917 contigisse.
1602 849 1677 902 Ad
1707 849 1961 919 Origenis
1996 866 2114 904 sen-

556 950 775 1005 tentiam
817 945 1022 1000 accedit
1051 952 1241 998 auctor
1275 941 1647 996 Commentarii
1686 943 1739 994 in
1775 939 1876 994 Job
1903 983 1917 1005 ,
1953 956 2116 1011 quem

559 1042 720 1099 vertit
771 1039 1100 1102 Perionius;
1163 1037 1240 1090 ait
1289 1036 1431 1089 enim
1467 1051 1480 1088 :
1517 1053 1536 1085 ι
1582 1033 1638 1086 lu
1691 1034 1901 1088 diabolo
1939 1045 2117 1088 autem

555 1132 877 1204 principium
909 1130 1252 1183 formationis
1285 1127 1687 1194 intelligendum
1717 1137 1820 1191 est,
1847 1142 1950 1179 non
1977 1125 2117 1192 quod

558 1226 799 1280 omnium
827 1238 944 1290 qua:
975 1221 1185 1276 ratione
1212 1232 1267 1275 et
1293 1221 1474 1273 animo
1503 1218 1888 1286 intelliguntur,
1915 1218 2120 1287 primus

555 1316 625 1370 sit
652 1315 906 1380 ell'cctus;
940 1313 1035 1366 sed
1065 1311 1205 1381 quod
1223 1310 1340 1365 sine
1375 1319 1636 1378 tempore,
1667 1309 2117 1377 quemadmodum

555 1407 705 1460 locus
745 1404 831 1458 ille
853 1403 1112 1457 declarat.
1154 1420 1172 1452 ι

627 1493 711 1550 Ill.
760 1493 1055 1548 Videndum
1086 1489 1280 1544 deinde
1312 1487 1600 1558 augelosne
1637 1497 1953 1557 corporatos
1981 1501 2118 1552 esse,

555 1604 624 1643 an
650 1603 877 1658 corpore
905 1580 1401 1656 carereOrigenes
1433 1582 1730 1636 arbitratus
1764 1581 1854 1634 sit.
1893 1579 2007 1633 Non
2041 1597 2123 1634 sa-

558 1681 628 1736 tis
659 1689 836 1733 autcm
881 1676 1170 1746 explicata,
1203 1685 1257 1729 et
1295 1685 1442 1727 certa
1477 1673 1691 1726 videtur
1727 1672 1898 1741 prima
1945 1671 2123 1727 fronte

555 1774 678 1842 ejus
715 1771 886 1832 ratio;
923 1784 1044 1822 nam
1086 1766 1378 1838 pugnantia
1407 1779 1590 1819 secum
1617 1778 1737 1818 esse
1777 1763 1926 1818 dicas
1953 1803 1968 1827 ,
2002 1778 2122 1833 qua:

557 1864 785 1918 diversis
823 1863 974 1915 libris
1006 1875 1166 1929 super
1203 1873 1268 1913 eo
1310 1867 1633 1927 argumento
1663 1856 1937 1911 disseruit.
1983 1856 2117 1922 Qui-
2148 1869 2191 1924 Β

560 1967 773 2020 cunque
824 1958 1001 2002 tamen
1044 1949 1280 2000 animum
1335 1947 1400 1998 ad
1453 1945 1570 2014 ejus
1622 1947 1782 1998 verba
1831 1943 2126 1998 attenderit

559 2045 868 2112 diligenter,
918 2039 1076 2092 aliter
1117 2037 1401 2106 judicabit.
1458 2035 1596 2090 Rata
1642 2037 1834 2106 quippe
1873 2037 1972 2088 fuit
2010 2035 2125 2104 ejus

560 2145 618 2192 et
644 2143 900 2189 constans
945 2131 1126 2200 opinio
1181 2129 1399 2199 angelos
1445 2143 1673 2198 corpore
1711 2143 1830 2182 esse
1869 2128 2083 2181 indutos
2107 2167 2121 2189 ,

560 2228 653 2284 sed
687 2226 868 2280 subtili
897 2234 952 2278 et
994 2223 1144 2278 tenui
1175 2239 1190 2276 :
1222 2237 1352 2276 nam
1400 2222 1490 2277 lib.
1530 2237 1544 2274 ι
1598 2219 1668 2274 οε
1703 2220 1954 2288 princip.,
2003 2233 2124 2286 cap.

558 2319 614 2383 6,
641 2318 872 2380 numﬂl,
909 2315 1219 2386 pronuntiat
1259 2332 1277 2365 ι
1316 2314 1482 2368 solius
1516 2311 1642 2377 Dei,
1693 2311 1744 2364 id
1772 2321 1856 2364 est
1913 2309 2122 2375 Patris,

557 2422 612 2466 et
642 2410 782 2474 Filii,
819 2417 872 2463 et
897 2407 1130 2476 Spiritus
1153 2403 1327 2459 sancti
1361 2412 1565 2458 naturae
1593 2403 1644 2456 id
1678 2405 1952 2472 proprium
1983 2415 2124 2463 esse,

559 2515 616 2559 ut
645 2505 762 2559 siue
792 2498 1053 2554 materiali
1103 2497 1404 2552 substantia
1433 2534 1447 2559 ,
1481 2503 1533 2548 et
1567 2493 1771 2563 absque
1804 2493 1906 2546 ulla
1935 2509 2126 2562 corpo-

561 2611 669 2651 rea:
718 2591 1035 2662 adjectionis
1069 2588 1330 2642 societate
1371 2585 1701 2655 intelligatur
1733 2583 2051 2640 subsistere.
2101 2603 2120 2636 ο

557 2689 728 2754 Quem
771 2686 942 2737 locum
979 2679 1133 2734 aﬂ‘ert
1169 2680 1228 2735 S.
1282 2677 1518 2733 Thomas
1567 2693 1618 2747 p.
1653 2695 1692 2740 t,
1733 2694 1787 2747 q.
1838 2677 1925 2743 5|,
1972 2693 2025 2732 a.
2070 2677 2120 2741 l,

558 2789 786 2844 eamque
814 2771 1118 2840 opinionem
1170 2769 1236 2822 ab
1268 2767 1507 2837 antiquis
1559 2767 1899 2837 philosophis
1931 2765 2124 2836 Orige-

563 2880 686 2920 nem
731 2863 982 2918 hausisse
1019 2868 1317 2915 asseverat.
1363 2856 1608 2914 Clariora
1648 2858 1812 2914 etiam
1845 2857 2124 2928 proloqui-

562 2955 761 3010 turlib.
795 2970 831 3007 ll
885 2950 1122 3022 ejusdem
1151 2948 1333 3018 aperis
1353 2989 1368 3010 ,
1403 2964 1522 3019 cap.
1553 2950 1607 3016 ε,
1636 2966 1782 3003 num.
1813 2950 1861 3012 l,
1895 2960 1950 3004 et
1975 2955 2125 3019 post—

562 3064 722 3120 quam
751 3048 998 3116 qucesivit
1027 3063 1092 3100 an
1140 3061 1405 3100 summam
1446 3044 1764 3098 beatitatem
1795 3044 1999 3111 adepta:
2039 3058 2126 3096 ra-

562 3139 709 3195 tione
753 3137 1016 3207 pollentes
1050 3146 1254 3190 naturae
1302 3151 1496 3204 corpus
1529 3135 1743 3204 penitus
1776 3149 1972 3188 exuere
2004 3149 2126 3203 pos-

2225 573 2430 638 signem
2467 570 2816 625 subtilitatem
2845 610 2860 635 ,
2892 583 3016 620 cum
3056 568 3280 638 reliquis
3315 569 3501 622 mundi
3547 571 3794 639 corpori-

2225 665 2323 718 bus
2360 671 2670 730 comparata
2694 702 2709 722 .
2745 659 3049 727 spiritualia
3080 700 3093 723 ,
3143 669 3200 714 ut
3235 661 3592 715 ostendemus
3633 661 3794 729 paulo

2224 763 2344 823 post
2369 793 2382 814 ,
2417 763 2471 805 et
2505 753 2821 819 incorporea
2855 749 2956 802 dici
2991 764 3147 817 posse
3187 768 3197 801 :
3233 750 3480 818 quamvis
3514 763 3646 818 ergo
3673 758 3797 804 ante

2226 843 2407 898 tnundi
2442 841 2598 908 hujus
2625 839 2872 908 corporei
2902 838 3175 908 Opiﬁcium
3203 840 3419 894 condita
3460 855 3526 894 ea
3570 840 3794 906 fuerint,

2224 949 2448 1004 corpore
2477 943 2654 987 tamen
2698 931 2776 986 sui
2824 930 3040 1000 generis
3090 928 3261 986 fuisse
3301 931 3606 996 instructa;
3635 944 3701 984 ac
3734 945 3798 984 ne

2228 1025 2279 1078 in
2313 1024 2492 1094 primo
2530 1023 2744 1092 quidem
2797 1022 2888 1076 illo
2929 1029 3071 1074 statu
3107 1021 3196 1075 diu
3243 1036 3630 1090 perseverasse
3655 1063 3671 1088 ,
3705 1021 3798 1076 sed

2225 1115 2464 1168 admisso
2504 1117 2686 1167 statim
2730 1121 3014 1182 postquam
3047 1119 3230 1166 creata
3262 1121 3388 1165 sunt
3419 1122 3646 1180 peccato
3674 1142 3711 1173 ,ο
3744 1112 3797 1166 in

2225 1207 2490 1260 crassiora
2543 1209 2799 1260 continuo
2856 1219 3081 1272 corpora
3131 1203 3379 1272 supplicii
3415 1219 3574 1257 causa
3631 1204 3798 1258 fuisse

2228 1295 2504 1349 immersa.
2554 1295 2754 1349 Prteter
2805 1295 3083 1363 superiora
3125 1292 3430 1346 testimonia
3477 1294 3680 1362 quibus
3710 1308 3797 1346 au-

2228 1387 2360 1459 gelis
2413 1403 2607 1458 corpus
2651 1386 2942 1455 attingitur,
2997 1387 3274 1441 recitanda
3316 1401 3530 1456 quoque
3567 1401 3630 1441 ea
3675 1401 3799 1455 qua:

2229 1480 2402 1534 locum
2427 1477 2678 1549 Origenis
2701 1494 2862 1548 supra
2885 1478 3103 1532 allatum
3134 1476 3411 1546 excipiunt
3435 1496 3447 1531 :
3486 1495 3505 1528 ι
3546 1476 3616 1531 Ut
3643 1492 3794 1544 ergo,

2230 1576 2421 1645 inquit,
2458 1575 2706 1644 superius
2733 1574 2967 1630 diximus
2993 1613 3008 1636 ,
3037 1573 3334 1627 materialis
3357 1574 3666 1628 substantia
3701 1576 3798 1628 hu-

2223 1667 2310 1736 jus
2350 1666 2530 1720 mundi
2585 1665 2790 1720 habens
2839 1676 3134 1731 naturam,
3182 1679 3300 1732 quae
3329 1679 3393 1719 ex
3443 1666 3696 1719 omnibus
3732 1667 3798 1720 ad

2229 1758 2408 1812 omnia
2467 1755 2904 1821 transformatur,
2960 1773 3082 1811 cum
3122 1758 3187 1811 ad
3237 1758 3520 1812 inferiores
3551 1773 3797 1828 quosque

2221 1850 2476 1912 trahitur,
2524 1850 2573 1902 in
2601 1850 2929 1904 crassiorem
2983 1850 3229 1916 corporis
3298 1858 3500 1904 statum
3572 1849 3795 1904 solidio-

2228 1956 2450 2012 remque
2490 1940 2771 2005 formatur,
2811 1941 2883 1995 ita
2927 1950 2984 1995 ut
3013 1942 3256 1997 visibiles
3285 1943 3418 1996 istas
3449 1942 3639 1996 mundi
3672 1957 3793 2012 spe-

2225 2035 2355 2101 cies,
2386 2035 2674 2103 variasque
2705 2033 3002 2104 distinguat
3034 2051 3048 2087 :
3079 2049 3201 2090 cum
3227 2049 3356 2090 vero
3379 2035 3796 2103 perfectioribus

2227 2125 2497 2181 ministrat
2533 2134 2590 2180 et
2616 2124 2964 2187 beatioribus,
3011 2125 3063 2178 in
3091 2124 3299 2195 fulgore
3335 2125 3640 2180 caelestium
3680 2141 3795 2181 cor-

2227 2234 2413 2290 porum
2439 2218 2630 2282 m‘icat,
2677 2227 2726 2272 et
2757 2216 3018 2285 spiritalis
3049 2219 3292 2286 corporis
3333 2219 3670 2273 indumentis
3716 2218 3794 2272 vel

2227 2310 2447 2380 angelos
2479 2309 2596 2373 Dei,
2629 2309 2712 2362 vel
2751 2308 2890 2363 ﬁlios
2915 2311 3331 2365 resurrectionis
3355 2321 3607 2365 exornat.
3641 2332 3660 2364 ι
3691 2312 3793 2367 Sed

2226 2413 2280 2456 et
2319 2403 2408 2456 lib.
2441 2417 2514 2467 iv,
2540 2402 2590 2454 in
2623 2401 3069 2471 anacephalzeosi,
3111 2418 3262 2456 num.
3309 2403 3379 2457 55
3407 2421 3421 2457 :
3451 2421 3470 2454 ι
3505 2403 3617 2473 ('28)
3644 2403 3795 2458 Sem-

2228 2510 2324 2565 per
2353 2503 2531 2548 autem
2558 2502 2718 2547 erunt
2758 2493 3102 2550 rationabiles
3142 2505 3369 2559 naturae,
3409 2511 3529 2566 quae
3553 2498 3792 2568 indigent

2229 2587 2540 2639 indumento
2560 2599 2820 2654 corporeo
2850 2599 2865 2638 :
2891 2599 3104 2654 semper
3145 2601 3275 2657 ergo
3297 2590 3402 2642 erit
3437 2597 3634 2642 natura
3679 2604 3793 2642 cor-

2228 2693 2412 2747 porea.
2435 2677 2588 2749 cujus
2614 2677 2942 2733 indumentis
2971 2677 3044 2731 uti
3077 2692 3298 2734 necesse
3321 2689 3405 2734 est
3443 2681 3795 2736 rationabiles

2226 2781 2523 2824 creaturas.
2555 2767 2665 2823 Nisi
2691 2768 2813 2838 quis
2841 2779 2990 2838 putet
3012 2785 3173 2841 posse
3217 2787 3276 2826 se
3319 2771 3439 2826 ullis
3477 2775 3793 2828 assertioni-

2227 2861 2327 2916 bus
2368 2860 2657 2917 ostendere
2693 2861 2836 2931 quod
2881 2863 3053 2932 possit
3075 2873 3268 2917 natura
3302 2864 3642 2919 rationabilis
3667 2865 3785 2920 abs-

2227 2969 2330 3024 que
2371 2954 2478 3009 ullo
2508 2969 2735 3024 corpore
2782 2957 2950 3010 vitam
2985 2955 3202 3024 degere.
3246 2956 3351 3011 Sed
3381 2971 3541 3025 quam
3587 2956 3794 3012 difficile

2227 3045 2318 3108 sit,
2343 3054 2398 3100 et
2420 3060 2579 3115 quam
2619 3060 2758 3114 pene
2799 3047 3129 3116 impossibile
3167 3048 3462 3104 intellectui
3507 3060 3720 3109 nostro.
3745 3051 3792 3105 in

2229 3137 2596 3207 superioribus
2618 3137 2826 3207 singula
2859 3139 3192 3194 disserentes
3216 3142 3576 3196 ostendimus.
3611 3161 3630 3193 ι
3659 3142 3796 3210 Qua-

563 3233 694 3297 sint,
717 3205 928 3299 sibique
957 3230 1006 3283 id
1038 3247 1056 3280 r
1096 3228 1471 3284 diliicillimmn
1503 3239 1557 3283 et
1587 3243 1719 3298 pene
1743 3226 2073 3294 impossibile
2101 3244 2120 3278 ι
2152 3205 2195 3264 C
2229 3205 2444 3299 propter
2481 3239 2536 3284 et
2557 3205 2782 3286 Photins
2809 3231 2931 3286 cod.
2983 3247 3092 3297 cvi,
3134 3231 3533 3304 Theognostum
3565 3205 3797 3290 Alexan-

562 3324 731 3381 videri
776 3322 947 3386 dixit;
983 3321 1293 3390 addiditque
1324 3359 1339 3386 ,
1371 3319 1512 3389 quod
1559 3329 1611 3374 et
1655 3320 1898 3388 sequenti
1950 3319 2126 3386 capite

563 3419 758 3473 iterum
793 3424 1038 3484 usurpat,
1068 3427 1289 3468 necesse
1321 3413 1435 3467 fore
1468 3413 1520 3466 in
1552 3412 1777 3466 nihilum
1808 3413 1978 3478 redigi
2001 3426 2126 3464 cor-

563 3524 783 3580 poream
837 3519 1128 3572 naturam,
1181 3505 1631 3574 quemadmodum
1681 3504 1747 3557 de
1806 3503 1974 3556 nihilo
2027 3500 2127 3555 fuit

559 3611 864 3672 procreata,
885 3600 927 3653 si
960 3599 1109 3653 utilis
1142 3612 1262 3652 esse
1293 3597 1598 3657 desineret;
1633 3605 1742 3648 tum
1775 3594 1952 3649 subdit
1977 3608 2123 3646 num.

562 3692 600 3746 2
635 3707 647 3744 :
672 3711 692 3744 ι
718 3693 774 3746 Si
803 3706 927 3745 vero
953 3689 1282 3759 impossibile
1297 3698 1380 3742 est
1406 3688 1507 3741 hoc
1533 3685 1638 3740 ullo
1667 3685 1822 3740 modo
1849 3683 2124 3748 aﬂirmari,

561 3785 616 3840 id
651 3795 733 3839 est
761 3825 776 3849 ,
813 3784 954 3854 quod
999 3784 1181 3836 vivere
1213 3789 1407 3850 praeter
1441 3793 1640 3849 corpus
1671 3777 1844 3847 possit
1877 3776 1982 3830 ulla
2021 3776 2126 3830 alia

563 3887 752 3933 natura
787 3917 802 3940 ,
852 3885 1046 3945 prteter
1085 3875 1340 3938 Patrem,
1386 3882 1442 3927 et
1483 3870 1679 3926 Filium
1709 3911 1724 3938 ,
1771 3879 1826 3924 et
1865 3867 2126 3938 Spiritum

565 3977 838 4031 sanctum,
872 3966 1167 4021 necessitas
1194 3963 1594 4033 causequentia:
1621 3977 1684 4018 ac
1730 3961 1955 4016 rationis
1978 3975 2128 4014 coar-

565 4068 677 4115 ctat
707 4059 927 4129 intelligi
957 4099 970 4120 ,
1000 4058 1368 4128 principaliter
1394 4056 1612 4125 quidem
1657 4063 1868 4109 creatas
1891 4067 2011 4107 esse
2045 4066 2130 4106 ra-

566 4152 851 4207 tionabiles
905 4161 1160 4216 naturas;
1213 4149 1550 4204 materialem
1588 4163 1717 4202 vero
1767 4147 2129 4202 substantiam

561 4244 816 4315 opinione
847 4242 1062 4311 quidem
1085 4237 1139 4296 et
1163 4240 1435 4295 intellectu
1461 4239 1634 4294 solum
1668 4237 1911 4307 separari
1937 4237 2005 4290 ab
2026 4235 2126 4304 eis,

559 4345 620 4390 et
655 4350 753 4404 pro
802 4335 932 4404 ipsis
957 4373 972 4397 ,
1014 4333 1095 4387 vel
1134 4343 1256 4403 post
1300 4333 1442 4403 ipsas
1487 4328 1744 4386 effectam
1786 4327 1958 4382 videri
1986 4367 2001 4391 ,
2035 4327 2130 4381 sed

563 4442 837 4496 nunquam
892 4426 1007 4482 sine
1050 4426 1166 4496 ipsa
1199 4439 1293 4480 eas
1325 4424 1406 4478 vel
1446 4422 1646 4476 vixisse
1679 4421 1756 4475 vel
1783 4421 1962 4474 vivere
1994 4437 2006 4472 :
2045 4433 2130 4473 so-

563 4520 668 4576 lius
717 4535 947 4590 namque
994 4517 1279 4573 Trinitatis
1331 4517 1646 4584 incorporea
1700 4514 1808 4567 vita
1863 4511 2128 4566 exsistere

565 4623 711 4669 recte
748 4616 1051 4684 .putabitur.
1116 4632 1135 4666 ι
1188 4613 1312 4667 l-lrec
1365 4607 1663 4665 inseetamli
1703 4606 1953 4677 Origenis
2004 4605 2123 4659 viro

564 4706 1123 4777 magnoprwbrmrunt
1153 4713 1551 4774 argumentum,
1585 4703 1726 4770 quod
1755 4715 1875 4754 cum
1905 4697 2124 4770 angelos

561 4808 618 4855 et
646 4800 867 4854 rationis
898 4812 1124 4868 capaces
1157 4798 1373 4850 animas
1399 4796 1560 4866 longo
1607 4793 1890 4848 intervallo
1932 4806 2125 4862 corpo-

564 4893 714 4948 ribus
765 4891 1006 4947 caruisse
1063 4890 1189 4944 alibi
1244 4889 1462 4954 dixerit,
1524 4889 1575 4942 id
1641 4897 1816 4940 tamen
1858 4885 1970 4939 ﬁeri
2021 4899 2123 4938 non

563 5003 721 5056 posse
751 4987 838 5042 hic
867 4982 1234 5038 allirmaverit.
1270 4979 1471 5034 Verum
1495 4997 1578 5034 res
1618 4979 1777 5034 aliter
1822 4994 1880 5032 se
1932 4978 2121 5043 habet;

565 5079 675 5150 (27)
698 5095 819 5134 nam
837 5091 1124 5148 corporeos
1147 5075 1361 5146 quidem
1383 5073 1603 5144 angelos
1624 5081 1679 5127 et
1707 5072 1916 5125 animas
1940 5085 2125 5125 revera

633 5258 763 5330 (37),
789 5256 930 5312 Nam
976 5272 1246 5330 corporeos
1289 5255 1495 5330 quidem
1547 5252 1758 5330 aengelos
1802 5262 1849 5305 et
1894 5250 2121 5330 nnima_s.

563 5323 669 5383 elc'.
727 5323 860 5381 'Vide
913 5323 1076 5396 paqu
1127 5326 1263 5382 infra
1327 5325 1730 5379 observationes
1799 5333 2012 5377 nostras
2068 5323 2122 5373 in

569 5415 716 5452 num.
749 5398 802 5452 5.

633 5468 748 5539 (Q8)
799 5468 1013 5535 Semper
1041 5477 1237 5526 autent.
1273 5475 1376 5519 etc.
1413 5464 1578 5530 llujus
1624 5472 1908 5539 contextus
1935 5471 2120 5539 poste-

565 5531 757 5594 Γιοίἐιίι
793 5531 994 5608 partem
1033 5548 1518 5608 utpoteerroneam
1545 5574 1558 5593 ,
1587 5545 1638 5608 et
1679 5552 1707 5588 ει
1747 5531 2119 5608 [ὶιιῐίηιηιξςδῇ-

567 5604 818 5663 mulatam
852 5610 931 5663 sic
968 5604 1186 5661 exhibet
1219 5606 1580 5675 Hieronymus
1623 5605 1673 5658 iii
1706 5605 1954 5675 epist._ad
1990 5604 2120 5654 Avi-

567 5689 676 5732 tum
708 5698 720 5732 :
760 5697 778 5730 ε
815 5677 870 5732 Si
906 5680 1026 5747 quis
1066 5688 1243 5730 autem
1276 5673 1511 5744 potuerit
1543 5675 1825 5727 ostendere
1874 5673 2120 5747 incorpo-

567 5749 731 5799 ralem
763 5741 1242 5814 rationabilemque
1274 5741 1544 5808 naturam,
1575 5759 1698 5798 cum
1718 5741 2118 5814 exspoliaverit

563 5832 625 5873 se
651 5831 877 5883 corpore
901 5853 918 5880 ,
973 5811 1168 5870 vivere'
1190 5831 1287 5883 per
1333 5815 1677 5884 semetipsam
1707 5813 1732 5874 .'
1760 5825 1812 5866 et
1862 5813 1912 5865 in
1951 5811 2114 5879 pejori

2226 3321 2440 3375 drinum
2477 3321 2613 3374 libro
2635 3334 2833 3391 quarto
2869 3320 3274 3393 IIyporyposeon
3302 3341 3366 3378 ex
3392 3333 3576 3380 mente
3598 3337 3656 3381 et
3675 3341 3795 3381 sen-

2227 3413 2393 3467 tentia
2419 3412 2672 3482 Origenis
2721 3414 3005 3482 scripsisse
3049 3414 3238 3477 refert.
3267 3417 3469 3486 angelis
3499 3427 3556 3473 et
3598 3419 3796 3473 daemo-

2227 3506 2386 3559 nibus
2407 3504 2567 3558 exilia
2591 3519 2815 3575 corpora
2842 3520 2963 3561 esse
2986 3507 3394 3577 circumposita.

2297 3593 2386 3650 ιν.
2440 3595 2545 3650 Sed
2576 3597 2822 3665 quamvis
2870 3597 3286 3654 rationabilibus
3341 3598 3550 3654 naturis
3604 3614 3798 3670 corpus

2227 3687 2427 3743 diserte
2459 3699 2515 3742 et
2547 3688 2748 3758 liquido
2775 3689 3042 3746 alliuxerit
3073 3689 3358 3760 Origenes,
3400 3707 3429 3746 a
3459 3707 3520 3747 se
3549 3693 3798 3748 diversus

2227 3780 2378 3835 abire
2429 3781 2643 3836 videtur
2676 3781 2798 3836 aliis
2828 3782 2963 3836 locis
2987 3821 3004 3846 ,
3041 3791 3093 3838 et
3123 3796 3321 3851 corpus
3357 3783 3552 3838 iisdem
3592 3785 3797 3839 naturis

2228 3872 2534 3928 detrahere.
2567 3873 2658 3927 Sic
2681 3872 2866 3929 homil.
2903 3873 2923 3926 1
2963 3873 3020 3926 in
3051 3871 3266 3938 Genes.,
3297 3890 3446 3928 num.
3482 3874 3519 3928 2
3549 3892 3564 3929 :
3601 3894 3620 3925 ‹
3667 3876 3796 3931 Cum

2227 3965 2370 4017 enim
2392 3978 2453 4018 ea
2485 3979 2604 4034 qua:
2631 3963 2878 4020 facturus
2905 3973 3025 4020 erat
3061 3964 3222 4030 Deus,
3257 3981 3323 4020 ex
3354 3966 3544 4036 spiritu
3582 3977 3798 4022 consta-

2229 4066 2349 4110 rent
2369 4065 2423 4112 et
2441 4071 2685 4127 corpore,
2716 4059 2818 4113 ista
2861 4057 2930 4113 de
2977 4071 3138 4113 causa
3176 4057 3230 4112 in
3273 4058 3544 4128 principio
3577 4069 3635 4113 et
3666 4071 3792 4115 ante

2227 4148 2406 4202 omnia
2429 4147 2627 4204 etelum
2655 4148 2855 4203 dicitur
2881 4145 3106 4213 factum,
3133 4147 3184 4202 id
3223 4158 3306 4204 est
3347 4149 3527 4204 omnis
3581 4151 3798 4220 spirita-

2229 4239 2295 4295 lis
2333 4240 2659 4304 substantia,
2678 4254 2840 4309 super
2868 4255 3029 4308 quam
3057 4241 3201 4296 velut
3233 4241 3286 4296 in
3319 4243 3516 4296 throao
3538 4243 3792 4312 quodam,

2226 4341 2281 4388 et
2303 4333 2428 4388 sede
2465 4331 2603 4386 Deus
2629 4331 2938 4402 requiescit.
2973 4331 3120 4388 Istud
3149 4343 3329 4388 autem
3353 4334 3572 4399 crelnm,
3613 4335 3668 4390 id
3714 4343 3794 4392 est

2230 4423 2653 4502 ﬁrmamentum,
2688 4439 3006 4493 corporeum
3029 4435 3130 4480 est.
3168 4443 3186 4476 ι
3225 4423 3326 4479 Ubi
3353 4441 3472 4480 cum
3499 4425 3791 4496 spiritalem

2233 4515 2589 4569 substantiam
2639 4524 2877 4585 Opponat
2910 4529 3187 4585 corporeae
3212 4555 3226 4580 ,
3269 4519 3515 4585 sequitur
3547 4533 3673 4572 esse
3713 4517 3784 4572 iu-

2230 4618 2578 4672 corpoream;
2628 4612 2680 4658 et
2742 4615 2871 4658 tom.
2901 4620 2916 4658 t
2967 4603 3325 4658 Commentar.
3353 4607 3409 4658 in
3431 4603 3622 4670 Ιυαηο,
3651 4621 3791 4660 ηυιη.

2233 4696 2297 4750 17
2326 4717 2337 4750 :
2369 4697 2476 4749 Καὶ
2517 4698 2806 4765 ἀναγκαῖον
2834 4696 3120 4766 ἐπιστῆσαι
3173 4699 3221 4749 εἰ
3257 4696 3416 4751 sum
3479 4697 3660 4768 πάντη
3710 4699 3797 4751 καὶ

2233 4786 2522 4859 ἀσώματον
2556 4787 2697 4860 ζωὴν
2724 4786 2939 4853 ζώντων
2969 4789 3025 4840 ὲν
3080 4788 3431 4860 μακαριότητι
3473 4788 3583 4841 τῶν
3611 4790 3794 4858 ἁγίων,

2231 4880 2260 4931 ὁ
2288 4880 2613 4952 καλούμενος
2651 4880 2865 4953 δράκων
2899 4879 3047 4946 ἄξιος
3070 4881 3359 4949 γεγένηται
3386 4880 3678 4935 ἀποπεσὼν
3705 4882 3795 4951 τῆς

2232 4972 2475 5044 καθαρᾶς
2504 4972 2668 5043 ζωῆς,
2702 4980 2808 5044 πρὸ
2851 4971 3065 5024 πάντων
3097 4972 3375 5048 ἐνδεθῆναι
3401 4973 3500 5045 ὕλῃ
3557 4976 3654 5027 καὶ
3701 4972 3797 5026 σώ-

2234 5083 2366 5136 ματι
2389 5083 2402 5094 ι
2428 5075 2484 5120 et
2514 5075 2657 5120 tumo
2687 5081 2776 5129 xx,
2815 5082 2961 5121 num.
2985 5063 3076 5132 ‘22,
3103 5067 3327 5130 Πάντως
3356 5065 3485 5135 γοῦν
3519 5066 3626 5120 κᾶν
3647 5065 3798 5120 τοῦτο

2228 5249 2538 5304 conditione
2586 5261 2704 5303 esse
2765 5248 2976 5316 quando
3029 5248 3346 5318 corporibus
3402 5249 3680 5312 vestitur;
3741 5245 3793 5300 in

2230 5320 2484 5388 meliori,
2539 5318 2756 5389 quando
2807 5319 2890 5389 illa
2949 5322 3167 5389 deponit
3216 5337 3230 5372 :
3279 5319 3410 5372 nulli
3452 5318 3671 5389 dubium
3719 5325 3797 5371 est

2229 5404 2457 5458 corpora
2495 5388 2596 5443 non
2629 5388 3001 5456 principaliter
3027 5388 3321 5443 subsistere
3348 5428 3362 5455 ,
3387 5388 3481 5442 sed
3506 5403 3602 5456 per
3630 5388 3795 5440 inter-

2231 5462 2368 5513 valla
2397 5471 2451 5513 et
2478 5463 2548 5514 ob
2579 5462 2757 5514 varios
2783 5470 2960 5513 motus
2996 5459 3392 5513 rationabiliqu
3422 5469 3793 5513 creaturarqu

2230 5546 2372 5585 nunc
2397 5531 2535 5593 lieri,
2567 5539 2628 5581 ut
2665 5531 2755 5599 qui
2788 5530 2870 5584 his
2909 5529 3189 5596 indigent,
3216 5529 3518 5582 vestiantur
3547 5547 3560 5583 '.
3593 5538 3649 5583 et
3670 5543 3793 5599 rur-

2228 5614 2344 5652 sum
2388 5616 2508 5653 cum
2553 5599 2640 5653 illa
2684 5597 3354 5670 depravationelapsuum
3386 5614 3443 5670 se
3485 5599 3552 5652 ad
3582 5597 3787 5651 meliora

2225 5672 2569 5724 correxerint
2597 5709 2612 5734 ,
2659 5668 2880 5724 dissolvi
2932 5671 2984 5725 in
3026 5668 3300 5724 nihilum:
3330 5679 3385 5725 et
3431 5669 3538 5725 hac
3584 5679 3788 5736 semper

2223 5742 2565 5796 successione
2599 5740 2820 5795 variari.
2863 5758 2882 5791 ι
2918 5761 2925 5771 ο
