4054 6310
311 384 415 442 849

1131 382 1700 439 ORICENIANORUM
1745 382 1871 437 LIB.
1915 383 1978 441 Il.
2020 383 2173 436 CAP.
2216 384 2281 446 ll,
2328 382 2601 449 QUIEST.
2644 384 2706 437 V.

3440 386 3545 443 850

303 502 419 576 ἔχει
452 507 481 557 ὁ
513 504 753 568 διάϐολος
781 504 954 575 δόγμα
1009 504 1201 574 ἀληθὲς
1256 506 1381 577 περὶ
1434 507 1622 560 ἑαυτοῦ
1686 507 1878 560 ἐννοῶν
1910 514 1951 567 Α
1981 506 2087 559 οὐδ’
2123 508 2200 568 εἰς
2252 506 2360 577 πῦρ
2404 506 2766 577 ἀναλυομένην
2798 507 2896 578 τὴν
2936 507 3217 579 ἀνθρώπου
3271 508 3477 580 ψυχὴν,
3512 511 3545 582 ἧ

289 582 387 651 ’ὅτι
440 596 657 665 λογικός
719 599 855 659 ἐστι,
891 596 981 649 καὶ
1008 596 1088 648 ὅτι
1117 596 1180 648 τὸ
1224 597 1421 649 τοιόνδε
1456 598 1553 668 μὲν
1592 597 1873 669 ἄνθρωπός

300 689 421 741 ἐπι
448 731 462 753 ,
498 687 557 739 τὸ
604 688 804 739 τοιόνδε
864 686 1109 755 ἄγγελος,
1174 688 1267 739 καὶ
1311 687 1369 739 τὸ
1394 688 1535 741 τοιὸν
1561 688 1657 758 μὲν
1696 688 1873 759 σῶμα,

299 780 397 835 3w).
448 782 599 833 ποῖον
635 778 808 849 σῶμα,
840 777 965 831 ἄλλο
1006 776 1060 830 δέ
1112 796 1159 831 τι
1202 779 1386 850 ἕτερον
1442 776 1709 849 σώματος.
1744 779 1871 833 Item

299 871 394 927 lib.
435 872 613 940 ιΠερὶ
649 870 865 939 ἀρχῶν,
910 885 1029 939 cap.
1088 869 1142 935 7,
1202 885 1347 923 num.
1390 870 1414 922 l
1462 886 1476 922 :
1537 889 1555 919 ι
1597 870 1875 926 Manifeste

300 983 432 1035 ergo
476 967 527 1019 in
563 966 778 1020 Christo
813 974 867 1019 et
922 978 1018 1033 per
1062 961 1336 1018 Christum
1386 961 1520 1014 facta
1585 977 1706 1018 esse
1756 979 1874 1017 om-

298 1059 489 1121 nia,et
527 1066 704 1111 creata
748 1055 1061 1126 pronuntiat
1118 1052 1334 1125 (Paulus
1383 1052 1496 1108 Col.
1546 1053 1709 1121 ι,16)
1758 1055 1872 1108 sive

297 1148 549 1209 visibilia,
609 1162 729 1217 qua:
794 1155 917 1201 sunt
985 1145 1319 1212 corporalia;
1372 1146 1483 1198 sive
1561 1143 1870 1207 invisibilia,

306 1254 423 1306 qua'
473 1251 573 1291 non
620 1236 722 1290 alia
761 1236 923 1290 etiam
972 1235 1239 1298 arbitror,
1288 1250 1448 1303 quam
1502 1236 1868 1302 incorporeas,

308 1328 722 1400 spiritualesque
771 1330 1035 1393 virtutes;
1072 1345 1090 1378 ι
1126 1337 1179 1381 et
1226 1326 1319 1381 lib.
1370 1341 1404 1380 II
1443 1326 1580 1392 Περὶ
1637 1323 1867 1395 ἀρχῶν,

299 1436 421 1487 cap.
450 1421 504 1485 3,
536 1437 684 1475 num.
716 1420 749 1474 6
783 1437 796 1473 :
830 1438 848 1470 ι
891 1416 1007 1472 Non
1034 1417 1177 1471 enim
1210 1417 1349 1471 idem
1380 1416 1691 1485 intelligitur
1729 1417 1868 1484 quod

295 1510 429 1566 dicit
459 1524 518 1563 ea
547 1525 666 1578 qua:
689 1524 793 1561 non
824 1507 1093 1572 videntur,
1109 1514 1164 1559 et
1180 1520 1239 1559 ea
1266 1520 1383 1574 qua:
1412 1504 1697 1559 invisibilia
1722 1517 1866 1560 sunt.

294 1604 366 1659 Ea
403 1618 637 1670 namque
668 1617 788 1671 qua:
818 1612 944 1655 sunt
970 1598 1280 1662 invisibilia,
1315 1614 1418 1651 non
1458 1598 1631 1653 solum
1663 1612 1766 1653 non
1798 1601 1869 1652 vi-

291 1688 506 1755 dentur,
543 1686 636 1740 sed
697 1700 763 1739 ne
811 1693 1059 1738 naturam
1094 1684 1309 1753 quidem
1357 1683 1560 1737 habent
1602 1693 1659 1736 ut
1702 1681 1864 1737 videri

289 1780 519 1848 possint,
554 1791 672 1845 quae
698 1775 870 1831 Graeci
910 1773 1196 1845 ἀσώματα,
1222 1774 1273 1828 id
1301 1786 1384 1828 est
1432 1775 1735 1840 incorporea
1770 1790 1863 1842 ap-

292 1871 582 1942 pellarunt.
611 1868 732 1923 Haec
760 1877 937 1921 autem
975 1867 1041 1920 de
1083 1867 1279 1935 quibus
1326 1865 1523 1921 Paulus
1545 1866 1709 1920 dicit:
1736 1866 1867 1931 Quir:
1897 1865 1937 1919 Β

290 1980 396 2017 non
447 1962 688 2016 uidentur
712 1960 777 2025 ιο,
810 1970 1057 2012 naturam
1100 1958 1319 2027 quidem
1374 1958 1573 2012 habent
1612 1967 1671 2010 ut
1699 1960 1864 2012 videri

287 2053 521 2122 possint,
564 2052 796 2105 nondum
834 2060 1014 2104 tamen
1064 2049 1235 2104 videri
1264 2048 1331 2103 ab
1373 2048 1459 2104 his
1498 2050 1691 2118 quibus
1743 2065 1869 2118 pro-

288 2146 579 2200 mittuntur
627 2141 881 2212 exponit;
915 2160 934 2193 ι
972 2151 1025 2196 et
1058 2140 1220 2196 istud.
1248 2141 1392 2196 elib.
1436 2156 1495 2194 Ill
1527 2180 1537 2204 ,
1577 2156 1699 2211 cap.
1732 2141 1826 2196 ult.
1848 2182 1863 2207 ,

290 2250 440 2290 num.
463 2234 492 2286 7
519 2250 532 2286 :
559 2252 576 2284 ι
599 2233 785 2289 Omnis
817 2233 981 2304 igitur
1014 2234 1130 2287 haec
1158 2233 1296 2286 ratio
1319 2232 1423 2286 hoc
1449 2233 1864 2302 continet,quod

287 2327 425 2381 duas
466 2325 743 2397 generales
777 2334 1000 2379 naturas
1054 2323 1357 2378 condiderit
1394 2324 1578 2389 Deus;
1616 2336 1863 2378 naturam

284 2419 574 2483 visibilem,
596 2419 647 2472 id
672 2428 753 2473 est
775 2432 1110 2486 corpoream,
1148 2425 1199 2470 et
1229 2426 1476 2469 naturam
1514 2416 1860 2476 invisibilem,

281 2526 403 2579 qua:
435 2522 518 2565 est
552 2512 895 2578 incorporea,
916 2528 934 2560 ι
964 2510 1138 2565 ethoc
1168 2509 1411 2563 omnium
1461 2508 1860 2578 apertissimum

282 2604 376 2659 ιιι).
402 2621 451 2659 ιν
480 2603 658 2673 operis
686 2604 956 2671 ejusdem,
984 2618 1130 2656 num.
1155 2602 1220 2655 27
1250 2621 1262 2654 :
1290 2618 1307 2651 ι
1340 2599 1516 2655 Sedet
1541 2615 1749 2655 rursum
1768 2616 1862 2669 per

280 2696 553 2750 Christum
573 2706 756 2750 creata
786 2696 1055 2750 dixitesse
1081 2695 1264 2749 omnia
1287 2693 1515 2748 visibilia
1542 2704 1598 2747 et
1622 2694 1862 2749 invisibi-

280 2788 501 2850 lia.,Per
526 2790 667 2858 quod
689 2788 994 2843 declaratur
1013 2802 1132 2843 esse
1161 2787 1392 2840 etiamin
1422 2786 1685 2841 creaturis
1701 2802 1861 2856 quas-

278 2880 401 2934 dam
418 2880 711 2935 invisibiles
726 2880 1018 2935 secundum
1038 2881 1417 2949 proprietatem
1434 2893 1586 2933 suam
1604 2880 1859 2934 substan-

284 2975 407 3028 tias.
426 2973 531 3029 Sed
557 2973 1042 3043 hchuamvisipsae
1061 2988 1163 3027 non
1187 2972 1295 3027 sint
1326 2986 1620 3041 corporeae,
1640 2981 1860 3025 utuntur

284 3076 465 3123 tamen
512 3066 848 3135 corporibus,
869 3066 994 3121 licet
1028 3066 1156 3134 ipsa:
1186 3066 1291 3121 sint
1324 3079 1583 3133 corporea
1614 3066 1859 3123 substan-

277 3159 351 3212 tia
375 3159 641 3214 meliores.
664 3158 752 3212 Illa
770 3174 901 3212 vero
929 3160 1228 3226 substantia
1254 3157 1556 3223 Trinitatis,
1576 3174 1693 3227 quae
1710 3158 1857 3227 priu-

274 3253 478 3321 cipium
510 3269 540 3308 e
576 3263 615 3319 t,
638 3262 693 3307 et
723 3267 885 3308 causa
915 3252 1179 3316 omnium,
1207 3268 1272 3306 ex
1303 3266 1406 3322 qua
1439 3253 1642 3316 omnia,
1672 3262 1726 3305 et
1754 3266 1849 3320 per

270 3358 437 3413 quam
463 3344 668 3408 omnia,
705 3355 760 3398 et
786 3344 839 3398 in
875 3360 979 3411 qua
1013 3344 1217 3408 omnia,
1239 3358 1410 3412 neque
1436 3358 1648 3413 corpus,
1676 3358 1848 3412 neque

273 3438 328 3490 in
363 3452 593 3506 corpore
621 3451 742 3492 esse
783 3436 1048 3492 credenda
1082 3448 1184 3501 est,
1221 3438 1314 3491 sed
1355 3452 1418 3491 ex
1459 3446 1569 3491 tato
1610 3437 1851 3504 inenrpo°

270 3541 387 3583 rea.
430 3546 446 3577 ι
486 3527 589 3582 Sed
620 3537 669 3583 et
717 3527 808 3583 lib.
850 3544 897 3581 vt
931 3539 1112 3581 contra
1143 3526 1303 3593 (λειω,
1331 3543 1476 3581 ntim.
1505 3528 1564 3581 7i
1606 3544 1618 3579 :
1658 3528 1847 3597 Ἡμεῖς

267 3618 351 3684 δὲ,
371 3620 567 3689 inquit,
593 3621 883 3691 ἀσώματον
904 3619 1091 3674 οὐσίαν
1121 3621 1221 3673 οὐκ
1251 3620 1405 3689 ἴσμεν
1438 3620 1847 3691 ὲκπυρουμένην

351 3741 394 3773 ¹⁰
424 3740 462 3794 ιι
502 3744 625 3797 (for.
653 3759 726 3808 IV,
758 3743 842 3798 l8.

368 3859 458 3925 29)
504 3859 640 3912 Nam
671 3859 881 3928 angelos
912 3861 985 3913 ila
1009 3876 1281 3923 corporeos
1318 3876 1427 3913 esse
1451 3859 1578 3923 vult,
1613 3872 1669 3914 ut
1693 3861 1846 3929 spiri-

271 3929 405 3983 talias
450 3929 788 3983 nihilominus
833 3946 941 3983 esse
980 3932 1118 3995 velit,
1144 3936 1279 4000 quod
1325 3932 1537 3999 spiritus
1574 3932 1705 3983 nihil
1743 3935 1844 3984 sint

272 4001 422 4052 aliud
446 4016 601 4069 quam
628 4015 844 4053 summa:
865 4001 1162 4069 exiguilalis
1187 4017 1426 4068 corpora,
1448 4012 1552 4055 etc.
1580 4002 1654 4054 Ex
1684 4018 1843 4069 supra

272 4070 453 4123 allatis
485 4071 938 4137 sequentibusque
963 4086 1027 4124 ac
1053 4072 1317 4125 similibus
1342 4070 1472 4125 locis
1490 4110 1505 4135 ,
1533 4088 1637 4124 non
1663 4074 1844 4140 sequi-

273 4141 665 4209 turOrigenem
687 4149 931 4193 naturam
949 4140 1140 4195 anima:
1159 4151 1213 4195 et
1236 4141 1459 4193 aliorum
1485 4141 1763 4209 spirituum
1791 4143 1840 4194 iu

271 4226 502 4278 corpore
532 4210 876 4279 quantumvis
906 4209 1086 4264 subtili
1125 4212 1390 4279 posuisse.
1426 4210 1481 4262 Id
1514 4211 1683 4263 solum
1714 4226 1844 4264 con-

275 4282 456 4334 ticitur
490 4280 658 4347 ipsum
693 4278 844 4347 juxta
894 4295 958 4332 ac
1010 4278 1313 4334 Plamnicos
1355 4290 1573 4348 putasse
1611 4281 1838 4342 animas,

271 4351 517 4417 aliasque
557 4350 886 4404 substantias
917 4349 1284 4411 rationabiles,
1321 4361 1512 4403 natura
1541 4365 1633 4403 sua
1664 4351 1841 4405 incor-

271 4435 467 4488 poreas
490 4429 543 4473 ct
569 4418 889 4483 invisibiles,
924 4421 1241 4487 corpOribus
1283 4429 1459 4474 tamen
1493 4422 1645 4487 quasi
1684 4420 1839 4472 indu-

272 4500 458 4570 mento
487 4503 540 4542 et
593 4488 839 4583 vleliiculo
889 4490 1260 4583 circumvolvi,
1295 4504 1464 4557 neque
1511 4492 1574 4583 iis
1606 4505 1840 4583 unlquam
1874 4525 1919 4583 ο

270 4560 495 4613 omnino
527 4559 741 4623 nudari,
774 4569 957 4628 nlpote
984 4574 1102 4628 quze
1130 4562 1285 4613 nndre
1327 4560 1701 4626 comprehendi
1739 4577 1839 4612 non

269 4631 500 4696 possint,
529 4644 629 4683 nec
676 4630 726 4681 in
774 4631 882 4684 ullo
918 4645 1181 4699 corporeo
1228 4630 1343 4683 loco
1370 4634 1683 4694 consistere,
1712 4632 1842 4698 quin

270 4701 548 4767 indigeant
585 4714 810 4768 corpore
838 4702 902 4754 ad
926 4712 1171 4755 naturam
1213 4700 1313 4752 loci
1369 4699 1508 4753 illius
1536 4715 1843 4754 acconnno.

267 4770 429 4833 dato;
450 4770 541 4823 sed
572 4782 766 4839 przeter
781 4786 1026 4825 crassum
1052 4772 1151 4823 hoc
1177 4785 1369 4836 corpus
1398 4785 1506 4838 quo
1530 4771 1580 4824 in
1606 4770 1704 4824 hac
1735 4772 1841 4824 vita

267 4840 565 4893 induuntur
595 4839 806 4903 animae,
843 4852 996 4894 certo
1038 4840 1269 4909 quodam
1306 4855 1398 4894 eas
1426 4856 1694 4894 connean
1726 4856 1844 4895 esse

268 4909 423 4963 aerio
462 4924 689 4979 corpore
722 4911 867 4977 quod
908 4924 1002 4963 eas
1042 4911 1240 4978 ubique
1276 4910 1536 4976 sequitur,
1554 4912 1694 4978 quod
1724 4927 1841 4965 ser-

266 4989 397 5034 vant
429 4980 593 5033 etiam
618 4980 859 5048 dep0sito
889 4980 1166 5043 crassiori,
1195 4983 1333 5048 quod
1366 4981 1594 5047 denique
1626 4992 1844 5033 vocatur

266 5065 296 5103 a
327 5049 634 5119 Porphyrio
665 5059 721 5103 et
747 5049 959 5104 Plotino
994 5070 1011 5100 ι
1042 5050 1285 5119 spiritale
1315 5060 1368 5102 et
1396 5051 1624 5103 interius
1653 5052 1843 5105 animae

267 5121 669 5173 indumentum.
720 5138 739 5170 ι
770 5119 883 5173 lmo
930 5133 1125 5190 praeter
1168 5119 1362 5188 duplex
1416 5120 1578 5173 hocce
1622 5132 1839 5187 corpus,

266 5190 603 5258 PhilopOnus
629 5190 846 5242 tertium
867 5191 1113 5259 agnoscit
1136 5191 1390 5245 subtilius
1417 5201 1470 5243 et
1491 5190 1672 5259 purius
1700 5194 1839 5259 quod

267 5271 427 5317 vocat
456 5258 617 5333 σῶμα
652 5258 923 5333 οὐράνιονᾼξ
953 5260 1190 5331 αἰθέριον
1211 5301 1224 5325 ,
1256 5272 1315 5333 et
1340 5258 1640 5329 αὐγοειδὲς,
1673 5258 1841 5333 quod-

264 5345 371 5398 que
420 5329 938 5384 anin'tabus'trihuit
967 5329 1090 5398 qua!
1130 5335 1196 5385 ab
1242 5330 1517 5384 affectibus
1569 5332 1843 5398 corporeis

264 5402 449 5454 littera:
479 5411 626 5455 sunt.
648 5399 872 5455 Proclus
896 5411 950 5453 et
970 5400 1242 5454 Hierocles
1277 5401 1403 5454 illud
1427 5411 1582 5453 vocat
1604 5400 1664 5451 τὸ
1690 5417 1842 5453 πνευ-

264 5471 497 5541 ματικὸν
526 5471 712 5542 ὄχημα
741 5470 839 5540 τῆς
873 5470 1095 5540 λογικῆς
1126 5470 1323 5540 ψυχῆς,
1356 5490 1373 5521 ι
1417 5471 1659 5539 spiritale
1696 5472 1842 5542 vehi-

262 5544 445 5594 culum
503 5541 842 5596 ratiunabilis
889 5543 1102 5596 animae.
1142 5554 1161 5592 ι
1197 5548 1265 5594 At
1304 5542 1458 5595 valde
1500 5541 1837 5611 peregrinum

265 5610 317 5664 in
366 5611 772 5666 Platonicorum
812 5613 1024 5679 scriptis
1062 5628 1182 5665 eum
1237 5624 1356 5667 esse
1399 5610 1645 5680 oportet,
1670 5612 1755 5678 qui
1789 5613 1839 5665 in

266 5683 435 5736 hocce
468 5683 667 5747 duplici
703 5682 947 5736 interiori
998 5682 1077 5734 vel
1130 5682 1393 5734 alterutro
1448 5682 1695 5735 vehimtlo
1746 5698 1839 5736 eos

264 5755 533 5819 putaverit
562 5754 755 5806 anima:
791 5763 1033 5805 naturam
1085 5753 1343 5820 posuisse.
1389 5752 1585 5820 Aperte
1625 5764 1839 5806 sentcn-

266 5824 393 5877 tiam
435 5838 587 5876 suam
621 5825 687 5877 de
728 5824 1025 5878 animarum
1060 5836 1250 5878 natura
1285 5823 1537 5890 exprimit
1579 5822 1845 5893 Origenes

1978 598 2076 667 τὴν
2124 598 2447 667 ἁγγέλων,ἢ
2487 597 2709 669 θρόνων,
2744 598 2776 669 ἢ
2821 601 3175 669 κυριοτήτων,
3210 599 3241 670 ἢ
3278 601 3481 671 ἀρχῶν,
3510 602 3544 672 ἢ

1976 691 2235 756 ἐξουσιῶν
2254 691 2565 743 ὑπόστασιν.
2588 692 2708 746 Ideo
2726 691 2867 759 Soph
2877 690 3545 761 roniusJerosolymitanus

1974 782 2029 836 in
2066 783 2289 851 epistola
2320 784 2384 833 ad
2415 781 2660 849 Sergium
2701 781 2889 836 scribit
2922 780 3235 852 Origenem,
3272 783 3544 851 ipsiusque

1975 889 2235 942 sequaces
2284 874 2485 927 dixisse
2540 875 2747 927 animas
2804 884 2929 928 ante
2990 889 3217 945 corpora
3276 890 3439 929 carne
3486 884 3545 931 et

1974 950 2217 1036 corpore.
2253 977 2526 1021 carentem
2584 968 2746 1021 vitam
2788 968 2964 1037 egisse
3010 968 3062 1022 in
3125 968 3263 1023 coelo
3304 968 3540 1023 nondum

1970 1069 2172 1113 creato.

2044 1148 2109 1203 V.
2142 1150 2195 1202 ln
2228 1149 2311 1203 his
2338 1164 2518 1205 secum
2565 1150 2690 1205 licet
2716 1165 2956 1220 pugnare
2982 1150 3230 1205 videatur
3259 1151 3537 1221 Origenes,

1972 1240 2127 1296 facile
2145 1250 2321 1296 tamen
2348 1243 2716 1297 discordantes
2747 1242 2846 1297 loci
2871 1243 3258 1298 conciliantur:
3279 1244 3393 1315 (29)
3415 1261 3536 1299 nam

1972 1332 2192 1401 angelos
2232 1335 2303 1387 ita
2339 1348 2628 1403 corporeos
2655 1349 2775 1388 esse
2799 1334 2934 1399 vult,
2966 1344 3022 1387 ut
3050 1334 3319 1405 spiritales
3347 1335 3540 1390 nihilo-

1972 1426 2149 1479 minus
2170 1440 2292 1480 esse
2313 1425 2462 1493 velit,
2495 1427 2635 1494 quod
2659 1426 2882 1496 spiritus
2913 1426 3044 1480 nihil
3073 1427 3181 1481 sint
3210 1426 3353 1483 aliud
3373 1442 3535 1496 quam

1970 1532 2179 1571 summa
2227 1518 2536 1586 exiguitatis
2579 1533 2800 1587 corpora
2832 1557 2847 1581 ,
2919 1516 3215 1585 cujusmodi
3270 1529 3393 1573 sunt
3440 1534 3537 1572 an-

1970 1608 2177 1678 gelica;
2224 1610 2420 1663 asserit
2466 1611 2659 1680 quippe
2712 1610 2826 1665 loco
2884 1625 3047 1677 supra
3100 1609 3307 1663 allato:
3360 1622 3531 1663 male-

1970 1701 2158 1755 rialem
2191 1700 2545 1757 substantiam
2578 1702 2734 1772 hujus
2769 1703 2975 1768 mundi,
3000 1702 3258 1772 spiritalis
3288 1703 3533 1771 corporis

1970 1791 2299 1847 indumentis
2325 1791 2407 1845 vel
2439 1793 2654 1862 angelus
2686 1792 2802 1857 Dei,
2832 1793 2912 1847 vel
2946 1793 3082 1849 tilios
3118 1796 3532 1851 resurrectionis

1969 1898 2263 1950 exornare;
2300 1904 2319 1936 ι
2360 1894 2418 1937 ιιι
2470 1884 2743 1938 hominum
2776 1900 2990 1955 quoque
3036 1901 3257 1955 corpora
3291 1898 3410 1956 post
3449 1904 3533 1944 re-

1968 1975 2359 2030 surrectionem
2405 1976 2665 2045 spiritalia
2715 1977 2831 2031 fore
2866 1978 3102 2033 declarat
3131 1978 3365 2035 Paulusl
3402 1980 3526 2039 Cor.

1967 2081 2058 2129 xv,
2090 2066 2178 2120 44.
2212 2068 2444 2134 Angelos
2491 2082 2651 2137 porro
2683 2083 2802 2121 cum
2835 2080 3049 2137 prepter
3108 2072 3358 2127 eximiam
3416 2089 3531 2127 cor-

1968 2172 2155 2226 porum
2212 2159 2560 2213 subtilitatem
2601 2160 2871 2228 spiritales
2924 2160 3139 2225 dixerit,
3184 2164 3530 2232 incorporeos

1968 2263 2183 2318 quoque
2211 2250 2625 2318 quodammodo,
2653 2260 2708 2304 et
2742 2252 3192 2323 καταχρηστικῶς
3218 2254 3322 2308 dici
3373 2270 3530 2325 posse

1964 2339 2195 2403 censuit,
2231 2338 2408 2393 habita
2436 2342 2732 2408 praesertim
2759 2355 3041 2411 corporum
3095 2356 3398 2399 nostrorum
3441 2360 3528 2399 ra-

1962 2428 2127 2491 tione,
2151 2443 2269 2497 quaa
2296 2444 2477 2484 crassa
2514 2440 2657 2484 sunt.
2694 2428 2748 2483 id
2781 2430 2894 2498 ipse
2937 2432 3217 2487 manifeste
3247 2433 3445 2487 indicat
3473 2434 3526 2487 iu

1966 2520 2230 2591 prooemio
2277 2520 2536 2575 librorum
2572 2521 2646 2576 De
2691 2524 2939 2593 princip.,
2980 2540 3127 2579 num.
3152 2524 3206 2589 8,
3231 2541 3353 2580 cum
3380 2525 3526 2579 enim

1962 2612 2374 2682 appellationem
2431 2612 2723 2681 ἀσωμάτου
2767 2616 2819 2669 in
2871 2615 3166 2684 Scripturis
3216 2616 3524 2686 neutiquam

1960 2706 2211 2774 usurpari
2252 2706 2499 2769 dixisset,
2535 2706 2721 2775 objicit
2768 2708 2867 2763 sibi
2918 2707 3091 2762 locum
3120 2709 3407 2777 quemdam
3459 2724 3526 2764 ex

1960 2798 2263 2869 apocrypbo
2299 2798 2501 2862 libello,
2533 2800 2624 2869 qui
2647 2798 2793 2854 Petri
2828 2799 3074 2854 Doctrina
3106 2801 3441 2869 inscribitur,
3471 2802 3523 2855 in

1962 2903 2071 2958 quo
2111 2889 2387 2957 discipulis
2416 2891 2545 2946 dicit
2581 2891 2831 2946 Christus
2874 2906 2935 2945 se
2972 2907 3082 2946 non
3130 2907 3251 2948 esse
3285 2911 3303 2943 ι
3334 2893 3527 2947 dinum-

1962 2981 2107 3035 nium
2143 2981 2546 3051 incorporeum.
2589 3003 2608 3036 ι
2641 2984 2948 3053 Respondet
2975 2983 3236 3052 Origenes
3267 2984 3407 3038 inter
3432 2999 3524 3039 ec-

1961 3074 2297 3130 clesiasticos
2323 3076 2490 3132 libros
2520 3076 2670 3131 Petri
2692 3076 2998 3131 Doctrinam
3023 3092 3128 3131 non
3158 3077 3341 3138 haberi
3370 3094 3384 3143 ;
3410 3086 3519 3131 tum

1959 3165 2152 3221 addit:
2195 3186 2214 3220 ι
2260 3170 2411 3235 Quod
2456 3170 2617 3224 etiam
2652 3170 2697 3225 si
2746 3171 2916 3240 ipsum
2972 3171 3381 3234 concederetur,
3414 3186 3518 3223 non

1957 3260 2096 3315 idem
2125 3276 2316 3317 sensus
2347 3264 2418 3318 ibi
2463 3278 2528 3317 ex
2570 3264 2684 3332 ipso
2710 3278 2959 3317 sermone
3006 3262 3295 3333 ἀσωμάτου
3328 3263 3526 3318 indica-

1957 3359 2126 3416 retur,
2153 3351 2244 3420 qui
2272 3366 2302 3404 a
2329 3350 2530 3406 Graecis
2568 3360 2622 3406 et
2667 3351 2955 3422 gentilibus
2982 3352 3290 3407 auctoribus
3335 3362 3520 3408 osten-

1955 3438 2120 3502 ditur,
2142 3455 2264 3494 cum
2286 3439 2353 3495 de
2376 3441 2689 3509 incorporea
2719 3451 2907 3495 natura
2933 3455 2961 3494 a
2981 3441 3311 3511 philosophis
3340 3442 3522 3511 dispu-

1959 3540 2121 3584 tatur.
2167 3531 2221 3586 ln
2254 3532 2353 3585 hoc
2396 3532 2539 3585 enim
2586 3532 2764 3586 libello
2798 3533 3168 3601 incorporeum
3194 3534 3515 3587 daemonium

1955 3622 2110 3686 dixit,
2147 3636 2245 3691 pro
2269 3637 2333 3677 eo
2379 3624 2519 3691 quod
2552 3623 2665 3691 ipse
2692 3622 2777 3677 ille
2804 3622 3109 3692 quicunque
3153 3633 3235 3677 est
3282 3623 3519 3689 habitus,

1954 3859 2046 3913 lib.
2076 3873 2148 3912 vn
2197 3867 2378 3909 contra
2398 3855 2653 3924 :Celsum.
2718 3872 2861 3911 num.
2894 3858 3003 3913 δεῖ
3052 3877 3071 3909 ‹
3110 3858 3396 3924 Quoniam,
3437 3862 3523 3914 in-

1953 3932 2090 3998 quit,
2123 3928 2530 3999 resurrectionis
2556 3929 2746 3990 dogma
2773 3928 2892 3999 ideo
2921 3928 3110 3983 Celsus
3149 3931 3360 3993 irridet,
3391 3932 3517 3999 quia

1953 3996 2058 4053 non
2090 3996 2356 4065 intelligit,
2380 4011 2478 4052 nec
2510 3999 2713 4049 audivit
2738 3997 2838 4051 nisi
2867 4000 2930 4052 ab
2960 4001 3222 4067 imperitis
3253 4001 3341 4066 qui
3375 3996 3522 4056 nullo

1954 4069 2079 4122 illud
2110 4078 2430 4140 argumento
2458 4077 2704 4140 astruere
2736 4078 2999 4135 poterant,
3024 4070 3151 4123 utile
3188 4072 3520 4140 fuerit,pr:e-

1952 4150 2038 4193 ter
2062 4154 2122 4191 ea
2153 4154 2270 4205 qum
2300 4137 2399 4188 hac
2437 4138 2504 4189 de
2558 4152 2614 4189 re
2664 4153 2821 4204 supra
2864 4141 3001 4193 dicta
3040 4150 3184 4202 sunt,
3223 4143 3329 4193 hoc
3353 4137 3516 4195 unum

1949 4211 2274 4269 observare,
2318 4222 2435 4274 qua:
2462 4209 2525 4260 de
2563 4208 2954 4262 resurrectione
2991 4210 3281 4271 tradimus,
3314 4214 3517 4266 ea'non

1948 4278 2238 4348 proﬁcisci,
2256 4285 2309 4328 ut
2339 4277 2527 4330 Celsus
2548 4286 2720 4345 putat,
2739 4294 2805 4331 ex
2839 4279 2981 4332 male
3008 4280 3277 4333 intellecta
3302 4283 3515 4334 anima-

1952 4365 2067 4402 rum
2097 4365 2127 4403 e
2159 4348 2470 4419 corporibus
2500 4350 2550 4400 in
2597 4363 2819 4415 corpora
2870 4351 3225 4416 migratione;
3262 4352 3354 4404 sed
3392 4353 3518 4419 quia

1947 4422 2146 4473 scimus
2170 4418 2428 4481 animam,
2460 4428 2649 4470 natura
2681 4419 3051 4487 incorporeum
3092 4432 3143 4473 et
3171 4418 3516 4485 invisibilcm,

1947 4490 1997 4541 in
2032 4489 2177 4542 nullo
2203 4502 2471 4557 corporeo
2489 4489 2787 4541 consistere
2812 4489 2946 4550 loco,
2974 4490 3361 4557 quitriudigeat
3394 4507 3517 4545 cor—

1949 4575 2080 4626 pore
2112 4560 2177 4611 ad
2227 4553 2483 4630 naturain
2525 4558 2666 4610 illius
2709 4557 2808 4611 loci
2865 4553 3276 4613 accoinm‘odato
3315 4578 3329 4614 :
3374 4564 3517 4630 quod

1945 4644 2144 4696 corpus
2182 4630 2340 4681 modo
2359 4628 2574 4695 quidem
2602 4636 2789 4699 gestat,
2811 4638 2974 4681 exuto
3001 4630 3165 4696 priori
3193 4631 3332 4699 quod
3355 4628 3515 4684 antea

1947 4698 2329 4770 necessarium,
2352 4709 2546 4770 postea
2581 4698 2768 4770 inutile
2809 4700 2899 4761 lit;
2937 4700 3095 4751 modo
3130 4698 3307 4755 autem
3356 4715 3517 4770 super

1946 4769 2071 4821 illud
2108 4768 2247 4837 quod
2284 4768 2443 4839 prius
2468 4768 2721 4832 hahehat,
2758 4768 2997 4821 induitur
3046 4773 3266 4824 meliore
3294 4787 3401 4839 quo
3423 4768 3512 4823 in-

1945 4840 2087 4907 diget
2134 4850 2190 4891 ut
2221 4838 2596 4909 ad_puriore_s,
2628 4841 2891 4892 aethereos
2913 4878 2929 4902 ,
2964 4838 3324 4909 cmlestesque’
3368 4841 3516 4894 locus

1943 4906 2239 4976 perveniat.
2292 4906 2385 4961 Sic
2434 4908 2485 4961 in
2544 4907 2643 4960 hac
2694 4909 2799 4961 vita
2844 4926 3095 4972 nascens,
3148 4906 3515 4964 meinhranam

1945 4980 2092 5032 exuit
2130 4995 2231 5046 qua
2266 4992 2381 5029 eam
2423 4980 2472 5030 in
2510 4979 2662 5030 vulva
2705 4980 2895 5031 matris
2939 4982 3147 5033 ohvolvi
3191 4982 3322 5032 utile
3369 4996 3511 5042 erat,

1945 5052 2179 5115 quandm
2217 5051 2267 5101 in
2298 5063 2359 5100 ea
2399 5048 2531 5111 l'uit;
2562 5049 2653 5101 sed
2682 5058 2966 5117 antequam
3002 5051 3145 5103 illam
3173 5060 3353 5112 exuat,
3388 5067 3512 5104 cor-

1944 5134 2041 5186 pus
2066 5119 2237 5171 induit
2270 5120 2408 5187 quod
2439 5131 2554 5172 erat
2594 5120 2645 5171 in
2667 5129 2805 5172 terra
2843 5132 3050 5173 ricturo
3076 5125 3505 5185 necessarium,»

1943 5200 2047 5243 etc.
2078 5189 2168 5243 llis
2197 5189 2511 5259 praemissis,
2544 5188 2698 5243 facile
2735 5190 3107 5244 discordantes
3131 5192 3377 5259 Origeuis
3407 5193 3509 5247 loei

1942 5262 2317 5313 Conciliantur.
2373 5258 2598 5325 Quando
2637 5260 2797 5328 igitur
2825 5261 3171 5328 incorporeus
3216 5258 3431 5331 angelos
3456 5275 3512 5318 et

1943 5331 2152 5382 animas
2186 5331 2339 5390 dicit,
2377 5347 2479 5382 non
2520 5333 2586 5383 ad
2610 5332 2980 5397 imperitorum
3020 5346 3231 5399 captum
3272 5351 3392 5388 sese
3420 5352 3511 5386 ar-

1943 5401 2268 5461 commodat,
2294 5398 2395 5455 sed.
2422 5411 2609 5453 natura
2642 5415 2736 5452 sua
2787 5401 3136 5468 incorporeus
3178 5403 3456 5459 existit-tat
3492 5423 3507 5459 :

1941 5477 1996 5523 et
2023 5471 2243 5538 quando
2284 5484 2573 5537 corporeos
2604 5486 2699 5523 eos
2726 5470 2882 5531 dicit,
2911 5488 3014 5525 non
3043 5486 3134 5527 eos
3157 5474 3226 5527 ita
3258 5491 3377 5530 esse
3414 5491 3509 5529 na-

1946 5550 2080 5613 tura,
2115 5555 2210 5593 sua
2260 5550 2433 5609 putat,
2476 5558 2537 5593 ac
2568 5542 2793 5609 proinde
2822 5559 2925 5594 non
2964 5543 3074 5595 vult
3114 5546 3337 5613 spiritus
3378 5547 3507 5599 nihil

1943 5610 2082 5683 aliud
2115 5626 2234 5663 esse
2251 5650 2273 5683 ,_
2301 5626 2459 5683 quam
2499 5626 2720 5683 sinuata:
2766 5614 3070 5681 exiguitatis
3112 5610 3362 5683 corpora,
3411 5618 3507 5670 sed

1945 5681 2055 5733 vult
2079 5695 2174 5754 eos
2196 5680 2378 5754 subtili
2400 5691 2453 5733 et
2478 5680 2891 5754 aeriogcorpurc,
2917 5686 3057 5750 quod
3085 5680 3238 5739 vocat
3251 5688 3508 5754 spiritale,

1942 5753 2094 5815 quasi
2133 5752 2445 5804 indumento
2477 5760 2529 5803 et
2565 5750 2808 5803 vehiculo
2851 5756 3086 5809 exterius
3134 5750 3503 5813 circu'mvolw.

1948 5821 2074 5877 Vide
2104 5822 2259 5891 paulo
2293 5822 2424 5873 inira
2460 5832 2645 5890 qua‘st.
2680 5823 2729 5873 (i-
2766 5823 2837 5875 De
2859 5827 3050 5887 anima,
3085 5844 3230 5882 num.
3268 5830 3297 5883 ὅ
3328 5840 3383 5882 et
3422 5829 3504 5904 1⁸5⁸
