4054 6310
559 360 657 417 851

1825 350 1886 408 P.
1932 349 2246 406 DANIELIS
2285 350 2516 407 HUETII

3684 346 3784 402 832

554 475 638 529 vel
663 470 1093 539 circumscriptio
1122 467 1405 525 dwmouici
1432 482 1698 537 corporis,
1731 482 1834 523 non
1868 479 1949 524 est
1973 469 2126 524 simi-
2160 480 2199 530 Α
2234 471 2452 526 uitionis
2510 468 2645 525 ratio
2672 476 2790 533 est,
2818 458 3011 522 horum
3040 465 3159 521 sine
3187 462 3350 519 dubio
3372 470 3428 518 et
3450 461 3638 517 eadem
3670 467 3790 518 sub-

554 566 622 621 lis
650 566 775 620 huic
810 575 991 619 n05tro
1017 560 1271 618 crassiori
1305 569 1358 615 et
1387 559 1585 614 visibili
1619 561 1830 630 corpori
1868 578 1883 614 :
1920 561 2012 616 sed
2039 575 2126 616 sc-

552 657 789 713 cuudum
818 670 1034 710 sensum
1054 653 1168 721 ejus
1189 654 1279 723 qui
1302 653 1608 722 composuit
1632 652 1777 706 illam
1802 655 2128 723 scripturatn

553 749 957 818 intelligendum
1014 757 1098 801 est
1138 746 1283 815 quod
1335 746 1469 800 dixit
1506 761 1521 809 ;
1556 744 1607 798 id
1646 755 1731 798 est
1780 761 1883 800 non
1919 759 1978 800 se
2026 746 2131 801 tale

552 854 771 911 corpus,
796 840 955 910 quale
985 839 1186 893 habent
1214 838 1507 904 daemones,
1539 836 1680 905 quod
1710 844 1791 891 est
1815 836 2131 891 naturaliter

552 931 772 996 subtile,
800 941 851 986 et
883 931 1032 985 velut
1058 944 1188 983 aura
1237 940 1417 996 tenue,
1445 939 1498 983 et
1545 938 1763 998 propter
1791 929 1891 983 hoc
1918 929 2000 983 vel
2035 946 2129 999 ptt-

556 1030 698 1075 tatur
727 1038 755 1075 a
777 1020 979 1083 multis,
1014 1019 1098 1075 vel
1139 1004 1338 1074 dicitur
1380 1021 1776 1090 incorporeum,
1809 1019 1906 1075 sed
1933 1021 2130 1077 habere

551 1128 612 1169 se
638 1128 835 1183 corpus
863 1113 1091 1167 solidum
1118 1127 1171 1167 et
1201 1112 1486 1183 palpabile.
1507 1113 1559 1167 In
1586 1115 1972 1168 consuetudine
2004 1129 2129 1169 vero

551 1206 831 1261 hominum
876 1222 1035 1260 omne
1061 1206 1201 1273 quod
1245 1204 1350 1259 tale
1393 1220 1499 1259 non
1536 1203 1717 1269 fuerit,
1753 1205 2126 1274 incorporeum

550 1298 974 1367 simplicioribus
998 1299 1081 1352 Vcl
1107 1296 1528 1365 imperitioribus
1556 1298 1891 1351 nominatur:
1914 1297 2057 1351 velut
2082 1296 2126 1351 si

550 1396 671 1464 quis
711 1410 890 1451 aerem
923 1395 1085 1449 istum
1118 1411 1224 1462 quo
1263 1393 1510 1458 fruimur,
1548 1394 1926 1459 incorporeum
1962 1394 2126 1459 dicat,

550 1486 985 1556 quandoquidem
1024 1500 1127 1539 non
1162 1496 1244 1540 est
1271 1485 1373 1540 tale
1408 1500 1624 1553 corpus,
1656 1493 1715 1538 ut
1745 1484 2127 1554 comprehendi

550 1593 615 1632 ac
666 1578 838 1632 teneri
881 1577 1071 1645 possit,
1106 1577 1422 1645 urgentique
1454 1577 1726 1631 resistere.
1768 1596 1787 1628 ι
1822 1576 1878 1631 Si
1913 1576 2130 1646 quando

551 1668 715 1738 igitur
743 1667 965 1736 angelos
999 1666 1133 1720 dixit
1158 1665 1615 1732 incorporeos,ad
1648 1666 2021 1735 imperitorum
2046 1684 2130 1720 ca-

550 1770 700 1828 ptum
727 1774 847 1813 sese
893 1759 1352 1821 accommodasse,
1393 1769 1449 1813 et
1475 1761 1628 1830 juxta
1662 1759 1810 1830 vulgi
1842 1768 2128 1815 consuetud-

550 1852 729 1906 dinetn
755 1851 988 1905 locutum
1024 1851 1193 1906 fuisse
1222 1852 1527 1907 credamus.

624 1940 711 1997 Vl.
745 1940 853 1998 Nec
902 1955 1217 2010 corpoream
1269 1943 1471 2013 angelis
1523 1953 1767 1997 naturam
1817 1945 2127 2000 attril‘tuisse

549 2044 866 2099 etmtentus,
906 2037 1140 2088 animam
1176 2034 1240 2090 iis
1266 2036 1484 2105 insuper
1504 2038 1755 2105 ascripsit
1781 2038 1875 2091 lib.
1905 2053 1944 2091 ll
1984 2038 2125 2107 Περὶ

549 2123 768 2194 ἀρχῶν,
793 2142 911 2193 cap.
946 2125 1000 2191 8,
1025 2142 1170 2178 tlltllt.
1206 2127 1228 2179 l
1267 2145 1279 2178 :
1318 2145 1336 2178 ε
1371 2128 1627 2195 Superest
1655 2128 1722 2181 de
1769 2129 2008 2198 angelico
2033 2146 2124 2184 or-

551 2217 675 2270 dine
704 2217 1000 2286 requirere,
1047 2228 1224 2270 utrum
1257 2227 1312 2271 et
1362 2216 1460 2286 ipsi
1512 2218 1720 2273 animas
1766 2222 2024 2284 habeant,
2058 2236 2125 2273 an

548 2311 744 2365 animae
777 2310 917 2375 sint,
952 2310 1037 2363 vel
1081 2310 1148 2364 de
1181 2310 1391 2365 ezeteris
1436 2309 1659 2375 divinis,
1711 2310 2128 2381 cmlestihusque

552 2404 861 2469 virtutibus,
889 2403 981 2458 sed
1009 2414 1063 2457 et
1092 2404 1159 2457 de
1187 2400 1477 2458 contrariis
1524 2400 1901 2470 potestatibus.
1927 2402 2129 2458 Aucto-

550 2498 763 2553 ritatem
814 2497 1029 2567 quidem
1069 2496 1265 2550 divina:
1312 2494 1606 2564 Scriptura:
1654 2509 1878 2564 usquam
1927 2495 2125 2549 nullam

551 2594 875 2656 invenimus,
912 2594 1052 2661 quod
1089 2590 1173 2645 vel
1218 2590 1420 2660 angeli,
1481 2589 1563 2643 vel
1606 2589 1649 2645 si
1693 2590 1783 2659 qui
1818 2590 1925 2645 sint
1958 2591 2126 2648 divini

549 2686 774 2753 spiritus
802 2684 1031 2739 ministri
1069 2683 1184 2744 Dei,
1225 2682 1309 2736 vel
1340 2682 1547 2736 animas
1575 2682 1796 2748 habere,
1819 2682 1903 2737 vel
1932 2682 2129 2737 anima:

549 2779 801 2832 dicantur
848 2799 861 2833 :
906 2777 1201 2832 animantia
1246 2786 1420 2830 tamen
1466 2791 1586 2831 esse
1634 2791 1663 2830 a
1716 2777 2129 2847 quamplurimis

549 2871 875 2925 sentiuntur.
916 2888 933 2921 ι
971 2869 1333 2940 Hieronymus
1374 2871 1535 2938 epist.
1580 2868 1649 2923 65
1682 2870 1748 2924 ad
1786 2868 2123 2933 Pammach.,

549 2962 722 3031 eap.5
747 2983 757 3017 :
780 2980 797 3013 ι
824 2960 932 3016 Nec
961 2960 1220 3030 Origenes
1251 2974 1481 3028 unquam
1508 2959 1643 3015 dixit
1668 2976 1734 3015 ex
1767 2960 1971 3031 angelis
2005 2961 2125 3014 ani-

552 3064 670 3108 tuas
704 3054 843 3118 ﬁeri,
879 3068 999 3107 cum
1024 3053 1169 3121 ipsos
1202 3052 1421 3122 angelos
1453 3055 1645 3106 nomtsn
1677 3067 1798 3107 esse
1833 3052 1994 3106 oliicii
2028 3053 2125 3106 do-

553 3154 691 3211 ceat,
716 3160 819 3198 non
846 3155 1084 3208 naturae;
1120 3146 1173 3199 in
1209 3146 1362 3201 libris
1395 3146 1535 3201 enim
1569 3145 1705 3213 Περὶ
1734 3142 1939 3214 ἀρχῶν
1964 3154 2017 3200 et
2039 3157 2129 3198 an-

550 3237 719 3308 gelos,
765 3248 820 3290 et
866 3237 1109 3297 thronos.
1145 3246 1200 3292 et
1246 3238 1676 3303 dominationes,
1734 3245 2029 3306 potestates
2073 3244 2127 3289 et

550 3342 789 3389 rectores
815 3331 995 3384 mundi
1026 3341 1079 3384 et
1107 3329 1473 3394 tenebrarum,
1498 3341 1553 3385 et
1577 3345 1737 3384 omne
1767 3345 1960 3385 nomen
1984 3329 2126 3399 quod

551 3430 860 3484 nominatur
888 3445 989 3481 non
1026 3427 1198 3481 solum
1223 3428 1274 3479 in
1315 3427 1565 3495 praesenti
1596 3426 1813 3489 saeculo,
1850 3427 1941 3480 sed
1966 3426 2017 3480 in
2046 3426 2127 3479 fn-

551 3526 693 3582 turo,
737 3521 871 3575 dicit
904 3521 1116 3574 animas
1144 3533 1264 3574 esse
1315 3535 1500 3573 eorum
1538 3531 1847 3589 corporum,
1882 3535 2000 3588 quae
2043 3520 2127 3574 vel

547 3612 839 3677 desiderio,
870 3614 950 3669 vel
976 3613 1277 3669 ministerio
1304 3614 1660 3681 susceperint.
1694 3632 1711 3664 ι
1746 3612 1991 3668 Profecto
2023 3630 2125 3667 non

545 3714 629 3761 est
668 3717 973 3776 promptum
1003 3706 1146 3761 dictu
1172 3720 1404 3775 quanam
1440 3706 1649 3760 ratione
1692 3706 1928 3758 animam
1960 3721 2127 3776 ange—

547 3799 616 3853 lis
645 3800 820 3855 inesse
873 3814 1033 3868 posse
1072 3800 1338 3853 senserit:
1379 3816 1500 3853 nam
1542 3810 1897 3868 quaereretur,
1950 3800 2124 3852 anima

549 3891 637 3944 illa
683 3907 1014 3961 corporeane
1055 3893 1146 3955 sit,
1179 3908 1245 3946 an
1281 3903 1491 3947 contra.
1528 3893 1857 3959 Corpoream
1900 3892 2128 3945 dixisset

548 3983 754 4053 utique,
790 4001 911 4039 nam
950 3985 1079 4039 nihil
1122 3996 1314 4053 praeter
1351 3985 1517 4039 Deum
1554 3986 1925 4054 incorporeum
1958 3984 2123 4037 ducit.

548 4075 732 4133 Tenue
764 4091 893 4144 ergo
926 4087 979 4129 et
1007 4091 1467 4143 mouogrammum
1502 4083 1696 4144 cuers
1727 4077 1792 4129 ab
1829 4072 1935 4130 alio
1970 4072 2126 4146 longe

549 4169 865 4223 tenuissimo
900 4178 955 4222 et
986 4167 1383 4234 simplicissime
1426 4182 1653 4235 corpore
1683 4168 1973 4220 animatum
2004 4182 2124 4223 esse

548 4260 731 4315 dicere
776 4259 1069 4313 debuisset.
1108 4258 1211 4312 Sed
1259 4258 1415 4326 paulo
1460 4265 1619 4326 post,
1651 4255 1875 4324 uum.2,
1910 4259 2126 4327 angelos

546 4352 791 4407 decernit
829 4367 1009 4407 meras
1035 4367 1154 4405 esse
1180 4352 1406 4405 animas.
1447 4369 1465 4401 ι
1508 4352 1581 4405 De
1615 4367 1679 4404 eo
1712 4366 1839 4405 vero
1866 4354 2005 4420 quod
2033 4351 2123 4405 Dei

549 4442 736 4494 anima
763 4442 814 4494 in
848 4441 1146 4510 Scripturis
1172 4439 1498 4503 nominatur,
1520 4440 1755 4509 qualiter
1784 4441 2005 4513 intelligi
2029 4444 2122 4497 de-

2231 563 2431 619 stantia
2466 571 2570 617 est.
2598 581 2617 616 ι
2658 550 2789 615 Tale
2834 558 3035 624 aliquid
3079 556 3243 612 habet
3268 554 3361 609 lib.
3407 570 3446 609 ιι
3497 555 3551 607 in
3584 552 3790 609 Cantic.

2230 656 2508 718 canticor.,
2548 668 2671 724 pag.
2700 652 2767 707 58
2796 671 2810 708 :
2849 670 2867 703 ι
2906 651 2972 705 Et
3002 650 3181 704 adlmc
3204 646 3528 717 agnitionem
3568 646 3653 699 sui
3684 645 3795 699 ani-

2232 766 2313 803 ma
2344 750 2602 819 requirat,
2631 747 2674 801 si
2702 756 2786 800 est
2813 744 3010 814 aliquis
3035 742 3201 807 ordo,
3228 751 3321 794 aut
3344 749 3468 796 sunt
3494 737 3661 807 aliqui
3686 737 3795 806 spi-

2231 844 2365 897 ritus
2397 840 2634 911 ejusdem
2678 838 2990 893 substantia:
3022 842 3143 889 cum
3192 834 3329 902 ipsa,
3378 832 3467 886 alii
3513 845 3647 884 vero
3694 844 3797 884 non

2228 934 2489 1002 ejusdem,
2519 932 2611 987 sed
2640 930 2837 985 diversi
2871 929 2940 983 ab
2962 943 3047 992 ea,
3082 928 3133 981 id
3154 924 3317 989 est,si
3346 933 3469 979 sunt
3492 925 3548 976 et
3576 921 3674 976 alii
3696 920 3799 989 spi-

2232 1030 2365 1083 ritus
2396 1026 2770 1089 rationabiles,
2791 1034 2848 1078 ut
2874 1024 2987 1093 ipsa
3021 1030 3198 1087 est,et
3219 1020 3308 1073 alii
3340 1026 3589 1074 carentes
3630 1014 3800 1070 ratio-

2230 1136 2297 1177 ne
2326 1138 2339 1173 :
2367 1132 2420 1175 et
2449 1120 2493 1174 si
2522 1119 2710 1175 eadem
2737 1126 2819 1173 est
2869 1117 3036 1185 ipsius
3079 1129 3201 1185 qua:
3224 1123 3280 1168 et
3315 1111 3635 1179 angelorum
3678 1108 3801 1163 sub-

2230 1212 2713 1282 stantia,quoniam
2728 1208 3062 1283 jrationabile
3084 1222 3113 1262 a
3136 1193 3439 1262 rationabili
3460 1214 3800 1273 nequaquam

2230 1304 2451 1361 dill'erre
2476 1305 2735 1359 creditur.
2770 1321 2790 1355 ι

2300 1400 2408 1453 Vll.
2443 1398 2768 1468 Angelorum
2810 1405 2989 1452 autem
3022 1397 3161 1450 inter
3188 1402 3243 1448 et
3270 1392 3573 1447 daemonum
3603 1401 3803 1458 corpus

2229 1490 2517 1545 discrimen
2567 1488 2779 1556 aliquod
2838 1486 3119 1542 tenuitatis
3172 1483 3485 1546 constituit,
3539 1481 3800 1551 quoniam

2230 1583 2497 1651 graviora,
2522 1582 2605 1637 vel
2634 1580 2914 1637 subtiliora
2944 1593 3206 1647 corpora,
3233 1592 3333 1647 pro
3364 1574 3654 1631 criminum
3688 1587 3803 1627 mo-

2230 1676 2319 1743 do,
2351 1674 2622 1730 mentibus
2644 1672 2823 1728 addita
2856 1671 3022 1726 fuisse
3054 1671 3304 1739 opinatus
3329 1678 3433 1732 est,
3454 1677 3512 1721 ut
3539 1666 3799 1720 diximus.

2233 1765 2519 1835 Postquam
2561 1765 2704 1822 enim
2749 1764 2819 1819 ob
2861 1760 3157 1833 nequitiam
3197 1761 3467 1815 daemones
3495 1757 3640 1813 coelo
3676 1766 3804 1813 sunt

2227 1856 2523 1922 exturbati,
2553 1854 2826 1910 crassiore
2859 1855 3093 1922 quodam
3142 1867 3369 1922 corpore
3408 1852 3803 1919 circumseptus

2226 1965 2346 2004 esse
2373 1948 2715 2003 existimavit.
2754 1947 2845 2002 Sic
2876 1947 2965 2001 ille
2997 1957 3127 2000 tom.
3165 1963 3177 2000 I
3209 1947 3266 2000 in
3292 1945 3474 2008 Joan.,
3509 1958 3656 2002 num,
3702 1941 3801 1997 t7:

2238 2044 2297 2097 Ὀ
2318 2042 2643 2112 καλούμενος
2664 2041 2879 2113 δράκων
2900 2040 3049 2105 ἄξιος
3068 2038 3354 2109 γεγένηται
3386 2035 3678 2091 ἀποπεσὼν
3704 2035 3803 2105 τῆς

2227 2137 2474 2207 καθαρᾶς
2508 2136 2673 2207 ζωῆς,
2712 2134 2816 2205 πρὸ
2860 2135 3076 2188 πάντων
3113 2132 3389 2202 ἐνδεθῆναι
3424 2129 3525 2201 ὕλῃ
3559 2129 3657 2182 καὶ
3693 2126 3801 2181 σώ-

2233 2247 2381 2301 ματι.
2413 2228 2564 2295 Quod
2595 2228 2661 2281 de
2687 2226 2903 2281 diabolo
2932 2226 3145 2289 statuit,
3177 2225 3243 2279 de
3286 2223 3540 2277 omnibus
3583 2235 3803 2290 quoque

2229 2323 2560 2378 daemonibus
2608 2319 3012 2389 intelligendum
3071 2327 3173 2373 est.
3230 2318 3404 2385 Atque
3452 2314 3552 2368 hoc
3606 2327 3804 2379 corpus

2228 2417 2465 2472 crassius
2511 2414 2637 2469 licet
2688 2412 2961 2481 angelico,
2990 2425 3111 2465 esse
3160 2419 3338 2464 tamen
3365 2409 3497 2463 dicit
3535 2406 3803 2477 prommio

2228 2509 2319 2563 lib.
2355 2506 2497 2575 Περὶ
2528 2505 2749 2575 ἀρχῶν,
2789 2520 2938 2559 num.
2967 2504 3024 2568 8,
3060 2521 3079 2554 ι
3135 2500 3451 2557 naturaliter
3496 2498 3717 2563 subtile,
3748 2507 3801 2553 et

2228 2602 2373 2656 velut
2406 2614 2532 2653 aura
2570 2608 2747 2666 tenue,
2783 2617 2799 2649 ι
2832 2611 2895 2650 ex
2929 2609 3053 2649 aere
3100 2594 3352 2648 nimirum
3411 2592 3621 2647 rariore
3670 2604 3803 2645 cons

2230 2701 2453 2747 textum.
2486 2690 2637 2758 Quod
2673 2690 2726 2743 in
2752 2703 2816 2743 eo
2839 2686 3112 2757 redarguit
3141 2684 3500 2755 Hieronymus
3526 2684 3688 2752 epist.
3707 2682 3797 2748 59,

2228 2786 2293 2840 ad
2314 2784 2482 2848 Avit.,
2514 2796 2635 2853 cap.
2670 2782 2722 2836 t.
2755 2782 2825 2835 At
2851 2795 2969 2835 eam
2997 2788 3173 2833 tamen
3201 2792 3489 2846 corporum
3514 2777 3803 2832 diversita-

2231 2886 2335 2931 tem
2370 2875 2508 2930 citra
2541 2873 2705 2928 ullum
2757 2880 2963 2926 naturae
2998 2871 3287 2927 discrimen
3323 2869 3579 2940 Origenes
3605 2870 3802 2923 admit-

2231 2966 2312 3024 tit.
2343 2966 2622 3024 Diabolum
2654 2966 2852 3036 quippe
2890 2965 3034 3018 inter
3065 2972 3120 3017 et
3145 2961 3390 3031 angelum
3417 2961 3577 3015 ullam
3606 2961 3800 3024 οὐσίας

2228 3061 2581 3116 (Ιίίῐθι-θιηίειηι
2624 3075 2743 3115 esse
2792 3069 2951 3128 negat
2982 3067 3110 3113 tom.
3149 3073 3219 3110 xx
3244 3057 3297 3109 in
3321 3054 3504 3116 Joau.,
3538 3053 3795 3108 num.20.

2230 3153 2337 3207 Nec
2364 3161 2621 3220 repugnat
2646 3150 2784 3218 quod
2818 3151 3031 3219 scripsit
3063 3150 3152 3203 lib.
3183 3163 3239 3201 ιιι
3258 3154 3438 3200 contra
3460 3143 3620 3209 Gelu,
3650 3160 3796 3202 num.

2228 3246 2292 3301 57
2330 3265 2343 3299 :
2377 3246 2439 3299 Oi
2462 3244 2517 3297 δὲ
2536 3243 2629 3297 τοῦ
2649 3242 2784 3297 Θεοῦ
2807 3242 2937 3296 θεῖοι
2970 3244 3062 3297 καὶ
3084 3234 3226 3310 ἅγιοι
3258 3239 3475 3309 ἄγγελοι
3498 3240 3669 3309 ἄλλης
3694 3237 3798 3292 stat

2229 3339 2460 3407 φύσεως,
2501 3340 2594 3391 καὶ
2624 3336 2992 3409 προαιρέσεως
3017 3335 3165 3404 παρὰ
3198 3337 3323 3398 τοὺς
3342 3334 3435 3387 ἐπὶ
3454 3334 3558 3403 γῆς
3590 3332 3797 3394 πάντας

2228 3434 2509 3502 δαίμονας.
2538 3431 2694 3485 Aliud
2722 3439 2804 3484 est
2837 3430 2980 3483 enim
3014 3427 3193 3497 φύσις.
3229 3428 3371 3481 aliud
3404 3426 3583 3479 οὐσία.

2300 3521 2429 3577 Vlll.
2456 3523 2628 3591 Atque
2660 3520 2871 3588 singula
2919 3521 3031 3575 ba’c
3062 3519 3254 3586 placita
3292 3518 3510 3572 Patrum
3541 3530 3798 3571 numerus

2228 3614 2484 3677 defemlit,
2512 3612 2602 3683 qtti
2643 3622 2701 3666 ut
2728 3614 2779 3666 in
2814 3626 2871 3666 re
2901 3611 3131 3675 incerta,
3164 3625 3340 3680 neque
3391 3609 3798 3665 deﬁnitionibus

2230 3707 2479 3761 Ecclesite
2522 3703 2952 3773 circumscripta,
2979 3704 3158 3758 animo
3186 3718 3284 3759 suo
3309 3703 3621 3773 morigerati
3653 3711 3795 3760 sunt.

2226 3798 2528 3869 Corporeos
2559 3814 2678 3853 esse
2716 3799 2931 3869 angelos
2958 3798 3177 3868 quinam
3213 3811 3276 3850 ex
3317 3795 3421 3850 illis
3465 3795 3793 3865 putaverix‘,

2229 3892 2423 3958 partim
2480 3889 2760 3945 laudamus
2816 3891 2866 3943 in
2938 3889 3407 3945 observationibus
3474 3886 3795 3941 nostris.ad

2227 4000 2345 4053 pag.
2393 3976 2497 4037 8ιὸ
2533 3984 2663 4036 tunti
2712 3998 2819 4035 xvtt
2861 3979 3149 4035 Comment.
3208 3978 3449 4048 Or'geuis
3507 3980 3563 4032 in
3603 3978 3790 4032 Matth.

2227 4077 2431 4145 Quibus
2451 4076 2573 4130 addi
2604 4085 2825 4140 possunt
2847 4074 3092 4129 Justinus
3116 4075 3166 4127 in
3195 4072 3401 4142 Dialog.
3436 4088 3554 4125 cum
3576 4070 3792 4142 Tryph.;

2228 4171 2473 4226 Clemens
2497 4166 2897 4222 Alexandrinus
2929 4162 3146 4233 Pwdag.
3189 4164 3278 4218 lib.
3313 4181 3350 4228 l,
3381 4179 3498 4233 cap.
3522 4163 3595 4228 6;
3628 4163 3799 4218 Maca-

2229 4263 2338 4316 rius
2366 4262 2508 4313 hom.
2529 4260 2592 4323 4;
2622 4258 2920 4313 Methodius
2945 4257 3082 4324 apud
3110 4254 3512 4317 Photitnn,cod.
3535 4269 3792 4317 ccxxxtv;

2226 4354 2455 4425 Cyrillus
2479 4354 2569 4407 lib.
2592 4367 2645 4407 tx
2688 4354 2739 4405 in
2767 4350 2930 4405 Joan.
2956 4367 2969 4415 ;
2997 4347 3307 4405 Gennadius
3333 4348 3425 4404 lib.
3467 4346 3541 4401 De
3562 4348 3790 4418 dogmat.

2226 4447 2452 4512 Eccles.,
2489 4462 2610 4516 cap.
2638 4446 2695 4500 ll
2732 4454 2785 4499 et
2806 4444 2873 4499 12
2906 4461 2920 4509 ;
2949 4443 3250 4498 Bernartius
3275 4441 3368 4496 lib.
3405 4456 3435 4493 v
3461 4440 3538 4495 De
3564 4442 3798 4495 conside-

548 4532 692 4589 beat.
719 4543 770 4586 et
797 4534 1021 4599 sentire,
1046 4544 1098 4588 et
1136 4532 1375 4603 proferre
1402 4532 1613 4587 diliicile
1642 4541 1756 4598 est;
1783 4533 1947 4589 semel
1982 4535 2123 4590 enim
2158 4536 2200 4589 D
2232 4544 2433 4593 ratione
2454 4538 2520 4592 ad
2552 4537 2875 4607 Eugenium,
2906 4546 2963 4591 et
2993 4534 3080 4589 alii
3113 4534 3441 4604 complures.
3471 4533 3612 4600 Quid
3654 4532 3791 4599 quod

547 4624 845 4693 simplicem
879 4624 1025 4679 illam
1064 4635 1409 4689 naturam,et
1438 4626 1640 4692 absque
1676 4624 1837 4679 ullius
1866 4624 2124 4693 abjeetio-

548 4716 633 4769 nis
666 4716 1010 4782 permistioue
1032 4713 1345 4786 proﬁtemur
1369 4734 1380 4768 :
1405 4728 1578 4771 tamen
1601 4722 1979 4788 quoquomodo
2005 4733 2126 4774 seu-

547 4808 789 4863 tiendum
825 4818 927 4870 est,
970 4811 1241 4864 nominari
1291 4811 1505 4865 interim
1542 4811 1632 4865 Dei
1660 4812 1841 4866 anima
1880 4812 2120 4880 videtur;

546 4901 613 4956 de
651 4901 869 4956 Christo
910 4916 1039 4956 vero
1084 4919 1189 4957 non
1235 4903 1526 4959 dubitatur.
1566 4905 1629 4959 Et
1677 4905 1797 4959 ideo
1845 4921 1950 4960 non
1994 4909 2122 4962 mihi

544 4994 758 5049 videtur
788 4995 1079 5050 absurdum
1126 4996 1287 5049 etiam
1333 4996 1399 5050 de
1448 4998 1654 5051 sanctis
1699 4995 1935 5065 angelis,
1965 5011 2117 5052 etme-

544 5083 730 5152 risque
762 5085 1074 5140 coelestibus
1107 5084 1398 5138 virtutibus
1439 5086 1541 5139 tale
1574 5086 1771 5154 aliquid
1806 5089 1885 5141 vel
1913 5088 2113 5151 dicere,

542 5174 627 5227 vel
664 5178 867 5230 sentire
901 5177 1203 5245 :siquidem
1248 5177 1486 5231 deﬁnitio
1510 5178 1595 5232 illa
1641 5179 1833 5232 animm
1869 5180 2029 5232 etiam
2063 5180 2113 5233 in

546 5260 693 5335 ipsos
741 5268 951 5322 videtur
1001 5270 1296 5323 incurrere.
1355 5267 1486 5335 Quis
1537 5270 1676 5323 enim
1730 5270 2118 5325 rationabiliter

546 5357 828 5414 sensibiles
863 5376 957 5415 eos
988 5374 1140 5420 esse,
1174 5359 1257 5414 vel
1299 5360 1520 5413 mobiles
1570 5362 1767 5429 poterit
1811 5363 2117 5431 denegare?

545 5452 696 5517 Quod
728 5451 771 5505 si
809 5463 952 5505 recta
981 5453 1080 5507 ista
1123 5454 1335 5505 videtur
1370 5467 1484 5505 esse
1520 5452 1780 5517 deﬁnitio,
1816 5456 1954 5520 quod
1992 5456 2118 5509 sub-

546 5542 742 5596 stantia
800 5542 1192 5596 rationabiliter
1239 5542 1543 5606 seusibilis,
1582 5555 1637 5596 et
1690 5546 1901 5600 mobilis
1938 5545 2113 5597 anima

548 5634 778 5696 dieatur,
808 5635 1016 5688 videtur
1042 5634 1155 5687 haec
1181 5635 1371 5688 eadem
1399 5634 1639 5687 delinitio
1662 5636 1823 5689 etiam
1855 5636 1922 5689 ad
1946 5651 2111 5705 ange-

568 5742 627 5777 os
668 5728 955 5790 pertinere.
1000 5726 1135 5791 Quid
1167 5726 1309 5780 enitn
1339 5726 1483 5780 aliud
1518 5729 1567 5780 in
1606 5728 1707 5781 illis
1734 5745 1893 5797 quant
1926 5744 2113 5783 sensus

551 5817 879 5871 tatiunahilis
922 5830 977 5870 et
1012 5826 1186 5872 motus
1213 5830 1293 5874 est
1323 5821 1345 5874 ?
1376 5819 1609 5885 Quorum
1644 5831 1818 5875 autem
1848 5836 1951 5875 una
1982 5821 2112 5876 deﬁ-

2224 4633 2464 4688 eamdem
2493 4632 2815 4685 sententiam
2851 4629 2903 4683 in
2959 4628 3102 4681 Actis
3133 4628 3373 4696 septimm
3421 4626 3611 4697 synodi
3644 4638 3794 4681 mcu-

2226 4725 2465 4787 menicae,
2502 4700 2606 4777 non
2652 4720 2926 4776 deﬁnitam
2954 4719 3191 4790 quidem,
3225 4720 3317 4774 sed
3352 4729 3528 4774 tamen
3575 4733 3795 4788 expres.

2222 4834 2337 4871 sam
2378 4817 2715 4885 reperimus:
2748 4817 2883 4870 adeo
2911 4816 3035 4868 trita
3074 4830 3194 4879 usu,
3229 4822 3283 4868 et
3306 4813 3791 4867 vetustissimorum

2228 4908 2598 4977 theologorum
2644 4921 2914 4959 consensu
2948 4904 3199 4958 tralatitia
3232 4904 3329 4958 luit
3355 4918 3419 4960 ea
3452 4904 3658 4972 opinio.

2298 4996 2611 5051 Notavimus
2664 4997 2951 5066 Origenem
2987 5010 3212 5065 corpora
3256 4995 3381 5049 licet
3414 4996 3620 5062 angelis
3648 4993 3793 5047 aiiin-

2214 5102 2446 5159 gentem,
2494 5093 2679 5145 eadem
2732 5092 2862 5158 ipsis
2921 5089 3209 5157 aliquando
3264 5087 3551 5143 detrahere
3597 5087 3790 5155 visum.

2212 5185 2353 5240 Idem
2390 5186 2679 5240 observare
2708 5184 2831 5238 licet
2873 5184 2924 5235 in
2956 5182 3155 5238 Basilio
3183 5183 3272 5252 qui
3320 5181 3567 5250 quamvis
3604 5194 3794 5247 corpo-

2214 5294 2333 5334 reos
2363 5278 2583 5347 angelos
2608 5275 2802 5330 dixerit
2828 5275 2923 5330 lib.
2957 5275 3030 5329 De
3067 5274 3267 5343 Spiritu
3301 5283 3503 5336 sancto,
3546 5287 3668 5341 cap.
3705 5270 3790 5335 16,

2216 5382 2268 5425 et
2308 5372 2454 5434 alibi,
2498 5372 2712 5425 eosdem
2766 5378 2943 5423 tamen
2982 5369 3223 5438 corporis
3252 5378 3503 5438 expertes
3532 5384 3658 5424 esse
3697 5369 3789 5423 lih.

2216 5479 2268 5517 tv
2293 5475 2473 5519 contra
2509 5462 2738 5518 Eunom.
2788 5463 3037 5518 allirmat.
3070 5460 3222 5517 Unde
3264 5478 3393 5517 vero
3434 5472 3553 5516 orta
3608 5472 3693 5517 est
3741 5462 3792 5515 in

2214 5556 2443 5629 Origene
2495 5559 2779 5612 observata
2823 5573 2853 5611 a
2907 5556 3059 5611 nobis
3114 5556 3498 5624 discrepantia,
3556 5555 3791 5610 indidem

2212 5654 2300 5707 illa
2344 5670 2553 5723 quoque
2602 5651 2787 5707 Basilii
2834 5652 3069 5723 profecta
3116 5662 3220 5717 est,
3262 5667 3325 5706 ex
3368 5667 3558 5707 vocum
3604 5666 3792 5721 nempe

2211 5749 2399 5813 almsu,
2424 5757 2469 5799 et
2495 5746 2822 5802 crassiorutn
2849 5762 3130 5815 corporum
3152 5756 3412 5815 respectu.
3444 5746 3657 5814 Optime
3678 5746 3788 5798 C3-

2212 5842 2385 5898 sarius
2434 5840 2640 5913 Dialog.
2694 5857 2733 5911 t,
2802 5844 3058 5913 interrog,
3134 5840 3201 5895 48
3244 5881 3257 5895 .
3320 5837 3624 5911 Ἀσώματοι
3692 5839 3784 5910 μὲν
