4054 6310
263 368 371 425 855

1084 363 1654 423 ORIGENIANORUM
1694 364 1819 420 LIB.
1862 360 1927 429 ll,
1968 360 2120 418 CAP.
2163 360 2227 425 Il,
2266 355 2540 426 QUA‘IST.
2585 353 2651 408 γ.

3384 338 3487 399 854

261 482 352 539 οὖν
406 484 626 555 ἄγγελοι
675 484 795 538 καθ’
836 484 1002 556 ἡμᾶς,
1040 484 1196 555 σῶμα
1232 484 1288 537 δὲ
1330 483 1447 536 καθ’
1466 484 1723 549 ἑαυτοὺς,
1759 481 1833 544 ὡς

1936 500 2059 567 reis,
2087 510 2207 569 post
2241 498 2446 568 lapsum
2491 508 2620 549 vero
2664 486 3017 546 crassioribus
3052 484 3279 554 illigatos
3322 480 3488 533 fuisse

257 578 481 651 ἄνεμος,
535 578 568 650 ἢ
626 578 768 650 πῦρ,
823 576 855 649 ἧ
917 576 1223 647 καπνὸς,ἢ
1275 578 1411 648 ἀήρο
1454 576 1679 647 σώματα
1726 575 1833 646 γὰρ

256 672 564 743 ὑπάρχουσι
602 671 792 732 λεπτὰ.
822 670 915 723 καὶ
958 669 1093 722 ama
1112 709 1126 733 ,
1158 667 1262 735 ἔξω
1291 669 1389 739 τῆς
1418 670 1688 740 ἡμετέρας
1726 685 1832 720 πα-

255 764 510 835 χύτητος·
555 764 776 834 σώματα
829 762 937 834 γὰρ
987 763 1304 836 ἐπουράνια,
1334 765 1427 818 καὶ
1451 763 1676 834 σώματα
1711 760 1831 814 ἐπί-

254 856 383 925 γειά
416 874 578 927 φησιν
603 859 630 909 ὁ
655 856 805 924 ἅγιος
852 855 1188 919 Ἀπόστολος.
1236 875 1252 907 ι
1282 855 1582 922 lncorporei
1617 854 1830 922 quidem

253 957 389 1002 sunt
410 948 581 1017 angeli
608 949 897 1003 secundum
928 964 1056 1013 nos;
1106 963 1303 1016 corpus
1332 961 1456 1001 vero
1482 957 1609 1000 sunt
1635 961 1833 999 secnn~

256 1038 388 1093 dum
433 1054 509 1103 se,
562 1051 617 1093 ιιι
651 1052 862 1105 ventus,
907 1041 988 1095 vel
1021 1040 1180 1111 ignis,
1221 1039 1301 1092 vel
1359 1039 1558 1103 fumus,
1592 1040 1675 1094 vel
1718 1053 1836 1109 aer.

254 1132 501 1203 Corpora
534 1134 676 1187 enim
715 1142 842 1186 sunt
872 1131 1077 1195 tenuia,
1107 1128 1343 1185 materim
1372 1129 1611 1201 expertia
1631 1170 1646 1195 ,
1680 1139 1831 1183 extra

258 1236 502 1282 nostram
545 1226 981 1279 crassitudinem.
1019 1224 1258 1291 Corpora
1304 1223 1445 1277 enim
1486 1222 1751 1286 ctelestia,
1780 1231 1832 1275 et

255 1332 490 1387 corpora
522 1317 796 1371 terrestria
830 1316 963 1370 dicit
990 1324 1210 1369 sanctus
1249 1315 1537 1382 Apostolus
1569 1316 1633 1367 “.
1681 1334 1700 1367 ι
1732 1314 1827 1369 Cui

258 1410 593 1464 simillimum
640 1407 769 1462 illud
804 1416 887 1462 est
928 1406 1171 1461 Cassiani
1220 1404 1409 1460 Collat.
1440 1422 1536 1469 vn,
1566 1420 1684 1474 cap.
1718 1405 1824 1459 15:

264 1521 286 1553 ι
319 1500 470 1556 Licet
499 1502 642 1556 enim
672 1500 1079 1571 pronuntiemus
1114 1498 1398 1555 nonnullas
1430 1513 1547 1554 esse
1576 1498 1828 1568 spiritua-

259 1597 342 1650 les
376 1602 620 1657 naturas,
648 1604 703 1647 ut
739 1601 864 1648 sunt
907 1591 1119 1660 angeli,
1155 1590 1486 1659 archangeli,
1513 1602 1827 1658 czeterzeque

261 1687 505 1747 virtutes,
525 1684 636 1753 ipsa
663 1696 872 1751 quoque
896 1682 1071 1735 anima
1106 1690 1310 1745 nostra,
1339 1680 1418 1734 vel
1443 1689 1587 1735 certe
1617 1680 1827 1734 aeriste

256 1775 517 1839 subtilis;
563 1785 737 1827 tamen
786 1772 1115 1840 incorporea:
1163 1770 1468 1823 nullatenus
1504 1768 1825 1824 aestimanda:

260 1880 409 1925 sunt.
450 1869 657 1923 Habent
691 1868 832 1921 enim
864 1867 1158 1919 secundum
1204 1878 1262 1919 se
1308 1877 1523 1932 corpus,
1568 1876 1674 1931 quo
1699 1862 1825 1915 sub-

260 1962 482 2023 sistunt,
502 1960 622 2013 licet
654 1958 819 2013 multo
842 1956 1054 2010 tenuius
1072 1969 1228 2023 quam
1257 1970 1374 2010 nos.
1398 1954 1527 2007 Nam
1551 1962 1674 2008 sunt
1700 1968 1824 2008 cor-

261 2069 395 2122 pora
426 2053 716 2107 secundmn
738 2049 977 2120 Apostoli
999 2049 1324 2105 sententiam
1352 2048 1422 2102 ita
1452 2047 1677 2102 dicentis
1708 2065 1723 2102 :
1764 2045 1828 2100 Et

266 2159 497 2213 corpora
537 2143 800 2209 caelestia,
844 2152 898 2197 et
932 2153 1159 2210 corpora
1195 2142 1465 2195 terrestria
1500 2140 1561 2192 ¹².
1606 2158 1624 2189 ι
1657 2138 1830 2207 Appo~

265 2235 370 2290 site
407 2234 531 2289 item
556 2232 847 2302 Gregorius
876 2231 1099 2301 Magnus
1122 2231 1339 2292 Moral.,
1363 2246 1482 2299 cap.
1503 2230 1536 2283 5
1567 2248 1578 2284 :
1617 2248 1635 2281 ι
1666 2228 1826 2283 Com-

264 2327 543 2395 paratione
580 2325 797 2394 quidem
822 2333 1124 2377 nostrorum
1150 2338 1433 2392 corporum
1464 2321 1682 2391 angelos
1727 2320 1831 2389 spi-

267 2418 405 2471 ritus
436 2432 554 2470 esse
584 2417 745 2481 dicit;
783 2416 874 2469 sed
913 2413 1312 2482 comparatione
1344 2412 1536 2467 summi
1578 2421 1632 2466 et
1661 2412 1828 2465 incir-

264 2506 577 2576 cumscripti
609 2506 840 2574 Spiritus
860 2519 979 2561 esse
999 2519 1210 2572 corpus.
1247 2522 1266 2554 ι
1297 2502 1391 2558 Cui
1418 2503 1565 2572 paria
1602 2503 1830 2557 succinit

267 2599 634 2653 Damascenus
662 2599 752 2653 lib.
787 2613 824 2652 ll
861 2597 934 2651 De
964 2597 1147 2651 orthod
1176 2595 1292 2664 ﬁd.,
1323 2610 1441 2664 cap.
1477 2594 1529 2650 5.
1559 2592 1690 2647 llinc
1720 2595 1829 2647 Au-

266 2690 513 2761 gustinus
550 2690 822 2745 sexcentis
857 2688 980 2743 licet
1009 2688 1142 2741 locis
1180 2701 1494 2756 corpoream
1518 2685 1825 2756 angelorum

265 2797 390 2838 esse
424 2791 671 2835 naturam
708 2780 1148 2850 propugnaverit,
1195 2779 1482 2847 aliquando
1516 2789 1690 2831 tamen
1720 2780 1829 2843 spi-

271 2874 534 2937 ritualem,
562 2884 616 2927 et
652 2872 1049 2926 intellectualem
1074 2886 1190 2926 eam
1221 2870 1466 2939 appellat,
1484 2871 1827 2938 quemadmo-

270 2967 395 3019 dum
446 2967 734 3019 Cassianus
760 2976 813 3019 et
840 2963 1166 3028 Bernardus,
1207 2964 1297 3033 qui
1331 2978 1433 3016 non
1465 2962 1623 3016 aliam
1651 2970 1826 3015 tamen

271 3073 433 3127 qttam
484 3058 812 3125 Augustinus
864 3056 1166 3123 opinionem
1201 3054 1466 3123 persecuti
1520 3062 1662 3107 sunt.
1714 3052 1829 3121 Ipse

1931 593 2244 662 corporibus
2278 589 2520 644 dellnivit
2568 585 2849 654 Origenes,
2899 581 2950 635 in
2981 595 3046 634 eo
3092 572 3487 631 consentientes

1932 685 2095 740 habet
2144 682 2425 736 Minntium
2458 677 2713 737 Felicem,
2749 674 2837 743 qui
2875 692 2893 723 ι
2931 672 3063 724 istos
3093 668 3312 736 spiritus
3352 664 3484 721 sim-

1931 776 2222 847 plicitatem
2265 771 2578 827 substantiae
2617 784 2726 822 sua:
2764 763 3059 835 perdidisse
3091 780 3108 811 ι
3144 758 3409 820 decernit,
3434 766 3486 810 et

1930 868 2281 938 Augustinum
2304 865 2392 934 qui
2422 862 2503 917 sic
2529 860 2744 915 disserit
2774 858 2869 912 lib.
2899 871 2958 910 ιιι
2986 854 3056 907 De
3086 850 3266 905 Cenes.
3291 850 3355 902 ad
3378 849 3483 913 lit.,

1931 978 2049 1031 cap.
2084 961 2191 1015 ll):
2223 976 2242 1009 ι
2276 955 2332 1010 Si
2375 964 2552 1009 autent
2612 961 3032 1021 transgressores
3067 945 3166 1006 illi,
3201 953 3485 1010 antequam

1933 1053 2449 1122 transgrederentur,
2468 1044 2704 1101 ccelestia
2738 1054 2960 1109 corpora
2992 1037 3285 1108 gerebant,
3318 1049 3488 1102 neque

1933 1148 2031 1201 hoc
2056 1144 2249 1198 mirum
2281 1151 2383 1206 est,
2404 1138 2448 1195 si
2477 1150 2734 1192 conversa
2768 1142 2978 1188 suntex
3006 1144 3160 1199 poena
3188 1127 3241 1180 in
3276 1138 3486 1179 aeream

1929 1237 2263 1309 qualitatem.
2303 1252 2322 1285 ι
2794 1268 2799 1270 -

1997 1329 2149 1383 Nunc
2169 1341 2316 1391 vero,
2336 1324 2437 1380 etsi
2459 1334 2712 1391 expresse
2734 1318 2800 1372 ab
2825 1314 3063 1371 Ecclesia
3086 1311 3361 1367 definitum
3386 1324 3488 1363 non

1928 1434 2030 1488 est,
2064 1432 2243 1475 utrum
2291 1416 2469 1485 angeli
2517 1412 2834 1483 corporibus
2882 1405 3138 1477 implicati
3176 1403 3304 1464 siut,
3345 1416 3491 1455 com-

1930 1528 2090 1571 mune
2121 1524 2295 1567 tamen
2342 1512 2443 1565 hoc
2474 1516 2555 1563 est
2602 1521 2665 1559 ac
2706 1513 3000 1570 receptum,
3032 1509 3086 1553 et
3121 1496 3489 1565 theologorum

1926 1608 2164 1665 omnium
2215 1619 2478 1661 consensu
2522 1598 2873 1669 approbatum
2922 1594 3141 1663 dogma,
3174 1590 3312 1659 quod
3338 1588 3482 1641 omni

1927 1704 2045 1760 illos
2064 1715 2285 1770 corpore
2300 1697 2514 1767 spoliat,
2532 1704 2589 1747 ut
2612 1690 2940 1745 contrarium
2964 1685 3209 1756 quisquis
3229 1684 3383 1737 hodie
3401 1681 3483 1733 af-

1856 1832 1896 1887 B
1930 1794 2255 1856 firmaverit,
2284 1806 2381 1860 pro
2436 1789 2723 1842 temerario
2772 1792 2824 1836 et
2868 1778 3164 1850 prtefidenti
3213 1774 3488 1830 habendus

1927 1890 1997 1945 sit
2021 1896 2334 1957 :postquam
2357 1884 2407 1936 in
2438 1881 2488 1935 id
2511 1880 2786 1933 decretum
2816 1872 3089 1931 consensit
3125 1869 3491 1923 Lateraneuse

1928 1979 2211 2038 concilium
2243 1991 2361 2044 cap.
2395 1974 2419 2026 l
2459 1989 2472 2024 ε
2523 1989 2541 2023 ι
2585 1969 2812 2023 Creator
2852 1964 3089 2018 omnium
3146 1957 3488 2013 invisibilium

1928 2080 1984 2127 et
2016 2068 2327 2130 visibilium,
2353 2060 2713 2132 spiritualium
2743 2072 2799 2113 et
2854 2054 3236 2125 corporalium,
3264 2049 3354 2119 qui
3393 2063 3489 2102 sua

1928 2157 2276 2227 omnipotenti
2302 2155 2499 2209 virtute
2526 2151 2697 2207 simul-
2718 2150 2784 2204 ab
2818 2148 2969 2203 initio
3000 2143 3254 2213 temporis
3288 2149 3489 2192 utram-

1929 2263 2034 2318 que
2061 2247 2127 2301 de
2166 2244 2335 2300 nihilo
2383 2243 2626 2299 condidit
2676 2250 3024 2301 creaturam,
3053 2230 3379 2303 spiritualem
3436 2240 3492 2283 et

1928 2337 2283 2408 corporalem,
2326 2335 2627 2405 angelicam
2661 2328 2913 2385 videlicet
2949 2334 3004 2380 et
3042 2322 3391 2382 mundanam,
3426 2332 3489 2372 ac

1927 2430 2119 2485 deinde
2146 2428 2473 2491 bumanam,‘
2497 2424 2650 2494 quasi
2699 2432 3037 2477 communem
3072 2431 3139 2471 ex
3183 2425 3406 2481 corpore
3438 2418 3493 2463 et

1929 2522 2120 2589 spiritu
2154 2520 2516 2576 constitutam.
2553 2536 2571 2568 ι
2612 2515 2730 2581 Quo
2762 2515 2979 2567 decreto
3011 2505 3343 2576 Origenistas
3386 2500 3491 2572 peti
3529 2573 3531 2576 j

1934 2611 1989 2666 S.
2022 2611 2255 2665 Thomas
2283 2609 2653 2665 existimabat.

2003 2702 2092 2760 IX.
2120 2703 2289 2756 Porro
2332 2698 2587 2769 quidquid
2620 2697 2686 2750 de
2732 2691 2937 2762 angelis
2965 2686 3183 2743 tradidit
3210 2684 3490 2754 Origenes,

1930 2798 2014 2853 vel
2061 2794 2233 2850 sacris
2284 2792 2367 2846 vel
2419 2788 2663 2859 profanis
2707 2782 3023 2839 auctoribus
3087 2788 3357 2844 utcunque
3410 2773 3495 2827 de-

1930 2890 2152 2945 fendere
2175 2886 2366 2957 potuit.
2390 2882 2600 2950 Corpus
2623 2879 2827 2948 angelis
2848 2874 3044 2931 ascribi
3093 2872 3304 2926 videtur
3354 2865 3490 2936 psal.

1929 3000 2043 3046 cui,
2079 2982 2151 3035 ιε
2202 3000 2219 3031 ι
2253 2978 2352 3044 Qui
2390 2976 2523 3030 facis
2552 2972 2771 3043 angelos
2806 2980 2927 3024 tuos
2955 2966 3197 3038 spiritus,
3232 2970 3289 3017 et
3332 2958 3493 3014 mini-

1931 3090 2073 3131 stros
2117 3084 2236 3127 tuos
2278 3069 2454 3138 ignem
2506 3073 2814 3120 urentem.)
2872 3059 3001 3127 Quae
3043 3054 3288 3127 quamvis
3338 3050 3495 3105 aliter

266 3166 485 3221 q'mque
515 3149 878 3203 Τθη¹¹¹¹ί³¹¹¹¹³
918 3148 1006 3200 m"
1043 3146 1114 3200 De
1156 3163 1312 3239 cum?
1346 3143 1560 3239 ανίδίίν
1610 3159 1727 3239 αἶρ’
1761 3144 1825 3209 δ’
1855 3174 1896 3230 C
1929 3166 2120 3239 exponi
2164 3162 2389 3235 possint,
2438 3160 2606 3214 Deum
2663 3170 2853 3225 nempe
2897 3163 3058 3207 vento
3108 3160 3159 3203 et
3202 3149 3345 3218 igne,
3377 3155 3493 3198 tau-

268 3243 491 3312 angelos
534 3260 552 3293 ι
600 3250 805 3294 naturae
838 3240 1151 3294 substantia:
1180 3237 1508 3305 spiritualis;
1542 3248 1596 3292 et
1630 3237 1673 3291 si
1705 3251 1827 3290 cor-

269 3335 421 3405 poris
451 3334 699 3402 alicujus,
727 3333 806 3388 sui
840 3342 1015 3386 tamen
1047 3332 1258 3401 generis
1298 3350 1316 3384 ι
1360 3346 1479 3386 esse
1504 3331 1757 3385 declarat.

345 3428 621 3484 l‘laesitatio
668 3442 883 3497 quoque
919 3426 1003 3481 illa
1064 3425 1327 3495 Origenis,
1372 3439 1474 3493 qua
1524 3424 1735 3477 dubitat
1762 3440 1827 3476 an

269 3532 471 3592 praeter
497 3536 691 3589 corpus
720 3520 955 3573 animam
981 3532 1192 3586 quoque
1217 3497 1417 3586 angelis
1446 3515 1708 3584 assignet,
1740 3514 1831 3566 de-

268 3614 511 3669 fenditur
545 3613 866 3665 auctoritate
895 3607 1168 3663 Claudiani
1210 3606 1451 3660 Mamerti
1490 3604 1828 3670 Viennensis,

266 3719 323 3763 et
346 3706 637 3778 Fulgentii,
674 3719 899 3772 quorum
932 3701 1018 3755 ille
1047 3699 1360 3769 pronuntiat
1401 3717 1420 3749 ι
1457 3708 1706 3753 constare
1732 3712 1830 3749 an-

266 3798 448 3867 gehnn
472 3813 536 3851 ex
566 3810 793 3865 corpore
816 3804 869 3848 et
895 3794 1082 3863 spiritu
1115 3792 1378 3861 pra'cipua
1400 3790 1537 3843 inter
1557 3796 1832 3843 creaturas

269 3891 533 3960 dignitate
567 3889 832 3952 formato;
881 3907 899 3940 ›
939 3886 1097 3955 hujus
1126 3898 1252 3938 vero
1288 3883 1450 3937 verba
1483 3882 1594 3935 haec
1632 3889 1755 3935 sunt
1780 3880 1830 3932 in

270 3981 407 4034 libro
448 3981 521 4033 De
571 3981 827 4034 Trinitate
856 3996 874 4032 .'
906 3998 924 4030 ι
960 3978 1126 4032 Plane
1167 3992 1231 4030 ex
1275 3974 1467 4045 duplici
1502 3988 1594 4027 eos
1636 3971 1833 4044 (ange-

272 4072 375 4144 lo-)
408 4090 526 4129 esse
562 4073 859 4129 substantia
890 4079 1137 4126 asserunt
1168 4070 1342 4138 magni
1378 4076 1431 4121 et
1457 4067 1597 4121 docti
1627 4067 1748 4121 viri.
1780 4065 1832 4119 id

269 4175 355 4220 est
380 4181 445 4221 ex
472 4168 663 4235 spiritu
702 4167 1035 4234 incorporeo,
1061 4179 1168 4233 quo
1202 4178 1230 4215 a
1254 4162 1347 4215 Dei
1380 4162 1835 4231 contemplatione

270 4272 545 4327 nunquam
579 4259 941 4313 recedunt:et
971 4270 1036 4312 ex
1059 4271 1307 4326 corpore,
1326 4271 1422 4325 per
1445 4257 1587 4324 quod
1617 4269 1682 4309 ex
1707 4265 1836 4309 tem-

269 4364 401 4417 pore
437 4351 746 4406 hominibus
773 4357 1053 4420 apparent.
1083 4368 1102 4402 ι
1142 4350 1209 4404 At
1239 4351 1565 4418 Augustinus
1584 4351 1834 4418 praditos

269 4443 469 4498 animis
501 4444 720 4514 angelos
745 4458 866 4498 esse
890 4450 1065 4513 negat,
1088 4450 1142 4496 et
1172 4453 1290 4511 post
1312 4442 1665 4511 Augustinum
1694 4441 1834 4496 Fau-

1928 3277 2087 3329 quam
2138 3257 2399 3312 ministris
2428 3263 2482 3307 cl
2522 3251 2753 3321 angelis,
2795 3245 3084 3317 aliquando
3108 3242 3214 3306 uti;
3250 3251 3303 3293 ct
3336 3247 3493 3291 vento

1929 3349 2165 3417 quidem,
2203 3347 2348 3401 velut
2378 3358 2497 3397 cum
2527 3338 2800 3408 .Iosapbati
2826 3344 2881 3390 et
2901 3333 3147 3391 chosiae
3174 3343 3339 3383 naves
3362 3342 3493 3382 con-

1932 3416 2173 3505 trivit-’3;
2222 3438 2303 3492 vel
2340 3453 2460 3491 cum
2513 3434 2773 3487 adversus
2800 3427 2990 3481 lunam
3046 3426 3098 3477 in
3134 3420 3356 3476 Tharsis
3413 3416 3494 3471 fu-

1930 3533 2162 3604 gientem
2204 3550 2221 3581 ι
2251 3528 2392 3583 misit
2417 3535 2636 3581 ventum
2673 3536 2921 3590 magnum
2957 3519 3007 3572 in
3054 3531 3227 3578 mare,
3261 3523 3315 3567 et
3348 3512 3492 3565 facta

1930 3601 2012 3681 est
2037 3631 2329 3690 tempestas
2355 3633 2542 3687 magna
2571 3619 2621 3670 in
2652 3615 2785 3669 mari
2818 3613 2896 3676 ¹⁶;
2931 3630 2949 3661 ι
2983 3613 3101 3678 igne
3124 3616 3323 3670 autem,
3350 3601 3495 3658 velut

1931 3733 2054 3773 cum
2077 3733 2096 3766 ι
2119 3714 2383 3768 Dominus
2415 3711 2546 3780 pluit
2572 3722 2734 3776 super
2754 3704 3041 3760 Sodomam
3063 3710 3112 3754 et
3136 3696 3491 3754 Gomorrbam

1932 3808 2151 3877 sulphur
2197 3816 2252 3859 et
2292 3802 2559 3873 ignem”;
2594 3818 2611 3850 ι
2648 3797 2728 3851 vel
2764 3812 2884 3849 cum
2937 3813 2955 3844 ι
2988 3793 3125 3863 ignis
3181 3801 3430 3859 egressus
3463 3802 3491 3838 a

1934 3899 2160 3954 Domino
2186 3895 2465 3952 interfecit
2496 3896 2754 3948 ducentos
2779 3887 3165 3959 quinquaginta
3201 3884 3366 3945 viros,
3403 3879 3491 3949 qui

1931 3991 2228 4047 offerebant
2257 3991 2535 4044 incensum
2565 3985 2607 4016 η
2659 4006 2669 4038 ;
2721 4002 2739 4034 ι
2795 3981 3144 4036 nihilominus
3192 3988 3366 4030 tamen
3421 3974 3493 4025 ita

1932 4084 2219 4153 exponitur
2262 4097 2292 4134 a
2356 4080 2536 4133 multis
2575 4076 2887 4130 Davidicum
2943 4073 3113 4127 illud:
3149 4069 3247 4137 Qui
3290 4067 3496 4136 angelis

1935 4176 2039 4230 tuis
2070 4172 2367 4242 spiritalem
2417 4179 2665 4225 naturam
2691 4179 2744 4225 et
2768 4168 2974 4239 igneam
3009 4161 3261 4218 tribuisti.
3294 4161 3383 4214 Sic
3415 4159 3497 4212 in-

1936 4266 2136 4322 tellexit
2167 4264 2533 4320 Tertullianus
2562 4261 2655 4314 lib.
2688 4276 2724 4313 ιι
2756 4269 2939 4313 contra
2965 4254 3249 4318 Marciam,
3284 4266 3401 4318 cap.
3427 4251 3495 4316 8;

1933 4360 2013 4415 sic
2064 4358 2417 4428 Hieronymus
2486 4355 2538 4408 in
2594 4368 2663 4407 vn
2728 4350 2973 4411 Daniel.;
3018 4347 3093 4401 sic
3168 4342 3498 4400 Severianus

1933 4450 2284 4506 Gabalitanus
2337 4447 2520 4502 homil.
2579 4444 2654 4509 4;
2706 4444 2785 4496 sic
2839 4443 2949 4509 ipse
3004 4438 3264 4507 Origenes
3319 4435 3414 4488 lib.
3461 4448 3495 4485 ιι

269 4543 385 4590 stus
412 4535 680 4599 Reiensis,
706 4536 798 4605 qui
831 4537 931 4591 hac
968 4537 1177 4590 ratione
1210 4535 1617 4603 reprehenditur
1649 4549 1678 4588 a
1717 4534 1829 4588 Ma-

1935 4544 2075 4613 Περὶ
2106 4541 2325 4613 ἀρχῶν,
2356 4556 2473 4609 cap.
2499 4540 2552 4598 8,
2589 4553 2737 4590 ιιιιιιι.
2774 4537 2827 4589 5.
2860 4532 3157 4588 Confirmat
3187 4531 3500 4597 interpreta-

269 4638 443 4683 Inerto
476 4627 783 4691 Viennensi,
801 4628 941 4698 quod
967 4643 1163 4699 corpus
1184 4638 1377 4697 sponte
1406 4642 1499 4682 sua
1523 4629 1700 4683 vivere
1724 4646 1827 4682 non

267 4720 459 4791 possit,
496 4721 600 4776 nisi
657 4721 805 4775 vitali
856 4722 1046 4791 spiritu
1077 4722 1142 4775 ad
1190 4721 1354 4774 vitam
1402 4723 1686 4775 excitetur.
1724 4723 1829 4774 Sed

269 4813 586 4868 Mannertum
619 4829 715 4869 sua
753 4814 963 4869 videtur
992 4813 1243 4868 fefellisse
1268 4814 1429 4875 ratio,
1459 4828 1578 4865 nam
1616 4813 1828 4868 vitalem

270 4906 446 4974 ipsum
476 4906 721 4974 spiritum
750 4905 831 4961 vel
866 4906 1236 4975 incorporequ
1269 4920 1386 4958 esse
1408 4905 1569 4968 dicet,
1600 4904 1680 4958 vel
1712 4920 1831 4957 cor-

270 5010 498 5065 poreum
520 4996 596 5061 ;si
622 4996 997 5064 incorporeum
1022 5010 1141 5050 esse
1170 4995 1505 5062 velit,quare
1527 5010 1631 5048 non
1667 5004 1829 5047 totam

270 5086 457 5142 itidem
503 5088 679 5158 angeli
740 5097 986 5142 naturam
1037 5104 1134 5158 pro
1190 5088 1501 5156 incorporea
1559 5088 1828 5151 admittat,

268 5194 433 5232 causa
471 5194 575 5233 non
609 5190 726 5244 est;
757 5180 800 5233 si
846 5194 1185 5248 corporeum,
1213 5188 1269 5234 at
1301 5179 1499 5234 nullum
1539 5195 1731 5247 corpus
1764 5194 1829 5233 ex

268 5270 389 5339 ejus
443 5274 705 5326 sententia
758 5282 946 5340 sponte
995 5287 1089 5327 sua
1129 5274 1309 5328 vivere
1346 5282 1538 5341 potest,
1562 5287 1690 5342 ergo
1728 5273 1832 5325 alio

272 5361 463 5430 spiritu
500 5363 771 5417 excitante
797 5364 1035 5416 vivescat
1062 5378 1284 5417 necesse
1314 5372 1414 5418 est.
1450 5362 1646 5417 Eadem
1676 5378 1834 5431 μοιτο

270 5452 337 5508 de
366 5454 530 5508 tertio
561 5454 651 5509 illo
688 5456 916 5524 spiritu,
954 5463 1113 5523 atque
1146 5455 1282 5509 idem
1314 5455 1380 5509 de
1421 5464 1646 5524 quarto,
1678 5466 1731 5509 et
1755 5454 1833 5510 sic

271 5543 323 5597 in
352 5544 617 5599 infinitum
645 5557 948 5601 recurreret
975 5547 1220 5615 quaestio.

339 5636 494 5703 Quod
519 5640 740 5707 angelos
763 5649 939 5691 autem
971 5638 1301 5692 tenuioribus
1333 5640 1561 5706 primum
1596 5648 1648 5693 et
1670 5638 1832 5693 atthe-

1940 4639 2134 4691 tiouem
2168 4637 2307 4690 hanc
2339 4649 2529 4687 nomen
2559 4638 2777 4692 Dtmw,
2811 4626 2951 4695 quod
2983 4625 3157 4694 primo
3181 4624 3494 4689 angelorum

1935 4728 2108 4782 ordini
2135 4725 2405 4779 tribuitur.
2433 4722 2606 4777 Vertit
2628 4735 2811 4773 vocem
2838 4717 2981 4770 illam
3008 4715 3292 4786 Dionysius
3319 4728 3437 4781 cap,
3464 4712 3500 4766 5

1934 4828 1990 4873 et
2019 4819 2050 4871 7
2081 4818 2153 4870 De
2181 4816 2369 4871 caelesti
2394 4814 2681 4874 hierarclt.,
2717 4807 3061 4881 ὲμπρηστάς,
3096 4819 3148 4861 et
3178 4805 3496 4877 θερμαίνον-

1937 4928 2053 4973 τας.
2084 4909 2374 4976 Gregorius
2406 4922 2532 4960 vero
2577 4904 2762 4958 homil.
2787 4903 2876 4965 54,
2924 4902 3283 4959 incendentes,
3321 4908 3374 4950 et
3421 4913 3501 4947 nr-

1937 5004 2145 5066 dentes,
2176 5010 2235 5055 ut
2258 5009 2312 5054 et
2341 4998 2584 5067 Isidorus
2624 4996 2716 5049 lib.
2749 5011 2821 5048 vn
2857 4993 3095 5064 0rigin.,
3128 5007 3245 5057 cap.
3269 4988 3319 5041 5.
3365 4987 3501 5040 llinc

1940 5093 2260 5148 Severianus
2316 5089 2501 5144 homil.
2532 5089 2557 5141 1
2625 5088 2696 5140 De
2745 5086 2952 5154 api/icio
3012 5082 3229 5144 mundi,
3282 5078 3500 5149 angelos

1939 5188 2114 5256 ignem
2154 5198 2274 5238 esse
2304 5183 2467 5237 dicit:
2506 5182 2581 5234 Οὐ
2623 5180 2731 5249 γὰρ
2768 5178 2950 5249 μόνον,
2992 5175 3183 5242 inquit,
3233 5170 3390 5223 τοῦτο
3439 5171 3500 5223 τὸ

1938 5276 2049 5348 πῦρ
2078 5278 2244 5338 ἐστιν,
2272 5271 2405 5326 ἀλλὰ
2440 5271 2531 5324 καὶ
2559 5271 2616 5322 αἱ
2648 5269 2758 5322 ἄνω
2802 5266 3057 5336 δυνάμεις
3105 5261 3367 5335 stipem,
3410 5259 3502 5316 καὶ

1939 5364 2197 5435 συγγενές
2244 5367 2359 5418 ἐστι
2394 5364 2455 5415 τὸ
2504 5361 2612 5415 ἄνω
2648 5358 2758 5429 πῦρ
2802 5356 2989 5409 τούτου
3034 5354 3127 5407 τοῦ
3173 5358 3304 5425 παρῗ
3348 5353 3497 5423 ἡμῖν.

1947 5475 1963 5507 ι
1994 5456 2108 5509 Non
2139 5446 2282 5507 enim
2325 5456 2470 5506 solus
2515 5460 2592 5503 est
2638 5450 2724 5502 hic
2774 5446 2945 5514 ignis,
2987 5444 3077 5496 sed
3114 5454 3166 5496 et
3195 5442 3501 5510 superiores

1940 5548 2170 5601 virtutes
2206 5547 2342 5616 ignis
2381 5553 2542 5606 sunt,
2591 5550 2645 5594 et
2689 5548 2947 5609 cognatus
2993 5548 3076 5589 est
3122 5535 3368 5603 superior
3414 5533 3501 5586 ille

1940 5639 2079 5710 ignis
2115 5637 2300 5707 'bujus
2353 5636 2540 5690 nostri.
2571 5653 2595 5685 ιν
2647 5634 2838 5686 Eodem
2884 5632 3098 5703 quidem
3159 5628 3321 5682 rcfcrt
3370 5625 3499 5681 illud

348 5829 390 5860 “
418 5829 435 5883 Ι
460 5829 583 5885 Cor.
611 5845 697 5896 xv,
736 5829 821 5882 40.
902 5829 941 5861 ¹²
980 5827 1103 5882 ibitl.
1185 5828 1224 5859 ⁵³
1256 5827 1293 5879 ll
1354 5827 1470 5881 Par.
1512 5842 1597 5889 sx,
1634 5826 1721 5880 57.
1796 5824 1829 5854 "'

1930 5840 1977 5878 ιι.
2009 5839 2047 5887 ι,
2089 5820 2131 5875 l.
2206 5820 2246 5850 ¹³
2270 5817 2400 5872 Gen.
2438 5832 2548 5882 xu,
2580 5816 2666 5870 Ἡ.
2750 5816 2790 5846 ¹⁶
2821 5812 2975 5868 Num.
3013 5827 3122 5874 xu,
3157 5807 3249 5866 55.
