4054 6310
646 305 753 366 855

1918 307 1979 364 P.
2023 292 2339 364 DANIELIS
2377 301 2610 360 HUE’I’II
2756 349 2761 355 .
3724 295 3809 348 836

647 426 920 498 propheta-
964 423 1196 479 .loannes
1244 422 1605 477 Damascenus
1655 422 1749 477 lib.
1794 423 1834 477 ιι
1884 423 1958 477 De
2003 433 2208 476 ortnoa.
2242 428 2282 481 Α
2311 424 2401 477 sed
2427 436 2545 476 cum
2570 414 2856 489 synagogis
2882 408 3159 482 gentium:
3200 406 3362 498 {Ne}?
3383 420 3508 460 vero
3528 406 3716 498 mirum,
3742 413 3813 467 in-

644 516 772 586 ﬁde,
808 532 923 588 cap.
944 512 1010 583 ὃς
1044 515 1137 569 sed
1165 514 1409 584 spiritum
1434 522 1487 567 et
1508 514 1686 584 ignem
1719 514 1957 569 materiae
1986 528 2048 567 ac
2081 529 2203 568 cor-

645 611 795 683 poris
842 619 1115 681 expertem
1165 606 1383 677 angelos
1430 620 1553 661 esse
1616 604 1905 674 pertendit.
1966 605 2042 658 Ex
2105 604 2205 659 ho‘c

644 703 854 773 psalmo
879 701 1131 756 inductus
1160 699 1371 754 videtur
1400 696 1659 769 Origenes
1688 705 1747 752 ut
1782 698 1936 766 ignea
1975 712 2203 767 corpora

646 791 854 862 angelis
880 788 1158 852 tribueret,
1194 803 1317 841 eum
1351 788 1647 856 prmsertim
1690 787 1816 842 deos
1846 786 1999 841 Plato
2027 790 2208 859 igneos

623 869 765 935 "esse
799 879 1146 944 decrevisset,
1183 888 1241 933 ut
1282 889 1366 934 est
1398 881 1539 949 apud
1582 878 1855 935 Laertium
1897 880 1949 934 in
1987 879 2208 937 Platone

645 980 700 1028 et
737 972 1041 1038 Aristotele,
1092 972 1182 1042 qui
1228 972 1409 1027 subdit
1457 982 1636 1027 tamen
1686 973 1843 1044 paulo
1888 982 2010 1044 post
2056 988 2208 1029 asse-

648 1079 861 1120 verasse
892 1064 1063 1132 ipsum
1090 1080 1316 1135 corpore
1342 1064 1506 1120 Deum
1539 1073 1595 1121 et
1625 1067 1804 1122 anima
1832 1080 2042 1130 carere,
2067 1068 2206 1136 quod

645 1165 701 1215 et
745 1156 871 1211 alibi
915 1157 1094 1213 iterat.
1142 1157 1322 1227 Atque
1366 1157 1479 1212 haec
1526 1156 1598 1212 ita
1645 1156 1921 1213 conciliari
1968 1168 2203 1228 possunt,

645 1265 915 1305 summum
985 1249 1225 1304 omnium
1287 1249 1617 1304 conditorem
1687 1263 1752 1304 ac
1813 1248 2206 1305 moderatorem

648 1341 813 1398 Deum
856 1357 1083 1410 corpore
1125 1342 1439 1397 destitutum
1475 1355 1619 1407 esse,
1667 1356 1824 1398 secus
1855 1351 2031 1397 autem
2069 1341 2207 1397 infe-

648 1435 819 1490 riores
875 1435 1004 1491 deos
1046 1436 1280 1504 supremi
1328 1434 1468 1488 illius
1515 1434 1810 1490 ministros.
1855 1434 2005 1502 Quod
2053 1434 2211 1505 plane

646 1528 715 1582 ab
748 1528 979 1599 Origene
1009 1542 1323 1598 expressum
1369 1536 1469 1591 est,
1507 1542 1626 1581 cum
1656 1527 1767 1582 Deo
1814 1527 2050 1582 detraxit
2087 1542 2209 1582 cor-

647 1636 784 1688 pus,
828 1619 1032 1690 angelis
1061 1619 1327 1689 adiunxit.
1367 1616 1573 1674 Cmtera
1615 1620 1730 1688 ejus
1770 1619 1837 1673 de
1877 1619 2083 1690 angelis
2117 1619 2209 1675 do-

647 1720 845 1778 gmata,
883 1726 914 1764 e
944 1706 1337 1765 Platooicorum
1367 1708 1479 1764 fere
1525 1710 1741 1765 exedris
1779 1711 2021 1766 derivata
2057 1718 2204 1767 Sunt.

2309 510 2447 581 quit,
2492 509 2632 578 quod
2658 505 2916 572 Origenes
2949 500 3204 570 pleraque
3235 496 3291 551 in
3325 495 3488 550 Deum
3531 497 3688 552 minus
3712 516 3814 555 ceu.

2311 599 2575 656 venientia
2600 582 2938 653 commentus
2960 601 3015 646 et
3044 587 3379 661 prolocutus,
3400 586 3688 656 paradisum
3712 605 3815 660 quo.

2310 708 2415 763 que
2443 701 2498 748 et
2522 706 2707 760 aquas,
2737 701 2856 757 quae
2889 694 2994 739 tam
3030 681 3167 736 infra
3198 687 3359 750 quam
3382 692 3541 747 supra
3559 677 3817 738 ﬁrmamen-

2313 795 2423 840 tum
2458 764 2579 838 esse
2612 781 2887 841 dicuntur,
2935 770 3268 844 allegorict‘its
3290 779 3526 839 exponat
3561 769 3674 841 (hoc
3702 773 3815 828 enim

2312 874 2378 929 de
2414 872 2531 943 ipso
2568 886 2671 926 non
2706 882 2904 939 parvus
2938 863 3304 936 professorum
3336 858 3577 915 veritatis
3607 876 3818 919 numerus

2312 962 2559 1036 asserit);
2603 976 2701 1017 nec
2739 973 2907 1030 aquas
2952 972 3071 1011 cum
3118 951 3393 1010 nonnullis
3422 952 3708 1009 doctoribus
3741 954 3820 1011 lie-

2313 1060 2495 1122 bmais,
2538 1065 2645 1110 tam
2682 1054 2878 1125 priscis
2903 1064 3063 1121 quam
3092 1045 3515 1112 recentioribus,
3562 1044 3624 1101 ad
3661 1048 3820 1118 angeli-

2314 1164 2406 1205 cos
2445 1148 2664 1202 ordines
2702 1144 2890 1211 refert,
2934 1141 3026 1197 sed
3070 1139 3307 1211 gentium
3340 1137 3617 1207 synagogis
3651 1153 3822 1193 accom-

2316 1241 2519 1303 modat,
2544 1252 2662 1306 qua:
2694 1234 2911 1305 quidem
2943 1228 3368 1286 scaturientibns
3397 1227 3549 1296 aquis
3579 1226 3754 1283 similes
3780 1231 3819 1285 in
3890 1261 3895 1264 ο

2315 1325 2622 1395 multiiugas
2669 1324 2825 1387 ﬁdes,
2872 1327 2927 1375 et
2964 1317 3254 1374 multiﬁdas
3302 1313 3556 1370 derivata:
3592 1321 3641 1369 et
3675 1313 3823 1370 eﬂuse

2317 1424 2460 1482 sunt,
2503 1415 2674 1471 donec
2729 1414 2783 1467 in
2834 1422 2992 1465 unam
3032 1408 3368 1478 Synagogam
3417 1403 3609 1459 Christi
3653 1406 3822 1474 appari-

2319 1508 2463 1562 tione
2496 1520 2591 1577 per
2628 1513 2854 1577 augusta
2896 1502 3322 1571 coulragosaque
3351 1498 3467 1552 ioca
3494 1496 3699 1550 ﬂuentes
3724 1510 3822 1550 eoa-

2321 1598 2554 1654 lueruut.
2587 1615 2606 1650 ι
2655 1597 2807 1664 Quod
2838 1593 3014 1665 palam
3041 1595 3107 1647 de
3133 1590 3369 1661 Origene
3394 1588 3726 1659 prauiicar'unt
3746 1588 3822 1643 viri

2321 1705 2534 1764 graves,
2573 1690 2624 1744 id
2669 1687 2940 1743 iniiciatur
2978 1683 3218 1748 Nicetas,
3252 1683 3298 1737 si
3337 1681 3499 1735 modo
3541 1678 3659 1733 ﬁdes
3690 1679 3822 1733 inter-

717 1794 785 1855 Χ,
833 1769 1206 1857 ὀη-θηείοηειη
1261 1808 1490 1870 quoque
1530 1798 1717 1855 habuh
1773 1801 1915 1871 quod
1960 1800 2210 1857 Genesi,“
2247 1788 2290 1843 Β
2318 1777 2843 1871 pretationiLatinae
2870 1775 3334 1871 adhibenda-est.
3386 1769 3607 1871 Notetur
3650 1770 3821 1871 interim

646 1891 940 1961 explanans
984 1891 1160 1951 dixit.
1212 1893 1368 1964 aquis
1419 1907 1538 1963 qnte
1586 1906 1751 1961 supra
1808 1894 2210 1947 ﬁrmamentum

647 1991 792 2052 sunt,
834 1991 890 2037 et
935 1998 1055 2053 quae
1086 1981 1222 2037 infra
1249 2023 1264 2046 ,
1303 1983 1554 2039 cmlestes
1596 1982 1946 2052 inl‘ernasque
1985 1984 2213 2041 virtutes
2254 2051 2261 2055 ,

650 2073 853 2143 tropice
890 2072 1214 2144 significari;
1257 2082 1423 2143 atque
1468 2075 1594 2128 hinc
1642 2087 1813 2144 aquas
1847 2073 1968 2128 illas
2002 2074 2068 2129 ad
2097 2075 2214 2129 lau-

647 2165 743 2219 des
815 2163 1023 2218 Domini
1097 2164 1352 2220 dicendas
1414 2165 1695 2234 provocari
1759 2164 1893 2234 psal.
1970 2180 2210 2234 chvm,

645 2253 702 2322 4,
754 2263 810 2310 et
860 2254 992 2310 Dan.
1032 2271 1114 2321 ιιι,
1153 2255 1241 2312 60.
1278 2254 1405 2311 Hzec
1445 2257 1690 2325 quamvis
1735 2254 2023 2328 allegorice
2070 2250 2211 2313 dicta

648 2356 907 2417 agnoscat
940 2346 1177 2403 Basilius
1224 2348 1386 2402 homil
1431 2348 1466 2403 5
1513 2349 1571 2402 in
1612 2346 1909 2413 Hexaem.,
1966 2349 2214 2418 repudiat

654 2439 1027 2508 nihilominus,
1064 2451 1117 2496 et
1154 2451 1412 2510 tanquam
1440 2441 1772 2495 somniorum
1805 2440 2133 2508 coniecturis
2159 2454 2213 2498 et

646 2532 879 2587 anilibus
910 2532 1100 2587 fabulis
1134 2532 1328 2588 similia
1360 2534 1651 2603 redarguit.
1691 2533 1984 2602 Redarguit
2010 2544 2063 2590 et
2089 2535 2213 2606 Epi-

646 2610 876 2694 phanius
906 2625 960 2679 in
996 2624 1222 2692 epistola
1254 2624 1320 2679 ad
1356 2622 1617 2679 Joannem
1651 2623 2016 2697 Jerosolymit.
2038 2668 2052 2689 ,
2089 2642 2208 2696 cap.

645 2713 680 2771 5
703 2756 718 2778 ,
749 2724 804 2770 et
829 2717 959 2770 inter.
985 2731 1138 2784 thv,
1165 2731 1286 2785 cap.
1323 2715 1377 2770 4.
1426 2716 1722 2785 Redarguit
1756 2728 1811 2772 et
1849 2717 2210 2791 Hieronymus

645 2806 808 2872 epist.
842 2806 900 2859 6|
953 2806 1019 2860 ad
1067 2804 1419 2870 Pammacln,
1463 2820 1586 2876 cap.
1616 2806 1668 2863 '5.
1708 2804 2004 2878 Redarguit
2047 2820 2102 2863 et
2145 2822 2208 2864 ex

648 2893 830 2950 Basilii
868 2897 1047 2952 verbis
1062 2892 1408 2951 'Justinianus
1437 2896 1488 2951 in
1519 2897 1745 2967 epistola
1785 2899 1851 2953 ad
1886 2898 2118 2966 Menam,
2156 2911 2214 2955 et

649 2989 702 3041 in
753 3003 816 3044 ea
872 2989 1015 3044 hunc
1053 2997 1370 3059 contorquet
1410 2989 1968 3045 anathematismum:
2016 2988 2085 3043 El'
2128 3008 2210 3057 τις

646 3076 794 3149 λέγει
824 3079 1068 3151 οὐρανὸν,
1100 3080 1192 3133 καὶ
1223 3080 1393 3151 ἣλιον,
1432 3081 1526 3135 καὶ
1556 3080 1802 3154 σελήνην,
1833 3082 1926 3136 καὶ
1957 3082 2206 3152 ἀστέρας,

584 3212 585 3217 η
648 3172 744 3227 καὶ
789 3171 956 3226 ὕδατα
998 3173 1067 3226 τὰ
1108 3172 1361 3244 ὑπεράνω
1398 3172 1506 3227 τῶν
1547 3172 1790 3244 οὐρανῶν
1817 3173 2090 3246 ἐμψύχους
2117 3176 2211 3229 καὶ

653 3264 842 3327 ὑλικὰς
871 3264 1031 3336 (lege.
1067 3264 1312 3334 λογικάς,
1348 3264 1489 3334 quod
1520 3266 1652 3320 vidit
1679 3264 2036 3337 Gaudentius)
2070 3263 2209 3322 εἶναι

647 3373 798 3420 τινας
830 3355 1112 3427 δυνάμεις,
1157 3357 1402 3428 ἀνάθεμα
1430 3356 1586 3411 ἔστω.
1627 3377 1645 3409 ι
1672 3356 1726 3411 Si
1774 3358 1895 3429 quis
1928 3359 2058 3413 dicit
2101 3373 2214 3414 cm-

650 3449 780 3513 lum,
828 3459 884 3503 et
918 3452 1082 3514 soiem
1131 3457 1186 3502 et
1228 3449 1408 3504 lunam
1456 3458 1512 3505 et
1556 3449 1760 3516 stellas,
1807 3460 1864 3506 et
1899 3465 2064 3520 aquas
2100 3465 2214 3522 qua:

649 3554 812 3608 super
838 3539 1004 3594 caelos
1037 3550 1183 3605 sunt,
1217 3540 1481 3595 animatas
1507 3552 1563 3596 et
1595 3540 1888 3597 rationales
1909 3557 2029 3597 esse
2052 3522 2213 3613 quas-

649 3632 772 3684 dam
806 3632 1055 3697 virtutes,
1092 3633 1377 3687 anathema
1412 3632 1505 3688 sit.
1543 3652 1562 3684 ι
1591 3634 1740 3700 Quod
1767 3643 1820 3689 et
1843 3650 1873 3688 a
1904 3633 2213 3706 Sophrouio

652 3724 704 3778 in
743 3724 965 3792 epistola
1013 3725 1081 3778 ad
1114 3724 1364 3796 Sergium
1400 3727 1709 3780 damnatur.

722 3814 836 3887 (30)
896 3815 1064 3886 iiujus
1115 3817 1332 3885 quidem
1381 3818 1641 3873 doctrinae
1695 3818 1918 3890 vestigia
1971 3822 2212 3890 quaedam

653 3906 917 3972 reperisse
959 3905 1085 3958 mihi
1132 3907 1312 3960 videor
1362 3906 1544 3961 homil.
1588 3906 1659 3962 25
1705 3909 1762 3962 in
1806 3908 1933 3971 Lttc.
1977 3924 1995 3961 :
2038 3908 2214 3965 (Pro-

652 3984 827 4062 pheta:
852 4010 1063 4061 quoque
1091 3994 1213 4063 ipsi,
1244 3996 1419 4064 inquit
1436 3995 1715 4066 Origenes.
1734 4007 1789 4052 et
1811 4000 2034 4068 apostoli
2059 4015 2217 4056 omne

653 4086 797 4157 quod
828 4094 1099 4151 resonant,
1129 4102 1234 4140 non
1269 4087 1437 4142 solum
1480 4088 1812 4154 hominibus,
1843 4091 1936 4144 sed
1966 4100 2020 4145 et
2050 4107 2215 4162 ange-

655 4176 719 4231 lis
744 4176 1056 4246 prtedicant.
1083 4175 1233 4244 Quod
1264 4187 1323 4233 ut
1359 4180 1499 4234 scias
1533 4193 1718 4233 verum
1746 4199 1760 4235 :
1798 4201 1817 4232 ι
1848 4184 2097 4251 Attende,
2134 4185 2215 4238 iu-

651 4272 788 4340 quit,
818 4269 1039 4332 etelnm,
1067 4279 1123 4325 et
1152 4269 1342 4339 loquar
1366 4270 1408 4301 "
1433 4288 1449 4338 ;
1494 4271 1547 4325 in
1578 4280 1867 4340 conspectu
1906 4274 2214 4344 angelorum

651 4362 872 4433 psallam
900 4362 995 4418 tibi
1021 4361 1063 4394 ³⁸
1078 4380 1092 4430 ;
1107 4382 1126 4414 ι
1149 4371 1234 4419 et:
1259 4364 1679 4432 «Laudate,coeli
1700 4365 1978 4432 cmlorum,
1997 4377 2049 4422 et
2067 4383 2220 4439 aqua:

2314 1882 2575 1938 aquarum
2619 1864 2958 1938 ἐπουρανίων
2988 1863 3380 1934 expositionem
3410 1865 3478 1916 ab
3506 1859 3719 1916 Hebraeis
3738 1875 3826 1915 ma-

2312 1962 2494 2033 gistris
2526 1959 2862 2030 proﬂuxisse.

2388 2052 2464 2109 Ex
2498 2051 2867 2123 superioribus
2888 2049 3069 2119 colligi
3093 2057 3287 2119 potest,
3319 2048 3435 2102 haec
3459 2043 3670 2101 diversis
3689 2044 3824 2100 modis

2319 2147 2387 2202 ab
2418 2145 2652 2216 Origene
2681 2143 2847 2199 fuisse
2881 2142 3156 2212 exposita;
3203 2138 3582 2210 multiplicibus
3612 2149 3661 2192 et
3694 2137 3821 2191 variis

2313 2238 2561 2297 sensibus
2607 2252 2672 2293 ex
2710 2235 2941 2308 simplici
2989 2235 3186 2290 litterae
3223 2239 3480 2288 contextu
3515 2246 3607 2302 pro
3633 2240 3822 2299 tempore

2312 2330 2482 2388 erutis
2514 2340 2570 2385 et
2594 2329 2822 2386 evolutis
2844 2368 2861 2394 ,
2903 2341 3009 2382 non
3052 2326 3333 2381 destructo
3374 2334 3546 2378 tamen
3577 2332 3627 2378 et
3665 2321 3821 2376 abolito

2313 2426 2506 2482 littera:
2531 2438 2714 2480 sensu.
2742 2422 2800 2479 Si
2830 2423 3006 2477 minus
3034 2437 3097 2477 ea
3119 2422 3299 2490 placet
3316 2418 3605 2482 excusatio,
3628 2417 3821 2471 admitte

2312 2525 2402 2573 tur
2435 2515 2656 2572 forsitan
2684 2515 2802 2569 hmc
2827 2514 3018 2578 altera,
3052 2513 3271 2584 angelos
3307 2511 3524 2582 intelligi
3557 2511 3618 2564 ab
3639 2508 3819 2579 Origene

2315 2610 2405 2681 qui
2447 2609 2599 2680 aquis
2636 2614 2899 2678 praesunt,
2939 2606 3077 2661 sicut
3116 2605 3493 2660 universarum
3524 2616 3685 2657 rerum
3717 2614 3820 2671 prie.

2313 2701 2456 2757 sides
2489 2699 2709 2770 angelos
2748 2698 2925 2755 ﬁtixit.
2975 2697 3211 2768 Legatur
3248 2697 3459 2751 decima
3497 2694 3604 2763 ejus
3632 2694 3679 2747 in
3707 2691 3818 2747 lere-

2313 2795 2474 2848 miam
2532 2793 2788 2856 homilia,
2848 2808 2994 2845 num.
3033 2792 3096 2857 6,
3150 2791 3203 2845 in
3254 2806 3361 2861 qua
3402 2790 3680 2845 doctrinam
3714 2785 3819 2839 hanc

2315 2887 2570 2956 eXplicat,
2617 2896 2776 2954 atque
2823 2884 2895 2937 ita
2937 2882 3245 2939 concludit:
3286 2880 3473 2945 Οὕτως
3508 2877 3567 2951 δὴ
3604 2873 3715 2950 ἐρῶ,
3747 2876 3817 2930 καὶ

2315 2978 2418 3050 γῆν
2466 2977 2716 3046 λέγεσθαι
2764 2975 2854 3028 τὸν
2876 2975 2967 3028 ἐπὶ
3013 2975 3114 3044 γῆς
3132 2974 3462 3044 τεταγμένον
3490 2970 3711 3040 ἄγγελον,
3749 2966 3818 3020 καὶ

2314 3070 2456 3141 ὕδωρ
2484 3067 2731 3138 λέγεσθαι
2758 3062 2849 3121 τὸν
2888 3066 2980 3120 ἐπὶ
3013 3064 3203 3129 ὕδατος
3261 3063 3583 3135 τεταγμένον
3620 3059 3815 3131 ἄγγελον,

2313 3162 2433 3216 καθ’
2480 3162 2505 3215 ὃ
2552 3161 2794 3214 λέλεκται
2816 3179 2829 3192 ·
2878 3158 3143 3214 Ετδοσάν
3167 3175 3240 3214 σε
3279 3158 3485 3222 ὕδατα,
3528 3159 3559 3210 ό
3592 3155 3730 3221 Θεὸς,
3754 3151 3817 3206 sl-

2312 3251 2505 3306 δρσάν
2541 3267 2615 3306 σε
2651 3250 2860 3307 ὕδατα.

2385 3343 2440 3399 In
2478 3343 2729 3414 Origenis
2773 3342 3094 3398 sententiam
3143 3339 3256 3396 fere
3311 3339 3555 3396 concedit
3587 3337 3817 3405 Gregorius

2315 3434 2588 3507 Nyssenus
2617 3435 2711 3489 lib.
2737 3435 2790 3488 in
2814 3431 3206 3498 Hexaemeron;
3236 3448 3364 3487 nam
3394 3447 3555 3503 aquas
3590 3430 3692 3484 illas
3715 3439 3816 3495 quas

2317 3531 2384 3581 ab
2425 3527 2579 3597 aquis
2609 3525 2952 3581 inferioribus
2979 3525 3142 3579 Deum
3170 3524 3426 3581 divisisse
3460 3532 3631 3578 narrat
3657 3520 3816 3589 Moyses

2317 3620 2553 3674 secundo
2578 3617 2871 3671 creationis
2895 3617 3002 3680 die,
3027 3616 3277 3672 caelestes
3302 3614 3527 3671 virtutes
3554 3615 3814 3681 interpreta-

2318 3720 2438 3775 tur;
2481 3717 2539 3762 at
2576 3707 2860 3763 inferiores
2906 3724 3074 3778 aquas
3118 3724 3215 3779 pro
3262 3709 3420 3765 malis
3464 3707 3651 3778 angelis
3680 3700 3815 3757 neuti-

2321 3816 2481 3872 quam
2515 3800 2762 3870 accipere
2809 3815 2868 3855 se
2910 3801 3167 3854 declarat.
3214 3801 3429 3856 Placuit
3457 3812 3651 3869 quoque
3677 3792 3817 3862 opinio

2318 3897 2509 3950 istlttnc
2542 3893 2845 3962 Augustino
2894 3892 2988 3947 lib.
3018 3908 3116 3947 xm
3153 3891 3427 3963 Confeu.,
3471 3907 3583 3961 cap.
3615 3888 3687 3943 15.
3720 3883 3818 3939 Tale

2319 3990 2481 4043 etiam
2506 3988 2708 4057 aliquid
2734 3989 2795 4041 ad
2819 3984 3074 4056 Origenis
3105 3986 3410 4056 exemplum
3438 3988 3735 4040 commentus
3755 3982 3818 4029 est

2321 4080 2557 4137 lsidorus
2585 4081 2791 4151 Origin.
2824 4079 2916 4134 lib.
2948 4095 3057 4147 vn,
3089 4094 3207 4150 cap.
3233 4079 3286 4135 5.
3327 4099 3347 4131 ι
3381 4079 3558 4143 Unde,
3587 4071 3755 4143 inquit.
3778 4073 3819 4120 θι

2321 4184 2440 4243 post
2469 4173 2589 4227 cteli
2636 4173 2963 4227 creationem
3007 4173 3059 4225 in
3107 4172 3375 4242 principio
3407 4168 3652 4240 reperitur
3681 4181 3692 4216 :
3721 4157 3816 4212 Fiat

2324 4266 2728 4334 firmamentum,
2754 4275 2800 4317 et
2824 4272 3061 4316 vocatum
3084 4263 3559 4331 est'ﬂrmamenlum
3579 4255 3735 4310 mlum
3755 4247 3814 4313 ’ὅ

2326 4358 2578 4411 nimirum
2623 4358 2912 4412 ostendens
2959 4357 3101 4425 quod
3148 4365 3271 4425 post
3322 4356 3527 4410 ruinam
3564 4344 3814 4418 angelorum

650 4471 770 4526 quan
792 4471 952 4524 super
977 4455 1143 4512 caelos
1163 4464 1310 4519 sunt,
1353 4471 1548 4512 nomen
1577 4456 1785 4511 Domini
1812 4457 1878 4511 ¹⁹.
1900 4475 1919 4509 ι
1964 4457 2215 4512 Attamen
2256 4466 2296 4520 ο
2331 4450 2593 4505 malorum
2626 4449 2679 4503 bi
2714 4448 2804 4518 qui
2836 4458 3243 4517 Ρεῐιηεὶηεθΐιιιιι
3266 4487 3280 4512 ι
3333 4445 3622 4501 "minam"
3649 4446 3815 4526 meme

653 4548 709 4601 in
737 4547 907 4616 prima
930 4548 986 4602 in
1021 4544 1260 4602 Generim
1291 4548 1713 4613 homiliagnutn.
1741 4548 1797 4615 2,
1825 4565 1945 4620 quae
1978 4551 2044 4606 de
2067 4554 2223 4622 aquis

653 4638 756 4694 iiiis
794 4640 1157 4709 superioribus
1199 4653 1254 4696 et
1306 4641 1655 4697 inferioribus
1698 4643 1844 4714 agit,
1877 4641 2058 4697 simile
2088 4644 2220 4698 nihil

2326 4542 2744 4612 perseverantiae
2762 4541 3036 4598 consecuti
3058 4551 3203 4604 sunt,
3228 4538 3374 4595 nullo
3389 4539 3494 4608 jam
3512 4534 3646 4601 lapsu
3662 4520 3811 4585 aversi.
3864 4610 3868 4615 '

2330 4634 2474 4688 nulla
2499 4633 2749 4703 superbia
2779 4634 3053 4696 cadentes,
3085 4634 3178 4688 sed
3215 4632 3522 4688 ﬁrmiter-in
3566 4623 3648 4679 Dei
3674 4628 3813 4673 amore

653 4707 916 4798 oﬂ'endas,
961 4732 1052 4787 sed
1086 4730 1397 4788 consimiles
1425 4707 1759 4803 allegorias:
1779 4734 1974 4802 quibus
2003 4734 2141 4790 coelo
2168 4745 2223 4790 et
2323 4738 2378 4783 et
2405 4726 2859 4795 contemplatione
2892 4733 3189 4788 manentes,
3234 4725 3377 4780 nihil
3400 4720 3549 4778 aliud
3576 4714 3708 4773 dulce
3740 4707 3812 4762 Ιη-

656 4824 997 4879 lirmamento
1034 4823 1296 4893 spiritalia
1339 4833 1399 4879 et
1441 4836 1701 4893 corporea
1739 4823 2033 4894 signiﬁcari
2066 4827 2215 4893 vult;

651 4917 806 4989 aquis
848 4930 977 4972 vero
1026 4932 1148 4986 quae
1198 4927 1325 4972 sunt
1368 4931 1530 4985 supra
1565 4917 1981 4980 ﬁrmamentum,
2035 4932 2215 4973 rerum

650 5010 955 5064 cteleStium
991 5007 1270 5078 mysteria.
1303 5008 1466 5061 Certe
1490 5005 1706 5061 Nicetas
1746 5006 1842 5061 lib.
1867 5022 1922 5062 tv
1958 5006 2213 5064 Tltesaur.

651 5098 930 5153 orthodox.
979 5098 1074 5166 ﬁd.
1098 5137 1113 5158 .
1151 5096 1279 5150 hter.
1326 5110 1493 5164 xxxr,
1528 5111 1698 5166 aquas
1737 5096 1856 5152 illas
1896 5111 2019 5151 cum
2055 5113 2220 5168 ange-

651 5185 772 5240 licis
816 5187 1100 5243 ordinibus
1135 5185 1423 5257 Origenem
1468 5202 1736 5256 nusquam
1773 5188 2069 5244 contulisse
2119 5190 2216 5256 ait,

722 5277 763 5309 "
797 5280 949 5337 Deut.
982 5297 1132 5337 xxxu
1160 5323 1176 5347 ,
1212 5282 1263 5336 1.
1339 5279 1384 5313 ¹⁸
1416 5279 1562 5336 Psal.
1590 5297 1831 5349 cxuvn,
1865 5284 1915 5337 1.

723 5371 836 5445 (⁸50)
870 5374 1042 5449 Hujus
1069 5378 1277 5448 quidem
1301 5378 1556 5449 doctrina:
1568 5378 1785 5449 uestigia
1818 5379 2081 5449 quwdam,
2105 5391 2212 5438 etc.

650 5444 862 5517 Catena:
909 5444 965 5499 iu
1010 5444 1143 5516 psal.
1175 5463 1365 5505 xxvut.
1399 5447 1452 5510 5,
1511 5447 1650 5501 aliud
1678 5444 2032 5517 fragmentum
2064 5451 2219 5504 exhi-

652 5515 817 5593 lteut_._
836 5518 887 5568 itt
906 5515 1021 5593 ‘qno
1035 5519 1513 5593 _c|ar_ius_doctt_'ina
1527 5518 1652 5593 inec
1679 5515 2008 5593 exprimitur:
2027 5538 2039 5571 :
2062 5522 2215 5593 flrenti)

655 5585 751 5651 μὲν
776 5585 980 5653 Κυρίου
1023 5587 1205 5651 ἁπλῶς
1244 5588 1332 5641 ἐπὶ
1359 5587 1463 5640 τῶν
1491 5586 1717 5647 ὑδάτων,
1752 5585 1924 5650 αὐτὸς
1967 5588 2021 5641 δὲ
2053 5591 2082 5640 ὁ
2109 5585 2218 5643 Κὺἔ

657 5669 765 5732 pio;
795 5655 886 5708 ἐπὶ
919 5656 1125 5732 ῥδᾴῖων
1154 5656 1376 5732 ποθῶν.
1398 5656 1672 5732 Δᾼογεκέις
1691 5657 1747 5732 δε
1778 5657 1965 5732 (ptiust;
2000 5658 2096 5732 νῦν
2123 5678 2217 5732 ση-

660 5723 853 5798 μαίνει
879 5726 943 5778 τὰ
991 5726 1173 5781 ὕδατα.
1220 5723 1564 5796 Ιένηθήτὼ,
1623 5723 1800 5799 φησὶ,
1833 5727 1894 5792 τὸ
1928 5723 2223 5801 στερέωμά

2324 4819 2474 4882 bent,
2508 4817 2610 4871 nisi
2635 4829 2757 4871 eum
2790 4833 2819 4871 a
2848 4831 2956 4886 quo
2987 4818 3156 4871 creati
3190 4826 3333 4871 sunt.
3366 4836 3385 4869 ι

2396 4911 2485 4967 Xl.
2522 4911 2594 4966 De
2619 4910 2932 4980 angelorum
2978 4908 3249 4976 libertate,
3285 4907 3506 4972 meritis,
3544 4899 3709 4974 graliao
3750 4901 3810 4944 ἴθ’

2327 5005 2699 5060 muneratioue
2747 5018 2811 5057 ac
2841 5001 3016 5072 ptenis
3050 5000 3216 5055 multa
3241 5001 3500 5070 Origenes
3528 4995 3589 5050 ab
3611 4982 3809 5048 Ecclesia!

2327 5114 2513 5153 norma
2550 5096 2752 5151 deﬂexa
2799 5095 3146 5164 excogitavit.
3192 5093 3421 5150 Naturas
3450 5092 3631 5163 quippe
3669 5086 3811 5178 0|!"le

2326 5190 2535 5245 ratione
2588 5191 2840 5259 praeditas
2899 5189 3058 5244 unius
3113 5204 3234 5244 esse
3286 5188 3614 5257 ejusdemque
3657 5178 3807 5242 Sim”

1996 5282 2038 5314 "
2073 5281 2213 5339 Psal.
2242 5301 2463 5351 chvnl,
2494 5284 2548 5340 4.
2625 5282 2672 5314 ¹⁰
2700 5282 2834 5338 Gen.
2868 5297 2907 5349 ι,
2939 5284 2992 5345 6,
3025 5282 3076 5336 8.

2319 5384 2389 5436 ἐν
2413 5381 2580 5452 μέσῳ
2606 5378 2710 5433 τοῦ
2738 5378 2954 5452 ὕδατος
2975 5419 2989 5442 ,
3012 5379 3117 5452 καὶ
3151 5379 3306 5433 ἔστω
3338 5355 3808 5452 διαχωρίζοίῖο-ίξεξ

2321 5434 2559 5524 quiderm
2583 5451 2788 5524 Domini
2842 5434 3164 5517 simpliciter
3207 5460 3291 5504 est
3320 5434 3476 5524 super
3503 5434 3810 5524 attltfijilfgﬁf

2840 5497 3000 5589 super
3029 5497 3234 5589 'aqvuas‘
3260 5497 3468 5574 multas.
3485 5497 3805 5590 ’Ξῇξιμὶοξιίξξξξξξδ

2326 5570 2812 5647 ῖᾱιιῑίιξε-ιῑδῖιτιῖεο
2840 5570 2999 5663 ξιῑιςιιέ
3045 5570 3459 5663 saginatam.“
3475 5580 3623 5663 rgat,

2327 5636 2711 5732 'ﬁrmameutum
2736 5662 2789 5715 in
2824 5636 3176 5736 nte'dt'ooqiatw
3196 5700 3210 5726 ,
3241 5669 3287 5736 et
3317 5660 3379 5713 sit
3409 5651 3632 5736 dieidem.
3659 5659 3676 5693 t
3709 5636 3805 5693 H86

2330 5719 2541 5790 exstant
2569 5742 2764 5810 nostrae
2799 5731 3048 5788 editionis
3073 5719 3210 5786 'tom.
3245 5729 3306 5798 ll,
3344 5744 3455 5800 pag.
3485 5719 3592 5776 659.
