4054 6310
303 320 406 375 85-7

1109 319 1686 377 ORIGENIANORUM
1729 319 1859 377 LIB.
1900 320 1967 390 Il,
2002 323 2155 381 CAP.
2197 324 2262 394 Il,
2297 323 2572 394 QUIEST.
2611 325 2678 382 ν.

3417 333 3522 390 858

303 443 549 498 credidit.
580 443 813 514 Angelos
843 453 1018 500 autem
1051 444 1218 500 bonos
1249 454 1304 499 et
1339 445 1527 510 malos,
1574 455 1630 500 et
1658 445 1866 502 animas
1889 453 1943 509 Α
1970 449 2051 503 dis
2082 447 2387 518 opinionem
2433 451 2574 507 inter
2603 450 2899 522 praecipuos
2937 453 3150 510 errores
3177 451 3392 522 Origcui
3428 469 3523 508 ev-

304 534 613 591 hominibus
635 551 698 591 ac
730 537 998 592 sideribus
1029 536 1228 591 inditas
1260 537 1312 590 in
1354 553 1477 592 cum
1521 553 1742 594 censum
1777 554 1864 592 re—

303 624 449 692 tulit,
490 634 549 680 ut
597 641 762 696 supra
809 634 1081 682 ostensum
1128 637 1234 682 est.
1288 627 1392 681 llas
1431 637 1556 683 ante
1610 631 1864 684 mundum

300 727 526 773 naturas
557 735 586 773 a
623 719 734 776 Deo
764 719 1006 775 conditas
1056 719 1224 776 fuisse
1273 729 1421 775 ratus
1457 729 1574 785 est,
1623 736 1688 776 ac
1727 723 1868 778 bene

300 813 387 866 vel
437 811 576 866 male
626 812 816 881 agendi
858 811 1116 866 facultate
1163 813 1476 876 instructas,
1531 829 1636 882 qua
1686 814 1866 882 prius-

293 917 462 971 .quam
493 913 800 968 uterentur,
847 903 1005 969 νὸας,
1059 905 1160 959 hoc
1193 914 1276 959 est
1320 916 1511 959 mentes
1542 905 1741 971 fuisse;
1771 905 1865 959 sed

301 992 487 1046 statim
510 1007 572 1047 ea
603 1007 746 1059 usas,
775 1003 829 1047 et
855 994 1087 1049 diversis
1113 996 1329 1064 quidem
1362 997 1559 1062 modis,
1589 1011 1714 1052 cum
1746 997 1866 1054 alia:

303 1083 356 1137 in
393 1084 598 1144 vitium.
638 1085 692 1139 in
748 1086 1005 1141 virtutem
1042 1087 1160 1142 aliae
1209 1089 1500 1153 ferrentur,
1535 1105 1632 1159 pro
1659 1090 1866 1145 meritis

300 1188 422 1230 esse
461 1175 693 1240 habitas,
725 1187 780 1232 et
809 1179 1007 1248 partim
1047 1179 1286 1234 admisso
1315 1181 1521 1236 scelere
1555 1180 1608 1236 in
1641 1181 1865 1251 profun-

301 1264 430 1318 dum
493 1266 838 1329 deturbatas,
889 1267 1087 1337 partim
1149 1269 1313 1323 etiam
1365 1281 1584 1339 propter
1635 1271 1866 1325 leviores

301 1371 471 1411 noxas
513 1372 545 1412 e
584 1358 953 1426 superioribus
1003 1358 1283 1415 ordinibus
1328 1360 1567 1429 dejectas
1612 1364 1678 1417 ad
1736 1361 1868 1419 infe-

305 1449 476 1505 riores
509 1451 804 1515 transiisse,
832 1463 885 1506 et
911 1455 977 1508 ad
1015 1453 1302 1508 animanda
1330 1467 1547 1521 quoque
1585 1452 1864 1508 hominum

299 1555 524 1609 corpora
570 1557 690 1598 esse
736 1544 1034 1610 demissas;
1089 1545 1223 1599 adeo
1275 1553 1332 1598 ut
1377 1557 1699 1614 quocunque
1748 1543 1866 1599 loco

299 1631 429 1697 sint,
459 1643 738 1702 acceptum
769 1633 819 1688 id
847 1635 1054 1690 meritis
1093 1636 1206 1691 suis
1234 1634 1438 1690 referre
1463 1635 1730 1690 debeant:
1760 1634 1864 1705 ψυ-

299 1722 400 1794 χὰς
425 1735 626 1790 autem,
661 1725 760 1779 hoc
783 1734 866 1780 est
890 1726 1117 1789 animas,
1148 1737 1270 1780 tunc
1293 1726 1553 1791 evasisse,
1583 1735 1863 1795 postquam

1964 540 2208 609 probrar-i
2245 538 2437 594 solitos
2474 549 2758 593 enumerat
2804 549 2994 595 auctor
3041 555 3338 611 anonymus
3383 543 3522 609 apud

1963 627 2210 684 I’hotium
2255 631 2376 685 cod.
2414 645 2580 684 cxvn.
2628 630 2920 686 Enumerat
2959 640 3015 685 et
3061 631 3220 686 istum
3254 648 3268 683 :
3308 632 3430 684 Ὅτι
3459 633 3524 685 ἐκ

1967 715 2366 781 καταπτώσεως
2403 713 2564 788 ἦλθον
2599 719 2648 770 οἱ
2687 717 2831 786 ἅγιοι
2863 718 3000 790 (lego
3038 719 3273 790 ἄγγελοι)
3313 721 3391 785 εἰς
3430 719 3524 776 τὸν

1969 807 2202 879 κόσμον,
2245 808 2358 862 ἀλλ’
2390 810 2448 861 οὐ
2480 809 2544 862 δι’
2571 808 2768 881 ἐτέρων
2806 809 3116 882 θεραπείαν.
3152 830 3170 862 ι
3201 813 3429 881 Angelus
3469 813 3522 866 itt

1967 899 2218 952 tumidum
2251 915 2315 952 ex
2343 898 2516 968 lapsu,
2561 915 2666 953 non
2709 913 2928 972 propter
2958 901 3180 956 aliorum
3207 904 3520 973 obsequium

1966 989 2198 1044 venisse.
2226 1008 2245 1040 ν
2281 990 2620 1045 Justinianus
2649 1002 2907 1060 praeterea
2943 994 2995 1046 in
3025 994 3248 1064 epistola
3280 995 3345 1048 ad
3374 996 3523 1065 quin-

1966 1089 2070 1136 tam
2103 1083 2364 1151 synodum
2387 1123 2402 1146 ,
2444 1098 2602 1152 quam
2634 1084 2826 1138 recitat
2849 1083 3152 1152 Cedrenus,
3191 1095 3247 1140 et
3288 1085 3524 1156 Sophro-

1967 1172 2085 1226 nius
2122 1173 2174 1226 in
2210 1173 2435 1243 epistola
2477 1175 2543 1229 ad
2574 1159 2840 1246 Sergium,
2869 1175 3105 1246 ejusdem
3136 1178 3377 1232 criminis
3402 1178 3521 1232 Ori-

1967 1277 2156 1331 genem
2198 1273 2510 1330 arcessunt;
2567 1267 2790 1322 arcessit
2824 1257 3053 1334 denique
3101 1277 3155 1322 et
3186 1267 3245 1326 S.
3286 1267 3523 1324 Thomas

1962 1368 2020 1424 p.
2060 1370 2113 1420 i,
2139 1369 2193 1421 q.
2224 1354 2291 1408 δι
2314 1396 2330 1420 ,
2369 1371 2419 1410 a.
2449 1357 2514 1422 2,
2549 1367 2603 1412 et
2643 1358 2696 1412 in
2745 1357 3090 1427 Expositione
3131 1374 3292 1412 aurea
3315 1361 3374 1414 in
3400 1360 3520 1414 Jobt'

1968 1457 2117 1514 caput
2155 1461 2226 1507 Iv,
2257 1449 2552 1502 cavendum
2583 1448 2659 1502 ait
2685 1449 2753 1504 ab
2783 1449 3022 1519 hocejus
3049 1465 3252 1514 errore,
3280 1468 3384 1521 quo
3413 1453 3522 1522 spi-

1969 1537 2102 1591 ritus
2151 1553 2499 1610 quoscunque
2549 1554 2762 1596 creatos
2819 1542 3100 1598 instabiles
3158 1544 3408 1611 asseruit,
3463 1554 3519 1599 et

1965 1643 2120 1698 posse
2149 1630 2214 1683 ad
2245 1633 2566 1700 pravitatem
2598 1632 2838 1703 perduci.

2035 1719 2170 1776 XIII.
2187 1722 2554 1778 Consulendus
2574 1726 2639 1778 ad
2653 1726 2774 1780 hate
2788 1725 3049 1780 Maximus
3066 1736 3271 1796 martyr
3288 1729 3338 1780 in
3361 1727 3520 1781 scho-

299 1817 368 1868 ab
408 1831 592 1870 amore
619 1815 710 1870 Dei
745 1815 961 1872 fuerunt
991 1817 1354 1887 ἀποψυγεῖσαι
1377 1856 1393 1883 ,
1439 1817 1539 1873 hac
1575 1834 1697 1872 vero
1723 1817 1866 1873 arbi-
1894 1812 1936 1868 Β
1965 1811 2050 1868 liis
2073 1813 2142 1868 ad
2169 1828 2288 1883 cap.
2317 1814 2350 1868 6
2379 1814 2620 1885 Dionysii
2654 1815 2728 1870 De
2752 1818 3082 1872 ecclesiastic.
3119 1819 3403 1882 hieran/iu
3430 1818 3516 1872 ubi

302 1905 388 1958 trii
430 1906 677 1960 libertate
705 1909 1002 1961 etiamnum
1045 1921 1272 1964 naturas
1321 1909 1436 1963 illas
1471 1909 1761 1963 rationales
1789 1911 1860 1964 ita

302 1996 430 2061 frui,
471 1997 584 2052 sive
618 1997 865 2054 humanis
904 2001 1220 2068 corporibus
1254 2001 1540 2070 implicata:
1561 2040 1576 2065 ,
1605 2000 1719 2055 sive
1748 2001 1860 2055 dte-

303 2104 488 2144 niones
534 2088 687 2143 facta
730 2091 875 2155 sint,
925 2092 1038 2146 sive
1087 2093 1390 2163 angelicum
1444 2093 1688 2147 ordinem
1731 2093 1861 2146 reti-

305 2191 498 2246 neant,
533 2192 589 2236 ut
625 2197 759 2236 nova
791 2184 1019 2238 subinde
1067 2194 1284 2252 peccata
1328 2184 1380 2237 in
1429 2200 1488 2239 se
1532 2185 1858 2253 concipiant,

307 2273 386 2326 vel
417 2273 661 2327 virtut-ni
699 2275 1112 2343 amplectantur,
1145 2285 1199 2330 et
1242 2290 1338 2344 pro
1375 2284 1520 2330 recte
1549 2286 1642 2330 aut
1672 2277 1861 2347 nequi-

303 2374 384 2418 ter
409 2367 593 2431 gestis,
630 2366 714 2419 vel
740 2368 1109 2434 deprimantur
1135 2368 1186 2420 in
1236 2365 1511 2431 inferiora,
1545 2369 1625 2422 vel
1663 2369 1729 2423 ad
1771 2386 1860 2424 su-

300 2455 513 2522 periora
543 2457 948 2512 conscendant:
983 2457 1277 2527 permutari
1305 2473 1432 2529 ergo
1476 2460 1695 2515 ordines
1721 2460 1856 2526 illos,

297 2557 353 2601 et
391 2563 456 2601 ex
491 2549 694 2616 angelis
737 2550 1001 2616 homines,
1039 2567 1102 2606 ex
1138 2551 1444 2612 hominibus
1485 2553 1776 2618 dasniones,
1807 2561 1861 2607 et

301 2638 535 2694 vicissim
575 2640 741 2704 alios,
781 2642 1022 2710 aliosque
1062 2644 1290 2697 evadere
1325 2661 1337 2696 :
1385 2643 1654 2698 diabolum
1704 2659 1732 2697 a
1766 2659 1858 2698 ne-

297 2729 468 2798 quitia
493 2730 708 2797 quidem
738 2732 803 2784 ad
831 2732 1050 2787 meliora
1089 2746 1245 2800 posse
1272 2733 1536 2796 converti,
1566 2733 1660 2788 sed
1695 2733 1855 2796 nolle,

296 2827 354 2872 et
382 2819 431 2871 in
465 2821 682 2889 perﬁdia
714 2835 805 2875 sua
836 2821 1158 2876 destinatum
1186 2822 1476 2879 obdurare.
1501 2822 1698 2879 Gratiae
1731 2839 1858 2879 vero

299 2911 577 2976 auxilium,
618 2913 759 2980 quod
791 2914 1007 2982 angelos
1049 2913 1100 2967 in
1137 2915 1424 2971 sanctitate
1471 2917 1772 2979 confirmat,
1805 2923 1860 2971 et

296 3016 332 3056 ι
363 3003 596 3072 peccatis
626 3003 907 3074 prohibet;
949 3005 1034 3069 vel
1065 3005 1299 3074 ejusdem
1345 3009 1534 3077 gratiae
1565 3007 1856 3072 defectum,

296 3110 406 3160 quo
436 3094 512 3159 lit,
546 3107 602 3149 ut
633 3112 661 3149 a
691 3097 926 3166 nequitia
954 3097 1220 3154 daemones
1254 3115 1356 3154 non
1382 3111 1683 3170 emergant,
1714 3099 1858 3154 nullo

298 3185 460 3238 tnodo
491 3185 696 3240 videtur
729 3201 1038 3254 agnoscere.
1071 3187 1329 3242 Futurum
1360 3199 1541 3243 autem
1569 3189 1857 3257 aliquandi-

299 3286 475 3344 putat,
506 3285 564 3330 ut
590 3285 794 3331 naturae
829 3277 933 3331 illa:
963 3293 1168 3342 omnes,
1200 3279 1313 3334 sive
1361 3280 1693 3350 angelorum,
1741 3280 1861 3336 sive

297 3367 624 3431 daemonum,
645 3367 757 3422 sive
777 3368 1071 3432 hominum,
1094 3385 1308 3424 causam
1331 3371 1515 3426 dicant
1533 3387 1710 3426 coram
1725 3371 1858 3436 Deo,

298 3466 357 3512 et
387 3472 560 3511 rermu
598 3474 627 3512 a
677 3473 736 3512 se
767 3468 1036 3524 gestarum
1074 3461 1329 3513 rationem
1371 3461 1611 3527 reddant,
1656 3478 1719 3518 ac
1763 3477 1860 3530 pro

303 3544 515 3599 meritis
551 3555 920 3610 exornentur;
980 3546 1196 3600 interim
1236 3547 1427 3617 ﬂamen
1495 3552 1671 3605 varios
1742 3551 1859 3607 illos

296 3637 518 3692 ordines
562 3651 624 3690 ac
653 3647 825 3690 status
866 3652 961 3706 pro
1000 3639 1284 3694 virtutibus
1312 3655 1376 3694 ac
1405 3641 1549 3697 vitiis
1582 3644 1856 3714 consequi.

373 3725 486 3782 Xll.
538 3726 758 3800 Summa
811 3731 923 3784 haec
965 3741 1046 3784 est
1075 3729 1409 3801 Origeniana:
1451 3732 1516 3788 de
1551 3735 1858 3802 angelorum

301 3829 500 3876 natura
545 3829 600 3874 et
643 3821 848 3876 meritis
895 3822 1184 3887 doctrinae,
1236 3838 1395 3893 quam
1443 3828 1699 3882 conviciis
1749 3829 1860 3883 suis

303 3912 560 3967 Ecclesia:
589 3913 778 3969 Patres
826 3915 1204 3979 perfuderunt;
1241 3915 1544 3974 Methodius
1594 3920 1859 3989 praecipue

303 4003 356 4056 in
387 4003 522 4058 libro
546 4003 620 4058 De
650 4006 1062 4071 resurrectione;
1099 4005 1426 4076 Theophilus
1452 4010 1855 4066 Alexandrinus

298 4092 548 4149 Paschal.
575 4097 598 4149 I
629 4110 683 4150 et
705 4097 772 4160 2;
813 4096 1141 4165 Epiphanius
1169 4097 1220 4151 in
1245 4100 1404 4168 epist.
1432 4103 1498 4155 ad
1524 4102 1674 4157 Joan.
1708 4103 1858 4158 Jero-

296 4183 493 4253 solym.
517 4225 532 4249 ,
579 4200 697 4252 cap.
725 4183 850 4248 2,et
897 4186 1091 4242 lia-res.
1121 4203 1277 4254 LXIV,
1310 4205 1428 4259 cap.
1461 4190 1533 4256 4;
1583 4191 1858 4247 Nemesius

301 4275 379 4330 De
419 4289 606 4331 natura
635 4278 878 4341 heminis,
915 4293 1032 4350 cap.
1057 4281 1128 4346 ὃς
1166 4281 1420 4338 Leontius
1453 4283 1708 4340 Scholior.
1737 4286 1852 4340 Act.

304 4366 391 4433 10,
418 4367 569 4437 cujus
599 4371 758 4424 verba
785 4385 946 4439 supra
974 4372 1331 4441 adduximus;
1367 4374 1715 4444 Hieronymus
1734 4393 1852 4429 eum

1962 1903 2424 1959 animadversione
2439 1906 2652 1976 dignum
2672 1917 2753 1962 est
2769 1910 2906 1976 quod
2932 1911 3006 1963 ait
3025 1926 3088 1964 ex
3108 1908 3357 1981 Origene,
3377 1909 3517 1964 κατά

1963 1994 2060 2062 τὴν
2079 1993 2365 2063 ἀναλογίαν
2386 1995 2485 2066 τῆς
2512 1998 2862 2068 παρατροπῆς
2885 1998 3108 2051 ἕκαστον
3128 2000 3232 2051 τῶν
3258 2001 3520 2070 οὐρανίων

1963 2086 2257 2156 ταγμάτων
2283 2085 2526 2156 σώμασιν
2557 2087 2827 2158 ἐνδεθῆναι
2855 2087 3211 2160 λεπτοτέροις.
3243 2111 3259 2142 ι
3287 2092 3390 2146 Pro
3412 2093 3518 2148 cri-

1963 2182 2123 2235 minis
2175 2182 2383 2244 ratione
2436 2197 2868 2251 unumquemque
2923 2185 3171 2240 ordinum
3221 2188 3515 2242 caelestium

1961 2273 2277 2341 corporibus
2309 2273 2641 2327 tenuioribus
2669 2274 2884 2343 illigari.
2915 2294 2934 2326 »
2968 2275 3255 2331 Contraria
3289 2280 3520 2336 Maximo

1963 2364 2122 2418 tradit
2151 2363 2477 2432 Augustinus
2512 2364 2683 2418 Iib.'XI
2711 2363 2788 2418 De
2807 2365 2948 2420 civil.
2981 2367 3092 2433 Dei,
3125 2383 3241 2437 cap.
3269 2370 3361 2436 25,
3390 2385 3516 2426 sen-

1959 2455 2094 2508 sisse
2138 2455 2320 2510 dicens
2355 2453 2638 2523 Origenem
2685 2455 2905 2510 animas.
2943 2473 3038 2526 pro
3088 2460 3293 2514 ratione
3324 2475 3517 2529 pecca-

1959 2554 2132 2601 torum
2167 2561 2386 2601 suorum
2413 2547 2664 2616 graviora
2707 2563 2934 2616 corpora
2979 2550 3236 2616 induere;
3270 2554 3412 2621 quod
3446 2554 3516 2608 ita

1959 2641 2253 2710 impugnat,
2283 2639 2335 2694 id
2370 2640 2414 2693 si
2451 2639 2520 2693 sit
2545 2677 2560 2703 ,
2591 2638 2808 2708 gravius
2835 2641 3058 2693 όωιιιοιιὶ
3084 2641 3294 2710 adjungi
3323 2642 3518 2697 debere

1958 2745 2155 2798 corpus
2179 2746 2338 2799 quam
2377 2730 2606 2796 homini,
2638 2739 2819 2798 utpote
2847 2732 2934 2798 qui
2966 2731 3086 2800 plus
3116 2733 3372 2800 peccarit.
3410 2731 3519 2786 Du-

1961 2824 2092 2877 bitat
2139 2821 2377 2891 profecto
2415 2822 2674 2892 Origenes
2716 2831 2835 2875 utra
2879 2821 3105 2876 inferior
3150 2823 3220 2878 sit
3261 2824 3521 2879 dzemonis

1960 2924 2171 2979 natura,
2203 2929 2267 2967 an
2299 2913 2532 2967 hominis
2564 2912 2744 2983 (quam
2786 2913 3023 2984 angelica
3041 2915 3213 2968 etiam
3254 2924 3519 2981 praestan-

1962 3007 2149 3061 tiorem
2203 3019 2324 3062 esse
2366 3002 2729 3062 Tertullianus
2779 3007 2873 3062 lib.
2919 3023 2955 3061 ιι
3005 3016 3186 3059 contra
3218 3005 3517 3072 Marciam,

1961 3115 2078 3170 cap.
2105 3099 2157 3163 8,
2190 3099 2508 3169 autumavit)
2555 3099 2886 3169 proindeque
2931 3099 3158 3154 delinire
3205 3115 3308 3174 non
3344 3109 3521 3170 potest

1962 3199 2132 3244 utram
2169 3189 2409 3258 suscipit,
2441 3191 2530 3260 qui
2583 3191 2916 3260 graviorum
2943 3190 3206 3245 scelerum
3256 3205 3378 3245 reus
3409 3190 3466 3244 lit
3500 3208 3515 3244 :

1971 3281 2289 3352 Ἐπίστησον
2337 3281 2425 3346 δὲ,
2475 3281 2646 3350 inquit
2691 3289 2859 3335 lom.t
2906 3283 2962 3334 in
2996 3280 3198 3346 Joan.,
3244 3299 3395 3338 num.
3427 3284 3518 3350 54,

1959 3371 2181 3442 πότερον
2208 3369 2491 3442 ἄνθρωπός
2533 3372 2646 3423 ἐστι
2685 3370 2743 3423 τὸ
2772 3370 3013 3440 ἔσχατον,
3054 3371 3084 3442 ἢ
3114 3372 3181 3424 τὰ
3215 3372 3522 3443 καλούμενα

1959 3461 2302 3532 καταχθόνια,
2345 3455 2418 3515 ὧν
2455 3463 2559 3514 εἱσι
2596 3462 2689 3515 καὶ¹
2727 3464 2774 3514 οἱ
2816 3462 3102 3532 δαίμονες,
3138 3463 3254 3532 ἦτοι
3295 3464 3516 3528 πάντες,

1959 3556 1993 3626 ἦ
2019 3573 2182 3619 τινες.
2217 3556 2278 3609 Et
2303 3554 2458 3623 paulo
2487 3553 2739 3622 superius
2765 3571 2777 3605 :
2811 3552 3078 3607 Οῢτωκαὶ
3092 3554 3167 3625 τῷ
3191 3555 3390 3625 λογικῷ
3415 3573 3516 3608 κα-

1955 3647 2217 3700 ταϐατέον
2252 3647 2344 3699 ἐπὶ
2369 3646 2590 3716 ἔσχατον
2622 3645 2856 3713 λογικὸν,
2892 3646 3031 3714 τάχα
3057 3647 3156 3698 οὐκ
3181 3646 3307 3698 ἄλλο
3347 3665 3396 3700 τι
3425 3648 3516 3700 τοῦ

1958 3739 2239 3810 ἀνθρώπου
2265 3737 2547 3808 τυγχάνον.
2586 3735 2923 3790 Postremum
2955 3736 3041 3790 hic
3073 3736 3245 3791 locum
3287 3739 3519 3792 homini-

1959 3832 2058 3885 bus
2090 3831 2345 3900 assignat.
2377 3829 2576 3884 Contra
2620 3838 2754 3882 tum.
2783 3844 2851 3883 xv
2893 3830 2946 3882 in
2982 3827 3173 3883 Matth.
3200 3869 3215 3894 ,
3251 3845 3394 3882 num.
3423 3830 3514 3897 27,

1958 3923 2188 3993 priorem
2242 3922 2414 3975 locum
2465 3921 2702 3989 angelis,
2756 3921 3112 3989 posteriorem
3162 3921 3514 3988 daemonibus,

1964 4013 2195 4068 medium
2251 4013 2556 4067 hominibus
2609 4012 2834 4066 tribuit:
2871 4013 2932 4064 Oi
2971 4011 3027 4064 δὲ
3063 4012 3355 4084 ἄνθρωποι,
3395 4015 3518 4069 ὅσον

1957 4108 2035 4167 εὶς
2062 4103 2343 4176 σύγκρισιν
2366 4104 2608 4173 ἀγγέλων
2631 4104 2846 4174 ἔσχατοι
2875 4105 3248 4175 τυγχάνοντες,
3279 4107 3516 4175 γίνονται

1957 4193 2200 4262 ἀγγέλων
2249 4192 2472 4260 πρῶτοι,
2513 4191 2616 4245 τῶν
2657 4194 2729 4265 μὴ
2776 4196 3122 4264 τηρησάντων
3169 4195 3266 4265 τὴν
3312 4196 3517 4249 ἑαυτῶν

1959 4287 2151 4357 ἀρχὴν.
2195 4285 2325 4339 Cum
2374 4285 2678 4338 hominibus
2713 4299 2840 4354 ergo
2872 4287 3195 4355 quandoque
3227 4292 3514 4351 tltemones,

1957 4378 2201 4431 homines
2256 4391 2384 4430 vero
2439 4377 2760 4444 quandoque
2826 4385 3109 4444 postponat
3161 4377 3512 4443 daemonibus,

297 4460 423 4515 alibi
453 4476 614 4529 saepe,
653 4471 762 4514 tum
792 4463 1022 4515 maxime
1048 4463 1205 4532 epist.
1262 4464 1355 4527 59,
1395 4466 1641 4530 adAvit.,
1667 4467 1852 4537 cap.l,
1889 4481 1930 4534 ι)
1963 4478 2180 4521 naturas
2229 4467 2519 4521 rationales
2575 4480 2671 4534 pro
2720 4466 2987 4534 gravitate
3030 4467 3289 4520 scelerum
3322 4468 3515 4522 huma-

299 4554 391 4607 nbi
435 4564 631 4622 przeter
682 4553 783 4606 alia
835 4555 1041 4624 insigne
1088 4557 1244 4618 istud,
1293 4557 1451 4610 habet
1497 4572 1512 4611 :
1576 4558 1860 4626 tCumque

297 4648 478 4702 omnia
522 4647 668 4701 vario
725 4663 974 4702 sermone
1030 4658 1312 4704 tractasset
1361 4648 1660 4723 (Origenes)
1715 4667 1861 4706 asse-

299 4753 426 4794 rens
451 4738 718 4793 diabolum
764 4755 867 4794 non
904 4740 1216 4810 incapacem
1261 4756 1380 4796 esse
1408 4742 1620 4796 virtutis
1643 4783 1659 4807 ,
1696 4751 1750 4796 et
1781 4752 1860 4797 ta-

300 4844 425 4884 men
460 4831 684 4885 necdum
717 4831 853 4886 velle
893 4850 1084 4904 capere
1119 4834 1410 4898 virtutem;
1452 4834 1518 4887 ad
1559 4845 1857 4889 extremum

299 4937 550 4977 sermone
601 4925 860 4980 latissimo
905 4926 1196 4995 disputavit
1248 4925 1532 4994 angelum,
1587 4926 1701 4981 sive
1739 4927 1856 4981 ani.

305 5030 447 5069 mam
475 5054 490 5080 ,
517 5027 608 5070 aut
637 5030 782 5074 certe
811 5021 1132 5082 dtemonem,
1165 5033 1300 5087 quos
1329 5017 1486 5070 unius
1518 5018 1712 5071 asserit
1743 5033 1862 5074 esse

303 5117 530 5175 naturae,
577 5115 670 5166 sed
711 5112 1041 5167 diversarum
1070 5111 1398 5166 voluntatum
1420 5149 1434 5172 ,
1469 5125 1564 5178 pro
1595 5112 1860 5179 magnitu-

305 5199 428 5254 dine
461 5201 796 5272 negligentize
822 5213 874 5259 et
902 5205 1139 5257 stultitiae
1165 5201 1463 5269 jumentqu
1510 5216 1665 5270 posse
1707 5202 1858 5257 licri:

299 5300 354 5348 et
380 5307 479 5363 pro
510 5294 695 5349 dolore
724 5310 1031 5365 pinnarum,
1063 5305 1117 5348 et
1151 5293 1287 5363 ignis
1318 5293 1534 5355 ardore,
1564 5295 1732 5362 magis
1759 5295 1857 5349 cli-

300 5398 425 5452 gere
465 5395 524 5439 ut
579 5387 792 5440 brutqu
839 5387 1037 5440 animal
1067 5385 1176 5448 sit,
1215 5385 1349 5440 etin
1393 5387 1553 5455 aquis
1582 5385 1783 5440 habitet
1811 5396 1865 5442 et

302 5476 581 5544 ﬂuctibus,
617 5493 680 5532 ac
722 5494 914 5549 corpus
957 5492 1232 5531 assumere
1275 5478 1436 5546 hujus
1470 5477 1552 5532 vel
1585 5477 1726 5530 illius
1765 5493 1861 5546 νοι-

302 5569 445 5624 coris
485 5588 498 5623 :
537 5579 596 5622 ut
645 5569 798 5624 nobis
833 5585 938 5623 non
975 5567 1146 5624 solum
1199 5570 1634 5637 quadrupedum,
1682 5570 1775 5622 sed
1810 5577 1865 5622 et

303 5659 532 5728 piscium
561 5673 786 5726 corpora
819 5659 924 5712 sint
959 5659 1211 5712 timenda.
1245 5677 1261 5707 ι
1295 5661 1468 5728 Atque
1503 5661 1643 5713 hanc
1677 5663 1739 5713 de
1768 5677 1862 5712 na-

304 5755 434 5809 turis
469 5752 820 5812 rationalibus
847 5754 898 5808 in
926 5754 1282 5817 iumentorum
1313 5767 1539 5821 corpora
1572 5751 1864 5808 demitten-

1958 4575 2078 4612 nam
2099 4559 2320 4612 induere
2356 4566 2636 4619 naturam,
2666 4566 2719 4609 et
2746 4556 3128 4626 gravissimum
3157 4573 3352 4628 corpus
3385 4561 3511 4614 sub-

1956 4648 2034 4702 ire
2095 4661 2474 4714 nonnunquam
2513 4645 2740 4709 statuit,
2789 4661 3174 4716 nonnunquam
3222 4665 3350 4705 vero
3403 4652 3518 4707 da:-

1959 4750 2172 4788 monum
2227 4744 2512 4796 naturam,
2577 4732 2932 4800 subtiliusque
2984 4751 3177 4806 corpus
3224 4739 3512 4795 asciscere,

1958 4827 2095 4894 Quin
2123 4825 2284 4880 etiam
2315 4825 2586 4878 dzemones
2612 4823 2765 4876 novis
2795 4824 3048 4882 admissis
3077 4828 3372 4886 sceleribus
3417 4835 3512 4887 bo-

1965 4917 2134 4971 mines
2162 4914 2297 4980 Iieri,
2325 4924 2378 4967 et
2413 4912 2657 4967 homines
2682 4910 2917 4968 vicissim
2949 4931 3206 4972 novarum
3239 4919 3514 4988 culparum

1965 5023 2083 5063 reos
2109 5008 2160 5060 in
2191 5009 2491 5061 daemonum
2527 5016 2774 5060 naturam
2800 5017 2854 5060 et
2883 5021 3079 5077 corpus
3113 5012 3344 5064 transire
3370 5027 3516 5066 asse-

1965 5102 2036 5155 rit
2084 5099 2223 5170 apud
2257 5099 2640 5170 Hieronymum
2687 5102 2845 5170 epist.
2873 5101 2940 5156 59
2987 5104 3052 5154 ad
3077 5102 3220 5156 Avit.
3253 5142 3269 5166 ,
3298 5117 3414 5171 cap.
3452 5107 3515 5159 1:

1969 5209 1986 5241 ι
2016 5188 2092 5243 Ita
2128 5199 2344 5252 cuncta,
2381 5188 2577 5256 inquit,
2627 5190 2824 5244 variari
2865 5190 3236 5265 (arbitramur)
3274 5201 3405 5248 ut-et
3428 5198 3516 5265 qui

1968 5295 2107 5336 nunc
2142 5279 2304 5333 homo
2333 5290 2443 5346 est,
2491 5281 2659 5348 possit
2689 5283 2739 5336 in
2773 5283 2878 5338 alio
2911 5284 3108 5337 mundo
3132 5285 3341 5341 dremon
3372 5289 3518 5356 ﬁeri;

1960 5389 2016 5432 et
2049 5376 2136 5446 qui
2171 5377 2376 5429 dtemon
2411 5385 2512 5440 est,
2554 5385 2608 5429 et
2642 5375 2996 5446 nrgligcntius
3037 5378 3248 5447 egerit,
3289 5379 3343 5433 in
3377 5394 3523 5434 cras-

1957 5471 2102 5525 siora
2151 5483 2374 5538 corpora
2425 5467 2722 5537 relegetur,
2771 5467 2820 5519 id
2877 5478 2998 5533 est,
3049 5477 3106 5520 ut
3156 5470 3313 5526 homo
3359 5471 3469 5522 Iiat.
3498 5489 3515 5520 ι

1958 5559 2101 5614 Idem
2145 5559 2498 5629 Ilieronymus
2531 5560 2583 5612 in
2637 5558 2760 5612 illud
2806 5557 3002 5615 Jerem.
3035 5577 3198 5624 XXIX,
3239 5561 3306 5616 14
3344 5581 3356 5616 :
3407 5581 3424 5612 ι
3461 5564 3523 5619 Et

1965 5656 2218 5708 reducam
2249 5652 2617 5720 captivitatem
2661 5663 2920 5717 vestram,
2960 5664 3014 5708 et
3062 5642 3396 5725 congregaho
3425 5671 3518 5710 vos

1972 5751 2031 5805 ‘J':
2060 5747 2322 5803 universis
2358 5745 2634 5815 gentibus,
2671 5753 2724 5800 et
2764 5745 2830 5801 de
2858 5745 3077 5803 cunctis-
3098 5745 3228 5802 locis
3249 5787 3264 5814 ,
3298 5747 3362 5801 ad
3403 5760 3524 5817 qua:
