4054 6310
593 336 700 395 869

1853 337 1914 391 P.
1955 333 2267 392 DANIELIS
2304 334 2537 392 HUETII
3687 349 3774 408 350

593 461 775 534 expuli
810 476 945 524 vos.
977 459 1110 517 dicit
1141 459 1421 519 Dominus.
1470 463 1535 520 Et
1582 465 1779 520 reverti
1820 479 1916 519 vos
1971 463 2160 517 factam
2191 467 2422 530 Asupra
2482 460 2866 530 descripsimus
2943 457 3148 515 sanctis
3207 457 3484 530 beatisque
3535 461 3777 524 ordinibus

595 559 662 614 de
719 559 835 614 loco
888 559 956 612 ad
990 572 1149 626 quem
1197 557 1584 626 transmigrare
1627 572 1723 613 vos
1769 555 1888 612 feci.
1919 575 1937 608 ι
1973 553 2164 624 Orige-

595 668 754 721 nem,
795 669 954 724 quem
1010 649 1242 706 delirum
1299 649 1650 718 interpretem
1703 647 1964 718 appellat,
2013 661 2162 701 som-

595 749 748 803 niare
778 746 853 800 ait
887 745 1097 800 ruinam
1128 742 1371 798 caelestis
1404 740 1700 796 Jerusalem
1731 741 1817 796 his
1849 739 2162 811 significari,

595 849 650 894 et
678 855 771 896 cos
803 846 1049 908 spectare
1077 835 1391 891 vaticinium
1413 875 1427 897 ,
1453 835 1540 903 qui
1586 835 1708 888 inde
1734 834 1942 889 dimissi
1979 834 2030 887 in
2063 833 2164 888 hoc

595 933 797 985 tuumlo
821 939 1129 992 versantur,
1164 930 1512 996 futurumque
1545 938 1602 980 nt
1633 937 1751 998 post
1775 943 1876 980 Lsx
1911 942 2082 982 annos
2110 927 2161 980 itt

594 1019 769 1076 locum
799 1021 1087 1091 pristinum
1122 1021 1500 1082 restituantur,
1531 1019 1575 1073 si
1606 1021 1764 1074 modo
1794 1020 1844 1074 id
1872 1020 2026 1076 bonis
2051 1021 2164 1075 suis

595 1113 848 1181 operibus
882 1112 1164 1181 promeriti
1197 1111 1302 1165 sint
1326 1152 1340 1174 ,
1373 1123 1559 1179 utpote
1599 1113 1689 1181 qui
1738 1123 1927 1180 sponte
1966 1115 2016 1166 in
2051 1115 2164 1169 lucc

596 1195 824 1271 corpora
866 1204 1258 1256 descendentes
1289 1212 1440 1257 recte
1466 1206 1675 1273 egerint
1713 1223 1726 1257 :
1763 1205 1852 1273 qui
1882 1214 2061 1259 autem
2095 1205 2162 1258 ad

597 1295 813 1342 terrena
854 1288 967 1342 haec
993 1304 1114 1343 sese
1157 1299 1348 1357 sponte
1379 1291 1682 1357 demittere,
1710 1301 1765 1347 et
1809 1293 2004 1348 fratres
2034 1310 2162 1349 suos

597 1379 799 1433 imitari
849 1380 1142 1448 noluerint,
1192 1381 1424 1452 idipsum
1472 1399 1724 1453 passuros
1757 1387 1896 1454 quod
1926 1387 2164 1443 Sedecize

597 1472 871 1541 ipsiusque
927 1473 1120 1542 populo
1176 1475 1538 1529 comminatur
1589 1477 1883 1544 Dominus,
1923 1479 2159 1533 futurum

595 1579 792 1634 nempe
817 1575 874 1617 ιιι
907 1565 1086 1620 mittat
1130 1566 1182 1619 in
1215 1580 1309 1621 eos
1355 1568 1612 1635 gladium,
1649 1579 1704 1624 et
1740 1570 1957 1636 famem,
1983 1581 2036 1626 et
2067 1589 2161 1643 pe-

596 1666 770 1721 stem;
809 1675 826 1706 ι
855 1667 908 1709 et
935 1658 1022 1710 det
1051 1658 1102 1710 in
1129 1658 1463 1712 vexationem
1493 1660 1757 1716 universis
1783 1663 1959 1733 regnis
1984 1673 2160 1730 terrm,

596 1762 704 1815 quo
735 1747 939 1802 scilicet
977 1763 1314 1818 nequaquam
1353 1750 1628 1815 homines,
1677 1755 1768 1806 sed
1816 1758 1947 1808 fiant
1991 1770 2161 1812 aereae

595 1849 910 1909 potestates,
951 1851 1006 1895 et
1055 1843 1164 1896 sint
1209 1845 1345 1910 apud
1377 1854 1601 1897 cunctos
1632 1845 1852 1915 angelos
1897 1847 1985 1916 qui
2030 1863 2161 1916 prze-
2193 1819 2234 1874 Β

593 1933 705 1986 sint
751 1931 978 1999 singulis
1024 1934 1316 2001 provinciis
1357 1933 1410 1988 in
1463 1935 1935 2002 maledictiouem,
1997 1950 2051 1994 et
2107 1942 2158 1996 iu

597 2029 894 2091 stuporem,
942 2023 994 2078 in
1050 2024 1287 2091 sibilum,
1337 2033 1389 2080 ct
1449 2026 1500 2080 in
1555 2027 1901 2096 opprobrium
1955 2033 2162 2088 cunctis

597 2113 886 2182 gentibus;
922 2124 972 2168 et
1007 2115 1106 2169 hoc
1138 2130 1232 2169 eos
1276 2115 1481 2171 idcirco
1528 2133 1800 2186 passuros,
1841 2121 1964 2188 quia
2000 2122 2160 2176 verba

599 2204 984 2273 prophetarum
1015 2207 1066 2260 in
1109 2207 1312 2262 caelesti
1341 2206 1634 2264 Jerusalem
1657 2212 1844 2267 audire
1871 2214 2158 2281 noluerint,

593 2294 686 2364 qui
718 2309 810 2350 eos
845 2295 1202 2351 hortabantur
1227 2307 1284 2352 ut
1322 2298 1387 2352 ad
1428 2308 1640 2355 terrena
1667 2301 2072 2369 descenderent,
2109 2315 2162 2362 et

593 2399 789 2454 corpus
803 2386 1121 2442 humilitatis
1138 2398 1552 2456 assumerent,et
1569 2399 1685 2445 acta
1705 2394 2018 2461 poenitentia
2041 2407 2162 2464 post

594 2491 779 2532 verum
806 2479 1190 2535 sabbatismum
1211 2480 1382 2535 locum
1427 2482 1711 2550 pristinum
1745 2487 2098 2555 possiderent.
2135 2508 2152 2541 θ

669 2566 805 2623 XIV.
839 2571 1122 2626 Erroribus
1153 2579 1313 2640 porro
1342 2572 1445 2627 illis
1467 2590 1684 2644 aspersa
1711 2587 1835 2633 sunt
1857 2579 2161 2636 Adamantli

592 2675 758 2730 Opera
795 2677 914 2731 quae
947 2673 1180 2728 exstant,
1217 2681 1352 2734 quos
1381 2666 1425 2720 si
1450 2667 1727 2737 sigillatim
1758 2670 1995 2729 indicare
2053 2686 2161 2730 sat-

597 2766 839 2820 agamus.
889 2753 1174 2809 abutemur
1216 2757 1328 2810 utio
1379 2768 1583 2826 nostro,
1656 2771 1708 2817 et
1787 2763 1972 2820 lectori
2011 2766 2161 2822 fasti-

597 2843 743 2896 dium
803 2845 1153 2900 movebimus.
1210 2847 1440 2905 lllustria
1497 2861 1672 2908 tamen
1723 2856 1988 2924 seligenda
2036 2870 2161 2915 sunt

599 2936 866 3003 quaedam,
897 2953 1004 3006 quo
1026 2941 1187 2994 dictis
1211 2941 1409 2997 nostris
1436 2943 1568 3000 ﬁdes
1598 2947 1938 3021 adjungatur.
1977 2953 2160 3008 Tertio

595 3041 727 3096 ergo
774 3028 909 3083 libro
959 3031 1095 3100 Περὶ
1137 3034 1368 3104 ἀρχῶν,
1406 3053 1524 3109 cap.
1555 3040 1589 3094 5
1614 3080 1630 3105 ,
1685 3057 1831 3096 num.
1858 3043 1924 3110 4,
1962 3044 2162 3100 sicdis-

2262 554 2486 622 subjecti
2538 563 2665 609 sunt
2693 569 2758 608 ac
2808 551 3026 623 regendi
3066 564 3082 605 :
3126 565 3353 620 quorum
3407 551 3655 619 adiutorio
3693 561 3776 627 usi,

2261 657 2316 701 et
2343 646 2766 701 institutionibus
2795 661 2859 699 ac
2913 642 3213 714 disciplinis
3264 643 3585 700 salutaribus
3639 649 3780 705 refor-

2263 741 2416 804 mati,
2457 741 2632 795 redire
2656 755 2720 794 ac
2759 737 2970 793 restitui
2993 736 3060 790 ad
3091 744 3284 792 statum
3316 736 3654 794 beatitudinis
3679 756 3780 808 pos.

2263 841 2408 902 sunt.
2443 832 2524 886 Ex
2557 831 2754 902 quibus
2786 830 3064 892 existimo,
3103 838 3264 898 prout
3310 843 3411 899 ego
3455 830 3645 885 sentire
3681 847 3781 901 pos-

2261 897 2402 989 sunt,
2440 897 2588 979 hunc
2637 924 2882 978 ordinem
2947 897 3165 976 humani
3225 921 3442 991 generis
3497 923 3780 991 institutum,

2262 1018 2352 1087 qui
2392 1019 2575 1086 utique
2611 1016 2664 1071 in
2693 1016 2875 1071 futuro
2908 1013 3136 1079 saeculo,
3195 1014 3276 1070 vel
3308 1017 3783 1086 supervenientibus

2262 1109 2492 1176 saeculis,
2523 1125 2645 1165 cum
2677 1109 2876 1165 coelum
2911 1123 3104 1162 novum
3127 1146 3143 1171 ,
3172 1116 3226 1161 et
3256 1117 3399 1162 terra
3460 1123 3589 1163 nova
3625 1122 3784 1164 secun-

2263 1204 2388 1258 dum
2418 1203 2612 1258 Isaiam
2641 1202 2746 1257 erit
2774 1203 2844 1266 ",
2881 1200 3199 1256 restituetur
3240 1201 3293 1254 in
3351 1199 3497 1254 illam
3537 1200 3782 1266 unitatem,
3873 1254 3876 1256 γ

2261 1310 2420 1366 quam
2443 1295 2708 1362 promittit
2753 1294 3008 1348 Dominus
3043 1290 3219 1348 Jesus.
3256 1310 3277 1344 ι
3310 1291 3378 1346 Ει
3417 1307 3536 1346 mox
3565 1308 3697 1348 num.
3722 1295 3782 1349 3:

2269 1405 2287 1438 ι
2324 1387 2611 1443 Sciendum
2643 1397 2821 1442 tamen
2843 1395 2926 1441 est
2947 1385 3232 1456 quosdam,
3266 1384 3356 1454 qui
3402 1399 3466 1439 ex
3521 1400 3620 1440 uno
3663 1391 3783 1456 prin-

2261 1480 2425 1548 cipio,
2455 1482 2598 1550 quod
2627 1494 2792 1550 supra
2821 1479 3078 1544 diximus,
3111 1477 3312 1546 delapsi
3345 1486 3493 1542 sunt,
3531 1479 3580 1532 in
3611 1489 3782 1535 tantam

2264 1572 2636 1643 indignitatem
2693 1586 2759 1627 ac
2813 1571 3072 1626 malitiam
3121 1584 3181 1626 se
3231 1570 3469 1635 dedisse,
3521 1578 3575 1626 ut
3615 1571 3780 1643 indigni

2263 1665 2434 1721 babiti
2483 1664 2592 1720 sint
2641 1664 2982 1720 institutione
3033 1664 3154 1730 bac,
3191 1663 3275 1718 vel
3332 1663 3648 1732 eruditione,
3696 1680 3780 1734 qua

2261 1775 2358 1830 per
2388 1774 2604 1814 carnem
2663 1758 2957 1813 humanum
3022 1771 3191 1824 genus
3246 1755 3516 1826 adjutorio
3562 1757 3780 1812 virtutum

2262 1852 2564 1908 caelestium
2597 1851 2900 1906 instituitur
2931 1859 3094 1920 atque
3115 1849 3401 1914 eruditur;
3462 1850 3552 1903 sed
3608 1863 3637 1902 e
3685 1863 3783 1901 con-

2263 1947 2433 2000 trario
2493 1945 2653 1999 etiam
2682 1944 2981 1998 adversarii
3038 1953 3200 2013 atque
3232 1952 3589 2013 repugnantes
3610 1940 3683 1996 bis
3706 1942 3780 2010 qui

2265 2039 2588 2095 erudiuntur
2649 2046 2810 2105 atque
2873 2035 3208 2099 imbuuntur,
3265 2035 3550 2090 exsistunt.
3603 2053 3622 2086 ›
3669 2031 3780 2086 Tum

2263 2129 2422 2199 paulo
2448 2127 2669 2182 inferius
2695 2145 2710 2180 :
2751 2146 2770 2179 ‹
2804 2128 3022 2181 Interim
3049 2137 3155 2181 tam
3198 2128 3252 2181 in
3284 2127 3372 2182 bis
3399 2142 3517 2198 qua:
3548 2125 3779 2188 videntur,

2261 2228 2316 2274 et
2341 2217 2724 2286 temporalibus
2753 2218 2994 2283 saeculis,
3029 2234 3192 2288 quam
3222 2220 3273 2273 in
3306 2219 3418 2274 illis
3451 2233 3569 2288 qum
3603 2233 3693 2272 non
3718 2219 3782 2272 vi»

2261 2312 2478 2375 dentur,
2506 2319 2561 2364 ct
2588 2319 2787 2365 teter-na
2819 2319 2964 2372 sunt,
2993 2326 3182 2366 omnes
3216 2313 3302 2367 isti
3338 2328 3437 2383 pro
3487 2312 3672 2375 ordine,
3702 2327 3780 2381 pro

2263 2404 2494 2468 ratione,
2520 2418 2617 2471 pro
2646 2404 2826 2468 modo,
2853 2414 2907 2458 et
2956 2405 3270 2459 meritorum
3322 2404 3662 2475 dignitatibus
3693 2403 3781 2456 dis-

2263 2504 2576 2566 pensantur,
2610 2505 2666 2549 ut
2695 2495 2783 2550 alii
2811 2495 2863 2550 in
2896 2497 3108 2565 primis,
3147 2496 3238 2550 alii
3290 2497 3346 2552 in
3379 2497 3636 2562 secundis,
3667 2511 3778 2550 non-

2261 2587 2390 2642 nulli
2417 2589 2576 2642 etiam
2609 2588 2661 2642 in
2695 2588 2896 2644 ultimis
2922 2588 3253 2658 temporibus
3276 2631 3291 2657 ,
3322 2598 3382 2645 et
3412 2605 3504 2660 per
3530 2588 3706 2658 majora
3728 2602 3777 2642 ac

2260 2681 2507 2752 graviora
2555 2681 2840 2752 supplicia,
2866 2697 3072 2737 necnon
3104 2692 3158 2737 et
3198 2684 3454 2737 diuturna
3475 2723 3490 2746 ,
3521 2695 3580 2734 ac
3608 2678 3774 2743 multis,

2261 2782 2319 2825 ut
2350 2771 2420 2825 ita
2451 2772 2652 2837 dicam,
2705 2773 2917 2827 saeculis
2968 2773 3212 2837 tolerata,
3241 2773 3602 2843 asperioribus
3629 2785 3776 2825 emen-

2261 2861 2568 2917 dationibus
2601 2864 2855 2934 reparati,
2886 2873 2940 2919 et
2961 2865 3191 2919 restituti
3223 2865 3614 2920 eruditionibus
3636 2863 3778 2933 primo

2262 2952 2540 3024 angelicis,
2579 2963 2688 3008 tum
2715 2955 2911 3010 deinde
2951 2957 3116 3012 etiam
3167 2957 3509 3025 superiorum
3555 2956 3775 3026 graduum

2259 3046 2570 3110 virtutibus,
2615 3056 2671 3102 et
2699 3047 2777 3102 sic
2817 3063 2912 3118 per
2938 3047 3147 3117 singula
3187 3049 3251 3102 ad
3295 3048 3572 3117 superiora
3625 3061 3777 3117 prove.

590 3131 794 3217 putat:
836 3141 854 3175 ‹
912 3123 1084 3180 Unius
1129 3144 1363 3199 namque
1415 3142 1618 3190 natura:
1668 3149 1788 3191 esse
1840 3152 2025 3193 omnes
2074 3154 2227 3217 ra-C
2260 3140 2357 3206 cti,
2414 3155 2583 3210 usque
2621 3143 2686 3194 ad
2743 3156 2804 3196 ea
2857 3157 2977 3212 quas
3033 3152 3158 3197 sunt
3189 3143 3476 3197 invisibilia
3533 3150 3584 3196 et
3613 3150 3776 3195 aeterna

600 3211 881 3269 tiouabiles
927 3226 1209 3274 creaturas
1253 3236 1319 3274 ex
1368 3223 1546 3277 multis
1581 3228 1968 3283 assertionibus
2014 3246 2161 3285 cont-

594 3303 890 3370 probatur;
947 3321 1044 3376 per
1091 3309 1230 3376 quod
1288 3310 1457 3364 solum
1509 3313 1598 3368 Dei
1646 3312 1852 3381 Iustitia
1895 3318 1944 3372 in
1988 3322 2160 3374 omni-

595 3394 698 3448 bus
749 3410 934 3450 earum
982 3399 1474 3467 dispensationibus
1517 3404 1728 3460 defemli
1777 3419 1986 3476 potest,
2033 3414 2157 3466 dum

593 3501 929 3556 uuaqmequc
959 3488 1010 3542 in
1051 3493 1337 3563 semetipsa
1369 3496 1526 3550 habet
1554 3513 1766 3564 causas,
1792 3503 1932 3570 quod
1961 3503 2012 3557 in
2069 3504 2160 3560 illo

595 3579 678 3633 vel
710 3580 760 3634 in
788 3581 876 3634 illo
897 3582 1022 3637 vitae
1045 3585 1235 3640 ordine
1268 3587 1436 3655 posita
1462 3589 1550 3644 sit.
1596 3609 1614 3642 ι
1651 3591 1784 3646 Hinc
1812 3595 1998 3664 triplex
2029 3611 2160 3652 enu-

595 3685 772 3728 mcrat
803 3675 1200 3731 rationabilium
1231 3689 1544 3734 naturarum
1578 3697 1743 3752 genus
1777 3684 1880 3738 buc
1910 3685 2158 3755 delapsa-

594 3781 737 3830 rum,
760 3783 944 3822 carum
979 3769 1184 3824 scilicet
1224 3758 1352 3841 qua}.
1383 3775 1547 3845 gestis
1577 3776 1688 3830 suis
1726 3775 1776 3831 id
1815 3777 2012 3833 fuerint
2035 3796 2160 3847 pro-

599 3860 864 3924 merita}:
941 3861 1167 3917 aliarum
1223 3879 1344 3935 qua:
1408 3869 1811 3936 aspectabilium
1871 3873 2160 3940 cupiditate

600 3965 765 4020 rapta:
786 3953 888 4006 sint
913 3972 927 4017 ;
951 3965 1002 4008 ct
1029 3955 1238 4010 illarum
1261 3958 1475 4013 demum
1521 3976 1638 4030 quae
1663 3964 1824 4016 etiam
1854 3963 2036 4019 invita:
2091 3968 2156 4022 ad

591 4045 764 4099 ofl‘cia
787 4045 907 4100 aliis
926 4047 1228 4104 exhibenda
1259 4066 1288 4104 a
1315 4051 1424 4107 Deo
1456 4054 1719 4122 deputatae
1751 4055 1944 4122 sint,et
1972 4057 2023 4111 in
2049 4060 2160 4115 banc

596 4136 712 4191 loca
749 4137 1019 4210 rclcgatm.
1044 4140 1248 4208 Quibus
1278 4143 1558 4199 hominum
1606 4147 1812 4202 animas
1857 4149 2156 4220 significat;

594 4240 710 4287 tttut
757 4233 977 4303 angelos
1030 4233 1149 4289 illos
1191 4235 1281 4305 qui
1335 4237 1591 4292 mulieres
1644 4239 1929 4295 adamasse
1969 4243 2156 4298 crediti

593 4339 720 4382 sunt
749 4341 779 4380 a
808 4327 1180 4397 plerisque“;
1217 4344 1281 4384 ac
1327 4330 1549 4400 angelos
1585 4331 1814 4400 denique
1846 4333 2025 4388 tutelae
2065 4337 2159 4392 lto-

592 4421 800 4477 tniuum
835 4420 1134 4492 prmfcctos,
1161 4421 1246 4476 vel
1273 4438 1368 4479 eos
1399 4439 1537 4494 quos
1561 4440 1590 4479 a
1649 4423 1758 4479 Deo
1789 4440 1893 4480 non
1942 4427 2154 4494 missos,

2262 3233 2599 3302 perveniant,
2629 3232 2852 3302 singulis
2882 3233 3131 3288 videlicet
3171 3233 3475 3303 quibusque
3519 3231 3774 3288 caelestium

2260 3324 2516 3377 virtutum
2565 3323 2756 3378 ofﬁciis
2799 3323 3026 3392 quadam
3071 3325 3434 3379 eruditionum
3484 3324 3647 3405 specie
3680 3337 3775 3393 per-

2260 3416 2477 3484 agratis.
2514 3415 2586 3470 Es
2619 3430 2746 3486 quo,
2779 3425 2837 3468 ut
2873 3414 3082 3479 opinor,
3137 3415 3238 3471 hoc
3269 3416 3640 3487 consequentia
3680 3413 3768 3482 ipsa

2259 3508 2470 3562 videtur
2516 3509 2805 3564 ostendere
2839 3549 2854 3575 ,
2929 3523 3365 3577 unamquamque
3441 3505 3767 3563 rationabilem

2258 3611 2507 3655 naturam
2535 3615 2694 3671 posse
2745 3601 2813 3655 ab
2838 3616 2942 3655 uno
2973 3601 3024 3654 in
3070 3600 3299 3654 alterum
3336 3599 3574 3654 ordinem
3631 3607 3775 3650 trans-

2257 3701 2470 3745 euntem
2519 3705 2614 3760 per
2647 3691 2888 3759 singulos
2935 3690 2986 3743 in
3009 3692 3228 3754 'omnes,
3261 3698 3316 3743 et
3363 3689 3434 3744 ab
3457 3685 3684 3742 omnibus
3735 3683 3774 3734 in

2258 3783 2496 3854 singulos
2543 3784 2846 3854 pervenire,
2880 3782 3008 3837 dum
3050 3797 3304 3837 accessus
3333 3780 3654 3850 profectuum
3703 3773 3778 3826 de-

2259 3878 2563 3933 fcctnumve
2590 3877 2768 3931 varios
2797 3890 2895 3946 pro
2936 3875 3171 3930 motibus
3218 3875 3300 3929 vel
3357 3873 3629 3928 conatibus
3677 3882 3775 3936 pro-

2228 3971 2391 4041 'priis
2423 3969 2791 4039 unusquisque
2814 3983 2912 4039 pro
2935 3966 3094 4023 liberi
3137 3965 3350 4020 arbitrii
3401 3961 3637 4018 facultate
3681 3972 3776 4028 pet-

2260 4065 2479 4133 petitur.
2519 4081 2537 4114 ι
2573 4060 2835 4117 Nonnulla
2857 4075 2922 4115 ex
2958 4061 3043 4114 bis
3068 4059 3256 4115 Graece
3287 4056 3550 4124 descripta
3581 4047 3776 4117 reperies

2260 4155 2312 4210 in
2337 4156 2440 4210 line
2470 4153 2709 4223 epistolae
2738 4151 3028 4210 Justiniani
3051 4153 3114 4205 ad
3149 4150 3358 4204 Menam
3393 4158 3450 4203 et
3493 4143 3620 4214 apud
3644 4136 3776 4193 Maxi-

2259 4265 2401 4304 mum
2445 4245 3118 4315 Constantinopolitanum,
3178 4243 3296 4298 loco
3345 4239 3582 4310 proxime
3622 4234 3774 4288 citatO-

2259 4334 2366 4395 Has
2407 4354 2617 4409 quoque
2640 4337 3023 4394 conversiones
3046 4343 3099 4392 et
3128 4335 3451 4406 dignitatum
3474 4347 3533 4386 ac
3557 4327 3768 4384 ordinum

2258 4431 2676 4501 permutationes
2713 4431 2902 4485 statuit
2945 4439 3073 4484 tom.
3118 4445 3186 4482 xv
3214 4429 3268 4482 in
3315 4425 3528 4490 ΜαιιΙι..
3553 4436 3684 4477 num.
3701 4415 3771 4470 27.

595 4512 648 4568 in
690 4515 832 4568 hunc
866 4516 1146 4580 mundum,
1174 4515 1476 4570 doctrinam
1532 4517 1613 4572 vel
1657 4518 1993 4587 prophetiam
2031 4535 2151 4588 pro-
2187 4525 2228 4578 ι)
2257 4523 2426 4579 Tomo
2450 4538 2579 4579 vero
2615 4538 2875 4593 xut,pag.
2910 4521 3037 4585 594,
3068 4521 3325 4576 intrican
3353 4520 3498 4583 licet,
3524 4525 3575 4570 et
3600 4530 3626 4568 a
3648 4512 3774 4565 libra-

595 4606 870 4661 mittcntes
919 4609 1132 4662 venisse
1158 4609 1235 4663 ait
1285 4620 1416 4667 tom.
1453 4627 1522 4664 xx
1572 4610 1626 4662 in
1667 4609 1854 4675 Joan.,
1895 4627 2040 4665 num.
2065 4613 2149 4668 l7.

592 4695 781 4754 Priorc
820 4707 998 4753 autent
1032 4701 1170 4769 Περὶ
1209 4698 1410 4772 ἀρχῶν
1458 4703 1592 4760 libro
1613 4743 1626 4770 ,
1659 4720 1778 4774 cap.
1807 4705 1860 4772 6,
1891 4722 2034 4759 num.
2068 4706 2103 4759 2
2134 4723 2149 4760 :

596 4811 616 4846 ι
651 4793 727 4847 Ex
763 4792 846 4847 bis
895 4807 1046 4858 sane,
1079 4795 1276 4864 inquit,
1303 4797 1394 4865 qui
1431 4796 1484 4852 in
1535 4797 1626 4852 illo
1653 4797 1804 4852 initio
1844 4804 2155 4866 permanse-

591 4895 742 4950 runt,
777 4884 923 4954 quod.
971 4885 1151 4942 futuro
1206 4888 1296 4942 fini
1339 4890 1515 4946 simile
1570 4905 1689 4946 esse
1747 4892 2150 4961 descripsimus,

585 4978 808 5047 quidam
841 4993 910 5033 ex
971 4978 1104 5049 ipsis
1144 4980 1194 5034 in
1249 4983 1590 5039 ordinatione
1639 4999 1704 5039 ac
1755 4985 2152 5054 dispensatione

590 5072 778 5146 mundi
811 5072 1054 5127 ordinem
1094 5073 1396 5144 angelicum
1451 5077 1783 5142 sortiuntur,
1840 5077 1929 5130 alii
1976 5079 2150 5132 virtu-

591 5171 746 5231 tum,
813 5165 904 5220 alii
963 5167 1389 5238 principatuum,
1445 5169 1534 5223 alii
1595 5177 1988 5237 potestatum...
2036 5187 2154 5240 qua:

587 5255 770 5310 omnia
801 5257 880 5312 eis
902 5273 999 5327 pro
1027 5260 1245 5326 merito,
1273 5269 1328 5314 et
1356 5259 1686 5329 profectibus
1711 5263 1844 5328 suis,
1879 5245 2074 5331 quibus
2099 5264 2151 5318 in

592 5347 688 5402 Dei
728 5349 1199 5421 participationem
1264 5353 1731 5424 imitationemque
1791 5354 2150 5424 profecerant,

589 5456 744 5512 aequo
793 5439 1049 5512 iustoque
1075 5446 1282 5515 judicio
1307 5444 1486 5500 divina
1521 5445 1750 5501 contulit
1781 5444 2148 5501 Providentia.

590 5532 654 5589 Hi
683 5549 809 5589 vero
830 5536 921 5606 qui
945 5538 1010 5591 de
1032 5547 1173 5592 statu
1195 5539 1381 5610 prima:
1407 5538 1750 5594 beatitudinis
1783 5539 1909 5595 moti
1937 5539 2148 5609 quidem

590 5640 736 5695 sunt,
774 5645 883 5684 non
927 5639 1104 5686 tamen
1145 5631 1613 5688 irremediabilitcr
1664 5633 1817 5702 moti,
1864 5633 1969 5689 illis
2017 5647 2151 5702 quos

661 5823 706 5857 “
727 5823 858 5880 Gen.
883 5841 953 5892 vr,
978 5827 1031 5880 2.
1124 5831 1166 5859 ¹²
1191 5827 1293 5885 lsa.
1320 5847 1462 5899 vat,
1481 5829 1567 5884 2‘2.

2261 4619 2357 4673 riis
2387 4616 2617 4672 fortasse
2641 4625 2897 4685 corrupto
2945 4628 3191 4670 sermone
3225 4611 3558 4667 adversarias
3583 4610 3774 4676 potesla‘

2259 4721 2340 4768 tes
2365 4721 2580 4781 praptcr
2607 4708 2932 4765 ollensiones
2962 4707 3271 4762 hominibus
3309 4705 3556 4774 praebitas
3585 4703 3771 4764 corpora

2259 4807 2492 4863 humana
2532 4805 2733 4869 subire,
2767 4804 2818 4858 in
2844 4818 3015 4872 eoque
3048 4815 3236 4869 poenas
3272 4800 3420 4854 luere
3448 4795 3617 4852 tradit.
3658 4786 3769 4886 Idetn

2257 4917 2376 4971 cap.
2415 4898 2589 4954 8libri
2613 4898 2770 4968 primi
2800 4895 3178 4966 Περὶὰρχων,
3219 4909 3367 4948 num.
3402 4893 3425 4946 Ι
3459 4900 3510 4944 et
3551 4886 3600 4952 4,
3655 4889 3770 4950 pam

2258 4991 2568 5063 repetendo,
2603 4988 2833 5044 inculcat
2865 5007 2884 5042 ‹
2923 4986 3232 5058 angelorum
3258 4985 3488 5040 ofﬁcium
3512 4973 3698 5036 nonnisi
3717 4983 3768 5022 ex

2256 5083 2450 5138 merito
2471 5091 2752 5147 constare;
2796 5101 2814 5134 ι
2850 5082 3120 5135 daemones
3155 5094 3303 5143 vero,
3371 5096 3389 5128 ε
3426 5090 3519 5147 pro
3575 5067 3767 5127 m0tibus

2257 5176 2369 5231 suis
2390 5184 2445 5230 et
2477 5175 2829 5246 profectibus,
2857 5174 3054 5244 quibus
3097 5171 3150 5227 in
3188 5171 3392 5227 scelere
3450 5164 3763 5240 profecerunt.

2257 5266 2356 5324 hos
2380 5267 2596 5323 malitia:
2622 5267 2849 5322 sortitos
2875 5280 2994 5322 esse
3039 5266 3269 5337 gradus,
3310 5284 3330 5318 ι
3375 5274 3531 5333 atque
3573 5259 3636 5312 ita

2261 5361 2512 5431 nequitiae
2538 5360 2768 5423 dedisse.
2799 5360 2982 5428 utjam
3025 5357 3232 5413 libidini
3265 5357 3336 5411 sit
3367 5372 3427 5413 ac
3471 5347 3764 5409 delectationi

2259 5462 2560 5522 peccatum,
2591 5461 2643 5505 et
2667 5471 2684 5503 ι
2726 5460 2783 5505 ιιι
2819 5452 3062 5507 revocari
3088 5452 3284 5519 nolint,
3313 5449 3479 5521 magis
3505 5458 3648 5516 quam
3680 5449 3764 5490 twn

2256 5544 2483 5612 possint,
2509 5561 2527 5595 ι
2556 5542 2665 5599 Deo
2707 5559 2802 5613 pro
2829 5559 2924 5600 sua
2955 5544 3282 5613 benignitate
3310 5541 3483 5599 omnia
3513 5537 3574 5592 ad
3621 5525 3763 5587 beati-

2260 5637 2496 5693 tudinem
2552 5637 2857 5696 attrahente
2897 5648 2946 5696 et
2993 5645 3355 5708 provocante:
3387 5650 3418 5692 e
3473 5620 3763 5697 ratiollaliul”
