4054 6310
235 368 329 427 861

1052 352 1628 419 ORIGENIANORUM
1666 359 1794 417 LIB.
1833 357 1898 427 11,
1938 353 2090 417 CAP.
2128 360 2191 428 11,
2231 354 2504 429 ΩΗᾹΞΞΤ.
2548 358 2612 420 ν.

3355 370 3460 427 862

231 499 358 541 vero
388 491 705 538 naturarum
736 478 922 537 ordine
958 482 1025 533 ad
1065 478 1353 533 humanum
1386 494 1557 551 genus
1577 479 1797 548 explen-

1910 478 2201 550 ἐτάχθησαν
2225 479 2273 532 oi
2302 478 2443 535 οὕτω
2474 482 3020 567 προσαγορευόμενοι,
3042 477 3116 538 ὧν
3140 483 3199 536 τὸ
3247 483 3464 538 ὑποκεί-

232 577 356 632 dum
389 576 598 631 animas
624 574 929 647 seligi,qua3
959 581 1077 641 post
1103 572 1187 641 pie
1220 572 1649 628 administratum
1676 574 1798 627 vita:

232 681 468 741 tempus,
496 669 548 724 in
571 668 880 739 angelorum
914 665 1155 722 ordinem
1199 665 1393 720 iterum
1422 674 1793 721 assumuntur.

228 761 305 819 De
372 761 587 818 diabolo
638 762 832 814 iterum
864 757 956 812 lib.
1023 772 1085 811 ιιι
1135 758 1277 826 Περὶ
1320 756 1543 827 ἀρχῶν,
1594 772 1712 826 cap.
1742 755 1795 823 6,

230 870 381 911 num.
408 853 442 909 5
479 876 492 911 :
525 874 543 905 ‹
578 851 788 908 Destrui
835 864 984 917 sane,
1031 850 1227 919 inquit,
1261 848 1591 906 novissimus'
1620 848 1798 903 inimi-

228 965 325 1005 cus
382 950 455 1003 ita
498 945 876 1015 intelligendus
917 953 1024 1007 est,
1056 959 1161 998 non
1196 952 1252 996 ut
1306 941 1607 996 substantia
1659 938 1795 1008 ejus,

230 1058 354 1113 qum
385 1057 412 1095 a
458 1039 569 1096 Deo
599 1037 740 1092 facta
769 1046 871 1103 est,
902 1045 1110 1105 pereat,
1142 1036 1237 1091 sed
1273 1044 1330 1088 ut
1358 1033 1711 1103 propositum,
1744 1040 1799 1087 et

227 1135 484 1191 voluntas
511 1131 755 1196 inimica,
783 1145 903 1200 quae
932 1145 1037 1185 non
1068 1146 1096 1182 a
1127 1128 1260 1192 Deo,
1291 1127 1385 1182 sed
1430 1129 1495 1179 ab
1521 1126 1638 1195 ipso
1674 1140 1801 1194 pro-

230 1226 419 1290 cessit,
454 1226 704 1279 iutereat.
738 1240 759 1275 ι
790 1220 1019 1277 Ilomilia
1048 1221 1119 1276 ‘23
1155 1221 1209 1275 in
1251 1220 1381 1274 Luc.
1404 1218 1623 1289 angelos
1655 1218 1799 1285 illos,

227 1319 297 1374 de
335 1318 528 1389 quibus
574 1317 751 1387 agitur
792 1316 961 1385 Apoc.
1000 1330 1039 1368 ιι
1070 1323 1124 1368 et
1159 1329 1216 1368 ιιι
1251 1326 1526 1383 peccasse,
1571 1311 1799 1380 ideoque

230 1409 402 1466 fuisse
435 1426 464 1464 a
493 1408 701 1467 Joanne
742 1409 1100 1476 reprehensos
1135 1406 1230 1471 ait,
1282 1404 1516 1473 ipsisque
1554 1416 1676 1457 eum
1736 1418 1801 1459 ac

232 1499 543 1557 hominibus
611 1496 903 1553 salutarem
983 1494 1354 1564 ptenitentiam
1428 1491 1795 1560 praedicasse,

233 1590 684 1658 quemadmodum
740 1597 797 1641 et
854 1586 1223 1641 Servatorem.
1279 1582 1415 1637 Hinc
1459 1578 1702 1637 homilJ
1746 1584 1801 1636 in

231 1678 452 1743 Euchq
487 1694 634 1732 num.
668 1678 720 1741 1,
766 1691 886 1746 pag.
919 1674 1044 1739 570,
1081 1692 1099 1725 t
1146 1673 1371 1739 Quando
1409 1687 1559 1742 ergo,
1606 1672 1798 1742 inquit,

229 1771 407 1842 angeli
441 1769 885 1841 prmvaricantur,
911 1775 960 1821 et
998 1763 1085 1819 alii
1113 1773 1237 1820 sunt
1274 1763 1366 1833 qui
1397 1764 1486 1818 Dei
1534 1771 1797 1831 praecepta

1901 585 2060 639 μενον
2087 569 2185 624 οὐκ
2214 570 2340 625 ἄλλο
2372 572 2426 625 τί
2452 573 2650 643 ἐστινῆ
2680 572 2981 643 ἄνθρωπος,
3021 576 3112 629 καὶ
3138 575 3216 646 τῷ
3245 576 3465 629 ὑποκει-

1902 659 2048 729 μένῳ
2110 662 2421 734 συμϐέϐηκε
2480 664 2542 716 τὸ
2599 664 2771 736 θρόνῳ
2821 661 3041 737 εἷναι,ἢ
3100 668 3462 740 κυριότητι,ἧ

1900 749 2063 820 ἀρχῇ,
2092 751 2123 821 ἦ
2158 752 2374 825 ἐξουσίᾳ
2397 771 2409 784 ·
2450 755 2541 807 καὶ
2566 756 2623 807 ἐν
2649 755 2724 825 τῷ
2763 757 2934 827 Ἰησοῦ
2978 758 3032 810 δὲ
3059 758 3135 829 τῷ
3163 761 3255 812 τοῦ
3306 760 3463 829 Ναυῆ

1898 844 2072 894 κεῖται
2094 843 2153 895 τό
2177 861 2190 874 ⁸
2225 845 2397 913 Ὠφθη
2431 846 2509 917 τῷ
2554 847 2724 919 Ἰησοῦ
2753 849 3032 920 ἄνθρωπος
3060 852 3117 904 ὲν
3151 853 3376 924 Ἱεριχῶ,
3406 853 3465 916 ὃς

1903 951 2085 1003 φησιν’
2118 935 2269 1004 ’Ἐγὼ
2317 939 2749 1010 ἀρχιστράτηγος
2796 942 2999 1012 Κυρίου
3046 943 3322 1014 δυνάμεως
3349 945 3467 998 νυνὶ

1906 1025 2275 1097 παραγέγονα.
2297 1028 2421 1083 Inde
2444 1030 2527 1082 lux
2554 1030 2675 1084 huic
2704 1031 2817 1084 loco
2841 1031 3152 1104 Hieronymi
3182 1036 3342 1105 epist.
3395 1036 3457 1091 61

1904 1118 1969 1171 ad
2008 1116 2341 1181 Pammacln,
2368 1133 2484 1189 cap.
2508 1118 2542 1172 5
2569 1137 2581 1171 :
2615 1119 2752 1176 «Nec
2774 1120 3033 1192 Origenes
3065 1140 3300 1193 unquam
3325 1126 3461 1181 dixit

1906 1221 1973 1262 ex
2013 1207 2214 1275 angelis
2256 1209 2465 1264 animas
2508 1211 2655 1275 ﬁeri;
2687 1228 2809 1267 cum
2840 1215 2981 1282 ipsos
3012 1216 3233 1283 angelos
3263 1232 3458 1271 nomen

1903 1312 2023 1351 esse
2046 1297 2202 1352 ofﬁcii
2231 1300 2440 1365 doceat,
2472 1317 2575 1355 non
2618 1312 2844 1358 naturas.
2880 1322 2898 1355 ι
2937 1304 3048 1359 Hoc
3082 1316 3182 1371 est,
3232 1324 3335 1360 non
3366 1323 3460 1377 per

1907 1401 2115 1445 natura:
2146 1393 2550 1446 conversionem
2582 1395 2804 1464 angelus
2839 1396 3015 1449 anima
3055 1397 3468 1470 ellicitur,ejus-

1902 1482 2022 1534 dem
2059 1480 2253 1549 quippe
2278 1492 2481 1535 naturae
2516 1495 2669 1550 sunt;
2710 1487 2801 1539 sed
2836 1501 2933 1554 per
2984 1486 3140 1543 ollicii
3170 1501 3470 1544 commuta-

1908 1570 2130 1635 tionem,
2166 1583 2219 1625 et
2253 1573 2405 1642 quasi
2441 1573 2494 1626 in
2532 1573 2674 1627 aliud
2708 1576 3038 1631 domicilium
3072 1581 3464 1650 migrationem.

1910 1659 2015 1715 Sed
2038 1670 2092 1717 et
2124 1673 2253 1717 tom.
2291 1678 2419 1718 xvm
2449 1666 2499 1718 in
2531 1664 2715 1730 10011.,
2753 1683 2898 1720 unm.
2933 1667 3022 1732 58,
3055 1671 3365 1725 existimare
3410 1688 3469 1726 se

1904 1750 1980 1803 ait
2014 1752 2298 1807 divinitate
2331 1752 2455 1809 Jesu
2485 1756 2812 1826 stupefactos
2837 1758 3096 1826 quosdam
3138 1774 3169 1813 e
3211 1762 3469 1814 daemoni-

231 1822 565 1925 cuZtodirnnt,
612 1869 667 1913 et
717 1858 977 1926 judicium
1013 1855 1415 1925 praestolamur,
1453 1869 1557 1907 non
1626 1854 1797 1909 solum

1910 1845 2036 1908 bus,
2068 1845 2386 1912 paenitentia
2419 1822 2606 1902 ductos
2628 1851 2693 1901 ad
2726 1822 2899 1916 ipsum
2926 1849 3250 1920 confugisse,
3272 1852 3469 1921 quippe

229 1956 534 2018 hominum,
572 1968 754 2007 verum
784 1953 944 2007 etiam
980 1948 1096 2015 Dei,
1117 1959 1175 2003 ut
1208 1948 1518 2017 frequenter
1547 1948 1799 2013 diximus,

228 2055 344 2101 tam
394 2047 460 2101 de
510 2046 591 2098 his
623 2060 741 2114 qua:
791 2043 844 2098 in
882 2042 1254 2112 Apocalypsim
1303 2041 1609 2111 conscripta
1655 2050 1802 2108 sunt,

230 2154 397 2209 quam
450 2152 517 2190 ex
570 2136 688 2190 aliis
744 2132 1263 2198 itmntnerabilibus;
1319 2149 1511 2202 quare,
1561 2133 1803 2203 inquam,

231 2246 341 2285 non
369 2238 527 2284 terra:
556 2238 609 2281 et
640 2228 781 2281 aeris
811 2225 1067 2295 judicium
1097 2224 1168 2279 sit
1194 2223 1475 2279 futurum?
1516 2244 1535 2278 ι
1602 2222 1657 2277 ln
1697 2223 1803 2278 Ca-

236 2321 378 2376 tenis
426 2320 587 2389 regiis
619 2320 668 2372 in
692 2317 967 2381 Psalmos,
1000 2317 1064 2369 ad
1110 2316 1305 2385 psalnt.
1336 2332 1506 2379 χχχιι,
1531 2315 1586 2379 6,
1641 2316 1802 2369 verba

232 2414 349 2465 lucc
384 2411 479 2480 ipsi
510 2410 812 2464 tribuuntur
845 2426 858 2462 :
891 2408 965 2460 Οὐ
995 2408 1103 2477 γὰρ
1135 2408 1317 2477 νήπιοι
1350 2405 1662 2469 κτισθέντες
1686 2406 1803 2459 κατ’

225 2500 409 2568 ὀλίγον
442 2498 636 2570 μελέτῃ
668 2498 768 2567 τῆς
792 2496 887 2549 τοῦ
937 2499 1243 2568 πνεύματος
1276 2495 1540 2567 ὑποδοχῆς
1576 2496 1804 2564 γεγόνα-

228 2609 316 2646 σιν
344 2592 518 2657 ἄξιοι·
544 2590 659 2644 ἀλλ’
695 2592 751 2644 ὲν
777 2592 841 2660 τῇ
876 2587 1066 2660 πρώτῃ
1104 2587 1357 2641 συστάσει
1390 2589 1485 2640 καὶ
1532 2581 1610 2657 τῷ
1643 2581 1805 2639 οἱονεὶ

227 2684 511 2755 φυράματι
538 2682 636 2753 τῆς
667 2682 854 2743 οὐσίας
884 2680 1062 2733 αὐτῶν
1090 2678 1620 2749 συγκαταϐληθεῖσαν
1649 2678 1804 2748 ἔσχον

225 2776 327 2849 τὴν
356 2775 648 2845 ἁγίοτητα·
696 2774 775 2827 διὸ
824 2775 918 2826 καὶ
967 2772 1353 2843 δυσμετάθετοι
1411 2772 1544 2843 πρὸς
1606 2766 1804 2825 κακίαν

226 2869 392 2931 εῑσὶν,
445 2866 605 2929 εὐθὺς
650 2867 810 2919 οἱονεὶ
867 2865 1012 2936 βαφῇ
1067 2865 1143 2935 τῷ
1195 2863 1452 2935 ἁγιασμῷ
1503 2861 1806 2934 στομωθέν-

225 2978 344 3025 τες.
377 2962 439 3016 Et
461 2960 546 3014 illa
578 2974 788 3029 quoque
817 2961 882 3014 ad
934 2958 1125 3028 psalm.
1155 2972 1344 3023 cxvtn,
1387 2957 1479 3020 89,
1513 2972 1633 3025 qua:
1689 2955 1806 3009 alia:

229 3063 417 3108 tamen
456 3052 673 3107 Catena:
704 3049 929 3120 Ditlytno
957 3050 1237 3104 ascribunt
1272 3066 1286 3103 :
1320 3048 1379 3101 Εἰ
1404 3044 1459 3101 δὲ
1488 3048 1616 3119 περὶ
1638 3047 1805 3116 ἁγίων

1910 1936 2001 2004 qui
2035 1936 2250 1990 virtutis
2282 1938 2597 2006 capaciores
2648 1940 2778 2005 sint,
2816 1956 2978 2007 quam
3031 1940 3304 2007 homines;
3346 1959 3468 1997 cum

1909 2027 2166 2095 spiritalis
2222 2038 2433 2083 natura:
2482 2030 2608 2096 sint,
2645 2030 2887 2085 homines
2916 2046 3042 2086 vero
3084 2049 3355 2102 corporeae
3416 2044 3471 2090 et

1906 2118 2211 2174 crassioris.
2274 2119 2520 2190 Inprimis
2552 2137 2680 2176 vero
2732 2124 2930 2195 perlegi
2979 2126 3136 2179 velim
3177 2126 3324 2181 locos
3348 2126 3442 2183 Ori

1906 2211 2059 2281 genis
2092 2212 2159 2264 ab
2191 2210 2516 2282 Hieronymo
2545 2211 2886 2282 depromptos
2910 2214 3068 2283 epist.
3100 2214 3168 2270 59
3207 2216 3272 2270 ad
3300 2218 3470 2285 Avit.,

1904 2316 2027 2370 cap.
2064 2302 2117 2366 1,
2156 2302 2207 2355 in
2231 2303 2429 2371 quibus
2461 2305 2685 2358 rationis
2708 2305 2993 2374 participes
3020 2314 3242 2361 naturas
3262 2307 3473 2376 jumen-

1910 2400 2083 2446 torum
2124 2395 2443 2461 corporibus
2477 2395 2720 2464 colligari
2755 2406 2970 2465 propter
2999 2398 3191 2452 delicta
3241 2398 3469 2465 asserit;

1906 2483 2226 2547 daemonum,
2257 2484 2534 2538 hominum
2591 2485 3011 2557 angelorumque
3063 2499 3284 2542 naturas
3310 2490 3470 2543 simul

1906 2578 2197 2647 permutari
2236 2592 2299 2632 ac
2323 2579 2634 2647 permisceri
2662 2596 2677 2644 ;
2711 2581 2946 2635 siderum
2975 2582 3209 2649 ipsorum
3242 2582 3469 2645 animas,

1906 2674 2090 2735 utpote
2125 2667 2337 2721 ratione
2373 2666 2650 2737 praeditas,
2680 2671 2751 2725 ob
2802 2681 3020 2740 peccata
3053 2673 3136 2725 liis
3178 2668 3345 2727 fuisse
3371 2674 3471 2726 ad~

1904 2756 2114 2826 iunctas
2143 2760 2483 2829 corporibus,
2516 2777 2635 2831 qua:
2658 2762 2737 2814 vel
2764 2762 2905 2830 plus,
2925 2762 3005 2817 vel
3031 2763 3209 2818 minus
3236 2764 3469 2831 luceant,

1907 2859 2063 2919 prout
2099 2838 2243 2906 recte
2268 2851 2351 2906 vel
2380 2852 2519 2906 male
2548 2867 2606 2906 se
2636 2864 2936 2921 gesserunt.

1980 2942 2132 3009 Quod
2166 2954 2345 2999 autem
2364 2946 2553 3000 scribit
2578 2946 2911 3015 Epiphanius
2935 2949 2987 3002 in
3021 2949 3241 3019 synopsi
3274 2949 3401 3004 tomi
3431 2949 3471 3012 Ι,

1910 3033 2006 3090 lib.
2050 3051 2108 3103 ιι,
2143 3052 2265 3107 cap.
2298 3036 2387 3103 18,
2431 3037 2682 3092 docuisse
2733 3037 3017 3108 Origenem
3062 3042 3329 3096 desituros
3376 3041 3475 3096 ali-

225 3143 512 3215 δυνάμεων
560 3145 685 3215 φῆς,
720 3142 964 3211 ἀγγέλων
993 3138 1135 3212 φημὶ
1166 3141 1260 3193 καὶ
1310 3134 1680 3213 ἀρχαγγέλων,
1709 3156 1806 3193 κα-

1910 3129 2129 3198 quando
2182 3129 2425 3200 angelos,
2489 3129 2569 3185 sic
2633 3132 3040 3199 intelligendum
3090 3142 3195 3198 est,
3240 3132 3472 3187 futuram

225 3233 341 3298 λῶς
372 3235 478 3306 φῆς
498 3275 512 3299 ,
543 3234 785 3304 ἀκίνητοι
827 3233 933 3305 γὰρ
953 3272 967 3296 ,
1011 3232 1209 3303 μᾶλλον
1238 3230 1295 3284 δὲ
1348 3228 1651 3302 δυσκίνητοί
1702 3233 1805 3284 εἰσι

228 3325 372 3398 πρὸς
403 3326 464 3379 τὸ
487 3324 686 3379 κακόν·
712 3324 869 3377 τοῦτο
899 3322 1007 3395 γὰρ
1036 3316 1211 3375 πείθει
1245 3339 1311 3393 με
1342 3315 1517 3391 λέγειν
1546 3323 1574 3374 ὁ
1628 3319 1806 3374 πεσὼν

230 3419 511 3491 ἑωσφόρος
542 3419 608 3471 δι’
638 3418 889 3489 ἔπαρσιν,
917 3416 1198 3469 Scxcentis
1232 3416 1298 3468 ad
1332 3414 1445 3468 hinc
1476 3414 1609 3468 locis
1647 3427 1809 3481 ange-

233 3510 325 3566 los
357 3511 630 3565 hominum
662 3508 921 3563 custodia).
953 3506 1235 3576 prtelectns
1264 3520 1461 3559 munus
1490 3504 1594 3559 sibi
1637 3505 1810 3572 impo-

232 3605 403 3660 situm
435 3603 764 3672 negligenter
783 3614 1163 3669 nonnunquam
1194 3598 1370 3663 obire,
1395 3607 1450 3652 et
1470 3605 1808 3667 peccatorum

231 3701 307 3753 ab
362 3698 670 3753 hominibus
732 3694 1091 3749 admissurum
1121 3692 1368 3747 conscios
1411 3705 1534 3747 esse
1568 3707 1632 3744 ac
1668 3704 1808 3754 reos,

233 3802 634 3862 proptereaque
658 3789 831 3859 pwnis
878 3786 1150 3841 addictum
1196 3784 1263 3839 iri
1302 3784 1510 3838 deﬁnit.
1581 3781 1811 3836 lllustris

232 3899 370 3938 vero
398 3898 507 3951 pra:
535 3882 755 3950 reliquis
783 3879 933 3935 locus
969 3877 1055 3932 ille
1079 3887 1161 3931 est
1191 3892 1222 3930 e
1252 3887 1379 3930 tom.
1417 3891 1484 3928 xv
1510 3876 1564 3928 in
1595 3874 1808 3937 ΜαιιΙι..

238 3988 390 4028 num.
417 3971 508 4037 27,
533 3973 617 4025 nbi
645 3981 928 4041 postquam
958 3969 1177 4039 angelos
1219 3982 1324 4021 non
1373 3967 1588 4021 homine
1614 3965 1810 4025 Solum,

239 4063 410 4121 sedet
438 4065 643 4133 reliquo
671 4061 852 4116 mundi
904 4061 1117 4131 upilicio
1157 4060 1566 4129 prazstantiores
1591 4067 1647 4112 et
1670 4058 1813 4112 anti-

240 4160 462 4229 quiores
488 4172 606 4211 esse
634 4155 768 4210 dixit
795 4171 809 4208 :
843 4149 1119 4226 Τόλμησαι
1142 4194 1157 4219 ,
1196 4153 1387 4222 inquit,
1434 4148 1811 4221 ἀποφήνασθαι

239 4251 324 4305 ὄντι
353 4249 536 4302 πολλοὶ
564 4249 661 4320 μὲν
692 4247 958 4317 ἀγγέλων,
980 4246 1028 4299 οἳ
1074 4243 1279 4316 πρῶτοι
1323 4240 1463 4314 ἦσαν
1512 4238 1811 4312 ἀνθρώπων

240 4341 481 4397 γίνονταί
506 4360 663 4395 τινων
690 4340 989 4413 ἀνθρώπων
1018 4339 1234 4409 ἔσχατοι
1264 4354 1276 4367 ο
1310 4336 1493 4389 πολλοὶ
1507 4335 1564 4388 δὲ
1585 4335 1677 4387 καὶ
1706 4331 1813 4387 τῶν

240 4434 565 4507 ἀνθρώπων,
590 4433 638 4486 οἳ
669 4433 885 4503 ἔσχατοι
912 4433 978 4502 τῇ
1004 4430 1161 4500 φύσει
1182 4429 1505 4498 τυγχάνουσι
1521 4426 1628 4478 τῶν
1651 4423 1814 4493 ἀγγέ-

240 4524 369 4587 λων,
391 4524 629 4592 γὲνονται
661 4523 746 4577 διὰ
775 4520 865 4574 τὸν
899 4520 1042 4591 βίον,
1074 4519 1279 4574 καὶτὸν
1323 4518 1415 4571 τοῦ
1468 4515 1604 4569 Θεοῦ
1634 4515 1809 4584 λόγον,

240 4615 403 4671 τινῶν
430 4615 673 4685 ἀγγέλων
711 4616 769 4669 ἐν
796 4612 1032 4686 πρώτοις
1071 4612 1169 4684 μὲν
1192 4608 1560 4681 τεταγμένων,
1591 4606 1816 4677 γενομέ-

242 4726 350 4763 νων
400 4708 458 4761 δὲ
519 4707 584 4759 ἐκ
631 4724 788 4759 τινων
813 4702 999 4757 αἰτιῶν
1044 4701 1306 4772 ἐσχάτων,
1344 4699 1569 4771 πρῶτοι.
1612 4698 1817 4765 Quibus

247 4802 455 4870 reliqua
501 4799 864 4853 consentiunt.
916 4795 1144 4850 illustris
1192 4802 1246 4847 et
1296 4793 1398 4845 iste
1448 4806 1479 4845 e
1528 4799 1658 4844 tom.
1695 4803 1731 4841 ιι
1762 4788 1817 4840 in

244 4893 435 4957 Joan.,
466 4907 614 4945 ιιιιιιι.
643 4890 707 4944 17
731 4930 746 4953 ,
781 4890 831 4942 in
867 4903 974 4957 quo
1020 4886 1193 4956 angeli
1222 4894 1276 4937 et
1327 4882 1561 4936 hominis
1620 4892 1814 4933 nomen

246 4985 421 5039 eidem
444 4980 687 5050 subjecto
721 4993 1102 5047 nonnunquam
1142 4974 1362 5029 attribui
1392 4973 1558 5036 dicit,
1589 4972 1721 5024 adeo
1762 4979 1817 5023 ut

248 5076 410 5131 homo
438 5075 664 5143 angelus
691 5071 1001 5140 aliquando,
1027 5078 1080 5123 et
1130 5067 1352 5136 angelus
1388 5064 1625 5117 vicissim
1663 5064 1821 5116 homo

252 5167 566 5237 appelletur.
596 5164 729 5218 Tum
758 5162 975 5231 subjicit
1003 5165 1022 5215 ':
1060 5161 1171 5213 Καὶ
1199 5159 1279 5212 ἔτι
1331 5157 1528 5228 μᾶλλον
1567 5170 1820 5225 παραμυ-

252 5258 477 5330 θήσεται
528 5256 611 5309 ὅτι
648 5254 739 5308 ἐπὶ
782 5254 889 5306 τῶν
933 5250 1251 5323 κρειττόνων
1296 5248 1577 5319 δυνάμεων
1612 5246 1679 5298 τά
1702 5243 1820 5296 6V6-

253 5370 399 5423 ματα
425 5350 547 5420 οὐχὶ
580 5347 792 5419 φύσεων
817 5346 968 5410 ζώων
985 5347 1127 5399 ὲστῦθ
1149 5345 1405 5416 ὀνόματα,
1438 5339 1574 5393 ἀλλά
1597 5335 1820 5399 τάξεων,

253 5437 322 5496 ὧν
352 5444 447 5515 ἠδέ
478 5459 580 5506 τις,
608 5442 699 5494 καὶ
720 5440 814 5511 ἠδὲ
842 5438 1033 5506 λογικὴ
1058 5438 1215 5505 φύσις
1242 5436 1490 5503 τέτευχεν
1522 5430 1628 5484 ἀπὸ
1642 5428 1774 5481 Θεοῦ
1808 5443 1820 5456 ·

254 5534 440 5607 θρόνος
464 5534 570 5605 γάρ
600 5533 699 5586 οὐκ
728 5527 864 5594 εἶδος
894 5528 1054 5593 ζῴου,
1077 5528 1195 5580 οὐδὲ
1222 5527 1380 5599 ἀρχὴ,
1403 5525 1521 5579 οὐδὲ
1540 5522 1817 5593 κυριότης,

257 5628 372 5681 οὐδὲ
427 5624 647 5690 ἐξουσία
676 5664 689 5687 ,
739 5622 874 5676 ἀλλὰ
912 5621 1149 5691 ὀνόματα
1199 5618 1557 5690 πραγμάτων,
1618 5617 1701 5685 ἐφ’
1749 5609 1822 5669 ὧν

326 5807 371 5838 ³³
406 5806 613 5862 Culoss.
646 5821 682 5870 I,
714 5804 802 5859 ‘20.

1909 3220 2035 3275 olim
2068 3234 2249 3274 rerum
2279 3220 2516 3275 omnium
2545 3222 2949 3276 conversionem
2983 3231 3037 3275 et
3083 3223 3473 3278 ἀποκατάστα-

1913 3327 2020 3374 σιν,
2047 3311 2395 3380 redituraque
2418 3310 2483 3365 ad
2509 3313 2793 3380 pristinum
2850 3322 3047 3368 statum
3080 3314 3284 3380 omnia,
3314 3330 3477 3385 ange-

1910 3399 2100 3470 losque
2143 3403 2276 3455 adeo
2307 3415 2372 3456 ac
2421 3402 2693 3455 dtemones
2739 3402 2928 3456 eodem
2971 3402 3179 3459 futuros
3234 3404 3350 3459 loco
3370 3420 3477 3474 quo

1910 3491 2157 3557 fuerunt,
2186 3502 2477 3562 antequam
2515 3491 2807 3546 virtutibus
2845 3494 2958 3548 suis
2998 3494 3078 3548 vel
3110 3497 3349 3564 peccatis
3410 3497 3477 3550 ad

1913 3581 2246 3652 angelorum,
2296 3583 2667 3638 daemonumve
2712 3592 2959 3637 naturam
2997 3585 3211 3655 adjungi
3250 3585 3479 3641 meruis-

1910 3681 2055 3729 sent.
2086 3671 2254 3727 Recte
2278 3673 2327 3726 id
2353 3671 2503 3741 juxta
2535 3672 2787 3744 Origenis
2807 3674 3125 3727 sententiam
3150 3675 3370 3744 exponit
3393 3675 3482 3730 .Iu-

1912 3762 2182 3820 stinianns
2238 3764 2290 3818 in
2339 3762 2566 3834 epistola
2595 3766 2663 3820 ad
2694 3764 2939 3835 quintam
2979 3765 3269 3836 synodum,
3316 3781 3477 3837 quam

1914 3854 2109 3905 recitat
2128 3849 2423 3906 Cedrenus.

1988 3960 2108 4018 XV.
2146 3960 2547 4030 Verumtamen,
2574 3965 2880 4036 perspicuis
2917 3966 3043 4022 licet
3087 3978 3142 4024 et
3179 3969 3480 4028 illustribus

1914 4057 2239 4113 testimoniis
2283 4057 2633 4113 deliramenta
2654 4058 2916 4129 ejusmodi
2940 4059 3296 4119 Adamantius
3337 4079 3481 4133 sarpe

1913 4146 2231 4217 prodiderit,
2265 4148 2556 4219 aliquando
2582 4159 2779 4218 tamen,
2815 4152 2966 4220 quasi
3008 4151 3285 4225 Penelopae
3318 4156 3479 4212 telam

1914 4245 2188 4303 retexens,
2217 4243 2400 4309 priora
2441 4241 2654 4298 videtur
2695 4252 3011 4301 retractare.
3044 4265 3062 4296 ι
3105 4247 3234 4302 Vide
3262 4263 3413 4319 ergo,
3453 4267 3474 4302 ι

1915 4328 2093 4399 inquit
2124 4331 2314 4389 bomil.
2343 4333 2378 4386 2
2405 4334 2457 4388 in
2483 4334 2669 4399 Levit.,
2698 4351 2846 4390 num.
2887 4337 2941 4402 3,
2986 4356 3003 4390 ι
3040 4353 3107 4393 ne
3133 4337 3272 4394 forte
3301 4337 3481 4402 Jesus,

1916 4437 2075 4492 quem
2126 4421 2323 4479 Paulus
2346 4426 2391 4458 ’⁸
2449 4428 2582 4483 dicit
2638 4429 2958 4499 paciﬁcasse
3014 4446 3107 4499 per
3166 4432 3482 4503 sanguinem

1844 4537 1890 4592 ι)
1917 4525 2096 4577 suum,
2120 4526 2227 4567 non
2258 4514 2429 4569 solum
2455 4531 2574 4586 quae
2622 4520 2675 4574 in
2712 4519 2893 4585 terris,
2921 4522 3015 4575 sed
3061 4530 3114 4581 et
3143 4536 3262 4590 qua:
3290 4522 3342 4576 in
3373 4537 3486 4578 cte-

1916 4605 1986 4661 lis
2008 4616 2154 4674 sunt,
2178 4608 2319 4663 idem
2346 4610 2458 4678 ipse
2480 4611 2550 4665 sit
2586 4610 2807 4676 vitulus,
2839 4612 2930 4680 qui
2977 4611 3031 4666 in
3078 4614 3234 4668 caelis
3266 4615 3484 4686 quidem

1920 4716 2029 4757 non
2058 4715 2155 4771 pro
2177 4712 2419 4772 peccato,
2453 4703 2547 4758 sed
2588 4713 2641 4758 et
2688 4720 2786 4773 pro
2826 4720 3050 4760 munere
3099 4707 3314 4763 oblatus
3357 4720 3482 4766 est:

1923 4793 1975 4848 in
2008 4793 2171 4850 terris
2194 4804 2398 4859 autem,
2443 4794 2531 4849 ubi
2576 4794 2643 4849 ab
2693 4796 2861 4851 Adam
2921 4812 3093 4867 usque
3131 4800 3199 4853 ad
3258 4798 3477 4871 Moysen

1923 4887 2175 4958 regnavit
2209 4893 2509 4956 peccatum,
2543 4886 2755 4941 oblatus
2788 4888 2858 4942 sit
2880 4903 2977 4958 pro
2999 4903 3237 4959 peccato.
3270 4892 3335 4946 Et
3387 4894 3487 4947 hoc

1922 4987 2004 5033 est
2027 4993 2248 5048 passum
2274 4993 2393 5032 esse
2421 4990 2573 5034 extra
2603 4992 2803 5036 castra.
2849 5003 2867 5035 ι
2921 4983 2996 5037 Ex
3029 4981 3187 5051 hujus
3220 4984 3318 5037 loci
3350 4998 3483 5037 con-

1927 5077 2100 5132 textu,
2132 5070 2177 5123 si
2213 5069 2340 5137 quis
2388 5070 2652 5137 atteudat,
2676 5070 2903 5126 ellicitur
2925 5071 3072 5135 illud,
3101 5072 3152 5124 in
3191 5070 3330 5126 caalo
3363 5085 3489 5141 pec-

1926 5169 2108 5213 catum
2151 5175 2259 5215 non
2290 5160 2525 5215 admitti.
2554 5160 2783 5216 Humilia
2829 5175 3040 5232 quoque
3078 5163 3130 5214 in
3176 5161 3339 5215 Num.
3367 5178 3484 5227 xm,

1926 5267 2077 5308 num.
2108 5251 2159 5319 ’7,
2194 5267 2316 5306 cum
2347 5252 2667 5321 quatsiisset,
2693 5270 2789 5308 cur
2816 5271 2882 5310 ne
2909 5271 2939 5310 a
3005 5253 3257 5309 Balaamo
3284 5255 3486 5309 dtemou

1926 5358 2023 5399 nes
2064 5344 2407 5411 invocentur,
2442 5345 2691 5415 prohibet
2729 5347 2901 5413 Deus;
2956 5347 3241 5416 reSpondet
3287 5347 3489 5401 idcirco

1931 5436 2130 5492 factum
2162 5436 2313 5504 illud,
2356 5439 2496 5508 quod
2528 5438 2610 5494 vel
2652 5439 2861 5493 arbitrii
2917 5438 3107 5493 fuisset
3158 5438 3488 5494 daemonibus

1933 5531 2284 5600 relinquenda
2316 5532 2560 5597 libertas,
2616 5548 2912 5602 eorumque
2962 5531 3237 5588 furoribus
3293 5541 3347 5587 et
3408 5532 3489 5585 in-

1932 5624 2208 5693 temperiis
2247 5625 2635 5692 permittendus
2697 5626 2920 5695 populus
2977 5625 3109 5693 Dei;
3143 5627 3227 5681 vel
3277 5623 3487 5680 arbitrii
