4054 6310
624 385 732 442 863

1902 380 1962 434 Ρ.
2011 379 2324 435 DANIELIS
2362 379 2594 436 HUETII
3727 391 3818 448 864

631 508 880 562 libertate
919 504 1180 575 Spotiandi
1224 504 1451 559 fuissent
1496 503 1678 570 iidem,
1729 520 1796 558 ne
1835 503 1886 557 in
1933 503 2201 558 lsraelitas
2233 509 2276 564 Α
2308 503 2478 572 lapsu.
2505 502 2656 559 Tunc
2680 504 2782 559 erit
2810 505 2948 560 Deus
2986 503 3164 561 omnia
3199 504 3248 559 in
3269 507 3514 560 omnibus
3539 505 3664 571 ης»
3701 513 3819 578 quod

633 599 963 662 impotenter
995 597 1340 651 desaevirent.
1379 595 1718 653 Postremum
1754 598 1858 653 hoc
1888 596 1934 652 si
1991 597 2201 662 fuisset,

639 707 658 742 ι
693 690 791 743 hoc
821 699 960 753 erat,
991 688 1182 758 inquit,
1212 691 1499 744 damnasse
1560 688 1932 743 rationabilem
1985 699 2201 744 creatu-

636 791 772 840 ram,
803 789 854 831 et
893 787 1021 832 ante
1075 787 1286 846 tempus
1323 778 1571 833 intulisse
1616 776 1900 847 judicium,
1937 787 1993 831 et
2037 779 2205 847 impe-

635 867 779 922 disse
815 868 1085 932 omnibus,
1121 869 1212 936 qui
1238 868 1524 922 adversum
1563 883 1656 922 eos
1682 867 1736 921 in
1761 883 1932 936 agone
1955 877 2206 936 poterant

638 959 908 1013 coronari.
950 977 969 1010 ι
1029 959 1193 1024 Quasi
1244 958 1515 1013 daemones
1547 958 1600 1012 in
1634 959 1836 1026 judicio
1865 958 2124 1013 adversus
2147 973 2206 1013 se

634 1049 760 1106 olim
820 1053 1106 1104 statuendo
1155 1049 1246 1119 jus
1309 1049 1573 1104 libertatis
1641 1049 1858 1104 tandem
1917 1048 2206 1117 aliquando

635 1135 888 1198 amissuri
943 1141 1071 1197 sint.
1105 1141 1257 1208 Quod
1306 1142 1551 1210 quamvis
1574 1157 1680 1196 non
1716 1141 1920 1211 liquido
1956 1157 2019 1195 ex
2043 1155 2203 1210 supe-

638 1235 893 1301 rioribus,
921 1249 1096 1303 neque
1131 1235 1436 1289 necessaria
1461 1235 1846 1304 consequentia
1870 1243 2117 1303 cogatur,
2142 1247 2207 1288 eo

639 1337 817 1382 tamen
843 1327 1055 1380 videtur
1090 1325 1188 1380 loci
1246 1325 1402 1392 hujus
1436 1324 1694 1379 inclinare
1723 1325 2015 1388 sententia,
2072 1331 2127 1378 et
2176 1339 2205 1377 a

636 1418 904 1491 prioribus
958 1418 1165 1486 placitis
1216 1417 1484 1472 recedere.
1521 1416 1652 1471 Cum
1705 1416 2000 1486 pnesertim
2047 1414 2140 1470 lib.
2188 1431 2204 1470 ι

636 1511 774 1580 Περὶ
801 1511 1026 1579 ἀρχῶν,
1055 1525 1174 1578 cap.
1202 1509 1255 1574 6,
1285 1524 1431 1562 num.
1458 1509 1508 1573 1,
1537 1509 1602 1562 de
1626 1508 1932 1579 angelorum
1964 1507 2210 1562 libertate

636 1604 948 1658 accuratius
978 1610 1214 1668 acturus,
1240 1610 1288 1655 et
1312 1602 1565 1670 dogmata
1601 1614 1766 1668 supra
1806 1599 2058 1654 ventilata
2093 1598 2209 1655 l‘use

639 1694 1036 1763 propositurus,
1096 1693 1167 1746 ita
1211 1692 1614 1762 proloquatur:
1660 1711 1678 1744 ι
1734 1691 1863 1759 Quze
1921 1693 2137 1763 quidem
2178 1709 2207 1748 a

642 1786 798 1840 nobis
824 1787 986 1839 etiam
1023 1800 1148 1838 cum
1187 1799 1381 1853 magno
1413 1793 1557 1837 metu
1593 1793 1647 1838 et
1691 1783 1900 1838 cautela
1935 1783 2207 1848 dicuntur,

2306 595 2543 663 Apostoli
2580 595 2897 650 auctoritate
2925 596 3235 661 conﬁrmat,
3265 596 3354 666 qui
3405 596 3545 650 nulla
3578 613 3649 662 re,
3678 614 3820 668 quan-

2305 685 2553 740 tumlibet
2587 687 2734 756 gravi
2759 695 2814 741 et
2843 686 3086 750 molesta,
3117 702 3148 741 a
3204 686 3402 742 Christi
3433 688 3679 744 charitzte
3723 707 3821 749 sese

2305 775 2484 830 divelli
2517 791 2673 844 posse
2701 777 2942 832 declarat
2972 795 2987 831 :
3021 791 3252 846 cumque
3287 787 3432 832 tomo
3471 794 3576 832 xvu
3626 780 3674 832 in
3703 779 3821 836 hat--

2307 866 2496 922 tlucum
2527 910 2542 935 ,
2584 884 2732 922 num.
2766 867 2856 932 '50,
2911 882 3031 922 cum
3087 878 3352 937 quareret
3396 884 3568 923 annon
3617 870 3822 930 homines

2307 961 2505 1029 pietate
2557 960 2792 1028 insignes
2833 959 3008 1030 angeli
3049 961 3301 1025 evadant,
3345 959 3670 1014 dubitantem
3700 976 3750 1016 se
3781 975 3824 1019 et

2307 1052 2575 1106 incertum
2606 1051 2720 1106 ha-c
2766 1052 3094 1121 perscrutari
3120 1053 3265 1106 dicat
3295 1069 3308 1106 :
3337 1066 3566 1122 cumque
3587 1051 3680 1108 alio
3711 1052 3822 1122 loco,

2309 1153 2593 1213 postquam
2633 1142 2698 1196 de
2721 1142 2926 1212 angelis
2961 1142 3086 1212 quid
3130 1143 3352 1197 sentiret
3388 1142 3688 1213 explicavit,
3723 1145 3825 1200 talia

2309 1234 2598 1288 subuectat
2630 1250 2641 1284 :
2680 1251 2698 1285 ι
2733 1231 2859 1288 llaec
2888 1232 3040 1300 juxta
3085 1242 3325 1287 nostram
3383 1233 3688 1288 sententiam
3741 1251 3822 1290 non

2309 1326 2420 1381 sint
2444 1326 2714 1396 dogmata,
2749 1325 2843 1380 sed
2881 1326 3104 1394 quarsita
3139 1335 3367 1389 tantum,
3421 1335 3577 1395 atque
3607 1325 3823 1394 projecta,

2321 1433 2388 1473 ne
2417 1421 2631 1486 penitus
2671 1418 2955 1472 intractata
2982 1419 3288 1472 viderentur
3316 1417 3450 1489 (3|).
3496 1435 3516 1469 ι

2385 1507 2522 1562 XVI.
2552 1508 2669 1562 Jam
2705 1523 2830 1563 vero
2867 1507 3023 1577 ecqui
3075 1509 3344 1562 damnosa:
3392 1509 3516 1563 huic
3551 1524 3711 1566 causa:
3735 1511 3827 1566 suf-

2315 1608 2615 1682 fragentur,
2673 1607 3025 1676 inquiramus.
3069 1608 3146 1662 Ac
3178 1607 3409 1677 primum
3434 1609 3641 1680 angelos
3663 1621 3710 1665 et
3748 1613 3826 1667 ho-

2311 1701 2485 1756 mines
2544 1699 2819 1770 hyposlasi
2871 1698 3086 1768 quidem
3144 1700 3472 1766 discrepare,
3522 1710 3575 1754 at
3625 1703 3826 1756 eamdem

2310 1793 2510 1846 habere
2573 1802 2820 1845 naturam
2863 1791 3000 1845 dixit
3056 1789 3288 1847 Joannes
3327 1791 3738 1848 Damascen.lib.
3769 1794 3828 1849 De

638 1877 1054 1930 discutientibus
1110 1877 1282 1943 magis
1314 1886 1367 1928 et
1398 1877 1875 1944 pertractantibus,
1907 1891 2067 1945 quatn
2109 1892 2206 1944 pro
2239 1863 2279 1917 ιι
2315 1883 2521 1937 duabus
2548 1882 2916 1941 voluntatibus.
2959 1883 3207 1953 Ejusdem
3249 1899 3379 1938 vero
3407 1898 3526 1939 esse
3551 1885 3742 1955 angelos
3765 1887 3829 1940 in.

639 1978 790 2023 certo
823 1983 885 2023 ac
915 1969 1133 2023 definito
1163 1969 1541 2023 statuentibus.
1584 1967 1880 2022 Iudicatum
1915 1985 2146 2038 namque
2175 1986 2205 2024 a

641 2061 869 2116 nobisin
907 2063 1283 2132 superioribus
1306 2071 1408 2126 est,
1439 2078 1555 2130 qua:
1579 2062 1684 2117 sint
1710 2062 1776 2117 de
1806 2064 2005 2134 quibus
2032 2065 2206 2118 mani-

641 2151 776 2208 festo
801 2155 1048 2224 dogmate
1075 2153 1470 2208 terminandum
1507 2155 1576 2208 sit
1602 2197 1614 2214 ,
1641 2157 1782 2224 quod
1810 2166 1860 2209 et
1884 2171 1980 2226 pro
2007 2157 2209 2211 viribus

639 2261 738 2300 nos
793 2245 987 2301 fecisse
1041 2258 1189 2316 pulo,
1222 2263 1343 2301 cum
1399 2247 1463 2302 de
1516 2245 1784 2301 Trinitatc
1838 2247 2204 2318 loqueremur.

640 2335 792 2393 Nunc
827 2347 1002 2393 autem
1034 2339 1342 2408 disputandi
1367 2341 1546 2408 specie
1592 2339 1764 2408 magis
1791 2378 1806 2403 ,
1862 2354 2024 2408 quam
2078 2341 2210 2394 deli-

641 2431 843 2494 niendi,
862 2442 1019 2500 prout
1035 2447 1338 2500 possumus,
1360 2446 1679 2485 exercemur
1697 2449 1710 2496 ;
1727 2451 1744 2481 ι
1764 2448 1990 2500 euntque
2013 2448 2131 2502 cap.
2152 2435 2207 2498 8,

643 2540 768 2576 num
825 2522 879 2588 5,
906 2523 1063 2592 hujus
1092 2523 1212 2574 libri
1243 2523 1323 2577 sic
1352 2523 1588 2590 disputet
1621 2539 1634 2574 :
1689 2541 1706 2573 ι
1747 2523 2057 2578 Secundum
2115 2542 2212 2582 nos

644 2631 772 2668 vero
806 2614 935 2668 nihil
979 2623 1061 2668 est
1115 2614 1169 2667 in
1209 2615 1353 2667 omni
1400 2615 1706 2669 rationabili
1758 2626 2031 2683 creatura,
2067 2620 2209 2688 quod

643 2723 746 2760 non
790 2717 895 2760 tam
931 2707 1054 2761 boni
1086 2723 1244 2775 quam
1283 2705 1404 2758 mali
1451 2706 1520 2760 sit
1556 2721 1725 2775 capax
1761 2724 1773 2760 :
1805 2708 1897 2760 sed
1946 2723 2050 2762 non
2078 2725 2208 2763 cou-

643 2801 793 2852 tinuo
827 2800 954 2868 quia
985 2799 1212 2853 dicimus
1271 2797 1468 2851 nullam
1514 2814 1633 2853 esse
1669 2809 1913 2852 naturam
1954 2815 2072 2868 qua:
2103 2817 2207 2856 non

644 2890 811 2960 possit
847 2889 1084 2958 recipere
1111 2889 1331 2951 malum,
1361 2889 1563 2944 idcirco
1587 2890 1977 2945 confirmamus
1994 2907 2207 2946 onmem

643 2990 889 3034 naturam
918 2981 1184 3050 recepisse
1225 2981 1446 3043 malum,
1491 2981 1544 3036 id
1579 2991 1683 3046 est,
1710 2982 1905 3036 malam
1949 2998 2066 3038 esse
2131 2984 2210 3038 er—

645 3073 841 3126 l'ectam
872 3091 883 3125 :
922 3073 1060 3126 sicut
1089 3080 1172 3127 est
1203 3072 1380 3126 dicere
1415 3073 1556 3139 quod
1586 3075 1763 3129 omnis
1788 3075 2022 3130 hominis
2055 3083 2210 3130 natu-

651 3180 708 3217 ra
770 3163 959 3233 recipit
1012 3173 1071 3218 ut
1128 3163 1299 3233 possit
1352 3164 1632 3234 navigare,
1667 3182 1772 3221 non
1810 3176 1986 3222 tamen
2041 3184 2105 3222 ex
2146 3183 2210 3224 eo

648 3256 813 3308 etiam
847 3254 1020 3308 omnis
1045 3255 1204 3309 homo
1229 3254 1503 3324 navigabit
1537 3273 1551 3310 :
1587 3267 1642 3312 et
1686 3259 1880 3312 iterum
1908 3260 2054 3314 omni
2110 3262 2210 3314 ho-

651 3346 780 3400 mini
809 3346 1062 3415 possibile
1109 3355 1194 3400 est
1232 3347 1442 3402 discere
1497 3358 1667 3402 artem
1713 3352 2120 3420 grammaticam
2162 3362 2216 3406 et

647 3439 1010 3504 medicinam;
1071 3453 1173 3492 non
1231 3449 1408 3493 tamen
1446 3439 1646 3496 idcirco
1690 3443 1988 3496 ostenditur
2039 3443 2218 3498 omnis

647 3531 811 3585 homo
843 3529 924 3582 vel
962 3529 1200 3583 medicus
1240 3546 1383 3594 esse,
1425 3530 1506 3585 vel
1569 3533 1996 3600 granunaticus:
2056 3535 2127 3586 ita
2171 3534 2218 3588 si

648 3619 877 3675 dicimus
907 3619 1105 3674 nullam
1135 3635 1255 3675 esse
1285 3631 1529 3675 naturam
1568 3637 1687 3690 quae
1732 3639 1834 3676 non
1869 3623 2036 3691 possit
2084 3623 2218 3676 reci-

651 3728 778 3783 pere
809 3713 1029 3780 malum,
1062 3729 1166 3767 non
1224 3723 1401 3767 tamen
1445 3714 1700 3768 continuo
1742 3715 1904 3767 etiam
1954 3713 2222 3783 recepisse

654 3804 850 3857 malum
875 3805 1209 3874 designatur.
1244 3805 1550 3860 Secundum
1585 3821 1683 3860 nos
1720 3821 1955 3875 namque
1998 3823 2062 3860 ne
2107 3807 2222 3860 dia-

657 3896 810 3949 bolus
835 3895 1050 3964 quidem
1075 3897 1190 3964 ipse
1214 3897 1439 3964 iucapax
1473 3897 1574 3950 fuit
1598 3899 1756 3962 boui;
1793 3915 1897 3953 non
1931 3907 2104 3951 tamen
2141 3898 2222 3951 id-

647 3986 799 4041 circo
825 3986 955 4054 quia
987 3989 1164 4054 potuit
1194 3989 1436 4055 recipere
1468 3988 1694 4052 bonum,
1719 3989 1880 4043 etiam
1904 3989 2090 4055 voluit,
2138 3987 2221 4044 vel

659 4077 840 4130 virtuti
891 4091 1112 4146 operam
1145 4078 1331 4132 dedit:
1375 4097 1392 4130 ι
1465 4091 1519 4134 et
1573 4081 1730 4147 paqu
1776 4089 1926 4149 post,
1969 4096 2117 4134 num.
2147 4079 2219 4134 ιε

660 4189 680 4220 ι
708 4169 775 4225 Ει
807 4179 890 4224 est
919 4170 1055 4225 alter
1078 4171 1178 4224 iste
1209 4171 1341 4224 ordo
1375 4172 1704 4225 rationabilis
1730 4184 2014 4236 creatur-te,
2042 4174 2129 4241 qui
2165 4189 2224 4229 se

659 4263 732 4316 ita
765 4277 1003 4330 prtet‘eps
1038 4262 1294 4330 nequitia}
1318 4263 1481 4330 dedit,
1518 4271 1575 4315 ut
1619 4263 1858 4317 revocari
1894 4263 2025 4317 nolit
2053 4265 2222 4333 magis

654 4368 814 4423 quam
852 4369 954 4418 non
991 4353 1198 4423 possit,
1227 4355 1354 4405 dum
1388 4353 1650 4407 scelerum
1687 4354 1863 4407 rabies
1906 4352 2016 4420 jam
2060 4353 2223 4406 libido

651 4452 837 4507 est,ct
879 4445 1140 4511 delectat;
1175 4464 1192 4498 ι
1253 4455 1308 4500 et
1374 4461 1495 4499 cum
1537 4445 1628 4498 lib.
1684 4460 1714 4497 v
1765 4443 2117 4499 Commentar.
2168 4447 2222 4499 in

2319 1985 2399 2030 ter
2447 1990 2504 2030 se
2537 1985 2743 2029 naturae
2790 1984 2943 2029 tanto
2993 1991 3258 2030 consensu
3302 1974 3492 2030 Patres
3525 1974 3824 2043 allirmarunt,

2319 2078 2376 2122 ιιι
2410 2069 2548 2122 hanc
2572 2067 2736 2122 fuisse
2764 2067 3015 2122 Ecclesia:
3045 2068 3310 2122 universa:
3339 2068 3633 2123 doctrinam
3667 2083 3693 2122 a
3722 2085 3828 2123 non-

2318 2159 2476 2213 nullis
2509 2161 2775 2228 proditum
2802 2159 2870 2212 sit
2913 2177 2927 2212 :
2976 2157 3112 2212 bene
3155 2167 3336 2213 autem
3390 2158 3475 2212 vel
3532 2159 3660 2214 male
3702 2175 3829 2231 agere

2317 2265 2473 2320 posse
2499 2250 2715 2320 angelos
2745 2260 2800 2306 et
2833 2251 3123 2314 daemones,
3157 2257 3280 2319 post
3307 2250 3590 2321 Origenem
3617 2252 3704 2305 viri
3735 2268 3829 2321 gra-

2319 2359 2409 2398 ves
2440 2344 2640 2414 opinati
2696 2355 2838 2398 sunt.
2872 2343 3184 2397 Ambrosius
3214 2343 3360 2398 hunc
3403 2360 3663 2414 exponens
3711 2344 3825 2399 Pauli

2317 2433 2490 2488 locum
2522 2435 2588 2488 ad
2617 2433 2816 2504 Ephes.
2852 2450 2931 2497 ιιι.
2963 2435 3050 2500 10,
3082 2436 3352 2490 daemones
3395 2437 3462 2489 ab
3503 2451 3674 2491 errore
3715 2451 3830 2492 reto-

2316 2526 2428 2580 cari
2461 2540 2616 2593 posse
2667 2541 2764 2595 per
2799 2526 3096 2580 Ecclesiam
3121 2567 3137 2592 ,
3174 2537 3228 2581 et
3282 2541 3313 2580 a
3365 2527 3558 2581 diaboli
3605 2527 3827 2580 consortio

2323 2617 2597 2687 segregari
2622 2616 2850 2671 censuit.
2887 2617 3246 2688 Hieronymus
3273 2617 3326 2670 in
3360 2617 3592 2685 ejusdem
3624 2615 3827 2684 Epistolas

2317 2720 2433 2776 cap.
2466 2707 2517 2771 1,
2550 2722 2694 2761 vers.
2725 2706 2795 2760 22
2815 2722 2842 2760 -:
2882 2726 2901 2758 ι
2931 2706 3038 2763 Cur
3065 2715 3242 2760 autem
3266 2710 3474 2775 omnia,
3505 2708 3680 2778 inquit,
3698 2706 3740 2760 id
3765 2713 3827 2759 est

2317 2797 2512 2868 angeli,
2551 2799 2752 2863 throni,
2783 2799 3197 2864 dominationes,
3236 2809 3553 2869 potestates,
3573 2807 3623 2853 et
3651 2798 3827 2852 virtutes

2316 2898 2542 2954 ca'teras,
2568 2904 2684 2958 qua:
2715 2905 2985 2960 nunquam
3026 2890 3239 2944 fuerunt
3281 2892 3566 2945 contraria:
3607 2887 3718 2951 Deo,
3739 2886 3826 2956 ejus

2319 2980 2546 3048 pedibus
2599 2979 2996 3050 subjiciantur,
3065 2985 3276 3039 videtur
3325 2985 3631 3039 obscurum.
3686 2979 3829 3034 Potest

2319 3073 2500 3142 itaque
2533 3073 2844 3142 responderi
2871 3075 3013 3144 quod
3043 3079 3242 3148 absque
3269 3086 3494 3147 peccato
3525 3074 3685 3128 nullus
3703 3076 3761 3128 sit
3778 3072 3827 3137 ³⁸,

2318 3174 2371 3218 et
2397 3164 2573 3219 sidera
2602 3163 2717 3234 ipsa
2750 3179 2854 3219 non
2891 3168 3002 3220 sint
3037 3171 3232 3222 munda
3257 3184 3444 3222 coram
3473 3167 3647 3234 Deo”,
3672 3165 3830 3220 omnis-

2321 3265 2424 3320 que
2455 3262 2705 3304 creatura
2738 3265 2930 3320 paveat
2956 3252 3231 3310 Creatoris
3266 3256 3580 3309 adventum.
3624 3251 3754 3308 Unde
3791 3259 3830 3303 et

2317 3358 2453 3396 crux
2507 3343 2805 3399 Salvatoris
2843 3361 2948 3398 non
2999 3347 3172 3400 solum
3232 3362 3294 3401 ea
3339 3361 3465 3416 quae
3508 3346 3557 3399 in
3589 3356 3734 3406 terra,
3758 3341 3828 3396 sed

2317 3431 2479 3485 etiam
2508 3447 2572 3486 ea
2596 3448 2715 3502 qua}
2747 3434 2798 3488 in
2840 3434 2995 3490 caelis
3036 3446 3186 3490 erant
3213 3452 3482 3506 purgasse
3505 3435 3826 3506 perhibeturn

2319 3529 2374 3574 et
2399 3521 2556 3590 paulo
2597 3524 2844 3592 superius
2868 3525 2920 3579 in
2969 3525 3128 3595 hujus
3187 3527 3386 3595 capitis
3416 3541 3552 3580 vers.
3580 3524 3644 3578 ΞΟ
3687 3540 3697 3574 :
3742 3539 3759 3573 ι
3787 3519 3829 3574 Si

2320 3622 2498 3667 autem
2528 3625 2653 3668 sunt
2676 3616 3025 3685 principatus,
3052 3627 3102 3670 et
3140 3627 3459 3686 potestates,
3484 3628 3534 3671 et
3559 3616 3770 3678 virtutes,
3790 3621 3830 3666 et

2319 3704 2732 3770 dominationes,
2752 3722 2972 3762 necesse
2983 3718 3066 3762 est
3091 3719 3149 3762 ut
3166 3718 3220 3762 et
3248 3707 3524 3775 subjectos
3545 3708 3766 3768 habeant,
3791 3711 3830 3757 et

2322 3795 2574 3851 timentes
2598 3813 2674 3862 se,
2712 3809 2766 3852 et
2788 3801 3084 3854 servientes
3106 3799 3228 3864 sibi,
3257 3808 3312 3853 et
3335 3814 3438 3853 eos
3477 3797 3565 3868 qui
3592 3811 3677 3851 sua
3711 3795 3830 3848 forti-

2323 3886 2509 3942 tudine
2536 3889 2877 3945 roborentur.
2915 3889 3044 3956 Qua‘.
3101 3888 3514 3944 distributiones
3559 3886 3830 3949 olliciorum,

2324 3995 2427 4033 non
2480 3979 2650 4034 solum
2691 3979 3198 4049 imprtesentiarum,
3237 3981 3332 4034 sed
3392 3981 3550 4035 etiam
3599 3979 3644 4032 in
3692 3978 3832 4029 futuro

2325 4071 2523 4126 saeculo
2541 4064 2720 4138 erunt,
2752 4083 2806 4125 ιιι
2825 4088 2921 4141 per
2943 4073 3186 4142 singulos
3217 4073 3494 4142 profectus
3515 4112 3529 4136 ,
3555 4080 3604 4125 et
3627 4071 3830 4129 honores,

2323 4169 2376 4214 et
2400 4155 2760 4226 ascensiones,
2787 4173 2836 4216 et
2870 4163 3276 4230 descensiones,
3304 4165 3387 4220 vel
3423 4173 3624 4219 crescat
3660 4159 3828 4229 aliquis,

2325 4253 2411 4307 vel
2440 4254 2733 4322 decrescat,
2762 4265 2816 4309 et
2846 4258 2944 4311 sub
2977 4257 3081 4310 alia
3111 4266 3272 4327 atque
3299 4259 3405 4312 alia
3444 4265 3707 4328 potestate,
3750 4251 3832 4304 vir-

2339 4355 2470 4411 tute,
2517 4348 2820 4418 principatu
2854 4358 2908 4403 et
2939 4350 3305 4404 dominatione
3339 4351 3450 4404 ﬁat.
3483 4369 3500 4401 ι
3543 4350 3701 4417 Atque
3748 4343 3830 4397 lta'c

2323 4454 2446 4491 cum
2483 4438 2660 4493 Ruﬁni
2701 4441 3202 4508 reprehensionibus
3231 4453 3284 4497 et
3341 4442 3582 4497 censuris
3613 4440 3828 4506 exagiull

657 4535 826 4606 Epist.
858 4537 925 4589 ad
950 4535 1124 4601 Rom,
1161 4553 1309 4592 num,
1334 4537 1422 4601 ιο,
1447 4553 1567 4608 pag.
1595 4538 1720 4604 568,
1747 4549 2027 4609 postquam
2053 4538 2214 4591 liber-
2255 4555 2296 4610 υ
2330 4527 2579 4594 fuissent,
2613 4532 2692 4586 sic
2739 4548 2999 4588 excusare
3047 4545 3279 4588 conatur
3331 4534 3671 4604 Hieronymus
3695 4528 3784 4598 (52)
3817 4538 3828 4575 ε

653 4629 783 4682 tatis
823 4629 1097 4684 voluntate
1129 4631 1410 4700 prarditam
1450 4648 1568 4686 esse
1619 4643 1870 4686 naturam
1926 4629 2226 4700 quamlibet

656 4720 881 4774 rationis
928 4733 1232 4791 compotem
1285 4722 1565 4780 confessus
1611 4735 1712 4790 est,
1751 4741 1853 4779 non
1903 4740 1966 4778 ea
2004 4723 2225 4793 perinde

651 4811 729 4864 uti
753 4811 942 4864 doceat
979 4825 995 4864 :
1040 4831 1058 4862 ‹
1091 4813 1227 4878 Quid
1256 4824 1435 4870 autem
1462 4817 1555 4880 sit,
1581 4816 1778 4885 inquit,
1819 4815 1958 4884 quod
1996 4813 2048 4867 in
2085 4813 2222 4865 futu-

655 4903 731 4957 ris
784 4903 996 4958 smculis
1028 4913 1207 4960 teneat
1265 4908 1476 4964 arbitrii
1533 4911 1863 4972 libertatem,
1895 4921 1963 4961 ne
2009 4921 2220 4960 rursmn

652 5005 875 5051 corruat
907 4997 960 5050 in
995 5007 1301 5065 peccatum,
1339 4999 1485 5055 brevi
1515 5017 1612 5056 nos
1661 5015 1911 5055 sermone
1938 4997 2226 5067 Apostolus

655 5085 833 5150 docet,
868 5086 1057 5140 dicens
1085 5103 1100 5140 :
1131 5085 1377 5142 Charitas
1429 5106 1697 5161 nunquam
1721 5092 1862 5143 cadit
1892 5089 1967 5154 ”;
2022 5089 2226 5143 idcirco

652 5179 796 5232 enim
823 5189 877 5233 ct
903 5180 1005 5234 [ide
1028 5189 1083 5234 et
1111 5196 1206 5247 spe
1239 5183 1411 5250 major
1435 5185 1673 5238 charitas
1705 5184 1922 5247 dicitur,
1952 5182 2075 5251 quia
2111 5181 2223 5236 sola

655 5271 759 5323 erit
785 5285 882 5338 per
902 5287 1063 5342 quam
1103 5275 1339 5343 delinqui
1370 5275 1507 5329 ultra
1550 5292 1652 5330 non
1683 5276 1910 5346 poterit;
1951 5294 1970 5326 ι
2027 5275 2222 5328 deinde

655 5362 910 5430 subjiciat
955 5383 970 5418 :
1036 5384 1056 5418 ι
1095 5366 1160 5420 Ει
1202 5367 1321 5421 ideo
1367 5367 1559 5420 merito
1606 5367 1840 5420 Charitas
1871 5406 1886 5430 ,
1946 5380 2067 5434 qua:
2109 5365 2220 5419 sola

655 5459 895 5513 omnium
929 5456 1101 5526 major
1132 5467 1236 5523 est,
1270 5473 1486 5522 omnem
1515 5468 1813 5511 creaturam
1862 5457 2158 5512 continebit
2187 5471 2216 5508 a

721 5598 810 5652 ιιι
841 5598 960 5654 Cor.
994 5613 1109 5665 χιιι,
1135 5598 1188 5654 8.
1301 5601 1345 5630 ’³
1375 5599 1391 5652 l
1421 5598 1545 5652 Cor.
1578 5613 1666 5662 xv,
1695 5597 1787 5652 ‘38.

663 5740 842 5880 ὣς)ιέ
875 5742 1094 5812 Origcn.
1159 5745 1296 5814 apud
1354 5743 1500 5801 llier.
1570 5746 1724 5814 epist.
1776 5744 1843 5800 59
1918 5744 1984 5800 ad
2039 5743 2204 5810 Avit.,

1880 5598 1923 5627 “
1952 5596 2052 5651 Job
2085 5611 2170 5660 xv,
2207 5594 2291 5649 14.

2336 4638 2354 4671 ι
2395 4622 2488 4674 Sin
2513 4631 2688 4675 autem
2713 4633 2863 4693 putat
2901 4635 2954 4679 et
3003 4627 3208 4681 idcirco
3246 4642 3330 4680 me
3384 4627 3652 4694 Origenem
3694 4615 3828 4686 sequi.

2327 4712 2453 4780 quia
2493 4714 2768 4781 profectus
2795 4725 2849 4771 et
2880 4716 3135 4782 honores,
3179 4718 3522 4773 ascensiones
3568 4726 3621 4771 et
3651 4715 3830 4768 descen-

2330 4804 2552 4871 siones;
2608 4806 2940 4862 incretnenta
2995 4818 3047 4863 et
3103 4810 3502 4864 imminutiones
3555 4809 3604 4862 in
3661 4799 3828 4871 exposi-

2331 4895 2475 4949 tione
2509 4913 2624 4950 mea
2658 4899 2831 4967 posui,
2873 4901 3008 4955 sciat
3051 4902 3278 4955 multum
3307 4901 3586 4964 interesse,
3608 4898 3668 4952 de
3707 4906 3831 4959 auge-

2331 4983 2418 5049 lis,
2453 4997 2506 5040 et
2561 4991 2852 5057 seraphim,
2876 4997 2930 5042 et
2973 4990 3250 5043 cherubim
3285 4991 3463 5045 dicere
3513 4991 3769 5044 daemones,
3791 4989 3830 5032 el

2335 5079 2585 5137 homines
2631 5082 2770 5146 ﬁeri,
2813 5084 2956 5149 quod
2987 5082 3213 5137 aﬂirmat
3245 5084 3519 5154 Origenes,
3546 5092 3597 5136 et
3622 5081 3742 5149 ipsos
3768 5075 3830 5126 ἰη-

2335 5179 2414 5225 ter
2436 5187 2494 5226 se
2530 5174 2749 5243 angelos
2775 5175 2988 5230 diversa
3032 5175 3328 5230 olliciorum
3355 5189 3544 5246 genera
3572 5186 3678 5228 esse
3710 5162 3830 5221 sorti-

2330 5277 2431 5329 tos,
2469 5267 2609 5335 quod
2639 5267 2889 5322 Ecclesia:
2919 5284 3022 5323 non
3058 5279 3338 5338 repugnat.
3367 5267 3632 5335 Quomodo
3649 5274 3694 5317 et
3726 5263 3832 5314 inter

2329 5357 2574 5412 homines
2607 5360 2741 5413 ordo
2770 5358 3090 5428 dignitatum
3122 5375 3186 5413 ex
3211 5359 3408 5414 laboris
3431 5357 3674 5412 varietate
3694 5350 3830 5405 diver-

2330 5465 2421 5506 sus
2459 5461 2563 5517 est,
2599 5467 2720 5505 tum
2751 5451 3033 5522 cpiscopus
3067 5461 3121 5506 et
3153 5453 3458 5522 presbyter,
3488 5457 3540 5504 et
3589 5442 3742 5502 omnis
3759 5449 3830 5492 ec-

2367 5595 2414 5625 "
2441 5593 2541 5650 Job
2569 5607 2692 5656 xxv,
2719 5592 2773 5650 5.

2387 5741 2497 5814 (52)
2532 5749 2682 5812 Apol.
2716 5741 2829 5796 adu.
2863 5739 2985 5809 Ruf.
3015 5739 3106 5794 lib.
3133 5755 3169 5803 ι,
3197 5752 3312 5806 cap.
3338 5736 3389 5792 6.
