4054 6310
245 380 348 437 865

1049 376 1614 436 ORIGENIANORUM
1657 377 1783 432 LIB.
1827 377 1891 442 ll,
1933 377 2083 433 CAP.
2123 378 2190 441 II,
2226 377 2514 445 QUAES'I‘.
2557 378 2623 436 ν.

3387 393 3493 447 856

245 493 583 550 clesiasticus
606 492 804 566 gradus
825 492 1022 547 haheat
1046 492 1290 547 ordinem
1338 508 1513 556 suum,
1541 501 1594 546 et
1625 502 1802 546 tamen
1833 543 1834 549 η

1922 506 2042 553 τους
2075 493 2200 565 περὶ
2245 494 2314 546 τὰ
2373 494 2614 565 πρακτέα
2655 495 3100 566 καταγινόμεναι,
3153 500 3352 570 μᾶλλόν
3387 507 3496 559 εἰσι

245 600 437 642 omnes
466 585 715 641 homines
751 594 871 640 sunt
903 600 918 638 :
959 585 1038 639 sic
1069 593 1122 638 et
1155 584 1294 637 inter
1349 583 1568 652 angelos
1619 585 1808 636 merita

242 692 367 732 esse
406 677 644 742 diversa,
672 687 725 731 et
752 685 929 731 tamen
963 674 1015 728 in
1051 673 1296 743 angelica
1330 689 1518 728 omnes
1557 659 1810 742 persiste-

245 785 308 826 re
360 769 645 839 dignitate,
687 783 784 822 nec
838 767 905 822 de
953 764 1157 835 angelis
1209 764 1456 818 homines
1501 761 1654 827 ﬁeri,
1713 776 1811 816 nec

245 876 464 916 rursum
545 858 787 913 homines
844 859 895 910 in
963 854 1189 925 angelos
1263 854 1564 910 reformari.
1621 872 1640 906 ι
1696 851 1810 908 lloc

240 952 495 1020 Origeuis
550 951 687 1004 inter
745 959 798 1003 et
856 948 1166 1020 IlierOnymi
1226 947 1526 1001 doctrinam
1566 945 1808 1012 interest,

239 1045 390 1114 quod
429 1042 588 1097 unius
611 1055 729 1095 esse
774 1051 977 1094 natura:
1002 1039 1222 1110 angelos
1260 1047 1314 1092 et
1356 1038 1567 1091 animas
1595 1035 1685 1090 ille
1717 1052 1814 1090 au-

244 1130 509 1184 tumarit:
560 1138 612 1183 at
647 1143 748 1199 pro
789 1127 1020 1192 meritis,
1077 1127 1329 1198 gradibus
1376 1125 1544 1181 fuisse
1585 1125 1813 1182 diversis

240 1223 591 1286 constitutos,
614 1229 668 1274 et
699 1219 847 1274 varia
869 1217 1068 1272 obiisse
1093 1217 1288 1284 ollicia,
1318 1234 1436 1288 qua:
1455 1218 1652 1272 "tamen
1681 1219 1812 1273 sub-

242 1313 374 1369 inde
399 1328 494 1382 pro
517 1311 828 1365 meritorum
861 1312 1071 1365 ratione
1102 1320 1492 1377 permutentur,
1514 1309 1596 1363 vel
1650 1310 1810 1368 altius

233 1402 611 1471 ascendendo,
667 1403 752 1458 vel
799 1403 865 1457 ad
924 1401 1177 1456 inferiora
1237 1401 1565 1470 prolabeudo
1600 1419 1613 1454 :
1655 1411 1814 1470 atque

241 1496 406 1566 hujus
451 1494 836 1550 vicissitudinis
864 1496 1066 1564 gradus
1107 1510 1228 1552 esse
1265 1496 1600 1565 angelorum,
1631 1497 1812 1550 homi-

241 1604 375 1642 num
445 1602 507 1642 ac
559 1588 862 1640 daemonum
920 1597 1188 1642 naturam.
1267 1587 1625 1658 Ilieronymus
1685 1604 1812 1642 vcro

229 1679 555 1753 'angelorum
609 1679 824 1748 quidem
869 1690 1114 1734 naturam
1152 1680 1218 1734 ab
1266 1681 1500 1734 humana
1559 1680 1811 1745 secrevit,

239 1773 340 1826 sed
374 1771 552 1826 varios
578 1771 697 1825 illos
723 1771 919 1839 gradus
942 1781 995 1826 et
1021 1771 1236 1826 ordines
1269 1772 1476 1840 angelis
1507 1787 1603 1842 pro
1645 1772 1814 1825 virtu-

1910 579 2016 631 τῶν
2037 580 2208 634 ἄλλων
2243 582 2472 653 τρεπταί
2491 599 2503 611 ·
2542 582 2661 634 ὅσαι
2691 582 2747 634 δὲ
2781 582 2848 635 δι’
2875 584 3151 654 ἀκρότητα
3176 588 3388 656 φύσεως
3417 585 3498 663 τῷ

1910 669 2028 742 Θεῷ
2055 672 2194 725 κατά
2214 673 2396 742 σχέσιν
2420 673 2802 744 πλησιάζουσι,
2827 674 2920 727 καὶ
2935 678 3000 746 τῇ
3028 677 3216 732 τούτου
3239 683 3500 754 κατανοή-

1917 781 1998 816 σει
2039 764 2099 816 τὸ
2135 766 2399 836 μακάριον
2447 769 2784 838 καρποῦνται
2831 769 2966 837 πρὸς
3019 769 3216 834 ἑαυτὰς
3267 774 3359 826 καὶ
3408 775 3497 829 τὸν

1911 853 2042 908 Θεὸν
2080 855 2237 926 μόνον
2267 857 2660 928 ἐστραμμέναι,
2695 874 2802 911 των
2850 861 2946 929 μὲν
2981 861 3237 930 πρακτῶν
3264 863 3357 916 καὶ
3394 864 3498 936 τῆς

1913 947 2043 1018 ὕλης
2065 948 2404 1002 παντάπασιν
2436 949 2639 1012 ἑαυτὰς
2672 949 3142 1022 ἀπηλλοτρίωσαν,
3177 958 3244 1027 τῇ
3272 956 3328 1009 δὲ
3365 957 3497 1012 θεω-

1914 1039 2004 1112 ρίᾳ
2036 1040 2236 1111 καὶτῷ
2276 1041 2393 1112 Θεῷ
2435 1042 2882 1113 προσῳκείωσαν,
2920 1045 3169 1115 μένουσιν
3215 1046 3492 1119 ἄτρεπτοι.

1918 1152 1938 1188 ι
1962 1133 2196 1188 Rursum
2225 1148 2289 1187 ex
2323 1134 2405 1188 his
2433 1149 2552 1203 qua:
2586 1136 2825 1189 materiae
2871 1147 3123 1206 expertes
3164 1149 3308 1204 sunt,
3350 1157 3499 1211 qua?-

1917 1239 2128 1295 cunque
2173 1225 2224 1278 in
2263 1224 2393 1279 locis
2424 1234 2578 1279 terrm
2609 1227 2920 1294 propinquis
2962 1237 3272 1294 versantur,
3318 1231 3386 1285 ob
3407 1247 3497 1286 so-

1915 1316 2161 1370 cietatem
2205 1331 2366 1384 quam
2397 1314 2596 1368 habent
2633 1331 2755 1369 cum
2781 1316 3092 1370 hominibus
3124 1319 3267 1373 circa
3296 1335 3380 1374 res
3416 1337 3500 1391 ge-

1918 1407 2116 1460 rendas
2137 1417 2496 1476 occupantur,
2531 1408 2745 1460 caeteris
2777 1407 3150 1462 inutahiliores
3181 1422 3321 1468 sunt.
3349 1412 3500 1478 ρυευ.

1921 1513 2135 1568 cunque
2159 1506 2338 1552 autem
2364 1508 2583 1567 prepter
2600 1510 2808 1554 naturae
2832 1501 3203 1566 praestantiam
3230 1505 3296 1554 ad
3332 1503 3497 1558 Deum

1918 1605 2012 1660 per
2051 1591 2298 1645 ali‘ectum
2339 1593 2620 1656 accedunt,
2664 1602 2718 1646 et
2773 1608 2866 1662 per
2900 1593 3048 1647 illius
3089 1598 3496 1667 contemplatio-

1913 1698 2036 1737 nem
2080 1683 2413 1738 beatitudine
2445 1682 2726 1749 fruuntur;
2775 1687 2839 1739 ad
2874 1686 3079 1754 scipsos
3107 1697 3161 1740 et
3214 1689 3376 1742 Deum
3408 1705 3497 1743 so-

1917 1773 2028 1826 lum
2063 1788 2358 1837 converszr,
2407 1790 2434 1828 a
2465 1775 2623 1829 rebus
2655 1778 2880 1845 agendis
2906 1787 2960 1832 et
3007 1781 3228 1834 materia
3275 1783 3500 1838 omnino

243 1865 390 1920 tibus
424 1875 478 1919 et
527 1865 735 1919 meritis
774 1864 846 1918 ita
901 1865 1200 1934 assignatos
1254 1867 1620 1932 existimavit,
1651 1873 1707 1918 ut
1749 1867 1814 1919 ad
1847 1845 1891 1906 Β
1921 1879 1980 1919 se
2004 1864 2134 1933 ἱρείη
2164 1875 2549 1933 segregarunt;
2584 1868 3023 1936 contemplationi
3065 1885 3194 1924 vero
3230 1882 3282 1924 et
3311 1870 3418 1925 Deo
3439 1885 3498 1928 se

241 1957 524 2025 superiora
558 1955 850 2010 etiamnum
894 1957 1157 2026 aspireut,
1190 1966 1238 2011 et
1275 1957 1411 2012 bene
1455 1958 1659 2028 agendo
1693 1971 1814 2027 per-

242 2049 489 2115 veniant,
523 2049 605 2102 vel
653 2049 792 2103 male
819 2048 1028 2118 agendo
1059 2048 1123 2101 ad
1156 2047 1418 2104 inferiora
1443 2050 1815 2112 devolvantur,

245 2152 306 2196 et
330 2141 419 2195 alii
475 2141 672 2211 aliique
723 2141 803 2195 vel
844 2140 1116 2209 potestati,
1152 2139 1233 2194 vel
1283 2141 1607 2211 principatui
1660 2139 1819 2207 subji-

249 2236 488 2299 ciautur,
524 2234 834 2303 futurasque
861 2233 1022 2287 etiam
1059 2233 1361 2300 hujusmodi
1391 2235 1816 2304 permutationes

249 2327 306 2380 in
339 2337 620 2389 aeternum,
659 2324 751 2378 sed
782 2326 925 2377 intra
963 2337 1166 2378 naturae
1195 2325 1452 2391 angelicae
1486 2324 1648 2381 lines.

325 2418 554 2485 Angelos
603 2432 744 2487 a-gre
773 2416 1012 2484 quidem,
1053 2417 1144 2470 sed
1183 2431 1406 2485 peccare
1446 2423 1623 2469 tamen
1664 2432 1818 2485 posse

247 2510 435 2564 sciscit
481 2509 704 2563 Basilius
752 2509 936 2564 homil.
969 2509 1022 2561 in
1064 2507 1251 2576 psalm.
1298 2523 1489 2560 xxxii:
1537 2509 1816 2578 Δυσμετα-

246 2600 438 2663 θέτους
465 2596 603 2651 εἶναι
637 2598 771 2671 πρὸς
816 2599 1032 2663 κακίαν,
1060 2598 1120 2650 τὸ
1156 2597 1378 2669 μόνιμον
1413 2599 1492 2660 εὶς
1521 2598 1720 2668 ἀρετὴν
1751 2601 1816 2670 τῇ

243 2683 423 2763 δωρεᾷ
466 2691 558 2744 τοῦ
606 2692 759 2759 ἁγίου
819 2690 1127 2760 Πνεύματος
1166 2689 1408 2759 ἔχοντας.
1469 2707 1487 2739 ι
1541 2687 1704 2756 Ᾰίετθ
1752 2689 1816 2741 ad

248 2784 511 2838 malitiam
553 2782 798 2837 converti
841 2797 1021 2851 posse,
1047 2781 1407 2835 constantiam
1449 2780 1592 2833 illam
1623 2779 1676 2832 in
1713 2779 1821 2833 vir-

250 2883 366 2929 tute
401 2873 662 2929 beuelicio
701 2872 876 2927 sancti
909 2873 1146 2941 Spiritus
1188 2871 1468 2925 habentes.
1498 2889 1515 2922 ι
1554 2867 1821 2924 Maximus

251 2968 306 3022 in
343 2981 463 3035 cap.
498 2966 554 3020 II
602 2964 844 3033 Dionysii
877 2963 950 3016 De
979 2963 1172 3017 caleat.
1212 2961 1500 3026 hierarch.,
1532 2960 1674 3030 quod
1702 2975 1824 3029 gra-

248 3055 341 3109 tiae
361 3055 554 3109 divinae
575 3065 853 3122 acceptum
877 3060 994 3106 erat
1024 3050 1384 3116 referendum,
1417 3049 1482 3103 ad
1512 3049 1818 3118 angelorum

250 3145 522 3208 allectum,
553 3154 607 3199 et
634 3152 1003 3212 comparatum
1026 3143 1308 3211 quemdam
1333 3142 1576 3197 habitum
1615 3141 1815 3205 retulit,

249 3238 392 3306 quod
436 3237 590 3308 plane
633 3235 1011 3304 Origeuiauum
1058 3244 1141 3290 est
1178 3253 1189 3289 :
1226 3235 1411 3286 Ἔστιν
1453 3228 1566 3298 οὖν,
1621 3232 1815 3302 inquit,

249 3331 676 3401 ἐπιχειρήσαντα
722 3330 894 3382 εἰπεῖν
937 3326 1191 3391 εὐσεϐῶς,
1227 3327 1307 3380 ὅτι
1340 3329 1367 3379 ὁ
1393 3326 1522 3390 Θεὸς
1561 3322 1819 3397 προειδὼς

249 3420 430 3475 αὐτῶν
459 3419 553 3491 τὴν
591 3421 687 3490 τῆς
721 3420 961 3488 ἐφέσεως
1001 3419 1234 3489 κίνησιν,
1265 3416 1356 3470 καὶ
1387 3415 1486 3480 τὰς
1520 3414 1698 3468 αὐτῶν
1723 3415 1820 3468 τά-

250 3514 362 3581 ξεις
385 3513 539 3580 ἀξίας
569 3511 745 3566 αὐτῶν
779 3515 1099 3586 παρήγαγεν
1119 3528 1130 3540 ·
1169 3508 1227 3574 ἐξ
1247 3502 1320 3562 ὧν
1354 3508 1454 3561 οὐκ
1477 3507 1541 3561 ἂν
1564 3507 1708 3560 εἴποι
1739 3524 1824 3572 τις

248 3609 421 3671 αὑτὰς
451 3607 707 3660 δύνασθαι
755 3607 1026 3670 ἐκπεσεῖν,
1057 3602 1141 3656 διὰ
1184 3602 1280 3674 τὴν
1322 3601 1432 3668 ἕξιν
1465 3601 1585 3654 τινὰ
1624 3601 1826 3672 κτήσα-

249 3698 377 3755 σθαι
410 3699 543 3768 πρὸς
576 3698 635 3750 τὸ
668 3696 889 3765 ἀγαθὸν,
923 3694 1010 3748 διὰ
1043 3694 1138 3764 τῆς
1181 3692 1318 3761 ἄγαν
1359 3692 1629 3764 θελήσεως
1649 3709 1662 3722 ’
1701 3691 1826 3754 τοὺς

248 3793 308 3847 δὲ
353 3792 634 3861 ἀγγέλους,
677 3791 920 3844 τουτέστι
956 3789 1080 3851 τοὺς
1125 3785 1463 3849 τελευταίους
1498 3785 1825 3855 διακόσμους

251 3883 560 3956 ἐνδέχεσθαι
596 3883 742 3946 ἴσως,
776 3882 867 3936 καὶ
901 3882 994 3934 ἐπὶ
1025 3880 1084 3932 τὸ
1107 3881 1284 3951 χεῖρον
1331 3878 1603 3950 τραπῆναι
1623 3894 1635 3907 ’
1676 3873 1826 3930 εἶπεν

251 3976 448 4040 αὐτοὺς
493 3974 600 4046 γὰρ
634 3972 1042 4046 περικοσμίους,
1075 3971 1132 4038 ἐξ
1166 3963 1240 4024 ὧν
1272 3965 1444 4040 οἶμαι,
1474 3968 1568 4021 καὶ
1601 3967 1690 4020 τὸν
1711 3966 1828 4021 διά-

253 4068 408 4122 ϐολόν
435 4084 564 4121 ποτε
593 4062 729 4120 εἶναι
759 4066 862 4137 πρὸ
892 4064 983 4118 τοῦ
1017 4063 1091 4135 μὴ
1129 4063 1401 4116 ἐκπεσεῖν.
1452 4080 1470 4113 ι
1493 4060 1654 4116 Licet
1682 4060 1825 4114 enim

252 4161 341 4230 pie
363 4160 544 4213 dicere
571 4156 817 4228 aggredi,
844 4155 1007 4208 Deum
1037 4154 1250 4208 illorum
1276 4151 1586 4220 cupiditatis
1624 4160 1828 4204 motum

251 4250 660 4320 praeﬁdentem,
707 4247 924 4301 ordines
959 4245 1169 4300 illorum
1201 4244 1330 4314 ipsis
1370 4243 1560 4311 dignos
1587 4242 1828 4296 induxis--

252 4354 355 4395 se:
385 4355 449 4394 ex
472 4340 667 4408 quibus
713 4353 870 4392 nemo
911 4336 1122 4406 quidem
1165 4334 1361 4390 dixerit
1391 4333 1643 4388 excidere
1686 4333 1830 4402 ipsos

252 4443 451 4500 posse;
481 4435 760 4497 propterea
792 4427 932 4496 quod
955 4425 1197 4480 habitum
1218 4424 1500 4494 quemdam
1531 4421 1596 4476 ad
1627 4421 1826 4475 bonum

253 4517 502 4574 obtinent
553 4531 619 4570 ex
676 4513 979 4570 vehementi
1032 4512 1302 4566 desiderio
1347 4530 1362 4566 :
1400 4512 1619 4581 angelos
1667 4524 1820 4573 vero,

252 4619 556 4680 postremos
615 4621 807 4676 nempe
844 4605 1065 4660 ordines
1112 4602 1178 4658 ad
1236 4603 1531 4672 nequitiam
1590 4601 1819 4656 fortasse

255 4699 497 4756 converti
540 4714 714 4770 posse.
755 4697 861 4752 Eos
885 4697 1085 4766 quippe
1116 4695 1252 4750 dixit
1279 4691 1819 4756 circummttudanos;

255 4809 320 4847 cx
349 4791 544 4861 quibus
594 4791 846 4845 existimo
877 4789 1048 4843 luisse
1082 4787 1368 4857 aliquando
1401 4785 1691 4848 diabolum,
1721 4785 1824 4854 pri-

256 4898 485 4952 usquam
547 4881 840 4937 decideret.
867 4898 886 4932 ι
943 4880 1072 4945 Quae
1116 4893 1146 4933 e
1173 4877 1435 4948 Gregorio
1484 4875 1825 4931 Nazianzeno

256 4975 436 5046 aliqua
490 4989 552 5030 ex
588 4983 741 5042 parte
791 4971 1058 5026 Maximus
1109 4971 1323 5024 videtur
1355 4967 1693 5023 transtulisse
1727 4984 1742 5021 :
1782 4967 1828 5022 is

255 5067 397 5123 enim
434 5081 554 5120 cum
590 5063 735 5128 alibi,
778 5073 889 5118 tum
929 5073 1066 5120 orat.
1093 5062 1181 5126 38,
1218 5061 1292 5132 μὴ
1335 5061 1646 5131 ἀκινήτους,
1681 5058 1819 5113 ἀλλά

255 5158 604 5228 δυσκινήτους
647 5155 869 5226 angelos
897 5168 1016 5209 esse
1058 5153 1191 5216 vult,
1217 5150 1355 5221 quod
1387 5165 1416 5204 a
1452 5149 1557 5204 Deo
1580 5148 1734 5202 valde
1761 5148 1828 5202 ob

257 5245 714 5320 prepinquitatem
755 5246 1094 5300 illustrentur
1130 5261 1144 5297 :
1190 5245 1304 5298 haec
1349 5251 1526 5295 autem
1573 5239 1828 5314 inferiora

259 5358 379 5412 qua:
412 5339 646 5410 peccatis
671 5337 899 5392 obnoxia
934 5349 1088 5400 sunt,
1131 5335 1448 5390 secumlaria
1475 5342 1680 5385 tantum
1705 5331 1823 5387 luce

259 5427 386 5483 frui.
413 5424 602 5480 Sitnile
627 5433 711 5478 est
736 5423 862 5476 illud
890 5423 1125 5478 Nemesii
1148 5423 1242 5477 lib.
1276 5421 1350 5475 De
1374 5430 1561 5474 natura
1581 5420 1830 5486 hominis,

262 5536 379 5591 cap.
406 5519 470 5572 41
524 5535 538 5571 :
569 5515 736 5569 Πάλιν
774 5515 830 5568 δὲ
862 5515 1066 5570 τούτων
1096 5515 1203 5569 τῶν
1247 5514 1422 5568 ἀΰλων
1471 5513 1592 5565 ὅσαι
1640 5513 1738 5583 μὲν
1772 5514 1830 5565 ἐν

262 5614 369 5676 τοῖς
399 5607 706 5680 ’περιγείοις
730 5607 835 5659 εἰσὶ
850 5609 916 5679 τῇ
944 5607 1194 5678 κοινωνίᾳ
1215 5608 1280 5678 τῇ
1313 5602 1446 5675 πρὸς
1478 5602 1603 5665 τοὺς
1625 5598 1834 5672 ἀνθρὼ-

333 5814 446 5887 (55)
475 5802 725 5884 August;
753 5807 844 5865 lib.
875 5805 952 5863 De
991 5811 1196 5870 Ita!1‘€8.,
1231 5818 1346 5873 cap.
1376 5801 1468 5857 86.

1917 1954 2338 2023 coniunxerunt,
2400 1955 2765 2012 immutabiles
2825 1969 3108 2016 manent.»
3169 1963 3306 2029 Quid
3352 1963 3495 2032 quod

1915 2045 2152 2101 Joannes
2190 2045 2550 2101 Damascenus
2575 2045 2668 2102 lib.
2699 2063 2754 2100 ιιι
2793 2047 2868 2101 De
2898 2052 3106 2106 ori/md.
3138 2053 3255 2119 ﬁd.,
3285 2070 3404 2125 cap.
3440 2055 3497 2122 4,

1917 2137 2167 2207 angelum
2223 2153 2345 2193 eum
2407 2154 2663 2206 peccasse
2710 2148 2764 2192 et
2809 2141 2860 2192 in
2898 2151 3157 2196 tartarum
3221 2145 3498 2201 detrusum

1920 2227 2092 2283 fuisse
2127 2227 2304 2296 docet,
2359 2229 2447 2297 qui
2487 2231 2756 2285 terrestris
2778 2230 2984 2286 ordinis
3025 2236 3384 2303 principatum
3418 2247 3484 2292 te-

1920 2320 2099 2384 nebat,
2148 2321 2342 2389 cuique
2378 2322 2752 2376 custodiendae
2798 2332 2954 2378 terra:
2986 2339 3112 2378 cura
3149 2341 3176 2378 a
3211 2326 3318 2381 Deo
3353 2343 3501 2383 com-

1919 2407 2081 2462 miSSa
2115 2406 2334 2461 fuerat?
2386 2408 2868 2463 Germanissimum
2920 2425 3052 2463 vero
3103 2411 3498 2482 Origuuismum

1917 2501 2133 2570 sapiunt
2162 2501 2246 2554 illa
2291 2501 2499 2570 Evagrii
2529 2519 2542 2555 :
2579 2502 2842 2556 Ἕκαστον
2869 2503 3054 2572 τάγμα
3098 2503 3204 2556 τῶν
3234 2504 3498 2574 οὐρανίων

1917 2591 2217 2662 δυνάμεων,
2251 2591 2284 2663 ἢ
2312 2592 2430 2645 ὅλον
2458 2593 2521 2645 ἐκ
2545 2592 2652 2645 τῶν
2687 2593 2860 2660 κάτω,
2897 2595 2930 2665 ἢ
2959 2581 3078 2647 ὅλον
3108 2596 3198 2648 ἐπὶ
3229 2595 3334 2649 τῶν
3365 2597 3495 2662 ἄνω,

1918 2682 1951 2753 ἢ
1981 2685 2045 2735 ἐκ
2075 2684 2183 2736 τῶν
2208 2682 2318 2737 ἄνω
2367 2685 2461 2737 καὶ
2493 2683 2585 2737 ἐπὶ
2605 2683 2712 2737 τῶν
2733 2686 2882 2739 κάτω
2910 2686 3226 2757 συνέστηκε.
3275 2706 3293 2738 ι
3323 2687 3500 2743 Unus-

1919 2777 2154 2846 quisque
2183 2778 2316 2833 ordo
2342 2778 2598 2830 virtutum
2623 2779 2954 2844 cmlestium,
2981 2791 3072 2834 aut
3100 2790 3243 2835 totus
3265 2796 3331 2835 ex
3364 2782 3498 2836 iul‘e-

1922 2866 2186 2930 rioribus,
2213 2877 2308 2921 aut
2340 2877 2483 2924 totus
2511 2883 2573 2924 ex
2620 2870 3009 2939 superioribus,
3050 2874 3130 2926 vel
3155 2888 3219 2927 ex
3255 2874 3498 2943 superio‘

1922 2957 2076 3012 ribus
2111 2968 2166 3011 et
2219 2958 2566 3015 inferioribus
2596 2970 2828 3015 constat.
2857 2981 2874 3013 ι
2930 2963 3096 3019 ΜυΙιο
3156 2980 3281 3018 vero
3329 2967 3498 3036 magis

1922 3047 2008 3102 illa
2040 3065 2056 3104 :
2105 3049 2192 3114 Ἐξ
2228 3051 2521 3123 ἀγγελικῆς
2549 3054 2932 3118 καταστάσεως
2977 3057 3069 3109 καὶ
3102 3058 3498 3130 ἀρχαγγελικῆς

1921 3138 2123 3212 ψυχικὴ
2167 3143 2497 3207 κατάστασις
2520 3145 2760 3212 γίνεται·
2795 3146 2858 3199 ἐκ
2891 3146 2945 3199 δὲ
2976 3149 3073 3218 τῆς
3113 3149 3347 3221 ψυχικῆς
3386 3151 3499 3203 δαι-

1924 3232 2185 3303 μονιώδης
2218 3234 2309 3287 καὶ
2350 3234 2662 3307 ἀνθρωπίνη
2686 3254 2698 3266 ·
2738 3238 2802 3290 ἐκ
2827 3238 2880 3291 δὲ
2912 3240 3011 3310 τῆς
3040 3241 3383 3313 ἀνθρωπίνης
3410 3242 3481 3312 ἄγ

1920 3322 2066 3391 γελοι
2096 3324 2256 3378 πάλιν
2285 3327 2378 3379 καὶ
2403 3326 2654 3397 δαίμονες
2685 3329 2945 3396 γίνονται.
2987 3350 3005 3382 ι
3034 3330 3108 3384 Ex
3138 3334 3383 3404 angelico
3409 3350 3499 3389 or-

1923 3413 2069 3479 dine,
2097 3427 2150 3468 et
2179 3417 2556 3486 archangelico
2577 3417 2827 3472 animalis
2849 3420 2983 3473 ordo
3011 3421 3222 3474 exsistit
3251 3439 3265 3475 :
3295 3437 3360 3476 ex
3387 3423 3476 3477 ani

1924 3507 2047 3560 mali
2075 3514 2251 3560 autem
2306 3509 2670 3562 daemoniacus
2699 3519 2752 3562 et
2800 3510 3068 3565 humanus
3122 3530 3134 3565 :
3165 3527 3231 3566 ex
3262 3515 3498 3570 humano

1923 3605 2100 3650 autem
2136 3598 2310 3665 angeli
2355 3614 2540 3654 rursus
2566 3599 2947 3670 (lzeinonesque
2971 3602 3125 3658 fiunt.
3153 3621 3172 3653 ι
3202 3601 3501 3674 Utrumque

1925 3681 2104 3742 locum
2149 3690 2362 3743 adducit
2391 3689 2657 3744 Maximus
2687 3691 2738 3744 in
2779 3707 2898 3760 cap.
2935 3693 2968 3747 6
3027 3694 3261 3766 Dionysii
3301 3693 3376 3749 De
3415 3712 3500 3749 ec-

1925 3777 2048 3832 clea.
2080 3780 2340 3833 liierarch.
2373 3779 2542 3834 Favet
2588 3780 2762 3835 eidem
2804 3784 3041 3853 opinioni
3074 3785 3140 3839 de
3189 3786 3497 3855 angelorum

1926 3870 2302 3940 progressibus
2354 3880 2406 3925 et
2446 3873 2892 3929 conversionibus
2943 3879 3204 3930 sententia
3256 3879 3498 3946 quaedam

1925 3959 2261 4016 Tertulliano
2292 3963 2358 4016 ab
2387 3962 2688 4034 Augustino
2728 3963 2840 4036 (55)
2895 3965 3096 4030 afﬁcta,
3141 3984 3260 4038 qua:
3295 3971 3500 4026 animas

1929 4051 2205 4107 hominum
2225 4069 2466 4122 nequam
2493 4066 2611 4122 post
2633 4067 2863 4111 mortem
2901 4057 2952 4111 in
2979 4059 3249 4114 daemones
3277 4075 3500 4116 conver-

1928 4156 2045 4196 sum
2084 4141 2148 4194 iri
2188 4142 2446 4196 decernit.
2489 4143 2805 4214 Quanquam
2838 4146 2890 4200 in
2925 4146 3363 4205 Tertullianistas
3390 4153 3501 4206 crio

1929 4249 2048 4287 men
2083 4233 2222 4288 istud
2251 4234 2462 4289 derivat
2489 4237 2725 4291 Isidorus
2751 4237 2842 4292 lib.
2874 4255 2966 4294 vm
3007 4239 3238 4310 0rigin.,
3291 4258 3407 4312 cap.
3442 4243 3496 4299 6.

1930 4321 2027 4376 Hic
2073 4319 2189 4392 ipse
2219 4339 2377 4394 quem
2426 4326 2548 4381 dico
2576 4325 2914 4394 Iiispaleusis
2958 4328 3194 4386 Isidorus
3247 4332 3500 4386 nonnulla

1931 4413 2091 4468 habet
2129 4414 2530 4484 Origenismum
2573 4417 2772 4472 olentia
2818 4418 2912 4474 lib.
2943 4420 3267 4492 v|10rigin.,
3293 4438 3410 4492 cap.
3445 4423 3499 4488 5,

1935 4503 2296 4573 «Angelorum
2351 4514 2530 4559 autem
2573 4507 2916 4573 vocabulum,
2966 4509 3122 4565 olIicii
3167 4526 3358 4566 nomen
3397 4523 3500 4578 est,

1929 4608 2034 4647 non
2073 4602 2296 4660 naturae,
2325 4613 2346 4648 ι
2391 4596 2543 4660 cuius
2579 4598 2911 4667 pronuntiati
2959 4584 3220 4655 rationem
3255 4603 3394 4658 hanc
3424 4603 3502 4658 af-

1929 4681 2053 4747 fert,
2097 4701 2115 4733 ι
2146 4681 2371 4752 Semper
2398 4683 2541 4737 enim
2583 4686 2807 4754 spiritus
2839 4695 2986 4752 sunt,
3017 4687 3110 4742 sed
3140 4704 3259 4743 cum
3287 4691 3503 4744 mittun-

1932 4782 2035 4834 tur,
2076 4782 2341 4826 vocantur
2373 4772 2568 4842 angeli.
2599 4793 2617 4826 ι
2679 4773 2833 4841 Vere,
2863 4776 2954 4831 sed
2989 4777 3055 4831 de
3091 4779 3308 4834 nomine
3352 4794 3504 4849 quae-2

1931 4870 2160 4925 stionem
2193 4869 2353 4924 habet
2380 4867 2638 4924 Isidorus.
2666 4868 2927 4940 Origenes
2953 4879 3130 4925 autem
3154 4871 3397 4926 eamdem
3427 4871 3503 4924 lo-

1929 4961 2198 5016 cutionem
2257 4959 2360 5014 alio
2392 4975 2552 5014 sensu
2591 4967 2904 5031 usurpavit;
2950 4963 3001 5018 id
3030 4964 3172 5016 enim
3205 4963 3305 5016 sibi
3338 4962 3503 5017 voluit

1932 5065 2152 5107 naturas
2194 5051 2315 5106 illas
2339 5067 2457 5121 quae
2506 5053 2743 5123 angelica
2784 5054 3042 5124 dignitate
3075 5053 3343 5114 fruuntur,
3392 5069 3497 5109 nou

1931 5142 1982 5196 id
2021 5143 2280 5197 natalium
2325 5143 2445 5212 jure
2480 5143 2648 5199 fuisse
2681 5129 3021 5210 consecutas,
3071 5144 3164 5200 sed
3210 5143 3500 5201 virtutibus

1930 5235 2042 5290 suis
2060 5236 2222 5290 fuisse
2239 5237 2577 5304 promet-itas.
2599 5237 2793 5291 Subdit
2814 5237 3003 5292 deinde
3020 5235 3252 5290 Isidorus
3275 5255 3287 5291 :
3318 5254 3337 5288 ι
3367 5235 3503 5292 Uni-

1933 5327 2127 5394 cuique
2184 5327 2368 5390 etiam,
2426 5326 2563 5380 sicut
2608 5325 2921 5395 praedictum
2947 5332 3050 5388 est,
3082 5324 3295 5392 propria
3327 5323 3498 5378 olIicia

1934 5425 2060 5471 snnt
2093 5415 2358 5483 iniuncta,
2387 5432 2506 5484 qua:
2535 5431 2629 5471 eos
2667 5415 3027 5484 promeruisse
3072 5413 3124 5469 in
3160 5415 3342 5471 mundi
3374 5431 3502 5470 con-

1934 5516 2040 5562 stat
2061 5509 2306 5563 exordio.
2333 5527 2350 5559 ι
2388 5509 2552 5563 Plane
2600 5505 2953 5578 Ωριγενικῶς.

2011 5597 2168 5654 XVII.
2205 5598 2312 5656 Nec
2352 5599 2624 5671 sull'ragiis
2657 5599 2832 5666 modo,
2861 5597 2956 5653 sed
2989 5597 3195 5652 ratione
3223 5595 3384 5652 etiam
3414 5609 3502 5664 pu-
