  <div class='ocr_page' id='page_1' title='image "/cluster/home/n/w/nwhite01/storage/ocr_20150623/17/mdp.39015031604831/439.png"; bbox 0 0 4054 6310; ppageno 0'>
   <div class='ocr_carea' id='block_1_1' title="bbox 559 381 668 439">
    <p class='ocr_par' dir='ltr' id='par_1_1' title="bbox 559 381 668 439">
     <span class='ocr_line' id='line_1_1' title="bbox 559 381 668 439; baseline -0.009 0"><span class='ocrx_word' id='word_1_1' title='bbox 559 381 668 439; x_wconf 67' lang='grc' dir='ltr'><strong>8πῖ</strong></span> 
     </span>
    </p>
   </div>
   <div class='ocr_carea' id='block_1_2' title="bbox 1848 375 2537 434">
    <p class='ocr_par' dir='ltr' id='par_1_2' title="bbox 1848 375 2537 434">
     <span class='ocr_line' id='line_1_2' title="bbox 1848 375 2537 434; baseline -0.006 -1"><span class='ocrx_word' id='word_1_2' title='bbox 1848 377 1910 433; x_wconf 83' lang='lat' dir='ltr'><strong>P.</strong></span> <span class='ocrx_word' id='word_1_3' title='bbox 1953 376 2265 434; x_wconf 73' lang='lat' dir='ltr'><strong>DANIELIS</strong></span> <span class='ocrx_word' id='word_1_4' title='bbox 2302 375 2537 432; x_wconf 83' lang='lat' dir='ltr'><strong>HUETII</strong></span> 
     </span>
    </p>
   </div>
   <div class='ocr_carea' id='block_1_3' title="bbox 3708 364 3816 421">
    <p class='ocr_par' dir='ltr' id='par_1_3' title="bbox 3708 364 3816 421">
     <span class='ocr_line' id='line_1_3' title="bbox 3708 364 3816 421; baseline 0.019 -2"><span class='ocrx_word' id='word_1_5' title='bbox 3708 364 3816 421; x_wconf 79' lang='lat'><strong>868</strong></span> 
     </span>
    </p>
   </div>
   <div class='ocr_carea' id='block_1_4' title="bbox 562 468 3819 570">
    <p class='ocr_par' dir='ltr' id='par_1_4' title="bbox 562 468 3819 570">
     <span class='ocr_line' id='line_1_4' title="bbox 562 468 3819 570; baseline -0.005 -17"><span class='ocrx_word' id='word_1_6' title='bbox 562 511 728 570; x_wconf 81' lang='lat' dir='ltr'><strong>gnare</strong></span> <span class='ocrx_word' id='word_1_7' title='bbox 787 504 963 567; x_wconf 85' lang='lat' dir='ltr'><strong>potest</strong></span> <span class='ocrx_word' id='word_1_8' title='bbox 988 468 1271 566; x_wconf 82' lang='lat' dir='ltr'><strong>Origenes.</strong></span> <span class='ocrx_word' id='word_1_9' title='bbox 1306 503 1363 550; x_wconf 90' lang='lat' dir='ltr'><strong>et</strong></span> <span class='ocrx_word' id='word_1_10' title='bbox 1419 493 1600 566; x_wconf 85' lang='lat' dir='ltr'><strong>aliqua</strong></span> <span class='ocrx_word' id='word_1_11' title='bbox 1643 493 1839 549; x_wconf 87' lang='lat' dir='ltr'><strong>saltem</strong></span> <span class='ocrx_word' id='word_1_12' title='bbox 1886 494 2145 550; x_wconf 64' lang='lat' dir='ltr'><strong>doctrinae</strong></span> <span class='ocrx_word' id='word_1_13' title='bbox 2178 502 2223 558; x_wconf 82' lang='grc' dir='ltr'>Α</span> <span class='ocrx_word' id='word_1_14' title='bbox 2254 494 2373 549; x_wconf 88' lang='lat' dir='ltr'><strong>dem</strong></span> <span class='ocrx_word' id='word_1_15' title='bbox 2399 494 2600 562; x_wconf 81' lang='lat' dir='ltr'><strong>absque</strong></span> <span class='ocrx_word' id='word_1_16' title='bbox 2635 488 2883 546; x_wconf 66' lang='lat' dir='ltr'><strong>Ecclesiae</strong></span> <span class='ocrx_word' id='word_1_17' title='bbox 2913 501 3015 556; x_wconf 87' lang='lat' dir='ltr'><strong>ope</strong></span> <span class='ocrx_word' id='word_1_18' title='bbox 3070 485 3394 542; x_wconf 88' lang='lat' dir='ltr'><strong>intellexisse</strong></span> <span class='ocrx_word' id='word_1_19' title='bbox 3440 497 3459 539; x_wconf 91' lang='lat'><strong>:</strong></span> <span class='ocrx_word' id='word_1_20' title='bbox 3497 481 3819 553; x_wconf 78' lang='lat' dir='ltr'><strong>cognovisse</strong></span> 
     </span>
    </p>
   </div>
   <div class='ocr_carea' id='block_1_5' title="bbox 562 586 2137 657">
    <p class='ocr_par' dir='ltr' id='par_1_5' title="bbox 562 586 2137 657">
     <span class='ocr_line' id='line_1_5' title="bbox 562 586 2137 657; baseline -0.002 -15"><span class='ocrx_word' id='word_1_21' title='bbox 562 602 676 643; x_wconf 67' lang='lat' dir='ltr'><strong>sum</strong></span> <span class='ocrx_word' id='word_1_22' title='bbox 709 588 881 655; x_wconf 90' lang='lat' dir='ltr'><strong>capita</strong></span> <span class='ocrx_word' id='word_1_23' title='bbox 905 587 1210 642; x_wconf 84' lang='lat' dir='ltr'><strong>defemlere.</strong></span> <span class='ocrx_word' id='word_1_24' title='bbox 1236 586 1366 641; x_wconf 85' lang='lat' dir='ltr'><strong>Nam</strong></span> <span class='ocrx_word' id='word_1_25' title='bbox 1395 586 1643 640; x_wconf 90' lang='lat' dir='ltr'><strong>ordinum</strong></span> <span class='ocrx_word' id='word_1_26' title='bbox 1666 595 1721 641; x_wconf 90' lang='lat' dir='ltr'><strong>et</strong></span> <span class='ocrx_word' id='word_1_27' title='bbox 1740 589 2001 657; x_wconf 86' lang='lat' dir='ltr'><strong>graduum</strong></span> <span class='ocrx_word' id='word_1_28' title='bbox 2025 586 2137 647; x_wconf 90' lang='lat' dir='ltr'><strong>illa.</strong></span> 
     </span>
    </p>
   </div>
   <div class='ocr_carea' id='block_1_6' title="bbox 562 678 2139 751">
    <p class='ocr_par' dir='ltr' id='par_1_6' title="bbox 562 678 2139 751">
     <span class='ocr_line' id='line_1_6' title="bbox 562 678 2139 751; baseline 0 -18"><span class='ocrx_word' id='word_1_29' title='bbox 562 696 723 751; x_wconf 86' lang='lat' dir='ltr'><strong>quam</strong></span> <span class='ocrx_word' id='word_1_30' title='bbox 757 679 890 745; x_wconf 87' lang='lat' dir='ltr'><strong>dixi,</strong></span> <span class='ocrx_word' id='word_1_31' title='bbox 946 679 1275 747; x_wconf 80' lang='lat' dir='ltr'><strong>permutatio</strong></span> <span class='ocrx_word' id='word_1_32' title='bbox 1316 687 1543 733; x_wconf 88' lang='lat' dir='ltr'><strong>eatenus</strong></span> <span class='ocrx_word' id='word_1_33' title='bbox 1589 678 1796 732; x_wconf 79' lang='lat' dir='ltr'><strong>admitti</strong></span> <span class='ocrx_word' id='word_1_34' title='bbox 1853 688 2050 747; x_wconf 81' lang='lat' dir='ltr'><strong>potest,</strong></span> <span class='ocrx_word' id='word_1_35' title='bbox 2094 678 2139 733; x_wconf 92' lang='lat' dir='ltr'><strong>si</strong></span> 
     </span>
    </p>
   </div>
   <div class='ocr_carea' id='block_1_7' title="bbox 564 770 2143 840">
    <p class='ocr_par' dir='ltr' id='par_1_7' title="bbox 564 770 2143 840">
     <span class='ocr_line' id='line_1_7' title="bbox 564 770 2143 840; baseline -0.003 -12"><span class='ocrx_word' id='word_1_36' title='bbox 564 782 785 828; x_wconf 77' lang='lat' dir='ltr'><strong>servato</strong></span> <span class='ocrx_word' id='word_1_37' title='bbox 818 780 1129 825; x_wconf 77' lang='lat' dir='ltr'><strong>naturarum</strong></span> <span class='ocrx_word' id='word_1_38' title='bbox 1164 771 1219 826; x_wconf 92' lang='lat' dir='ltr'><strong>in</strong></span> <span class='ocrx_word' id='word_1_39' title='bbox 1269 770 1575 825; x_wconf 88' lang='lat' dir='ltr'><strong>hominibus</strong></span> <span class='ocrx_word' id='word_1_40' title='bbox 1607 780 1659 823; x_wconf 90' lang='lat' dir='ltr'><strong>et</strong></span> <span class='ocrx_word' id='word_1_41' title='bbox 1701 771 1907 840; x_wconf 76' lang='lat' dir='ltr'><strong>angelis</strong></span> <span class='ocrx_word' id='word_1_42' title='bbox 1949 770 2143 826; x_wconf 88' lang='lat' dir='ltr'><strong>discri-</strong></span> 
     </span>
    </p>
   </div>
   <div class='ocr_carea' id='block_1_8' title="bbox 564 860 2143 931">
    <p class='ocr_par' dir='ltr' id='par_1_8' title="bbox 564 860 2143 931">
     <span class='ocr_line' id='line_1_8' title="bbox 564 860 2143 931; baseline 0 -16"><span class='ocrx_word' id='word_1_43' title='bbox 564 861 729 923; x_wconf 86' lang='lat' dir='ltr'><strong>minc,</strong></span> <span class='ocrx_word' id='word_1_44' title='bbox 758 860 1005 916; x_wconf 87' lang='lat' dir='ltr'><strong>homines</strong></span> <span class='ocrx_word' id='word_1_45' title='bbox 1043 875 1142 931; x_wconf 88' lang='lat' dir='ltr'><strong>per</strong></span> <span class='ocrx_word' id='word_1_46' title='bbox 1174 861 1427 930; x_wconf 78' lang='lat' dir='ltr'><strong>gratiam,</strong></span> <span class='ocrx_word' id='word_1_47' title='bbox 1451 875 1637 929; x_wconf 91' lang='lat' dir='ltr'><strong>parem</strong></span> <span class='ocrx_word' id='word_1_48' title='bbox 1678 861 1884 930; x_wconf 89' lang='lat' dir='ltr'><strong>angelis</strong></span> <span class='ocrx_word' id='word_1_49' title='bbox 1912 861 2143 916; x_wconf 88' lang='lat' dir='ltr'><strong>beatitu-</strong></span> 
     </span>
    </p>
   </div>
   <div class='ocr_carea' id='block_1_9' title="bbox 564 952 2140 1024">
    <p class='ocr_par' dir='ltr' id='par_1_9' title="bbox 564 952 2140 1024">
     <span class='ocr_line' id='line_1_9' title="bbox 564 952 2140 1024; baseline 0.001 -18"><span class='ocrx_word' id='word_1_50' title='bbox 564 952 707 1006; x_wconf 88' lang='lat' dir='ltr'><strong>dinis</strong></span> <span class='ocrx_word' id='word_1_51' title='bbox 758 962 812 1006; x_wconf 90' lang='lat' dir='ltr'><strong>et</strong></span> <span class='ocrx_word' id='word_1_52' title='bbox 845 953 1028 1024; x_wconf 72' lang='lat' dir='ltr'><strong>gloria:</strong></span> <span class='ocrx_word' id='word_1_53' title='bbox 1080 953 1306 1022; x_wconf 84' lang='lat' dir='ltr'><strong>gradum</strong></span> <span class='ocrx_word' id='word_1_54' title='bbox 1353 954 1608 1023; x_wconf 88' lang='lat' dir='ltr'><strong>consequi</strong></span> <span class='ocrx_word' id='word_1_55' title='bbox 1660 968 1818 1023; x_wconf 88' lang='lat' dir='ltr'><strong>posse</strong></span> <span class='ocrx_word' id='word_1_56' title='bbox 1872 953 2140 1013; x_wconf 85' lang='lat' dir='ltr'><strong>dicamus.</strong></span> 
     </span>
    </p>
   </div>
   <div class='ocr_carea' id='block_1_10' title="bbox 562 1041 2137 1114">
    <p class='ocr_par' dir='ltr' id='par_1_10' title="bbox 562 1041 2137 1114">
     <span class='ocr_line' id='line_1_10' title="bbox 562 1041 2137 1114; baseline 0.002 -17"><span class='ocrx_word' id='word_1_57' title='bbox 562 1041 763 1099; x_wconf 80' lang='lat' dir='ltr'><strong>Probat</strong></span> <span class='ocrx_word' id='word_1_58' title='bbox 790 1055 968 1100; x_wconf 88' lang='lat' dir='ltr'><strong>autem</strong></span> <span class='ocrx_word' id='word_1_59' title='bbox 988 1045 1137 1100; x_wconf 88' lang='lat' dir='ltr'><strong>istud</strong></span> <span class='ocrx_word' id='word_1_60' title='bbox 1169 1044 1446 1111; x_wconf 78' lang='lat' dir='ltr'><strong>angelicus</strong></span> <span class='ocrx_word' id='word_1_61' title='bbox 1492 1047 1678 1100; x_wconf 83' lang='lat' dir='ltr'><strong>doctor</strong></span> <span class='ocrx_word' id='word_1_62' title='bbox 1701 1054 1842 1114; x_wconf 88' lang='lat' dir='ltr'><strong>part.</strong></span> <span class='ocrx_word' id='word_1_63' title='bbox 1873 1060 1912 1108; x_wconf 90' lang='grc' dir='ltr'><strong>ι,</strong></span> <span class='ocrx_word' id='word_1_64' title='bbox 1945 1051 2137 1113; x_wconf 70' lang='grc' dir='ltr'>(ιιιπιθι.</span> 
     </span>
    </p>
   </div>
   <div class='ocr_carea' id='block_1_11' title="bbox 564 1133 2142 1204">
    <p class='ocr_par' dir='ltr' id='par_1_11' title="bbox 564 1133 2142 1204">
     <span class='ocr_line' id='line_1_11' title="bbox 564 1133 2142 1204; baseline 0.003 -16"><span class='ocrx_word' id='word_1_65' title='bbox 564 1133 688 1199; x_wconf 78' lang='grc'><strong>108,</strong></span> <span class='ocrx_word' id='word_1_66' title='bbox 724 1148 888 1204; x_wconf 85' lang='lat' dir='ltr'><strong>atque</strong></span> <span class='ocrx_word' id='word_1_67' title='bbox 929 1134 1061 1189; x_wconf 86' lang='lat' dir='ltr'><strong>illud</strong></span> <span class='ocrx_word' id='word_1_68' title='bbox 1102 1150 1223 1189; x_wconf 91' lang='lat' dir='ltr'><strong>esse</strong></span> <span class='ocrx_word' id='word_1_69' title='bbox 1262 1134 1413 1201; x_wconf 90' lang='lat' dir='ltr'><strong>dicit,</strong></span> <span class='ocrx_word' id='word_1_70' title='bbox 1464 1152 1483 1186; x_wconf 81' lang='grc' dir='ltr'><strong>ι</strong></span> <span class='ocrx_word' id='word_1_71' title='bbox 1510 1134 1767 1190; x_wconf 84' lang='lat' dir='ltr'><strong>Homines</strong></span> <span class='ocrx_word' id='word_1_72' title='bbox 1813 1135 1881 1190; x_wconf 89' lang='lat' dir='ltr'><strong>ad</strong></span> <span class='ocrx_word' id='word_1_73' title='bbox 1923 1135 2142 1191; x_wconf 86' lang='lat' dir='ltr'><strong>ordines</strong></span> 
     </span>
    </p>
   </div>
   <div class='ocr_carea' id='block_1_12' title="bbox 560 1224 2140 1297">
    <p class='ocr_par' dir='ltr' id='par_1_12' title="bbox 560 1224 2140 1297">
     <span class='ocr_line' id='line_1_12' title="bbox 560 1224 2140 1297; baseline 0.001 -19"><span class='ocrx_word' id='word_1_74' title='bbox 560 1225 875 1295; x_wconf 88' lang='lat' dir='ltr'><strong>angelorum</strong></span> <span class='ocrx_word' id='word_1_75' title='bbox 903 1226 1126 1281; x_wconf 86' lang='lat' dir='ltr'><strong>assumi.</strong></span> <span class='ocrx_word' id='word_1_76' title='bbox 1164 1243 1184 1278; x_wconf 76' lang='grc' dir='ltr'><strong>ι</strong></span> <span class='ocrx_word' id='word_1_77' title='bbox 1219 1224 1356 1280; x_wconf 89' lang='lat' dir='ltr'><strong>Huic</strong></span> <span class='ocrx_word' id='word_1_78' title='bbox 1386 1241 1513 1280; x_wconf 80' lang='lat' dir='ltr'><strong>vero</strong></span> <span class='ocrx_word' id='word_1_79' title='bbox 1549 1226 1854 1297; x_wconf 79' lang='lat' dir='ltr'><strong>Hieronymi</strong></span> <span class='ocrx_word' id='word_1_80' title='bbox 1882 1226 2140 1282; x_wconf 87' lang='lat' dir='ltr'><strong>crimina-</strong></span> 
     </span>
    </p>
   </div>
   <div class='ocr_carea' id='block_1_13' title="bbox 562 1314 2140 1387">
    <p class='ocr_par' dir='ltr' id='par_1_13' title="bbox 562 1314 2140 1387">
     <span class='ocr_line' id='line_1_13' title="bbox 562 1314 2140 1387; baseline 0.001 -17"><span class='ocrx_word' id='word_1_81' title='bbox 562 1315 721 1380; x_wconf 88' lang='lat' dir='ltr'><strong>tioni,</strong></span> <span class='ocrx_word' id='word_1_82' title='bbox 745 1330 850 1386; x_wconf 87' lang='lat' dir='ltr'><strong>qua</strong></span> <span class='ocrx_word' id='word_1_83' title='bbox 882 1331 946 1371; x_wconf 90' lang='lat' dir='ltr'><strong>eo</strong></span> <span class='ocrx_word' id='word_1_84' title='bbox 974 1330 1319 1386; x_wconf 83' lang='lat' dir='ltr'><strong>progressum</strong></span> <span class='ocrx_word' id='word_1_85' title='bbox 1350 1314 1637 1386; x_wconf 81' lang='lat' dir='ltr'><strong>Origenem</strong></span> <span class='ocrx_word' id='word_1_86' title='bbox 1661 1319 1926 1387; x_wconf 86' lang='lat' dir='ltr'><strong>queritur,</strong></span> <span class='ocrx_word' id='word_1_87' title='bbox 1966 1326 2025 1371; x_wconf 93' lang='lat' dir='ltr'><strong>ut</strong></span> <span class='ocrx_word' id='word_1_88' title='bbox 2054 1333 2140 1371; x_wconf 88' lang='lat' dir='ltr'><strong>ra—</strong></span> 
     </span>
    </p>
   </div>
   <div class='ocr_carea' id='block_1_14' title="bbox 562 1404 2143 1477">
    <p class='ocr_par' dir='ltr' id='par_1_14' title="bbox 562 1404 2143 1477">
     <span class='ocr_line' id='line_1_14' title="bbox 562 1404 2143 1477; baseline -0.002 -14"><span class='ocrx_word' id='word_1_89' title='bbox 562 1408 728 1463; x_wconf 89' lang='lat' dir='ltr'><strong>tionis</strong></span> <span class='ocrx_word' id='word_1_90' title='bbox 750 1408 1042 1477; x_wconf 86' lang='lat' dir='ltr'><strong>participes</strong></span> <span class='ocrx_word' id='word_1_91' title='bbox 1066 1406 1278 1460; x_wconf 86' lang='lat' dir='ltr'><strong>auimas</strong></span> <span class='ocrx_word' id='word_1_92' title='bbox 1303 1404 1355 1459; x_wconf 91' lang='lat' dir='ltr'><strong>in</strong></span> <span class='ocrx_word' id='word_1_93' title='bbox 1391 1406 1670 1461; x_wconf 88' lang='lat' dir='ltr'><strong>hrutormn</strong></span> <span class='ocrx_word' id='word_1_94' title='bbox 1698 1423 1928 1476; x_wconf 91' lang='lat' dir='ltr'><strong>corpora</strong></span> <span class='ocrx_word' id='word_1_95' title='bbox 1962 1406 2143 1462; x_wconf 86' lang='lat' dir='ltr'><strong>devol-</strong></span> 
     </span>
    </p>
   </div>
   <div class='ocr_carea' id='block_1_15' title="bbox 562 1495 2143 1569">
    <p class='ocr_par' dir='ltr' id='par_1_15' title="bbox 562 1495 2143 1569">
     <span class='ocr_line' id='line_1_15' title="bbox 562 1495 2143 1569; baseline -0.003 -16"><span class='ocrx_word' id='word_1_96' title='bbox 562 1498 614 1553; x_wconf 84' lang='lat' dir='ltr'><strong>vi</strong></span> <span class='ocrx_word' id='word_1_97' title='bbox 641 1498 890 1567; x_wconf 87' lang='lat' dir='ltr'><strong>opinatus</strong></span> <span class='ocrx_word' id='word_1_98' title='bbox 919 1497 1009 1561; x_wconf 85' lang='lat' dir='ltr'><strong>sit,</strong></span> <span class='ocrx_word' id='word_1_99' title='bbox 1039 1495 1238 1566; x_wconf 88' lang='lat' dir='ltr'><strong>opponi</strong></span> <span class='ocrx_word' id='word_1_100' title='bbox 1267 1505 1451 1562; x_wconf 77' lang='lat' dir='ltr'><strong>posset</strong></span> <span class='ocrx_word' id='word_1_101' title='bbox 1474 1496 1602 1552; x_wconf 92' lang='lat' dir='ltr'><strong>illud</strong></span> <span class='ocrx_word' id='word_1_102' title='bbox 1627 1496 1876 1569; x_wconf 86' lang='lat' dir='ltr'><strong>Origenis</strong></span> <span class='ocrx_word' id='word_1_103' title='bbox 1903 1498 2143 1551; x_wconf 88' lang='lat' dir='ltr'><strong>testimo-</strong></span> 
     </span>
    </p>
   </div>
   <div class='ocr_carea' id='block_1_16' title="bbox 565 1588 2139 1660">
    <p class='ocr_par' dir='ltr' id='par_1_16' title="bbox 565 1588 2139 1660">
     <span class='ocr_line' id='line_1_16' title="bbox 565 1588 2139 1660; baseline 0 -16"><span class='ocrx_word' id='word_1_104' title='bbox 565 1590 712 1645; x_wconf 93' lang='lat' dir='ltr'><strong>nium</strong></span> <span class='ocrx_word' id='word_1_105' title='bbox 743 1606 774 1645; x_wconf 89' lang='lat' dir='ltr'><strong>e</strong></span> <span class='ocrx_word' id='word_1_106' title='bbox 800 1590 935 1645; x_wconf 82' lang='lat' dir='ltr'><strong>lilI.l</strong></span> <span class='ocrx_word' id='word_1_107' title='bbox 970 1590 1107 1659; x_wconf 78' lang='grc' dir='ltr'><strong>Περὶ</strong></span> <span class='ocrx_word' id='word_1_108' title='bbox 1141 1588 1361 1658; x_wconf 83' lang='grc' dir='ltr'><strong>ἀρχῶν,</strong></span> <span class='ocrx_word' id='word_1_109' title='bbox 1396 1605 1514 1660; x_wconf 87' lang='lat' dir='ltr'><strong>cap.</strong></span> <span class='ocrx_word' id='word_1_110' title='bbox 1555 1590 1606 1655; x_wconf 88' lang='lat'><strong>7,</strong></span> <span class='ocrx_word' id='word_1_111' title='bbox 1640 1607 1788 1649; x_wconf 91' lang='lat' dir='ltr'><strong>num.</strong></span> <span class='ocrx_word' id='word_1_112' title='bbox 1819 1591 1874 1657; x_wconf 75' lang='grc'>4,</span> <span class='ocrx_word' id='word_1_113' title='bbox 1907 1605 2026 1660; x_wconf 86' lang='lat' dir='ltr'><strong>pag.</strong></span> <span class='ocrx_word' id='word_1_114' title='bbox 2051 1588 2139 1653; x_wconf 83' lang='lat'><strong>76,</strong></span> 
     </span>
    </p>
   </div>
   <div class='ocr_carea' id='block_1_17' title="bbox 564 1680 2144 1750">
    <p class='ocr_par' dir='ltr' id='par_1_17' title="bbox 564 1680 2144 1750">
     <span class='ocr_line' id='line_1_17' title="bbox 564 1680 2144 1750; baseline 0 -13"><span class='ocrx_word' id='word_1_115' title='bbox 564 1681 667 1738; x_wconf 86' lang='lat' dir='ltr'><strong>nisi</strong></span> <span class='ocrx_word' id='word_1_116' title='bbox 701 1680 879 1735; x_wconf 80' lang='lat' dir='ltr'><strong>Ruﬁni</strong></span> <span class='ocrx_word' id='word_1_117' title='bbox 914 1681 1230 1750; x_wconf 89' lang='lat' dir='ltr'><strong>interpretis</strong></span> <span class='ocrx_word' id='word_1_118' title='bbox 1265 1683 1423 1738; x_wconf 88' lang='lat' dir='ltr'><strong>dubia</strong></span> <span class='ocrx_word' id='word_1_119' title='bbox 1448 1695 1595 1738; x_wconf 90' lang='lat' dir='ltr'><strong>esset</strong></span> <span class='ocrx_word' id='word_1_120' title='bbox 1629 1684 1801 1739; x_wconf 86' lang='lat' dir='ltr'><strong>ﬁdes:</strong></span> <span class='ocrx_word' id='word_1_121' title='bbox 1840 1701 1860 1734; x_wconf 80' lang='grc' dir='ltr'><strong>ι</strong></span> <span class='ocrx_word' id='word_1_122' title='bbox 1888 1683 1978 1737; x_wconf 88' lang='lat' dir='ltr'><strong>Illa</strong></span> <span class='ocrx_word' id='word_1_123' title='bbox 2012 1695 2144 1737; x_wconf 89' lang='lat' dir='ltr'><strong>sane</strong></span> 
     </span>
    </p>
   </div>
   <div class='ocr_carea' id='block_1_18' title="bbox 565 1774 2146 1846">
    <p class='ocr_par' dir='ltr' id='par_1_18' title="bbox 565 1774 2146 1846">
     <span class='ocr_line' id='line_1_18' title="bbox 565 1774 2146 1846; baseline 0 -19"><span class='ocrx_word' id='word_1_124' title='bbox 565 1787 666 1827; x_wconf 83' lang='lat' dir='ltr'><strong>nos</strong></span> <span class='ocrx_word' id='word_1_125' title='bbox 696 1788 1030 1842; x_wconf 86' lang='lat' dir='ltr'><strong>nequaquam</strong></span> <span class='ocrx_word' id='word_1_126' title='bbox 1061 1774 1367 1844; x_wconf 89' lang='lat' dir='ltr'><strong>recipienda</strong></span> <span class='ocrx_word' id='word_1_127' title='bbox 1394 1790 1701 1839; x_wconf 87' lang='lat' dir='ltr'><strong>censemus,</strong></span> <span class='ocrx_word' id='word_1_128' title='bbox 1729 1790 1848 1846; x_wconf 71' lang='lat' dir='ltr'><strong>qua:</strong></span> <span class='ocrx_word' id='word_1_129' title='bbox 1880 1784 1937 1830; x_wconf 88' lang='lat' dir='ltr'><strong>et</strong></span> <span class='ocrx_word' id='word_1_130' title='bbox 1964 1790 1993 1828; x_wconf 88' lang='lat' dir='ltr'><strong>a</strong></span> <span class='ocrx_word' id='word_1_131' title='bbox 2025 1774 2146 1842; x_wconf 89' lang='lat' dir='ltr'><strong>qui-</strong></span> 
     </span>
    </p>
   </div>
   <div class='ocr_carea' id='block_1_19' title="bbox 2241 572 3815 652">
    <p class='ocr_par' dir='ltr' id='par_1_19' title="bbox 2241 572 3815 652">
     <span class='ocr_line' id='line_1_19' title="bbox 2241 572 3815 652; baseline -0.008 -14"><span class='ocrx_word' id='word_1_132' title='bbox 2241 598 2370 640; x_wconf 87' lang='lat' dir='ltr'><strong>vero</strong></span> <span class='ocrx_word' id='word_1_133' title='bbox 2420 598 2517 652; x_wconf 90' lang='lat' dir='ltr'><strong>per</strong></span> <span class='ocrx_word' id='word_1_134' title='bbox 2574 580 2868 635; x_wconf 80' lang='lat' dir='ltr'><strong>Ecclesiam</strong></span> <span class='ocrx_word' id='word_1_135' title='bbox 2930 576 3341 640; x_wconf 85' lang='lat' dir='ltr'><strong>incarnationis,</strong></span> <span class='ocrx_word' id='word_1_136' title='bbox 3403 572 3815 642; x_wconf 87' lang='lat' dir='ltr'><strong>redemptionis,</strong></span> 
     </span>
    </p>
   </div>
   <div class='ocr_carea' id='block_1_20' title="bbox 2243 665 3819 739">
    <p class='ocr_par' dir='ltr' id='par_1_20' title="bbox 2243 665 3819 739">
     <span class='ocr_line' id='line_1_20' title="bbox 2243 665 3819 739; baseline -0.006 -8"><span class='ocrx_word' id='word_1_137' title='bbox 2243 677 2420 731; x_wconf 90' lang='lat' dir='ltr'><strong>crucis</strong></span> <span class='ocrx_word' id='word_1_138' title='bbox 2480 684 2535 731; x_wconf 90' lang='lat' dir='ltr'><strong>et</strong></span> <span class='ocrx_word' id='word_1_139' title='bbox 2570 675 2759 728; x_wconf 90' lang='lat' dir='ltr'><strong>mortis</strong></span> <span class='ocrx_word' id='word_1_140' title='bbox 2801 670 3004 729; x_wconf 75' lang='lat' dir='ltr'><strong>Christi</strong></span> <span class='ocrx_word' id='word_1_141' title='bbox 3065 669 3340 739; x_wconf 78' lang='lat' dir='ltr'><strong>mysteria.</strong></span> <span class='ocrx_word' id='word_1_142' title='bbox 3382 666 3523 722; x_wconf 88' lang='lat' dir='ltr'><strong>Tum</strong></span> <span class='ocrx_word' id='word_1_143' title='bbox 3564 665 3819 721; x_wconf 82' lang='lat' dir='ltr'><strong>dubitans</strong></span> 
     </span>
    </p>
   </div>
   <div class='ocr_carea' id='block_1_21' title="bbox 2241 757 3813 842">
    <p class='ocr_par' dir='ltr' id='par_1_21' title="bbox 2241 757 3813 842">
     <span class='ocr_line' id='line_1_21' title="bbox 2241 757 3813 842; baseline -0.008 -21"><span class='ocrx_word' id='word_1_144' title='bbox 2241 766 2493 842; x_wconf 90' lang='lat' dir='ltr'><strong>proponit</strong></span> <span class='ocrx_word' id='word_1_145' title='bbox 2521 764 2715 833; x_wconf 85' lang='lat' dir='ltr'><strong>ecquid</strong></span> <span class='ocrx_word' id='word_1_146' title='bbox 2752 762 2803 815; x_wconf 92' lang='lat' dir='ltr'><strong>iu</strong></span> <span class='ocrx_word' id='word_1_147' title='bbox 2837 759 3073 816; x_wconf 84' lang='lat' dir='ltr'><strong>Ecclesia</strong></span> <span class='ocrx_word' id='word_1_148' title='bbox 3102 776 3222 831; x_wconf 72' lang='lat' dir='ltr'><strong>quae</strong></span> <span class='ocrx_word' id='word_1_149' title='bbox 3246 757 3449 814; x_wconf 82' lang='lat' dir='ltr'><strong>Christi</strong></span> <span class='ocrx_word' id='word_1_150' title='bbox 3479 771 3685 827; x_wconf 91' lang='lat' dir='ltr'><strong>corpus</strong></span> <span class='ocrx_word' id='word_1_151' title='bbox 3710 766 3813 819; x_wconf 84' lang='lat' dir='ltr'><strong>est,</strong></span> 
     </span>
    </p>
   </div>
   <div class='ocr_carea' id='block_1_22' title="bbox 2242 847 3816 929">
    <p class='ocr_par' dir='ltr' id='par_1_22' title="bbox 2242 847 3816 929">
     <span class='ocr_line' id='line_1_22' title="bbox 2242 847 3816 929; baseline -0.008 -16"><span class='ocrx_word' id='word_1_152' title='bbox 2242 868 2425 929; x_wconf 89' lang='lat' dir='ltr'><strong>utpote</strong></span> <span class='ocrx_word' id='word_1_153' title='bbox 2438 855 2556 926; x_wconf 83' lang='lat' dir='ltr'><strong>ejus</strong></span> <span class='ocrx_word' id='word_1_154' title='bbox 2581 868 2800 924; x_wconf 88' lang='lat' dir='ltr'><strong>sponsa,</strong></span> <span class='ocrx_word' id='word_1_155' title='bbox 2820 867 3072 921; x_wconf 89' lang='lat' dir='ltr'><strong>sponsum</strong></span> <span class='ocrx_word' id='word_1_156' title='bbox 3091 852 3267 922; x_wconf 90' lang='lat' dir='ltr'><strong>ipsum</strong></span> <span class='ocrx_word' id='word_1_157' title='bbox 3291 850 3558 906; x_wconf 79' lang='lat' dir='ltr'><strong>hactenus</strong></span> <span class='ocrx_word' id='word_1_158' title='bbox 3584 847 3688 903; x_wconf 83' lang='lat' dir='ltr'><strong>sibi</strong></span> <span class='ocrx_word' id='word_1_159' title='bbox 3713 860 3816 901; x_wconf 86' lang='lat' dir='ltr'><strong>nou</strong></span> 
     </span>
    </p>
   </div>
   <div class='ocr_carea' id='block_1_23' title="bbox 2241 941 3817 1016">
    <p class='ocr_par' dir='ltr' id='par_1_23' title="bbox 2241 941 3817 1016">
     <span class='ocr_line' id='line_1_23' title="bbox 2241 941 3817 1016; baseline -0.006 -14"><span class='ocrx_word' id='word_1_160' title='bbox 2241 949 2414 1004; x_wconf 81' lang='lat' dir='ltr'><strong>visum</strong></span> <span class='ocrx_word' id='word_1_161' title='bbox 2447 945 2845 1016; x_wconf 88' lang='lat' dir='ltr'><strong>conspexeriut.</strong></span> <span class='ocrx_word' id='word_1_162' title='bbox 2886 941 3305 1014; x_wconf 84' lang='lat' dir='ltr'><strong>Chrysostomus</strong></span> <span class='ocrx_word' id='word_1_163' title='bbox 3359 951 3643 1013; x_wconf 63' lang='lat' dir='ltr'><strong>praeterea,</strong></span> <span class='ocrx_word' id='word_1_164' title='bbox 3696 953 3817 993; x_wconf 90' lang='lat' dir='ltr'><strong>cum</strong></span> 
     </span>
    </p>
   </div>
   <div class='ocr_carea' id='block_1_24' title="bbox 2244 1033 3821 1103">
    <p class='ocr_par' dir='ltr' id='par_1_24' title="bbox 2244 1033 3821 1103">
     <span class='ocr_line' id='line_1_24' title="bbox 2244 1033 3821 1103; baseline -0.007 -8"><span class='ocrx_word' id='word_1_165' title='bbox 2244 1040 2393 1103; x_wconf 84' lang='lat' dir='ltr'><strong>alibi,</strong></span> <span class='ocrx_word' id='word_1_166' title='bbox 2418 1049 2531 1095; x_wconf 91' lang='lat' dir='ltr'><strong>tum</strong></span> <span class='ocrx_word' id='word_1_167' title='bbox 2579 1047 2931 1097; x_wconf 83' lang='lat' dir='ltr'><strong>memoratam</strong></span> <span class='ocrx_word' id='word_1_168' title='bbox 2975 1034 3125 1091; x_wconf 86' lang='lat' dir='ltr'><strong>Pauli</strong></span> <span class='ocrx_word' id='word_1_169' title='bbox 3177 1033 3503 1089; x_wconf 90' lang='lat' dir='ltr'><strong>sententiam</strong></span> <span class='ocrx_word' id='word_1_170' title='bbox 3539 1044 3821 1085; x_wconf 87' lang='lat' dir='ltr'><strong>commen-</strong></span> 
     </span>
    </p>
   </div>
   <div class='ocr_carea' id='block_1_25' title="bbox 2243 1120 3817 1198">
    <p class='ocr_par' dir='ltr' id='par_1_25' title="bbox 2243 1120 3817 1198">
     <span class='ocr_line' id='line_1_25' title="bbox 2243 1120 3817 1198; baseline -0.007 -14"><span class='ocrx_word' id='word_1_171' title='bbox 2243 1129 2397 1184; x_wconf 89' lang='lat' dir='ltr'><strong>tariis</strong></span> <span class='ocrx_word' id='word_1_172' title='bbox 2431 1127 2545 1182; x_wconf 86' lang='lat' dir='ltr'><strong>suis</strong></span> <span class='ocrx_word' id='word_1_173' title='bbox 2569 1126 2861 1191; x_wconf 90' lang='lat' dir='ltr'><strong>illustrans,</strong></span> <span class='ocrx_word' id='word_1_174' title='bbox 2897 1125 3098 1198; x_wconf 89' lang='lat' dir='ltr'><strong>liquido</strong></span> <span class='ocrx_word' id='word_1_175' title='bbox 3121 1121 3361 1182; x_wconf 85' lang='lat' dir='ltr'><strong>declarat</strong></span> <span class='ocrx_word' id='word_1_176' title='bbox 3380 1120 3603 1191; x_wconf 81' lang='lat' dir='ltr'><strong>angelos</strong></span> <span class='ocrx_word' id='word_1_177' title='bbox 3631 1134 3817 1174; x_wconf 90' lang='lat' dir='ltr'><strong>rerum</strong></span> 
     </span>
    </p>
   </div>
   <div class='ocr_carea' id='block_1_26' title="bbox 2241 1214 3905 1288">
    <p class='ocr_par' dir='ltr' id='par_1_26' title="bbox 2241 1214 3905 1288">
     <span class='ocr_line' id='line_1_26' title="bbox 2241 1214 3905 1288; baseline -0.007 -11"><span class='ocrx_word' id='word_1_178' title='bbox 2241 1223 2340 1277; x_wconf 85' lang='lat' dir='ltr'><strong>sibi</strong></span> <span class='ocrx_word' id='word_1_179' title='bbox 2395 1229 2551 1277; x_wconf 86' lang='lat' dir='ltr'><strong>antea</strong></span> <span class='ocrx_word' id='word_1_180' title='bbox 2600 1219 2932 1274; x_wconf 89' lang='lat' dir='ltr'><strong>occultarum</strong></span> <span class='ocrx_word' id='word_1_181' title='bbox 2982 1228 3039 1274; x_wconf 87' lang='lat' dir='ltr'><strong>et</strong></span> <span class='ocrx_word' id='word_1_182' title='bbox 3082 1217 3386 1288; x_wconf 86' lang='lat' dir='ltr'><strong>ignotarum</strong></span> <span class='ocrx_word' id='word_1_183' title='bbox 3458 1214 3710 1268; x_wconf 84' lang='lat' dir='ltr'><strong>notitiam</strong></span> <span class='ocrx_word' id='word_1_184' title='bbox 3753 1226 3819 1266; x_wconf 85' lang='lat' dir='ltr'><strong>ex</strong></span> <span class='ocrx_word' id='word_1_185' title='bbox 3896 1226 3905 1230; x_wconf 74' lang='lat'><em>‘</em></span> 
     </span>
    </p>
   </div>
   <div class='ocr_carea' id='block_1_27' title="bbox 2243 1304 3821 1383">
    <p class='ocr_par' dir='ltr' id='par_1_27' title="bbox 2243 1304 3821 1383">
     <span class='ocr_line' id='line_1_27' title="bbox 2243 1304 3821 1383; baseline -0.007 -16"><span class='ocrx_word' id='word_1_186' title='bbox 2243 1313 2359 1383; x_wconf 89' lang='lat' dir='ltr'><strong>ipso</strong></span> <span class='ocrx_word' id='word_1_187' title='bbox 2385 1312 2757 1382; x_wconf 85' lang='lat' dir='ltr'><strong>apostolorum</strong></span> <span class='ocrx_word' id='word_1_188' title='bbox 2821 1324 2920 1364; x_wconf 83' lang='lat' dir='ltr'><strong>ore</strong></span> <span class='ocrx_word' id='word_1_189' title='bbox 2961 1320 3328 1379; x_wconf 86' lang='lat' dir='ltr'><strong>comparasse.</strong></span> <span class='ocrx_word' id='word_1_190' title='bbox 3362 1316 3417 1360; x_wconf 91' lang='lat' dir='ltr'><strong>et</strong></span> <span class='ocrx_word' id='word_1_191' title='bbox 3443 1306 3496 1359; x_wconf 92' lang='lat' dir='ltr'><strong>in</strong></span> <span class='ocrx_word' id='word_1_192' title='bbox 3540 1304 3607 1360; x_wconf 84' lang='lat' dir='ltr'><strong>iis</strong></span> <span class='ocrx_word' id='word_1_193' title='bbox 3656 1304 3821 1358; x_wconf 80' lang='lat' dir='ltr'><strong>rebus</strong></span> 
     </span>
    </p>
   </div>
   <div class='ocr_carea' id='block_1_28' title="bbox 2242 1397 3821 1475">
    <p class='ocr_par' dir='ltr' id='par_1_28' title="bbox 2242 1397 3821 1475">
     <span class='ocr_line' id='line_1_28' title="bbox 2242 1397 3821 1475; baseline -0.006 -15"><span class='ocrx_word' id='word_1_194' title='bbox 2242 1405 2564 1475; x_wconf 64' lang='lat' dir='ltr'><strong>praecipuam</strong></span> <span class='ocrx_word' id='word_1_195' title='bbox 2597 1403 2763 1458; x_wconf 90' lang='lat' dir='ltr'><strong>fuisse</strong></span> <span class='ocrx_word' id='word_1_196' title='bbox 2802 1400 3043 1472; x_wconf 90' lang='lat' dir='ltr'><strong>gentium</strong></span> <span class='ocrx_word' id='word_1_197' title='bbox 3083 1397 3369 1454; x_wconf 89' lang='lat' dir='ltr'><strong>adChristi</strong></span> <span class='ocrx_word' id='word_1_198' title='bbox 3399 1397 3555 1453; x_wconf 88' lang='lat' dir='ltr'><strong>ﬁdem</strong></span> <span class='ocrx_word' id='word_1_199' title='bbox 3584 1411 3821 1450; x_wconf 67' lang='lat' dir='ltr'><strong>convero</strong></span> 
     </span>
    </p>
   </div>
   <div class='ocr_carea' id='block_1_29' title="bbox 2241 1490 3824 1566">
    <p class='ocr_par' dir='ltr' id='par_1_29' title="bbox 2241 1490 3824 1566">
     <span class='ocr_line' id='line_1_29' title="bbox 2241 1490 3824 1566; baseline -0.009 -11"><span class='ocrx_word' id='word_1_200' title='bbox 2241 1500 2471 1564; x_wconf 87' lang='lat' dir='ltr'><strong>sionem,</strong></span> <span class='ocrx_word' id='word_1_201' title='bbox 2517 1497 2723 1566; x_wconf 83' lang='lat' dir='ltr'><strong>angelis</strong></span> <span class='ocrx_word' id='word_1_202' title='bbox 2761 1504 2918 1550; x_wconf 85' lang='lat' dir='ltr'><strong>antea</strong></span> <span class='ocrx_word' id='word_1_203' title='bbox 2958 1493 3288 1563; x_wconf 87' lang='lat' dir='ltr'><strong>ignoratam.</strong></span> <span class='ocrx_word' id='word_1_204' title='bbox 3325 1491 3552 1545; x_wconf 83' lang='lat' dir='ltr'><strong>Accedit</strong></span> <span class='ocrx_word' id='word_1_205' title='bbox 3577 1490 3646 1543; x_wconf 88' lang='lat' dir='ltr'><strong>ad</strong></span> <span class='ocrx_word' id='word_1_206' title='bbox 3672 1503 3824 1543; x_wconf 83' lang='lat' dir='ltr'><strong>eam—</strong></span> 
     </span>
    </p>
   </div>
   <div class='ocr_carea' id='block_1_30' title="bbox 2244 1578 3825 1660">
    <p class='ocr_par' dir='ltr' id='par_1_30' title="bbox 2244 1578 3825 1660">
     <span class='ocr_line' id='line_1_30' title="bbox 2244 1578 3825 1660; baseline -0.008 -14"><span class='ocrx_word' id='word_1_207' title='bbox 2244 1591 2362 1646; x_wconf 92' lang='lat' dir='ltr'><strong>dem</strong></span> <span class='ocrx_word' id='word_1_208' title='bbox 2388 1589 2697 1660; x_wconf 88' lang='lat' dir='ltr'><strong>opinionem</strong></span> <span class='ocrx_word' id='word_1_209' title='bbox 2757 1586 3114 1659; x_wconf 82' lang='lat' dir='ltr'><strong>Hieronymus</strong></span> <span class='ocrx_word' id='word_1_210' title='bbox 3161 1583 3252 1639; x_wconf 89' lang='lat' dir='ltr'><strong>lib.</strong></span> <span class='ocrx_word' id='word_1_211' title='bbox 3284 1599 3323 1638; x_wconf 93' lang='grc' dir='ltr'><strong>ιι</strong></span> <span class='ocrx_word' id='word_1_212' title='bbox 3354 1584 3410 1641; x_wconf 80' lang='lat' dir='ltr'><strong>in</strong></span> <span class='ocrx_word' id='word_1_213' title='bbox 3451 1582 3626 1649; x_wconf 77' lang='lat' dir='ltr'><strong>Epist.</strong></span> <span class='ocrx_word' id='word_1_214' title='bbox 3654 1581 3724 1634; x_wconf 80' lang='lat' dir='ltr'><strong>ad</strong></span> <span class='ocrx_word' id='word_1_215' title='bbox 3749 1578 3825 1634; x_wconf 76' lang='grc' dir='ltr'><strong>Ε-</strong></span> 
     </span>
    </p>
   </div>
   <div class='ocr_carea' id='block_1_31' title="bbox 2242 1672 3821 1751">
    <p class='ocr_par' dir='ltr' id='par_1_31' title="bbox 2242 1672 3821 1751">
     <span class='ocr_line' id='line_1_31' title="bbox 2242 1672 3821 1751; baseline -0.005 -17"><span class='ocrx_word' id='word_1_216' title='bbox 2242 1681 2411 1750; x_wconf 80' lang='lat' dir='ltr'><strong>phes.,</strong></span> <span class='ocrx_word' id='word_1_217' title='bbox 2441 1694 2561 1751; x_wconf 85' lang='lat' dir='ltr'><strong>cap.</strong></span> <span class='ocrx_word' id='word_1_218' title='bbox 2594 1695 2675 1742; x_wconf 87' lang='grc' dir='ltr'>ιιι,</span> <span class='ocrx_word' id='word_1_219' title='bbox 2716 1693 2769 1732; x_wconf 83' lang='grc' dir='ltr'><strong>ν.</strong></span> <span class='ocrx_word' id='word_1_220' title='bbox 2803 1677 2891 1742; x_wconf 78' lang='grc'>10,</span> <span class='ocrx_word' id='word_1_221' title='bbox 2932 1685 2991 1730; x_wconf 92' lang='lat' dir='ltr'><strong>et</strong></span> <span class='ocrx_word' id='word_1_222' title='bbox 3024 1673 3372 1744; x_wconf 85' lang='lat' dir='ltr'><strong>multiplicem</strong></span> <span class='ocrx_word' id='word_1_223' title='bbox 3412 1672 3554 1731; x_wconf 85' lang='lat' dir='ltr'><strong>illam</strong></span> <span class='ocrx_word' id='word_1_224' title='bbox 3598 1673 3821 1742; x_wconf 85' lang='lat' dir='ltr'><strong>sapien-</strong></span> 
     </span>
    </p>
   </div>
   <div class='ocr_carea' id='block_1_32' title="bbox 2247 1765 3828 1842">
    <p class='ocr_par' dir='ltr' id='par_1_32' title="bbox 2247 1765 3828 1842">
     <span class='ocr_line' id='line_1_32' title="bbox 2247 1765 3828 1842; baseline -0.005 -14"><span class='ocrx_word' id='word_1_225' title='bbox 2247 1775 2374 1828; x_wconf 89' lang='lat' dir='ltr'><strong>tiam</strong></span> <span class='ocrx_word' id='word_1_226' title='bbox 2412 1771 2618 1842; x_wconf 90' lang='lat' dir='ltr'><strong>angelis</strong></span> <span class='ocrx_word' id='word_1_227' title='bbox 2657 1772 2959 1841; x_wconf 88' lang='lat' dir='ltr'><strong>ignoratam</strong></span> <span class='ocrx_word' id='word_1_228' title='bbox 2990 1767 3113 1822; x_wconf 68' lang='lat' dir='ltr'><strong>vitae</strong></span> <span class='ocrx_word' id='word_1_229' title='bbox 3137 1766 3343 1823; x_wconf 85' lang='lat' dir='ltr'><strong>Christi</strong></span> <span class='ocrx_word' id='word_1_230' title='bbox 3394 1765 3667 1842; x_wconf 83' lang='lat' dir='ltr'><strong>mysteriis</strong></span> <span class='ocrx_word' id='word_1_231' title='bbox 3694 1780 3828 1821; x_wconf 86' lang='lat' dir='ltr'><strong>con-</strong></span> 
     </span>
    </p>
   </div>
   <div class='ocr_carea' id='block_1_33' title="bbox 563 1852 3823 1938">
    <p class='ocr_par' dir='ltr' id='par_1_33' title="bbox 563 1852 3823 1938">
     <span class='ocr_line' id='line_1_33' title="bbox 563 1852 3823 1938; baseline -0.003 -17"><span class='ocrx_word' id='word_1_232' title='bbox 563 1865 793 1921; x_wconf 80' lang='lat' dir='ltr'><strong>husdam</strong></span> <span class='ocrx_word' id='word_1_233' title='bbox 825 1866 1097 1936; x_wconf 83' lang='lat' dir='ltr'><strong>superﬂuo</strong></span> <span class='ocrx_word' id='word_1_234' title='bbox 1142 1868 1225 1921; x_wconf 84' lang='lat' dir='ltr'><strong>vel</strong></span> <span class='ocrx_word' id='word_1_235' title='bbox 1277 1868 1476 1938; x_wconf 87' lang='lat' dir='ltr'><strong>requiri</strong></span> <span class='ocrx_word' id='word_1_236' title='bbox 1512 1869 1595 1922; x_wconf 75' lang='lat' dir='ltr'><strong>vrl</strong></span> <span class='ocrx_word' id='word_1_237' title='bbox 1639 1869 1806 1923; x_wconf 89' lang='lat' dir='ltr'><strong>astrui</strong></span> <span class='ocrx_word' id='word_1_238' title='bbox 1852 1868 2048 1933; x_wconf 87' lang='lat' dir='ltr'><strong>solent,</strong></span> <span class='ocrx_word' id='word_1_239' title='bbox 2090 1866 2141 1921; x_wconf 91' lang='lat' dir='ltr'><strong>id</strong></span> <span class='ocrx_word' id='word_1_240' title='bbox 2172 1852 2214 1907; x_wconf 76' lang='grc' dir='ltr'><strong>Β</strong></span> <span class='ocrx_word' id='word_1_241' title='bbox 2243 1864 2399 1919; x_wconf 84' lang='lat' dir='ltr'><strong>tineri</strong></span> <span class='ocrx_word' id='word_1_242' title='bbox 2429 1864 2605 1918; x_wconf 89' lang='lat' dir='ltr'><strong>docet.</strong></span> <span class='ocrx_word' id='word_1_243' title='bbox 2630 1860 2740 1917; x_wconf 88' lang='lat' dir='ltr'><strong>Hos</strong></span> <span class='ocrx_word' id='word_1_244' title='bbox 2774 1860 2864 1915; x_wconf 89' lang='lat' dir='ltr'><strong>alii</strong></span> <span class='ocrx_word' id='word_1_245' title='bbox 2895 1858 3203 1929; x_wconf 88' lang='lat' dir='ltr'><strong>complures</strong></span> <span class='ocrx_word' id='word_1_246' title='bbox 3229 1859 3400 1914; x_wconf 85' lang='lat' dir='ltr'><strong>secuti</strong></span> <span class='ocrx_word' id='word_1_247' title='bbox 3430 1868 3574 1913; x_wconf 90' lang='lat' dir='ltr'><strong>sunt.</strong></span> <span class='ocrx_word' id='word_1_248' title='bbox 3602 1857 3673 1912; x_wconf 82' lang='lat' dir='ltr'><strong>At</strong></span> <span class='ocrx_word' id='word_1_249' title='bbox 3698 1872 3823 1911; x_wconf 89' lang='lat' dir='ltr'><strong>cum</strong></span> 
     </span>
    </p>
   </div>
   <div class='ocr_carea' id='block_1_34' title="bbox 565 1955 2140 2024">
    <p class='ocr_par' dir='ltr' id='par_1_34' title="bbox 565 1955 2140 2024">
     <span class='ocr_line' id='line_1_34' title="bbox 565 1955 2140 2024; baseline -0.001 -15"><span class='ocrx_word' id='word_1_250' title='bbox 565 1963 670 2019; x_wconf 83' lang='lat' dir='ltr'><strong>est,</strong></span> <span class='ocrx_word' id='word_1_251' title='bbox 708 1957 851 2024; x_wconf 91' lang='lat' dir='ltr'><strong>quod</strong></span> <span class='ocrx_word' id='word_1_252' title='bbox 898 1956 1089 2009; x_wconf 69' lang='lat' dir='ltr'><strong>anima:</strong></span> <span class='ocrx_word' id='word_1_253' title='bbox 1127 1957 1180 2010; x_wconf 93' lang='lat' dir='ltr'><strong>in</strong></span> <span class='ocrx_word' id='word_1_254' title='bbox 1209 1966 1414 2010; x_wconf 90' lang='lat' dir='ltr'><strong>tantum</strong></span> <span class='ocrx_word' id='word_1_255' title='bbox 1453 1957 1533 2011; x_wconf 84' lang='lat' dir='ltr'><strong>sui</strong></span> <span class='ocrx_word' id='word_1_256' title='bbox 1567 1956 1851 2011; x_wconf 86' lang='lat' dir='ltr'><strong>decessum</strong></span> <span class='ocrx_word' id='word_1_257' title='bbox 1894 1955 2140 2023; x_wconf 73' lang='lat' dir='ltr'><strong>Veniant,</strong></span> 
     </span>
    </p>
   </div>
   <div class='ocr_carea' id='block_1_35' title="bbox 567 2047 2144 2119">
    <p class='ocr_par' dir='ltr' id='par_1_35' title="bbox 567 2047 2144 2119">
     <span class='ocr_line' id='line_1_35' title="bbox 567 2047 2144 2119; baseline 0 -18"><span class='ocrx_word' id='word_1_258' title='bbox 567 2059 630 2104; x_wconf 90' lang='lat' dir='ltr'><strong>ut</strong></span> <span class='ocrx_word' id='word_1_259' title='bbox 659 2059 863 2103; x_wconf 80' lang='lat' dir='ltr'><strong>natura:</strong></span> <span class='ocrx_word' id='word_1_260' title='bbox 893 2049 1172 2103; x_wconf 88' lang='lat' dir='ltr'><strong>rationalis</strong></span> <span class='ocrx_word' id='word_1_261' title='bbox 1199 2065 1261 2103; x_wconf 87' lang='lat' dir='ltr'><strong>ac</strong></span> <span class='ocrx_word' id='word_1_262' title='bbox 1288 2048 1566 2119; x_wconf 84' lang='lat' dir='ltr'><strong>dignitatis</strong></span> <span class='ocrx_word' id='word_1_263' title='bbox 1589 2049 1768 2103; x_wconf 74' lang='lat' dir='ltr'><strong>oblita:</strong></span> <span class='ocrx_word' id='word_1_264' title='bbox 1793 2049 1954 2104; x_wconf 84' lang='lat' dir='ltr'><strong>etiam</strong></span> <span class='ocrx_word' id='word_1_265' title='bbox 1984 2047 2036 2102; x_wconf 90' lang='lat' dir='ltr'><strong>in</strong></span> <span class='ocrx_word' id='word_1_266' title='bbox 2061 2063 2144 2102; x_wconf 91' lang='lat' dir='ltr'><strong>or-</strong></span> 
     </span>
    </p>
   </div>
   <div class='ocr_carea' id='block_1_36' title="bbox 569 2134 2140 2205">
    <p class='ocr_par' dir='ltr' id='par_1_36' title="bbox 569 2134 2140 2205">
     <span class='ocr_line' id='line_1_36' title="bbox 569 2134 2140 2205; baseline -0.002 -11"><span class='ocrx_word' id='word_1_267' title='bbox 569 2139 753 2195; x_wconf 86' lang='lat' dir='ltr'><strong>dinem</strong></span> <span class='ocrx_word' id='word_1_268' title='bbox 803 2140 1250 2194; x_wconf 82' lang='lat' dir='ltr'><strong>irratiouahilium</strong></span> <span class='ocrx_word' id='word_1_269' title='bbox 1283 2139 1659 2205; x_wconf 88' lang='lat' dir='ltr'><strong>animantium,</strong></span> <span class='ocrx_word' id='word_1_270' title='bbox 1707 2139 1791 2193; x_wconf 90' lang='lat' dir='ltr'><strong>vel</strong></span> <span class='ocrx_word' id='word_1_271' title='bbox 1826 2134 2140 2202; x_wconf 86' lang='lat' dir='ltr'><strong>bestiarum,</strong></span> 
     </span>
    </p>
   </div>
   <div class='ocr_carea' id='block_1_37' title="bbox 568 2231 2140 2301">
    <p class='ocr_par' dir='ltr' id='par_1_37' title="bbox 568 2231 2140 2301">
     <span class='ocr_line' id='line_1_37' title="bbox 568 2231 2140 2301; baseline -0.002 -16"><span class='ocrx_word' id='word_1_272' title='bbox 568 2231 650 2285; x_wconf 86' lang='lat' dir='ltr'><strong>vel</strong></span> <span class='ocrx_word' id='word_1_273' title='bbox 680 2233 945 2301; x_wconf 78' lang='lat' dir='ltr'><strong>pecudum</strong></span> <span class='ocrx_word' id='word_1_274' title='bbox 994 2232 1351 2286; x_wconf 80' lang='lat' dir='ltr'><strong>devolvautur</strong></span> <span class='ocrx_word' id='word_1_275' title='bbox 1517 2231 1646 2298; x_wconf 77' lang='lat' dir='ltr'><strong>Qua:</strong></span> <span class='ocrx_word' id='word_1_276' title='bbox 1692 2247 1790 2286; x_wconf 87' lang='lat' dir='ltr'><strong>nos</strong></span> <span class='ocrx_word' id='word_1_277' title='bbox 1826 2245 1930 2285; x_wconf 91' lang='lat' dir='ltr'><strong>non</strong></span> <span class='ocrx_word' id='word_1_278' title='bbox 1970 2231 2140 2286; x_wconf 89' lang='lat' dir='ltr'><strong>solum</strong></span> 
     </span>
    </p>
   </div>
   <div class='ocr_carea' id='block_1_38' title="bbox 567 2324 2145 2392">
    <p class='ocr_par' dir='ltr' id='par_1_38' title="bbox 567 2324 2145 2392">
     <span class='ocr_line' id='line_1_38' title="bbox 567 2324 2145 2392; baseline -0.001 -15"><span class='ocrx_word' id='word_1_279' title='bbox 567 2338 675 2378; x_wconf 94' lang='lat' dir='ltr'><strong>non</strong></span> <span class='ocrx_word' id='word_1_280' title='bbox 732 2324 1097 2392; x_wconf 83' lang='lat' dir='ltr'><strong>suscipimus;</strong></span> <span class='ocrx_word' id='word_1_281' title='bbox 1126 2324 1217 2379; x_wconf 90' lang='lat' dir='ltr'><strong>sed</strong></span> <span class='ocrx_word' id='word_1_282' title='bbox 1244 2334 1299 2379; x_wconf 92' lang='lat' dir='ltr'><strong>et</strong></span> <span class='ocrx_word' id='word_1_283' title='bbox 1327 2341 1519 2379; x_wconf 87' lang='lat' dir='ltr'><strong>omnes</strong></span> <span class='ocrx_word' id='word_1_284' title='bbox 1543 2325 1638 2378; x_wconf 88' lang='lat' dir='ltr'><strong>has</strong></span> <span class='ocrx_word' id='word_1_285' title='bbox 1685 2324 2013 2379; x_wconf 85' lang='lat' dir='ltr'><strong>assertiones</strong></span> <span class='ocrx_word' id='word_1_286' title='bbox 2050 2335 2145 2377; x_wconf 80' lang='lat' dir='ltr'><strong>eo-</strong></span> 
     </span>
    </p>
   </div>
   <div class='ocr_carea' id='block_1_39' title="bbox 567 2412 2141 2473">
    <p class='ocr_par' dir='ltr' id='par_1_39' title="bbox 567 2412 2141 2473">
     <span class='ocr_line' id='line_1_39' title="bbox 567 2412 2141 2473; baseline 0 -6"><span class='ocrx_word' id='word_1_287' title='bbox 567 2429 688 2468; x_wconf 87' lang='lat' dir='ltr'><strong>rum</strong></span> <span class='ocrx_word' id='word_1_288' title='bbox 727 2425 915 2468; x_wconf 83' lang='lat' dir='ltr'><strong>contra</strong></span> <span class='ocrx_word' id='word_1_289' title='bbox 951 2414 1105 2469; x_wconf 88' lang='lat' dir='ltr'><strong>tidem</strong></span> <span class='ocrx_word' id='word_1_290' title='bbox 1137 2425 1378 2472; x_wconf 84' lang='lat' dir='ltr'><strong>nostram</strong></span> <span class='ocrx_word' id='word_1_291' title='bbox 1413 2416 1691 2473; x_wconf 77' lang='lat' dir='ltr'><strong>venientes</strong></span> <span class='ocrx_word' id='word_1_292' title='bbox 1736 2412 2031 2468; x_wconf 85' lang='lat' dir='ltr'><strong>refutamus</strong></span> <span class='ocrx_word' id='word_1_293' title='bbox 2057 2422 2141 2467; x_wconf 89' lang='lat' dir='ltr'><strong>at-</strong></span> 
     </span>
    </p>
   </div>
   <div class='ocr_carea' id='block_1_40' title="bbox 567 2505 2145 2577">
    <p class='ocr_par' dir='ltr' id='par_1_40' title="bbox 567 2505 2145 2577">
     <span class='ocr_line' id='line_1_40' title="bbox 567 2505 2145 2577; baseline -0.002 -17"><span class='ocrx_word' id='word_1_294' title='bbox 567 2520 675 2576; x_wconf 83' lang='lat' dir='ltr'><strong>que</strong></span> <span class='ocrx_word' id='word_1_295' title='bbox 696 2507 1018 2575; x_wconf 85' lang='lat' dir='ltr'><strong>respuimus.</strong></span> <span class='ocrx_word' id='word_1_296' title='bbox 1051 2526 1069 2559; x_wconf 78' lang='grc' dir='ltr'><strong>ι</strong></span> <span class='ocrx_word' id='word_1_297' title='bbox 1107 2510 1282 2577; x_wconf 82' lang='lat' dir='ltr'><strong>Atque</strong></span> <span class='ocrx_word' id='word_1_298' title='bbox 1326 2509 1442 2563; x_wconf 83' lang='lat' dir='ltr'><strong>haec</strong></span> <span class='ocrx_word' id='word_1_299' title='bbox 1471 2505 1807 2567; x_wconf 85' lang='lat' dir='ltr'><strong>enucleatius</strong></span> <span class='ocrx_word' id='word_1_300' title='bbox 1856 2518 2145 2576; x_wconf 82' lang='lat' dir='ltr'><strong>perseque-</strong></span> 
     </span>
    </p>
   </div>
   <div class='ocr_carea' id='block_1_41' title="bbox 567 2594 2142 2672">
    <p class='ocr_par' dir='ltr' id='par_1_41' title="bbox 567 2594 2142 2672">
     <span class='ocr_line' id='line_1_41' title="bbox 567 2594 2142 2672; baseline -0.002 -21"><span class='ocrx_word' id='word_1_301' title='bbox 567 2611 693 2651; x_wconf 78' lang='lat' dir='ltr'><strong>mur</strong></span> <span class='ocrx_word' id='word_1_302' title='bbox 729 2597 888 2659; x_wconf 83' lang='lat' dir='ltr'><strong>infra,</strong></span> <span class='ocrx_word' id='word_1_303' title='bbox 924 2612 1045 2651; x_wconf 89' lang='lat' dir='ltr'><strong>cum</strong></span> <span class='ocrx_word' id='word_1_304' title='bbox 1082 2595 1334 2668; x_wconf 87' lang='lat' dir='ltr'><strong>Origenis</strong></span> <span class='ocrx_word' id='word_1_305' title='bbox 1364 2599 1430 2652; x_wconf 85' lang='lat' dir='ltr'><strong>de</strong></span> <span class='ocrx_word' id='word_1_306' title='bbox 1483 2594 1943 2672; x_wconf 75' lang='lat' dir='ltr'><strong>tiietcnipsycliosi</strong></span> <span class='ocrx_word' id='word_1_307' title='bbox 1976 2595 2142 2649; x_wconf 87' lang='lat' dir='ltr'><strong>docu-</strong></span> 
     </span>
    </p>
   </div>
   <div class='ocr_carea' id='block_1_42' title="bbox 570 2688 1158 2744">
    <p class='ocr_par' dir='ltr' id='par_1_42' title="bbox 570 2688 1158 2744">
     <span class='ocr_line' id='line_1_42' title="bbox 570 2688 1158 2744; baseline 0.005 -3"><span class='ocrx_word' id='word_1_308' title='bbox 570 2696 748 2742; x_wconf 85' lang='lat' dir='ltr'><strong>menta</strong></span> <span class='ocrx_word' id='word_1_309' title='bbox 774 2688 1158 2744; x_wconf 79' lang='lat' dir='ltr'><strong>scrutabimur.</strong></span> 
     </span>
    </p>
   </div>
   <div class='ocr_carea' id='block_1_43' title="bbox 641 2777 2144 2850">
    <p class='ocr_par' dir='ltr' id='par_1_43' title="bbox 641 2777 2144 2850">
     <span class='ocr_line' id='line_1_43' title="bbox 641 2777 2144 2850; baseline -0.001 -17"><span class='ocrx_word' id='word_1_310' title='bbox 641 2778 718 2833; x_wconf 82' lang='lat' dir='ltr'><strong>Ex</strong></span> <span class='ocrx_word' id='word_1_311' title='bbox 746 2779 1110 2848; x_wconf 86' lang='lat' dir='ltr'><strong>superioribus</strong></span> <span class='ocrx_word' id='word_1_312' title='bbox 1150 2780 1457 2835; x_wconf 78' lang='lat' dir='ltr'><strong>Adamant‘ii</strong></span> <span class='ocrx_word' id='word_1_313' title='bbox 1483 2781 1629 2836; x_wconf 88' lang='lat' dir='ltr'><strong>circa</strong></span> <span class='ocrx_word' id='word_1_314' title='bbox 1661 2779 1888 2850; x_wconf 87' lang='lat' dir='ltr'><strong>angelici</strong></span> <span class='ocrx_word' id='word_1_315' title='bbox 1933 2777 2144 2834; x_wconf 85' lang='lat' dir='ltr'><strong>arbitrii</strong></span> 
     </span>
    </p>
   </div>
   <div class='ocr_carea' id='block_1_44' title="bbox 570 2868 2145 2943">
    <p class='ocr_par' dir='ltr' id='par_1_44' title="bbox 570 2868 2145 2943">
     <span class='ocr_line' id='line_1_44' title="bbox 570 2868 2145 2943; baseline -0.001 -19"><span class='ocrx_word' id='word_1_316' title='bbox 570 2868 902 2935; x_wconf 89' lang='lat' dir='ltr'><strong>libertatem,</strong></span> <span class='ocrx_word' id='word_1_317' title='bbox 956 2880 1012 2926; x_wconf 89' lang='lat' dir='ltr'><strong>et</strong></span> <span class='ocrx_word' id='word_1_318' title='bbox 1058 2873 1354 2926; x_wconf 88' lang='lat' dir='ltr'><strong>etiamnum</strong></span> <span class='ocrx_word' id='word_1_319' title='bbox 1401 2884 1835 2943; x_wconf 75' lang='lat' dir='ltr'><strong>perseverantem</strong></span> <span class='ocrx_word' id='word_1_320' title='bbox 1884 2875 2022 2926; x_wconf 90' lang='lat' dir='ltr'><strong>bene</strong></span> <span class='ocrx_word' id='word_1_321' title='bbox 2059 2868 2145 2923; x_wconf 84' lang='lat' dir='ltr'><strong>vel</strong></span> 
     </span>
    </p>
   </div>
   <div class='ocr_carea' id='block_1_45' title="bbox 572 2958 2146 3035">
    <p class='ocr_par' dir='ltr' id='par_1_45' title="bbox 572 2958 2146 3035">
     <span class='ocr_line' id='line_1_45' title="bbox 572 2958 2146 3035; baseline 0.001 -22"><span class='ocrx_word' id='word_1_322' title='bbox 572 2958 715 3013; x_wconf 88' lang='lat' dir='ltr'><strong>male</strong></span> <span class='ocrx_word' id='word_1_323' title='bbox 737 2962 926 3031; x_wconf 86' lang='lat' dir='ltr'><strong>agendi</strong></span> <span class='ocrx_word' id='word_1_324' title='bbox 956 2960 1263 3017; x_wconf 81' lang='lat' dir='ltr'><strong>facultatem</strong></span> <span class='ocrx_word' id='word_1_325' title='bbox 1288 2963 1504 3035; x_wconf 86' lang='lat' dir='ltr'><strong>placitis</strong></span> <span class='ocrx_word' id='word_1_326' title='bbox 1534 2962 1873 3021; x_wconf 83' lang='lat' dir='ltr'><strong>consectaria</strong></span> <span class='ocrx_word' id='word_1_327' title='bbox 1897 2962 2146 3017; x_wconf 88' lang='lat' dir='ltr'><strong>videntur</strong></span> 
     </span>
    </p>
   </div>
   <div class='ocr_carea' id='block_1_46' title="bbox 572 3051 2142 3127">
    <p class='ocr_par' dir='ltr' id='par_1_46' title="bbox 572 3051 2142 3127">
     <span class='ocr_line' id='line_1_46' title="bbox 572 3051 2142 3127; baseline 0.001 -22"><span class='ocrx_word' id='word_1_328' title='bbox 572 3051 663 3106; x_wconf 77' lang='lat' dir='ltr'><strong>iila</strong></span> <span class='ocrx_word' id='word_1_329' title='bbox 690 3052 833 3118; x_wconf 89' lang='lat' dir='ltr'><strong>duo;</strong></span> <span class='ocrx_word' id='word_1_330' title='bbox 863 3053 1089 3109; x_wconf 90' lang='lat' dir='ltr'><strong>aliorum</strong></span> <span class='ocrx_word' id='word_1_331' title='bbox 1130 3055 1618 3121; x_wconf 81' lang='lat' dir='ltr'><strong>adhortationibus,</strong></span> <span class='ocrx_word' id='word_1_332' title='bbox 1648 3056 1929 3127; x_wconf 86' lang='lat' dir='ltr'><strong>exemplis.</strong></span> <span class='ocrx_word' id='word_1_333' title='bbox 1975 3065 2027 3110; x_wconf 90' lang='lat' dir='ltr'><strong>et</strong></span> <span class='ocrx_word' id='word_1_334' title='bbox 2059 3054 2142 3109; x_wconf 92' lang='lat' dir='ltr'><strong>iu-</strong></span> 
     </span>
    </p>
   </div>
   <div class='ocr_carea' id='block_1_47' title="bbox 571 3144 2146 3218">
    <p class='ocr_par' dir='ltr' id='par_1_47' title="bbox 571 3144 2146 3218">
     <span class='ocr_line' id='line_1_47' title="bbox 571 3144 2146 3218; baseline -0.002 -17"><span class='ocrx_word' id='word_1_335' title='bbox 571 3144 949 3201; x_wconf 67' lang='lat' dir='ltr'><strong>stitutionihus</strong></span> <span class='ocrx_word' id='word_1_336' title='bbox 975 3147 1042 3200; x_wconf 89' lang='lat' dir='ltr'><strong>ad</strong></span> <span class='ocrx_word' id='word_1_337' title='bbox 1084 3147 1307 3202; x_wconf 83' lang='lat' dir='ltr'><strong>meliora</strong></span> <span class='ocrx_word' id='word_1_338' title='bbox 1342 3146 1605 3216; x_wconf 85' lang='lat' dir='ltr'><strong>proficere</strong></span> <span class='ocrx_word' id='word_1_339' title='bbox 1630 3163 1795 3218; x_wconf 84' lang='lat' dir='ltr'><strong>posse</strong></span> <span class='ocrx_word' id='word_1_340' title='bbox 1820 3147 2061 3217; x_wconf 82' lang='lat' dir='ltr'><strong>angelos,</strong></span> <span class='ocrx_word' id='word_1_341' title='bbox 2091 3155 2146 3198; x_wconf 88' lang='lat' dir='ltr'><strong>et</strong></span> 
     </span>
    </p>
   </div>
   <div class='ocr_carea' id='block_1_48' title="bbox 575 3236 2147 3308">
    <p class='ocr_par' dir='ltr' id='par_1_48' title="bbox 575 3236 2147 3308">
     <span class='ocr_line' id='line_1_48' title="bbox 575 3236 2147 3308; baseline 0 -17"><span class='ocrx_word' id='word_1_342' title='bbox 575 3236 766 3291; x_wconf 90' lang='lat' dir='ltr'><strong>mortis</strong></span> <span class='ocrx_word' id='word_1_343' title='bbox 786 3236 986 3292; x_wconf 87' lang='lat' dir='ltr'><strong>Christi</strong></span> <span class='ocrx_word' id='word_1_344' title='bbox 1013 3236 1278 3293; x_wconf 82' lang='lat' dir='ltr'><strong>beneﬁcio</strong></span> <span class='ocrx_word' id='word_1_345' title='bbox 1300 3237 1532 3308; x_wconf 85' lang='lat' dir='ltr'><strong>gaudere</strong></span> <span class='ocrx_word' id='word_1_346' title='bbox 1555 3255 1569 3305; x_wconf 92' lang='lat'><strong>;</strong></span> <span class='ocrx_word' id='word_1_347' title='bbox 1597 3239 1844 3302; x_wconf 87' lang='lat' dir='ltr'><strong>alterum,</strong></span> <span class='ocrx_word' id='word_1_348' title='bbox 1876 3247 2147 3307; x_wconf 88' lang='lat' dir='ltr'><strong>gestorum</strong></span> 
     </span>
    </p>
   </div>
   <div class='ocr_carea' id='block_1_49' title="bbox 575 3327 2148 3401">
    <p class='ocr_par' dir='ltr' id='par_1_49' title="bbox 575 3327 2148 3401">
     <span class='ocr_line' id='line_1_49' title="bbox 575 3327 2148 3401; baseline 0.001 -19"><span class='ocrx_word' id='word_1_349' title='bbox 575 3329 839 3383; x_wconf 83' lang='lat' dir='ltr'><strong>rationem</strong></span> <span class='ocrx_word' id='word_1_350' title='bbox 866 3329 997 3384; x_wconf 91' lang='lat' dir='ltr'><strong>olim</strong></span> <span class='ocrx_word' id='word_1_351' title='bbox 1024 3332 1345 3395; x_wconf 82' lang='lat' dir='ltr'><strong>reddituros,</strong></span> <span class='ocrx_word' id='word_1_352' title='bbox 1378 3338 1430 3384; x_wconf 90' lang='lat' dir='ltr'><strong>et</strong></span> <span class='ocrx_word' id='word_1_353' title='bbox 1449 3341 1691 3386; x_wconf 85' lang='lat' dir='ltr'><strong>extremo</strong></span> <span class='ocrx_word' id='word_1_354' title='bbox 1712 3330 1945 3387; x_wconf 81' lang='lat' dir='ltr'><strong>examini</strong></span> <span class='ocrx_word' id='word_1_355' title='bbox 1977 3345 2040 3385; x_wconf 87' lang='lat' dir='ltr'><strong>ac</strong></span> <span class='ocrx_word' id='word_1_356' title='bbox 2061 3327 2148 3401; x_wconf 83' lang='lat' dir='ltr'><strong>jn-</strong></span> 
     </span>
    </p>
   </div>
   <div class='ocr_carea' id='block_1_50' title="bbox 572 3419 2146 3495">
    <p class='ocr_par' dir='ltr' id='par_1_50' title="bbox 572 3419 2146 3495">
     <span class='ocr_line' id='line_1_50' title="bbox 572 3419 2146 3495; baseline 0.002 -22"><span class='ocrx_word' id='word_1_357' title='bbox 572 3419 719 3475; x_wconf 90' lang='lat' dir='ltr'><strong>dicio</strong></span> <span class='ocrx_word' id='word_1_358' title='bbox 752 3421 1029 3476; x_wconf 84' lang='lat' dir='ltr'><strong>subditum</strong></span> <span class='ocrx_word' id='word_1_359' title='bbox 1068 3423 1159 3477; x_wconf 93' lang='lat' dir='ltr'><strong>iri.</strong></span> <span class='ocrx_word' id='word_1_360' title='bbox 1225 3422 1380 3478; x_wconf 81' lang='lat' dir='ltr'><strong>Prius</strong></span> <span class='ocrx_word' id='word_1_361' title='bbox 1435 3422 1565 3477; x_wconf 90' lang='lat' dir='ltr'><strong>illud</strong></span> <span class='ocrx_word' id='word_1_362' title='bbox 1603 3423 1796 3493; x_wconf 89' lang='lat' dir='ltr'><strong>partim</strong></span> <span class='ocrx_word' id='word_1_363' title='bbox 1829 3421 1943 3495; x_wconf 83' lang='lat' dir='ltr'><strong>jam</strong></span> <span class='ocrx_word' id='word_1_364' title='bbox 1982 3435 2146 3491; x_wconf 88' lang='lat' dir='ltr'><strong>supra</strong></span> 
     </span>
    </p>
   </div>
   <div class='ocr_carea' id='block_1_51' title="bbox 575 3513 2150 3586">
    <p class='ocr_par' dir='ltr' id='par_1_51' title="bbox 575 3513 2150 3586">
     <span class='ocr_line' id='line_1_51' title="bbox 575 3513 2150 3586; baseline 0.002 -21"><span class='ocrx_word' id='word_1_365' title='bbox 575 3513 875 3582; x_wconf 79' lang='lat' dir='ltr'><strong>attigimus,</strong></span> <span class='ocrx_word' id='word_1_366' title='bbox 933 3530 1053 3569; x_wconf 89' lang='lat' dir='ltr'><strong>cum</strong></span> <span class='ocrx_word' id='word_1_367' title='bbox 1102 3530 1385 3586; x_wconf 81' lang='lat' dir='ltr'><strong>ageremus</strong></span> <span class='ocrx_word' id='word_1_368' title='bbox 1434 3517 1499 3569; x_wconf 88' lang='lat' dir='ltr'><strong>de</strong></span> <span class='ocrx_word' id='word_1_369' title='bbox 1550 3516 1820 3569; x_wconf 89' lang='lat' dir='ltr'><strong>taxatione</strong></span> <span class='ocrx_word' id='word_1_370' title='bbox 1874 3515 2150 3584; x_wconf 82' lang='lat' dir='ltr'><strong>sanguinis</strong></span> 
     </span>
    </p>
   </div>
   <div class='ocr_carea' id='block_1_52' title="bbox 572 3599 2148 3679">
    <p class='ocr_par' dir='ltr' id='par_1_52' title="bbox 572 3599 2148 3679">
     <span class='ocr_line' id='line_1_52' title="bbox 572 3599 2148 3679; baseline 0 -23"><span class='ocrx_word' id='word_1_371' title='bbox 572 3599 773 3656; x_wconf 86' lang='lat' dir='ltr'><strong>Christi</strong></span> <span class='ocrx_word' id='word_1_372' title='bbox 828 3602 911 3673; x_wconf 90' lang='lat' dir='ltr'><strong>(ut</strong></span> <span class='ocrx_word' id='word_1_373' title='bbox 962 3604 1289 3661; x_wconf 79' lang='lat' dir='ltr'><strong>scholastica</strong></span> <span class='ocrx_word' id='word_1_374' title='bbox 1322 3620 1471 3659; x_wconf 83' lang='lat' dir='ltr'><strong>more</strong></span> <span class='ocrx_word' id='word_1_375' title='bbox 1521 3603 1734 3679; x_wconf 86' lang='lat' dir='ltr'><strong>loquar)</strong></span> <span class='ocrx_word' id='word_1_376' title='bbox 1782 3614 1834 3659; x_wconf 92' lang='lat' dir='ltr'><strong>et</strong></span> <span class='ocrx_word' id='word_1_377' title='bbox 1868 3614 2048 3661; x_wconf 86' lang='lat' dir='ltr'><strong>utrum</strong></span> <span class='ocrx_word' id='word_1_378' title='bbox 2082 3602 2148 3657; x_wconf 87' lang='lat' dir='ltr'><strong>ad</strong></span> 
     </span>
    </p>
   </div>
   <div class='ocr_carea' id='block_1_53' title="bbox 574 3694 2150 3769">
    <p class='ocr_par' dir='ltr' id='par_1_53' title="bbox 574 3694 2150 3769">
     <span class='ocr_line' id='line_1_53' title="bbox 574 3694 2150 3769; baseline 0.003 -22"><span class='ocrx_word' id='word_1_379' title='bbox 574 3694 800 3763; x_wconf 88' lang='lat' dir='ltr'><strong>angelos</strong></span> <span class='ocrx_word' id='word_1_380' title='bbox 836 3694 989 3752; x_wconf 71' lang='grc' dir='ltr'>επιιεὶ</span> <span class='ocrx_word' id='word_1_381' title='bbox 1018 3697 1220 3753; x_wconf 87' lang='lat' dir='ltr'><strong>Christi</strong></span> <span class='ocrx_word' id='word_1_382' title='bbox 1251 3699 1531 3769; x_wconf 85' lang='lat' dir='ltr'><strong>sanguinis</strong></span> <span class='ocrx_word' id='word_1_383' title='bbox 1562 3698 1791 3768; x_wconf 88' lang='lat' dir='ltr'><strong>gratiam</strong></span> <span class='ocrx_word' id='word_1_384' title='bbox 1827 3711 2150 3767; x_wconf 81' lang='lat' dir='ltr'><strong>prorogave—</strong></span> 
     </span>
    </p>
   </div>
   <div class='ocr_carea' id='block_1_54' title="bbox 573 3786 2148 3860">
    <p class='ocr_par' dir='ltr' id='par_1_54' title="bbox 573 3786 2148 3860">
     <span class='ocr_line' id='line_1_54' title="bbox 573 3786 2148 3860; baseline 0.001 -18"><span class='ocrx_word' id='word_1_385' title='bbox 573 3786 647 3842; x_wconf 86' lang='lat' dir='ltr'><strong>rit</strong></span> <span class='ocrx_word' id='word_1_386' title='bbox 673 3786 937 3857; x_wconf 75' lang='lat' dir='ltr'><strong>Origenes</strong></span> <span class='ocrx_word' id='word_1_387' title='bbox 969 3805 1361 3859; x_wconf 69' lang='lat' dir='ltr'><strong>quaereremus.</strong></span> <span class='ocrx_word' id='word_1_388' title='bbox 1389 3790 1544 3846; x_wconf 88' lang='lat' dir='ltr'><strong>Nunc</strong></span> <span class='ocrx_word' id='word_1_389' title='bbox 1571 3806 1703 3846; x_wconf 88' lang='lat' dir='ltr'><strong>vero</strong></span> <span class='ocrx_word' id='word_1_390' title='bbox 1726 3789 1920 3860; x_wconf 88' lang='lat' dir='ltr'><strong>ecquid</strong></span> <span class='ocrx_word' id='word_1_391' title='bbox 1956 3788 2148 3844; x_wconf 88' lang='lat' dir='ltr'><strong>alienis</strong></span> 
     </span>
    </p>
   </div>
   <div class='ocr_carea' id='block_1_55' title="bbox 575 3878 2149 3950">
    <p class='ocr_par' dir='ltr' id='par_1_55' title="bbox 575 3878 2149 3950">
     <span class='ocr_line' id='line_1_55' title="bbox 575 3878 2149 3950; baseline 0.004 -22"><span class='ocrx_word' id='word_1_392' title='bbox 575 3878 865 3947; x_wconf 83' lang='lat' dir='ltr'><strong>praeceptis</strong></span> <span class='ocrx_word' id='word_1_393' title='bbox 896 3879 1180 3935; x_wconf 87' lang='lat' dir='ltr'><strong>informari</strong></span> <span class='ocrx_word' id='word_1_394' title='bbox 1218 3896 1339 3946; x_wconf 87' lang='lat' dir='ltr'><strong>eos,</strong></span> <span class='ocrx_word' id='word_1_395' title='bbox 1382 3892 1440 3935; x_wconf 91' lang='lat' dir='ltr'><strong>et</strong></span> <span class='ocrx_word' id='word_1_396' title='bbox 1468 3882 1533 3935; x_wconf 89' lang='lat' dir='ltr'><strong>ad</strong></span> <span class='ocrx_word' id='word_1_397' title='bbox 1568 3880 1819 3935; x_wconf 89' lang='lat' dir='ltr'><strong>virtutem</strong></span> <span class='ocrx_word' id='word_1_398' title='bbox 1852 3879 2037 3950; x_wconf 83' lang='lat' dir='ltr'><strong>arrigi.</strong></span> <span class='ocrx_word' id='word_1_399' title='bbox 2064 3878 2149 3935; x_wconf 91' lang='lat' dir='ltr'><strong>vel</strong></span> 
     </span>
    </p>
   </div>
   <div class='ocr_carea' id='block_1_56' title="bbox 580 3964 2145 4043">
    <p class='ocr_par' dir='ltr' id='par_1_56' title="bbox 580 3964 2145 4043">
     <span class='ocr_line' id='line_1_56' title="bbox 580 3964 2145 4043; baseline 0.006 -24"><span class='ocrx_word' id='word_1_400' title='bbox 580 3964 1020 4024; x_wconf 84' lang='lat' dir='ltr'><strong>institutionibus</strong></span> <span class='ocrx_word' id='word_1_401' title='bbox 1068 3971 1271 4026; x_wconf 89' lang='lat' dir='ltr'><strong>erudiri</strong></span> <span class='ocrx_word' id='word_1_402' title='bbox 1304 3972 1685 4039; x_wconf 89' lang='lat' dir='ltr'><strong>autumaverit,</strong></span> <span class='ocrx_word' id='word_1_403' title='bbox 1730 3974 2145 4043; x_wconf 87' lang='lat' dir='ltr'><strong>perpendamus.</strong></span> 
     </span>
    </p>
   </div>
   <div class='ocr_carea' id='block_1_57' title="bbox 648 4053 2148 4129">
    <p class='ocr_par' dir='ltr' id='par_1_57' title="bbox 648 4053 2148 4129">
     <span class='ocr_line' id='line_1_57' title="bbox 648 4053 2148 4129; baseline 0.005 -21"><span class='ocrx_word' id='word_1_404' title='bbox 648 4053 830 4111; x_wconf 82' lang='lat' dir='ltr'><strong>XVIII.</strong></span> <span class='ocrx_word' id='word_1_405' title='bbox 857 4057 1005 4112; x_wconf 90' lang='lat' dir='ltr'><strong>Pauli</strong></span> <span class='ocrx_word' id='word_1_406' title='bbox 1046 4059 1272 4129; x_wconf 89' lang='lat' dir='ltr'><strong>apostoli</strong></span> <span class='ocrx_word' id='word_1_407' title='bbox 1305 4061 1372 4114; x_wconf 91' lang='lat' dir='ltr'><strong>ad</strong></span> <span class='ocrx_word' id='word_1_408' title='bbox 1406 4060 1667 4128; x_wconf 84' lang='lat' dir='ltr'><strong>Ephesios</strong></span> <span class='ocrx_word' id='word_1_409' title='bbox 1714 4062 2006 4118; x_wconf 84' lang='lat' dir='ltr'><strong>scribentis</strong></span> <span class='ocrx_word' id='word_1_410' title='bbox 2030 4076 2148 4116; x_wconf 82' lang='lat' dir='ltr'><strong>ver-</strong></span> 
     </span>
    </p>
   </div>
   <div class='ocr_carea' id='block_1_58' title="bbox 574 4149 2147 4208">
    <p class='ocr_par' dir='ltr' id='par_1_58' title="bbox 574 4149 2147 4208">
     <span class='ocr_line' id='line_1_58' title="bbox 574 4149 2147 4208; baseline 0.001 -2"><span class='ocrx_word' id='word_1_411' title='bbox 574 4150 644 4206; x_wconf 84' lang='lat' dir='ltr'><strong>ba</strong></span> <span class='ocrx_word' id='word_1_412' title='bbox 678 4149 793 4204; x_wconf 66' lang='lat' dir='ltr'><strong>haec</strong></span> <span class='ocrx_word' id='word_1_413' title='bbox 818 4161 948 4206; x_wconf 90' lang='lat' dir='ltr'><strong>sunt</strong></span> <span class='ocrx_word' id='word_1_414' title='bbox 972 4151 1058 4205; x_wconf 68' lang='grc' dir='ltr'><strong>πε</strong></span> <span class='ocrx_word' id='word_1_415' title='bbox 1092 4172 1110 4204; x_wconf 87' lang='grc' dir='ltr'><strong>ι</strong></span> <span class='ocrx_word' id='word_1_416' title='bbox 1134 4151 1261 4207; x_wconf 82' lang='lat' dir='ltr'><strong>Mihi</strong></span> <span class='ocrx_word' id='word_1_417' title='bbox 1301 4152 1544 4206; x_wconf 90' lang='lat' dir='ltr'><strong>omnium</strong></span> <span class='ocrx_word' id='word_1_418' title='bbox 1574 4161 1882 4207; x_wconf 89' lang='lat' dir='ltr'><strong>sanctorum</strong></span> <span class='ocrx_word' id='word_1_419' title='bbox 1925 4152 2147 4208; x_wconf 86' lang='lat' dir='ltr'><strong>minimo</strong></span> 
     </span>
    </p>
   </div>
   <div class='ocr_carea' id='block_1_59' title="bbox 575 4244 2147 4316">
    <p class='ocr_par' dir='ltr' id='par_1_59' title="bbox 575 4244 2147 4316">
     <span class='ocr_line' id='line_1_59' title="bbox 575 4244 2147 4316; baseline -0.001 -14"><span class='ocrx_word' id='word_1_420' title='bbox 575 4247 699 4302; x_wconf 87' lang='lat' dir='ltr'><strong>data</strong></span> <span class='ocrx_word' id='word_1_421' title='bbox 737 4253 820 4301; x_wconf 91' lang='lat' dir='ltr'><strong>est</strong></span> <span class='ocrx_word' id='word_1_422' title='bbox 846 4244 1021 4316; x_wconf 79' lang='lat' dir='ltr'><strong>gratia</strong></span> <span class='ocrx_word' id='word_1_423' title='bbox 1051 4245 1166 4300; x_wconf 66' lang='lat' dir='ltr'><strong>haec</strong></span> <span class='ocrx_word' id='word_1_424' title='bbox 1203 4246 1256 4298; x_wconf 94' lang='lat' dir='ltr'><strong>in</strong></span> <span class='ocrx_word' id='word_1_425' title='bbox 1284 4246 1555 4314; x_wconf 82' lang='lat' dir='ltr'><strong>gentibus,</strong></span> <span class='ocrx_word' id='word_1_426' title='bbox 1591 4245 1968 4315; x_wconf 84' lang='lat' dir='ltr'><strong>evangelizare</strong></span> <span class='ocrx_word' id='word_1_427' title='bbox 1999 4246 2147 4301; x_wconf 87' lang='lat' dir='ltr'><strong>inve-</strong></span> 
     </span>
    </p>
   </div>
   <div class='ocr_carea' id='block_1_60' title="bbox 579 4337 2146 4409">
    <p class='ocr_par' dir='ltr' id='par_1_60' title="bbox 579 4337 2146 4409">
     <span class='ocr_line' id='line_1_60' title="bbox 579 4337 2146 4409; baseline 0 -14"><span class='ocrx_word' id='word_1_428' title='bbox 579 4339 860 4409; x_wconf 85' lang='lat' dir='ltr'><strong>stigabiles</strong></span> <span class='ocrx_word' id='word_1_429' title='bbox 894 4338 1111 4393; x_wconf 86' lang='lat' dir='ltr'><strong>divitias</strong></span> <span class='ocrx_word' id='word_1_430' title='bbox 1137 4337 1363 4401; x_wconf 83' lang='lat' dir='ltr'><strong>Christi.</strong></span> <span class='ocrx_word' id='word_1_431' title='bbox 1399 4348 1453 4393; x_wconf 84' lang='lat' dir='ltr'><strong>et</strong></span> <span class='ocrx_word' id='word_1_432' title='bbox 1482 4337 1785 4392; x_wconf 88' lang='lat' dir='ltr'><strong>illuminare</strong></span> <span class='ocrx_word' id='word_1_433' title='bbox 1809 4352 1998 4392; x_wconf 91' lang='lat' dir='ltr'><strong>omnes</strong></span> <span class='ocrx_word' id='word_1_434' title='bbox 2026 4353 2146 4407; x_wconf 62' lang='lat' dir='ltr'><strong>qua:</strong></span> 
     </span>
    </p>
   </div>
   <div class='ocr_carea' id='block_1_61' title="bbox 576 4428 2144 4500">
    <p class='ocr_par' dir='ltr' id='par_1_61' title="bbox 576 4428 2144 4500">
     <span class='ocr_line' id='line_1_61' title="bbox 576 4428 2144 4500; baseline -0.001 -15"><span class='ocrx_word' id='word_1_435' title='bbox 576 4430 649 4485; x_wconf 89' lang='lat' dir='ltr'><strong>sit</strong></span> <span class='ocrx_word' id='word_1_436' title='bbox 682 4431 1012 4500; x_wconf 84' lang='lat' dir='ltr'><strong>dispensatio</strong></span> <span class='ocrx_word' id='word_1_437' title='bbox 1060 4431 1395 4488; x_wconf 86' lang='lat' dir='ltr'><strong>sacramenti</strong></span> <span class='ocrx_word' id='word_1_438' title='bbox 1424 4428 1722 4487; x_wconf 86' lang='lat' dir='ltr'><strong>ahsconditi</strong></span> <span class='ocrx_word' id='word_1_439' title='bbox 1771 4444 1803 4483; x_wconf 93' lang='lat' dir='ltr'><strong>a</strong></span> <span class='ocrx_word' id='word_1_440' title='bbox 1849 4428 2061 4486; x_wconf 67' lang='lat' dir='ltr'><strong>saeculis</strong></span> <span class='ocrx_word' id='word_1_441' title='bbox 2092 4430 2144 4483; x_wconf 92' lang='lat' dir='ltr'><strong>in</strong></span> 
     </span>
    </p>
   </div>
   <div class='ocr_carea' id='block_1_62' title="bbox 578 4520 2145 4597">
    <p class='ocr_par' dir='ltr' id='par_1_62' title="bbox 578 4520 2145 4597">
     <span class='ocr_line' id='line_1_62' title="bbox 578 4520 2145 4597; baseline -0.001 -20"><span class='ocrx_word' id='word_1_442' title='bbox 578 4520 689 4577; x_wconf 88' lang='lat' dir='ltr'><strong>Deo</strong></span> <span class='ocrx_word' id='word_1_443' title='bbox 722 4522 814 4597; x_wconf 89' lang='lat' dir='ltr'><strong>qui</strong></span> <span class='ocrx_word' id='word_1_444' title='bbox 844 4523 1025 4578; x_wconf 89' lang='lat' dir='ltr'><strong>omnia</strong></span> <span class='ocrx_word' id='word_1_445' title='bbox 1063 4523 1290 4586; x_wconf 78' lang='lat' dir='ltr'><strong>creavit,</strong></span> <span class='ocrx_word' id='word_1_446' title='bbox 1332 4531 1390 4576; x_wconf 95' lang='lat' dir='ltr'><strong>ut</strong></span> <span class='ocrx_word' id='word_1_447' title='bbox 1428 4522 1731 4577; x_wconf 89' lang='lat' dir='ltr'><strong>innotescat</strong></span> <span class='ocrx_word' id='word_1_448' title='bbox 1767 4536 1908 4576; x_wconf 90' lang='lat' dir='ltr'><strong>nunc</strong></span> <span class='ocrx_word' id='word_1_449' title='bbox 1943 4522 2145 4590; x_wconf 89' lang='lat' dir='ltr'><strong>princi-</strong></span> 
     </span>
    </p>
   </div>
   <div class='ocr_carea' id='block_1_63' title="bbox 576 4613 2142 4685">
    <p class='ocr_par' dir='ltr' id='par_1_63' title="bbox 576 4613 2142 4685">
     <span class='ocr_line' id='line_1_63' title="bbox 576 4613 2142 4685; baseline 0.001 -18"><span class='ocrx_word' id='word_1_450' title='bbox 576 4614 790 4683; x_wconf 89' lang='lat' dir='ltr'><strong>patibus</strong></span> <span class='ocrx_word' id='word_1_451' title='bbox 818 4625 875 4671; x_wconf 89' lang='lat' dir='ltr'><strong>et</strong></span> <span class='ocrx_word' id='word_1_452' title='bbox 900 4616 1257 4685; x_wconf 86' lang='lat' dir='ltr'><strong>potestatibus</strong></span> <span class='ocrx_word' id='word_1_453' title='bbox 1296 4614 1348 4668; x_wconf 89' lang='lat' dir='ltr'><strong>in</strong></span> <span class='ocrx_word' id='word_1_454' title='bbox 1379 4613 1693 4669; x_wconf 71' lang='lat' dir='ltr'><strong>caclestibus</strong></span> <span class='ocrx_word' id='word_1_455' title='bbox 1718 4629 1817 4685; x_wconf 89' lang='lat' dir='ltr'><strong>per</strong></span> <span class='ocrx_word' id='word_1_456' title='bbox 1842 4613 2142 4671; x_wconf 84' lang='lat' dir='ltr'><strong>Ecclesiam</strong></span> 
     </span>
    </p>
   </div>
   <div class='ocr_carea' id='block_1_64' title="bbox 579 4703 2149 4777">
    <p class='ocr_par' dir='ltr' id='par_1_64' title="bbox 579 4703 2149 4777">
     <span class='ocr_line' id='line_1_64' title="bbox 579 4703 2149 4777; baseline 0.001 -19"><span class='ocrx_word' id='word_1_457' title='bbox 579 4704 924 4761; x_wconf 87' lang='lat' dir='ltr'><strong>multiformis</strong></span> <span class='ocrx_word' id='word_1_458' title='bbox 972 4707 1229 4777; x_wconf 84' lang='lat' dir='ltr'><strong>sapientia</strong></span> <span class='ocrx_word' id='word_1_459' title='bbox 1265 4705 1382 4761; x_wconf 88' lang='lat' dir='ltr'><strong>Dei.</strong></span> <span class='ocrx_word' id='word_1_460' title='bbox 1407 4724 1425 4757; x_wconf 77' lang='grc' dir='ltr'><strong>ι</strong></span> <span class='ocrx_word' id='word_1_461' title='bbox 1468 4703 1594 4760; x_wconf 68' lang='lat' dir='ltr'><strong>Haec</strong></span> <span class='ocrx_word' id='word_1_462' title='bbox 1628 4705 1866 4777; x_wconf 87' lang='lat' dir='ltr'><strong>antiquis</strong></span> <span class='ocrx_word' id='word_1_463' title='bbox 1896 4705 2149 4763; x_wconf 68' lang='lat' dir='ltr'><strong>Ecclesia:</strong></span> 
     </span>
    </p>
   </div>
   <div class='ocr_carea' id='block_1_65' title="bbox 579 4795 2149 4866">
    <p class='ocr_par' dir='ltr' id='par_1_65' title="bbox 579 4795 2149 4866">
     <span class='ocr_line' id='line_1_65' title="bbox 579 4795 2149 4866; baseline 0.002 -17"><span class='ocrx_word' id='word_1_464' title='bbox 579 4795 832 4853; x_wconf 80' lang='lat' dir='ltr'><strong>Patribus</strong></span> <span class='ocrx_word' id='word_1_465' title='bbox 861 4812 1082 4852; x_wconf 89' lang='lat' dir='ltr'><strong>causam</strong></span> <span class='ocrx_word' id='word_1_466' title='bbox 1114 4797 1399 4862; x_wconf 90' lang='lat' dir='ltr'><strong>dederunt,</strong></span> <span class='ocrx_word' id='word_1_467' title='bbox 1441 4810 1538 4850; x_wconf 92' lang='lat' dir='ltr'><strong>cur</strong></span> <span class='ocrx_word' id='word_1_468' title='bbox 1582 4796 1864 4853; x_wconf 85' lang='lat' dir='ltr'><strong>crederent</strong></span> <span class='ocrx_word' id='word_1_469' title='bbox 1886 4796 2149 4866; x_wconf 83' lang='lat' dir='ltr'><strong>pleraque</strong></span> 
     </span>
    </p>
   </div>
   <div class='ocr_carea' id='block_1_66' title="bbox 582 4888 2145 4963">
    <p class='ocr_par' dir='ltr' id='par_1_66' title="bbox 582 4888 2145 4963">
     <span class='ocr_line' id='line_1_66' title="bbox 582 4888 2145 4963; baseline -0.001 -16"><span class='ocrx_word' id='word_1_470' title='bbox 582 4892 674 4947; x_wconf 81' lang='lat' dir='ltr'><strong>Dei</strong></span> <span class='ocrx_word' id='word_1_471' title='bbox 702 4890 959 4963; x_wconf 86' lang='lat' dir='ltr'><strong>mysteria</strong></span> <span class='ocrx_word' id='word_1_472' title='bbox 1017 4888 1237 4957; x_wconf 79' lang='lat' dir='ltr'><strong>angelos</strong></span> <span class='ocrx_word' id='word_1_473' title='bbox 1271 4904 1368 4958; x_wconf 90' lang='lat' dir='ltr'><strong>per</strong></span> <span class='ocrx_word' id='word_1_474' title='bbox 1393 4888 1690 4943; x_wconf 86' lang='lat' dir='ltr'><strong>Ecclesiam</strong></span> <span class='ocrx_word' id='word_1_475' title='bbox 1734 4889 2009 4952; x_wconf 84' lang='lat' dir='ltr'><strong>didicisse,</strong></span> <span class='ocrx_word' id='word_1_476' title='bbox 2040 4904 2145 4947; x_wconf 89' lang='lat' dir='ltr'><strong>non</strong></span> 
     </span>
    </p>
   </div>
   <div class='ocr_carea' id='block_1_67' title="bbox 577 4981 2146 5055">
    <p class='ocr_par' dir='ltr' id='par_1_67' title="bbox 577 4981 2146 5055">
     <span class='ocr_line' id='line_1_67' title="bbox 577 4981 2146 5055; baseline -0.004 -14"><span class='ocrx_word' id='word_1_477' title='bbox 577 5001 640 5041; x_wconf 85' lang='lat' dir='ltr'><strong>ea</strong></span> <span class='ocrx_word' id='word_1_478' title='bbox 665 4985 881 5055; x_wconf 88' lang='lat' dir='ltr'><strong>quidem</strong></span> <span class='ocrx_word' id='word_1_479' title='bbox 920 4998 1040 5055; x_wconf 65' lang='lat' dir='ltr'><strong>quae</strong></span> <span class='ocrx_word' id='word_1_480' title='bbox 1075 4981 1169 5038; x_wconf 87' lang='lat' dir='ltr'><strong>Dei</strong></span> <span class='ocrx_word' id='word_1_481' title='bbox 1214 4992 1420 5036; x_wconf 68' lang='lat' dir='ltr'><strong>naturae</strong></span> <span class='ocrx_word' id='word_1_482' title='bbox 1456 4982 1765 5036; x_wconf 86' lang='lat' dir='ltr'><strong>necessario</strong></span> <span class='ocrx_word' id='word_1_483' title='bbox 1808 4981 2025 5045; x_wconf 90' lang='lat' dir='ltr'><strong>insunt;</strong></span> <span class='ocrx_word' id='word_1_484' title='bbox 2060 4981 2146 5035; x_wconf 92' lang='lat' dir='ltr'><strong>illa</strong></span> 
     </span>
    </p>
   </div>
   <div class='ocr_carea' id='block_1_68' title="bbox 578 5073 2149 5147">
    <p class='ocr_par' dir='ltr' id='par_1_68' title="bbox 578 5073 2149 5147">
     <span class='ocr_line' id='line_1_68' title="bbox 578 5073 2149 5147; baseline -0.003 -16"><span class='ocrx_word' id='word_1_485' title='bbox 578 5075 840 5145; x_wconf 84' lang='lat' dir='ltr'><strong>siquidem</strong></span> <span class='ocrx_word' id='word_1_486' title='bbox 878 5081 1246 5147; x_wconf 81' lang='lat' dir='ltr'><strong>cognoverunt</strong></span> <span class='ocrx_word' id='word_1_487' title='bbox 1290 5088 1499 5139; x_wconf 88' lang='lat' dir='ltr'><strong>omnes,</strong></span> <span class='ocrx_word' id='word_1_488' title='bbox 1545 5089 1671 5128; x_wconf 92' lang='lat' dir='ltr'><strong>cum</strong></span> <span class='ocrx_word' id='word_1_489' title='bbox 1717 5073 1884 5128; x_wconf 89' lang='lat' dir='ltr'><strong>semel</strong></span> <span class='ocrx_word' id='word_1_490' title='bbox 1925 5074 1991 5129; x_wconf 87' lang='lat' dir='ltr'><strong>iis</strong></span> <span class='ocrx_word' id='word_1_491' title='bbox 2018 5089 2149 5128; x_wconf 85' lang='lat' dir='ltr'><strong>con-</strong></span> 
     </span>
    </p>
   </div>
   <div class='ocr_carea' id='block_1_69' title="bbox 581 5164 2148 5235">
    <p class='ocr_par' dir='ltr' id='par_1_69' title="bbox 581 5164 2148 5235">
     <span class='ocr_line' id='line_1_69' title="bbox 581 5164 2148 5235; baseline 0.003 -17"><span class='ocrx_word' id='word_1_492' title='bbox 581 5167 764 5221; x_wconf 88' lang='lat' dir='ltr'><strong>tuendi</strong></span> <span class='ocrx_word' id='word_1_493' title='bbox 810 5165 904 5222; x_wconf 88' lang='lat' dir='ltr'><strong>Dei</strong></span> <span class='ocrx_word' id='word_1_494' title='bbox 937 5165 1166 5221; x_wconf 87' lang='lat' dir='ltr'><strong>facultas</strong></span> <span class='ocrx_word' id='word_1_495' title='bbox 1218 5178 1479 5219; x_wconf 88' lang='lat' dir='ltr'><strong>concessa</strong></span> <span class='ocrx_word' id='word_1_496' title='bbox 1523 5173 1641 5231; x_wconf 89' lang='lat' dir='ltr'><strong>est;</strong></span> <span class='ocrx_word' id='word_1_497' title='bbox 1684 5164 1778 5220; x_wconf 87' lang='lat' dir='ltr'><strong>sed</strong></span> <span class='ocrx_word' id='word_1_498' title='bbox 1821 5181 1940 5235; x_wconf 77' lang='lat' dir='ltr'><strong>qua:</strong></span> <span class='ocrx_word' id='word_1_499' title='bbox 1977 5165 2148 5222; x_wconf 88' lang='lat' dir='ltr'><strong>libere</strong></span> 
     </span>
    </p>
   </div>
   <div class='ocr_carea' id='block_1_70' title="bbox 581 5254 2150 5327">
    <p class='ocr_par' dir='ltr' id='par_1_70' title="bbox 581 5254 2150 5327">
     <span class='ocr_line' id='line_1_70' title="bbox 581 5254 2150 5327; baseline 0.003 -20"><span class='ocrx_word' id='word_1_500' title='bbox 581 5254 726 5309; x_wconf 84' lang='lat' dir='ltr'><strong>Dens</strong></span> <span class='ocrx_word' id='word_1_501' title='bbox 761 5266 814 5310; x_wconf 90' lang='lat' dir='ltr'><strong>et</strong></span> <span class='ocrx_word' id='word_1_502' title='bbox 861 5255 1161 5315; x_wconf 87' lang='lat' dir='ltr'><strong>forinsecus</strong></span> <span class='ocrx_word' id='word_1_503' title='bbox 1191 5266 1468 5327; x_wconf 89' lang='lat' dir='ltr'><strong>operatur,</strong></span> <span class='ocrx_word' id='word_1_504' title='bbox 1494 5271 1679 5311; x_wconf 91' lang='lat' dir='ltr'><strong>eorum</strong></span> <span class='ocrx_word' id='word_1_505' title='bbox 1717 5256 1931 5311; x_wconf 89' lang='lat' dir='ltr'><strong>demum</strong></span> <span class='ocrx_word' id='word_1_506' title='bbox 1964 5258 2150 5326; x_wconf 83' lang='lat' dir='ltr'><strong>cogni-</strong></span> 
     </span>
    </p>
   </div>
   <div class='ocr_carea' id='block_1_71' title="bbox 580 5344 2148 5420">
    <p class='ocr_par' dir='ltr' id='par_1_71' title="bbox 580 5344 2148 5420">
     <span class='ocr_line' id='line_1_71' title="bbox 580 5344 2148 5420; baseline 0.004 -22"><span class='ocrx_word' id='word_1_507' title='bbox 580 5349 778 5401; x_wconf 91' lang='lat' dir='ltr'><strong>tionem</strong></span> <span class='ocrx_word' id='word_1_508' title='bbox 806 5344 970 5401; x_wconf 84' lang='lat' dir='ltr'><strong>fuisse</strong></span> <span class='ocrx_word' id='word_1_509' title='bbox 990 5361 1084 5417; x_wconf 88' lang='lat' dir='ltr'><strong>per</strong></span> <span class='ocrx_word' id='word_1_510' title='bbox 1109 5347 1401 5403; x_wconf 87' lang='lat' dir='ltr'><strong>Ecclesiam</strong></span> <span class='ocrx_word' id='word_1_511' title='bbox 1425 5347 1667 5418; x_wconf 90' lang='lat' dir='ltr'><strong>adeptos.</strong></span> <span class='ocrx_word' id='word_1_512' title='bbox 1693 5345 1986 5419; x_wconf 86' lang='lat' dir='ltr'><strong>Gregorius</strong></span> <span class='ocrx_word' id='word_1_513' title='bbox 2012 5348 2148 5420; x_wconf 88' lang='lat' dir='ltr'><strong>Nys-</strong></span> 
     </span>
    </p>
   </div>
   <div class='ocr_carea' id='block_1_72' title="bbox 578 5422 2149 5510">
    <p class='ocr_par' dir='ltr' id='par_1_72' title="bbox 578 5422 2149 5510">
     <span class='ocr_line' id='line_1_72' title="bbox 578 5422 2149 5510; baseline 0.003 -17"><span class='ocrx_word' id='word_1_514' title='bbox 578 5451 741 5493; x_wconf 87' lang='lat' dir='ltr'><strong>senus</strong></span> <span class='ocrx_word' id='word_1_515' title='bbox 767 5436 953 5491; x_wconf 87' lang='lat' dir='ltr'><strong>homil.</strong></span> <span class='ocrx_word' id='word_1_516' title='bbox 976 5438 1009 5493; x_wconf 93' lang='lat'><strong>8</strong></span> <span class='ocrx_word' id='word_1_517' title='bbox 1041 5438 1098 5493; x_wconf 87' lang='lat' dir='ltr'><strong>in</strong></span> <span class='ocrx_word' id='word_1_518' title='bbox 1121 5422 1330 5497; x_wconf 73' lang='lat' dir='ltr'><strong>Cantic.</strong></span> <span class='ocrx_word' id='word_1_519' title='bbox 1377 5440 1449 5493; x_wconf 90' lang='lat' dir='ltr'><strong>ita</strong></span> <span class='ocrx_word' id='word_1_520' title='bbox 1483 5438 1628 5494; x_wconf 82' lang='lat' dir='ltr'><strong>Pauli</strong></span> <span class='ocrx_word' id='word_1_521' title='bbox 1669 5438 1842 5493; x_wconf 92' lang='lat' dir='ltr'><strong>locum</strong></span> <span class='ocrx_word' id='word_1_522' title='bbox 1886 5440 2149 5510; x_wconf 87' lang='lat' dir='ltr'><strong>interpre-</strong></span> 
     </span>
    </p>
   </div>
   <div class='ocr_carea' id='block_1_73' title="bbox 582 5530 2143 5602">
    <p class='ocr_par' dir='ltr' id='par_1_73' title="bbox 582 5530 2143 5602">
     <span class='ocr_line' id='line_1_73' title="bbox 582 5530 2143 5602; baseline 0.002 -21"><span class='ocrx_word' id='word_1_523' title='bbox 582 5538 747 5595; x_wconf 86' lang='lat' dir='ltr'><strong>tatur,</strong></span> <span class='ocrx_word' id='word_1_524' title='bbox 773 5544 1036 5584; x_wconf 88' lang='lat' dir='ltr'><strong>summam</strong></span> <span class='ocrx_word' id='word_1_525' title='bbox 1063 5542 1118 5589; x_wconf 82' lang='lat' dir='ltr'><strong>et</strong></span> <span class='ocrx_word' id='word_1_526' title='bbox 1140 5530 1512 5587; x_wconf 88' lang='lat' dir='ltr'><strong>admirabilem</strong></span> <span class='ocrx_word' id='word_1_527' title='bbox 1545 5530 1637 5589; x_wconf 89' lang='lat' dir='ltr'><strong>Dei</strong></span> <span class='ocrx_word' id='word_1_528' title='bbox 1667 5541 2011 5602; x_wconf 85' lang='lat' dir='ltr'><strong>potestatem,</strong></span> <span class='ocrx_word' id='word_1_529' title='bbox 2040 5547 2143 5600; x_wconf 87' lang='lat' dir='ltr'><strong>qua</strong></span> 
     </span>
    </p>
   </div>
   <div class='ocr_carea' id='block_1_74' title="bbox 579 5623 2146 5695">
    <p class='ocr_par' dir='ltr' id='par_1_74' title="bbox 579 5623 2146 5695">
     <span class='ocr_line' id='line_1_74' title="bbox 579 5623 2146 5695; baseline 0.003 -23"><span class='ocrx_word' id='word_1_530' title='bbox 579 5624 757 5678; x_wconf 86' lang='lat' dir='ltr'><strong>omnia</strong></span> <span class='ocrx_word' id='word_1_531' title='bbox 789 5623 855 5679; x_wconf 88' lang='lat' dir='ltr'><strong>de</strong></span> <span class='ocrx_word' id='word_1_532' title='bbox 898 5624 1067 5679; x_wconf 91' lang='lat' dir='ltr'><strong>nihilo</strong></span> <span class='ocrx_word' id='word_1_533' title='bbox 1102 5624 1219 5679; x_wconf 90' lang='lat' dir='ltr'><strong>solo</strong></span> <span class='ocrx_word' id='word_1_534' title='bbox 1254 5626 1421 5680; x_wconf 86' lang='lat' dir='ltr'><strong>verbo</strong></span> <span class='ocrx_word' id='word_1_535' title='bbox 1473 5625 1734 5690; x_wconf 88' lang='lat' dir='ltr'><strong>condidit,</strong></span> <span class='ocrx_word' id='word_1_536' title='bbox 1765 5624 1986 5695; x_wconf 89' lang='lat' dir='ltr'><strong>angelos</strong></span> <span class='ocrx_word' id='word_1_537' title='bbox 2022 5624 2146 5692; x_wconf 87' lang='lat' dir='ltr'><strong>qui-</strong></span> 
     </span>
    </p>
   </div>
   <div class='ocr_carea' id='block_1_75' title="bbox 649 5733 1814 5803">
    <p class='ocr_par' dir='ltr' id='par_1_75' title="bbox 649 5733 1814 5803">
     <span class='ocr_line' id='line_1_75' title="bbox 649 5733 1814 5803; baseline 0.006 -19"><span class='ocrx_word' id='word_1_538' title='bbox 649 5733 695 5763; x_wconf 77' lang='lat'><strong>&quot;</strong></span> <span class='ocrx_word' id='word_1_539' title='bbox 718 5733 918 5801; x_wconf 88' lang='lat' dir='ltr'><strong>Ephes.</strong></span> <span class='ocrx_word' id='word_1_540' title='bbox 942 5750 1025 5799; x_wconf 80' lang='lat' dir='ltr'><strong>ill,</strong></span> <span class='ocrx_word' id='word_1_541' title='bbox 1064 5736 1218 5791; x_wconf 88' lang='lat' dir='ltr'><strong>8-I0.</strong></span> <span class='ocrx_word' id='word_1_542' title='bbox 1298 5739 1343 5771; x_wconf 83' lang='grc'><strong>²⁹</strong></span> <span class='ocrx_word' id='word_1_543' title='bbox 1379 5738 1532 5793; x_wconf 83' lang='lat' dir='ltr'><strong>Deut.</strong></span> <span class='ocrx_word' id='word_1_544' title='bbox 1560 5753 1733 5803; x_wconf 76' lang='lat' dir='ltr'><strong>xxxii,</strong></span> <span class='ocrx_word' id='word_1_545' title='bbox 1762 5737 1814 5791; x_wconf 83' lang='lat' dir='ltr'><strong>I.</strong></span> 
     </span>
    </p>
   </div>
   <div class='ocr_carea' id='block_1_76' title="bbox 1891 5734 2478 5798">
    <p class='ocr_par' dir='ltr' id='par_1_76' title="bbox 1891 5734 2478 5798">
     <span class='ocr_line' id='line_1_76' title="bbox 1891 5734 2478 5798; baseline 0.005 -8"><span class='ocrx_word' id='word_1_546' title='bbox 1891 5737 1936 5769; x_wconf 79' lang='grc'><strong>³⁸</strong></span> <span class='ocrx_word' id='word_1_547' title='bbox 1964 5734 2103 5790; x_wconf 84' lang='lat' dir='ltr'><strong>Psal.</strong></span> <span class='ocrx_word' id='word_1_548' title='bbox 2132 5748 2377 5798; x_wconf 76' lang='lat' dir='ltr'><strong>cxxxvn,</strong></span> <span class='ocrx_word' id='word_1_549' title='bbox 2427 5738 2478 5793; x_wconf 78' lang='lat' dir='ltr'><strong>i.</strong></span> 
     </span>
    </p>
   </div>
   <div class='ocr_carea' id='block_1_77' title="bbox 2245 1948 3825 2018">
    <p class='ocr_par' dir='ltr' id='par_1_77' title="bbox 2245 1948 3825 2018">
     <span class='ocr_line' id='line_1_77' title="bbox 2245 1948 3825 2018; baseline -0.004 -9"><span class='ocrx_word' id='word_1_550' title='bbox 2245 1953 2483 2010; x_wconf 90' lang='lat' dir='ltr'><strong>nonnulli</strong></span> <span class='ocrx_word' id='word_1_551' title='bbox 2525 1969 2591 2011; x_wconf 82' lang='lat' dir='ltr'><strong>ex</strong></span> <span class='ocrx_word' id='word_1_552' title='bbox 2636 1953 2704 2008; x_wconf 91' lang='lat' dir='ltr'><strong>iis</strong></span> <span class='ocrx_word' id='word_1_553' title='bbox 2742 1955 2822 2008; x_wconf 89' lang='lat' dir='ltr'><strong>sic</strong></span> <span class='ocrx_word' id='word_1_554' title='bbox 2855 1952 3096 2007; x_wconf 90' lang='lat' dir='ltr'><strong>eruditos</strong></span> <span class='ocrx_word' id='word_1_555' title='bbox 3138 1950 3468 2006; x_wconf 81' lang='lat' dir='ltr'><strong>crediderint</strong></span> <span class='ocrx_word' id='word_1_556' title='bbox 3511 1965 3607 2018; x_wconf 88' lang='lat' dir='ltr'><strong>per</strong></span> <span class='ocrx_word' id='word_1_557' title='bbox 3635 1948 3825 2003; x_wconf 83' lang='lat' dir='ltr'><strong>Eccle-</strong></span> 
     </span>
    </p>
   </div>
   <div class='ocr_carea' id='block_1_78' title="bbox 2244 2041 3827 2118">
    <p class='ocr_par' dir='ltr' id='par_1_78' title="bbox 2244 2041 3827 2118">
     <span class='ocr_line' id='line_1_78' title="bbox 2244 2041 3827 2118; baseline -0.003 -17"><span class='ocrx_word' id='word_1_558' title='bbox 2244 2047 2378 2102; x_wconf 90' lang='lat' dir='ltr'><strong>siam</strong></span> <span class='ocrx_word' id='word_1_559' title='bbox 2423 2048 2659 2118; x_wconf 83' lang='lat' dir='ltr'><strong>angelos,</strong></span> <span class='ocrx_word' id='word_1_560' title='bbox 2704 2045 2857 2115; x_wconf 89' lang='lat' dir='ltr'><strong>quasi</strong></span> <span class='ocrx_word' id='word_1_561' title='bbox 2890 2058 3071 2098; x_wconf 88' lang='lat' dir='ltr'><strong>rerum</strong></span> <span class='ocrx_word' id='word_1_562' title='bbox 3117 2052 3283 2100; x_wconf 87' lang='lat' dir='ltr'><strong>testes</strong></span> <span class='ocrx_word' id='word_1_563' title='bbox 3310 2053 3367 2097; x_wconf 90' lang='lat' dir='ltr'><strong>et</strong></span> <span class='ocrx_word' id='word_1_564' title='bbox 3395 2041 3667 2105; x_wconf 85' lang='lat' dir='ltr'><strong>conscios,</strong></span> <span class='ocrx_word' id='word_1_565' title='bbox 3704 2055 3827 2110; x_wconf 74' lang='lat' dir='ltr'><strong>quae</strong></span> 
     </span>
    </p>
   </div>
   <div class='ocr_carea' id='block_1_79' title="bbox 2245 2132 3824 2208">
    <p class='ocr_par' dir='ltr' id='par_1_79' title="bbox 2245 2132 3824 2208">
     <span class='ocr_line' id='line_1_79' title="bbox 2245 2132 3824 2208; baseline -0.006 -13"><span class='ocrx_word' id='word_1_566' title='bbox 2245 2140 2510 2195; x_wconf 87' lang='lat' dir='ltr'><strong>sententia</strong></span> <span class='ocrx_word' id='word_1_567' title='bbox 2548 2140 2614 2194; x_wconf 89' lang='lat' dir='ltr'><strong>ad</strong></span> <span class='ocrx_word' id='word_1_568' title='bbox 2645 2138 2933 2194; x_wconf 86' lang='lat' dir='ltr'><strong>veritatem</strong></span> <span class='ocrx_word' id='word_1_569' title='bbox 2980 2139 3202 2208; x_wconf 87' lang='lat' dir='ltr'><strong>propius</strong></span> <span class='ocrx_word' id='word_1_570' title='bbox 3249 2135 3494 2197; x_wconf 85' lang='lat' dir='ltr'><strong>accedit;</strong></span> <span class='ocrx_word' id='word_1_571' title='bbox 3524 2132 3615 2187; x_wconf 90' lang='lat' dir='ltr'><strong>alii</strong></span> <span class='ocrx_word' id='word_1_572' title='bbox 3665 2132 3824 2201; x_wconf 86' lang='lat' dir='ltr'><strong>quasi</strong></span> 
     </span>
    </p>
   </div>
   <div class='ocr_carea' id='block_1_80' title="bbox 2244 2223 3824 2301">
    <p class='ocr_par' dir='ltr' id='par_1_80' title="bbox 2244 2223 3824 2301">
     <span class='ocr_line' id='line_1_80' title="bbox 2244 2223 3824 2301; baseline -0.004 -16"><span class='ocrx_word' id='word_1_573' title='bbox 2244 2230 2578 2301; x_wconf 88' lang='lat' dir='ltr'><strong>discipulos;</strong></span> <span class='ocrx_word' id='word_1_574' title='bbox 2622 2231 2936 2299; x_wconf 89' lang='lat' dir='ltr'><strong>posterioris</strong></span> <span class='ocrx_word' id='word_1_575' title='bbox 2960 2231 3119 2299; x_wconf 83' lang='lat' dir='ltr'><strong>hujus</strong></span> <span class='ocrx_word' id='word_1_576' title='bbox 3146 2227 3412 2299; x_wconf 88' lang='lat' dir='ltr'><strong>dogmatis</strong></span> <span class='ocrx_word' id='word_1_577' title='bbox 3441 2236 3630 2281; x_wconf 88' lang='lat' dir='ltr'><strong>auctor</strong></span> <span class='ocrx_word' id='word_1_578' title='bbox 3654 2223 3824 2279; x_wconf 80' lang='lat' dir='ltr'><strong>fuisse</strong></span> 
     </span>
    </p>
   </div>
   <div class='ocr_carea' id='block_1_81' title="bbox 2243 2317 3819 2393">
    <p class='ocr_par' dir='ltr' id='par_1_81' title="bbox 2243 2317 3819 2393">
     <span class='ocr_line' id='line_1_81' title="bbox 2243 2317 3819 2393; baseline -0.003 -18"><span class='ocrx_word' id='word_1_579' title='bbox 2243 2323 2458 2378; x_wconf 89' lang='lat' dir='ltr'><strong>videtur</strong></span> <span class='ocrx_word' id='word_1_580' title='bbox 2504 2322 2784 2393; x_wconf 87' lang='lat' dir='ltr'><strong>Origenes.</strong></span> <span class='ocrx_word' id='word_1_581' title='bbox 2832 2323 2924 2379; x_wconf 89' lang='lat' dir='ltr'><strong>Sic</strong></span> <span class='ocrx_word' id='word_1_582' title='bbox 2974 2324 3115 2378; x_wconf 89' lang='lat' dir='ltr'><strong>enim</strong></span> <span class='ocrx_word' id='word_1_583' title='bbox 3164 2332 3382 2393; x_wconf 91' lang='lat' dir='ltr'><strong>perorat</strong></span> <span class='ocrx_word' id='word_1_584' title='bbox 3430 2319 3617 2375; x_wconf 90' lang='lat' dir='ltr'><strong>homil.</strong></span> <span class='ocrx_word' id='word_1_585' title='bbox 3659 2319 3732 2373; x_wconf 76' lang='lat'><strong>&#39;23</strong></span> <span class='ocrx_word' id='word_1_586' title='bbox 3762 2317 3819 2371; x_wconf 78' lang='lat' dir='ltr'><strong>in</strong></span> 
     </span>
    </p>
   </div>
   <div class='ocr_carea' id='block_1_82' title="bbox 2243 2410 3821 2491">
    <p class='ocr_par' dir='ltr' id='par_1_82' title="bbox 2243 2410 3821 2491">
     <span class='ocr_line' id='line_1_82' title="bbox 2243 2410 3821 2491; baseline -0.001 -25"><span class='ocrx_word' id='word_1_587' title='bbox 2243 2411 2377 2467; x_wconf 86' lang='lat' dir='ltr'><strong>Luc.</strong></span> <span class='ocrx_word' id='word_1_588' title='bbox 2404 2428 2424 2469; x_wconf 91' lang='lat'><strong><em>:</em></strong></span> <span class='ocrx_word' id='word_1_589' title='bbox 2462 2432 2483 2465; x_wconf 78' lang='grc' dir='ltr'><strong>ι</strong></span> <span class='ocrx_word' id='word_1_590' title='bbox 2510 2413 2676 2469; x_wconf 88' lang='lat' dir='ltr'><strong>Docet</strong></span> <span class='ocrx_word' id='word_1_591' title='bbox 2720 2414 2884 2483; x_wconf 88' lang='lat' dir='ltr'><strong>igitur</strong></span> <span class='ocrx_word' id='word_1_592' title='bbox 2930 2411 3179 2491; x_wconf 77' lang='lat' dir='ltr'><strong>Salvator</strong></span> <span class='ocrx_word' id='word_1_593' title='bbox 3215 2424 3417 2479; x_wconf 86' lang='lat' dir='ltr'><strong>uoster,</strong></span> <span class='ocrx_word' id='word_1_594' title='bbox 3470 2421 3527 2465; x_wconf 89' lang='lat' dir='ltr'><strong>et</strong></span> <span class='ocrx_word' id='word_1_595' title='bbox 3579 2410 3821 2480; x_wconf 83' lang='lat' dir='ltr'><strong>Spiritus</strong></span> 
     </span>
    </p>
   </div>
   <div class='ocr_carea' id='block_1_83' title="bbox 2244 2502 3821 2576">
    <p class='ocr_par' dir='ltr' id='par_1_83' title="bbox 2244 2502 3821 2576">
     <span class='ocr_line' id='line_1_83' title="bbox 2244 2502 3821 2576; baseline -0.003 -15"><span class='ocrx_word' id='word_1_596' title='bbox 2244 2514 2462 2562; x_wconf 84' lang='lat' dir='ltr'><strong>sanctus</strong></span> <span class='ocrx_word' id='word_1_597' title='bbox 2508 2506 2600 2576; x_wconf 92' lang='lat' dir='ltr'><strong>qui</strong></span> <span class='ocrx_word' id='word_1_598' title='bbox 2651 2506 2865 2563; x_wconf 90' lang='lat' dir='ltr'><strong>locutus</strong></span> <span class='ocrx_word' id='word_1_599' title='bbox 2895 2518 2980 2565; x_wconf 83' lang='lat' dir='ltr'><strong>est</strong></span> <span class='ocrx_word' id='word_1_600' title='bbox 3041 2507 3093 2561; x_wconf 92' lang='lat' dir='ltr'><strong>iu</strong></span> <span class='ocrx_word' id='word_1_601' title='bbox 3148 2506 3444 2576; x_wconf 84' lang='lat' dir='ltr'><strong>prophetis,</strong></span> <span class='ocrx_word' id='word_1_602' title='bbox 3490 2519 3598 2558; x_wconf 90' lang='lat' dir='ltr'><strong>non</strong></span> <span class='ocrx_word' id='word_1_603' title='bbox 3645 2502 3821 2558; x_wconf 80' lang='lat' dir='ltr'><strong>solum</strong></span> 
     </span>
    </p>
   </div>
   <div class='ocr_carea' id='block_1_84' title="bbox 2245 2594 3819 2670">
    <p class='ocr_par' dir='ltr' id='par_1_84' title="bbox 2245 2594 3819 2670">
     <span class='ocr_line' id='line_1_84' title="bbox 2245 2594 3819 2670; baseline -0.002 -19"><span class='ocrx_word' id='word_1_604' title='bbox 2245 2597 2514 2663; x_wconf 85' lang='lat' dir='ltr'><strong>homines,</strong></span> <span class='ocrx_word' id='word_1_605' title='bbox 2555 2599 2651 2654; x_wconf 90' lang='lat' dir='ltr'><strong>sed</strong></span> <span class='ocrx_word' id='word_1_606' title='bbox 2676 2598 2839 2654; x_wconf 88' lang='lat' dir='ltr'><strong>etiam</strong></span> <span class='ocrx_word' id='word_1_607' title='bbox 2875 2600 3091 2670; x_wconf 86' lang='lat' dir='ltr'><strong>angelos</strong></span> <span class='ocrx_word' id='word_1_608' title='bbox 3114 2608 3168 2656; x_wconf 84' lang='lat' dir='ltr'><strong>et</strong></span> <span class='ocrx_word' id='word_1_609' title='bbox 3221 2599 3451 2653; x_wconf 71' lang='lat' dir='ltr'><strong>virtutes</strong></span> <span class='ocrx_word' id='word_1_610' title='bbox 3499 2594 3819 2655; x_wconf 58' lang='lat' dir='ltr'><strong>invisilvi-‘es.</strong></span> 
     </span>
    </p>
   </div>
   <div class='ocr_carea' id='block_1_85' title="bbox 2244 2686 3822 2761">
    <p class='ocr_par' dir='ltr' id='par_1_85' title="bbox 2244 2686 3822 2761">
     <span class='ocr_line' id='line_1_85' title="bbox 2244 2686 3822 2761; baseline -0.003 -17"><span class='ocrx_word' id='word_1_611' title='bbox 2244 2687 2382 2756; x_wconf 84' lang='lat' dir='ltr'><strong>Quid</strong></span> <span class='ocrx_word' id='word_1_612' title='bbox 2428 2690 2619 2761; x_wconf 87' lang='lat' dir='ltr'><strong>loquar</strong></span> <span class='ocrx_word' id='word_1_613' title='bbox 2661 2692 2728 2747; x_wconf 92' lang='lat' dir='ltr'><strong>de</strong></span> <span class='ocrx_word' id='word_1_614' title='bbox 2766 2692 3088 2749; x_wconf 79' lang='lat' dir='ltr'><strong>Salvatore?</strong></span> <span class='ocrx_word' id='word_1_615' title='bbox 3130 2690 3410 2760; x_wconf 53' lang='lat' dir='ltr'><strong>Prophetas</strong></span> <span class='ocrx_word' id='word_1_616' title='bbox 3460 2702 3677 2760; x_wconf 89' lang='lat' dir='ltr'><strong>quoque</strong></span> <span class='ocrx_word' id='word_1_617' title='bbox 3724 2686 3822 2754; x_wconf 87' lang='lat' dir='ltr'><strong>ipsi</strong></span> 
     </span>
    </p>
   </div>
   <div class='ocr_carea' id='block_1_86' title="bbox 2242 2779 3825 2855">
    <p class='ocr_par' dir='ltr' id='par_1_86' title="bbox 2242 2779 3825 2855">
     <span class='ocr_line' id='line_1_86' title="bbox 2242 2779 3825 2855; baseline -0.004 -16"><span class='ocrx_word' id='word_1_618' title='bbox 2242 2794 2300 2839; x_wconf 88' lang='lat' dir='ltr'><strong>et</strong></span> <span class='ocrx_word' id='word_1_619' title='bbox 2325 2785 2576 2854; x_wconf 89' lang='lat' dir='ltr'><strong>apostoli,</strong></span> <span class='ocrx_word' id='word_1_620' title='bbox 2624 2801 2783 2841; x_wconf 91' lang='lat' dir='ltr'><strong>omne</strong></span> <span class='ocrx_word' id='word_1_621' title='bbox 2843 2786 2984 2855; x_wconf 90' lang='lat' dir='ltr'><strong>quod</strong></span> <span class='ocrx_word' id='word_1_622' title='bbox 3027 2792 3304 2847; x_wconf 87' lang='lat' dir='ltr'><strong>resonant,</strong></span> <span class='ocrx_word' id='word_1_623' title='bbox 3348 2796 3455 2836; x_wconf 88' lang='lat' dir='ltr'><strong>non</strong></span> <span class='ocrx_word' id='word_1_624' title='bbox 3497 2781 3671 2835; x_wconf 91' lang='lat' dir='ltr'><strong>solum</strong></span> <span class='ocrx_word' id='word_1_625' title='bbox 3726 2779 3825 2833; x_wconf 85' lang='lat' dir='ltr'><strong>bo-</strong></span> 
     </span>
    </p>
   </div>
   <div class='ocr_carea' id='block_1_87' title="bbox 2245 2870 3827 2948">
    <p class='ocr_par' dir='ltr' id='par_1_87' title="bbox 2245 2870 3827 2948">
     <span class='ocr_line' id='line_1_87' title="bbox 2245 2870 3827 2948; baseline -0.002 -21"><span class='ocrx_word' id='word_1_626' title='bbox 2245 2874 2501 2941; x_wconf 90' lang='lat' dir='ltr'><strong>minibns,</strong></span> <span class='ocrx_word' id='word_1_627' title='bbox 2547 2877 2640 2933; x_wconf 85' lang='lat' dir='ltr'><strong>sed</strong></span> <span class='ocrx_word' id='word_1_628' title='bbox 2680 2886 2729 2931; x_wconf 91' lang='lat' dir='ltr'><strong>et</strong></span> <span class='ocrx_word' id='word_1_629' title='bbox 2774 2876 2980 2948; x_wconf 85' lang='lat' dir='ltr'><strong>angelis</strong></span> <span class='ocrx_word' id='word_1_630' title='bbox 3030 2875 3344 2946; x_wconf 69' lang='lat' dir='ltr'><strong>praedicant.</strong></span> <span class='ocrx_word' id='word_1_631' title='bbox 3391 2872 3541 2940; x_wconf 85' lang='lat' dir='ltr'><strong>Quod</strong></span> <span class='ocrx_word' id='word_1_632' title='bbox 3589 2881 3644 2925; x_wconf 92' lang='lat' dir='ltr'><strong>ut</strong></span> <span class='ocrx_word' id='word_1_633' title='bbox 3683 2870 3827 2925; x_wconf 79' lang='lat' dir='ltr'><strong>scias</strong></span> 
     </span>
    </p>
   </div>
   <div class='ocr_carea' id='block_1_88' title="bbox 2244 2958 3824 3038">
    <p class='ocr_par' dir='ltr' id='par_1_88' title="bbox 2244 2958 3824 3038">
     <span class='ocr_line' id='line_1_88' title="bbox 2244 2958 3824 3038; baseline -0.002 -22"><span class='ocrx_word' id='word_1_634' title='bbox 2244 2979 2432 3020; x_wconf 87' lang='lat' dir='ltr'><strong>verum</strong></span> <span class='ocrx_word' id='word_1_635' title='bbox 2479 2981 2495 3019; x_wconf 94' lang='lat'><strong>:</strong></span> <span class='ocrx_word' id='word_1_636' title='bbox 2539 2967 2780 3034; x_wconf 78' lang='lat' dir='ltr'><strong>Attende,</strong></span> <span class='ocrx_word' id='word_1_637' title='bbox 2836 2967 3029 3038; x_wconf 87' lang='lat' dir='ltr'><strong>inquit,</strong></span> <span class='ocrx_word' id='word_1_638' title='bbox 3072 2965 3281 3027; x_wconf 71' lang='lat' dir='ltr'><strong>emtum,</strong></span> <span class='ocrx_word' id='word_1_639' title='bbox 3327 2974 3375 3018; x_wconf 81' lang='lat' dir='ltr'><strong>et</strong></span> <span class='ocrx_word' id='word_1_640' title='bbox 3420 2962 3609 3032; x_wconf 81' lang='lat' dir='ltr'><strong>loquar</strong></span> <span class='ocrx_word' id='word_1_641' title='bbox 3631 2960 3713 3026; x_wconf 78' lang='lat'><strong>”;</strong></span> <span class='ocrx_word' id='word_1_642' title='bbox 3764 2958 3824 3013; x_wconf 75' lang='lat' dir='ltr'><strong>In</strong></span> 
     </span>
    </p>
   </div>
   <div class='ocr_carea' id='block_1_89' title="bbox 2244 3052 3827 3137">
    <p class='ocr_par' dir='ltr' id='par_1_89' title="bbox 2244 3052 3827 3137">
     <span class='ocr_line' id='line_1_89' title="bbox 2244 3052 3827 3137; baseline -0.003 -26"><span class='ocrx_word' id='word_1_643' title='bbox 2244 3067 2518 3127; x_wconf 79' lang='lat' dir='ltr'><strong>conspectu</strong></span> <span class='ocrx_word' id='word_1_644' title='bbox 2565 3058 2868 3129; x_wconf 73' lang='lat' dir='ltr'><strong>angelorum</strong></span> <span class='ocrx_word' id='word_1_645' title='bbox 2909 3058 3137 3129; x_wconf 81' lang='lat' dir='ltr'><strong>psallam</strong></span> <span class='ocrx_word' id='word_1_646' title='bbox 3189 3056 3390 3122; x_wconf 78' lang='lat' dir='ltr'><strong>tibi“;</strong></span> <span class='ocrx_word' id='word_1_647' title='bbox 3434 3065 3544 3137; x_wconf 32' lang='lat' dir='ltr'><strong>et1:</strong></span> <span class='ocrx_word' id='word_1_648' title='bbox 3586 3052 3827 3107; x_wconf 77' lang='lat' dir='ltr'><strong>Laudare</strong></span> 
     </span>
    </p>
   </div>
   <div class='ocr_carea' id='block_1_90' title="bbox 2256 3145 3827 3218">
    <p class='ocr_par' dir='ltr' id='par_1_90' title="bbox 2256 3145 3827 3218">
     <span class='ocr_line' id='line_1_90' title="bbox 2256 3145 3827 3218; baseline -0.001 -19"><span class='ocrx_word' id='word_1_649' title='bbox 2256 3145 2692 3212; x_wconf 74' lang='lat' dir='ltr'><strong>Dominum,coeli</strong></span> <span class='ocrx_word' id='word_1_650' title='bbox 2737 3150 3007 3214; x_wconf 76' lang='lat' dir='ltr'><strong>caelorum,</strong></span> <span class='ocrx_word' id='word_1_651' title='bbox 3053 3163 3099 3202; x_wconf 77' lang='lat' dir='ltr'><strong>et</strong></span> <span class='ocrx_word' id='word_1_652' title='bbox 3148 3163 3299 3218; x_wconf 66' lang='lat' dir='ltr'><strong>aqua</strong></span> <span class='ocrx_word' id='word_1_653' title='bbox 3326 3163 3444 3215; x_wconf 79' lang='lat' dir='ltr'><strong>qua:</strong></span> <span class='ocrx_word' id='word_1_654' title='bbox 3482 3162 3645 3216; x_wconf 82' lang='lat' dir='ltr'><strong>super</strong></span> <span class='ocrx_word' id='word_1_655' title='bbox 3671 3146 3827 3199; x_wconf 66' lang='lat' dir='ltr'><strong>cretes</strong></span> 
     </span>
    </p>
   </div>
   <div class='ocr_carea' id='block_1_91' title="bbox 2249 3236 3824 3308">
    <p class='ocr_par' dir='ltr' id='par_1_91' title="bbox 2249 3236 3824 3308">
     <span class='ocr_line' id='line_1_91' title="bbox 2249 3236 3824 3308; baseline -0.001 -15"><span class='ocrx_word' id='word_1_656' title='bbox 2249 3246 2393 3300; x_wconf 67' lang='lat' dir='ltr'><strong>Sunt,</strong></span> <span class='ocrx_word' id='word_1_657' title='bbox 2433 3237 2649 3293; x_wconf 80' lang='lat' dir='ltr'><strong>laudent</strong></span> <span class='ocrx_word' id='word_1_658' title='bbox 2690 3254 2873 3294; x_wconf 83' lang='lat' dir='ltr'><strong>nomen</strong></span> <span class='ocrx_word' id='word_1_659' title='bbox 2921 3239 3229 3308; x_wconf 80' lang='lat' dir='ltr'><strong>Domini“;</strong></span> <span class='ocrx_word' id='word_1_660' title='bbox 3276 3247 3331 3293; x_wconf 88' lang='lat' dir='ltr'><strong>et</strong></span> <span class='ocrx_word' id='word_1_661' title='bbox 3370 3256 3384 3293; x_wconf 88' lang='lat'><strong>:</strong></span> <span class='ocrx_word' id='word_1_662' title='bbox 3425 3236 3669 3291; x_wconf 76' lang='lat' dir='ltr'><strong>Laudent</strong></span> <span class='ocrx_word' id='word_1_663' title='bbox 3708 3253 3824 3292; x_wconf 67' lang='lat' dir='ltr'><strong>eum</strong></span> 
     </span>
    </p>
   </div>
   <div class='ocr_carea' id='block_1_92' title="bbox 2251 3329 3828 3407">
    <p class='ocr_par' dir='ltr' id='par_1_92' title="bbox 2251 3329 3828 3407">
     <span class='ocr_line' id='line_1_92' title="bbox 2251 3329 3828 3407; baseline 0.001 -25"><span class='ocrx_word' id='word_1_664' title='bbox 2251 3329 2423 3400; x_wconf 84' lang='lat' dir='ltr'><strong>angeli</strong></span> <span class='ocrx_word' id='word_1_665' title='bbox 2444 3348 2464 3395; x_wconf 86' lang='lat'><strong>;</strong></span> <span class='ocrx_word' id='word_1_666' title='bbox 2491 3339 2546 3385; x_wconf 89' lang='lat' dir='ltr'><strong>et</strong></span> <span class='ocrx_word' id='word_1_667' title='bbox 2577 3350 2590 3386; x_wconf 89' lang='lat'><strong>:</strong></span> <span class='ocrx_word' id='word_1_668' title='bbox 2618 3329 2684 3385; x_wconf 86' lang='lat' dir='ltr'><strong>In</strong></span> <span class='ocrx_word' id='word_1_669' title='bbox 2707 3333 2848 3386; x_wconf 86' lang='lat' dir='ltr'><strong>omni</strong></span> <span class='ocrx_word' id='word_1_670' title='bbox 2873 3332 2985 3387; x_wconf 84' lang='lat' dir='ltr'><strong>loco</strong></span> <span class='ocrx_word' id='word_1_671' title='bbox 3010 3333 3282 3400; x_wconf 81' lang='lat' dir='ltr'><strong>potestatis</strong></span> <span class='ocrx_word' id='word_1_672' title='bbox 3314 3331 3427 3407; x_wconf 82' lang='lat' dir='ltr'><strong>ejus</strong></span> <span class='ocrx_word' id='word_1_673' title='bbox 3446 3332 3683 3396; x_wconf 80' lang='lat' dir='ltr'><strong>benedic,</strong></span> <span class='ocrx_word' id='word_1_674' title='bbox 3718 3332 3828 3384; x_wconf 77' lang='lat' dir='ltr'><strong>ani-</strong></span> 
     </span>
    </p>
   </div>
   <div class='ocr_carea' id='block_1_93' title="bbox 2251 3423 3828 3493">
    <p class='ocr_par' dir='ltr' id='par_1_93' title="bbox 2251 3423 3828 3493">
     <span class='ocr_line' id='line_1_93' title="bbox 2251 3423 3828 3493; baseline 0.003 -19"><span class='ocrx_word' id='word_1_675' title='bbox 2251 3438 2338 3475; x_wconf 88' lang='lat' dir='ltr'><strong>ma</strong></span> <span class='ocrx_word' id='word_1_676' title='bbox 2368 3439 2503 3488; x_wconf 85' lang='lat' dir='ltr'><strong>mea,</strong></span> <span class='ocrx_word' id='word_1_677' title='bbox 2548 3423 2772 3480; x_wconf 84' lang='lat' dir='ltr'><strong>Domino</strong></span> <span class='ocrx_word' id='word_1_678' title='bbox 2793 3425 2860 3480; x_wconf 85' lang='grc'><strong>³¹.</strong></span> <span class='ocrx_word' id='word_1_679' title='bbox 2898 3425 3143 3480; x_wconf 84' lang='lat' dir='ltr'><strong>Invenies</strong></span> <span class='ocrx_word' id='word_1_680' title='bbox 3195 3426 3247 3478; x_wconf 90' lang='lat' dir='ltr'><strong>in</strong></span> <span class='ocrx_word' id='word_1_681' title='bbox 3293 3423 3538 3493; x_wconf 88' lang='lat' dir='ltr'><strong>plurimis</strong></span> <span class='ocrx_word' id='word_1_682' title='bbox 3567 3423 3728 3488; x_wconf 86' lang='lat' dir='ltr'><strong>locis,</strong></span> <span class='ocrx_word' id='word_1_683' title='bbox 3774 3433 3828 3478; x_wconf 83' lang='lat' dir='ltr'><strong>et</strong></span> 
     </span>
    </p>
   </div>
   <div class='ocr_carea' id='block_1_94' title="bbox 2253 3512 3823 3584">
    <p class='ocr_par' dir='ltr' id='par_1_94' title="bbox 2253 3512 3823 3584">
     <span class='ocr_line' id='line_1_94' title="bbox 2253 3512 3823 3584; baseline 0.002 -20"><span class='ocrx_word' id='word_1_684' title='bbox 2253 3512 2488 3568; x_wconf 81' lang='lat' dir='ltr'><strong>maxime</strong></span> <span class='ocrx_word' id='word_1_685' title='bbox 2516 3512 2566 3565; x_wconf 92' lang='lat' dir='ltr'><strong>in</strong></span> <span class='ocrx_word' id='word_1_686' title='bbox 2598 3512 2850 3577; x_wconf 84' lang='lat' dir='ltr'><strong>Psalmis,</strong></span> <span class='ocrx_word' id='word_1_687' title='bbox 2885 3522 2937 3569; x_wconf 86' lang='lat' dir='ltr'><strong>et</strong></span> <span class='ocrx_word' id='word_1_688' title='bbox 2975 3514 3042 3568; x_wconf 92' lang='lat' dir='ltr'><strong>ad</strong></span> <span class='ocrx_word' id='word_1_689' title='bbox 3088 3513 3311 3584; x_wconf 86' lang='lat' dir='ltr'><strong>angelos</strong></span> <span class='ocrx_word' id='word_1_690' title='bbox 3350 3528 3657 3568; x_wconf 89' lang='lat' dir='ltr'><strong>sermonem</strong></span> <span class='ocrx_word' id='word_1_691' title='bbox 3687 3512 3823 3578; x_wconf 84' lang='lat' dir='ltr'><strong>ﬁeri,</strong></span> 
     </span>
    </p>
   </div>
   <div class='ocr_carea' id='block_1_95' title="bbox 2252 3600 3827 3680">
    <p class='ocr_par' dir='ltr' id='par_1_95' title="bbox 2252 3600 3827 3680">
     <span class='ocr_line' id='line_1_95' title="bbox 2252 3600 3827 3680; baseline 0.001 -23"><span class='ocrx_word' id='word_1_692' title='bbox 2252 3600 2376 3657; x_wconf 85' lang='lat' dir='ltr'><strong>data</strong></span> <span class='ocrx_word' id='word_1_693' title='bbox 2414 3603 2619 3661; x_wconf 90' lang='lat' dir='ltr'><strong>homini</strong></span> <span class='ocrx_word' id='word_1_694' title='bbox 2662 3614 2949 3668; x_wconf 79' lang='lat' dir='ltr'><strong>potestate,</strong></span> <span class='ocrx_word' id='word_1_695' title='bbox 2978 3606 3026 3660; x_wconf 86' lang='lat' dir='ltr'><strong>ei</strong></span> <span class='ocrx_word' id='word_1_696' title='bbox 3059 3618 3239 3660; x_wconf 88' lang='lat' dir='ltr'><strong>tamen</strong></span> <span class='ocrx_word' id='word_1_697' title='bbox 3289 3605 3379 3680; x_wconf 88' lang='lat' dir='ltr'><strong>qui</strong></span> <span class='ocrx_word' id='word_1_698' title='bbox 3410 3605 3677 3674; x_wconf 87' lang='lat' dir='ltr'><strong>Spiritum</strong></span> <span class='ocrx_word' id='word_1_699' title='bbox 3704 3619 3827 3660; x_wconf 84' lang='lat' dir='ltr'><strong>san-</strong></span> 
     </span>
    </p>
   </div>
   <div class='ocr_carea' id='block_1_96' title="bbox 2252 3695 3822 3769">
    <p class='ocr_par' dir='ltr' id='par_1_96' title="bbox 2252 3695 3822 3769">
     <span class='ocr_line' id='line_1_96' title="bbox 2252 3695 3822 3769; baseline 0.001 -20"><span class='ocrx_word' id='word_1_700' title='bbox 2252 3703 2396 3749; x_wconf 91' lang='lat' dir='ltr'><strong>ctum</strong></span> <span class='ocrx_word' id='word_1_701' title='bbox 2442 3695 2626 3762; x_wconf 86' lang='lat' dir='ltr'><strong>habet,</strong></span> <span class='ocrx_word' id='word_1_702' title='bbox 2686 3704 2745 3752; x_wconf 85' lang='lat' dir='ltr'><strong>ut.</strong></span> <span class='ocrx_word' id='word_1_703' title='bbox 2785 3708 2839 3752; x_wconf 91' lang='lat' dir='ltr'><strong>et</strong></span> <span class='ocrx_word' id='word_1_704' title='bbox 2885 3697 3114 3769; x_wconf 80' lang='lat' dir='ltr'><strong>angelos</strong></span> <span class='ocrx_word' id='word_1_705' title='bbox 3163 3698 3493 3767; x_wconf 87' lang='lat' dir='ltr'><strong>alloquatur.</strong></span> <span class='ocrx_word' id='word_1_706' title='bbox 3521 3696 3563 3750; x_wconf 86' lang='lat' dir='ltr'><strong>E</strong></span> <span class='ocrx_word' id='word_1_707' title='bbox 3618 3697 3822 3765; x_wconf 89' lang='lat' dir='ltr'><strong>quibus</strong></span> 
     </span>
    </p>
   </div>
   <div class='ocr_carea' id='block_1_97' title="bbox 2257 3786 3823 3858">
    <p class='ocr_par' dir='ltr' id='par_1_97' title="bbox 2257 3786 3823 3858">
     <span class='ocr_line' id='line_1_97' title="bbox 2257 3786 3823 3858; baseline 0.001 -19"><span class='ocrx_word' id='word_1_708' title='bbox 2257 3801 2422 3839; x_wconf 92' lang='lat' dir='ltr'><strong>unum</strong></span> <span class='ocrx_word' id='word_1_709' title='bbox 2447 3786 2747 3858; x_wconf 87' lang='lat' dir='ltr'><strong>exemplum</strong></span> <span class='ocrx_word' id='word_1_710' title='bbox 2763 3790 2980 3855; x_wconf 79' lang='lat' dir='ltr'><strong>donaui,</strong></span> <span class='ocrx_word' id='word_1_711' title='bbox 3012 3800 3069 3841; x_wconf 92' lang='lat' dir='ltr'><strong>nt</strong></span> <span class='ocrx_word' id='word_1_712' title='bbox 3097 3789 3330 3843; x_wconf 88' lang='lat' dir='ltr'><strong>sciamus</strong></span> <span class='ocrx_word' id='word_1_713' title='bbox 3363 3786 3579 3858; x_wconf 88' lang='lat' dir='ltr'><strong>angelos</strong></span> <span class='ocrx_word' id='word_1_714' title='bbox 3609 3801 3823 3857; x_wconf 87' lang='lat' dir='ltr'><strong>quoque</strong></span> 
     </span>
    </p>
   </div>
   <div class='ocr_carea' id='block_1_98' title="bbox 2255 3874 3821 3950">
    <p class='ocr_par' dir='ltr' id='par_1_98' title="bbox 2255 3874 3821 3950">
     <span class='ocr_line' id='line_1_98' title="bbox 2255 3874 3821 3950; baseline 0.001 -19"><span class='ocrx_word' id='word_1_715' title='bbox 2255 3874 2510 3936; x_wconf 85' lang='lat' dir='ltr'><strong>humanis</strong></span> <span class='ocrx_word' id='word_1_716' title='bbox 2547 3879 2768 3934; x_wconf 90' lang='lat' dir='ltr'><strong>vocibus</strong></span> <span class='ocrx_word' id='word_1_717' title='bbox 2798 3881 3023 3936; x_wconf 91' lang='lat' dir='ltr'><strong>erudiri.</strong></span> <span class='ocrx_word' id='word_1_718' title='bbox 3070 3880 3340 3950; x_wconf 89' lang='lat' dir='ltr'><strong>Scriptum</strong></span> <span class='ocrx_word' id='word_1_719' title='bbox 3389 3891 3472 3935; x_wconf 90' lang='lat' dir='ltr'><strong>est</strong></span> <span class='ocrx_word' id='word_1_720' title='bbox 3518 3880 3571 3934; x_wconf 92' lang='lat' dir='ltr'><strong>iu</strong></span> <span class='ocrx_word' id='word_1_721' title='bbox 3611 3884 3821 3949; x_wconf 78' lang='lat' dir='ltr'><strong>Apoca-</strong></span> 
     </span>
    </p>
   </div>
   <div class='ocr_carea' id='block_1_99' title="bbox 2251 3967 3822 4047">
    <p class='ocr_par' dir='ltr' id='par_1_99' title="bbox 2251 3967 3822 4047">
     <span class='ocr_line' id='line_1_99' title="bbox 2251 3967 3822 4047; baseline 0.001 -25"><span class='ocrx_word' id='word_1_722' title='bbox 2251 3967 2388 4040; x_wconf 84' lang='lat' dir='ltr'><strong>lypsi</strong></span> <span class='ocrx_word' id='word_1_723' title='bbox 2412 3968 2636 4027; x_wconf 77' lang='lat' dir='ltr'><strong>Joannis</strong></span> <span class='ocrx_word' id='word_1_724' title='bbox 2659 3971 2705 4004; x_wconf 80' lang='grc'><strong>³⁸</strong></span> <span class='ocrx_word' id='word_1_725' title='bbox 2741 3991 2755 4028; x_wconf 90' lang='lat'><strong>:</strong></span> <span class='ocrx_word' id='word_1_726' title='bbox 2787 3972 2980 4047; x_wconf 78' lang='lat' dir='ltr'><strong>Angela</strong></span> <span class='ocrx_word' id='word_1_727' title='bbox 3019 3973 3365 4042; x_wconf 79' lang='lat' dir='ltr'><strong>Ephesiorum</strong></span> <span class='ocrx_word' id='word_1_728' title='bbox 3407 3971 3658 4026; x_wconf 65' lang='lat' dir='ltr'><strong>Ecclesia</strong></span> <span class='ocrx_word' id='word_1_729' title='bbox 3695 3972 3822 4025; x_wconf 83' lang='lat' dir='ltr'><strong>scri—</strong></span> 
     </span>
    </p>
   </div>
   <div class='ocr_carea' id='block_1_100' title="bbox 2251 4060 3823 4132">
    <p class='ocr_par' dir='ltr' id='par_1_100' title="bbox 2251 4060 3823 4132">
     <span class='ocr_line' id='line_1_100' title="bbox 2251 4060 3823 4132; baseline 0 -19"><span class='ocrx_word' id='word_1_730' title='bbox 2251 4061 2309 4113; x_wconf 88' lang='lat' dir='ltr'><strong>be</strong></span> <span class='ocrx_word' id='word_1_731' title='bbox 2337 4076 2357 4116; x_wconf 87' lang='lat'><strong>.&#39;</strong></span> <span class='ocrx_word' id='word_1_732' title='bbox 2400 4060 2581 4116; x_wconf 86' lang='lat' dir='ltr'><strong>llabeo</strong></span> <span class='ocrx_word' id='word_1_733' title='bbox 2610 4064 2813 4132; x_wconf 86' lang='lat' dir='ltr'><strong>aliquid</strong></span> <span class='ocrx_word' id='word_1_734' title='bbox 2846 4075 3028 4117; x_wconf 86' lang='lat' dir='ltr'><strong>contra</strong></span> <span class='ocrx_word' id='word_1_735' title='bbox 3068 4073 3149 4127; x_wconf 88' lang='lat' dir='ltr'><strong>te;</strong></span> <span class='ocrx_word' id='word_1_736' title='bbox 3183 4073 3238 4118; x_wconf 84' lang='lat' dir='ltr'><strong>et</strong></span> <span class='ocrx_word' id='word_1_737' title='bbox 3262 4079 3470 4118; x_wconf 90' lang='lat' dir='ltr'><strong>rursum</strong></span> <span class='ocrx_word' id='word_1_738' title='bbox 3498 4061 3546 4093; x_wconf 75' lang='grc'><strong>³⁵</strong></span> <span class='ocrx_word' id='word_1_739' title='bbox 3579 4079 3594 4115; x_wconf 90' lang='lat'>:</span> <span class='ocrx_word' id='word_1_740' title='bbox 3626 4062 3823 4130; x_wconf 75' lang='lat' dir='ltr'><strong>Angela</strong></span> 
     </span>
    </p>
   </div>
   <div class='ocr_carea' id='block_1_101' title="bbox 2250 4150 3819 4226">
    <p class='ocr_par' dir='ltr' id='par_1_101' title="bbox 2250 4150 3819 4226">
     <span class='ocr_line' id='line_1_101' title="bbox 2250 4150 3819 4226; baseline -0.001 -21"><span class='ocrx_word' id='word_1_741' title='bbox 2250 4150 2499 4207; x_wconf 68' lang='lat' dir='ltr'><strong>Ecclesia:</strong></span> <span class='ocrx_word' id='word_1_742' title='bbox 2527 4151 2773 4223; x_wconf 78' lang='lat' dir='ltr'><strong>Pergami</strong></span> <span class='ocrx_word' id='word_1_743' title='bbox 2796 4156 2962 4209; x_wconf 80' lang='lat' dir='ltr'><strong>scribe</strong></span> <span class='ocrx_word' id='word_1_744' title='bbox 2990 4170 3011 4207; x_wconf 87' lang='lat'><strong><em>:</em></strong></span> <span class='ocrx_word' id='word_1_745' title='bbox 3038 4153 3222 4211; x_wconf 72' lang='lat' dir='ltr'><strong>[Iubeo</strong></span> <span class='ocrx_word' id='word_1_746' title='bbox 3250 4156 3518 4226; x_wconf 82' lang='lat' dir='ltr'><strong>quidpiam</strong></span> <span class='ocrx_word' id='word_1_747' title='bbox 3541 4164 3730 4207; x_wconf 84' lang='lat' dir='ltr'><strong>contra</strong></span> <span class='ocrx_word' id='word_1_748' title='bbox 3752 4161 3819 4206; x_wconf 81' lang='lat' dir='ltr'><strong>te.</strong></span> 
     </span>
    </p>
   </div>
   <div class='ocr_carea' id='block_1_102' title="bbox 2248 4242 3819 4318">
    <p class='ocr_par' dir='ltr' id='par_1_102' title="bbox 2248 4242 3819 4318">
     <span class='ocr_line' id='line_1_102' title="bbox 2248 4242 3819 4318; baseline 0.001 -20"><span class='ocrx_word' id='word_1_749' title='bbox 2248 4242 2406 4299; x_wconf 88' lang='lat' dir='ltr'><strong>Certe</strong></span> <span class='ocrx_word' id='word_1_750' title='bbox 2429 4244 2588 4299; x_wconf 91' lang='lat' dir='ltr'><strong>homo</strong></span> <span class='ocrx_word' id='word_1_751' title='bbox 2608 4256 2691 4301; x_wconf 90' lang='lat' dir='ltr'><strong>est</strong></span> <span class='ocrx_word' id='word_1_752' title='bbox 2720 4247 2808 4314; x_wconf 88' lang='lat' dir='ltr'><strong>qui</strong></span> <span class='ocrx_word' id='word_1_753' title='bbox 2836 4248 3025 4302; x_wconf 87' lang='lat' dir='ltr'><strong>scribit</strong></span> <span class='ocrx_word' id='word_1_754' title='bbox 3057 4248 3283 4318; x_wconf 85' lang='lat' dir='ltr'><strong>angelis.</strong></span> <span class='ocrx_word' id='word_1_755' title='bbox 3310 4259 3362 4300; x_wconf 84' lang='lat' dir='ltr'><strong>et</strong></span> <span class='ocrx_word' id='word_1_756' title='bbox 3391 4247 3593 4317; x_wconf 89' lang='lat' dir='ltr'><strong>aliquid</strong></span> <span class='ocrx_word' id='word_1_757' title='bbox 3625 4246 3819 4317; x_wconf 66' lang='lat' dir='ltr'><strong>praeci-</strong></span> 
     </span>
    </p>
   </div>
   <div class='ocr_carea' id='block_1_103' title="bbox 2249 4335 3816 4406">
    <p class='ocr_par' dir='ltr' id='par_1_103' title="bbox 2249 4335 3816 4406">
     <span class='ocr_line' id='line_1_103' title="bbox 2249 4335 3816 4406; baseline 0.001 -17"><span class='ocrx_word' id='word_1_758' title='bbox 2249 4336 2391 4404; x_wconf 62' lang='lat' dir='ltr'><strong>pit.»</strong></span> <span class='ocrx_word' id='word_1_759' title='bbox 2438 4335 2690 4392; x_wconf 86' lang='lat' dir='ltr'><strong>ltemlib.</strong></span> <span class='ocrx_word' id='word_1_760' title='bbox 2719 4353 2814 4396; x_wconf 84' lang='lat' dir='ltr'><strong>vut</strong></span> <span class='ocrx_word' id='word_1_761' title='bbox 2866 4340 2922 4392; x_wconf 85' lang='lat' dir='ltr'><strong>in</strong></span> <span class='ocrx_word' id='word_1_762' title='bbox 2953 4337 3125 4406; x_wconf 80' lang='lat' dir='ltr'><strong>Epist.</strong></span> <span class='ocrx_word' id='word_1_763' title='bbox 3175 4341 3244 4392; x_wconf 83' lang='lat' dir='ltr'><strong>ad</strong></span> <span class='ocrx_word' id='word_1_764' title='bbox 3300 4337 3478 4403; x_wconf 84' lang='lat' dir='ltr'><strong>Ront.,</strong></span> <span class='ocrx_word' id='word_1_765' title='bbox 3525 4353 3679 4394; x_wconf 84' lang='grc' dir='ltr'>ιιιιιιι.</span> <span class='ocrx_word' id='word_1_766' title='bbox 3716 4335 3816 4391; x_wconf 83' lang='lat' dir='ltr'><strong>i0:</strong></span> 
     </span>
    </p>
   </div>
   <div class='ocr_carea' id='block_1_104' title="bbox 2257 4426 3817 4504">
    <p class='ocr_par' dir='ltr' id='par_1_104' title="bbox 2257 4426 3817 4504">
     <span class='ocr_line' id='line_1_104' title="bbox 2257 4426 3817 4504; baseline 0.004 -28"><span class='ocrx_word' id='word_1_767' title='bbox 2257 4442 2277 4476; x_wconf 78' lang='grc' dir='ltr'><strong>ι</strong></span> <span class='ocrx_word' id='word_1_768' title='bbox 2321 4426 2700 4504; x_wconf 85' lang='lat' dir='ltr'><strong>Nunquiduam</strong></span> <span class='ocrx_word' id='word_1_769' title='bbox 2746 4440 2999 4499; x_wconf 87' lang='lat' dir='ltr'><strong>tanquam</strong></span> <span class='ocrx_word' id='word_1_770' title='bbox 3043 4445 3231 4484; x_wconf 87' lang='lat' dir='ltr'><strong>servus</strong></span> <span class='ocrx_word' id='word_1_771' title='bbox 3259 4430 3430 4483; x_wconf 91' lang='lat' dir='ltr'><strong>bonus</strong></span> <span class='ocrx_word' id='word_1_772' title='bbox 3470 4438 3525 4484; x_wconf 92' lang='lat' dir='ltr'><strong>et</strong></span> <span class='ocrx_word' id='word_1_773' title='bbox 3559 4429 3736 4483; x_wconf 87' lang='lat' dir='ltr'><strong>ﬁdelis</strong></span> <span class='ocrx_word' id='word_1_774' title='bbox 3754 4427 3817 4493; x_wconf 87' lang='grc'><strong>³⁸,</strong></span> 
     </span>
    </p>
   </div>
   <div class='ocr_carea' id='block_1_105' title="bbox 2248 4519 3817 4589">
    <p class='ocr_par' dir='ltr' id='par_1_105' title="bbox 2248 4519 3817 4589">
     <span class='ocr_line' id='line_1_105' title="bbox 2248 4519 3817 4589; baseline 0.001 -18"><span class='ocrx_word' id='word_1_775' title='bbox 2248 4519 2340 4587; x_wconf 90' lang='lat' dir='ltr'><strong>qui</strong></span> <span class='ocrx_word' id='word_1_776' title='bbox 2383 4520 2434 4572; x_wconf 92' lang='lat' dir='ltr'><strong>in</strong></span> <span class='ocrx_word' id='word_1_777' title='bbox 2484 4533 2653 4588; x_wconf 88' lang='lat' dir='ltr'><strong>pauca</strong></span> <span class='ocrx_word' id='word_1_778' title='bbox 2697 4519 2873 4575; x_wconf 88' lang='lat' dir='ltr'><strong>fuerat</strong></span> <span class='ocrx_word' id='word_1_779' title='bbox 2904 4520 3101 4585; x_wconf 87' lang='lat' dir='ltr'><strong>ﬁdelis,</strong></span> <span class='ocrx_word' id='word_1_780' title='bbox 3136 4522 3342 4577; x_wconf 83' lang='lat' dir='ltr'><strong>Sciebat</strong></span> <span class='ocrx_word' id='word_1_781' title='bbox 3370 4535 3430 4576; x_wconf 87' lang='lat' dir='ltr'><strong>se</strong></span> <span class='ocrx_word' id='word_1_782' title='bbox 3468 4535 3635 4589; x_wconf 90' lang='lat' dir='ltr'><strong>super</strong></span> <span class='ocrx_word' id='word_1_783' title='bbox 3658 4519 3817 4573; x_wconf 87' lang='lat' dir='ltr'><strong>multa</strong></span> 
     </span>
    </p>
   </div>
   <div class='ocr_carea' id='block_1_106' title="bbox 2249 4612 3820 4682">
    <p class='ocr_par' dir='ltr' id='par_1_106' title="bbox 2249 4612 3820 4682">
     <span class='ocr_line' id='line_1_106' title="bbox 2249 4612 3820 4682; baseline -0.002 -15"><span class='ocrx_word' id='word_1_784' title='bbox 2249 4613 2706 4676; x_wconf 87' lang='lat' dir='ltr'><strong>constituendum,</strong></span> <span class='ocrx_word' id='word_1_785' title='bbox 2762 4622 2817 4667; x_wconf 92' lang='lat' dir='ltr'><strong>et</strong></span> <span class='ocrx_word' id='word_1_786' title='bbox 2847 4612 3159 4682; x_wconf 86' lang='lat' dir='ltr'><strong>Apostolum</strong></span> <span class='ocrx_word' id='word_1_787' title='bbox 3211 4613 3448 4668; x_wconf 91' lang='lat' dir='ltr'><strong>futurum</strong></span> <span class='ocrx_word' id='word_1_788' title='bbox 3492 4614 3656 4667; x_wconf 88' lang='lat' dir='ltr'><strong>etiam</strong></span> <span class='ocrx_word' id='word_1_789' title='bbox 3704 4620 3820 4681; x_wconf 87' lang='lat' dir='ltr'><strong>post</strong></span> 
     </span>
    </p>
   </div>
   <div class='ocr_carea' id='block_1_107' title="bbox 2247 4704 3818 4773">
    <p class='ocr_par' dir='ltr' id='par_1_107' title="bbox 2247 4704 3818 4773">
     <span class='ocr_line' id='line_1_107' title="bbox 2247 4704 3818 4773; baseline -0.001 -14"><span class='ocrx_word' id='word_1_790' title='bbox 2247 4704 2449 4762; x_wconf 80' lang='lat' dir='ltr'><strong>exitum</strong></span> <span class='ocrx_word' id='word_1_791' title='bbox 2477 4718 2658 4769; x_wconf 90' lang='lat' dir='ltr'><strong>suum,</strong></span> <span class='ocrx_word' id='word_1_792' title='bbox 2710 4720 2814 4758; x_wconf 89' lang='lat' dir='ltr'><strong>non</strong></span> <span class='ocrx_word' id='word_1_793' title='bbox 2851 4705 3021 4758; x_wconf 91' lang='lat' dir='ltr'><strong>solum</strong></span> <span class='ocrx_word' id='word_1_794' title='bbox 3045 4705 3311 4773; x_wconf 84' lang='lat' dir='ltr'><strong>gentium;</strong></span> <span class='ocrx_word' id='word_1_795' title='bbox 3348 4707 3440 4760; x_wconf 88' lang='lat' dir='ltr'><strong>sed</strong></span> <span class='ocrx_word' id='word_1_796' title='bbox 3464 4714 3520 4760; x_wconf 92' lang='lat' dir='ltr'><strong>et</strong></span> <span class='ocrx_word' id='word_1_797' title='bbox 3548 4704 3818 4758; x_wconf 85' lang='lat' dir='ltr'><strong>Israelita-</strong></span> 
     </span>
    </p>
   </div>
   <div class='ocr_carea' id='block_1_108' title="bbox 2249 4794 3818 4865">
    <p class='ocr_par' dir='ltr' id='par_1_108' title="bbox 2249 4794 3818 4865">
     <span class='ocr_line' id='line_1_108' title="bbox 2249 4794 3818 4865; baseline -0.001 -15"><span class='ocrx_word' id='word_1_798' title='bbox 2249 4811 2387 4865; x_wconf 87' lang='lat' dir='ltr'><strong>rum,</strong></span> <span class='ocrx_word' id='word_1_799' title='bbox 2414 4804 2472 4851; x_wconf 90' lang='lat' dir='ltr'><strong>et</strong></span> <span class='ocrx_word' id='word_1_800' title='bbox 2497 4795 2726 4850; x_wconf 90' lang='lat' dir='ltr'><strong>aliorum</strong></span> <span class='ocrx_word' id='word_1_801' title='bbox 2767 4794 3018 4852; x_wconf 88' lang='lat' dir='ltr'><strong>fortassis</strong></span> <span class='ocrx_word' id='word_1_802' title='bbox 3046 4798 3418 4862; x_wconf 84' lang='lat' dir='ltr'><strong>invisibilium,</strong></span> <span class='ocrx_word' id='word_1_803' title='bbox 3449 4796 3519 4850; x_wconf 91' lang='lat' dir='ltr'><strong>ibi</strong></span> <span class='ocrx_word' id='word_1_804' title='bbox 3543 4796 3633 4851; x_wconf 93' lang='lat' dir='ltr'><strong>ubi</strong></span> <span class='ocrx_word' id='word_1_805' title='bbox 3659 4796 3818 4850; x_wconf 86' lang='lat' dir='ltr'><strong>bene-</strong></span> 
     </span>
    </p>
   </div>
   <div class='ocr_carea' id='block_1_109' title="bbox 2247 4888 3818 4959">
    <p class='ocr_par' dir='ltr' id='par_1_109' title="bbox 2247 4888 3818 4959">
     <span class='ocr_line' id='line_1_109' title="bbox 2247 4888 3818 4959; baseline -0.001 -17"><span class='ocrx_word' id='word_1_806' title='bbox 2247 4888 2434 4942; x_wconf 83' lang='lat' dir='ltr'><strong>dicunt</strong></span> <span class='ocrx_word' id='word_1_807' title='bbox 2452 4889 2674 4958; x_wconf 89' lang='lat' dir='ltr'><strong>spiritus</strong></span> <span class='ocrx_word' id='word_1_808' title='bbox 2695 4901 2750 4946; x_wconf 90' lang='lat' dir='ltr'><strong>et</strong></span> <span class='ocrx_word' id='word_1_809' title='bbox 2787 4892 2980 4946; x_wconf 73' lang='lat' dir='ltr'><strong>anima:</strong></span> <span class='ocrx_word' id='word_1_810' title='bbox 3016 4889 3285 4959; x_wconf 87' lang='lat' dir='ltr'><strong>justorum</strong></span> <span class='ocrx_word' id='word_1_811' title='bbox 3315 4889 3602 4945; x_wconf 92' lang='lat' dir='ltr'><strong>Dominum</strong></span> <span class='ocrx_word' id='word_1_812' title='bbox 3625 4889 3695 4953; x_wconf 81' lang='lat'><strong>“,</strong></span> <span class='ocrx_word' id='word_1_813' title='bbox 3727 4889 3818 4958; x_wconf 76' lang='lat' dir='ltr'><strong>hy-</strong></span> 
     </span>
    </p>
   </div>
   <div class='ocr_carea' id='block_1_110' title="bbox 2251 4980 3812 5051">
    <p class='ocr_par' dir='ltr' id='par_1_110' title="bbox 2251 4980 3812 5051">
     <span class='ocr_line' id='line_1_110' title="bbox 2251 4980 3812 5051; baseline -0.001 -19"><span class='ocrx_word' id='word_1_814' title='bbox 2251 4994 2433 5035; x_wconf 90' lang='lat' dir='ltr'><strong>mnum</strong></span> <span class='ocrx_word' id='word_1_815' title='bbox 2462 4980 2673 5047; x_wconf 90' lang='lat' dir='ltr'><strong>dicunt,</strong></span> <span class='ocrx_word' id='word_1_816' title='bbox 2734 4994 2789 5038; x_wconf 89' lang='lat' dir='ltr'><strong>et</strong></span> <span class='ocrx_word' id='word_1_817' title='bbox 2831 4985 3234 5051; x_wconf 77' lang='lat' dir='ltr'><strong>snperesaltant</strong></span> <span class='ocrx_word' id='word_1_818' title='bbox 3269 4998 3391 5038; x_wconf 91' lang='lat' dir='ltr'><strong>eum</strong></span> <span class='ocrx_word' id='word_1_819' title='bbox 3440 4983 3492 5037; x_wconf 91' lang='lat' dir='ltr'><strong>in</strong></span> <span class='ocrx_word' id='word_1_820' title='bbox 3535 4980 3812 5038; x_wconf 60' lang='lat' dir='ltr'><strong>sarcula?»</strong></span> 
     </span>
    </p>
   </div>
   <div class='ocr_carea' id='block_1_111' title="bbox 2250 5072 3815 5145">
    <p class='ocr_par' dir='ltr' id='par_1_111' title="bbox 2250 5072 3815 5145">
     <span class='ocr_line' id='line_1_111' title="bbox 2250 5072 3815 5145; baseline 0 -19"><span class='ocrx_word' id='word_1_821' title='bbox 2250 5072 2325 5126; x_wconf 91' lang='lat' dir='ltr'><strong>De</strong></span> <span class='ocrx_word' id='word_1_822' title='bbox 2352 5072 2601 5127; x_wconf 89' lang='lat' dir='ltr'><strong>doctrina</strong></span> <span class='ocrx_word' id='word_1_823' title='bbox 2630 5073 2716 5129; x_wconf 88' lang='lat' dir='ltr'><strong>illa</strong></span> <span class='ocrx_word' id='word_1_824' title='bbox 2749 5075 2954 5145; x_wconf 87' lang='lat' dir='ltr'><strong>angelis</strong></span> <span class='ocrx_word' id='word_1_825' title='bbox 2993 5090 3022 5129; x_wconf 90' lang='lat' dir='ltr'><strong>a</strong></span> <span class='ocrx_word' id='word_1_826' title='bbox 3060 5075 3280 5134; x_wconf 87' lang='lat' dir='ltr'><strong>Christo</strong></span> <span class='ocrx_word' id='word_1_827' title='bbox 3305 5076 3498 5129; x_wconf 87' lang='lat' dir='ltr'><strong>tradita</strong></span> <span class='ocrx_word' id='word_1_828' title='bbox 3522 5089 3686 5145; x_wconf 88' lang='lat' dir='ltr'><strong>supra</strong></span> <span class='ocrx_word' id='word_1_829' title='bbox 3710 5072 3815 5143; x_wconf 85' lang='lat' dir='ltr'><strong>jam</strong></span> 
     </span>
    </p>
   </div>
   <div class='ocr_carea' id='block_1_112' title="bbox 2247 5165 3817 5241">
    <p class='ocr_par' dir='ltr' id='par_1_112' title="bbox 2247 5165 3817 5241">
     <span class='ocr_line' id='line_1_112' title="bbox 2247 5165 3817 5241; baseline 0.001 -21"><span class='ocrx_word' id='word_1_830' title='bbox 2247 5165 2674 5235; x_wconf 89' lang='lat' dir='ltr'><strong>disputavimus;</strong></span> <span class='ocrx_word' id='word_1_831' title='bbox 2706 5166 2772 5222; x_wconf 92' lang='lat' dir='ltr'><strong>de</strong></span> <span class='ocrx_word' id='word_1_832' title='bbox 2793 5183 2856 5222; x_wconf 89' lang='lat' dir='ltr'><strong>ea</strong></span> <span class='ocrx_word' id='word_1_833' title='bbox 2893 5184 3022 5224; x_wconf 88' lang='lat' dir='ltr'><strong>vero</strong></span> <span class='ocrx_word' id='word_1_834' title='bbox 3047 5184 3211 5241; x_wconf 91' lang='lat' dir='ltr'><strong>quam</strong></span> <span class='ocrx_word' id='word_1_835' title='bbox 3237 5186 3266 5223; x_wconf 92' lang='lat' dir='ltr'><strong>a</strong></span> <span class='ocrx_word' id='word_1_836' title='bbox 3304 5169 3587 5239; x_wconf 89' lang='lat' dir='ltr'><strong>prophetis</strong></span> <span class='ocrx_word' id='word_1_837' title='bbox 3613 5178 3670 5223; x_wconf 91' lang='lat' dir='ltr'><strong>et</strong></span> <span class='ocrx_word' id='word_1_838' title='bbox 3698 5182 3817 5236; x_wconf 47' lang='lat' dir='ltr'><strong>apo.</strong></span> 
     </span>
    </p>
   </div>
   <div class='ocr_carea' id='block_1_113' title="bbox 2247 5259 3815 5331">
    <p class='ocr_par' dir='ltr' id='par_1_113' title="bbox 2247 5259 3815 5331">
     <span class='ocr_line' id='line_1_113' title="bbox 2247 5259 3815 5331; baseline -0.002 -17"><span class='ocrx_word' id='word_1_839' title='bbox 2247 5259 2398 5316; x_wconf 86' lang='lat' dir='ltr'><strong>stolis</strong></span> <span class='ocrx_word' id='word_1_840' title='bbox 2423 5270 2750 5330; x_wconf 90' lang='lat' dir='ltr'><strong>acceperunt</strong></span> <span class='ocrx_word' id='word_1_841' title='bbox 2780 5260 2907 5329; x_wconf 89' lang='lat' dir='ltr'><strong>ipsi,</strong></span> <span class='ocrx_word' id='word_1_842' title='bbox 2949 5261 3029 5315; x_wconf 87' lang='lat' dir='ltr'><strong>sic</strong></span> <span class='ocrx_word' id='word_1_843' title='bbox 3049 5261 3138 5331; x_wconf 89' lang='lat' dir='ltr'><strong>pio</strong></span> <span class='ocrx_word' id='word_1_844' title='bbox 3168 5262 3453 5330; x_wconf 89' lang='lat' dir='ltr'><strong>unicuique</strong></span> <span class='ocrx_word' id='word_1_845' title='bbox 3477 5259 3815 5317; x_wconf 89' lang='lat' dir='ltr'><strong>sentiendum</strong></span> 
     </span>
    </p>
   </div>
   <div class='ocr_carea' id='block_1_114' title="bbox 2246 5350 3817 5423">
    <p class='ocr_par' dir='ltr' id='par_1_114' title="bbox 2246 5350 3817 5423">
     <span class='ocr_line' id='line_1_114' title="bbox 2246 5350 3817 5423; baseline -0.001 -19"><span class='ocrx_word' id='word_1_846' title='bbox 2246 5359 2348 5414; x_wconf 89' lang='lat' dir='ltr'><strong>est,</strong></span> <span class='ocrx_word' id='word_1_847' title='bbox 2400 5366 2504 5405; x_wconf 93' lang='lat' dir='ltr'><strong>non</strong></span> <span class='ocrx_word' id='word_1_848' title='bbox 2534 5351 2751 5422; x_wconf 86' lang='lat' dir='ltr'><strong>quidem</strong></span> <span class='ocrx_word' id='word_1_849' title='bbox 2791 5352 3103 5408; x_wconf 89' lang='lat' dir='ltr'><strong>hominibus</strong></span> <span class='ocrx_word' id='word_1_850' title='bbox 3151 5353 3304 5423; x_wconf 89' lang='lat' dir='ltr'><strong>prius</strong></span> <span class='ocrx_word' id='word_1_851' title='bbox 3331 5352 3626 5408; x_wconf 83' lang='lat' dir='ltr'><strong>revelatum</strong></span> <span class='ocrx_word' id='word_1_852' title='bbox 3653 5350 3817 5405; x_wconf 83' lang='lat' dir='ltr'><strong>fuisse</strong></span> 
     </span>
    </p>
   </div>
   <div class='ocr_carea' id='block_1_115' title="bbox 2247 5440 3814 5516">
    <p class='ocr_par' dir='ltr' id='par_1_115' title="bbox 2247 5440 3814 5516">
     <span class='ocr_line' id='line_1_115' title="bbox 2247 5440 3814 5516; baseline -0.001 -22"><span class='ocrx_word' id='word_1_853' title='bbox 2247 5448 2303 5494; x_wconf 91' lang='lat' dir='ltr'><strong>et</strong></span> <span class='ocrx_word' id='word_1_854' title='bbox 2327 5448 2588 5499; x_wconf 88' lang='lat' dir='ltr'><strong>retectum</strong></span> <span class='ocrx_word' id='word_1_855' title='bbox 2619 5455 2780 5511; x_wconf 91' lang='lat' dir='ltr'><strong>quam</strong></span> <span class='ocrx_word' id='word_1_856' title='bbox 2809 5442 3014 5516; x_wconf 82' lang='lat' dir='ltr'><strong>angelis</strong></span> <span class='ocrx_word' id='word_1_857' title='bbox 3043 5441 3440 5500; x_wconf 88' lang='lat' dir='ltr'><strong>lncaruationis</strong></span> <span class='ocrx_word' id='word_1_858' title='bbox 3476 5440 3814 5512; x_wconf 83' lang='lat' dir='ltr'><strong>mysterium,</strong></span> 
     </span>
    </p>
   </div>
   <div class='ocr_carea' id='block_1_116' title="bbox 2247 5530 3812 5604">
    <p class='ocr_par' dir='ltr' id='par_1_116' title="bbox 2247 5530 3812 5604">
     <span class='ocr_line' id='line_1_116' title="bbox 2247 5530 3812 5604; baseline 0.003 -21"><span class='ocrx_word' id='word_1_859' title='bbox 2247 5530 2390 5604; x_wconf 89' lang='lat' dir='ltr'><strong>quod</strong></span> <span class='ocrx_word' id='word_1_860' title='bbox 2408 5547 2526 5585; x_wconf 93' lang='lat' dir='ltr'><strong>cum</strong></span> <span class='ocrx_word' id='word_1_861' title='bbox 2548 5532 2841 5603; x_wconf 73' lang='lat' dir='ltr'><strong>Scriptum</strong></span> <span class='ocrx_word' id='word_1_862' title='bbox 2861 5550 3032 5592; x_wconf 69' lang='lat' dir='ltr'><strong>sacrae</strong></span> <span class='ocrx_word' id='word_1_863' title='bbox 3059 5537 3384 5593; x_wconf 87' lang='lat' dir='ltr'><strong>testimoniis</strong></span> <span class='ocrx_word' id='word_1_864' title='bbox 3409 5532 3701 5591; x_wconf 85' lang='lat' dir='ltr'><strong>manifeste</strong></span> <span class='ocrx_word' id='word_1_865' title='bbox 3723 5546 3812 5601; x_wconf 88' lang='lat' dir='ltr'><strong>pu-</strong></span> 
     </span>
    </p>
   </div>
   <div class='ocr_carea' id='block_1_117' title="bbox 2250 5624 3811 5711">
    <p class='ocr_par' dir='ltr' id='par_1_117' title="bbox 2250 5624 3811 5711">
     <span class='ocr_line' id='line_1_117' title="bbox 2250 5624 3811 5711; baseline 0.002 -35"><span class='ocrx_word' id='word_1_866' title='bbox 2250 5635 2409 5693; x_wconf 84' lang='lat' dir='ltr'><strong>gnat;</strong></span> <span class='ocrx_word' id='word_1_867' title='bbox 2449 5624 2542 5680; x_wconf 88' lang='lat' dir='ltr'><strong>sed</strong></span> <span class='ocrx_word' id='word_1_868' title='bbox 2575 5640 2679 5711; x_wconf 83' lang='lat' dir='ltr'><strong>non</strong></span> <span class='ocrx_word' id='word_1_869' title='bbox 2721 5626 2991 5699; x_wconf 87' lang='lat' dir='ltr'><strong>integram</strong></span> <span class='ocrx_word' id='word_1_870' title='bbox 3020 5638 3197 5685; x_wconf 80' lang='lat' dir='ltr'><strong>tamen</strong></span> <span class='ocrx_word' id='word_1_871' title='bbox 3228 5628 3390 5700; x_wconf 85' lang='lat' dir='ltr'><strong>hujus</strong></span> <span class='ocrx_word' id='word_1_872' title='bbox 3414 5627 3811 5698; x_wconf 86' lang='lat' dir='ltr'><strong>cognitionem;</strong></span> 
     </span>
    </p>
   </div>
   <div class='ocr_carea' id='block_1_118' title="bbox 2579 5737 3806 5814">
    <p class='ocr_par' dir='ltr' id='par_1_118' title="bbox 2579 5737 3806 5814">
     <span class='ocr_line' id='line_1_118' title="bbox 2579 5737 3806 5814; baseline 0.007 -26"><span class='ocrx_word' id='word_1_873' title='bbox 2579 5737 2619 5768; x_wconf 80' lang='lat'><strong>&quot;</strong></span> <span class='ocrx_word' id='word_1_874' title='bbox 2650 5737 2790 5814; x_wconf 80' lang='lat' dir='ltr'><strong>Psa_l.</strong></span> <span class='ocrx_word' id='word_1_875' title='bbox 2821 5756 3040 5814; x_wconf 65' lang='lat' dir='ltr'><strong>cum&quot;,</strong></span> <span class='ocrx_word' id='word_1_876' title='bbox 3070 5745 3124 5812; x_wconf 74' lang='grc'>4,</span> <span class='ocrx_word' id='word_1_877' title='bbox 3178 5745 3231 5801; x_wconf 84' lang='grc'><strong>5.</strong></span> <span class='ocrx_word' id='word_1_878' title='bbox 3345 5743 3389 5779; x_wconf 84' lang='grc'><strong><em>³⁸</em></strong></span> <span class='ocrx_word' id='word_1_879' title='bbox 3420 5741 3565 5800; x_wconf 80' lang='lat' dir='ltr'><strong>Psal.</strong></span> <span class='ocrx_word' id='word_1_880' title='bbox 3606 5755 3703 5808; x_wconf 83' lang='lat' dir='ltr'><strong>cu,</strong></span> <span class='ocrx_word' id='word_1_881' title='bbox 3724 5740 3806 5797; x_wconf 73' lang='grc'><strong>22.</strong></span> 
     </span>
    </p>
   </div>
   <div class='ocr_carea' id='block_1_119' title="bbox 582 5798 2144 5873">
    <p class='ocr_par' dir='ltr' id='par_1_119' title="bbox 582 5798 2144 5871">
     <span class='ocr_line' id='line_1_119' title="bbox 582 5798 2144 5871; baseline 0.003 -17"><span class='ocrx_word' id='word_1_882' title='bbox 582 5798 626 5831; x_wconf 84' lang='grc'><strong>³⁸</strong></span> <span class='ocrx_word' id='word_1_883' title='bbox 654 5798 818 5870; x_wconf 74' lang='lat' dir='ltr'><strong>Apoc.</strong></span> <span class='ocrx_word' id='word_1_884' title='bbox 874 5819 935 5869; x_wconf 91' lang='grc' dir='ltr'><strong>ιι,</strong></span> <span class='ocrx_word' id='word_1_885' title='bbox 966 5798 1088 5860; x_wconf 84' lang='lat' dir='ltr'><strong>vers</strong></span> <span class='ocrx_word' id='word_1_886' title='bbox 1134 5807 1185 5871; x_wconf 85' lang='lat' dir='ltr'><strong>i,</strong></span> <span class='ocrx_word' id='word_1_887' title='bbox 1222 5806 1275 5861; x_wconf 71' lang='grc'><strong>4.</strong></span> <span class='ocrx_word' id='word_1_888' title='bbox 1351 5808 1396 5841; x_wconf 74' lang='lat'><strong>“</strong></span> <span class='ocrx_word' id='word_1_889' title='bbox 1416 5808 1545 5864; x_wconf 88' lang='lat' dir='ltr'><strong>ibid.</strong></span> <span class='ocrx_word' id='word_1_890' title='bbox 1574 5808 1656 5863; x_wconf 77' lang='grc'><strong>14.</strong></span> <span class='ocrx_word' id='word_1_891' title='bbox 1721 5798 1779 5840; x_wconf 64' lang='grc'><strong>’³⁸</strong></span> <span class='ocrx_word' id='word_1_892' title='bbox 1808 5807 1996 5861; x_wconf 82' lang='lat' dir='ltr'><strong>Matth.</strong></span> <span class='ocrx_word' id='word_1_893' title='bbox 2025 5821 2144 5871; x_wconf 76' lang='lat' dir='ltr'><strong>xxv,</strong></span> 
     </span>
    </p>
   </div>
   <div class='ocr_carea' id='block_1_120' title="bbox 2246 5798 2783 5873">
    <p class='ocr_par' dir='ltr' id='par_1_120' title="bbox 2246 5807 2783 5873">
     <span class='ocr_line' id='line_1_120' title="bbox 2246 5807 2783 5873; baseline 0.004 -12"><span class='ocrx_word' id='word_1_894' title='bbox 2246 5844 2257 5861; x_wconf 91' lang='lat'><strong>.</strong></span> <span class='ocrx_word' id='word_1_895' title='bbox 2332 5807 2379 5840; x_wconf 79' lang='lat'><strong>&quot;</strong></span> <span class='ocrx_word' id='word_1_896' title='bbox 2417 5808 2547 5864; x_wconf 89' lang='lat' dir='ltr'><strong>Dan.</strong></span> <span class='ocrx_word' id='word_1_897' title='bbox 2582 5823 2663 5873; x_wconf 86' lang='grc' dir='ltr'>ιιι,</span> <span class='ocrx_word' id='word_1_898' title='bbox 2696 5809 2783 5865; x_wconf 82' lang='lat'><strong>86.</strong></span> 
     </span>
    </p>
   </div>
  </div>
