4054 6310
274 391 379 447 869

1117 392 1683 453 ORIGENMNORUM
1719 397 1845 454 LIB.
1887 399 1950 466 il,
1990 397 2139 455 CAP.
2182 396 2245 459 li,
2288 390 2560 460 QU/EST.
2605 389 2665 443 ν.

3408 390 3516 445 870

277 515 537 568 bonorum
572 523 751 570 autem
785 528 905 585 qua:
933 528 999 569 ex
1034 527 1099 568 eo
1123 517 1378 585 consequi
1409 517 1695 581 debebant.
1726 536 1852 590 gen-
1880 526 1926 582 Α
1956 533 2251 588 nunquam,
2304 514 2387 570 vel
2434 528 2643 583 parum,
2675 510 2756 566 vel
2803 508 2921 580 plus
2969 508 3160 565 faciem
3209 510 3299 565 Dei
3344 511 3517 580 angeli

274 605 409 659 tium
459 615 589 675 puta
645 607 1018 663 conversionis
1064 607 1446 677 Chrysostomo
1513 623 1840 677 memoratae,

274 696 393 752 fere
414 698 654 765 nullam;
690 700 941 770 temporis
973 713 1100 754 vero
1122 700 1379 769 postremi
1409 700 1601 770 judicii
1640 703 1843 759 nullam

272 790 496 844 omnino
522 791 796 845 habuisse.

345 881 485 936 XIX.
515 882 589 937 De
607 884 811 952 judicio
837 895 1016 939 autem
1045 885 1099 938 in
1134 884 1353 954 angelos
1381 885 1653 941 reddendo
1673 888 1846 957 quod-

275 986 487 1040 cunque
517 973 757 1028 decernit
780 972 1060 1044 Origenes,
1095 975 1163 1027 ad
1196 974 1415 1045 angelos
1445 978 1719 1033 hominum
1748 995 1845 1033 cu-

273 1063 467 1117 stodite
499 1064 778 1134 praefectos
807 1066 919 1120 fere
944 1067 1193 1134 pertinet.
1234 1066 1365 1121 Nam
1385 1067 1498 1121 sive
1521 1069 1716 1138 quibus
1742 1070 1846 1126 Ec-

274 1154 559 1211 clesiarum
584 1155 903 1226 gubernatio
924 1157 1208 1212 commissa
1227 1169 1331 1223 est,
1360 1160 1473 1214 sive
1500 1160 1692 1229 quibus
1719 1177 1848 1232 gen-

278 1247 439 1316 tium,
470 1247 553 1302 vel
580 1248 918 1319 singulorum
958 1247 1237 1301 hominum
1267 1248 1522 1319 deputata
1548 1260 1630 1305 est
1662 1261 1846 1307 custo-

275 1339 386 1406 dia,
407 1353 501 1395 eos
528 1340 890 1395 administrati
926 1342 1166 1396 muneris
1194 1343 1485 1409 rationem,
1518 1342 1659 1398 haud
1691 1359 1849 1401 secus

274 1449 338 1489 ac
367 1433 631 1496 homines,
671 1434 980 1489 reddituros
1018 1435 1223 1490 delinit.
1260 1436 1504 1507 anlicis
1544 1448 1726 1494 autem
1751 1456 1847 1511 ge-

273 1525 420 1581 neris
468 1526 667 1596 judicia
717 1528 769 1579 in
825 1525 942 1580 illos
975 1542 1005 1581 a
1053 1527 1162 1581 Deo
1202 1531 1447 1585 exerceri
1495 1530 1686 1598 docet;
1719 1533 1845 1599 alia,

274 1619 699 1690 quotiescunque
750 1618 997 1673 homines
1050 1635 1193 1675 curae
1237 1637 1347 1677 sua:
1386 1624 1638 1689 permissi
1684 1635 1849 1690 recte,

278 1709 484 1764 nialeve
508 1724 566 1764 se
598 1720 824 1778 gerunt;
859 1709 1001 1764 aliud
1031 1726 1179 1775 vero,
1204 1728 1324 1767 cum
1350 1728 1602 1782 supremo
1629 1715 1851 1771 arbitrio

276 1803 344 1856 de
373 1818 549 1856 rerum
576 1802 947 1856 universarum
978 1818 1190 1857 summa
1228 1804 1368 1862 Deus
1391 1807 1677 1874 judicabit.
1704 1808 1853 1865 Utri-

272 1910 381 1965 que
409 1905 588 1950 autem
615 1893 938 1962 judiciornm
967 1898 1148 1963 generi
1183 1914 1308 1953 suas
1340 1900 1553 1956 videtur
1572 1903 1844 1973 assignas-

272 2001 335 2042 se
386 2001 597 2056 poenas,
637 2001 732 2040 sua
766 1986 1017 2055 praemia;
1066 2003 1130 2043 ac
1172 1989 1442 2059 prioribus
1472 1994 1710 2063 quidem,
1743 2011 1844 2066 pro

270 2078 421 2132 obito
452 2087 599 2133 recte
626 2077 820 2142 cilicio,
866 2079 1054 2135 laudes
1091 2092 1145 2135 et
1174 2081 1437 2151 gloriam;
1478 2100 1574 2155 pro
1603 2102 1661 2142 re
1707 2090 1845 2143 male

274 2178 450 2239 gesta,
484 2171 826 2239 ignominiam
862 2181 917 2226 et
937 2172 1167 2227 dedecus
1202 2193 1215 2228 :
1253 2177 1539 2243 posteriori
1564 2192 1710 2245 vero,
1750 2195 1846 2250 pro

275 2260 593 2315 meritormn
632 2262 861 2328 ratione,
898 2264 1290 2321 diuturniorem
1335 2277 1391 2322 et
1427 2268 1732 2338 clariorem,
1766 2273 1846 2327 vel

277 2352 646 2408 ohscuriorem
682 2366 736 2408 et
766 2357 1088 2422 breviorem,
1114 2358 1196 2411 vel
1229 2359 1449 2427 nullatn,
1482 2362 1565 2416 vel
1587 2374 1843 2419 aeternam

274 2439 369 2494 Dei
412 2443 691 2500 visionem.
737 2444 866 2513 Qua:
911 2461 1218 2516 quanquam
1270 2465 1375 2504 non
1416 2451 1669 2509 distincte
1705 2457 1846 2524 apud

272 2530 426 2585 ilium
457 2547 710 2603 expressa
752 2537 1019 2603 invenias,
1054 2554 1119 2594 ex
1164 2539 1277 2607 ejus
1307 2551 1484 2596 tamen
1528 2547 1846 2601 assertioni-

270 2621 373 2678 bus
401 2623 557 2680 facile
574 2626 932 2682 deducuntur.
967 2629 1193 2684 Homilia
1216 2630 1269 2684 in
1294 2630 1460 2686 Num.
1491 2649 1580 2701 xx,
1614 2652 1765 2692 num.
1789 2638 1846 2703 5,

270 2714 515 2782 pluribus
546 2729 919 2784 argumentum
951 2720 1079 2774 illud
1101 2722 1369 2787 edisserit,
1399 2734 1455 2778 et
1484 2726 1701 2795 angelos
1730 2729 1849 2783 uni-

270 2806 470 2875 cuique
520 2818 765 2862 nostrum
802 2810 1153 2880 gubernando
1183 2813 1477 2883 delegatos,
1527 2828 1618 2871 aut
1658 2817 1846 2874 Eccle-

268 2897 473 2953 siarum
530 2900 779 2970 regimini
824 2902 1120 2970 adhibitos,
1155 2905 1233 2957 vel
1271 2922 1368 2975 pro
1418 2909 1693 2964 hominum
1742 2911 1847 2967 sibi

272 2993 595 3046 traditorum
627 2994 761 3048 bene
786 2996 953 3064 gestis
984 2996 1371 3063 collaudatum,
1419 3001 1498 3055 vel
1524 3016 1620 3070 pro
1651 3019 1845 3072 pecca-

270 3085 342 3138 tis
362 3084 632 3154 culpatum
652 3102 716 3141 ac
740 3086 1076 3142 confutatum
1102 3090 1166 3143 iri
1197 3090 1460 3157 allirmat;
1495 3092 1656 3162 idque
1687 3110 1753 3149 ex
1785 3110 1849 3151 eo

1947 609 2476 681 contemplabuntur.
2500 627 2519 660 ι

2017 704 2086 759 At
2119 717 2223 756 non
2276 699 2499 767 angelos
2544 696 2718 751 soluat
2775 703 3006 758 tutores,
3044 696 3140 749 sed
3180 694 3316 748 alios
3351 697 3513 749 etiam

1945 796 2255 865 quicunque
2283 790 2518 861 peccatis
2538 804 2597 845 se
2625 787 2849 857 alligant
2881 787 2932 840 in
2958 785 3218 856 judicium
3249 786 3519 841 sistendns

1947 885 2261 957 pronuntiat
2305 882 2489 937 homil.
2515 882 2547 935 4
2589 882 2644 934 in
2675 880 2894 944 Ezech.,
2954 896 3102 934 num.
3134 882 3181 945 l,
3219 895 3338 949 pag.
3365 879 3468 933 570
3500 896 3514 932 :

1952 995 1970 1029 ι
1990 977 2213 1044 Quando
2239 991 2390 1044 ergo,
2427 974 2622 1042 inquit,
2667 970 2842 1041 angeli
2870 971 3321 1041 prtevaricantur,
3346 981 3402 1025 et
3425 973 3515 1026 alii

1946 1069 2187 1137 suntqui
2234 1067 2325 1121 Dei
2353 1075 2620 1134 praecepta
2652 1063 2982 1128 custodiunt,
3016 1070 3069 1117 et
3093 1063 3353 1132 judicium
3384 1076 3519 1130 prm—

1945 1161 2233 1223 stolantur,
2265 1174 2369 1212 non
2419 1156 2593 1211 solum
2638 1155 2941 1217 hominum,
2977 1169 3164 1208 verum
3207 1154 3378 1221 etiam
3400 1154 3518 1217 Dei,

1948 1260 2007 1307 ut
2050 1249 2366 1320 frequenter
2391 1248 2628 1303 diximus
2664 1256 2771 1300 tam
2806 1247 2871 1300 de
2898 1247 2981 1300 his
3022 1261 3143 1315 qua:
3176 1246 3227 1299 in
3258 1244 3522 1317 Apocaly-

1946 1343 2027 1415 psi
2052 1341 2361 1411 conscripta
2400 1350 2545 1403 sunt,
2579 1354 2742 1409 quam
2781 1348 2835 1392 et
2859 1353 2924 1392 ex
2961 1338 3082 1394 aliis
3116 1338 3522 1393 innumerabili-

1946 1437 2069 1501 bus,
2105 1449 2294 1506 quare,
2325 1434 2568 1503 inquam,
2600 1447 2705 1486 non
2739 1443 2894 1487 terrae
2918 1442 2974 1487 et
3002 1433 3144 1486 aeris
3166 1431 3425 1499 judicium
3452 1431 3524 1485 sit

1948 1514 2227 1584 futurum?
2251 1544 2268 1577 ο
3202 1516 3207 1523 ’

2019 1616 2136 1671 XX.
2163 1615 2395 1687 Angelos
2430 1615 2943 1686 reprehensionibus
2970 1629 3033 1671 ac
3059 1614 3319 1670 conviciis
3347 1615 3524 1670 inces-

1950 1710 2016 1777 si,
2053 1725 2176 1763 cum
2228 1708 2559 1781 provinciam
2596 1718 2901 1776 susceptam
2945 1706 3085 1763 male
3118 1707 3520 1771 administrant,

1950 1818 2047 1859 cur
2069 1802 2616 1870 crederetOrigenes,
2647 1816 2712 1855 ex
2739 1816 2804 1857 eo
2824 1800 3039 1855 videtur
3058 1802 3340 1864 adductus,
3378 1802 3521 1869 quod

1878 1879 1921 1935 Β
1948 1894 2304 1967 Apocalypsis
2349 1899 2590 1952 secundo
2618 1903 2669 1949 et
2722 1895 2881 1949 tertio
2916 1895 3091 1963 capite
3123 1894 3383 1962 scriptum
3415 1906 3519 1958 est,

1945 1986 2022 2040 uti
2051 1989 2379 2042 notavimus.
2423 1987 2533 2042 Cur
2563 1996 2737 2040 autem
2790 1996 3119 2054 postremum
3152 2001 3365 2055 quoque
3394 1986 3521 2042 sub-

1948 2077 2117 2132 ituros
2146 2078 2405 2147 judicium
2444 2078 2858 2141 existimaverit,
2888 2092 3064 2131 causa;
3100 2077 3264 2131 fuisse
3307 2078 3521 2132 videtur

1947 2170 2100 2227 locus
2126 2170 2217 2225 ille
2250 2170 2428 2235 Pauli,
2466 2185 2626 2239 quem
2674 2171 3000 2240 protulimus
3046 2185 3113 2225 ex
3148 2169 3167 2223 Ι
3197 2169 3323 2223 Cor.
3353 2186 3428 2235 Vl,
3460 2170 3517 2235 5,

1952 2279 1970 2313 ι
1998 2262 2227 2317 Nescitis
2269 2263 2525 2331 quoniam
2567 2263 2787 2331 angelos
2835 2263 3273 2332 judicahimus?»
3317 2264 3406 2332 qui
3453 2264 3521 2319 de

1946 2354 2102 2410 bonis
2139 2364 2319 2409 tamen
2352 2355 2556 2426 angelis
2589 2355 2757 2409 nihilo
2786 2356 2956 2425 magis
2990 2355 3368 2424 intelligendus
3411 2362 3519 2417 est,

1946 2460 2110 2515 quam
2137 2446 2223 2501 ille
2240 2446 2410 2511 Petri,
2442 2462 2507 2501 ex
2534 2447 2703 2501 altera
2727 2446 2840 2512 ejus
2870 2447 3131 2516 Epistula,
3156 2462 3275 2516 cap.
3297 2463 3355 2513 ιι,
3381 2463 3433 2501 v.
3452 2447 3519 2502 4:

1953 2556 1971 2589 ι
2000 2537 2056 2593 Si
2105 2540 2247 2593 enim
2305 2541 2445 2594 Dens
2477 2540 2680 2610 angelis
2711 2540 3056 2607 peccantibus
3101 2556 3204 2593 non
3255 2540 3519 2609 pepercit,

1947 2633 2040 2686 sed
2070 2631 2388 2686 rudentibus
2424 2632 2617 2685 inferni
2652 2634 2924 2686 detractos
2958 2634 3009 2686 itt
3050 2643 3311 2687 tartarum
3351 2635 3520 2686 tradi-

1949 2722 2027 2777 dit
2057 2722 2382 2777 cruciandos
2422 2723 2471 2777 in
2497 2722 2761 2790 judicium
2798 2725 3096 2792 reservari;
3119 2749 3136 2777 ο
3172 2735 3227 2778 et
3258 2726 3344 2780 ille
3370 2724 3522 2780 Juda:

1949 2830 2092 2869 vers.
2124 2814 2156 2869 6
2192 2833 2207 2870 :
2255 2834 2273 2867 ι
2301 2815 2538 2886 Angelos
2570 2832 2697 2869 vero
2729 2818 2817 2887 qui
2846 2833 2950 2872 non
2983 2829 3340 2873 servaverunt
3363 2834 3519 2873 suum

1948 2909 2334 2978 principatum,
2380 2909 2473 2962 sed
2522 2908 2857 2979 reliquerunt
2878 2927 3033 2966 suum
3066 2912 3425 2975 domicilium,
3465 2911 3520 2966 in

1946 3003 2207 3071 judicium
2241 3006 2420 3074 magni
2461 3006 2588 3070 diei,
2636 3007 2866 3062 vinculis
2892 3008 3112 3062 aeternis
3146 3006 3245 3060 sub
3290 3006 3521 3076 caligine

1952 3098 2267 3153 reservavit.
2301 3118 2319 3150 ι
2352 3099 2555 3153 Retulit
2581 3108 2758 3154 tamen
2795 3101 2861 3154 ad
2895 3099 3115 3169 angelos
3141 3100 3312 3154 bonos
3339 3098 3521 3153 Pauli-

269 3175 891 3283 p‘robatepocalypseos
926 3181 1108 3283 capite
1138 3197 1197 3245 ll,
1244 3183 1296 3236 in
1331 3200 1436 3251 quo
1478 3186 1841 3243 Asiaticarum
1870 3224 1912 3283 ο
1951 3207 2079 3245 num
2121 3191 2263 3245 istud
2292 3190 2657 3247 Tertullianns
2690 3193 2740 3246 in
2777 3192 2914 3246 libro
2950 3194 3024 3246 De
3057 3194 3205 3262 fuga,
3242 3208 3360 3262 cap.
3399 3192 3466 3245 10
3501 3210 3516 3246 :

276 3267 639 3322 Ecclesiarum
691 3269 866 3340 angeli
926 3270 1175 3328 laudibus
1226 3285 1280 3328 et
1331 3277 1839 3342 reprehensionibus

273 3373 377 3428 pro
414 3359 621 3414 meritis
655 3361 999 3430 excipiuntur
1045 3381 1058 3417 :
1117 3380 1137 3413 α
1164 3363 1388 3420 Venient
1424 3369 1592 3430 enim.
1616 3389 1635 3421 ι
1669 3371 1844 3441 inquit

274 3464 429 3503 num.
457 3448 513 3511 4.
546 3468 564 3501 ι
590 3451 763 3523 angeli
806 3452 873 3506 ad
909 3452 1172 3520 judicium
1206 3457 1504 3525 nobiscum,
1546 3471 1599 3515 et
1626 3464 1843 3519 stabunt

264 3553 369 3609 pro
401 3541 553 3594 nobis
575 3552 701 3596 ante
724 3540 905 3598 Solem
933 3542 1175 3611 jttstitiaa.
1201 3560 1268 3600 ne
1296 3548 1434 3603 forte
1455 3549 1651 3620 aliquis
1679 3554 1841 3607 etiam

271 3648 340 3687 ex
378 3632 508 3700 ipsis
526 3648 705 3687 causa:
730 3632 913 3697 fuerit,
937 3638 1080 3704 quod
1111 3653 1207 3692 nos
1226 3639 1579 3710 deliquimus;
1611 3661 1678 3701 ne
1702 3644 1843 3701 forte

274 3726 456 3781 minus
484 3740 608 3795 erga
657 3741 757 3783 nos
778 3730 957 3797 operis
987 3738 1041 3783 et
1069 3728 1271 3786 laboris
1302 3735 1677 3803 expenderint,
1735 3754 1843 3809 quo

271 3831 374 3870 nos
401 3832 429 3870 a
461 3827 804 3886 peccatorum
838 3821 957 3875 labe
992 3822 1315 3879 revocarint.
1344 3844 1362 3876 ι
1414 3825 1613 3880 Eadem
1650 3831 1844 3898 proha-

270 3908 510 3964 tionibus
558 3910 866 3979 confirmat,
910 3921 963 3968 et
1011 3915 1203 3982 repetit
1244 3918 1429 3971 homil.
1475 3919 1543 3973 i5
1590 3925 1643 3973 in
1685 3920 1840 3987 Luc.,

276 4010 442 4070 atque
487 4000 560 4055 ita
591 4002 909 4059 concludit:
948 4024 965 4057 ι
992 4004 1158 4060 Porro
1197 4008 1508 4079 frequenter
1555 4016 1735 4069 evenit
1786 4025 1844 4070 ut

273 4092 432 4150 nobis
460 4092 830 4150 laborantibus
858 4096 957 4166 ipsi
987 4114 1140 4153 suum
1167 4100 1399 4157 oiiicium
1429 4119 1533 4159 non
1567 4106 1870 4173 expleant,‘

271 4196 331 4239 et
362 4185 414 4239 in
448 4186 622 4257 culpis
653 4187 780 4242 sint.
803 4207 822 4241 ι
862 4189 931 4244 At
964 4191 1185 4247 bomilia
1224 4194 1275 4248 in
1320 4196 1458 4250 idem
1490 4197 1841 4269 Evangelium

270 4275 365 4341 55,
400 4292 505 4332 tton
539 4279 814 4333 hominum
836 4283 1073 4337 onmium
1097 4285 1314 4355 angelos
1345 4286 1530 4342 faciem
1554 4287 1726 4346 Patris
1752 4291 1843 4360 qui

272 4368 327 4421 in
371 4370 512 4424 caelo
557 4381 639 4426 est
679 4372 861 4428 videre
890 4371 1039 4441 dicit,
1081 4377 1171 4430 sed
1206 4391 1393 4431 eorum
1435 4379 1702 4435 duntaxat
1754 4384 1843 4451 qui

270 4460 529 4517 Ecclesiae
582 4480 774 4519 nomen
832 4464 1125 4533 dederunt;
1178 4476 1289 4522 tum
1341 4471 1416 4524 ait
1447 4474 1786 4542 postmodum
1828 4490 1843 4507 ο

1950 3304 1968 3337 ι
1995 3287 2176 3341 Times
2204 3287 2501 3351 hominem,
2538 3288 2733 3356 inquit,
2777 3288 3104 3351 Christiane,
3138 3303 3295 3356 quem
3336 3286 3517 3341 timeri

1942 3390 2153 3447 oportet
2172 3380 2241 3433 ab
2274 3380 2499 3449 angelis,
2532 3380 2792 3445 siquidem
2817 3379 3033 3448 angelos
3054 3380 3395 3448 judicaturus
3417 3394 3515 3434 es:

1942 3486 2102 3540 quem
2155 3470 2333 3525 timeri
2383 3480 2599 3539 oportet
2649 3485 2677 3522 a
2708 3471 3006 3535 tlzemoniis,
3066 3469 3330 3538 siquidem
3374 3468 3517 3525 etin

1944 3561 2214 3615 dzemones
2243 3562 2498 3629 accepisti
2541 3573 2887 3631 potestatem.
2915 3581 2933 3612 ι

2013 3650 2152 3707 XXI.
2182 3650 2434 3721 Origenis
2463 3651 2783 3704 sententiam
2820 3650 3028 3705 mollire
3054 3650 3249 3719 satagit
3283 3649 3342 3704 S.
3373 3649 3519 3703 Tho-

1946 3760 2062 3798 mas
2084 3754 2223 3812 part.
2261 3760 2298 3807 ι,
2330 3752 2523 3811 qntest.
2546 3743 2671 3809 H5,
2710 3752 2813 3798 art.
2848 3744 2899 3807 7,
2924 3752 2977 3797 et
3011 3752 3130 3811 post
3160 3742 3306 3796 illum
3341 3741 3519 3798 Gene-

1944 3836 2175 3891 brardus
2209 3836 2258 3888 in
2290 3833 2652 3900 Collectaneis,
2685 3849 2802 3902 cap.
2840 3834 2894 3901 6,
2918 3836 3069 3904 quasi
3109 3836 3159 3887 id
3188 3834 3287 3889 sibi
3332 3835 3516 3910 voiues

1942 3929 2035 3993 rit,
2069 3945 2087 3979 ε
2124 3927 2341 3998 angelos
2372 3927 2492 3981 duci
2526 3927 2577 3983 in
2616 3926 2878 3997 judicium
2924 3943 3019 3997 pro
3065 3927 3300 3996 peccatis
3340 3927 3515 3981 homi-

1943 4037 2093 4086 num,
2142 4037 2245 4075 non
2276 4021 2429 4088 quasi
2466 4036 2605 4084 reos,
2633 4022 2724 4074 sed
2751 4022 2906 4089 quasi
2940 4030 3125 4083 testes,
3174 4021 3241 4074 ad
3292 4019 3517 4075 convin-

1944 4114 2169 4169 cendum
2227 4114 2469 4168 homines
2521 4113 2587 4167 de
2640 4128 2825 4167 eorum
2879 4114 3107 4182 ignavia.
3162 4131 3181 4165 ι
3228 4112 3374 4168 lianc
3426 4128 3516 4168 re--

1944 4204 2286 4271 sponsionem
2350 4203 2540 4258 fulcire
2589 4214 2816 4258 conatur
2861 4202 3243 4259 Genebrardus
3295 4204 3513 4257 homilia

1944 4295 2192 4365 Origenis
2245 4295 2527 4349 undecima
2580 4294 2634 4349 in
2672 4293 2863 4357 Num.,
2902 4310 3047 4348 num.
3081 4296 3132 4356 5,
3189 4298 3241 4347 in
3281 4309 3382 4362 qua
3417 4295 3513 4348 ha-

1946 4387 2140 4441 bentur
2185 4385 2439 4440 nonnnlla
2490 4385 2857 4454 superioribus
2884 4386 3131 4441 dissona:
3186 4385 3239 4438 in
3271 4395 3517 4439 extremo

1947 4494 2138 4549 nempe
2190 4478 2391 4547 judicio
2439 4477 2720 4530 adfuturos
2751 4477 2964 4544 quidem
3004 4476 3221 4545 angelos
3264 4491 3384 4530 cum
3419 4476 3516 4529 ho-

274 4542 596 4621 «Quomodo
618 4555 762 4609 enim
797 4555 841 4610 Si
868 4571 964 4624 per
1012 4572 1195 4612 curam
1221 4576 1406 4615 eorum
1439 4574 1494 4618 el.
1524 4564 1839 4618 industriam
1873 4569 1919 4629 D
1946 4542 2206 4637 mini-bus;
2232 4574 2323 4627 sed
2356 4587 2581 4626 examen
2609 4583 2663 4625 et
2687 4571 2945 4638 judicium
2988 4585 3326 4639 nequaquam
3383 4571 3515 4625 sub-

271 4645 422 4701 salus
446 4646 751 4702 hominibus
779 4660 1142 4718 comparatur,
1185 4650 1377 4707 faciem
1417 4653 1594 4709 Patris
1623 4671 1840 4727 semper

270 4739 560 4792 attendunt
608 4757 622 4793 :
676 4740 756 4793 sic
798 4740 843 4793 si
886 4754 982 4809 per
1031 4743 1406 4814 negligentiam
1456 4763 1640 4803 eorum
1676 4749 1839 4804 homo

267 4829 560 4894 corruerit,
614 4831 776 4885 etiam
839 4835 920 4888 sui
974 4835 1198 4903 periculi
1256 4854 1366 4893 rem
1421 4854 1539 4894 esse
1587 4857 1691 4893 non
1743 4856 1839 4896 ne-

269 4922 469 4976 sciunt.
493 4940 512 4973 ι
558 4923 621 4978 Ει
646 4925 807 4989 paulo
840 4926 1067 4984 inferius
1098 4947 1111 4983 :
1146 4928 1476 4999 «Ignominia
1508 4934 1702 5002 angelo
1732 4944 1834 4998 est,

269 5013 318 5067 si
366 5013 527 5068 homo
546 5013 725 5084 justus
753 5019 995 5073 creditus
1035 5020 1214 5088 fuerit,
1256 5032 1310 5075 et
1339 5026 1645 5090 peccaverit
1677 5044 1691 5079 :
1722 5037 1777 5080 nt
1809 5042 1839 5081 e

270 5106 551 5158 contrario
593 5105 760 5176 gloria
796 5118 880 5163 est
929 5111 1139 5179 angelo,
1174 5113 1218 5167 si
1250 5116 1487 5168 creditus
1510 5117 1612 5172 sibi
1644 5119 1836 5174 saltem

272 5196 530 5252 minimus
555 5197 608 5252 in
631 5198 870 5257 Ecclesia
901 5202 1086 5260 fuerit.
1119 5205 1383 5261 Videbunt
1410 5209 1550 5263 enim
1599 5225 1701 5264 non
1733 5210 1837 5265 ali~

269 5289 509 5358 quando,
548 5294 641 5347 sed
681 5308 895 5365 semper
919 5296 1109 5351 faciem
1140 5296 1313 5354 Patris
1345 5301 1436 5373 qui
1468 5310 1551 5356 est
1584 5302 1636 5356 in
1660 5303 1832 5366 ccelis,

271 5393 394 5433 cum
424 5381 513 5435 alii
560 5398 774 5453 semper
798 5401 902 5439 non
931 5388 1171 5443 videant.
1219 5388 1526 5446 Secundum
1588 5394 1836 5449 meritum

240 5472 417 5535 ,enim
450 5486 659 5541 eorum,
695 5491 922 5545 quorum
952 5479 1124 5549 angeli
1171 5490 1313 5545 sunt,
1342 5492 1432 5536 aut
1458 5498 1692 5555 semper,
1748 5496 1842 5543 aut

310 5609 457 5692 σία)
496 5611 624 5692 P9.“
652 5613 896 5692 νετδυξξιε
929 5632 948 5665 ⁸
985 5617 1336 5692 resPonderit,
1374 5639 1392 5672 ι
1436 5620 1486 5692 in
1533 5636 1659 5675 mss.
1687 5623 1832 5676 codi.

276 5682 428 5734 cibus
455 5684 672 5759 additur
698 5702 712 5738 :
751 5701 781 5759 ¢_
812 5685 925 5759 Erit
963 5682 1188 5759 ergoet
1234 5691 1285 5741 in
1315 5690 1685 5759 ltocjndicium
1716 5694 1830 5756 Dei,

280 5760 458 5832 utrum
495 5754 818 5832 negligentia
844 5755 1019 5832 aliqua
1048 5757 1410 5832 ministrorum
1427 5754 1721 5827 spirituum
1744 5754 1833 5832 qui

280 5822 348 5873 ad
376 5822 735 5879 ministerium
789 5834 842 5880 et
876 5826 1196 5893 adjutorium
1246 5829 1391 5885 missi
1442 5822 1565 5887 sunt
1620 5822 1837 5902 propier

1948 4664 2135 4719 ituros.
2163 4663 2351 4731 Opera;
2402 4664 2631 4732 pretium
2662 4662 2820 4714 fuerit
2872 4662 3031 4714 verba
3071 4662 3182 4731 ipsa
3224 4662 3513 4716 adducere.

1953 4777 1971 4808 ι
2004 4758 2173 4828 Igitur
2214 4758 2581 4825 unusquisque
2612 4755 2924 4825 angelorum
2962 4755 3015 4808 itt
3053 4754 3515 4809 consummatione

1945 4849 2122 4904 saeculi
2152 4849 2323 4903 aderit
2354 4849 2404 4902 in
2435 4849 2655 4916 judicio,
2702 4849 2936 4903 educens
2979 4863 3072 4903 eos
3103 4861 3283 4902 secum
3318 4846 3513 4915 quibus

1943 4943 2181 5013 praefuit,
2239 4958 2376 5012 quos
2426 4942 2651 5011 adjuvit,
2692 4958 2828 5011 quos
2881 4941 3151 5003 instruxit,
3195 4954 3291 5008 pro
3316 4937 3512 5006 quibus

1942 5048 2156 5102 semper
2182 5035 2314 5088 vidit
2344 5033 2533 5088 faciem
2572 5033 2743 5087 Patris
2766 5034 2855 5103 qui
2893 5034 2943 5086 in
2973 5033 3125 5089 caelis
3154 5041 3255 5086 est.
3289 5031 3350 5085 Et
3383 5041 3511 5101 puto

1942 5125 2105 5179 etiam
2164 5124 2233 5179 ibi
2286 5125 2683 5196 inquisitionem
2738 5126 2997 5192 futuram,
3050 5141 3156 5181 non
3185 5124 3400 5195 quidem
3442 5139 3509 5179 an

1942 5217 2163 5272 culturte
2188 5218 2463 5272 hominum
2492 5221 2712 5290 angelus
2734 5220 2985 5286 defuerit,
3036 5220 3131 5274 sed
3171 5233 3238 5272 an
3289 5218 3511 5275 cultura:

1943 5307 2197 5375 angelica:
2223 5322 2559 5378 nequaquam
2587 5310 2747 5378 digne
2782 5309 3010 5379 segnitia
3036 5309 3266 5363 humana
3292 5322 3511 5378 respon-

1944 5396 2085 5451 derit
2110 5395 2244 5467 (54).
2284 5416 2304 5449 ι
2335 5397 2469 5451 Tum
2520 5398 2711 5453 deinde
2751 5400 2923 5453 locum
2973 5401 3120 5455 illum
3154 5400 3284 5455 Paul
3346 5415 3511 5469 expo-

1948 5489 2028 5543 nit
2052 5487 2073 5541 l
2100 5488 2226 5544 Cor.
2260 5505 2335 5556 γι,
2364 5491 2419 5557 5,
2450 5507 2513 5546 ex
2542 5509 2648 5562 qtto
2678 5493 2743 5546 ad
2784 5495 3091 5563 figmentum
3122 5494 3246 5548 illud
3276 5492 3506 5561 dejndi-

1940 5627 2160 5697 eosgui
2196 5626 2563 5683 hatreditatem
2599 5628 2816 5697 capiunt
2858 5629 3065 5693 salutis,
3093 5643 3159 5682 an
3196 5641 3381 5681 eorum
3413 5627 3507 5697 qui

1941 5696 2010 5748 ab
2042 5696 2381 5765 iisjuvantur
2410 5699 2618 5767 ignavia
2646 5696 2765 5751 tam
2790 5700 2937 5753 multi
2968 5700 3145 5765 lapsus
3169 5698 3289 5751 vita:
3319 5696 3508 5752 huma-

1943 5781 2025 5838 na:
2058 5768 2392 5835 proveniant.
2434 5786 2451 5819 ι
2480 5768 2605 5823 Haec
2638 5767 2682 5838 si
2711 5767 2926 5838 legisset
2961 5769 3206 5832 lluetius,
3248 5782 3352 5820 non
3397 5776 3506 5821 tam

1945 5836 2170 5894 fidenter
2218 5840 2540 5896 asseruisset
2577 5839 2628 5894 in
2655 5837 2741 5895 his
2767 5836 3059 5912 'Origcncm
3100 5855 3195 5912 pro
3225 5851 3372 5894 more
3410 5852 3509 5893 suo
