4054 6310
565 345 666 406 871
1822 341 1884 397 Ρ.
1920 338 2158 395 DANlEl

2263 333 2505 393 HUETll
3683 334 3778 391 872

572 465 659 521 cio
685 464 738 518 in
761 460 978 531 angelos
1002 455 1288 515 statuendo
1310 455 1712 525 procudendum
1733 454 1833 510 fuit
1852 455 2135 508 inductus:
2167 467 2211 521 Α
2240 465 2471 519 namque
2497 450 2577 505 eis
2614 457 2825 505 servata
2865 465 2987 507 esse
3028 447 3081 503 in
3119 446 3390 511 futurum;
3430 462 3450 497 ι
3486 445 3636 517 cujus
3663 448 3785 508 hanc

579 576 600 612 ι
658 557 810 624 Quod
854 553 900 608 si
939 553 1011 607 ita
1068 559 1171 615 est,
1223 549 1414 618 inquit,
1468 550 1579 602 erit.
1617 561 1748 615 ergo
1791 546 1954 603 etiam
1999 545 2137 600 inter
2236 544 2498 598 rationem
2530 541 2754 598 subdit:
2792 560 2813 595 ι
2857 541 3114 612 quoniam
3170 538 3379 608 indigni
3427 546 3556 592 sunt
3604 542 3688 610 qui
3735 545 3783 600 in

575 648 797 718 angelos
824 653 881 701 et
914 642 1162 698 homines
1185 640 1445 711 judir-ium
1479 640 1601 701 Dei;
1636 651 1688 693 et
1722 638 1965 693 fortassis
1997 637 2138 705 judi-

572 739 842 795 cabuutur
866 735 1032 803 aliqui
1056 748 1177 788 cum
1200 731 1388 801 Paulo,
1417 741 1472 785 et
1494 730 1842 787 conferentur
1863 731 2139 785 laboribus

572 830 711 898 ejus.
739 838 794 883 et
823 827 1087 882 fructibus
1109 825 1203 895 qui
1225 840 1289 881 ex
1323 822 1666 878 multitudine
1693 823 2023 878 credentium
2054 837 2140 876 ve-

576 923 735 976 niunt
785 938 799 974 :
854 927 910 973 et
961 919 1101 973 forte
1138 917 1449 972 invenietur
1492 915 1547 969 in
1575 915 1847 972 laboribus
1895 915 2140 984 superior

574 1015 738 1067 etiam
766 1011 1038 1078 aliquibus
1067 1009 1310 1079 angelis;
1362 1018 1414 1062 et
1460 1009 1577 1062 ideo
1611 1007 1867 1061 nimirum
1889 1006 2135 1060 dicebat:

576 1106 657 1158 An
696 1102 902 1174 nescitis
945 1098 1325 1173 quisaitgelos
1359 1098 1718 1168 judicabimus
1734 1098 1815 1152 '7?
1850 1096 1963 1152 Non
1999 1097 2140 1168 quod

579 1197 693 1265 ipse
724 1193 921 1263 Paulus
948 1192 1153 1260 iudicet
1198 1191 1438 1262 angelos,
1490 1192 1584 1245 sed
1627 1190 1768 1258 quod
1812 1205 1949 1259 opus
1994 1188 2140 1244 Pauli

578 1286 723 1355 quod
745 1285 853 1355 egit
885 1285 935 1338 in
964 1281 1277 1352 Evangelia,
1308 1291 1363 1336 et
1389 1296 1515 1350 erga
1548 1280 1757 1335 animas
1787 1281 2142 1343 credentium,

578 1376 840 1436 iudicabit
872 1356 1092 1444 aliquos
1148 1391 1161 1427 :
1228 1388 1335 1428 non
1381 1371 1525 1426 enim
1551 1384 1761 1434 omnes,
1794 1369 1888 1426 sed
1928 1369 2137 1439 aliquos

579 1467 912 1539 angelorum.
950 1483 971 1517 ι
1007 1465 1245 1531 Quorum
1285 1477 1541 1531 germana
1571 1470 1696 1515 sunt
1725 1470 1779 1514 et
1810 1461 1911 1514 ista
1943 1474 1975 1514 e
2011 1468 2143 1515 tom.

581 1577 612 1615 ι
632 1561 686 1613 in
714 1557 901 1613 Matth.
929 1573 1004 1618 vt,
1033 1572 1183 1610 nunt.
1208 1555 1277 1609 15
1309 1573 1322 1609 :
1352 1553 1573 1617 Τούτοις
1601 1553 1660 1605 δὲ
1700 1552 1799 1607 οὐκ
1842 1550 2141 1616 ἀκολουθεῖ,

577 1653 713 1724 ὅπερ
733 1649 934 1703 οἴονταί
961 1664 1123 1712 τινες,
1160 1647 1241 1699 ὅτι
1284 1646 1377 1698 καὶ
1414 1644 1522 1697 τῶν
1556 1644 1724 1713 ἁγίων
1762 1642 2006 1711 ἀγγέλων
2039 1641 2146 1693 εἰσὶ

584 1745 858 1818 κρείττους
882 1743 930 1793 οἱ
954 1739 1226 1811 ἄνθρωποι
1255 1738 1304 1790 οἱ
1334 1739 1391 1790 ὲν
1424 1736 1642 1808 Χριστῷ
1670 1734 1963 1805 σωζόμενοι
1981 1751 1994 1763 ·
2029 1732 2146 1796 πῶς

2234 637 2487 707 praesenti
2537 637 2733 693 sarculo
2781 638 3165 706 corripiantur,
3205 635 3300 691 sed
3348 635 3406 688 in
3449 632 3628 691 futuro
3665 641 3787 695 reci-

2234 729 2382 798 pient
2409 743 2527 799 quae
2554 736 2851 784 merentur.
2897 745 2916 780 ι
2970 725 3349 782 Consentanea
3398 736 3530 779 sunt
3578 741 3693 794 quae
3729 743 3787 786 ex

2236 815 2468 883 Origene
2512 814 2929 870 subministrant
2949 813 3164 867 Catena:
3190 812 3242 867 in
3278 813 3459 867 Exod.
3489 829 3580 877 xx,
3602 814 3655 879 5,
3683 833 3789 889 pag.

2238 906 2339 960 127
2371 924 2383 960 :
2417 904 2667 975 Τοσούτῳ
2691 905 2885 975 χρόνῳ,
2913 904 3104 974 inquit,
3154 904 3183 955 ὁ
3223 902 3474 966 διάϐολος
3516 906 3794 978 ἁμαρτάνει

2238 999 2345 1053 ἀπὸ
2373 998 2601 1060 κτίσεως
2650 997 2747 1051 καὶ
2793 997 3097 1067 καταϐολῆς
3134 996 3367 1067 κόσμου,
3407 996 3506 1050 καὶ
3533 995 3653 1051 οὔτε
3678 998 3792 1071 πῦρ.

2237 1091 2359 1146 οὔτε
2388 1088 2603 1161 μάστιξ.
2657 1089 2731 1142 Οὐ
2769 1088 2879 1160 γὰρ
2917 1088 3065 1155 ἄξιός
3103 1090 3218 1141 ἐστι
3258 1087 3371 1141 τῶν
3412 1087 3796 1143 κολάσεωνώ

2240 1184 2348 1239 ἀπὸ
2380 1181 2473 1237 τοῦ
2502 1181 2658 1245 Θεοῦ,
2684 1181 2745 1234 οὐ
2769 1182 2880 1251 γὰρ
2899 1180 3318 1235 δύναταιιεὶπεῖν
3350 1180 3382 1231 ὁ
3411 1179 3652 1243 διάϐολος
3670 1196 3683 1211 ο
3704 1181 3798 1234 Κύο
3892 1206 3895 1209 λ

2233 1296 2348 1349 pte,
2393 1276 2478 1347 μὴ
2512 1268 2676 1347 θυμῷ
2709 1292 2824 1330 σου
2847 1275 3103 1344 ἐλέγξῃς
3127 1291 3223 1344 με,
3259 1276 3358 1328 καὶ
3385 1272 3457 1326 τὰ
3482 1272 3625 1344 ἑξῆς.
3651 1274 3802 1327 Ἕκα-

2245 1389 2367 1436 στος
2419 1366 2512 1425 οὗν
2557 1370 2809 1432 συνειδὼς
2856 1368 3034 1439 ἑαυτῷ
3063 1367 3358 1440 ἁμαρτίας,
3395 1366 3636 1437 εὐχέσθω
3665 1366 3801 1421 κολα-

2245 1464 2435 1534 σθῆναι
2454 1479 2467 1493 ο
2509 1461 2674 1516 καλὸν
2701 1460 2928 1531 μὲνγὰρ
2956 1461 3017 1514 τὸ
3046 1460 3211 1531 μηδὲν
3242 1460 3396 1526 ἄξιον
3426 1459 3694 1521 κολάσεως
3714 1475 3799 1513 πε-

2245 1557 2546 1628 ποιηκέναι.
2596 1557 2657 1609 Εἰ
2705 1555 2762 1608 δέ
2809 1573 2860 1607 τι
2901 1554 3045 1620 ἄξιον
3091 1553 3365 1616 κολάσεως
3419 1553 3794 1624 πεποιήκαμεν,

2246 1649 2387 1704 οὕτω
2412 1648 2780 1720 κολασθῶμεν,
2810 1648 2951 1701 ὥστε
2976 1647 3160 1702 ἐνθάδε
3194 1647 3292 1718 μὲν
3318 1646 3647 1700 ἀπολαὸεἶνθ
3681 1645 3798 1717 μετὰ

2245 1744 2301 1798 δὲ
2326 1743 2498 1797 ταῦτα
2543 1745 2623 1808 εἰς
2660 1744 2785 1805 τοὺς
2820 1742 3051 1805 κόλπους
3094 1740 3347 1812 Ἀϐραὰμ
3381 1738 3793 1794 ἀναπαύσασθαι.

579 1838 688 1908 γὰρ
713 1835 961 1888 δύνανται
1006 1833 1054 1885 οἱ
1081 1831 1182 1884 ὑπὸ
1208 1831 1376 1899 ἁγίων
1410 1828 1652 1898 ἀγγέλων
1682 1829 1760 1891 εἰς
1784 1826 1928 1896 ἄγγη
1964 1823 2141 1896 βαλλό-

2257 1854 2276 1887 ι
2310 1835 2514 1891 Tandiu
2545 1845 2629 1891 est
2657 1850 2721 1892 ex
2763 1851 2872 1906 quo
2901 1844 3089 1905 peccat
3111 1834 3359 1889 diabolus
3395 1849 3426 1888 a
3461 1833 3724 1889 creatione
3744 1847 3798 1887 ac

583 1945 733 1999 μενοι
750 1929 858 1988 τοῖς
886 1924 1163 1995 βάλλουσιν
1181 1925 1259 1986 εἰς
1290 1921 1356 1975 τὰ
1377 1920 1521 1990 ἄγγη
1550 1917 2006 1991 παραϐάλλεσθαι,
2042 1915 2150 1969 ὑπὸ

583 2018 677 2089 τὴν
709 2017 930 2069 ἐκείνων
957 2014 1274 2089 τεταγμένοι
1312 2011 1602 2079 ’ἐξουσίαν;
1650 2009 1835 2065 Ταῦτα
1875 2009 1932 2062 δέ
1974 2024 2152 2080 φαμεν

583 2109 681 2162 οὐκ
710 2106 1025 2176 ἀγνοοῦντες
1057 2123 1217 2158 τινων
1238 2103 1505 2171 ἀγγέλων.
1536 2102 1642 2155 τῶν
1684 2100 1757 2172 μὴ
1786 2099 2039 2170 τοιαύτην
2073 2100 2153 2152 οἰ-

584 2200 840 2273 κονομίαν
865 2197 1374 2270 ἐγκεχειρισμένων,
1410 2194 1524 2248 ἀλλ’
1556 2193 1678 2247 οὐδὲ
1708 2192 1909 2246 τούτων
1940 2191 2156 2246 πάντων

581 2291 857 2362 διαφέρειν
888 2289 1014 2352 τοὺς
1039 2291 1096 2341 ὲν
1124 2284 1341 2359 Χριστῷ
1363 2283 1778 2355 σωθησομένους
1801 2280 2118 2351 ἀνθρώπους
2137 2294 2154 2309 ·

582 2384 895 2454 ἀνέγνωμεν
943 2380 1051 2452 γὰρ
1094 2379 1189 2432 καὶ
1226 2377 1319 2431 τό’
1357 2377 1434 2439 εἰς
1477 2374 1513 2429 δι
1557 2371 1908 2444 ἐπιθυμοῦσιν
1939 2369 2157 2438 ἄγγελοι

585 2473 926 2546 παρακύψαι.
958 2470 1082 2524 ἔνθα
1115 2470 1214 2522 οὐκ
1236 2467 1471 2540 εἴρηται,
1504 2465 1703 2527 πάντες
1732 2462 1976 2532 ἄγγελοι.
2004 2459 2158 2514 Οἴδα-

585 2582 688 2637 μεν
721 2566 815 2618 καὶ
854 2562 913 2616 τό
935 2580 949 2594 ο
976 2561 1238 2630 ἀγγέλους
1271 2556 1583 2630 κρινοῦμεν,
1627 2556 1757 2609 ὅπου
1788 2553 1861 2626 μὴ
1885 2553 2156 2617 λέλεκται,

587 2657 791 2719 πάντας
823 2653 1109 2723 ἀγγέλους.
1148 2653 1201 2706 In
1238 2652 1324 2706 his
1357 2651 1618 2719 Origenes
1664 2648 1841 2718 prodit
1878 2645 2041 2698 animi
2074 2644 2156 2698 sui

588 2750 862 2805 levitatem
895 2757 950 2802 et
977 2745 1392 2802 inconstantiam
1436 2759 1533 2814 pro
1566 2757 1714 2797 more
1739 2755 1854 2796 suo.
1901 2740 2158 2809 Quisquis

587 2848 767 2893 autem
797 2839 863 2891 ad
890 2836 1064 2890 locum
1097 2834 1348 2899 alterum,
1377 2848 1536 2903 quem
1572 2847 1666 2887 sua
1700 2830 2047 2902 responsione
2073 2829 2157 2883 di-

590 2929 738 2982 luere
775 2939 1002 2983 conatur
1032 2926 1288 2992 Thomas,
1342 2934 1501 2980 caute
1543 2924 1850 2989 attenderit,
1904 2920 2020 2988 ejus
2060 2935 2159 2975 ex-

591 3019 890 3089 ceptionem
940 3033 1126 3088 parum
1185 3016 1450 3085 probabit.
1490 3014 1636 3069 Talia
1679 3015 1766 3069 illa
1803 3023 1931 3069 sunt
1968 3012 2154 3068 homil.

590 3111 662 3165 Ἡ
704 3112 761 3163 in
796 3108 981 3173 Num,
1026 3125 1171 3162 num.
1198 3109 1232 3162 5
1262 3124 1275 3161 :
1307 3128 1326 3161 ι
1363 3109 1515 3177 Saepe
1563 3106 1796 3161 diximus
1835 3107 2157 3167 animarum,

2252 1927 2434 1983 nmndi
2490 1926 2893 1987 constitutione.
2953 1940 3049 1979 nec
3091 1926 3141 1980 ei
3196 1925 3338 1993 ignis
3387 1938 3488 1978 nec
3535 1922 3792 1993 flagellum.

2253 2016 2366 2071 Non
2399 2017 2541 2072 enim
2572 2030 2855 2087 ptenarum
2886 2017 3081 2084 dignus
3117 2025 3200 2071 est
3223 2031 3344 2084 quae
3370 2031 3401 2069 a
3428 2014 3540 2070 Deo
3578 2015 3796 2082 infligun-

2255 2116 2360 2173 lur,
2394 2120 2494 2161 nec
2517 2114 2693 2175 potest
2718 2105 2965 2161 diabolus
2993 2106 3175 2160 dicere
3201 2121 3218 2154 τ
3260 2104 3504 2169 Domine,
3558 2119 3619 2158 ne
3647 2107 3699 2157 in
3725 2104 3792 2156 ira

2255 2205 2346 2251 tua
2387 2213 2579 2267 arguas
2631 2197 2792 2264 me“,
2817 2206 2923 2252 etc.
2973 2196 3233 2266 Quisquis
3295 2210 3431 2266 ergo
3474 2195 3573 2250 sibi
3615 2194 3795 2262 peccati

2255 2289 2506 2345 conscius
2536 2299 2638 2353 est.
2669 2297 2787 2344 oret
2809 2298 2867 2342 ut
2893 2288 3164 2357 puniatur.
3192 2287 3425 2343 Praestat
3447 2286 3655 2356 quidem
3683 2284 3794 2339 nihil

2256 2377 2591 2433 commisisse
2620 2379 2760 2447 quod
2795 2393 3008 2447 ptenam
3037 2386 3333 2434 mereatur.
3368 2375 3468 2431 Sin
3501 2387 3670 2431 autem
3697 2386 3796 2444 pte-

2260 2485 2324 2523 na
2353 2470 2571 2537 dignum
2607 2469 2882 2540 quidpiam
2909 2470 3135 2539 egimus,
3162 2470 3239 2524 sic
3268 2468 3585 2539 puniamur,
3610 2475 3663 2520 ut
3681 2480 3796 2536 plc-

2254 2561 2394 2615 senti
2426 2561 2640 2631 quidem
2680 2577 2795 2616 aevo
2833 2562 3174 2632 recipiamus,
3203 2570 3328 2628 post
3362 2561 3482 2615 hate
3505 2575 3628 2637 vero
3658 2560 3705 2613 in
3733 2557 3795 2612 si-

2258 2670 2327 2708 nu
2367 2655 2596 2709 Abrahae
2629 2655 3052 2725 requiescamus.
3090 2673 3109 2705 ι
3141 2654 3315 2707 Aliam
3362 2651 3579 2707 adducit
3606 2665 3792 2705 causam

2257 2746 2444 2801 humil.
2483 2746 2548 2801 15
2608 2748 2661 2799 in
2715 2745 2907 2809 Num.,
2953 2763 3099 2799 nunt.
3155 2745 3209 2806 7.
3258 2756 3548 2816 postquam
3578 2743 3791 2798 eumdem

2258 2836 2488 2891 Matthxi
2519 2834 2691 2890 locant
2723 2836 2788 2888 ad
2817 2837 3181 2891 testimonium
3207 2837 3404 2890 citavit
3428 2854 3442 2889 :
3465 2853 3484 2887 ι
3518 2834 3579 2889 Ει
3602 2834 3668 2888 ob
3690 2832 3789 2896 hoc,

2259 2927 2451 2995 inquit,
2482 2940 2656 2995 neque
2693 2924 2963 2980 diabolum
2993 2927 3219 2981 removit
3244 2940 3275 2980 a
3315 2926 3619 2995 principatu
3642 2920 3794 2979 seculi

2257 3017 2436 3088 hujus,
2461 3017 2587 3087 quia
2619 3015 2796 3071 adhuc
2821 3031 2957 3086 Opus
2993 3027 3077 3073 est
3109 3031 3270 3086 Opera
3300 3017 3429 3087 ejus
3456 3019 3520 3070 ad
3553 3013 3797 3085 perfectio-

2260 3123 2382 3162 nem
2422 3121 2610 3162 eorum
2662 3105 2757 3175 qui
2805 3107 3098 3162 coronaudi
3157 3116 3320 3171 sunt;
3377 3122 3512 3176 opus
3536 3112 3615 3162 est
3651 3103 3798 3158 adhuc

591 3218 713 3273 qua:
740 3203 793 3257 in
826 3201 1062 3257 Ecclesia
1097 3200 1186 3254 Dei
1221 3210 1369 3263 sunt,
1396 3215 1580 3253 curam
1613 3198 2159 3267 procurationcmquc
2189 3181 2235 3242 C
2263 3214 2425 3269 opera
2462 3199 2581 3270 ejus
2633 3200 2700 3254 ad
2738 3201 2994 3255 exercitia
3048 3200 3413 3255 certaminum
3467 3207 3521 3254 et
3576 3197 3796 3250 victorias

595 3293 781 3350 haberi
824 3307 920 3362 pcr
959 3292 1196 3361 angelos,
1226 3305 1470 3360 quosque
1495 3289 1659 3345 etiam
1691 3289 1757 3343 ad
1775 3288 2036 3357 judicium
2064 3302 2156 3341 ve-

596 3384 713 3438 nire
740 3397 859 3437 cum
894 3381 1199 3436 hominibus
1227 3379 1582 3442 osteudimus,
1613 3385 1671 3431 ut
1691 3377 1782 3432 illo
1816 3377 1995 3431 divino
2028 3392 2160 3431 con-

595 3479 705 3525 stet
747 3469 998 3524 examine
1040 3479 1218 3521 utrum
1255 3481 1348 3521 sua
1379 3465 1582 3520 desidia
1613 3465 1953 3534 peccaverint
1985 3465 2160 3519 homi—

596 3576 716 3625 nes,
771 3577 837 3614 an
906 3559 1236 3615 munitorum
1311 3557 1703 3626 custodmnque
1759 3555 2100 3627 negligentia.
2132 3574 2154 3609 ι

598 3651 729 3706 Nam
759 3651 804 3705 si
838 3660 897 3703 ut
923 3658 1084 3703 testes
1114 3657 1343 3710 tantum,
1372 3660 1478 3700 non
1506 3655 1566 3701 ut
1598 3660 1716 3701 reos
1738 3655 1935 3700 statum
1966 3644 2031 3698 iri
2061 3661 2158 3698 au-

594 3745 747 3814 gelos
783 3743 1141 3814 significatum
1175 3742 1425 3797 voluisset
1467 3739 1746 3811 Origenes,
1777 3742 1918 3808 quod
1940 3748 2156 3793 conten-

595 3837 681 3889 dit
737 3834 990 3896 Thomas,
1054 3848 1157 3886 non
1218 3833 1402 3902 utique
1460 3832 1529 3886 de
1598 3845 1783 3886 eorum
1843 3829 2161 3901 negligentia

599 3926 826 3998 perinde
879 3934 940 3978 ut
986 3926 1051 3979 de
1096 3925 1371 3979 hominum
1426 3923 1630 3978 desidia
1673 3924 2024 3993 quaestionem
2068 3923 2167 3976 ha-

601 4017 772 4071 bitum
829 4015 894 4069 iri
948 4016 1187 4069 dixisset.
1243 4014 1316 4068 De
1366 4013 1555 4067 alienis
1596 4015 1794 4083 quippe
1839 4013 2165 4068 facinoribus

602 4108 971 4165 testimonium
1004 4108 1187 4162 dicunt
1211 4113 1413 4173 testes;
1449 4106 1685 4176 ipsorum
1714 4120 1844 4162 vero
1873 4120 2034 4161 causa
2062 4119 2163 4159 non

601 4200 803 4271 agitur.
1090 4180 1097 4187 ’

675 4290 840 4349 XXII.
878 4289 957 4345 Ex
983 4289 1210 4352 duobus,
1241 4303 1375 4358 quos
1402 4287 1701 4355 attulimus,
1753 4286 1895 4343 Petri
1933 4298 1987 4343 et
2012 4285 2167 4343 Juth

604 4380 757 4449 locis,
804 4391 861 4437 et
882 4381 1052 4437 altero
1075 4381 1163 4436 illo
1194 4380 1424 4436 Mattluei
1457 4380 1659 4446 vm,29
1694 4396 1708 4432 :
1750 4397 1769 4431 ι
1802 4379 1864 4433 Ει
1888 4394 2016 4434 ecce
2050 4378 2165 4433 cla-

604 4483 886 4528 tnaveruut
935 4474 1177 4529 dicentes
1208 4489 1222 4527 :
1252 4472 1389 4540 Quid
1421 4472 1596 4539 nobis,
1636 4481 1690 4527 et
1736 4472 1830 4526 tibi
1875 4469 2027 4535 Jesu,
2062 4469 2162 4524 Fili

606 4563 739 4619 Dei?
762 4564 951 4618 venisti
978 4565 1082 4619 huc
1103 4574 1226 4619 ante
1253 4539 1460 4634 tempus
1485 4572 1734 4632 torquere
1758 4561 1894 4616 nos?
1924 4581 1942 4613 ι
1970 4561 2020 4614 iu
2046 4575 2164 4615 eam
2197 4539 2242 4594 Ῑ)

608 4652 886 4724 prolapsus
918 4664 1000 4707 est
1023 4653 1341 4707 sententiam
1370 4650 1655 4723 Origenes,
1695 4650 1868 4705 nullas
1897 4665 2038 4704 nunc
2067 4649 2168 4704 dre-

607 4743 853 4798 monihus
904 4742 1129 4811 irrogari
1171 4758 1382 4811 poenas,
1438 4755 1610 4811 neque
1647 4756 1810 4812 porro
1842 4741 1905 4795 iri
1958 4741 2165 4810 irroga-

606 4846 741 4899 tum,
776 4834 946 4888 donec
978 4844 1224 4888 extremo
1254 4834 1457 4901 judicio
1506 4833 1783 4904 suppliciis
1827 4833 2045 4887 :eteruis
2070 4832 2166 4887 ad-

604 4928 874 4981 dicantur.
928 4923 982 4978 Id
1041 4925 1290 4994 proponit
1333 4925 1524 4995 dogma
1577 4924 1762 4979 homil.
1793 4923 1825 4978 8
1871 4923 1929 4978 in
1972 4920 2165 4988 Exod.,

609 5032 757 5073 num.
797 5017 850 5082 6,
888 5026 941 5070 et
970 5031 1034 5070 ex
1068 5013 1258 5071 Matth.
1291 5030 1409 5080 vni,
1462 5032 1515 5069 ν.
1559 5015 1650 5080 29,
1710 5016 2012 5080 confirmat,
2062 5029 2168 5084 pos-

609 5125 813 5179 nasque
867 5109 1009 5163 inter
1058 5108 1334 5164 hominum
1372 5117 1428 5162 et
1464 5109 1764 5162 daemonum
1813 5107 1865 5161 id
1910 5107 2169 5159 interesse
2207 5158 2210 5163 .

611 5202 744 5262 vult,
777 5202 919 5270 quod
943 5200 1018 5255 illi
1055 5200 1393 5268 castigentur
1432 5199 1486 5252 iu
1520 5199 1622 5254 hoc
1648 5200 1864 5264 mundo,
1896 5217 1914 5250 ι
1948 5206 2004 5251 ut
2041 5213 2169 5267 pur-

609 5290 844 5360 gatiores
877 5293 941 5345 ad
972 5291 1209 5345 futurum
1251 5289 1502 5344 saculum
1530 5302 1775 5361 pergant,
1807 5300 1860 5345 et
1885 5290 2022 5344 ultra
2051 5289 2168 5342 dia-

613 5381 734 5436 bolo
766 5382 898 5435 socii
951 5397 1056 5437 non
1101 5382 1401 5438 efliciantur
1431 5382 1482 5436 in
1509 5394 1707 5450 pmna;
1761 5383 1813 5436 hi
1846 5396 1971 5436 vero
1999 5395 2171 5450 neque

612 5473 973 5541 corripiantur
995 5488 1090 5542 pro
1119 5468 1360 5544 peccato,
1391 5488 1564 5542 neque
1596 5472 1962 5543 flagelleutur;
1990 5473 2168 5528 omnia

664 5564 709 5598 ⁸⁷
734 5567 753 5619 1
782 5566 908 5621 Cor.
931 5581 1004 5633 vr,
1032 5567 1086 5622 5.
1160 5569 1205 5601 ³⁸
1234 5568 1374 5624 Psal.
1415 5584 1489 5633 vt,
1524 5567 1580 5625 ξ’..

615 5655 894 5733 animi_s_ui
927 5657 1270 5733 levitatemet
1304 5661 1719 5733 inconstantiam
1750 5661 2010 5729 prodere;
2037 5659 2168 5713 nihil

611 5727 757 5778 enim
789 5727 876 5781 hic
908 5727 1039 5782 dicit
1075 5730 1215 5798 quod
1247 5729 1436 5787 iisdem
1483 5730 1597 5787 fere
1639 5727 1814 5787 verbis
1855 5747 1958 5786 non
1992 5740 2167 5786 exstet

2268 3292 2568 3345 beatorum.
2602 3307 2621 3342 ι
2650 3287 2939 3359 Subjungit
2967 3289 3305 3359 postmodum
3354 3287 3594 3343 Balaami
3622 3284 3793 3339 idcirco

2261 3380 2679 3436 incantamentis
2732 3380 2896 3433 Deum
2957 3380 3348 3444 intercessisse,
3415 3378 3541 3448 quia
3599 3377 3795 3429 alterum

2260 3471 2498 3541 alioquin
2526 3470 2744 3525 evenire
2779 3485 2998 3526 necesse
3023 3481 3163 3537 erat,
3191 3470 3273 3525 vel
3308 3469 3565 3539 populum
3592 3467 3674 3522 Dei
3695 3478 3793 3535 pcr-

2260 3563 2432 3617 ditum
2473 3562 2613 3625 dari,
2646 3562 2690 3615 si
2724 3562 3055 3616 daemonibus
3086 3577 3115 3615 a
3146 3562 3410 3616 Balaamo
3436 3557 3699 3615 accersitis
3725 3569 3799 3608 ar-

2260 3652 2405 3707 bitrii
2451 3652 2536 3705 sui
2589 3651 2828 3706 facultati
2887 3652 3056 3707 libere
3084 3653 3309 3721 obsequi
3347 3652 3626 3715 licuisset;
3670 3644 3739 3701 vel
3758 3644 3795 3697 si

2262 3744 2476 3797 arbitrii
2505 3744 2586 3798 sui
2625 3743 2870 3798 libertate
2902 3744 3162 3798 deminuti
3214 3743 3472 3808 fuissent,
3511 3741 3666 3796 fuisse
3693 3737 3794 3796 hoc.

2268 3850 2287 3884 ε
2319 3832 2604 3889 damnasse
2637 3834 3014 3889 rationabilem
3061 3844 3399 3901 creaturam,
3454 3845 3509 3889 et.
3542 3841 3655 3887 ante
3681 3840 3794 3883 tent-

2264 3941 2360 3996 pus
2395 3924 2639 3980 intulisse
2668 3925 2956 3995 judicium,
3005 3936 3062 3982 et
3088 3928 3380 3998 impedisse
3434 3926 3687 3986 omnibus,
3717 3918 3799 3989 qui

2264 4014 2549 4071 adversum
2573 4032 2666 4072 eos
2693 4018 2747 4072 iu
2777 4035 2949 4090 agone
2976 4028 3257 4074 certantes
3282 4027 3536 4088 poterant
3559 4010 3793 4069 coronari.

2252 4102 2321 4159 Si
2345 4106 2488 4160 enim
2512 4107 2792 4164 daemoniis
2812 4108 3093 4166 auferatur
3121 4110 3344 4166 libertas
3367 4107 3599 4170 arbitrii,
3625 4101 3792 4158 nullum

2266 4196 2411 4250 ultra
2456 4197 2891 4269 impugnaturum
2924 4203 3159 4258 athletas
3207 4203 3444 4268 Christi;
3479 4199 3615 4256 nullo
3643 4204 3792 4249 autem

2270 4290 2635 4360 impugnante,
2669 4307 2772 4347 nec
2801 4303 3075 4349 certamen
3100 4293 3314 4364 aliquod
3336 4295 3573 4349 futurum
3597 4307 3612 4354 ;
3637 4280 3796 4341 θιευίν

2272 4378 2382 4435 lato
2417 4382 2737 4447 certamine,
2785 4384 2986 4439 nullum
3021 4384 3256 4440 futurum
3301 4385 3594 4455 prazmium.
3624 4375 3789 4463 nullatn

2270 4476 2571 4529 victoriam.
2601 4494 2618 4524 ι
2650 4475 2721 4530 Αι
2748 4477 2965 4532 homilia
3005 4479 3073 4533 15
3113 4479 3168 4533 in
3201 4477 3320 4533 Jos.
3367 4494 3515 4533 num.
3542 4475 3593 4536 6,
3632 4476 3793 4524 novum

2270 4565 2401 4635 quid
2437 4581 2502 4619 ac
2539 4568 2885 4622 memorabile
2922 4568 3386 4623 comminiscitur:
3420 4565 3793 4636 quotiescunque

2271 4655 2414 4710 enim
2458 4659 2663 4710 daemon
2709 4657 2901 4727 aliquis
2936 4667 3057 4728 post
3089 4669 3304 4729 paratas
3332 4657 3529 4714 homini
3560 4653 3644 4724 pio
3685 4642 3789 4702 iusi-

2271 4748 2412 4811 ἀίεις,
2440 4746 2610 4801 victus
2640 4756 2724 4800 est
2746 4748 2813 4802 ab
2845 4763 2930 4814 eo,
2963 4764 3134 4818 pugna
3167 4750 3510 4805 excedentem
3532 4750 3704 4799 creatus
3721 4748 3789 4786 ar—

2272 4846 2485 4906 temque
2516 4850 2797 4906 reponere,
2818 4847 2873 4893 et
2890 4841 3029 4909 apud
3054 4839 3276 4905 inferos,
3303 4839 3384 4894 vel
3412 4837 3710 4892 destinatum
3734 4822 3790 4878 si-

2270 4927 2322 4982 bi
2345 4928 2519 4982 locum
2550 4929 2832 4985 abeuntem
2858 4944 2962 4983 non
2991 4931 3219 5001 amplius
3245 4930 3544 4985 hominibus
3563 4922 3622 4975 ad
3643 4911 3790 4981 ηθφιίο

2273 5016 2398 5071 tiam
2427 5017 2774 5075 sollicitandis
2811 5034 3026 5087 operam
3069 5035 3218 5075 suam
3254 5020 3494 5075 conferre
3522 5033 3535 5068 :
3565 5012 3674 5066 hinc
3705 5003 3787 5056 im-

2275 5106 2481 5163 minuto
2496 5107 2799 5163 daemonum
2820 5118 3144 5164 tentatorum
3176 5125 3399 5166 numero
3427 5104 3672 5161 faciliores
3692 5100 3787 5147 esse

2275 5198 2341 5252 ad
2388 5196 2587 5254 Christi
2641 5200 2796 5255 fidem
2844 5201 3042 5267 aditus,
3098 5201 3384 5272 pluresque
3418 5198 3479 5255 ad
3515 5197 3660 5250 Deum
3684 5196 3787 5238 cou-

2274 5290 2430 5359 verti,
2489 5306 2647 5360 quam
2695 5307 2815 5346 cum
2872 5293 3092 5361 integris
3136 5293 3304 5362 copiis
3332 5288 3516 5347 nefarii
3544 5282 3609 5339 illi
3641 5282 3783 5333 boues

2275 5382 2652 5449 decertabant;
2689 5386 2739 5438 id
2765 5384 2906 5454 quod
2941 5384 3338 5455 Scripturarum
3370 5386 3569 5439 demum
3593 5364 3786 5455 auleri'

2276 5480 2386 5529 tate
2416 5485 2642 5530 conatur
2669 5477 2919 5546 probare.
2974 5454 3107 5533 Cum
3146 5479 3223 5533 ait
3266 5489 3442 5533 autem
3484 5454 3781 5527 Adamnlius

2278 5659 2593 5734 humiliaid
2615 5661 2671 5734 in
2702 5658 2985 5727 Numeros,
3010 5662 3168 5734 cujus
3194 5663 3371 5720 locum
3401 5653 3549 5733 paulo
3573 5642 3693 5704 infra
3714 5630 3784 5689 ιδ’

2276 5732 2422 5786 ducit
2460 5731 2799 5789 clarissimus
2825 5733 3043 5803 praesul.
3082 5731 3092 5734 ⁷
3404 5731 3415 5733 “
3786 5754 3789 5759 ›
