4054 6310
223 420 325 474 873

1068 413 1636 477 ORICENMNORUM
1676 413 1805 469 LIB.
1850 414 1913 481 ll,
1952 415 2101 468 CAP.
2148 415 2209 479 Il,
2248 414 2525 481 QUJEST.
2572 414 2634 468 ν.

3366 417 3469 470 874

227 535 412 589 homil.
452 534 524 590 ‘55
567 537 621 589 iu
676 533 820 595 Lua,
854 553 873 585 ε
920 532 1101 603 Neque
1157 534 1300 590 enim
1335 550 1523 589 omnes
1552 535 1790 588 omnimu
1823 541 1869 593 Α
1969 531 2158 590 XXIV.
2201 533 2444 587 Diximus
2481 546 2642 597 supra
2669 532 2946 600 Opinatum
2996 531 3158 585 fuisse
3180 530 3467 601 Origenem

222 633 350 679 sunt
378 624 691 689 adversarii,
749 624 843 678 sed
899 623 1091 693 singuli
1144 624 1383 692 singulos
1438 625 1657 689 habent,
1704 624 1796 694 qui

220 718 423 786 ubique
452 732 547 773 eos
587 727 902 786 sequantur,
930 726 983 771 et
1018 719 1124 772 sint
1154 719 1393 779 comites,
1434 736 1454 770 ι
1491 719 1540 772 id
1573 720 1641 772 ita
1668 734 1797 774 cou-

221 808 395 863 ciliari
447 820 623 879 potest
680 825 798 864 cum
852 809 1221 878 superioribus
1285 828 1301 864 :
1354 826 1485 880 quos
1531 812 1669 866 vinci
1730 814 1797 867 ab

223 901 552 965 hominibus,
612 909 665 957 et
694 902 864 956 victos
909 901 1045 955 dixit
1101 901 1372 956 tentandis
1415 902 1482 957 iis
1513 904 1792 966 absistere,

220 1005 315 1045 eos
342 990 662 1060 signiﬁcavit
690 991 777 1059 qui
799 1005 895 1059 per
934 990 1210 1044 intervalla
1257 990 1457 1044 faciunt
1481 992 1794 1061 impressio-

224 1098 323 1138 nes
387 1092 443 1137 et
500 1082 693 1137 hellmn
760 1083 1021 1137 adversus
1081 1082 1327 1137 homines
1392 1092 1641 1147 m0vent;
1704 1084 1795 1152 qui

223 1180 404 1224 autem
435 1172 671 1240 perpetui
713 1173 938 1225 comites
989 1172 1296 1226 hominibus
1325 1172 1578 1241 assignati
1612 1173 1795 1226 adh:e-

224 1271 367 1325 rent,
399 1263 460 1317 iis
487 1278 613 1317 vero
636 1262 724 1329 jus
744 1278 900 1317 suum
942 1264 1206 1332 integrum
1242 1263 1405 1316 etiam
1445 1265 1712 1331 superatis
1744 1275 1798 1319 et

225 1355 502 1408 hominum
555 1354 754 1423 pietate
798 1353 1090 1408 confutatis
1130 1369 1428 1410 remanere.
1482 1353 1798 1409 Planissime

226 1460 355 1498 vero
383 1460 573 1499 sensus
601 1459 763 1510 super
784 1446 886 1500 hoc
920 1457 1236 1516 argumento
1265 1461 1391 1501 suos
1420 1454 1641 1501 enarrat
1670 1447 1795 1502 lib.t

221 1536 364 1605 Περὶ
417 1536 636 1606 ἀρχῶν,
668 1551 787 1605 cap.
821 1536 874 1604 6,
906 1553 1053 1592 num.
1088 1538 1144 1603 5,
1179 1552 1338 1607 quem
1374 1538 1548 1593 locum
1572 1537 1681 1606 jam
1715 1555 1799 1593 su-

224 1644 318 1698 pra
356 1630 703 1697 produximus
739 1647 752 1682 :
792 1646 810 1678 t
843 1626 1061 1683 Interim
1095 1640 1201 1681 tam
1242 1631 1295 1683 in
1337 1630 1420 1684 his
1465 1645 1585 1699 quin
1612 1632 1799 1685 viden-

224 1730 334 1781 tur,
363 1732 417 1775 et
452 1720 835 1788 temporalibus
857 1720 1090 1782 szeculis,
1118 1735 1279 1789 quam
1318 1722 1370 1776 iu
1403 1721 1507 1776 illis
1535 1736 1654 1789 qua:
1692 1737 1795 1776 non

219 1812 497 1875 videntur,
524 1821 577 1866 et
603 1822 799 1865 teterna
822 1822 974 1877 sunt,
996 1827 1182 1867 onmes
1209 1813 1294 1867 isti
1328 1829 1425 1881 pro
1457 1814 1665 1879 ordine,
1700 1829 1796 1882 pro

1901 638 2083 677 rerum
2116 625 2354 677 omnium
2388 627 2597 677 ratione
2630 623 2947 693 pollentium
2983 638 3144 675 unam
3174 639 3295 678 csse
3325 639 3475 677 eam-

1899 715 2127 782 demque
2150 723 2419 777 naturam,
2451 730 2652 785 easque
2676 730 2771 785 pro
2797 714 3107 767 meritorum
3140 715 3470 783 inaequalita-

1902 817 1952 861 te
1985 806 2066 861 vel
2096 806 2251 861 evehi
2303 808 2368 860 ad
2398 807 2711 876 angelorum
2750 805 2990 867 ordines,
3033 806 3113 858 vel
3141 806 3191 859 in
3233 808 3465 863 humana

1898 912 2121 965 corpora
2146 898 2393 968 deprimi,
2430 900 2511 953 vel
2534 899 2803 953 daemones
2832 898 2995 951 etiam
3030 901 3279 954 evadere.
3311 901 3468 954 Aliud

1897 987 2031 1057 quid
2063 989 2388 1057 excogitavit
2429 998 2688 1058 praeterea
2731 997 2916 1041 nostra
2958 972 3472 1046 commemoratione

1898 1089 1952 1133 et
1986 1079 2363 1149 disquisitione
2392 1080 2631 1149 dignum,
2657 1080 2933 1134 hominum
2966 1097 3155 1150 nempe
3181 1080 3508 1136 sanctitate’

1898 1171 2307 1239 conspicuorum
2334 1170 2541 1224 animas
2583 1171 2727 1239 ipsos
2776 1185 2894 1227 esse
2928 1174 3170 1243 angelos,
3206 1186 3319 1227 non
3342 1190 3467 1242 pro-

1898 1272 2017 1332 pter
2048 1273 2265 1333 peccata
2290 1264 2343 1316 in
2373 1264 2645 1317 lt0minum
2679 1265 2918 1318 ordinem
2944 1267 3209 1330 redactos,
3234 1266 3325 1319 sed
3353 1266 3472 1322 aliis

1898 1355 1963 1407 de
1986 1355 2161 1408 causis
2189 1353 2617 1407 extraordinaria
2655 1352 2778 1407 illuc
2803 1354 3071 1423 legatione
3109 1371 3139 1408 a
3182 1355 3291 1409 Deo
3336 1355 3470 1409 mis-

1897 1458 2006 1496 sos.
2040 1441 2295 1498 Prostant
2322 1443 2577 1498 doctrina?
2632 1444 2790 1512 hujus
2840 1453 3180 1498 monumenta
3224 1456 3353 1498 tom.
3395 1461 3471 1499 xu

1897 1536 1951 1588 in
1980 1533 2196 1597 Matth.,
2224 1552 2371 1590 num.
2394 1536 2484 1599 30,
2514 1538 2604 1590 ubi
2651 1538 2746 1607 ait,
2785 1541 3235 1609 quemadmodum
3279 1539 3471 1593 huma-

1898 1643 1981 1680 nae
2003 1625 2203 1681 Christi
2231 1637 2433 1682 natura:
2470 1627 2704 1682 Verbum
2740 1629 3085 1696 coniunctum
3112 1638 3214 1695 est,
3243 1631 3314 1683 ita
3346 1645 3470 1700 pro-

1899 1720 2143 1787 portione
2176 1720 2406 1790 quadam
2439 1721 2680 1789 angelos,
2719 1731 2971 1790 tanquam
3002 1720 3175 1777 Verba
3207 1737 3325 1779 sese
3348 1738 3471 1791 pro-

1898 1812 2075 1881 phetis
2101 1813 2409 1880 adjunxisse
2442 1830 2454 1864 :
2489 1813 2599 1867 Καὶ
2639 1815 2892 1886 πρόσχες,
2942 1815 3135 1882 inquit,
3171 1818 3217 1868 εί
3245 1815 3470 1870 δύνασαι

222 1905 455 1966 ratione,
492 1921 589 1973 pro
629 1905 807 1966 modo,
852 1915 907 1960 et
941 1904 1250 1959 meritorum
1292 1905 1640 1975 dignitatibus
1686 1905 1794 1960 dis-

1901 1906 1953 1957 ὲν
1978 1904 2186 1968 τούτοις
2221 1906 2347 1967 τοὺς
2372 1907 2631 1977 πρότερον
2666 1907 2934 1969 παθόντας
2968 1908 3250 1977 προφήτας
3280 1908 3472 1960 ἀναλο-

219 2006 538 2066 pcosantur,
574 2006 634 2050 ut
670 1998 759 2052 alii
800 1999 851 2052 in
890 2000 1102 2069 primis,
1143 1998 1230 2051 alii
1261 1998 1314 2052 iu
1350 1997 1623 2062 secundis,
1661 2013 1797 2050 non-

222 2089 360 2143 nulli
382 2090 542 2144 ctiam
573 2090 624 2142 in
657 2089 856 2145 ultimis
891 2093 1242 2159 temporibus,
1275 2098 1329 2143 et
1356 2104 1452 2157 per
1488 2088 1685 2158 majora
1732 2105 1796 2147 ac

219 2182 473 2250 graviora
525 2181 806 2250 supplicia,
850 2197 1055 2236 necnon
1096 2191 1150 2236 et
1188 2182 1461 2243 diuturna,
1497 2194 1562 2234 ac
1592 2178 1795 2241 multis,

223 2279 289 2323 ut
320 2271 390 2323 ita
416 2268 611 2333 dicam,
639 2270 848 2325 saeculis
876 2270 1126 2334 tolerata,
1156 2269 1519 2339 asperioribus
1547 2269 1799 2322 emenda-

223 2360 466 2415 tiouihus
517 2362 749 2430 reparati
800 2371 856 2416 et
904 2362 1134 2417 restituti
1182 2361 1597 2422 eruditionibus,
1625 2360 1798 2427 primo

218 2451 508 2519 angelicis,
562 2461 672 2507 tum
732 2453 927 2509 deinde
964 2453 1128 2508 etiam
1164 2452 1504 2520 superiorum
1536 2453 1796 2517 graduum

216 2545 540 2612 virtutibus,
570 2557 625 2601 et
653 2548 734 2601 sic
775 2562 870 2613 per
896 2546 1103 2615 singula
1135 2546 1202 2600 ad
1228 2546 1504 2614 superiora
1536 2544 1795 2613 provecti,

216 2651 397 2706 usque
450 2639 517 2692 ad
571 2653 633 2693 ea
686 2653 803 2705 qum
841 2649 968 2691 sunt
1004 2636 1291 2693 invisibilia
1330 2648 1383 2691 et
1429 2644 1627 2690 a:terna
1678 2651 1798 2704 per-

216 2728 478 2792 veniant,
538 2727 761 2795 singulis
820 2728 1072 2784 videlicet
1132 2728 1435 2798 quibusque
1497 2729 1797 2783 ctelcstium

216 2820 486 2873 virtutum
537 2818 723 2875 oliiciis
760 2823 991 2890 quadam
1039 2823 1402 2878 eruditionum
1451 2823 1631 2891 specie
1677 2838 1798 2890 per-

214 2911 453 2981 agratis.
488 2929 505 2962 ο

298 3003 487 3058 XXIII.
523 3004 701 3059 Vanus
730 3018 859 3059 sane
887 3014 1031 3060 esset
1075 3020 1139 3061 ac
1166 3019 1594 3075 supervacaneus
1625 3005 1794 3071 labor,

215 3094 445 3150 Patrum
473 3097 712 3153 omnium
739 3099 954 3152 nomina
999 3107 1053 3152 et
1083 3098 1243 3153 verba
1283 3096 1599 3167 producere,
1642 3105 1798 3165 quot-

213 3198 359 3256 quot
390 3199 511 3258 post
545 3189 838 3244 admissum
867 3189 1045 3245 scelus
1076 3206 1179 3243 non
1208 3188 1390 3244 statim
1418 3188 1471 3242 in
1507 3188 1792 3242 Tartarum

217 3282 475 3336 detrusus
520 3281 741 3350 angelos
782 3295 1026 3348 sensere,
1060 3282 1153 3336 sed
1176 3283 1356 3336 damni
1392 3281 1517 3335 licet
1540 3295 1715 3350 paena,
1738 3288 1797 3333 ut

1898 1995 2021 2066 γίαν
2062 1998 2290 2065 φάσκειν
2343 1999 2632 2067 ἐσχηκέναι
2680 1998 2812 2067 πρὸς
2841 1997 2930 2050 τὸν
2967 1998 3041 2068 μὴ
3084 1997 3272 2068 ἔχοντα
3309 1992 3470 2061 εἶδος,

1902 2088 2034 2157 μηδὲ
2054 2087 2248 2150 κάλλος
2269 2087 2436 2154 Λόγον
2455 2103 2470 2117 ο
2501 2086 2688 2157 ὥσπερ
2715 2087 2771 2139 δὲ
2800 2086 3017 2156 ἔρχεται
3043 2089 3071 2138 ὁ
3104 2087 3231 2149 Υἱὸς
3265 2087 3356 2140 τοῦ
3381 2088 3471 2139 ἀν-

1899 2178 2116 2251 θρώπου
2150 2182 2208 2233 ὲν
2239 2182 2304 2251 τῇ
2340 2179 2466 2253 δόξῃ
2501 2180 2595 2232 τοῦ
2629 2180 2839 2252 Πατρὺς
2871 2179 3055 2245 αὐτοῦ,
3106 2180 3278 2245 οὕτως
3308 2183 3472 2249 ἄγγε-

1898 2272 1978 2325 λοι
2003 2272 2275 2341 γινόμενοι
2309 2274 2357 2324 οἱ
2388 2274 2445 2323 ὲν
2474 2273 2779 2344 προφήταις
2816 2273 2984 2341 λόγοι,
3025 2275 3139 2346 μετ’
3170 2275 3334 2328 αὐτοῦ
3368 2293 3471 2328 πα-

1903 2364 2228 2435 ραγίνονται,
2256 2364 2353 2435 τὴν
2385 2364 2672 2435 ἀναλογίαν
2717 2366 2975 2433 σώζοντες
3022 2370 3119 2440 τῆς
3157 2370 3362 2423 ἑαυτῶν
3387 2370 3473 2423 δό-

1900 2458 2015 2528 ξης.
2069 2457 2238 2512 Tumo
2281 2474 2491 2527 quoque
2550 2461 2787 2513 secundo
2838 2462 2893 2512 in
2941 2461 3127 2525 Joan.,
3178 2478 3326 2515 num.
3376 2461 3468 2525 24,

1899 2547 2159 2602 Joannem
2206 2551 2282 2603 ait
2339 2565 2442 2603 non
2496 2550 2657 2603 aliam
2714 2550 2967 2605 habuisse
3030 2568 3247 2606 causam
3288 2567 3385 2606 cur
3415 2552 3469 2605 in

1902 2642 2157 2693 mundum
2193 2641 2427 2702 veniret,
2478 2655 2639 2708 quam
2699 2650 2757 2694 ut
2802 2641 2869 2695 de
2906 2640 3023 2696 luce
3063 2651 3387 2706 testaretur;
3416 2653 3472 2696 ct

1900 2731 2047 2785 addit
2080 2732 2237 2800 paulo
2268 2741 2409 2800 post,
2443 2748 2589 2785 num.
2618 2731 2710 2797 25,
2740 2732 2955 2802 angelos
2993 2733 3193 2788 Christi
3234 2735 3471 2787 imitata--

1904 2837 1989 2875 res
2021 2825 2311 2875 humanum
2343 2822 2579 2877 induisse
2608 2837 2826 2892 corpus,
2859 2837 2963 2890 quo
2985 2822 3184 2878 Christi
3214 2824 3264 2878 in
3294 2825 3472 2878 homi—

1901 2927 1995 2966 nes
2022 2927 2260 2967 amorem
2294 2913 2633 2976 simulantes,
2694 2916 3071 2982 promovenda
3116 2917 3350 2984 ipsorum
3386 2933 3472 2969 sa-

1899 3004 1991 3057 luti
2025 3004 2348 3058 iuservirent
2372 3022 2385 3057 :
2408 3006 2519 3058 Kal.
2544 3007 2663 3058 ἐπεὶ
2689 3004 3019 3069 ἁπαξαπλῶς
3045 3008 3101 3058 ὲν
3124 3004 3200 3076 τῷ
3226 3007 3470 3078 περὶτοῦ

1910 3095 2154 3148 Ἰωάννου
2182 3094 2345 3165 ἐσμὲν
2369 3094 2511 3166 λόγῳ
2533 3093 2816 3165 ζητοῦντες
2843 3093 3006 3148 αὑτοῦ
3030 3094 3129 3167 τὴν
3146 3096 3469 3168 ἀποστολὴν,

1897 3186 1994 3239 οὐκ
2027 3188 2269 3257 ἀκαίρως
2300 3187 2551 3240 ὑπόνοιαν
2575 3187 2868 3258 ἡμετέραν,
2899 3187 2965 3257 ἣν
2991 3188 3116 3257 περὶ
3153 3186 3319 3241 αὐτοῦ
3357 3187 3474 3259 ἔχου

1901 3296 2018 3349 μεν,
2055 3279 2432 3351 προσθήσομεν
2453 3296 2465 3307 ·
2498 3280 2618 3331 ἐπεὶ
2654 3277 2762 3348 γὰρ
2800 3278 3111 3350 ἀνέγνωμεν
3154 3282 3280 3351 περὶ
3305 3280 3469 3333 αὑτοῦ

221 3381 446 3432 vocant,
478 3370 722 3436 allectos,
758 3387 921 3441 preme
972 3382 1149 3427 tamen
1197 3388 1376 3426 sensus
1421 3385 1486 3424 ae
1503 3368 1794 3439 supplicio-

1901 3371 2263 3443 προφητείαν·
2323 3370 2466 3425 Ἰδοὺ
2523 3371 2638 3441 ἐγὼ
2682 3371 3041 3426 ἀποστέλλω
3081 3374 3186 3426 τεν
3216 3374 3475 3443 ἄγγελόν

218 3478 350 3519 rum
392 3476 511 3519 esse
561 3476 827 3534 expertes.
880 3462 1206 3519 Consulatur
1244 3462 1602 3519 Bellarminus
1639 3461 1734 3517 lib.
1779 3478 1795 3515 ι

1901 3480 2010 3530 μου
2054 3463 2167 3531 πρὸ
2218 3463 2544 3531 προσώπου
2588 3479 2725 3526 σου,
2778 3462 2846 3530 ὃς
2877 3464 3316 3519 κατασκευάσει
3359 3464 3476 3536 τὴν

217 3554 303 3610 ne
335 3558 514 3610 beatit.
544 3564 803 3621 sanctam,
844 3570 967 3626 cap.
996 3555 1050 3610 6.
1086 3554 1318 3610 Gravius
1356 3555 1484 3610 illud
1519 3563 1624 3621 est,
1655 3554 1798 3624 quod

1901 3554 2041 3608 ὀδόν
2070 3572 2187 3609 σου
2210 3554 2549 3624 ἔμπροσθέν
2571 3554 2904 3624 σου.ὲφίστα
2913 3573 3010 3625 μεν
3038 3558 3245 3628 μήποτε
3270 3554 3350 3621 εἷς
3365 3558 3474 3612 τῶν

216 3648 446 3703 Patrum
487 3647 699 3702 illorum
732 3647 1035 3717 complures
1058 3650 1296 3705 sensisse
1336 3648 1503 3703 refert
1537 3647 1800 3702 Eusebius

1901 3644 2067 3713 ἁγίων
2093 3646 2338 3714 ἀγγέλων
2367 3645 2647 3716 τυγχάνων
2676 3647 2769 3699 ἐπὶ
2791 3646 3097 3718 λειτουργίᾳ
3121 3648 3475 3719 καταπέμπε-

220 3736 375 3791 Ηὶει.
417 3736 597 3791 eccles.
653 3738 744 3793 lib.
788 3752 863 3805 tv,
911 3753 1032 3808 cap.
1081 3737 1169 3803 l8,
1207 3753 1276 3793 ne
1331 3738 1546 3794 :eternis
1583 3738 1797 3807 quidem

1901 3754 1986 3792 ται
2013 3738 2107 3791 τοῦ
2131 3740 2383 3812 Σωτῆρος
2413 3738 2569 3810 ἡμῶν
2594 3738 2897 3811 πρόδρομος
2916 3757 2927 3769 ·
2964 3743 3056 3795 καὶ
3078 3741 3228 3796 οὐδὲν
3262 3741 3475 3813 Θαυμα-

215 3830 558 3886 cruciatibus
600 3845 722 3885 sese
761 3830 1075 3884 damnatum
1110 3830 1335 3886 scivisse
1376 3828 1666 3893 diabolum,
1706 3845 1802 3881 an-

1901 3830 2024 3884 στὸν
2047 3831 2139 3885 τοῦ
2172 3831 2511 3904 πρωτοτόκου
2539 3830 2720 3902 πάσης
2744 3831 2971 3896 κτίσεως
2994 3834 3472 3905 ὲνσωματουμένου

219 3934 444 3992 tequam
478 3924 692 3992 publice
745 3922 873 3978 illud
909 3922 1160 3978 Christus
1203 3937 1269 3977 ac
1302 3920 1476 3991 palam
1512 3923 1802 3991 praedicas-

1901 3927 2040 3982 κατὰ
2069 3926 2475 3997 φιλανθρωπίαν
2507 3926 2751 3998 ζηλωτάς
2793 3943 2944 3990 τινας
2974 3928 3067 3979 καὶ
3103 3927 3344 3998 μιμητὰς
3377 3945 3471 3996 γε·-

219 4024 330 4069 set.
354 4015 531 4085 Atque
554 4016 680 4070 hinc
709 4017 760 4068 in
787 4029 947 4071 omne
980 4014 1230 4083 nequitiae
1256 4028 1423 4086 genus
1462 4013 1799 4083 prorupisse,

1901 4019 2111 4089 γονέναι
2151 4018 2409 4089 Χριστοῦ,
2461 4017 2849 4087 ἀγαπήσαντας
2890 4016 2951 4069 τὸ
2976 4016 3063 4069 διὰ
3095 4017 3186 4071 τοῦ
3224 4017 3472 4089 σώματος

221 4107 537 4175 passimque
587 4108 818 4164 hzereses
873 4107 1256 4164 disseminasse
1315 4114 1500 4160 narrat
1569 4104 1803 4159 Isidorus

220 4194 520 4264 Pelusiota,
554 4197 642 4252 lib.
676 4214 736 4261 tt,
763 4199 920 4268 epist.
954 4198 1023 4254 90
1054 4214 1069 4251 :
1108 4195 1370 4259 Ἀκούσας
1416 4196 1512 4249 καὶ
1548 4195 1649 4266 τῆς
1680 4180 1804 4247 καθ’

217 4287 422 4342 ἑαυτοῦ
461 4288 787 4358 ἀποφάσεως
844 4289 936 4342 τὸν
976 4289 1119 4357 ὅρον,
1166 4288 1526 4360 σφοδρότερον
1572 4286 1802 4340 ἔπνευσε

215 4383 349 4441 καθ’
388 4382 565 4455 ἡμῶν,
599 4381 807 4445 καὶτὰς
838 4381 1076 4454 αἱρέσεις
1099 4380 1272 4436 ἔτεκε.
1315 4400 1333 4433 t
1372 4380 1568 4435 Audito
1590 4390 1806 4436 senten-

217 4477 316 4532 tizn
338 4479 620 4545 adversum
648 4492 707 4531 se
734 4478 853 4531 lata:
878 4479 1122 4539 decreto,
1151 4474 1330 4531 acrius
1354 4476 1584 4544 spiravit
1608 4474 1659 4528 in
1685 4487 1803 4535 nos,

1902 4110 2241 4181 ὑπηρετῆσαι
2305 4110 2372 4180 τῇ
2418 4109 2496 4171 εἰς
2536 4105 2855 4180 ἀνθρώπους
2903 4107 3066 4161 αὑτοῦ
3118 4109 3466 4180 χρηστότητι.

1904 4199 2029 4255 Ηυξο
2066 4199 2416 4254 deliramenta
2475 4198 2670 4253 deinde
2696 4198 2817 4252 libri
2844 4197 3124 4267 cujusdam
3154 4202 3469 4271 apocryphi,

1902 4293 1989 4348 cui
2015 4290 2200 4346 titulus
2224 4300 2306 4346 est
2331 4289 2573 4344 Precatio
2596 4288 2814 4358 Ioseph,
2843 4290 3141 4359 approbare
3176 4290 3383 4354 nititur,
3417 4303 3474 4345 et

1903 4401 1967 4441 ex
2007 4401 2071 4440 eo
2100 4385 2263 4440 etiam
2298 4384 2438 4453 quod
2463 4383 2749 4440 exsultavit
2779 4382 3013 4437 Joannes
3052 4384 3106 4437 in
3148 4383 3475 4440 Elizabetha:

1906 4486 2082 4537 utero,
2107 4474 2355 4545 quodque
2376 4471 2541 4526 Jacob
2574 4473 2710 4526 inter
2741 4483 2797 4528 et
2835 4471 2973 4525 Esau
3012 4471 3302 4527 discrimen
3340 4473 3472 4527 illud

215 4579 277 4623 et
318 4569 551 4624 haereses
580 4570 804 4638 w-perit.
837 4588 856 4621 ι
888 4567 1204 4640 Origenizat
1243 4566 1357 4635 ipse
1401 4564 1665 4621 Eusebius
1706 4564 1796 4617 lib.
1836 4596 1876 4649 Β
1904 4585 1933 4623 a
1967 4567 2073 4622 Deo
2098 4566 2454 4621 constitutum
2484 4574 2584 4627 est,
2612 4562 2847 4616 futurum
2875 4573 2932 4615 ut
2964 4562 3133 4630 major
3153 4564 3352 4622 serviat
3375 4566 3477 4619 mi-

217 4678 300 4717 νη
342 4661 415 4715 De
441 4672 724 4730 pra‘paral.
756 4660 980 4728 Evang.,
1025 4661 1078 4713 in
1118 4674 1184 4714 eo
1210 4660 1386 4724 capite
1430 4658 1571 4726 quod
1607 4658 1801 4711 inscri-

217 4765 375 4826 ptum
393 4765 476 4810 est
510 4753 681 4822 :Hepl
702 4751 1123 4822 ἀντικειμένων
1141 4749 1477 4819 δυνάμεων,
1508 4750 1618 4817 ubi,
1648 4761 1799 4819 post-

214 4864 387 4919 quam
430 4847 696 4902 dtcmones
741 4857 958 4916 propter
1013 4843 1348 4914 impietatem
1398 4843 1452 4898 in
1508 4841 1794 4897 Tartarum

216 4939 591 5010 pra'cipitatos
626 4939 789 4993 fuisse
818 4938 974 4999 dixit,
1014 4943 1221 5006 partem
1254 4934 1500 5002 exiguam
1543 4933 1607 4987 ad
1640 4947 1796 4987 exer-

216 5033 455 5087 cendam
488 5031 692 5102 piorum
730 5030 1002 5084 hominum
1038 5026 1381 5083 sanctitatem
1415 5023 1559 5077 circa
1595 5029 1792 5077 terram

218 5125 424 5180 fecisse
448 5138 672 5180 moram.
695 5138 760 5176 ac
782 5120 1143 5176 idololatrian:
1185 5118 1239 5171 in
1267 5114 1537 5170 hominem
1564 5114 1800 5168 invexis—

214 5231 279 5270 se
316 5215 499 5269 tradit.
529 5214 838 5284 Origenizat
892 5220 948 5265 et
986 5209 1279 5264 Cassianus
1316 5206 1510 5262 Collat.
1547 5220 1645 5268 vlt,
1677 5219 1797 5271 cap.

216 5310 317 5373 17,
354 5307 449 5361 ubi
480 5305 748 5376 proﬂigari
774 5305 1068 5364 daemones.
1102 5309 1158 5356 et
1194 5315 1370 5371 pugna
1396 5297 1660 5352 excedere
1690 5306 1799 5349 sta-

216 5401 349 5463 tuit,
385 5399 809 5469 quotiescunque
868 5395 934 5449 ab
981 5392 1287 5459 hominibus
1342 5392 1469 5444 vitia
1525 5405 1587 5443 ea
1636 5404 1802 5456 expu-

215 5504 480 5564 gnantur,
516 5492 709 5561 quibus
740 5488 841 5558 ipsi
876 5494 1129 5556 praesunt.
1158 5484 1231 5540 Ut
1268 5494 1445 5540 autem
1473 5493 1685 5538 careret
1715 5483 1797 5536 bis

215 5587 446 5645 Patrum
489 5583 743 5639 subsidiis
802 5580 1063 5649 Origenes
1105 5585 1309 5642 noster,
1354 5577 1622 5631 haereseos
1672 5581 1796 5625 nota

219 5678 464 5733 nondum
496 5677 714 5731 decreto
748 5673 819 5728 illi
856 5671 1099 5740 apposita
1127 5678 1233 5731 est,
1274 5669 1415 5739 quod
1445 5683 1648 5736 pinnam
1681 5682 1800 5719 sen-

217 5787 319 5824 sus
358 5787 385 5823 a
418 5771 751 5824 daemonibus
801 5773 1061 5831 removet,
1096 5758 1264 5818 donec
1292 5770 1565 5832 postremo
1594 5760 1798 5829 judicio

220 5868 281 5918 iu
314 5864 563 5934 abyssum
597 5862 921 5931 relegcntur.

476 5961 741 6022 Pneoc.
781 5958 903 6017 Gn.
940 5954 1141 6017 XVII.

1909 4661 2049 4715 nori.
2113 4657 2223 4713 Nec
2273 4659 2440 4712 multo
2479 4655 2727 4723 superius
2768 4654 2883 4708 htec
2920 4653 3170 4725 leguntur
3206 4657 3254 4709 in
3287 4656 3472 4712 iisdem

1906 4751 2329 4809 Commentariis,
2360 4763 2509 4803 num.
2548 4747 2610 4800 I7
2638 4766 2651 4801 :
2684 4746 2830 4818 Πλὴν
2856 4747 2882 4809 ὁ
2906 4746 3061 4800 τοῦτο
3087 4748 3320 4818 νομίζων
3360 4752 3478 4821 ἐρεῖ

1903 4844 1984 4897 ὅτι
2007 4840 2192 4911 ὥσπερ
2220 4838 2370 4909 παρὰ
2395 4841 2505 4900 τοῖς
2530 4836 2977 4907 ὁμολογουμένοις
3001 4838 3305 4910 ἀνθρώποις
3338 4842 3474 4891 εἰσὶν

1904 4935 2142 5005 ἄγγελοι,
2180 4933 2254 4996 ὡς
2292 4935 2320 4985 ὁ
2349 4930 2621 5002 Ζαχαρίας
2657 4930 2857 5000 λέγων·
2891 4932 3167 5000 Ἀγγελος
3195 4932 3341 4985 Θεοῦ
3362 4932 3475 5002 ἐγὼ

1897 5026 2025 5095 μεθ’
2059 5023 2223 5094 ὑμῶν
2250 5026 2383 5091 ειμι.
2417 5020 2577 5091 λέγει
2612 5021 2817 5089 Κύριος
2846 5021 3285 5089 παντοκράτωρ.
3322 5023 3476 5077 Καὶό

1910 5117 2161 5186 Ἰωάννης
2189 5115 2316 5184 περὶ
2340 5107 2399 5166 οὗ
2425 5112 2761 5183 γέγραπται·
2798 5112 2953 5165 Ἰδοὺ
2984 5113 3097 5181 ἐγὼ
3121 5113 3476 5169 ἀποστέλλω

1900 5209 2007 5260 τὸν
2050 5206 2305 5275 ἄγγελόν
2333 5220 2451 5272 μου
2476 5202 2589 5270 πρὸ
2618 5201 2939 5269 προσώπου
2965 5215 3080 5255 σου
3102 5220 3113 5232 ο
3145 5203 3285 5255 οὕτω
3309 5206 3401 5257 καὶ
3426 5208 3474 5257 οἱ

1900 5301 1993 5355 τοῦ
2016 5300 2149 5353 Θεοῦ
2174 5298 2391 5367 ἄγγελοι
2415 5296 2563 5367 παρὰ
2588 5296 2646 5348 τὸ
2680 5295 2837 5366 ἔργον
2868 5294 3027 5347 τοῦτο
3055 5284 3470 5365 χρηματίζουσι,

1902 5396 1994 5448 καὶ
2017 5394 2077 5446 οὐ
2104 5392 2253 5462 παρὰ
2288 5389 2384 5461 τὴν
2418 5388 2576 5458 φύσιν
2605 5388 2795 5456 ἄνδρες
2835 5386 3143 5456 κληθέντες.

1978 5482 2142 5537 XXV.
2190 5482 2302 5536 Hoc
2325 5478 2631 5534 Adamantii
2657 5480 2848 5548 dogma
2875 5479 3131 5532 convellit
3160 5478 3395 5548 Cyrillus
3419 5481 3475 5531 in

1904 5578 2064 5632 Joau.
2090 5593 2133 5642 ι,
2157 5574 2211 5637 6,
2237 5573 2537 5640 multosque
2564 5572 2640 5624 ait
2662 5570 2774 5635 jam
2796 5578 2919 5624 ante
2941 5568 3249 5635 Origenem,
3281 5573 3477 5639 ipsum-

1905 5685 2009 5739 que
2052 5668 2189 5721 adeo
2227 5663 2490 5718 Joannem
2521 5660 2928 5729 evangelistam,
2971 5661 3265 5714 credidisse
3312 5659 3477 5714 Joan-

1908 5776 2028 5816 nem
2063 5758 2355 5827 Baptistam
2412 5770 2516 5808 non
2550 5753 2817 5806 hominem
2843 5752 3029 5815 fuisse,
3065 5753 3159 5806 sed
3201 5754 3475 5820 angelum,

1910 5847 2130 5916 ejusque
2153 5845 2353 5898 erroris
2382 5841 2653 5898 evertendi
2687 5850 2848 5896 causa
2872 5841 3188 5910 ascripsisse
3212 5838 3475 5900 Joannem

3082 5935 3162 5996 28
