4054 6310
305 405 414 457 877

1157 407 1731 466 OlllGENIANORUM
1773 409 1900 464 LIB.
1941 409 2006 473 II,
2043 409 2194 466 CAP.
2240 407 2305 477 II,
2348 409 2625 477 QUIEST.
2668 412 2732 466 V.

3439 421 3469 468 8
3478 419 3502 469 ἰ’
3512 417 3543 473 3

300 511 433 588 iam,
463 537 527 578 ac
553 525 724 579 labori
757 525 991 594 impares
1016 566 1029 587 ,
1060 525 1258 578 Christi
1301 526 1642 581 adventantis
1670 528 1870 580 auxilio
1902 539 1942 591 Α
1975 544 2122 582 ιιιιιιι.
2177 529 2208 580 3
2246 546 2260 593 ς
2320 530 2410 580 sed
2467 528 2862 583 asseverantins
2915 529 3077 584 etiam
3157 531 3344 588 homii.
3403 534 3426 586 l
3490 539 3542 587 in

305 615 474 669 fuisse
519 617 830 671 sublevatos
872 618 1102 668 aliirmat
1135 635 1146 668 :
1180 631 1243 671 ac
1289 618 1483 670 librum
1522 635 1534 670 ι
1578 619 1717 686 Περὶ
1768 621 1868 687 ἀρ-

300 705 448 776 χῶν,
483 724 603 778 cap.
634 711 691 771 8,
726 726 872 762 num.
910 710 956 773 l,
983 719 1037 761 et
1071 709 1264 762 librum
1297 726 1378 769 ιιι,
1404 726 1522 778 cap.
1551 714 1603 776 3,
1633 729 1777 763 mtm.
1809 711 1867 774 ‘2,

301 801 393 852 ubi
432 801 726 869 principem
768 801 930 869 Tyri,
988 811 1038 855 et
1088 802 1386 870 principem
1434 803 1769 868 Persarum,
1815 815 1870 858 et

303 891 604 960 principem
649 891 959 946 Graecorum
987 932 1002 955 ,
1036 907 1264 960 quorum
1317 898 1516 948 mentio
1570 897 1628 950 fit
1667 899 1862 953 Ezech.

303 996 472 1035 xxvm
505 992 560 1036 et
589 984 720 1037 Dan.
767 998 822 1046 x,
855 984 1084 1037 virtutes
1119 985 1381 1054 quasdam
1431 989 1700 1056 spiritales
1746 997 1898 1046 esse'

301 1075 526 1141 asserit;
572 1077 810 1130 bonasne
838 1118 853 1139 ,
881 1090 948 1128 an
978 1077 1146 1130 malas
1173 1117 1187 1140 ,
1215 1078 1314 1131 hoc
1343 1078 1462 1132 loco
1493 1095 1597 1132 non
1635 1082 1822 1136 definit
1848 1100 1863 1147 ;

300 1177 358 1220 at
390 1167 789 1223 definithomil.
839 1169 910 1223 55
953 1171 1008 1221 in
1051 1167 1180 1223 Luc.
1223 1179 1277 1223 et
1310 1171 1582 1241 principes
1608 1173 1729 1228 illos
1754 1177 1863 1230 dae-

302 1274 488 1314 itiones
541 1261 948 1330 interpretatur.
993 1261 1176 1330 Neque
1229 1279 1360 1317 sane
1410 1266 1464 1318 in
1517 1281 1582 1319 eo
1634 1281 1863 1322 consen-

301 1351 439 1403 tiunt
463 1351 602 1405 inter
625 1367 685 1406 se
713 1351 911 1408 Patres
937 1392 954 1416 ,
985 1353 1261 1409 daemones
1291 1371 1386 1410 eas
1413 1371 1536 1412 esse
1568 1359 1864 1414 decernen-

300 1443 444 1496 tibus
489 1442 608 1497 aliis
635 1483 652 1508 ,
702 1445 822 1499 aliis
866 1446 1126 1514 angelos,
1157 1461 1454 1518 eorumque
1499 1455 1858 1508 concertatio-

299 1549 396 1590 nes
435 1550 464 1589 a
507 1535 729 1591 Daniele
753 1538 1035 1608 expositas
1070 1539 1122 1592 in
1151 1551 1360 1594 rectum
1392 1558 1610 1600 sensum
1644 1547 1862 1603 trahen-

299 1629 472 1684 tibus.

365 1723 435 1775 At
457 1722 600 1776 enim
634 1721 866 1777 difficilis
895 1723 1110 1777 videtur
1140 1723 1478 1791 Origenianaa
1529 1727 1687 1796 hujus
1715 1745 1860 1785 com-

297 1816 643 1870 tnentationis
690 1821 861 1880 ratio;
896 1831 1018 1868 nam
1075 1817 1120 1869 si
1170 1835 1188 1866 ι
1220 1818 1501 1872 constituit
1550 1819 1862 1877 Altissimus

299 1908 560 1962 terminos
617 1908 935 1977 pupulorum
963 1947 978 1964 .
1023 1909 1175 1976 juxta
1220 1925 1498 1964 numerum
1549 1913 1860 1982 angelorum

239 2063 242 2066 _
299 2001 416 2063 Dei,
455 2019 475 2052 ι
513 2001 673 2055 fuerit
707 2001 1018 2071 angelorum
1046 2017 1303 2056 numerus
1353 2003 1548 2071 oppido
1586 2006 1857 2074 exiguus;

297 2110 401 2148 non
435 2094 614 2148 multae
638 2094 903 2162 siquidem
934 2091 1122 2162 gentes
1143 2093 1330 2146 urbem
1373 2093 1630 2149 incolunt.
1663 2096 1858 2150 Verum

296 2185 546 2253 expedita
581 2193 664 2238 est
696 2185 1014 2252 responsio;
1043 2198 1140 2238 nec
1165 2185 1308 2238 enim
1348 2187 1608 2254 quidquid
1654 2189 1858 2257 uspiam

296 2275 608 2345 angelorum
641 2286 724 2330 est
749 2319 763 2342 ,
793 2277 908 2330 orbi
939 2277 1063 2332 huic
1097 2276 1332 2345 regendo
1361 2277 1671 2345 deputatum
1705 2280 1862 2335 intel-

296 2371 410 2437 ligit
437 2370 796 2424 Adamantius
820 2405 836 2434 ,
861 2371 954 2424 sed
988 2368 1206 2423 selectis
1241 2367 1516 2446 aliquibus
1539 2385 1603 2426 ex
1638 2370 1859 2426 inferio-

296 2461 446 2514 ribus
493 2463 777 2515 ordiuibus
807 2461 1015 2530 angelis
1065 2461 1120 2514 id
1170 2463 1408 2514 muneris
1440 2461 1607 2516 fuisse
1636 2463 1856 2532 imposi-
1920 2521 1930 2530 _

293 2563 434 2618 tum;
477 2553 636 2606 exiis
665 2569 826 2622 porro
867 2552 1153 2608 nonnullos
1200 2553 1329 2608 totis
1369 2553 1653 2622 praefectos
1681 2561 1856 2624 genti-

291 2645 427 2708 bus;
461 2644 598 2699 alios
631 2645 959 2712 provinciis;
997 2646 1220 2700 urbibus
1244 2646 1414 2711 alios,
1461 2645 1738 2714 Ecclesiis,
1769 2665 1856 2704 ar-

291 2739 437 2792 tibus
463 2779 477 2804 ,
507 2739 806 2804 disciplinis
829 2778 844 2803 ,
878 2739 1107 2809 singulis
1157 2754 1372 2808 quoque
1420 2741 1727 2796 bontinibus
1749 2783 1764 2805 ,
1800 2757 1855 2798 et

289 2831 452 2886 rebus
480 2831 642 2884 etiam
692 2831 982 2895 inanimis,
1032 2831 1110 2885 uti
1160 2847 1282 2887 mox
1321 2835 1850 2903 demonstrabimus;

291 2923 517 2992 illosque
563 2922 615 2976 in
648 2924 749 2978 hoc
777 2924 938 2977 etiam
993 2937 1218 2979 munere
1251 2925 1353 2979 sibi
1400 2926 1691 2979 succedere
1719 2928 1855 2982 invi-

287 3033 407 3071 cem
435 3033 451 3082 ;
482 3025 536 3071 et
568 3015 748 3086 plures
777 3031 1160 3085 nonnunquam
1188 3016 1392 3072 homini
1422 3017 1512 3071 ltiti
1553 3019 1809 3076 assistere
1833 3061 1848 3088 ,

288 3117 343 3162 et
368 3105 549 3163 omnia
583 3108 790 3177 angelis
813 3107 968 3177 plena
1004 3123 1146 3163 esse.

359 3199 567 3254 XXVII.
607 3200 724 3254 Dixi
757 3200 1124 3256 Ecclesiarum
1164 3200 1329 3255 etiam
1378 3203 1616 3272 regimen
1645 3204 1852 3274 angelis

1981 621 2195 684 Haecin,
2227 638 2373 674 num.
2407 622 2435 674 7
2473 639 2483 672 :
2524 640 2540 670 ι
2579 621 2688 675 Non
2719 622 2916 676 sulIicit
2942 660 2958 688 ,
2991 624 3196 692 inquit,
3232 642 3396 680 unum
3438 644 3568 682 cce.-

1979 714 2084 764 lnm
2141 715 2380 782 aperiri:
2419 718 2734 782 aperiuntur
2776 714 3037 782 plurimi,
3079 727 3136 768 ιιι
3182 721 3568 783 descendant,-

1979 822 2081 858 non
2113 807 2181 858 ab
2217 823 2342 870 uno,
2390 809 2481 859 sed
2531 809 2598 860 ab
2641 808 2892 861 omnibus
2939 810 3094 863 cmlis
3122 812 3296 880 angeli
3335 813 3398 866 ad
3449 815 3569 867 eos

1975 899 2065 965 qui
2112 900 2354 952 salvandi
2391 910 2534 953 sunt.
2591 919 2609 951 ι
2650 900 2714 953 Ει
2749 915 2869 955 mox
2899 920 2911 954 :
2946 920 2963 952 t
2999 902 3226 969 Quando
3253 913 3430 959 autem
3465 907 3542 960 vi-

1973 993 2164 1045 derunt
2213 993 2512 1061 principem
2552 993 2759 1046 militiae
2812 993 3048 1047 caelestis
3094 995 3146 1047 in
3193 983 3570 1050 terrestribus

1974 1083 2106 1138 locis
2142 1085 2484 1148 commorari,
2529 1093 2657 1138 tunc
2706 1100 2801 1153 per
2853 1095 3092 1153 apertam
3135 1085 3276 1139 viam
3310 1087 3537 1156 ingressi

1972 1187 2096 1229 sunt
2123 1186 2414 1245 sequentes
2455 1176 2739 1229 Dominum
2778 1193 2958 1242 suum,
2989 1187 3041 1231 et
3071 1189 3322 1243 parentes
3350 1179 3538 1232 volun-

1975 1268 2065 1322 tati
2104 1268 2259 1336 ejus,
2293 1269 2384 1337 qui
2439 1269 2710 1322 distribuit
2759 1284 2853 1323 eos
2903 1271 3152 1325 custodes
3202 1273 3535 1326 credentium

1973 1360 2174 1414 nomini
2226 1375 2347 1416 suo.
2384 1360 2460 1414 'I‘u
2493 1361 2608 1413 heri
2638 1363 2738 1415 sub
2772 1362 3043 1416 daemonio
3070 1376 3210 1424 eras.
3245 1363 3404 1417 hodie
3436 1365 3537 1417 sub

1971 1453 2178 1519 angelo.
2215 1473 2234 1504 ι
2269 1453 2377 1508 Nec
2425 1453 2591 1506 multo
2638 1462 2756 1522 post
2789 1473 2800 1507 :
2837 1472 2856 1504 ι
2890 1453 3080 1508 Omnia
3133 1456 3336 1524 angelis
3378 1456 3532 1526 plena

1970 1553 2088 1598 sunt
2125 1561 2138 1598 :
2174 1546 2312 1608 veni,
2347 1545 2563 1615 angelo,
2589 1547 2800 1616 suscipe
2833 1563 3080 1604 sermone
3107 1564 3424 1603 conversum
3462 1552 3530 1603 ab

1970 1653 2157 1692 errore
2185 1639 2433 1705 pristino,
2459 1654 2489 1693 ει
2527 1639 2773 1694 doctrina
2807 1641 3216 1707 daemoniorum,
3241 1642 3308 1696 ab
3341 1643 3535 1712 iniqui-

1972 1730 2176 1784 tate‘in
2227 1731 2405 1784 Altum
2456 1731 2706 1800 loquente
2743 1741 2842 1786 :et
2885 1734 3184 1803 suscipiens
3229 1750 3351 1788 eum
3382 1737 3532 1803 quasi

1972 1824 2212 1878 medicus
2232 1826 2402 1878 bonus
2424 1826 2649 1878 conl‘ove
2685 1833 2845 1894 atque
2870 1827 3110 1881 institue.
3130 1827 3392 1882 Parvulas
3412 1840 3494 1883 est
3512 1847 3527 1894 ;

1975 1916 2131 1969 hodie
2180 1917 2421 1971 nascitur
2447 1932 2610 1970 senex
2639 1932 3026 1985 repuerasecns
3053 1936 3067 1972 :
3095 1930 3150 1974 et
3179 1921 3390 1988 suscipe
3430 1922 3529 1973 ιιι-

1970 2007 2139 2064 litteris
2188 1992 2241 2058 ei
2292 2006 2617 2073 baptismum
2669 2009 2920 2062 secunda:
2976 2011 3445 2079 regenerationis,
3479 2023 3533 2065 et

1971 2097 2172 2149 advoca
2204 2097 2295 2150 tibi
2324 2099 2457 2150 alios
2491 2099 2670 2151 socios
2699 2099 2980 2151 ministerii
3018 2101 3117 2161 tui,
3152 2109 3207 2152 ut
3233 2102 3410 2154 cuncti
3435 2115 3529 2168 pa-

1970 2186 2101 2238 riter
2143 2199 2237 2238 eus
2289 2185 2379 2254 qui
2431 2186 2722 2254 aliquando
2750 2186 2952 2253 decepti
2981 2196 3140 2248 sunt,
3175 2190 3433 2241 erttdiatis
3464 2192 3530 2241 ad
3563 2201 3568 2206 '

1970 2276 2146 2331 fidem.
2178 2296 2197 2328 ι
2219 2277 2765 2330 Animadvertendum
2795 2285 2848 2329 et
2875 2277 3000 2330 illttd
3033 2289 3117 2331 est
3143 2294 3173 2332 e
3199 2280 3292 2332 lib.
3314 2295 3352 2332 ιι
3389 2281 3528 2348 Περὶ
3562 2285 3567 2293 “

1964 2366 2185 2437 ἀρχῶν,
2210 2383 2334 2437 cap.
2377 2369 2466 2434 10,
2503 2385 2650 2423 num.
2686 2369 2756 2422 7:
2802 2389 2819 2421 ι
2853 2369 3036 2424 Potest
3066 2381 3242 2424 autem
3282 2385 3336 2426 et
3373 2375 3532 2426 tertio

1966 2474 2126 2514 sensu
2173 2459 2301 2512 illud
2352 2461 2576 2532 intelligi
2613 2461 2680 2515 de
2716 2461 2980 2516 divisione
3007 2463 3129 2526 ista,
3175 2472 3232 2516 ut
3277 2465 3528 2530 quoniam

1967 2539 2254 2621 unicuique
2301 2552 2532 2607 fidelium
2561 2592 2577 2619 ,
2623 2551 2834 2606 etiamsi
2869 2553 3122 2608 minimus
3163 2555 3234 2608 sit
3261 2555 3314 2608 iit
3344 2555 3528 2610 Eccle-

1965 2644 2066 2704 sia,
2102 2644 2294 2696 adesse
2337 2643 2563 2713 angelus
2607 2643 2829 2706 dicitur,
2868 2644 2959 2712 qui
3006 2644 3168 2698 etiam
3206 2660 3420 2714 semper
3445 2646 3527 2699 vi-
3563 2663 3566 2668 '

1965 2734 2089 2788 dere
2120 2732 2314 2790 faciem
2368 2735 2462 2789 Dei
2499 2733 2680 2789 Patris
2712 2751 2740 2788 a
2772 2735 3055 2790 Salvatore
3085 2736 3438 2804 perhibetur;
3473 2749 3528 2791 et

1965 2827 2051 2881 hic
2081 2829 2170 2897 qui
2203 2828 2386 2896 utique
2421 2842 2584 2881 tmttm
2617 2837 2732 2882 erat
2763 2842 2885 2883 cum
2914 2841 2979 2882 eo
3020 2828 3104 2882 cui
3132 2838 3378 2897 praeerat,
3407 2830 3453 2884 si
3482 2831 3526 2883 is

1964 2936 2056 2988 per
2089 2918 2504 2975 inobedientiam
2534 2918 2798 2973 efiiciatur
2824 2919 3097 2988 indignus,
3129 2920 3331 2974 auferri
3363 2921 3430 2976 ab
3455 2938 3522 2977 en
3553 2949 3569 2962 ι

1963 3011 2056 3066 Del
2080 3013 2302 3080 angelus
2327 3013 2572 3067 dicatur:
2599 3022 2654 3065 et
2683 3022 2807 3066 tunc
2834 3027 2957 3080 pars
2980 3011 3116 3080 ejus,
3145 3013 3197 3066 id
3219 3023 3302 3066 est
3334 3014 3524 3066 Imma:

1889 3113 1892 3116 ί
1962 3117 2044 3156 me
2073 3112 2280 3156 naturae
2309 3116 2436 3170 pars
2465 3102 2650 3156 avulsa
2682 3119 2710 3154 ιι
2739 3102 2830 3155 Dei
2866 3115 3020 3171 parte
3049 3118 3170 3156 cum
3215 3103 3523 3158 infidelibus

1959 3194 2520 3262 deputatur,qunniain
2540 3195 2987 3248 commonitiones
3007 3196 3230 3263 appositi
3250 3196 3350 3250 sibi
3370 3213 3396 3249 a
3417 3197 3526 3250 Deo
3555 3217 3569 3243 ι

215 3298 220 3303 ’
285 3295 574 3366 Urigenem
624 3294 933 3364 assignasse
972 3312 985 3347 :
1020 3296 1290 3364 geminum
1330 3295 1597 3364 siquidem
1645 3297 1851 3352 unicui-

1958 3285 2131 3356 angcli
2166 3300 2268 3339 non
2303 3285 2535 3339 fideliter
2564 3285 2878 3339 custodivit.
2916 3303 2934 3334 I
2971 3283 3140 3338 Tomo
3178 3301 3390 3354 quoque
3425 3303 3522 3340 xttt
3563 3318 3566 3322 -

282 3403 394 3457 que
430 3387 683 3443 Ecclesiae
711 3402 945 3459 praeesse
972 3389 1214 3444 decrevit
1241 3388 1578 3458 episcopum,
1607 3400 1853 3458 aspecta-

284 3481 450 3537 bllem
475 3482 660 3546 alium,
683 3481 788 3534 alin
801 3498 847 3533 ιιι
869 3481 969 3535 sub
991 3481 1177 3536 oculos
1195 3483 1505 3551 neutiquam
1534 3485 1848 3545 cadentem;

285 3577 547 3630 suadente
577 3573 932 3645 Apocalypsis
961 3573 1205 3629 secundo
1226 3575 1422 3643 capite,
1466 3574 1555 3627 ubi
1591 3573 1757 3626 multa
1789 3575 1852 3627 de

285 3669 492 3742 angelis
546 3667 910 3722 Ecclesiarttm
965 3666 1332 3719 Asiaticorum
1389 3680 1532 3719 curae
1582 3663 1853 3732 pra'fectis

285 3765 647 3818 disseruntur.
680 3760 808 3826 Quae
833 3759 1123 3822 sententia,
1155 3757 1410 3827 quoniam
1460 3755 1714 3808 tralatitia
1747 3762 1849 3820 est,

286 3867 343 3914 et
371 3855 592 3910 Patrum
646 3869 907 3908 consensu
956 3852 1182 3906 subnixa
1211 3890 1226 3916 ,
1274 3849 1535 3902 addemus
1581 3862 1642 3900 ea
1676 3845 1848 3900 solum

289 3950 538 4021 Origenis
584 3949 742 4002 verba
780 3962 842 4000 ex
881 3943 1068 3998 homil.
1109 3942 1180 3994 ‘25
1234 3943 1288 3993 in
1320 3939 1447 3992 Luc.
1484 3951 1502 3989 :
1539 3957 1556 3989 ι
1597 3936 1708 4006 Ego
1745 3951 1847 3990 non

287 4044 503 4114 ambigo
529 4052 582 4096 et
617 4043 668 4092 in
701 4051 840 4093 coetu
888 4047 1075 4092 nostro
1110 4035 1299 4090 adesse
1343 4031 1586 4102 angelos,
1621 4046 1728 4084 non
1762 4044 1851 4083 so-

291 4141 400 4194 lum
456 4133 784 4206 generaliter
849 4130 992 4185 omni
1021 4125 1302 4185 Ecclesiae,
1333 4125 1425 4179 sed
1462 4123 1624 4175 etiam
1650 4120 1850 4192 sigilla-

291 4234 384 4288 titn
414 4249 428 4285 :
459 4231 523 4285 de
547 4227 738 4297 quibus
769 4223 1016 4278 Salvator
1046 4221 1121 4273 ait
1152 4236 1166 4272 :
1208 4217 1394 4286 Angeli
1434 4232 1612 4268 eorum
1652 4229 1851 4281 semper

285 4327 457 4380 vident
508 4321 696 4392 faciem
736 4317 906 4370 Patris
938 4315 1037 4368 mei
1060 4313 1150 4382 qui
1180 4312 1235 4363 in
1265 4309 1406 4363 caelis
1432 4317 1507 4361 est
1542 4307 1608 4359 δ’.
1645 4305 1846 4375 Duplex

287 4421 376 4475 hic
404 4419 556 4472 adest
605 4410 843 4474 Ecclesia
869 4450 883 4473 ,
920 4422 1024 4464 una
1062 4403 1336 4459 hominum
1365 4440 1380 4464 ,
1408 4400 1575 4453 altera
1630 4395 1846 4467 angelo-

287 4499 428 4568 rum.
459 4510 515 4564 Si
547 4505 843 4578 quidjuxta
881 4501 1162 4566 rationem,
1188 4505 1242 4550 et
1265 4495 1418 4567 juxta
1445 4491 1846 4558 Scripturarum

283 4607 513 4660 dicimus
537 4601 886 4662 voluntatem,
915 4593 1165 4647 laetantur
1190 4587 1385 4656 angeli,
1411 4597 1466 4640 et
1487 4591 1644 4640 oratat
1666 4580 1847 4635 nobis-

281 4667 430 4755 cum.
480 4697 545 4753 Et
591 4692 715 4764 quia
759 4695 1050 4761 praesentes
1102 4680 1275 4752 angeli
1327 4688 1451 4734 sunt
1500 4676 1552 4730 in
1584 4673 1842 4735 Ecclesia,

281 4793 337 4848 in
372 4789 460 4845 illa
494 4791 754 4842 duntaxat
791 4797 909 4851 quae
941 4785 1198 4837 meretur,
1244 4783 1298 4826 et
1335 4768 1532 4825 Christi
1569 4775 1652 4822 est
1676 4808 1692 4833 ,
1718 4781 1845 4834 pro-

280 4895 466 4954 pterea
493 4879 774 4936 orantibus
828 4872 1046 4928 feminis
1079 4865 1388 4938 praecipitur
1417 4861 1485 4927 δ’,
1527 4870 1583 4914 ιιι
1607 4861 1846 4954 habeant

280 4950 521 5036 relamen
572 4986 732 5040 super
761 4976 925 5038 caput
967 4970 1193 5032 propter
1233 4955 1448 5026 angelos
1473 4994 1487 5014 ,
1544 4953 1727 5020 utique
1779 4950 1845 5003 il-

278 5071 359 5123 Ius
405 5069 495 5137 qui
546 5065 803 5118 assistunt
850 5058 1091 5120 sanctis,
1141 5061 1197 5107 et
1248 5050 1499 5103 Iactantur
1551 5046 1604 5100 iti
1659 5043 1844 5100 Eccle-

275 5177 380 5214 Sla.
426 5179 444 5212 ι

348 5250 587 5306 XXVIII.
624 5247 692 5302 At
724 5252 790 5302 de
813 5243 1019 5313 angelis
1063 5240 1340 5296 hominum
1371 5231 1628 5289 custodian
1653 5227 1845 5298 praefe-

272 5345 403 5407 ctis,
425 5344 551 5413 quid
581 5341 810 5396 sentiret
836 5336 1119 5404 Origenes,
1138 5343 1342 5386 certum
1360 5343 1465 5381 non
1491 5324 1694 5379 habuit.
1710 5320 1842 5374 Nam

275 5439 510 5510 primum
544 5432 803 5501 relinquit
851 5429 1070 5483 dubium
1100 5467 1115 5488 ,
1155 5423 1458 5494 singulisne
1493 5417 1799 5474 hominibus
1825 5457 1841 5482 ,

273 5548 342 5586 an
374 5529 574 5585 (lhristi
606 5527 762 5580 fidem
797 5523 967 5578 solum
1015 5518 1290 5589 professis,
1337 5526 1389 5569 et
1418 5513 1618 5568 sanctis
1663 5518 1844 5565 custos

273 5622 500 5693 angelus
551 5619 880 5686 assignetur.
936 5610 1211 5693 Posterius
1251 5607 1380 5662 illud
1432 5606 1573 5662 tueri
1629 5603 1842 5658 videtur

275 5691 464 5773 boinil.
493 5715 564 5769 20
594 5713 649 5766 in
703 5691 1085 5773 Nttm.,'nutn.
1130 5699 1182 5767 5,
1215 5710 1270 5755 et
1310 5693 1495 5753 homil.
1521 5695 1594 5752 25
1617 5695 1672 5751 in
1699 5693 1837 5751 103..

343 5901 385 5930 δ’
426 5897 611 5954 Matth.
649 5910 802 5959 κγιιι,
844 5891 925 5946 lt}.
1023 5887 1064 5920 ἰ’
1099 5885 1256 5941 lCor.
1295 5878 1483 5949 x510}

1956 3383 2014 3436 in
2039 3380 2256 3445 Matth.,
2297 3397 2441 3434 num.
2466 3380 2522 3442 6,
2549 3380 2679 3434 solis
2717 3379 2780 3433 iis
2816 3380 3116 3449 angelicam
3157 3381 3364 3434 videtur
3386 3383 3524 3435 assi-

1957 3485 2123 3543 gnare
2153 3472 2404 3536 tutelam,
2440 3474 2529 3540 qui
2561 3487 2624 3524 ea
2673 3485 2730 3524 se
2758 3471 2948 3541 dignos
2989 3473 3336 3539 praestiterint
3367 3471 3522 3525 :"lva

1956 3566 2260 3640 ὲνεργήσῃ,
2304 3564 2509 3630 inquit,
2557 3561 2772 3632 πνεῦμα
2829 3561 3135 3632 ἀκάθαρτον
3178 3563 3258 3624 εὶς
3297 3562 3387 3615 τὸν
3435 3562 3526 3617 διά

1952 3675 2102 3720 τινας
2132 3657 2309 3719 αἰτίας
2334 3653 2756 3726 παραδιδόμενον
2782 3651 2948 3722 αὐτῷ,
2985 3653 3078 3704 καὶ
3118 3653 3191 3729 μὴ
3225 3654 3523 3725 ποιήσαντα

1955 3749 2144 3802 ἑαυτὸν
2172 3747 2321 3813 ἄξιον
2349 3747 2589 3819 φρουρᾶς
2621 3744 2935 3814 ἀγγελικῆς·
2959 3754 3012 3797 et
3048 3755 3190 3797 tumo
3225 3757 3482 3812 sequente
3503 3785 3521 3810 ,

1957 3840 2104 3894 num.
2146 3841 2239 3902 2|,
2287 3854 2465 3892 annon
2509 3839 2686 3890 anima
2735 3852 2853 3905 quae
2885 3835 3060 3905 angeli
3114 3836 3330 3889 tutelam
3361 3835 3524 3891 fuerit

1954 3935 2280 4004 promerita,
2315 3931 2362 3985 ei
2399 3931 2606 3994 nubat,
2637 3930 2708 3983 ita
2746 3929 3006 3997 inquirit,
3043 3939 3098 3981 ut
3150 3928 3200 3982 id
3251 3927 3521 3983 allirmarc

1955 4027 2232 4091 videatur;
2274 4023 2529 4091 additque
2556 4036 2674 4075 eam
2721 4020 3026 4089 ltujusmodi
3082 4019 3311 4088 praesidii
3346 4022 3517 4090 gratia

1955 4133 2109 4187 posse
2138 4117 2413 4180 excidere,
2448 4116 2490 4169 si
2540 4128 2642 4182 qua
2680 4113 2797 4167 labe
2844 4112 3042 4165 fmilata
3083 4112 3406 4182 reperiatur;
3443 4114 3522 4166 al-

1955 4212 2160 4280 terique
2183 4210 2373 4279 subjici
2403 4209 2616 4278 angelo,
2641 4217 2801 4276 atque
2838 4207 2966 4260 item
3010 4207 3203 4269 alteri,
3239 4217 3398 4276 prout
3422 4225 3514 4262 e0—

1954 4317 2068 4356 rum
2101 4316 2201 4369 npe
2234 4310 2287 4354 et
2317 4301 2596 4354 consortio
2621 4300 2891 4368 indignam
2937 4314 2996 4352 se
3029 4297 3374 4366 praestiterit;
3419 4314 3518 4352 nec

1951 4394 2148 4464 angeli,
2187 4408 2216 4446 a
2245 4407 2351 4463 quo
2380 4391 2546 4446 semel
2579 4392 2856 4458 repudiata
2889 4399 2990 4452 est,
3029 4391 3384 4458 patrocinium
3413 4390 3516 4444 ite-

1953 4503 2068 4540 rum
2101 4487 2206 4540 sibi
2241 4466 2504 4558 spondere
2533 4499 2706 4553 posse.
2736 4482 2920 4538 Utitur
2945 4483 3008 4534 ad
3039 4483 3153 4533 haec
3180 4480 3299 4556 libri
3330 4481 3519 4534 I’asto-

1951 4583 2024 4634 ris
2077 4580 2446 4643 auctoritate,
2490 4580 2578 4647 qui
2621 4577 2866 4631 homines
2919 4574 3193 4628 Christum
3243 4573 3516 4642 professos

1952 4672 2200 4728 Michacli
2249 4671 2440 4742 subjici
2476 4670 2654 4735 docet,
2697 4668 2789 4722 sed
2821 4678 3040 4735 prepter
3072 4667 3362 4734 voluptatis
3398 4676 3501 4719 stu-

1951 4766 2116 4829 dium,
2142 4762 2195 4819 in
2238 4743 2457 4817 tutelam
2481 4761 2724 4823 alterius,
2746 4761 2837 4829 qui
2862 4758 3070 4812 deliciis
3102 4767 3318 4824 praeest,
3351 4766 3517 4810 trans-

1953 4858 2049 4919 ire,
2087 4869 2195 4910 tum
2249 4855 2402 4908 alteri
2436 4853 2570 4906 tradi
2605 4853 2694 4920 qtti
2728 4850 2937 4920 ptenis,
2966 4865 3028 4903 ac
3076 4850 3124 4904 ei
3168 4850 3382 4904 demum
3425 4851 3514 4917 qui

1951 4947 2282 5015 ptnnitentiae
2307 4945 2592 5018 praefectus
2614 4953 2712 4996 est.
2744 4941 2975 4995 Rursum
2998 4941 3188 4994 homil.
3213 4940 3282 4992 25
3310 4940 3361 4990 in
3387 4936 3512 4990 Luc.

1951 5039 2168 5104 angelus
2201 5049 2494 5107 praesentes
2517 5051 2638 5089 esse
2665 5035 2824 5088 docet
2854 5034 2907 5086 in
2961 5047 3023 5086 ea
3065 5031 3237 5084 solum
3275 5029 3514 5084 Ecclesia

1954 5147 1974 5181 ι
2005 5127 2141 5199 quae
2167 5139 2426 5191 uteretur,
2451 5139 2502 5180 et
2539 5127 2738 5180 Christi
2767 5134 2868 5179 est.
2925 5143 2944 5176 ι
2997 5125 3102 5178 Sed
3138 5133 3192 5174 et
3217 5121 3347 5173 mihi
3381 5137 3516 5189 pene

1949 5224 2075 5278 illttd
2102 5223 2398 5284 exciderat,
2433 5221 2572 5289 quod
2595 5221 2670 5273 ait
2694 5219 2880 5273 homil.
2907 5218 2939 5272 5
2962 5219 3015 5270 in
3048 5216 3240 5282 N’um.,
3279 5231 3426 5270 num.
3455 5215 3509 5276 3,

1953 5335 1972 5365 ι
2005 5300 2149 5369 ’.ἰυειί
2178 5313 2321 5367 enim
2371 5321 2495 5367 sunt
2519 5350 2534 5375 ,
2569 5311 2658 5381 qui
2713 5310 2956 5377 indigent
2989 5307 3258 5376 adjutorio
3289 5305 3509 5375 angelo-

1879 5417 1884 5421 '
1948 5426 2066 5462 rum
2098 5407 2188 5460 Dei
2216 5446 2231 5471 ,
2263 5405 2337 5462 uti
2385 5421 2454 5458 ne
2495 5419 2524 5458 a
2561 5403 2900 5456 daemonibus
2942 5398 3296 5462 subrnantur,
3337 5407 3391 5451 et
3445 5413 3510 5449 ne

1885 5507 1889 5511 '
1948 5501 2112 5557 cerda
2151 5514 2336 5554 eorum
2363 5497 2556 5570 sagitta
2595 5495 2813 5549 volante
2863 5494 2912 5544 in
2956 5475 3193 5546 tenebris
3234 5490 3508 5542 terebreno

1952 5587 2075 5663 tur;
2125 5613 2146 5646 ι
2175 5603 2228 5647 et
2271 5590 2415 5666 quod
2455 5590 2549 5644 lib.
2581 5602 2678 5641 vnt
2707 5596 2891 5640 contra
2918 5583 3083 5649 Cels.,
3116 5597 3263 5636 num.
3297 5578 3389 5644 56,
3419 5580 3506 5639 ubi

1949 5691 2129 5745 datam
2166 5700 2283 5742 esse
2309 5681 2538 5740 daemoni
2578 5681 2864 5737 adversum
2890 5678 3083 5754 impios
3111 5682 3428 5750 potestatem
3455 5683 3509 5731 et
