4054 6310
494 383 596 436 879

1764 374 1822 432 P.
1870 376 2180 434 DANfELlS
2218 374 2459 431 HUETI!

3651 383 3753 438 880

496 502 779 570 imperium
813 495 1047 563 fatetur;
1077 504 1295 550 sanctos
1323 502 1503 549 autem
1527 508 1556 548 a
1585 492 1803 548 Christo
1829 497 2062 565 protegi,
2097 500 2140 557 Α
2169 497 2249 551 vis
2286 506 2341 551 et
2379 498 2478 566 ipsi
2522 499 2750 568 apostoli
2797 498 3004 569 angelis
3039 509 3262 556 utantur
3290 502 3634 572 adjutorlbus
3685 505 3755 557 ad

499 593 589 660 qui
610 599 798 646 contra
828 589 1128 642 daemonum
1158 584 1401 639 assultus
1431 584 1651 653 angelos
1698 602 1829 640 suos
1862 596 2067 641 tutores

496 683 565 736 iis
603 680 827 735 addidit.
875 677 930 731 id
975 676 1115 745 quod
1159 676 1400 730 suasisse
1437 674 1649 730 videtur
1688 674 1911 743 Origeni
1958 676 2066 730 Da-

495 773 732 825 vidicum
796 769 923 822 illul
989 766 1179 836 psalmi
1241 781 1434 830 xxxiii,
1496 768 1526 822 8
1571 786 1585 822 :
1627 785 1647 819 ι
1701 768 2068 824 Castramela-

496 864 642 918 bitur
680 860 908 930 angelus
956 859 1166 915 Domini
1209 858 1261 913 in
1297 859 1527 912 circuitu
1562 858 1871 914 timentium
1919 876 2067 927 eum,

497 966 551 1012 et
584 956 772 1018 eripiet
806 968 918 1008 eos.
954 971 972 1002 ι

568 1050 621 1101 lu
661 1045 933 1101 contraria
975 1044 1152 1097 autem
1196 1042 1324 1096 alibi
1372 1042 1643 1106 discedit,
1688 1052 1743 1097 et
1790 1043 2064 1099 neminem

498 1139 693 1197 asserit
732 1137 977 1207 angelico
1020 1149 1209 1188 carere
1248 1134 1503 1202 pra-sidio
1552 1156 1564 1189 :
1606 1145 1733 1204 puta
1777 1145 1923 1190 tomo
1968 1151 2068 1189 xm

495 1238 549 1290 in
577 1232 797 1294 Matth,
824 1245 972 1284 num.
998 1228 1053 1291 5,
1095 1228 1185 1281 ubi
1210 1226 1446 1280 lunatico
1476 1227 1625 1291 huic,
1661 1244 1821 1298 quem
1858 1230 2070 1283 curavit

500 1327 797 1387 Dominus,
838 1320 1084 1392 angelum
1138 1320 1337 1373 bonum
1396 1316 1637 1373 adfuisse
1693 1319 1895 1385 docet,
1956 1328 2068 1373 tum

493 1422 655 1475 etiam
684 1433 805 1471 cum
845 1432 875 1471 a
906 1415 1149 1470 dannone
1186 1422 1501 1477 vexaretur,
1548 1422 1602 1466 et
1654 1413 1888 1466 nondum
1923 1413 2069 1467 salu-

497 1526 667 1569 tarem
704 1512 903 1568 Christi
940 1524 1092 1579 opem
1136 1507 1393 1561 sensisset
1426 1526 1440 1561 ε
1469 1505 1656 1578 Πατὴρ
1693 1506 1748 1559 δὲ
1788 1506 1880 1560 τοῦ
1919 1506 2070 1576 σελη-

497 1606 812 1677 νιαζομένου
835 1605 974 1673 τάχα
1003 1604 1030 1655 ὁ
1058 1599 1235 1671 λαχὼν
1272 1598 1431 1653 αὑτὸν
1468 1598 1715 1665 ἄγγελοςο
1748 1599 1855 1651 εἴτε
1888 1600 2069 1652 πᾶσαν

497 1700 711 1755 λεκτέον
753 1696 1100 1767 ἀνθρωπίνην
1145 1692 1321 1763 ψυχὴν
1370 1691 1476 1744 ὑπό
1518 1708 1620 1743 τινι
1674 1690 1931 1761 τετάχθαι
1976 1692 2072 1760 ἀγ-

496 1770 673 1863 γέλῳ(
708 1789 969 1845 lllustrior
997 1788 1155 1841 ciam
1185 1794 1268 1839 est
1312 1783 1461 1838 locus
1499 1782 1636 1836 alter
1675 1798 1740 1837 ex
1779 1782 1963 1836 homil.
1998 1783 2068 1838 55

496 1860 551 1938 in
598 1860 729 1937 Luc.
777 1881 828 1933 in
858 1895 964 1949 quo
1016 1875 1361 1947 parvulorum
1400 1877 1488 1946 qui
1522 1875 1774 1929 Ecclesia:
1807 1873 2073 1929 dederunt
2104 1860 2145 1915 Β

498 1990 733 2039 nomen,
781 1972 1000 2042 angelos
1031 1970 1220 2025 faciem
1252 1969 1489 2024 cmleStis
1536 1966 1715 2022 Patris
1749 1982 1963 2036 semper
1992 1967 2073 2020 vi-

498 2070 630 2123 dere
678 2072 979 2129 asseverat;
1029 2060 1121 2131 qui
1158 2075 1285 2115 vero
1320 2060 1387 2113 ab
1422 2058 1660 2114 Ecclesia
1710 2058 1868 2113 alieni
1922 2068 2069 2127 sunt,

497 2175 684 2217 eorum
712 2157 934 2228 angelos
966 2157 1032 2210 ad
1071 2152 1309 2207 caelestis
1341 2151 1518 2205 Patris
1551 2150 1742 2205 faciem
1774 2150 1961 2205 oculos
1988 2159 2073 2202 at—

500 2251 686 2307 tollere
713 2263 817 2302 non
852 2247 1086 2312 audere;
1127 2255 1179 2300 et
1218 2259 1316 2314 pro
1364 2243 1641 2297 hominum
1691 2241 1794 2297 sibi
1827 2242 2070 2296 subdito-

499 2360 617 2398 rum
644 2340 856 2398 meritis
888 2355 952 2395 ac
976 2337 1300 2403 virtutibus,
1346 2335 1464 2406 plus
1508 2336 1785 2399 minusve,
1811 2333 1893 2388 vel
1929 2348 2072 2389 sem-

498 2451 615 2505 per,
648 2433 732 2487 vel
766 2446 1038 2500 nunquam
1086 2428 1179 2482 Dei
1230 2428 1435 2482 vultum
1481 2425 1837 2495 contemplari
1888 2438 2068 2494 posse.

499 2526 638 2592 Quin
671 2523 837 2577 etiam
875 2520 1165 2588 unicuique
1191 2517 1409 2587 angelos
1435 2517 1569 2571 duos
1592 2556 1607 2581 ,
1635 2516 1835 2570 bonum
1863 2531 2027 2569 unum
2053 2555 2069 2582 ,

499 2617 699 2671 malum
746 2614 969 2668 alterum
1002 2612 1193 2665 adesse
1226 2624 1331 2663 non
1364 2623 1470 2663 uno
1501 2608 1620 2663 loco
1668 2608 2067 2679 pronuntiavit,

518 2719 558 2769 It
590 2707 750 2778 paulo
776 2704 1000 2762 inferius
1040 2702 1406 2758 ostendemus.

571 2800 788 2855 Dubitat
816 2809 1075 2868 praeterea
1119 2794 1383 2863 Origenes
1412 2801 1592 2848 utrum
1629 2791 1697 2847 ab
1734 2793 1850 2861 ipso
1883 2790 2065 2846 statim

498 2904 620 2956 artu
648 2892 869 2963 angelus
895 2905 1076 2945 comes
1101 2888 1306 2943 homini
1338 2886 1531 2952 electo,
1562 2895 1617 2941 et
1640 2885 1798 2940 saluti
1828 2884 2070 2940 destina-

500 2996 555 3041 to
584 2984 904 3054 adiungatur
928 2997 957 3035 a
994 2981 1103 3037 Deo
1133 3025 1146 3048 ,
1177 2996 1245 3035 an
1282 2995 1310 3034 a
1342 2979 1630 3048 baptismo.
1675 2977 1890 3032 Prostat
1915 2977 2071 3033 locus

503 3089 647 3133 tomo
690 3090 785 3129 xui
820 3075 876 3127 in
916 3071 1134 3137 Matth"
1180 3086 1329 3125 num.
1381 3068 1471 3134 26,
1506 3070 1592 3123 ubi
1636 3066 1762 3121 illud
1795 3067 2071 3138 evangeli-

498 3181 597 3225 sta:
637 3169 685 3202 ’⁵⁸
734 3168 1030 3237 explanans
1059 3185 1073 3221 :
1109 3185 1127 3218 ι
1163 3165 1353 3219 Videte
1407 3178 1476 3218 ne
1507 3161 1866 3216 contemnalis
1902 3175 2067 3213 unum

498 3278 564 3317 ex
596 3261 682 3316 his
709 3257 917 3329 pusillis
947 3297 964 3323 ,
996 3276 1015 3308 ι
1044 3255 1236 3325 quierit
1266 3268 1448 3309 annon
1482 3253 1573 3322 qui
1613 3252 1665 3307 in
1689 3250 1909 3308 Christo
1937 3265 2066 3320 par-

496 3348 605 3405 vuli
636 3358 761 3404 sunt
789 3358 842 3403 et
864 3344 1522 3417 imperfecti,angelorum
1555 3342 1799 3397 custodia
1831 3350 2064 3414 egeant;

499 3439 732 3509 majores
777 3446 954 3492 autem
989 3446 1045 3492 et
1096 3434 1363 3506 perfecti,
1422 3432 1625 3488 Christi
1689 3431 1875 3501 ipsius.
1923 3430 2061 3485 Tum

496 3529 846 3600 quaestionem
880 3536 1358 3582 commemoratam
1387 3521 1663 3593 proponit,
1699 3521 1893 3591 ecquid
1919 3528 2066 3590 post-

496 3636 659 3692 quam
690 3621 798 3676 uati
819 3631 945 3676 sunt
973 3618 1227 3684 infantes,
1256 3632 1329 3671 an
1356 3624 1639 3685 postquam
1672 3613 1870 3681 renati,
1899 3626 2066 3682 ange-

496 3710 671 3767 lorum
703 3706 984 3767 custodum
1008 3709 1281 3765 consortio
1309 3706 1575 3761 fruantur.
1602 3703 1904 3774 Utramque
1934 3702 2067 3761 locis

494 3818 530 3860 e
556 3800 839 3873 Scriptura
878 3801 1122 3871 quaesitis
1146 3799 1300 3854 fulcit
1332 3798 1679 3864 sententiam,
1710 3795 1804 3852 sed
1829 3795 2065 3867 priorem

498 3892 772 3962 pluribus;
802 3891 1083 3960 posteriori
1112 3904 1241 3945 vero
1284 3901 1617 3960 consequens
1641 3899 1763 3942 esse
1796 3884 2064 3955 agnoscit,

496 3983 703 4054 angelis
755 3982 970 4038 Satanae
1000 3982 1272 4037 subditum
1304 3994 1426 4035 esse
1476 3978 1749 4033 hominem
1777 4015 1796 4043 ,
1828 3978 2064 4045 quandiu

498 4076 661 4131 fidem
686 4073 887 4130 Christi
922 4088 1028 4128 non
1057 4072 1314 4141 suscepit.
1352 4070 1593 4125 lnsolens
1617 4079 1796 4125 autem
1827 4084 1890 4124 ac
1916 4069 2068 4123 dam-

499 4183 690 4223 nosum
728 4176 812 4221 est
838 4164 980 4235 quod
1031 4162 1237 4234 adjicit,
1291 4160 1539 4229 angelum
1590 4159 1825 4215 fortasse
1856 4157 2064 4215 homini

499 4259 741 4317 nascenti
795 4257 1070 4312 custodem
1117 4254 1399 4317 additum,
1456 4250 1653 4305 malum
1706 4250 1862 4305 initio
1914 4265 2064 4316 esse;

496 4351 696 4407 Christi
722 4349 916 4406 deinde
951 4347 1252 4403 doctrinam
1282 4352 1596 4415 capesseute
1619 4356 1811 4412 puero,
1842 4342 2065 4397 eosdem

498 4444 678 4498 facere
725 4454 1040 4513 progressus
1071 4438 1316 4509 angelum
1342 4478 1359 4504 ,
1390 4447 1444 4491 et
1475 4434 1672 4489 faciem
1705 4434 1919 4488 demmn
1952 4448 2065 4489 coa-

2172 587 2495 656 explendum
2525 590 2918 659 przedicationis
2945 607 3055 646 suae
3092 605 3378 660 munus,et
3410 610 3548 664 opus
3572 596 3751 649 Evan-

2172 679 2294 748 gelii
2328 687 2832 737 consummandum.
2878 681 2970 737 Sic
3003 684 3146 737 enim
3182 685 3462 741 dicebatur
3497 687 3552 741 in
3592 687 3746 741 Acti-

2170 773 2271 825 bus
2320 771 2682 841 apostolorum
2709 772 2777 837 ⁸⁵,
2828 774 2953 842 quia
2991 776 3216 844 angelus
3248 774 3389 830 Petri
3436 786 3606 842 esset,
3658 778 3748 845 qui

2170 860 2413 929 pulsaret
2437 862 2505 915 ad
2534 864 2754 918 ostium.
2789 862 3055 918 Similiter
3083 880 3213 934 ergo
3258 866 3578 937 intelligitur
3630 881 3752 923 esse

2167 964 2224 1009 et
2257 955 2393 1009 alius
2427 954 2574 1009 Pauli
2606 956 2830 1024 angelus
2854 998 2870 1020 ,
2912 957 3055 1010 sicut
3080 966 3161 1011 est
3203 957 3379 1019 Petri,
3406 968 3461 1014 et
3498 958 3639 1013 alius
3672 960 3755 1013 al—

2170 1046 2340 1101 terius
2368 1046 2619 1116 apostoli,
2646 1056 2701 1102 et
2726 1049 3060 1119 singulorum
3105 1064 3197 1115 per
3227 1050 3498 1105 ordinem.
3537 1070 3557 1102 »
3600 1050 3750 1117 Quo-

2171 1152 2292 1191 rum
2321 1138 2518 1192 similia
2555 1137 2717 1193 habet
2748 1139 2895 1193 hom.
2920 1138 2990 1191 Ξῖ»
3023 1140 3076 1191 in
3099 1138 3241 1206 λοι,
3279 1155 3426 1195 ιιιιιιι.
3459 1140 3515 1194 3.

2244 1230 2438 1285 XXIX.
2487 1232 2688 1285 Praeter
2739 1232 2983 1287 homines
3016 1233 3403 1303 hominumque
3451 1244 3753 1289 conventus

2173 1337 2235 1377 ac
2258 1323 2577 1386 societates,
2609 1332 2721 1376 tum
2766 1322 3180 1389 ecclesiasticas,
3212 1334 3321 1377 tum
3351 1324 3620 1392 politicas,
3650 1341 3755 1378 an~

2174 1413 2415 1483 gelorum
2445 1428 2588 1468 curae
2624 1414 2915 1482 permissas
2942 1454 2957 1477 ,
2991 1414 3096 1469 alia
3132 1404 3361 1485 quoque
3389 1416 3627 1468 inanima
3659 1431 3751 1470 re—

2172 1506 2359 1573 gimini
2398 1506 2634 1573 ipsorum
2673 1505 2886 1561 subdita
2916 1522 3036 1562 esse
3061 1507 3325 1569 decrevit,
3353 1508 3613 1576 variaque
3635 1510 3749 1563 haec

2175 1596 2295 1652 illos
2326 1599 2535 1652 meritis
2562 1600 2674 1653 suis
2717 1599 2939 1655 sortitos
2973 1598 3145 1652 oliicia
3173 1640 3187 1663 ,
3224 1607 3284 1654 ut
3330 1600 3376 1654 si
3416 1601 3505 1668 qui
3558 1601 3748 1656 bestiis

2173 1688 2411 1756 prmsint,
2447 1688 2634 1742 ferinis
2675 1687 2729 1741 id
2764 1690 2974 1742 aclibus
3005 1689 3114 1742 sint
3140 1689 3453 1751 consecuti;
3499 1688 3591 1757 qui
3618 1704 3747 1743 vero

2173 1792 2480 1835 sanctorum
2513 1797 2700 1851 preces
2733 1781 2842 1835 Deo
2871 1781 3069 1837 offerre
3089 1782 3227 1852 jussi
3258 1781 3387 1847 sint,
3423 1796 3517 1834 sua
3550 1781 3753 1848 pietate

2175 1873 2226 1927 id
2262 1874 2503 1928 muneris
2530 1875 2925 1942 prornerueriut
2959 1889 2975 1927 :
3011 1875 3138 1929 hinc
3170 1873 3429 1942 Raphaeli
3464 1872 3747 1926 medicinae

2175 1963 2408 2018 studium
2467 1963 2633 2019 fuisse
2666 1966 3015 2020 commissum
3046 2004 3063 2028 ,
3114 1979 3210 2035 pro
3259 1978 3357 2018 sua
3412 1964 3466 2017 in
3498 1963 3748 2018 homines

2176 2053 2478 2120 charitate;
2518 2055 2765 2109 Michaeli
2793 2097 2808 2120 ,
2840 2058 3148 2110 orationum
3182 2054 3292 2110 Deo
3346 2054 3745 2110 olferendarum

2175 2146 2487 2200 mandatum
2522 2146 2690 2202 fuisse
2720 2163 2946 2213 munus;
2980 2148 3245 2210 Gabrieli,
3281 2147 3543 2203 bellorum
3568 2148 3745 2202 admi-

2174 2236 2567 2292 nistrationem.
2623 2238 2870 2309 Legenda
2919 2240 2973 2292 in
3010 2254 3130 2291 eam
3181 2240 3504 2293 sententiam
3553 2237 3742 2292 homil.

2173 2326 2239 2380 M
2279 2327 2331 2379 in
2363 2325 2554 2391 Num.,
2584 2345 2733 2382 mnu.
2765 2330 2823 2395 9.,
2871 2343 2993 2400 pag.
3042 2329 3146 2384 523
3170 2369 3187 2395 ,
3214 2345 3320 2400 qua
3358 2329 3590 2398 plantis,
3622 2329 3743 2384 ani-

2172 2419 2404 2475 malibus
2426 2460 2442 2486 ,
2481 2421 2897 2492 animaliumque
2925 2421 3147 2488 fetibus,
3170 2422 3520 2487 exercitibus,
3551 2422 3743 2477 rebus-

2173 2527 2278 2583 que
2331 2512 2453 2567 aliis
2495 2514 2745 2578 terrenis,
2777 2516 2870 2569 sed
2904 2524 2961 2570 et
2988 2514 3193 2569 sanctis
3219 2515 3496 2583 operibus,
3530 2530 3745 2570 rerum-

2175 2618 2281 2673 que
2320 2604 2624 2659 divinarum
2673 2606 2949 2662 tradenda
2995 2609 3233 2665 scicntia:
3264 2607 3484 2680 angelos
3514 2622 3745 2675 praeesse

2171 2697 2390 2762 asserit,
2418 2698 2827 2770 cavendumque
2856 2700 3035 2754 sancit
3061 2717 3127 2756 ne
3156 2701 3385 2756 terrenis
3412 2698 3579 2754 dediti
3603 2699 3742 2754 acti-

2172 2788 2272 2842 bus
2318 2797 2373 2844 et
2419 2789 2716 2858 corporeis,
2753 2789 2891 2845 inter
2942 2791 3223 2860 deputatos
3261 2792 3327 2847 iis
3361 2791 3744 2846 administran-

2172 2879 2258 2934 dis
2313 2879 2535 2952 angelos
2571 2882 2929 2950 reperiemur.
2972 2882 3218 2954 Legenda
3263 2895 3318 2938 et
3360 2883 3552 2939 homil.
3592 2882 3663 2936 25
3689 2883 3745 2935 in

2168 2970 2314 3037 λοι,
2349 2989 2498 3026 num.
2527 2972 2583 3038 5,
2619 2981 2674 3028 et
2701 2972 2889 3027 homil.
2938 2974 3005 3028 10
3051 2976 3103 3029 in
3134 2975 3355 3043 Jerem.,
3394 2991 3542 3031 num.
3580 2974 3634 3039 6,
3690 2982 3742 3027 et

2171 3061 2290 3130 cap.
2329 3061 2361 3116 8
2407 3063 2527 3116 libri
2576 3080 2593 3117 ι
2640 3064 2779 3132 Περὶ
2812 3064 3035 3132 ἀρχῶν,
3087 3083 3235 3122 num.
3290 3067 3342 3132 1,
3379 3076 3432 3123 et
3466 3066 3601 3121 liber
3649 3080 3741 3119 vm

2174 3164 2356 3208 contra
2395 3152 2561 3219 Cels.,
2593 3171 2748 3209 num.
2795 3156 2884 3223 5|,
2935 3171 3042 3227 quo
3070 3156 3392 3227 Epicureum
3434 3157 3583 3211 illum
3610 3171 3743 3213 cott-

2174 3246 2357 3302 futatis
2391 3246 2786 3318 philosophum,
2854 3263 3035 3305 rerum
3090 3250 3372 3313 omnium,
3419 3265 3541 3319 quae
3568 3249 3621 3303 in
3663 3250 3746 3305 his

2168 3338 2521 3395 inferioribus
2559 3351 2824 3410 geruntur
2852 3340 2986 3397 locis
3015 3381 3030 3408 ,
3061 3341 3499 3411 procurationem
3533 3342 3587 3396 in
3635 3343 3741 3398 dae-

2169 3445 2362 3486 mones
2394 3433 2845 3488 transcribentem
2874 3473 2890 3499 ,
2921 3433 3128 3504 angelis
3153 3433 3306 3504 quasi
3335 3449 3402 3489 ex
3428 3434 3554 3504 jure
3583 3450 3743 3490 manu

2174 3520 2485 3577 confertum
2521 3524 2744 3593 reperit,
2789 3525 2927 3580 mala
2963 3525 3157 3590 solum,
3189 3535 3239 3579 et
3293 3526 3655 3590 incommoda,
3692 3537 3748 3583 et

2167 3629 2287 3684 qua:
2316 3613 2551 3670 hmnano
2597 3615 2783 3684 generi
2836 3616 2993 3671 noxia
3053 3623 3214 3683 sunt,
3245 3616 3563 3672 sterilitates
3593 3628 3740 3686 puta,

2169 3705 2531 3770 calamitates,
2562 3708 2857 3775 siccitates,
2893 3708 3253 3777 pestilentiam
3284 3748 3298 3771 ,
3331 3708 3544 3778 aliaque
3572 3709 3625 3763 id
3653 3723 3744 3780 ge-

2169 3811 2270 3853 nus
2286 3797 2354 3854 ad
2370 3807 2621 3854 auctores
2641 3800 2912 3856 daemones
2923 3800 3181 3864 referens,
3201 3799 3383 3856 divino
3394 3800 3603 3869 judicio
3622 3817 3744 3858 cer-

2171 3889 2241 3943 tis
2281 3890 2610 3959 temporibus
2636 3890 2778 3946 hanc
2823 3893 3109 3946 adversum
3142 3891 3391 3947 homines
3418 3904 3743 3962 potestatem

2168 3980 2547 4036 nancisceutes
2572 4020 2588 4046 ,
2638 3982 2730 4036 sed
2781 3982 3039 4037 adversus
3076 3984 3268 4054 impios
3318 3985 3618 4055 praesertim
3643 4025 3658 4046 .
3692 3994 3746 4040 et

2172 4089 2202 4127 a
2263 4074 2354 4127 Dei
2405 4074 2551 4129 cultu
2600 4076 2827 4132 alienos.
2877 4076 3258 4132 Verumtamen
3306 4077 3443 4133 libro
3479 4076 3746 4147 Περῑὰρ-

2169 4164 2294 4234 χῶν
2317 4181 2397 4229 ιιι,
2427 4181 2546 4236 cap.
2575 4166 2631 4227 3.
2669 4182 2816 4221 num.
2850 4166 2905 4232 2,
2939 4168 2992 4230 ὃ,
3030 4167 3435 4238 disciplinarum
3465 4177 3519 4223 et
3543 4168 3739 4222 artiqu

2170 4266 2493 4325 potestatem
2564 4260 2896 4329 spiritalibus
2958 4260 3283 4329 quibusdam
3347 4261 3528 4314 mundi
3591 4260 3746 4330 hujus

2169 4349 2404 4418 energiis
2470 4365 2533 4404 ac
2583 4350 2875 4407 virtutibus
2918 4350 3177 4417 ascribit;
3235 4360 3397 4421 atque
3440 4350 3567 4406 inde
3607 4352 3749 4405 exsi-

2170 4450 2314 4497 stere
2380 4443 2589 4500 furores
2658 4445 2941 4514 poeticos,
2997 4444 3353 4499 divinationes
3408 4452 3461 4500 et
3517 4444 3745 4511 magiam

499 4535 649 4590 lestis
676 4533 852 4588 Patris
882 4541 1161 4601 spectare:
1188 4528 1271 4584 vel
1292 4528 1520 4582 fortasse
1547 4525 1794 4597 angelum
1829 4525 2061 4591 homini.
2097 4555 2140 4610 ι)
2170 4532 2507 4587 arbitratur.
2576 4533 2708 4600 Qua:
2783 4549 2915 4589 sane
2985 4546 3050 4587 ex
3132 4531 3441 4588 Graecorum
3479 4572 3495 4596 ,
3570 4530 3747 4587 Musas

498 4625 580 4679 vel
630 4624 899 4678 hominem
944 4623 1133 4693 angelo
1180 4621 1368 4677 salutis
1416 4628 1695 4673 auctorem
1741 4617 2008 4673 exsistere
2046 4633 2061 4683 ;

498 4715 781 4781 nonnullos
804 4729 931 4769 vero
956 4729 986 4769 e
1011 4715 1313 4769 tutelarium
1342 4715 1656 4783 angelorum
1694 4724 1919 4763 numero
1942 4708 2061 4761 Pa—

499 4812 599 4865 tris
628 4808 867 4865 caalestis
895 4817 1107 4876 aspectu
1159 4821 1372 4875 semper
1424 4804 1550 4858 frui.
1588 4802 1790 4857 Deinde
1836 4801 2066 4870 opponit

495 4902 599 4958 sibi
621 4900 764 4972 quod
789 4900 840 4953 in
875 4898 1025 4951 Actis
1046 4898 1412 4963 apostolorum
1447 4894 1707 4963 scriptum
1734 4900 1818 4945 est
1847 4890 1915 4955 “,
1953 4889 2068 4959 pul-

495 5000 651 5046 sante
672 4990 868 5045 ostium
900 4986 1077 5051 Petro,
1113 4985 1202 5053 qui
1244 4984 1389 5037 intus
1420 4995 1595 5049 erant,
1627 4982 1795 5051 ipsius
1824 4994 1943 5033 esse
1968 4994 2067 5031 au-

499 5084 672 5153 gelum
702 5078 1117 5153 pronuntiasse;
1150 5090 1253 5129 non
1300 5089 1428 5142 ergo
1460 5072 1713 5143 perfectis
1747 5070 2023 5126 Christum
2049 5109 2065 5134 ,

501 5176 593 5228 sed
623 5172 870 5241 angelqu
904 5170 1088 5224 itidem
1113 5177 1169 5220 ut
1197 5164 1422 5233 reliquis
1453 5165 1745 5229 assistere;
1776 5164 2067 5232 respondet

501 5279 596 5336 pro
621 5264 869 5332 dogmate
895 5262 1216 5318 sententiam
1244 5258 1454 5312 illorum
1490 5257 1797 5325 neutiquam
1824 5270 1947 5308 esse
1974 5254 2066 5307 ha-

497 5354 748 5417 bendam,
773 5353 957 5420 quisic
980 5350 1237 5405 sentiunt.
1270 5348 1452 5416 itaque
1479 5345 1664 5399 homil.
1692 5345 1759 5397 24
1793 5345 1845 5397 in
1877 5342 2066 5406 Num.,

450 5432 453 5435 Α
500 5460 648 5500 num.
679 5445 736 5509 ὅ,
761 5443 925 5513 justis
960 5453 1015 5497 et
1041 5440 1228 5496 electis
1278 5441 1451 5509 ipsum
1502 5437 1692 5491 adesse
1746 5437 2024 5491 Dominum
2053 5475 2067 5500 ,

502 5538 847 5595 inferioribus
884 5550 1011 5589 vero
1049 5535 1269 5606 angelos
1319 5531 1538 5587 disertis
1582 5530 1763 5585 verbis
1810 5530 2063 5585 aiIirmat.

500 5633 589 5689 Sic
617 5634 731 5705 ipsc
754 5629 1141 5701 tamethomil.
1172 5629 1228 5682 Η
1264 5630 1319 5682 in
1346 5625 1534 5692 Num.,
1568 5640 1714 5680 num.
1741 5626 1773 5679 4
1792 5644 1805 5681 :
1826 5645 1844 5677 ι
1872 5626 2069 5692 Quam-

576 5833 616 5864 “
646 5834 828 5888 Matth.
871 5849 1020 5897 mit,
1057 5833 1143 5887 10.
1219 5832 1262 5863 δτ
1289 5834 1409 5887 Act.
1443 5851 1539 5900 xu,
1579 5834 1772 5899 l5,15.

2173 4624 2434 4694 quasdam
2476 4624 2842 4680 doctrinarum
2877 4624 3134 4696 praasides
3162 4666 3177 4691 ,
3214 4634 3271 4679 et
3311 4623 3439 4679 deos
3480 4621 3749 4694 μουσηγέ-

2172 4730 2271 4777 τας
2300 4715 2645 4783 tingentium,
2684 4713 2955 4784 theologia
2978 4714 3231 4768 videntur
3259 4727 3380 4768 esse
3418 4713 3616 4779 petita.

2245 4800 2417 4857 XXX.
2458 4802 2736 4860 Hactenus
2769 4806 2834 4859 de
2876 4806 3136 4860 alterutra
3168 4803 3485 4875 angelorum
3519 4802 3605 4857 vel
3658 4802 3750 4857 bo-

2175 4912 2369 4951 norum
2405 4896 2487 4950 vel
2520 4897 2779 4951 malorum
2811 4898 3098 4969 stipatione
3120 4938 3135 4963 ,
3183 4898 3434 4968 gentibus
3462 4936 3477 4960 ,
3512 4896 3743 4950 homini-

2178 4987 2298 5050 bus,
2325 4996 2380 5040 et
2420 4987 2673 5042 inanimis
2702 4988 2867 5042 etiam
2918 4989 3081 5042 rebus
3116 4987 3299 5041 addita
3326 5027 3341 5051 ,
3372 4987 3527 5056 juxta
3562 4984 3750 5055 Orige-

2177 5077 2262 5132 nis
2291 5078 2614 5133 sententiam
2646 5080 3028 5134 disseruimus.
3062 5078 3219 5133 Nunc
3267 5080 3334 5134 de
3371 5090 3745 5147 utrorumque,

2174 5169 2439 5227 bonorum
2479 5174 2639 5228 simul
2682 5183 2737 5227 et
2780 5174 3043 5228 malorum
3078 5173 3390 5243 angelorum
3418 5171 3674 5244 gentibus
3700 5180 3749 5225 et

2175 5264 2488 5322 hominibus
2546 5267 2918 5321 assistentium
2975 5269 3236 5322 comitatu
3280 5281 3529 5336 quaenam
3586 5265 3654 5319 ab
3688 5279 3747 5318 eo

2175 5358 2368 5412 tradita
2396 5358 2506 5414 sint
2532 5400 2546 5423 ,
2572 5360 2930 5427 disputemus.
2960 5358 3127 5414 Malos
3159 5360 3381 5429 angelos
3422 5359 3567 5414 baud
3598 5372 3749 5413 secus

2173 5462 2238 5503 ac
2277 5451 2449 5505 bonos
2497 5451 2550 5505 in
2598 5459 2788 5522 gentes
2818 5460 3004 5507 tenere
3056 5461 3379 5521 potestatem
3432 5452 3631 5507 scitum
3667 5456 3747 5503 est

2171 5539 2421 5612 Origenis‘
2454 5543 2549 5597 lib.
2593 5558 2683 5597 vnt
2724 5555 2908 5599 contra
2948 5542 3182 5609 Celsum,
3216 5559 3366 5597 num.
3399 5542 3490 5608 54,
3523 5552 3577 5596 et
3599 5542 3741 5595 hom.

2175 5630 2239 5683 η
2262 5633 2317 5686 in
2356 5631 2482 5689 Luc.
2515 5647 2533 5686 :
2564 5650 2583 5685 ι
2620 5630 2807 5703 Neque
2833 5632 2979 5690 enim
3011 5673 3027 5701 ,
3070 5632 3263 5705 inquit,
3295 5632 3379 5689 fas
3408 5640 3492 5687 est
3520 5628 3743 5687 credere

1852 5835 1894 5866 “
1925 5834 2051 5888 ibid.
2084 5832 2169 5887 15.
