4054 6310
315 414 414 471 881

1167 404 1739 463 ORIGENIANORUM
1780 404 1910 460 LIB.
1953 402 2016 469 ll,
2057 403 2211 459 CAP.
2253 401 2317 470 ll,
2361 402 2639 470 QUEST.
2682 400 2746 457 V.

3472 403 3574 457 832

318 531 493 586 malos
526 530 749 600 angelos
786 528 899 583 suis
949 541 1181 595 praeesse
1230 526 1561 595 provinciis.
1611 537 1665 579 et
1718 525 1888 579 bonos
1924 539 1963 592 Α
2000 527 2127 578 vitio
2165 523 2455 591 unicuique
2511 536 2745 591 praeesse
2797 521 3091 574 damaonem
3166 535 3367 584 unum,
3415 503 3608 588 eique.

232 630 235 633 '
322 636 429 675 non
466 622 687 675 easdem
726 618 1031 689 provincias
1064 616 1267 669 habere
1307 620 1623 685 permissas.
1663 637 1680 667 ι
1728 615 1897 685 Leges

322 713 524 767 similia
573 712 668 766 lib.
708 725 767 764 ιιι
800 708 938 777 Περὶ
967 705 1189 777 ἀρχῶν,
1225 722 1345 777 cap.
1392 708 1446 770 3,
1495 725 1643 762 lttllll.
1670 707 1729 771 2,
1758 708 1814 772 3,
1842 717 1896 759 et

326 808 475 862 hom.
508 807 541 862 9
568 807 624 860 in
647 805 859 869 Cenem,
908 819 1056 856 num.
1077 802 1134 866 5,
1164 803 1219 854 in
1256 818 1359 869 qua
1390 801 1650 869 apostolis
1670 802 1895 854 verbum

322 898 420 954 Dei
452 896 873 968 praedicantibus
905 897 970 949 ad
1009 894 1347 948 iracundiam
1396 894 1698 946 concitatos
1728 891 1896 945 fuisse

320 990 457 1044 dicit
499 988 720 1058 angelos
763 986 881 1039 illos
911 1025 927 1049 ,
959 984 1050 1052 qui
1089 982 1332 1052 singulas
1377 996 1617 1050 quasque
1650 980 1896 1035 nationes

323 1083 547 1152 imperio
573 1080 910 1150 premebant.
946 1078 1045 1132 Cui
1087 1078 1382 1128 astruendo
1417 1076 1640 1128 eitatmn
1675 1084 1897 1143 usurpat

324 1170 498 1223 locum
527 1184 557 1222 e
585 1168 800 1221 cantico
847 1165 1031 1229 Mosis,
1068 1165 1358 1218 Deuteron.
1392 1179 1562 1224 χχχιι,
1582 1162 1635 1225 8.
1663 1163 1714 1224 9,
1736 1178 1894 1231 quem

322 1271 376 1313 et
401 1259 587 1313 homil.
626 1256 696 1311 55
741 1258 794 1310 in
829 1254 958 1309 Luc.
990 1256 1055 1308 ad
1086 1257 1303 1310 eosdem
1338 1254 1509 1308 malos
1542 1254 1763 1323 angelos
1814 1255 1894 1307 itt-

325 1349 671 1417 tetpretando
724 1346 1011 1401 convertit.
1047 1345 1309 1398 Eumdem
1367 1360 1494 1400 vero
1528 1344 1713 1399 homil.
1761 1344 1796 1398 8
1840 1347 1894 1397 in

324 1438 477 1493 Exod
508 1479 523 1504 ,
557 1455 705 1492 num.
722 1439 779 1500 ‘2,
803 1452 967 1505 super
993 1438 1095 1490 hoc
1119 1448 1440 1506 argumento
1465 1436 1767 1504 proferens,
1789 1450 1893 1489 non

321 1532 457 1583 satis
513 1538 736 1598 apparet
791 1528 857 1581 ad
895 1527 1175 1593 malosne,
1227 1544 1294 1581 an
1350 1528 1415 1581 ad
1463 1528 1634 1582 bonos
1676 1526 1895 1596 angelos

322 1621 597 1690 pertinere
645 1620 791 1675 velit.
823 1621 901 1675 Ad
950 1622 1119 1676 bonos
1167 1635 1299 1676 vero
1330 1632 1517 1691 aperte
1558 1619 1726 1674 refert
1759 1631 1890 1674 tom.

321 1729 419 1768 xm
452 1714 505 1767 in
528 1712 718 1777 Joan.,
748 1728 897 1767 num.
927 1712 1016 1767 49.

392 1807 713 1864 Hominibus
741 1821 873 1862 vero
898 1806 1122 1877 singulis
1150 1807 1393 1878 geminos
1428 1808 1620 1861 adesse
1648 1805 1892 1875 angelos,

2002 613 2273 682 subjectos
2300 629 2420 666 esse
2460 613 2732 665 daemones
2775 610 3104 678 complures,
3136 611 3228 679 qui
3271 611 3338 663 ad
3381 610 3606 682 vitium...

2003 711 2167 762 hocce
2192 704 2593 774 propagandqu
2619 702 2959 758 subserviant
2976 744 2990 767 ,
3018 716 3205 756 omnes
3226 711 3398 755 autem
3420 677 3605 771 prin-i

1999 801 2166 866 cipes,
2186 804 2531 866 peccatorum
2565 794 2902 847 incremento
2934 793 3235 861 praefectos,
3260 806 3569 860 supremum

2000 906 2165 943 unum
2202 889 2414 953 ducem,
2437 886 2585 939 velut
2635 885 2843 939 militiae
2869 899 2980 937 suae
3011 884 3321 953 magistrum
3352 884 3569 939 habere.

2000 981 2134 1036 Cutn
2166 991 2347 1034 autem
2384 977 2573 1031 multis
2612 976 2771 1031 simul
2824 977 3071 1029 laborare
3101 976 3271 1042 possit
3296 975 3438 1028 vitiis
3471 976 3569 1029 bo-

2000 1089 2108 1141 mo,
2150 1083 2204 1126 et
2250 1071 2462 1126 laboret
2520 1084 2780 1139 persaepe,
2809 1078 2935 1121 tunc
2986 1082 3016 1120 a
3049 1067 3229 1120 multis
3262 1081 3390 1120 eum
3413 1066 3572 1121 simul

1999 1165 2340 1220 daemonibus
2374 1160 2789 1227 iusideri.Quod
2818 1160 2891 1214 ita
2918 1169 3094 1214 tamen
3129 1159 3196 1213 ab
3225 1157 3458 1228 Origene
3485 1159 3571 1211 in-

2003 1257 2276 1311 tellectum
2310 1264 2465 1325 puto,
2498 1253 2856 1323 temporarias
2896 1266 3017 1307 esse
3067 1252 3163 1306 has
3215 1249 3571 1318 complurium

2000 1350 2303 1402 daemonum
2380 1346 2768 1414 angelorumve
2832 1342 3179 1408 aﬂ'ectiones;
3235 1354 3569 1398 constantem

1999 1449 2258 1493 autemet
2292 1454 2387 1509 per
2412 1438 2580 1493 totius
2613 1422 2944 1491 curriculum
2974 1437 3096 1490 vitae
3136 1446 3569 1505 perseverantem

1996 1532 2133 1586 certi
2187 1529 2417 1598 alicujus
2468 1528 2649 1598 angeli
2700 1528 2882 1582 itidem
2921 1536 2977 1582 et
3025 1527 3283 1581 danuonis
3325 1526 3573 1593 stipatio-

2000 1639 2145 1688 nem,
2194 1623 2436 1678 nascenti
2492 1621 2715 1676 cuilibet
2768 1620 2972 1675 homini
3019 1620 3286 1674 decretam
3329 1627 3382 1671 et
3413 1618 3572 1671 attri-

1998 1717 2199 1771 bulam.

2067 1806 2238 1862 Porro
2285 1815 2403 1873 post
2428 1805 2857 1859 administratum
2904 1802 3082 1858 tutelae
3115 1812 3311 1857 nostrae
3355 1816 3569 1868 munus,
3656 1835 3660 1839 η

320 1900 522 1954 bonum
551 1900 802 1963 alterum,
851 1898 1080 1953 alterum
1133 1898 1332 1953 malum
1386 1899 1629 1954 decernit
1661 1898 1754 1952 lib.
1790 1914 1806 1951 ι
1839 1899 1894 1953 in
1929 1890 1968 1947 Β
1998 1907 2198 1952 statum
2226 1898 2294 1953 iri
2335 1896 2557 1967 angelos
2586 1897 2639 1949 in
2677 1894 2902 1963 judicio,
2934 1904 2988 1949 et
3028 1895 3291 1965 impositae
3316 1894 3422 1950 sibi
3448 1910 3573 1963 pro-
3595 1915 3624 1943 ο

321 1991 492 2057 Epist.
512 1990 579 2042 ad
600 1988 777 2059 Rom,
800 2005 945 2042 num.
970 1988 1057 2048 18,
1072 1999 1127 2043 et
1148 2003 1216 2042 ex
1244 1989 1539 2059 Scripturis
1565 1989 1734 2045 sacris
1753 2005 1893 2058 saepe

321 2084 374 2137 id
402 2097 461 2136 se
494 2083 739 2136 docuiSse
766 2082 840 2133 ait
872 2080 1057 2134 homil.
1093 2082 1163 2136 25
1192 2081 1245 2134 in
1274 2079 1418 2144 105.,
1451 2098 1600 2136 num.
1633 2082 1687 2149 3,
1716 2093 1772 2137 et
1799 2097 1895 2151 per

318 2173 548 2230 Genium
601 2171 883 2243 principis,
936 2186 1094 2241 quem
1126 2172 1424 2226 dannouem
1454 2188 1575 2227 esse
1607 2174 1739 2229 dicit
1792 2174 1892 2245 ipsi

324 2260 564 2314 nascenti
608 2260 931 2329 appositum,
986 2259 1160 2329 jurari
1221 2270 1363 2315 vetat
1411 2262 1506 2316 lib.
1552 2278 1647 2317 vut
1710 2272 1893 2318 contra

322 2352 486 2418 σαι,
521 2370 665 2406 ηυιη.
703 2352 794 2418 65,
841 2353 1232 2407 Ἀποθανατὲον
1280 2356 1397 2407 ἐστὶ
1450 2356 1669 2425 μᾶλλον,
1700 2358 1894 2426 inquit,

320 2444 453 2513 ἡμῖν
507 2445 646 2515 ὑπὲρ
683 2443 778 2497 τοῦ
816 2444 890 2516 μὴ
964 2444 1157 2515 ὀμόσαι
1221 2446 1493 2518 μοχθηρὸν
1527 2448 1756 2518 δαίμονα
1803 2451 1896 2503 καὶ

315 2533 547 2588 ἄπιστον
594 2535 854 2599 πολλάκις
898 2536 1439 2606 συνεξαμαρτάνοντα
1490 2532 1535 2606 ᾧ
1576 2538 1766 2609 ἔλαχεν
1803 2541 1896 2594 ἀν-

319 2626 546 2697 θρώπῳ,
577 2627 611 2693 ἢ
651 2628 746 2681 καὶ
778 2626 939 2681 πλέον
969 2625 1133 2679 αὐτοῦ
1195 2628 1592 2698 ἁμαρτάνοντα.
1648 2629 1891 2701 Dogmati

319 2720 450 2776 huic
507 2720 812 2789 praesidium
872 2721 1091 2774 asciscit
1145 2736 1214 2775 ex
1275 2720 1487 2777 llerina:
1544 2720 1787 2790 Pastore,
1842 2736 1898 2779 et

317 2812 581 2867 Barnabas
609 2812 833 2881 epistola
858 2812 972 2883 (qui
997 2811 1117 2865 libri
1145 2812 1212 2867 ad
1250 2812 1391 2868 hanc
1415 2815 1555 2869 diem
1583 2826 1893 2886 supersunt.

318 2918 547 2972 eamque
577 2905 862 2959 continent
915 2905 1262 2977 doctrinam),
1318 2906 1411 2961 lib.
1443 2924 1501 2962 ιιι
1547 2907 1621 2963 De
1648 2909 1893 2979 princip.,

318 3010 439 3064 cap.
465 2996 524 3060 2,
560 3012 708 3050 num.
744 2997 797 3057 4,
832 3009 886 3053 et
942 2997 1131 3053 homil.
1184 2998 1253 3052 55
1282 2999 1339 3053 iu
1366 2998 1518 3066 Luc.,
1552 3000 1642 3055 ubi
1682 3002 1760 3056 ait
1798 3004 1894 3057 ad-

318 3087 642 3155 versarium,
692 3098 745 3142 et
782 3090 1154 3145 insidiatorem
1189 3108 1218 3146 a
1259 3092 1414 3148 nobis
1446 3109 1707 3162 nusquam
1742 3110 1894 3150 rece-

318 3178 470 3245 dere,
527 3181 625 3234 sed
666 3181 732 3233 ad
789 3182 1084 3251 principem
1120 3185 1299 3254 gentis
1329 3186 1581 3239 nimirum
1612 3187 1893 3256 praesidem

320 3272 623 3327 daemonem
660 3289 758 3328 nos
785 3274 1073 3340 deducere,
1121 3287 1177 3330 et
1215 3294 1243 3329 a
1277 3292 1336 3331 se
1366 3288 1608 3332 servatos
1635 3281 1895 3335 adversus

317 3364 578 3434 principis
636 3367 900 3432 alterius,
952 3381 1142 3435 rapere
1191 3385 1289 3423 nos
1344 3370 1611 3436 volentis,
1668 3372 1896 3429 insidias

315 3456 511 3513 sistere
541 3476 554 3511 :
581 3457 855 3514 Christum
909 3470 1089 3516 autem
1143 3459 1416 3532 principes
1448 3478 1637 3520 omnes
1674 3466 1891 3531 vicisse,

314 3557 374 3604 et
410 3550 672 3604 terminos
706 3567 893 3605 eorum
954 3561 1319 3607 transeuntem
1378 3556 1622 3625 captivos
1670 3558 1896 3626 populos

315 3640 384 3695 ad
407 3654 465 3694 se
484 3641 535 3694 in
558 3642 784 3695 salutem
831 3645 1196 3701 transtulisse.
1220 3648 1381 3699 Addit
1410 3649 1602 3702 deinde
1626 3665 1641 3705 ς
1672 3670 1690 3700 ε
1712 3649 1897 3719 Neque

314 3732 463 3787 enim
497 3749 688 3788 omnes
734 3734 974 3790 omnium
1018 3749 1146 3793 sunt
1189 3740 1513 3805 adversarii,
1567 3742 1661 3795 sed
1700 3741 1893 3811 singuli

315 3822 563 3891 singulos
589 3826 810 3891 habent,
848 3827 938 3896 qui
972 3830 1171 3901 ubique
1211 3846 1307 3888 eos
1337 3842 1655 3901 sequantur,
1691 3843 1745 3887 et
1789 3837 1897 3888 sint

315 3915 565 3969 comites.
616 3935 633 3965 ι

388 4006 526 4071 Quid
554 4009 697 4075 quod
751 4010 977 4081 singulis
1032 4013 1339 4068 hominibus
1372 4031 1475 4068 non
1527 4018 1742 4071 unicum
1773 4028 1893 4073 latit-

319 4099 596 4152 tunnnodo
617 4102 887 4171 angelum,
923 4106 1209 4160 unicumve
1236 4107 1561 4172 daemonem,
1628 4113 1720 4164 sed
1760 4120 1894 4165 totas

318 4193 632 4260 angelorum
666 4197 1075 4269 dwntonumque
1106 4201 1359 4255 cohortes
1380 4203 1621 4272 adjnngit
1650 4204 1834 4257 homil.
1862 4206 1895 4256 4

314 4281 372 4334 iu
394 4284 563 4352 psalm
612 4302 800 4353 XXXVI,
826 4305 971 4345 num.
1008 4292 1061 4357 5,
1086 4308 1207 4362 pag.
1231 4294 1355 4347 675.
1381 4314 1397 4345 ι
1427 4292 1705 4363 Nunquam
1726 4297 1892 4362 enim,

316 4373 513 4445 inquit,
545 4378 693 4432 solus
716 4390 799 4434 est
844 4381 1047 4449 justus,
1100 4386 1206 4436 sed.
1229 4402 1294 4437 ne
1329 4385 1487 4439 unius
1516 4387 1758 4455 quidem,
1801 4397 1896 4442 aut

314 4470 585 4532 duorum,
650 4472 731 4523 vel
778 4474 937 4525 trium
1004 4478 1370 4530 tantmnmodo
1423 4478 1737 4543 angelorum
1808 4495 1895 4531 so-

1999 1987 2193 2043 vinciae
2239 1989 2504 2043 rationem
2553 1987 2856 2043 reddituros
2909 1988 3077 2055 ipsius
3127 1987 3403 2058 persuasio
3449 1987 3569 2041 fuit.

2003 2080 2174 2149 Quam
2203 2082 2459 2151 quoniam
2515 2081 2624 2151 jam
2668 2090 2791 2134 ante
2819 2080 3180 2146 excussimus,
3223 2094 3573 2148 properemus

1999 2172 2067 2227 ad
2101 2173 2226 2239 alia,
2258 2181 2313 2227 et
2341 2172 2539 2242 placita
2570 2188 2665 2227 sua
2700 2186 2863 2240 super
2897 2171 3205 2240 angelorum
3240 2172 3401 2225 tutela
3432 2171 3574 2227 unde

2002 2264 2267 2330 hauserit,
2302 2274 2356 2319 et
2411 2265 2685 2332 quodnam
2746 2264 2846 2318 sibi
2908 2265 3262 2334 patrocinium
3309 2264 3575 2333 spondere

1998 2355 2189 2425 possit,
2220 2356 2592 2423 exquiramus.

2078 2445 2271 2501 XXXI.
2306 2446 2640 2501 Praeiverunt
2672 2446 2748 2500 illi
2786 2447 2839 2500 in
2864 2463 2925 2501 ea
2968 2448 3223 2516 opinione
3247 2448 3312 2500 de
3342 2448 3573 2502 hominis

1999 2539 2422 2607 uniuscujusque
2461 2540 2611 2593 socio
2641 2555 2705 2593 ac
2736 2540 2992 2606 stipatore
3023 2541 3179 2609 genio
3201 2540 3427 2608 gentiles
3454 2539 3574 2607 phi-

2000 2630 2233 2700 losophi.
2270 2632 2361 2698 qui
2408 2630 2683 2683 hominum
2711 2642 2766 2684 et
2793 2629 3033 2684 locorum
3062 2631 3316 2698 praesides
3363 2629 3570 2699 genios,

1999 2740 2103 2778 non
2130 2739 2161 2778 e
2195 2724 2564 2792 superioribus
2593 2724 2839 2786 deorum,
2871 2723 2962 2777 sed
2987 2738 3051 2775 ex
3086 2722 3306 2776 deorum
3332 2723 3397 2779 de
3418 2721 3574 2791 plebe

1997 2814 2281 2868 ordinibus
2302 2814 2595 2867 accersitos
2620 2811 2851 2866 confessi
2881 2821 3041 2877 sunt;
3108 2810 3261 2865 Plato
3285 2826 3412 2865 vero
3435 2826 3572 2879 prae-

1998 2911 2176 2977 cipue,
2213 2920 2270 2963 ut
2296 2908 2548 2965 Clemens
2585 2908 2982 2962 Alexandrinus
3015 2907 3277 2975 agnoscit,
3313 2922 3435 2959 cum
3473 2905 3573 2959 ali-

1998 3001 2076 3068 bi,
2123 3012 2235 3055 tutn
2284 3002 2338 3060 in
2371 3002 2465 3055 lib.
2494 3017 2526 3054 x
2560 3001 2634 3054 De
2660 3001 2883 3069 republ.,
2927 3016 3114 3055 versus
3172 3001 3356 3053 linem.
3406 3000 3572 3068 Cujus

2000 3093 2301 3148 doctrinam
2348 3094 2423 3148 ita
2455 3094 2710 3148 edisserit
2752 3092 2993 3147 l’lotinus
3024 3092 3165 3147 Enn.
3193 3093 3248 3159 ’5,
3282 3092 3375 3146 lib.
3414 3106 3484 3155 tv,
3515 3101 3573 3145 ut

2000 3186 2090 3254 qui
2120 3200 2182 3239 ea
2221 3186 2556 3253 perspexerit
2588 3193 2813 3247 attente,
2855 3185 3101 3240 dubitare
3127 3186 3346 3238 minime
3376 3184 3569 3252 possit,

1999 3274 2127 3343 quin
2161 3290 2258 3328 sua
2282 3292 2312 3329 e
2339 3273 2566 3329 Platone
2602 3274 3069 3328 Platonicorumve
3100 3273 3571 3328 lucubrationibus

1997 3365 2258 3436 Origenes
2287 3365 2657 3429 transtulerit;
2700 3382 2823 3419 nam
2867 3374 2923 3418 et
2954 3366 3215 3419 daemonis
3261 3365 3569 3435 praesidium

1997 3458 2191 3512 animae
2230 3457 2479 3527 largitur,
2526 3467 2583 3513 et
2623 3458 2920 3512 secundum
2976 3458 3169 3511 animae
3223 3457 3567 3519 mutationes,

1998 3548 2196 3603 mutari
2227 3549 2524 3603 daemonem
2571 3558 2743 3619 putat,
2778 3557 2834 3602 et
2866 3564 2989 3604 eum
3018 3547 3214 3602 animae
3253 3549 3566 3613 daemonem,

1999 3652 2284 3712 postquam
2317 3655 2550 3710 corpore
2587 3642 2762 3695 soluta
2796 3651 2901 3705 est,
2939 3640 3223 3695 imminere
3246 3651 3451 3704 censet,
3479 3641 3568 3709 qui

1995 3749 2114 3787 eam
2155 3732 2295 3785 rexit
2329 3734 2455 3786 dum
2478 3748 2677 3802 corpus
2708 3732 3014 3794 animaret;
3054 3743 3106 3786 et
3146 3743 3402 3787 externos
3436 3748 3570 3802 pra--

1997 3831 2143 3877 terea
2173 3838 2237 3876 ac
2266 3823 2510 3878 internos
2528 3825 2723 3878 anima:
2753 3826 3042 3895 unicuique
3062 3826 3253 3880 adesse
3280 3826 3570 3893 danuones,

1997 3932 2064 3971 ex
2103 3915 2221 3985 ejus
2248 3917 2426 3970 verbis
2449 3919 2787 3987 perspicuum
2818 3932 2932 3977 est.
2967 3920 3104 3975 llinc
3133 3920 3389 3990 Apuleius
3415 3920 3467 3974 in
3510 3920 3571 3975 li-

1998 4008 2141 4063 bello
2176 4006 2250 4061 De
2277 4009 2372 4061 deo
2396 4007 2673 4063 Socratis:
2711 4030 2731 4061 ς
2767 4010 2846 4065 Ex
2883 4011 2986 4067 hac
3017 4028 3169 4081 ergo,
3225 4011 3418 4081 inquit,
3476 4028 3570 4066 su-

1997 4098 2246 4154 blimiore
2287 4103 2587 4155 daemonum
2621 4103 2773 4171 c0pia
2830 4102 2984 4157 Plato
3041 4113 3287 4157 autumat
3345 4103 3572 4169 singulis

1998 4190 2307 4245 hominibus
2340 4192 2390 4243 in
2412 4192 2519 4245 vita
2548 4194 2756 4262 agenda
2785 4204 2951 4249 testes
2969 4207 3023 4248 et
3050 4199 3305 4251 custodes
3335 4198 3573 4266 singulos

1996 4282 2231 4348 additos,
2247 4283 2334 4350 qui
2357 4284 2558 4337 nemini
2581 4286 2854 4354 conspicui
2879 4302 3092 4354 semper
3113 4288 3314 4349 adsint,
3331 4288 3569 4341 omnium

1999 4389 2102 4428 non
2137 4376 2297 4430 modo
2314 4386 2561 4431 actorum
2593 4386 2779 4443 testes,
2801 4394 2983 4432 verum
3008 4380 3172 4432 etiam
3190 4379 3567 4447 cogitatorum.

1999 4468 2076 4521 Ac
2110 4468 2197 4521 ubi
2226 4469 2334 4521 vita
2373 4468 2514 4522 edita
2559 4470 2901 4522 remeandum
2951 4482 3063 4535 est,
3105 4472 3353 4523 eumdem
3395 4471 3565 4536 illum,

314 4561 514 4617 cietate
543 4565 805 4617 subnixus
842 4574 946 4627 est,
975 4566 1065 4617 sed
1094 4565 1369 4618 exercitus
1398 4567 1446 4620 ei
1486 4568 1743 4621 virtutum
1782 4582 1893 4622 cm-

2000 4560 2092 4628 qui
2127 4559 2282 4613 nobis
2324 4562 2582 4630 praeditus
2637 4561 2754 4623 l'uit,
2812 4570 3028 4630 raptare
3084 4562 3224 4615 illico
3251 4572 3305 4616 et
3356 4566 3573 4618 trahere

318 4651 533 4706 lestium
568 4666 765 4721 pra-sto
797 4664 910 4708 est:
950 4675 969 4705 ι
1028 4657 1170 4724 quod
1196 4674 1303 4711 non
1331 4659 1398 4712 ad
1426 4658 1686 4726 spiritalia
1715 4671 1892 4714 tamen

320 4744 459 4800 beata
492 4746 823 4800 conferenda
861 4747 1163 4816 restringit,
1201 4750 1298 4802 sed
1342 4750 1408 4803 ad
1440 4765 1698 4818 corporea
1730 4752 1893 4804 etiam

317 4846 573 4904 prorogat
605 4838 792 4889 homil.
820 4838 888 4889 20
920 4839 972 4890 iu
1003 4835 1146 4901 103.,
1172 4854 1322 4893 nutu.
1356 4839 1418 4892 l:
1445 4858 1462 4890 ι
1485 4840 1710 4895 Constat
1767 4857 1896 4911 ergo

318 4926 519 4981 multas
544 4942 667 4981 esse
700 4929 925 4981 virtutes
951 4928 1091 4981 intra
1121 4944 1237 4991 nos,
1267 4931 1461 4997 quibus
1487 4931 1567 4985 vel
1594 4933 1894 4985 animarum

319 5025 654 5081 nostrarum,
693 5018 773 5073 vel
803 5035 1097 5088 corporum
1126 5036 1254 5074 cura
1283 5022 1543 5089 permissa
1576 5034 1659 5076 est
1686 5041 1699 5086 ;
1741 5043 1759 5074 ι
1808 5024 1897 5077 cui

318 5106 660 5162 delendendo
698 5111 869 5162 utitur
919 5112 1218 5180 scriptione
1265 5116 1497 5183 quadam
1564 5116 1895 5185 apocrypha,

318 5213 480 5266 quaint
517 5197 715 5252 Euoclti
744 5202 934 5253 librant
956 5217 1078 5256 esse
1108 5205 1369 5274 suspicari
1393 5206 1585 5273 possis,
1616 5205 1802 5257 homil.
1828 5203 1896 5259 55

320 5290 373 5342 in
400 5287 532 5345 Luc.
598 5308 617 5341 ‹
664 5291 937 5358 Legimus,
979 5293 1175 5362 inquit,
1231 5296 1279 5348 si
1339 5305 1517 5349 tamen
1576 5297 1663 5349 cui
1718 5297 1897 5364 placet

323 5382 629 5449 huiusmodi
657 5386 982 5452 scripturam
1019 5388 1280 5454 recipere,
1332 5387 1553 5454 jttslitiaB
1592 5398 1647 5441 et
1692 5388 1890 5455 iniqui-

323 5474 449 5528 tatis
471 5475 691 5544 angelos
716 5491 878 5545 super
896 5478 1127 5531 Abrahae
1157 5478 1328 5534 salute
1362 5482 1745 5548 disceptantes,
1765 5482 1889 5533 dum

322 5577 563 5636 utraeque
605 5577 796 5620 turma:
825 5584 925 5623 suo
960 5585 1082 5623 eum
1119 5571 1304 5624 volunt
1350 5573 1514 5626 ρωιυὶ
1543 5571 1837 5627 vindicare.
1869 5590 1888 5621 ι

329 5659 399 5711 iis
436 5661 680 5713 daemone
718 5671 920 5719 autem.
954 5662 1038 5714 cui
1074 5678 1269 5715 nomen
1311 5663 1490 5732 Legio,
1524 5663 1706 5716 miseri
1754 5664 1896 5717 illius

327 5768 378 5802 tu
405 5752 667 5817 sepulcris
696 5752 993 5805 habitantis
1024 5768 1222 5821 corpus
1243 5766 1561 5820 occupaute,
1589 5771 1615 5804 a
1652 5755 1895 5822 plurimis

329 5843 484 5895 simul
525 5843 862 5899 daemonibus
886 5860 982 5899 nos
1026 5846 1219 5914 probat
1257 5848 1667 5912 circumsideri,
1700 5848 1895 5915 quippe

2003 4651 2167 4705 veluti
2198 4651 2503 4705 custodiam
2538 4668 2691 4705 suam
2721 4653 2786 4706 ad
2831 4654 3097 4721 judicium
3134 4670 3148 4705 :
3183 4665 3347 4725 atque
3386 4656 3492 4711 illic
3518 4657 3570 4710 in

2002 4758 2165 4796 causa
2200 4743 2425 4798 dicenda
2458 4747 2712 4799 assiStere
2742 4761 2755 4810 ;
2808 4746 2851 4798 si
2888 4761 2992 4814 qua
3022 4749 3459 4812 commentiatur,
3487 4764 3573 4801 re-

2001 4835 2309 4904 darguere,
2364 4838 2408 4891 si
2439 4852 2543 4906 qua
2591 4851 2718 4889 vera
2760 4838 2922 4904 dicat,
2956 4855 3307 4905 asseverare;
3348 4856 3571 4909 prorsus

2005 4925 2147 4979 illius
2183 4929 2496 4983 testimonio
2532 4926 2660 4982 ferri
2695 4931 3045 4987 sententiam.
3084 4952 3103 4983 ›
3139 4934 3318 5000 Itaque
3359 4948 3569 4986 summa

2003 5018 2262 5087 religione
2291 5021 2480 5087 genius
2514 5020 2583 5072 ab
2610 5021 2847 5090 antiquis
2880 5023 3162 5077 colebatur
3194 5039 3207 5074 :
3241 5023 3571 5078 Censorinus

2000 5123 2122 5176 cap.
2154 5108 2189 5161 3
2219 5109 2294 5161 De
2337 5111 2421 5163 die
2472 5111 2641 5163 natali
2680 5128 2700 5167 :
2733 5131 2751 5162 ι
2805 5112 2978 5167 Genio
3019 5115 3180 5183 igitur
3229 5115 3568 5184 potiSsimum

1999 5221 2096 5275 per
2121 5222 2335 5259 utunem
2378 5217 2590 5261 aetatem
2632 5210 2920 5278 quotannis
2968 5208 3357 5263 sacriﬁcamus.
3382 5207 3569 5275 Quatt-

1998 5312 2291 5367 quamnon
2322 5301 2493 5353 solum
2540 5300 2649 5361 hic,
2678 5301 2773 5354 sed
2813 5309 2868 5354 et
2914 5300 3001 5352 alii
3035 5312 3159 5355 sunt
3204 5310 3460 5369 praeterea
3495 5302 3568 5355 dii

1998 5390 2305 5459 complures
2331 5393 2604 5445 hominum
2632 5390 2795 5443 vitam
2827 5407 2921 5459 pro
2948 5408 3042 5445 sua
3070 5393 3297 5461 quisque
3326 5393 3572 5464 portione

2000 5482 2471 5547 adtniniculautes,
2518 5501 2656 5554 quos
2695 5485 2962 5539 volentem
2996 5500 3325 5553 cognoscere
3365 5483 3573 5551 Indigi-

2002 5585 2353 5626 tameutorum
2384 5576 2505 5629 libri
2539 5577 2672 5629 satis
2703 5579 3035 5640 edocebunt;
3065 5576 3157 5629 sed
3183 5591 3372 5629 omnes
3402 5577 3453 5628 hi
3484 5593 3572 5629 se-

2002 5668 2104 5719 mel
2158 5669 2210 5720 in
2254 5685 2579 5737 unoquoque
2616 5670 2832 5723 homine
2874 5672 3150 5723 nuntinutn
3186 5686 3401 5723 suorum
3442 5669 3575 5724 elic-

2001 5772 2146 5811 ctum
2186 5774 2612 5827 reprwseutant:
2653 5765 2905 5830 quocirca
2966 5782 3068 5817 non
3113 5779 3208 5829 per
3260 5778 3417 5816 omne
3450 5765 3572 5815 vita:

2004 5854 2236 5920 spatium
2269 5856 2421 5909 novis
2450 5854 2801 5921 religionibus
2840 5867 3207 5911 arcessuntur.
3234 5853 3440 5911 Genius
3474 5868 3571 5908 au-
