4054 6310
491 464 501 473 ,
533 408 637 465 Βῖδ

1802 400 1862 457 ιι.
1909 397 2227 454 DANIELIS
2263 391 2498 451 nomn
2593 378 2597 385 ’

3660 385 3781 461 ,sst

534 536 640 580 tem
671 524 743 578 ita
783 512 938 577 nobis
987 523 1303 576 observator
1337 518 1613 588 appositus
1639 525 1747 581 est,
1777 528 1834 572 nt
1859 535 1927 573 ne
1965 518 2175 590 pun-'A
2206 514 2508 585 asperiores
2556 507 2753 579 imponi
2795 508 2957 564 duces
3012 505 3250 565 definivit
3294 502 3652 561 Adamantius
3688 521 3780 561 :st

533 626 622 671 cto
650 613 866 683 quidem
902 612 1159 679 temporis
1188 610 1400 681 longius
1429 609 1703 674 abscedat,
1728 608 1822 664 sed
1851 610 1920 664 ab
1949 619 2103 663 utero

535 710 724 761 matris
746 714 1000 773 exceptos
1017 703 1083 756 ad
1111 715 1412 757 extremum
1436 701 1557 755 vita:
1573 702 1715 757 diem
1743 702 2050 757 comitetur.
2079 720 2097 751 ι

533 796 665 853 Nota
714 807 909 865 przeter
954 801 1270 867 perpetuum
1309 792 1450 862 genii
1496 794 1833 856 comitatum,
1878 793 2102 847 deorum

506 887 884 957 ‘complur-ium
944 884 1244 940 ministerio
1323 885 1488 936 vitam
1563 883 1855 937 humanam
1924 881 2101 951 jnvari

537 981 744 1047 priscos
782 979 901 1034 illos
949 990 1194 1048 putasse,
1246 978 1386 1046 quod
1430 975 1773 1046 Origenianis
1820 976 2104 1032 sententiis

534 1077 815 1123 consonat.
860 1070 1036 1135 Atque
1065 1079 1126 1120 ea
1158 1079 1289 1119 sane
1331 1066 1607 1134 persuasio
1639 1063 1708 1119 ad
1739 1073 1951 1119 veteres
1985 1064 2103 1121 illos

532 1177 563 1213 e
592 1159 762 1214 sacris
782 1156 1141 1213 voluminibus
1174 1155 1408 1223 profecta
1446 1155 1704 1224 primum,
1739 1156 1832 1210 sed
1865 1154 2104 1224 profanis

508 1251 761 1305 subinde
810 1249 1081 1320 ﬁgmentis
1142 1249 1441 1303 deformata
1495 1249 1755 1304 manavit.
1805 1248 1932 1302 llaec
1988 1248 2100 1316 ipsa

534 1358 747 1412 quoque
782 1343 1017 1396 indidem
1059 1341 1111 1394 in
1155 1338 1476 1405 Ecclesiam,
1504 1339 1867 1410 Ecclesiarque
1894 1338 2101 1404 Patres,

532 1438 625 1491 sed
666 1436 851 1502 purior
876 1444 930 1489 et
969 1433 1277 1487 defaecatior
1301 1431 1573 1501 proﬂuxit.

604 1524 819 1579 XXXII.
855 1523 1025 1578 Verba
1062 1521 1226 1577 Mosis
1254 1537 1286 1576 e
1323 1523 1611 1576 Denteron.
1649 1537 1822 1583 xxx".
1851 1523 1905 1587 8,
1934 1522 1990 1586 9,
2012 1538 2103 1576 eo-

534 1619 653 1671 dem
701 1618 1084 1686 propemodum
1122 1615 1341 1671 dcliexit.
1396 1615 1658 1671 Eusebius
1707 1631 1769 1667 ac
1822 1613 2098 1684 Origenes.

537 1710 812 1765 Universis
839 1710 1032 1779 quippe
1075 1709 1324 1779 gentibus
1376 1707 1598 1776 angelos
1645 1709 1897 1778 przesides
1926 1723 1956 1760 a
1994 1708 2103 1762 Deo

528 1803 807 1872 aopositos
829 1803 1004 1856 docet.
1034 1801 1226 1856 Filium
1250 1810 1428 1856 autem
1460 1801 1551 1855 Dei
1581 1802 1884 1870 suscepisse
1908 1817 2100 1871 regen-

462 1940 481 1961 .
531 1900 658 1952 dum
684 1899 964 1964 lsraeletn,
1001 1899 1309 1968 qnirunque
1345 1913 1537 1967 nempe
1560 1897 1884 1964 patriarchze
1914 1896 2100 1953 Jacobi

532 1990 786 2059 pietatem
818 1989 1038 2051 imitati,
1072 1988 1292 2044 nomine
1325 1989 1443 2057 ejus
1467 1987 1721 2057 appellari
1761 1997 2096 2044 meruerunt.

533 2084 706 2149 Atque
778 2081 889 2135 hate
970 2080 1444 2135 Dentonstmtionis
1493 2080 1797 2150 evangelica:
1872 2079 1965 2134 lib.
2026 2093 2098 2145 iv,

529 2187 651 2243 cap.
698 2172 751 2227 7.
788 2170 922 2226 Tum
974 2173 1024 2225 in
1079 2172 1431 2242 sequentibus
1468 2173 1654 2227 scribit
1690 2170 1907 2240 angelos
1953 2170 2097 2237 illos,

529 2268 642 2319 sive
672 2265 849 2334 potius
878 2265 1189 2336 angelorum
1240 2264 1417 2319 tutelae
1448 2264 1769 2320 commissos
1800 2265 2045 2320 homines
2068 2281 2097 2319 a

528 2357 861 2413 daamonibus
886 2358 1177 2428 oppugnari
1233 2358 1397 2412 fuisse
1425 2366 1656 2426 emptos,
1686 2373 1990 2427 magnaque
2031 2374 2096 2412 ex

528 2460 680 2517 parte
708 2451 760 2504 in
796 2466 982 2506 eorum
1016 2461 1337 2519 potestatem
1386 2450 1557 2506 fuisse
1588 2452 1872 2517 redactos;
1924 2453 2101 2519 quoad

528 2542 897 2598 laborantibus
922 2556 973 2598 et
1016 2544 1288 2611 oppressis
1327 2551 1670 2597 succurreret
1698 2540 1972 2610 Christus,
2000 2542 2100 2595 im-

527 2635 846 2703 piorumque
906 2636 1206 2687 daunontun
1259 2631 1599 2703 tyrannidem
1650 2633 1976 2701 profligaret.
2024 2632 2096 2687 Ita

525 2735 578 2780 et
598 2726 927 2792 Augustinus
955 2727 1008 2778 in
1039 2724 1235 2780 Psalm.
1257 2739 1536 2800 Luat-tn:
1566 2743 1583 2775 ι
1606 2723 1719 2780 Non
1742 2725 1936 2781 clausit
1961 2727 2100 2781 Deus

522 2816 724 2871 fontem
760 2816 1015 2870 bonitatis
1064 2831 1173 2869 suae
1220 2818 1380 2868 etiam
1420 2817 1470 2869 in
1509 2815 1850 2885 alienigenas
1886 2828 2096 2886 gentes,

522 2921 660 2974 quas
690 2904 1015 2973 subangelis
1046 2907 1422 2970 constituerat,
1451 2905 1751 2973 portionem
1773 2905 1873 2959 sibi
1894 2906 2096 2961 faciens

523 2996 772 3066 pupulum
804 2995 986 3049 Israel.
1023 3016 1037 3048 ι
2081 3053 2086 3061 ι

594 3084 671 3139 Ne
704 3083 983 3139 conflictus
1004 3084 1216 3153 quidem
1250 3083 1369 3138 illos
1403 3084 1718 3156 angelorum
1754 3085 1895 3140 inter
1918 3101 1999 3150 se,
2041 3096 2096 3142 et

521 3176 723 3252 prmlia,
753 3177 997 3232 homines
1020 3177 1121 3231 sibi
1149 3178 1466 3232 commissos
1494 3178 1726 3234 invicem
1749 3179 2089 3243 subtrahere,

517 3268 729 3336 sibique
802 3266 1069 3334 subjicere
1120 3268 1413 3322 volentium
1475 3268 1592 3323 sine
1649 3269 2091 3339 astipulatoribus

517 3357 796 3427 proposuit
845 3356 1104 3428 Origenes
1135 3374 1148 3410 :
1178 3373 1314 3428 quos
1372 3358 1515 3413 inter
1565 3361 1884 3416 recensendi
1940 3371 2088 3428 sunt,

517 3459 777 3519 quotquot
802 3450 1027 3506 citatum
1068 3450 1302 3506 Danielis
1324 3451 1593 3507 decimum
1625 3463 1788 3522 caput
1814 3454 1880 3507 ad
1923 3452 2092 3510 bonos

518 3542 739 3613 angelos
770 3552 1175 3599 converterunt.
1205 3542 1339 3598 Nam
1365 3544 1410 3598 si
1436 3544 1691 3615 princeps
1715 3546 1868 3615 regni
1896 3545 2087 3601 Persa-

517 3648 657 3698 rum,
687 3633 911 3698 angelus
936 3634 1132 3702 quippe
1170 3635 1363 3699 bonus,
1393 3650 1517 3689 cum
1554 3635 1813 3691 Michaele
1841 3639 2089 3693 velitatus

515 3734 625 3795 est,
655 3726 874 3794 angelos
905 3727 1073 3780 bonos
1110 3727 1248 3781 inter
1276 3741 1336 3782 se
1381 3729 1640 3783 dimicare
1679 3730 1952 3784 fatendum
1983 3744 2097 3786 est.

519 3813 797 3884 Principes
827 3826 1005 3872 autem
1054 3817 1200 3885 regni
1243 3817 1552 3883 Persarum,
1581 3832 1633 3874 et
1659 3820 1965 3875 Grut-corum
1991 3824 2088 3877 bo-

519 3920 616 3961 nos
663 3921 784 3960 esse
843 3906 1063 3977 angelos
1121 3908 1502 3964 existimarunt
1555 3913 1903 3980 complures;
1948 3915 2090 3968 velut

516 3989 887 4056 Theodoretus
916 3998 971 4052 in
1019 3999 1119 4052 hoc
1169 4000 1401 4055 Danielis
1431 4013 1628 4070 caput;
1667 4003 1899 4058 Isidorus
1934 4003 2091 4059 Pelu-

515 4089 653 4147 siota
697 4088 791 4143 lib.
822 4105 882 4156 ll,
921 4090 1079 4159 epist.
1130 4090 1228 4155 85;
1280 4088 1514 4146 Joannes
1562 4093 1978 4163 Chrysostoums
2033 4095 2085 4149 in

519 4179 749 4235 humilia:
793 4181 1073 4250 cujusdam
1121 4182 1175 4234 in
1209 4180 1405 4236 Christi
1458 4179 1705 4236 Natalem
1764 4184 2086 4255 fragmento,

512 4273 659 4346 quod
695 4271 920 4325 exhibet
951 4270 1179 4326 Photius
1198 4272 1322 4327 cod.
1363 4284 1654 4335 ccuxvu;
1687 4272 1782 4325 sed
1823 4271 2089 4340 imprimis

513 4359 574 4422 ὃ.
604 4360 860 4430 Thomas,
891 4380 944 4434 p.
970 4381 1009 4431 ι,
1053 4380 1110 4434 q.
1140 4364 1262 4429 115,
1287 4375 1393 4418 art.
1426 4365 1483 4430 8,
1528 4363 1619 4434 qui
1651 4364 1919 4433 quomodo
1948 4365 2089 4420 inter

511 4470 570 4510 se
592 4456 901 4512 discordare
944 4457 1150 4525 possint
1190 4456 1389 4525 angeli,
1420 4456 1661 4526 exponit.

2209 606 2387 661 minus
2413 618 2579 661 novos
2604 601 2797 658 ascribi
2830 599 3099 669 principes
3126 600 3516 655 rebellantibus
3544 599 3783 653 homini-

2205 699 2323 759 bus,
2360 708 2416 752 st
2456 696 2667 766 priores
2696 703 2844 749 certe
2882 692 3094 746 detrahi
3152 690 3383 745 Basilius
3412 690 3644 746 censuit.
3697 688 3787 745 Sic

2203 791 2346 845 enim
2401 790 2561 844 habet
2601 789 2656 842 in
2695 786 2850 839 Isaitc
2878 800 2937 847 ν,
2989 783 3023 835 5
3077 801 3091 838 :
3136 784 3365 855 Μήποτε
3408 782 3465 836 δὲ
3494 781 3591 834 καὶ
3630 781 3789 851 ἡμῶν

2208 884 2438 947 ἕκαστος
2483 882 2622 953 ἔχων
2691 877 2922 948 ἄγγελον
2964 874 3117 946 ἅγιον
3175 875 3268 929 τὸν
3338 873 3790 946 παρεμϐάλλοντα

2210 975 2394 1046 κύκλῳ
2416 973 2524 1027 τῶν
2551 971 2899 1043 φοϐουμένων
2919 971 3011 1024 τὸν
3039 970 3262 1041 Κύριον.
3285 970 3343 1021 ὲν
3372 965 3669 1037 ἁμαρτίαις
3706 962 3793 1027 ἐξ·

2212 1065 2461 1127 ετασθεὶς
2485 1064 2738 1126 ὑπόδικος
2762 1062 2983 1133 γένηται
3008 1064 3073 1133 τῇ
3102 1059 3457 1130 ἀπειληοείσῃ
3472 1058 3677 1127 πληγῇ,
3697 1055 3792 1109 καὶ

2211 1159 2472 1231 γυμνωθῇ
2506 1157 2600 1212 τοῦ
2649 1156 2861 1227 τείχους
2887 1156 2986 1226 τῆς
3016 1153 3123 1208 ἀπὸ
3150 1152 3258 1207 τῶν
3298 1152 3466 1221 ἁγίων
3505 1149 3794 1219 δύναμεων

2213 1250 2536 1321 ἀσφαλείας.
2575 1268 2595 1301 ι
2626 1248 2882 1304 Fortasse
2921 1257 3097 1301 autem
3137 1245 3506 1314 unusquisque
3540 1251 3791 1296 nostrum

2207 1345 2412 1398 habens
2433 1340 2681 1412 angelum
2701 1348 2964 1403 sanctum,
2985 1343 3456 1392 castrametantem
3487 1333 3537 1385 in
3555 1330 3790 1386 circuitu

2211 1434 2515 1489 timentium
2541 1431 2855 1497 Dominum,
2906 1431 2959 1484 in
3013 1428 3245 1498 peccatis
3273 1424 3662 1496 deprehensus,
3690 1424 3795 1478 ob.

2211 1525 2407 1579 noxius
2442 1522 2539 1577 ﬁat
2569 1523 2846 1576 intentata:
2889 1521 2989 1576 sibi
3024 1518 3212 1589 plag:e,
3242 1526 3296 1572 et
3322 1515 3582 1586 spolietur
3609 1528 3789 1577 muro,

2205 1618 2448 1673 custodia
2487 1617 2697 1673 scilicet
2734 1624 3041 1668 sanctarum
3092 1612 3375 1665 virtutum.
3407 1628 3426 1662 ι
3480 1605 3666 1675 Neque
3691 1607 3791 1660 de-

2211 1717 2338 1763 sunt
2360 1722 2510 1773 sane,
2525 1709 2721 1777 quibus
2744 1723 2811 1762 ne
2837 1721 2976 1760 nunc
2995 1704 3212 1775 quidem
3231 1701 3362 1756 satis
3385 1700 3551 1769 liquet
3575 1699 3789 1753 idemne

2212 1809 2506 1868 perpetuus
2534 1799 2736 1855 homini
2787 1798 3077 1865 unicuique
3105 1809 3288 1851 comes
3332 1790 3556 1862 angelus
3604 1790 3790 1844 adita:-

2135 1871 2177 1926 Β
2213 1900 2350 1955 reat,
2383 1905 2451 1944 an
2487 1890 2623 1946 alios
2649 1890 2740 1945 alii
2773 1892 2829 1945 in
2856 1905 2922 1946 eo
2948 1902 3169 1944 munere
3194 1885 3483 1953 excipiant.

2283 1980 2500 2050 Origeni
2531 1996 2708 2034 rerum
2743 1983 3008 2049 omnium,
3066 1980 3233 2035 etiam
3278 1978 3636 2031 inanintarum
3682 1987 3783 2027 eu-

2204 2071 2435 2125 stodiam
2478 2071 2685 2140 angelis
2723 2070 2991 2141 deleganti
3038 2070 3182 2125 favet
3230 2071 3651 2139 Chrysostomus
3684 2070 3781 2122 lio-

2200 2162 2316 2215 ntil.
2358 2163 2413 2215 in
2447 2161 2635 2217 Natat.
2659 2163 2877 2228 Christi,
2906 2166 3043 2232 apud
3073 2163 3321 2216 Photinm
3352 2162 3472 2217 cod.
3509 2177 3783 2223 οοωιςνιι,

2213 2255 2485 2324 Ἐστησεν
2509 2257 2538 2308 ὁ
2559 2255 2693 2319 Θεὸς
2727 2256 2993 2326 ἀγγέλους
3040 2256 3182 2312 κατά
3207 2256 3277 2310 τά
3316 2252 3552 2327 κλίματα
3572 2256 3671 2325 τῆς
3711 2257 3787 2308 οξ-

2207 2347 2498 2419 κουμένης,
2524 2349 2619 2402 ἕνα.
2640 2349 2869 2404 ἕκαστον
2898 2351 3293 2422 ἐπιτροπεύειν,
3326 2350 3402 2413 ὡς
3455 2350 3551 2403 καὶ
3580 2350 3782 2420 {Hroﬁ};

2208 2440 2377 2509 λέγει,
2433 2441 2551 2504 ἐνὸς
2598 2442 2831 2497 ἑκάστου
2867 2442 3072 2506 ἔθνους.
3118 2444 3351 2513 Ἔστησε
3399 2442 3490 2506 δὲ,
3551 2442 3639 2495 ἵνα
3682 2443 3782 2512 τὴν

2209 2531 2420 2602 ἄψυχον
2449 2533 2626 2586 κτίσιν
2662 2534 3052 2605 χαλινώσωσιν,
3086 2534 3235 2604 ἥλιον
3263 2536 3357 2588 καὶ
3401 2534 3653 2606 σελήνην,
3685 2536 3781 2589 καὶ

2201 2621 2499 2687 θάλασσαν,
2534 2623 2627 2676 καὶ
2669 2625 2792 2695 γῆν,
2839 2626 3019 2677 καὶτὰ
3061 2627 3118 2678 ὲν
3146 2627 3351 2689 αὐτοῖς,
3391 2628 3687 2697 ὑπηρετεῖν
3711 2630 3776 2697 τῇ

2203 2711 2294 2765 τοῦ
2327 2712 2612 2786 ἀνθρώπου
2649 2716 2962 2771 ἀπολαύσει.
3004 2735 3024 2767 ι
3059 2719 3349 2773 Constituit
3397 2720 3536 2773 Deus
3558 2720 3776 2789 angelos

2201 2808 2489 2861 secundum
2518 2808 2735 2862 climata
2761 2810 2928 2873 orbis,
2962 2820 3016 2863 ut
3042 2810 3236 2880 singuli
3282 2825 3466 2865 curam
3505 2825 3774 2880 gererent,

2202 2898 2653 2968 t’luemadtnodum
2688 2900 2763 2952 ait
2806 2909 2860 2955 rt
2893 2900 3121 2972 Moyses,
3151 2902 3482 2971 singularum
3510 2904 3770 2972 gentium.

2197 2989 2487 3045 Constituit
2528 3002 2709 3049 autem
2756 2992 2821 3046 ad
2890 2993 3185 3047 inanimam
3218 3005 3522 3049 creaturam
3582 3010 3770 3063 regen-

2197 3084 2340 3148 dam,
2382 3080 2573 3144 solem,
2604 3092 2662 3137 et
2714 3083 2914 3151 lunam,
2943 3093 2999 3139 et
3031 3100 3200 3152 mare,
3224 3094 3280 3140 et
3326 3097 3546 3150 terram,
3584 3097 3638 3140 et
3660 3104 3774 3158 qua:

2197 3172 2249 3226 in
2280 3172 2345 3229 iis
2377 3180 2525 3238 sunt,
2550 3183 2609 3227 ut
2637 3175 2910 3229 hominum
2942 3176 3123 3231 usibus
3161 3178 3508 3234 inservirent.
3547 3198 3567 3232 ι

2268 3263 2341 3318 De
2369 3265 2566 3333 gemini
2603 3264 2803 3334 angeli,
2837 3266 2964 3321 boni
3019 3269 3269 3322 nimirum
3320 3281 3375 3324 et
3436 3272 3562 3325 tnali
3609 3274 3771 3327 satel-

2193 3353 2329 3422 litio,
2385 3372 2546 3426 quam
2594 3357 2813 3411 tradidit
2859 3357 3186 3425 doctrinam,
3216 3361 3358 3415 hanc
3392 3379 3494 3417 non
3524 3363 3594 3416 ab
3642 3364 3773 3419 Iler-

2196 3465 2279 3502 ma
2315 3450 2489 3504 solum
2538 3463 2593 3504 et
2633 3450 2902 3515 Barnaba,
2961 3456 3054 3506 sed
3090 3468 3121 3506 a
3154 3453 3420 3509 dictatore
3469 3458 3635 3511 etiam
3675 3475 3772 3513 suo

2196 3539 2415 3598 Platone
2457 3554 2761 3611 acceperat,
2792 3544 2943 3612 cujus
2981 3545 3142 3598 verba
3196 3547 3309 3600 haec
3337 3565 3369 3602 e
3425 3549 3563 3603 libro
3608 3566 3638 3603 ι
3680 3550 3773 3604 Le-

2191 3652 2311 3705 gam
2339 3634 2504 3688 refert
2520 3633 2888 3689 Tlteodoretus
2916 3652 3080 3690 serui.
3109 3636 3143 3690 ὅ
3176 3636 3251 3691 De
3277 3641 3495 3693 eamad.
3536 3640 3765 3695 (ἐνίησιν.

2197 3726 2423 3794 ιιΙΪεει.;
2458 3723 2646 3795 Ψυχὴν
2695 3723 2751 3776 δὲ
2779 3724 3103 3793 διοικοῦσαν,
3146 3727 3242 3783 καὶ
3288 3729 3602 3784 ἐνοικοῦσαν
3640 3737 3769 3786 πᾶσι

2195 3819 2306 3880 τοῖς
2340 3817 2586 3887 πανταχῆ
2619 3817 2953 3887 κινουμένοις
2995 3817 3241 3893 λέγοντός
3270 3837 3385 3882 σου,
3422 3823 3518 3875 καὶ
3572 3823 3663 3875 τον
3684 3826 3769 3877 οὐν

2193 3908 2354 3977 ρανὸν
2375 3910 2593 3963 διοικεῖν
2609 3910 2820 3980 ἀνάγκη
2851 3912 3015 3978 φάναι
3037 3927 3052 3941 ο
3067 3910 3120 3962 τί
3148 3914 3288 3983 μήν;
3319 3912 3497 3984 μίανῆ
3525 3913 3764 3981 πλείουςς

2191 4001 2304 4070 ἐγὼ
2337 4002 2474 4073 ὑπὲρ
2511 4002 2657 4072 σφῶν
2686 4001 3084 4074 ἀποκρινοῦμαι
3110 4020 3124 4033 ο
3153 4003 3297 4058 δυοῖν
3334 4007 3434 4077 μὲν
3461 4003 3556 4062 οὖν
3599 4010 3766 4078 γέποο

2198 4093 2406 4147 ἐλάττω
2448 4095 2521 4166 μὴ
2560 4093 2816 4166 τιθῶμεν,
2856 4099 2956 4167 τῆς
3002 4115 3061 4151 τε
3111 4097 3474 4170 εὐεργέτιδος,
3529 4102 3627 4153 καὶ
3670 4100 3767 4171 τῆς

2193 4186 2450 4240 τάναντία
2475 4186 2779 4257 δυναμένης
2799 4188 3156 4259 ἐργάσασθαι.
3193 4210 3211 4242 ι
3254 4192 3386 4245 Cutn
3417 4203 3599 4246 autem
3639 4193 3768 4248 dicis

2191 4276 2423 4330 animatn
2472 4280 2889 4352 gubernantem,
2955 4288 3011 4334 et
3075 4281 3294 4334 insitam
3345 4281 3599 4338 omnibus
3650 4299 3767 4351 qua:

2192 4369 2391 4437 ubique
2419 4379 2734 4436 moventur;
2781 4370 2978 4425 cadum
3025 4385 3242 4440 quoque
3269 4372 3573 4442 gubernare
3623 4375 3766 4429 illam

2192 4461 2497 4517 necessario
2523 4462 2810 4518 dicendum
2844 4474 2947 4519 est.
2996 4464 3135 4532 Quid
3182 4467 3387 4538 igitur?
3435 4483 3675 4522 unamne
3701 4486 3765 4522 an

586 4543 745 4602 Varia
776 4557 954 4601 autem
988 4550 1101 4603 hate
1124 4548 1256 4619 ipsis
1284 4549 1525 4615 injuncta
1561 4549 1853 4618 l'uisse.pro
1882 4549 2087 4605 meritis
2118 4563 2164 4617 ι)
2191 4550 2407 4620 plures?
2441 4550 2553 4623 Ego
2576 4554 2728 4609 vobis
2757 4558 3108 4625 respondebo.
3140 4557 3218 4614 Ne
3247 4559 3529 4629 pauciores
3559 4561 3769 4615 duabus

509 4637 705 4702 nllieia,
738 4649 861 4707 post
898 4642 1185 4708 Origenem
1224 4638 1462 4694 Isidorus
1501 4656 1717 4710 quoque
1752 4640 2085 4711 llispalensis

508 4728 815 4787 affirmavit.
845 4749 863 4781 ι
898 4730 1197 4800 Unicuique
1227 4732 1413 4796 etiam,
1443 4750 1463 4783 ι
1502 4733 1677 4803 inquit
1726 4734 1816 4789 lib.
1850 4748 1920 4787 vu
1957 4732 2099 4793 0ri-.

506 4824 639 4891 gin.,
679 4837 796 4891 cap.
832 4822 887 4885 5,
931 4840 949 4873 ι
983 4823 1123 4877 sicut
1170 4822 1484 4891 praedictum
1514 4835 1620 4889 est,
1653 4824 1867 4894 pr0pria
1910 4824 2083 4881 oﬂicia

506 4930 603 4968 sua
630 4913 891 4983 injuncta,
915 4928 1035 4983 qua:
1062 4929 1155 4968 eos
1185 4916 1545 4982 promeruisse
1578 4917 1631 4970 in
1662 4916 1846 4970 mundi
1873 4926 2087 4973 constat

503 5008 751 5062 exordio.
778 5004 915 5060 Nam
942 5005 1064 5075 quia
1093 5007 1266 5074 angeli
1292 5017 1344 5062 et
1365 5008 1497 5063 locis
1520 5019 1575 5062 et
1605 5007 1918 5062 hominibus
1940 5023 2080 5079 pra:-

504 5107 650 5162 sunt,
682 5113 777 5167 per
805 5100 1120 5170 prOphetant
1150 5108 1380 5155 testatur
1404 5101 1628 5170 angelus
1652 5100 1876 5156 dicens:
1920 5095 2107 5155 Priu-.

408 5206 414 5211 '
503 5204 622 5253 σερε
658 5193 803 5260 regni
859 5189 1143 5246 Persarum
1188 5192 1373 5246 restitit
1422 5193 1633 5246 mihi“.
1676 5191 1827 5247 Unde
1856 5202 2081 5263 apparet

504 5283 709 5338 nullum
733 5301 852 5341 esse
877 5288 1075 5352 locum,
1104 5287 1191 5342 cui
1218 5286 1392 5357 angeli
1418 5303 1527 5341 non
1548 5288 1771 5356 praesint
1797 5305 1811 5340 :
1837 5298 2080 5357 praesunt

501 5377 650 5437 enim
673 5385 729 5431 et
765 5368 1023 5447 auspiciis
1054 5395 1279 5449 operum
1311 5380 1574 5435 omnium.
1600 5379 1700 5435 llic
1731 5393 1817 5434 est
1844 5382 1976 5435 ordo
2000 5382 2111 5441 vel,

500 5470 778 5526 distinctio
804 5472 1140 5540 angelorum,
1181 5474 1274 5542 qui
1322 5483 1443 5543 post
1493 5473 1702 5541 lapsum
1730 5473 1994 5528 malorum
2025 5474 2078 5528 in

502 5562 705 5633 t'telesti
734 5560 919 5632 vigore
963 5574 1250 5618 steterunt.
1285 5584 1304 5615 ι

575 5650 925 5708 ltefractariis
965 5653 1228 5714 adici-sus
1270 5659 1584 5729 angelorum
1608 5658 1755 5729 jussa
1778 5655 2084 5713 hominibus

564 5826 613 5864 “
638 5826 773 5926 D‘ttlit
809 5848 859 5900 ιι,
898 5832 981 5888 13.

2190 4657 2515 4712 statuamus,
2549 4660 2668 4700 eam
2714 4663 2836 4718 qua:
2883 4649 3021 4705 bona
3053 4651 3322 4718 conferat,
3377 4661 3435 4706 et
3488 4668 3612 4706 eam
3649 4669 3765 4721 (ιιι-ιι

2190 4737 2467 4789 contraria
2494 4738 2663 4805 possit
2692 4738 2921 4797 efﬁcere.
2963 4757 2983 4792 ι
3021 4741 3079 4796 In
3111 4758 3178 4798 eo
3202 4754 3380 4797 autem
3411 4745 3767 4799 Adamantius

2190 4826 2447 4897 plurimos
2470 4830 2658 4886 habuit
2685 4834 3104 4898 consentientes,
3141 4836 3234 4890 sed
3264 4834 3580 4891 Cassianum
3632 4853 3765 4907 pne-

2190 4920 2378 4974 sertint
2412 4920 2607 4978 Collat.
2636 4939 2753 4991 vm,
2784 4941 2906 4996 cap.
2937 4922 3027 4993 l7,"
3050 4937 3106 4981 et
3138 4927 3234 4983 lib.
3257 4944 3381 4992 xm,
3413 4944 3532 4999 cap.
3559 4928 3649 4994 12,
3674 4931 3760 4998 qui

2191 5011 2329 5066 idem
2359 5009 2571 5068 Henna:
2596 5017 2954 5072 testimonium
2995 5018 3251 5085 adducit;
3278 5029 3442 5089 atque
3495 5020 3764 5091 dogmatis

2189 5103 2347 5173 hujus
2379 5112 2634 5173 tanquam
2672 5105 2787 5162 falsi
2818 5117 2873 5161 et
2912 5122 3103 5164 errore
3151 5109 3415 5179 implicati
3447 5109 3682 5172 nomine,
3710 5121 3764 5164 et

2192 5201 2353 5260 hunc,
2380 5204 2433 5251 et
2461 5197 2633 5263 illum,
2668 5208 2723 5252 et
2769 5197 3056 5269 Origenetn
3105 5212 3362 5270 praterea
3407 5200 3764 5255 Bellartninus

2192 5288 2475 5359 castigavit
2515 5290 2568 5343 in
2601 5290 2694 5345 lib.
2738 5289 2818 5344 De
2849 5293 3030 5362 script.
3062 5292 3268 5360 eccles.,
3308 5293 3360 5346 in
3390 5293 3485 5346 lib.
3521 5290 3762 5354 Pastum,

2189 5382 2333 5449 quod
2360 5397 2467 5437 non
2502 5381 2716 5437 fecisset
2741 5382 2992 5449 fortasse,
3046 5386 3090 5440 si
3139 5386 3192 5439 in
3222 5385 3411 5440 eadem
3445 5399 3569 5438 esse
3597 5398 3760 5438 causa

2193 5474 2513 5543 Gregorium
2544 5474 2845 5546 Nysscuum
2889 5478 3245 5532 ntetninisset.
3314 5477 3504 5532 Eidem
3547 5492 3759 5547 quoque

2190 5567 2450 5623 Cassiano
2501 5570 2712 5637 punivit
2755 5569 3038 5641 Origenes,
3108 5586 3231 5625 cum
3286 5570 3578 5637 unicuique
3630 5569 3758 5623 vitio

2189 5674 2342 5717 suum
2366 5663 2643 5732 praesident
2670 5679 2793 5721 esse
2817 5665 3133 5723 attributum
3161 5666 3435 5732 definivit;
3459 5667 3603 5737 quod
3634 5665 3752 5720 licet
