  <div class='ocr_page' id='page_1' title='image "/cluster/home/n/w/nwhite01/storage/ocr_20150623/17/mdp.39015031604831/448.png"; bbox 0 0 4054 6310; ppageno 0'>
   <div class='ocr_carea' id='block_1_1' title="bbox 269 358 374 413">
    <p class='ocr_par' dir='ltr' id='par_1_1' title="bbox 269 358 374 413">
     <span class='ocr_line' id='line_1_1' title="bbox 269 358 374 413; baseline -0.019 0"><span class='ocrx_word' id='word_1_1' title='bbox 269 358 374 413; x_wconf 81' lang='lat'><strong>885</strong></span> 
     </span>
    </p>
   </div>
   <div class='ocr_carea' id='block_1_2' title="bbox 1128 349 2697 419">
    <p class='ocr_par' dir='ltr' id='par_1_2' title="bbox 1128 349 2697 419">
     <span class='ocr_line' id='line_1_2' title="bbox 1128 349 2697 419; baseline -0.004 -7"><span class='ocrx_word' id='word_1_2' title='bbox 1128 353 1698 413; x_wconf 75' lang='lat' dir='ltr'><strong>ORIGENIANORIIM</strong></span> <span class='ocrx_word' id='word_1_3' title='bbox 1741 352 1868 406; x_wconf 85' lang='lat' dir='ltr'><strong>LIB.</strong></span> <span class='ocrx_word' id='word_1_4' title='bbox 1907 350 1978 416; x_wconf 84' lang='lat' dir='ltr'><strong>ll,</strong></span> <span class='ocrx_word' id='word_1_5' title='bbox 2012 351 2272 415; x_wconf 70' lang='lat' dir='ltr'><strong>CAP..ﬂ‘,</strong></span> <span class='ocrx_word' id='word_1_6' title='bbox 2310 351 2587 419; x_wconf 71' lang='lat' dir='ltr'><strong>QUIEST.</strong></span> <span class='ocrx_word' id='word_1_7' title='bbox 2632 349 2697 405; x_wconf 72' lang='grc' dir='ltr'><strong>ν,</strong></span> 
     </span>
    </p>
   </div>
   <div class='ocr_carea' id='block_1_3' title="bbox 3408 344 3514 400">
    <p class='ocr_par' dir='ltr' id='par_1_3' title="bbox 3408 344 3514 400">
     <span class='ocr_line' id='line_1_3' title="bbox 3408 344 3514 400; baseline 0.009 -1"><span class='ocrx_word' id='word_1_8' title='bbox 3408 344 3514 400; x_wconf 82' lang='grc'><strong>886</strong></span> 
     </span>
    </p>
   </div>
   <div class='ocr_carea' id='block_1_4' title="bbox 265 465 3516 540">
    <p class='ocr_par' dir='ltr' id='par_1_4' title="bbox 265 465 3516 540">
     <span class='ocr_line' id='line_1_4' title="bbox 265 465 3516 540; baseline -0.001 -16"><span class='ocrx_word' id='word_1_9' title='bbox 265 487 456 540; x_wconf 88' lang='lat' dir='ltr'><strong>parum</strong></span> <span class='ocrx_word' id='word_1_10' title='bbox 486 471 688 527; x_wconf 87' lang='lat' dir='ltr'><strong>habere</strong></span> <span class='ocrx_word' id='word_1_11' title='bbox 718 472 964 526; x_wconf 88' lang='lat' dir='ltr'><strong>videatur</strong></span> <span class='ocrx_word' id='word_1_12' title='bbox 993 470 1410 539; x_wconf 86' lang='lat' dir='ltr'><strong>probabilitatis,</strong></span> <span class='ocrx_word' id='word_1_13' title='bbox 1443 471 1516 523; x_wconf 89' lang='lat' dir='ltr'><strong>ab</strong></span> <span class='ocrx_word' id='word_1_14' title='bbox 1541 467 1841 537; x_wconf 79' lang='lat' dir='ltr'><strong>insignibus</strong></span> <span class='ocrx_word' id='word_1_15' title='bbox 1867 476 1916 526; x_wconf 79' lang='grc' dir='ltr'>Α</span> <span class='ocrx_word' id='word_1_16' title='bbox 1944 478 2152 538; x_wconf 88' lang='lat' dir='ltr'><strong>patrum</strong></span> <span class='ocrx_word' id='word_1_17' title='bbox 2179 467 2528 523; x_wconf 83' lang='lat' dir='ltr'><strong>Bostrensem</strong></span> <span class='ocrx_word' id='word_1_18' title='bbox 2553 467 2907 534; x_wconf 88' lang='lat' dir='ltr'><strong>imitabimur,</strong></span> <span class='ocrx_word' id='word_1_19' title='bbox 2923 469 3012 536; x_wconf 87' lang='lat' dir='ltr'><strong>qui</strong></span> <span class='ocrx_word' id='word_1_20' title='bbox 3039 465 3287 538; x_wconf 84' lang='lat' dir='ltr'><strong>Origenis</strong></span> <span class='ocrx_word' id='word_1_21' title='bbox 3313 467 3516 522; x_wconf 86' lang='lat' dir='ltr'><strong>doctri-</strong></span> 
     </span>
    </p>
   </div>
   <div class='ocr_carea' id='block_1_5' title="bbox 268 559 1835 634">
    <p class='ocr_par' dir='ltr' id='par_1_5' title="bbox 268 559 1835 634">
     <span class='ocr_line' id='line_1_5' title="bbox 268 559 1835 634; baseline -0.003 -18"><span class='ocrx_word' id='word_1_22' title='bbox 268 577 448 617; x_wconf 90' lang='lat' dir='ltr'><strong>tamen</strong></span> <span class='ocrx_word' id='word_1_23' title='bbox 482 565 689 634; x_wconf 90' lang='lat' dir='ltr'><strong>aliquot</strong></span> <span class='ocrx_word' id='word_1_24' title='bbox 730 561 1068 619; x_wconf 75' lang='lat' dir='ltr'><strong>scholasticis</strong></span> <span class='ocrx_word' id='word_1_25' title='bbox 1106 576 1209 616; x_wconf 95' lang='lat' dir='ltr'><strong>non</strong></span> <span class='ocrx_word' id='word_1_26' title='bbox 1238 562 1463 616; x_wconf 82' lang='lat' dir='ltr'><strong>omnino</strong></span> <span class='ocrx_word' id='word_1_27' title='bbox 1499 559 1835 629; x_wconf 88' lang='lat' dir='ltr'><strong>repudiatum</strong></span> 
     </span>
    </p>
   </div>
   <div class='ocr_carea' id='block_1_6' title="bbox 265 663 368 709">
    <p class='ocr_par' dir='ltr' id='par_1_6' title="bbox 265 663 368 709">
     <span class='ocr_line' id='line_1_6' title="bbox 265 663 368 709; baseline 0 0"><span class='ocrx_word' id='word_1_28' title='bbox 265 663 368 709; x_wconf 89' lang='lat' dir='ltr'><strong>est.</strong></span> 
     </span>
    </p>
   </div>
   <div class='ocr_carea' id='block_1_7' title="bbox 335 741 1837 814">
    <p class='ocr_par' dir='ltr' id='par_1_7' title="bbox 335 741 1837 814">
     <span class='ocr_line' id='line_1_7' title="bbox 335 741 1837 814; baseline -0.002 -15"><span class='ocrx_word' id='word_1_29' title='bbox 335 747 419 800; x_wconf 82' lang='lat' dir='ltr'><strong>Ad</strong></span> <span class='ocrx_word' id='word_1_30' title='bbox 467 745 836 802; x_wconf 78' lang='lat' dir='ltr'><strong>excusandum</strong></span> <span class='ocrx_word' id='word_1_31' title='bbox 864 744 1114 814; x_wconf 85' lang='lat' dir='ltr'><strong>Origenis</strong></span> <span class='ocrx_word' id='word_1_32' title='bbox 1166 758 1410 799; x_wconf 90' lang='lat' dir='ltr'><strong>errorem</strong></span> <span class='ocrx_word' id='word_1_33' title='bbox 1439 743 1506 798; x_wconf 88' lang='lat' dir='ltr'><strong>de</strong></span> <span class='ocrx_word' id='word_1_34' title='bbox 1539 741 1744 809; x_wconf 89' lang='lat' dir='ltr'><strong>judicio</strong></span> <span class='ocrx_word' id='word_1_35' title='bbox 1784 742 1837 796; x_wconf 94' lang='lat' dir='ltr'><strong>in</strong></span> 
     </span>
    </p>
   </div>
   <div class='ocr_carea' id='block_1_8' title="bbox 261 835 1840 906">
    <p class='ocr_par' dir='ltr' id='par_1_8' title="bbox 261 835 1840 906">
     <span class='ocr_line' id='line_1_8' title="bbox 261 835 1840 906; baseline -0.001 -16"><span class='ocrx_word' id='word_1_36' title='bbox 261 836 492 904; x_wconf 75' lang='lat' dir='ltr'><strong>angelos</strong></span> <span class='ocrx_word' id='word_1_37' title='bbox 523 837 775 893; x_wconf 85' lang='lat' dir='ltr'><strong>tutelares</strong></span> <span class='ocrx_word' id='word_1_38' title='bbox 819 836 947 892; x_wconf 88' lang='lat' dir='ltr'><strong>olim</strong></span> <span class='ocrx_word' id='word_1_39' title='bbox 1009 837 1297 891; x_wconf 88' lang='lat' dir='ltr'><strong>statuendo</strong></span> <span class='ocrx_word' id='word_1_40' title='bbox 1357 836 1535 906; x_wconf 87' lang='lat' dir='ltr'><strong>aliqua</strong></span> <span class='ocrx_word' id='word_1_41' title='bbox 1590 835 1840 904; x_wconf 90' lang='lat' dir='ltr'><strong>superius</strong></span> 
     </span>
    </p>
   </div>
   <div class='ocr_carea' id='block_1_9' title="bbox 267 914 1842 1008">
    <p class='ocr_par' dir='ltr' id='par_1_9' title="bbox 267 914 1842 1008">
     <span class='ocr_line' id='line_1_9' title="bbox 267 914 1842 1008; baseline 0 -27"><span class='ocrx_word' id='word_1_42' title='bbox 267 931 678 999; x_wconf 84' lang='lat' dir='ltr'><strong>proposuimus;</strong></span> <span class='ocrx_word' id='word_1_43' title='bbox 739 945 884 984; x_wconf 89' lang='lat' dir='ltr'><strong>nunc</strong></span> <span class='ocrx_word' id='word_1_44' title='bbox 920 931 1177 1000; x_wconf 89' lang='lat' dir='ltr'><strong>quoniam</strong></span> <span class='ocrx_word' id='word_1_45' title='bbox 1226 914 1760 1008; x_wconf 56' lang='lat' dir='ltr'><strong>Patrttni&#39;sull&#39;ragiis</strong></span> <span class='ocrx_word' id='word_1_46' title='bbox 1785 937 1842 981; x_wconf 88' lang='lat' dir='ltr'><strong>et</strong></span> 
     </span>
    </p>
   </div>
   <div class='ocr_carea' id='block_1_10' title="bbox 266 1019 1840 1091">
    <p class='ocr_par' dir='ltr' id='par_1_10' title="bbox 266 1019 1840 1091">
     <span class='ocr_line' id='line_1_10' title="bbox 266 1019 1840 1091; baseline -0.001 -17"><span class='ocrx_word' id='word_1_47' title='bbox 266 1021 592 1076; x_wconf 87' lang='lat' dir='ltr'><strong>auctoritate</strong></span> <span class='ocrx_word' id='word_1_48' title='bbox 619 1038 944 1091; x_wconf 77' lang='lat' dir='ltr'><strong>pugnamus.</strong></span> <span class='ocrx_word' id='word_1_49' title='bbox 979 1023 1045 1076; x_wconf 91' lang='lat' dir='ltr'><strong>ad</strong></span> <span class='ocrx_word' id='word_1_50' title='bbox 1079 1020 1398 1076; x_wconf 89' lang='lat' dir='ltr'><strong>elevandam</strong></span> <span class='ocrx_word' id='word_1_51' title='bbox 1437 1019 1705 1088; x_wconf 85' lang='lat' dir='ltr'><strong>Opinionis</strong></span> <span class='ocrx_word' id='word_1_52' title='bbox 1737 1020 1840 1074; x_wconf 89' lang='lat' dir='ltr'><strong>hu-</strong></span> 
     </span>
    </p>
   </div>
   <div class='ocr_carea' id='block_1_11' title="bbox 260 1111 1838 1186">
    <p class='ocr_par' dir='ltr' id='par_1_11' title="bbox 260 1111 1838 1186">
     <span class='ocr_line' id='line_1_11' title="bbox 260 1111 1838 1186; baseline 0 -22"><span class='ocrx_word' id='word_1_53' title='bbox 260 1112 353 1182; x_wconf 84' lang='lat' dir='ltr'><strong>jus</strong></span> <span class='ocrx_word' id='word_1_54' title='bbox 383 1113 636 1169; x_wconf 84' lang='lat' dir='ltr'><strong>invidiam</strong></span> <span class='ocrx_word' id='word_1_55' title='bbox 686 1114 1074 1186; x_wconf 81' lang='lat' dir='ltr'><strong>Hieronymum</strong></span> <span class='ocrx_word' id='word_1_56' title='bbox 1127 1113 1378 1183; x_wconf 87' lang='lat' dir='ltr'><strong>Origcnis</strong></span> <span class='ocrx_word' id='word_1_57' title='bbox 1428 1111 1838 1181; x_wconf 72' lang='lat' dir='ltr'><strong>suifragatorem</strong></span> 
     </span>
    </p>
   </div>
   <div class='ocr_carea' id='block_1_12' title="bbox 263 1203 1838 1271">
    <p class='ocr_par' dir='ltr' id='par_1_12' title="bbox 263 1203 1838 1271">
     <span class='ocr_line' id='line_1_12' title="bbox 263 1203 1838 1271; baseline -0.002 -13"><span class='ocrx_word' id='word_1_58' title='bbox 263 1208 611 1260; x_wconf 83' lang='lat' dir='ltr'><strong>adducemus.</strong></span> <span class='ocrx_word' id='word_1_59' title='bbox 645 1205 693 1261; x_wconf 92' lang='lat' dir='ltr'><strong>ls</strong></span> <span class='ocrx_word' id='word_1_60' title='bbox 720 1208 772 1261; x_wconf 91' lang='lat' dir='ltr'><strong>in</strong></span> <span class='ocrx_word' id='word_1_61' title='bbox 814 1207 941 1260; x_wconf 91' lang='lat' dir='ltr'><strong>illud</strong></span> <span class='ocrx_word' id='word_1_62' title='bbox 981 1206 1236 1271; x_wconf 71' lang='lat' dir='ltr'><strong>Michzere,</strong></span> <span class='ocrx_word' id='word_1_63' title='bbox 1275 1219 1395 1271; x_wconf 88' lang='lat' dir='ltr'><strong>cap.</strong></span> <span class='ocrx_word' id='word_1_64' title='bbox 1425 1219 1500 1269; x_wconf 80' lang='lat' dir='ltr'><strong>vt,</strong></span> <span class='ocrx_word' id='word_1_65' title='bbox 1535 1218 1676 1257; x_wconf 90' lang='lat' dir='ltr'><strong>vers.</strong></span> <span class='ocrx_word' id='word_1_66' title='bbox 1703 1203 1756 1268; x_wconf 85' lang='lat' dir='ltr'><strong>I,</strong></span> <span class='ocrx_word' id='word_1_67' title='bbox 1781 1203 1838 1265; x_wconf 68' lang='lat'><strong>2,</strong></span> 
     </span>
    </p>
   </div>
   <div class='ocr_carea' id='block_1_13' title="bbox 270 1295 1842 1368">
    <p class='ocr_par' dir='ltr' id='par_1_13' title="bbox 270 1295 1842 1368">
     <span class='ocr_line' id='line_1_13' title="bbox 270 1295 1842 1368; baseline 0 -20"><span class='ocrx_word' id='word_1_68' title='bbox 270 1315 291 1348; x_wconf 74' lang='grc' dir='ltr'><strong>ι</strong></span> <span class='ocrx_word' id='word_1_69' title='bbox 331 1299 522 1352; x_wconf 75' lang='lat' dir='ltr'><strong>Audite</strong></span> <span class='ocrx_word' id='word_1_70' title='bbox 551 1314 670 1368; x_wconf 70' lang='lat' dir='ltr'><strong>qua:</strong></span> <span class='ocrx_word' id='word_1_71' title='bbox 718 1299 976 1354; x_wconf 83' lang='lat' dir='ltr'><strong>Dominus</strong></span> <span class='ocrx_word' id='word_1_72' title='bbox 1009 1298 1285 1367; x_wconf 81' lang='lat' dir='ltr'><strong>loquitur:</strong></span> <span class='ocrx_word' id='word_1_73' title='bbox 1320 1297 1516 1366; x_wconf 83' lang='lat' dir='ltr'><strong>Surge,</strong></span> <span class='ocrx_word' id='word_1_74' title='bbox 1575 1295 1842 1349; x_wconf 90' lang='lat' dir='ltr'><strong>contende</strong></span> 
     </span>
    </p>
   </div>
   <div class='ocr_carea' id='block_1_14' title="bbox 258 1387 1840 1456">
    <p class='ocr_par' dir='ltr' id='par_1_14' title="bbox 258 1387 1840 1456">
     <span class='ocr_line' id='line_1_14' title="bbox 258 1387 1840 1456; baseline -0.003 -14"><span class='ocrx_word' id='word_1_75' title='bbox 258 1387 466 1456; x_wconf 82' lang='lat' dir='ltr'><strong>judicio</strong></span> <span class='ocrx_word' id='word_1_76' title='bbox 497 1390 782 1444; x_wconf 88' lang='lat' dir='ltr'><strong>adversum</strong></span> <span class='ocrx_word' id='word_1_77' title='bbox 821 1400 1052 1450; x_wconf 86' lang='lat' dir='ltr'><strong>montes,</strong></span> <span class='ocrx_word' id='word_1_78' title='bbox 1079 1397 1134 1442; x_wconf 89' lang='lat' dir='ltr'><strong>ct</strong></span> <span class='ocrx_word' id='word_1_79' title='bbox 1174 1389 1398 1441; x_wconf 87' lang='lat' dir='ltr'><strong>audiant</strong></span> <span class='ocrx_word' id='word_1_80' title='bbox 1445 1387 1611 1441; x_wconf 90' lang='lat' dir='ltr'><strong>colles</strong></span> <span class='ocrx_word' id='word_1_81' title='bbox 1655 1401 1840 1440; x_wconf 90' lang='lat' dir='ltr'><strong>vocem</strong></span> 
     </span>
    </p>
   </div>
   <div class='ocr_carea' id='block_1_15' title="bbox 268 1477 1842 1549">
    <p class='ocr_par' dir='ltr' id='par_1_15' title="bbox 268 1477 1842 1549">
     <span class='ocr_line' id='line_1_15' title="bbox 268 1477 1842 1549; baseline -0.003 -15"><span class='ocrx_word' id='word_1_82' title='bbox 268 1491 436 1534; x_wconf 88' lang='lat' dir='ltr'><strong>tuam.</strong></span> <span class='ocrx_word' id='word_1_83' title='bbox 479 1482 720 1535; x_wconf 83' lang='lat' dir='ltr'><strong>Audiant</strong></span> <span class='ocrx_word' id='word_1_84' title='bbox 768 1492 980 1536; x_wconf 90' lang='lat' dir='ltr'><strong>montes</strong></span> <span class='ocrx_word' id='word_1_85' title='bbox 1022 1479 1282 1549; x_wconf 76' lang='lat' dir='ltr'><strong>judicium</strong></span> <span class='ocrx_word' id='word_1_86' title='bbox 1331 1478 1562 1536; x_wconf 84' lang='lat' dir='ltr'><strong>Domini.</strong></span> <span class='ocrx_word' id='word_1_87' title='bbox 1598 1487 1652 1530; x_wconf 90' lang='lat' dir='ltr'><strong>et</strong></span> <span class='ocrx_word' id='word_1_88' title='bbox 1686 1477 1842 1531; x_wconf 81' lang='lat' dir='ltr'><strong>fortia</strong></span> 
     </span>
    </p>
   </div>
   <div class='ocr_carea' id='block_1_16' title="bbox 265 1558 1845 1640">
    <p class='ocr_par' dir='ltr' id='par_1_16' title="bbox 265 1558 1845 1640">
     <span class='ocr_line' id='line_1_16' title="bbox 265 1558 1845 1640; baseline -0.002 -13"><span class='ocrx_word' id='word_1_89' title='bbox 265 1572 612 1628; x_wconf 73' lang='lat' dir='ltr'><strong>fundamenta</strong></span> <span class='ocrx_word' id='word_1_90' title='bbox 645 1585 803 1628; x_wconf 76' lang='lat' dir='ltr'><strong>terra:</strong></span> <span class='ocrx_word' id='word_1_91' title='bbox 821 1558 843 1626; x_wconf 68' lang='grc' dir='ltr'><strong>ἰ</strong></span> <span class='ocrx_word' id='word_1_92' title='bbox 879 1593 898 1623; x_wconf 77' lang='grc' dir='ltr'><strong>ι</strong></span> <span class='ocrx_word' id='word_1_93' title='bbox 926 1573 1197 1626; x_wconf 86' lang='lat' dir='ltr'><strong>montibus</strong></span> <span class='ocrx_word' id='word_1_94' title='bbox 1225 1571 1332 1625; x_wconf 88' lang='lat' dir='ltr'><strong>illis</strong></span> <span class='ocrx_word' id='word_1_95' title='bbox 1371 1570 1660 1639; x_wconf 83' lang='lat' dir='ltr'><strong>signiﬁcari</strong></span> <span class='ocrx_word' id='word_1_96' title='bbox 1691 1581 1845 1640; x_wconf 89' lang='lat' dir='ltr'><strong>putat</strong></span> 
     </span>
    </p>
   </div>
   <div class='ocr_carea' id='block_1_17' title="bbox 265 1664 1844 1735">
    <p class='ocr_par' dir='ltr' id='par_1_17' title="bbox 265 1664 1844 1735">
     <span class='ocr_line' id='line_1_17' title="bbox 265 1664 1844 1735; baseline 0.001 -19"><span class='ocrx_word' id='word_1_97' title='bbox 265 1665 509 1735; x_wconf 81' lang='lat' dir='ltr'><strong>angelos,</strong></span> <span class='ocrx_word' id='word_1_98' title='bbox 533 1667 731 1734; x_wconf 87' lang='lat' dir='ltr'><strong>quibus</strong></span> <span class='ocrx_word' id='word_1_99' title='bbox 767 1681 946 1718; x_wconf 88' lang='lat' dir='ltr'><strong>rerqu</strong></span> <span class='ocrx_word' id='word_1_100' title='bbox 993 1665 1351 1718; x_wconf 88' lang='lat' dir='ltr'><strong>humanarum</strong></span> <span class='ocrx_word' id='word_1_101' title='bbox 1386 1664 1671 1718; x_wconf 83' lang='lat' dir='ltr'><strong>commissa</strong></span> <span class='ocrx_word' id='word_1_102' title='bbox 1722 1679 1844 1732; x_wconf 81' lang='lat' dir='ltr'><strong>pro-</strong></span> 
     </span>
    </p>
   </div>
   <div class='ocr_carea' id='block_1_18' title="bbox 265 1753 1842 1825">
    <p class='ocr_par' dir='ltr' id='par_1_18' title="bbox 265 1753 1842 1825">
     <span class='ocr_line' id='line_1_18' title="bbox 265 1753 1842 1825; baseline -0.003 -13"><span class='ocrx_word' id='word_1_103' title='bbox 265 1758 480 1812; x_wconf 86' lang='lat' dir='ltr'><strong>curatio</strong></span> <span class='ocrx_word' id='word_1_104' title='bbox 503 1767 607 1818; x_wconf 87' lang='lat' dir='ltr'><strong>est.</strong></span> <span class='ocrx_word' id='word_1_105' title='bbox 661 1756 812 1825; x_wconf 85' lang='lat' dir='ltr'><strong>juxta</strong></span> <span class='ocrx_word' id='word_1_106' title='bbox 849 1756 1065 1810; x_wconf 91' lang='lat' dir='ltr'><strong>Deuter.</strong></span> <span class='ocrx_word' id='word_1_107' title='bbox 1105 1772 1280 1821; x_wconf 73' lang='grc' dir='ltr'><strong>χχχιι,</strong></span> <span class='ocrx_word' id='word_1_108' title='bbox 1307 1755 1360 1816; x_wconf 85' lang='lat'><strong>8.</strong></span> <span class='ocrx_word' id='word_1_109' title='bbox 1395 1766 1447 1810; x_wconf 90' lang='lat' dir='ltr'><strong>et</strong></span> <span class='ocrx_word' id='word_1_110' title='bbox 1490 1753 1652 1809; x_wconf 83' lang='lat' dir='ltr'><strong>Hebr.</strong></span> <span class='ocrx_word' id='word_1_111' title='bbox 1685 1771 1725 1819; x_wconf 89' lang='grc' dir='ltr'><strong>ι,</strong></span> <span class='ocrx_word' id='word_1_112' title='bbox 1753 1755 1842 1818; x_wconf 71' lang='grc'><strong>14,</strong></span> 
     </span>
    </p>
   </div>
   <div class='ocr_carea' id='block_1_19' title="bbox 267 1848 1847 1924">
    <p class='ocr_par' dir='ltr' id='par_1_19' title="bbox 267 1848 1847 1924">
     <span class='ocr_line' id='line_1_19' title="bbox 267 1848 1847 1924; baseline -0.002 -21"><span class='ocrx_word' id='word_1_113' title='bbox 267 1863 434 1919; x_wconf 88' lang='lat' dir='ltr'><strong>atque</strong></span> <span class='ocrx_word' id='word_1_114' title='bbox 466 1865 579 1917; x_wconf 84' lang='lat' dir='ltr'><strong>eos,</strong></span> <span class='ocrx_word' id='word_1_115' title='bbox 597 1852 639 1904; x_wconf 89' lang='lat' dir='ltr'><strong>si</strong></span> <span class='ocrx_word' id='word_1_116' title='bbox 663 1849 885 1918; x_wconf 89' lang='lat' dir='ltr'><strong>populos</strong></span> <span class='ocrx_word' id='word_1_117' title='bbox 904 1864 1047 1924; x_wconf 63' lang='lat' dir='ltr'><strong>curm</strong></span> <span class='ocrx_word' id='word_1_118' title='bbox 1077 1863 1189 1903; x_wconf 70' lang='lat' dir='ltr'><strong>sure</strong></span> <span class='ocrx_word' id='word_1_119' title='bbox 1217 1848 1506 1915; x_wconf 85' lang='lat' dir='ltr'><strong>permissos</strong></span> <span class='ocrx_word' id='word_1_120' title='bbox 1533 1851 1669 1900; x_wconf 91' lang='lat' dir='ltr'><strong>male</strong></span> <span class='ocrx_word' id='word_1_121' title='bbox 1693 1863 1847 1900; x_wconf 85' lang='lat' dir='ltr'><strong>rexe-</strong></span> 
     </span>
    </p>
   </div>
   <div class='ocr_carea' id='block_1_20' title="bbox 265 1939 1845 2012">
    <p class='ocr_par' dir='ltr' id='par_1_20' title="bbox 265 1939 1845 2012">
     <span class='ocr_line' id='line_1_20' title="bbox 265 1939 1845 2012; baseline -0.004 -12"><span class='ocrx_word' id='word_1_122' title='bbox 265 1946 406 2009; x_wconf 79' lang='lat' dir='ltr'><strong>riat,</strong></span> <span class='ocrx_word' id='word_1_123' title='bbox 441 1945 714 2012; x_wconf 88' lang='lat' dir='ltr'><strong>culpatum</strong></span> <span class='ocrx_word' id='word_1_124' title='bbox 743 1944 829 2007; x_wconf 90' lang='lat' dir='ltr'><strong>iri,</strong></span> <span class='ocrx_word' id='word_1_125' title='bbox 862 1943 1005 1998; x_wconf 82' lang='lat' dir='ltr'><strong>velut</strong></span> <span class='ocrx_word' id='word_1_126' title='bbox 1035 1943 1257 2012; x_wconf 87' lang='lat' dir='ltr'><strong>Apocal.</strong></span> <span class='ocrx_word' id='word_1_127' title='bbox 1288 1959 1323 1996; x_wconf 93' lang='grc' dir='ltr'><strong>ιι</strong></span> <span class='ocrx_word' id='word_1_128' title='bbox 1352 1952 1407 1996; x_wconf 91' lang='lat' dir='ltr'><strong>et</strong></span> <span class='ocrx_word' id='word_1_129' title='bbox 1440 1957 1522 1996; x_wconf 88' lang='lat' dir='ltr'>III.</span> <span class='ocrx_word' id='word_1_130' title='bbox 1549 1940 1686 1995; x_wconf 85' lang='lat' dir='ltr'><strong>llinc</strong></span> <span class='ocrx_word' id='word_1_131' title='bbox 1723 1939 1845 1995; x_wconf 91' lang='lat' dir='ltr'><strong>Ori-</strong></span> 
     </span>
    </p>
   </div>
   <div class='ocr_carea' id='block_1_21' title="bbox 269 2030 1848 2104">
    <p class='ocr_par' dir='ltr' id='par_1_21' title="bbox 269 2030 1848 2104">
     <span class='ocr_line' id='line_1_21' title="bbox 269 2030 1848 2104; baseline -0.004 -13"><span class='ocrx_word' id='word_1_132' title='bbox 269 2037 424 2104; x_wconf 89' lang='lat' dir='ltr'><strong>genis</strong></span> <span class='ocrx_word' id='word_1_133' title='bbox 484 2051 585 2089; x_wconf 89' lang='lat' dir='ltr'><strong>non</strong></span> <span class='ocrx_word' id='word_1_134' title='bbox 618 2034 938 2089; x_wconf 86' lang='lat' dir='ltr'><strong>sententiam</strong></span> <span class='ocrx_word' id='word_1_135' title='bbox 994 2034 1178 2097; x_wconf 86' lang='lat' dir='ltr'><strong>modo,</strong></span> <span class='ocrx_word' id='word_1_136' title='bbox 1233 2034 1329 2089; x_wconf 87' lang='lat' dir='ltr'><strong>sed</strong></span> <span class='ocrx_word' id='word_1_137' title='bbox 1371 2032 1532 2087; x_wconf 80' lang='lat' dir='ltr'><strong>verba</strong></span> <span class='ocrx_word' id='word_1_138' title='bbox 1589 2031 1704 2085; x_wconf 83' lang='lat' dir='ltr'><strong>fere</strong></span> <span class='ocrx_word' id='word_1_139' title='bbox 1733 2030 1848 2098; x_wconf 87' lang='lat' dir='ltr'><strong>ipsa</strong></span> 
     </span>
    </p>
   </div>
   <div class='ocr_carea' id='block_1_22' title="bbox 275 2121 1848 2196">
    <p class='ocr_par' dir='ltr' id='par_1_22' title="bbox 275 2121 1848 2196">
     <span class='ocr_line' id='line_1_22' title="bbox 275 2121 1848 2196; baseline -0.004 -16"><span class='ocrx_word' id='word_1_140' title='bbox 275 2136 522 2196; x_wconf 77' lang='lat' dir='ltr'><strong>usurpat.</strong></span> <span class='ocrx_word' id='word_1_141' title='bbox 561 2145 578 2175; x_wconf 74' lang='lat' dir='ltr'><strong><em>a</em></strong></span> <span class='ocrx_word' id='word_1_142' title='bbox 606 2125 758 2179; x_wconf 86' lang='lat' dir='ltr'><strong>Sicut</strong></span> <span class='ocrx_word' id='word_1_143' title='bbox 795 2125 962 2188; x_wconf 88' lang='lat' dir='ltr'><strong>enim,</strong></span> <span class='ocrx_word' id='word_1_144' title='bbox 1023 2125 1234 2192; x_wconf 88' lang='lat' dir='ltr'><strong>inquit,</strong></span> <span class='ocrx_word' id='word_1_145' title='bbox 1287 2124 1552 2177; x_wconf 87' lang='lat' dir='ltr'><strong>interdum</strong></span> <span class='ocrx_word' id='word_1_146' title='bbox 1608 2121 1848 2190; x_wconf 84' lang='lat' dir='ltr'><strong>episcopi</strong></span> 
     </span>
    </p>
   </div>
   <div class='ocr_carea' id='block_1_23' title="bbox 273 2214 1848 2285">
    <p class='ocr_par' dir='ltr' id='par_1_23' title="bbox 273 2214 1848 2285">
     <span class='ocr_line' id='line_1_23' title="bbox 273 2214 1848 2285; baseline -0.004 -15"><span class='ocrx_word' id='word_1_147' title='bbox 273 2216 433 2285; x_wconf 92' lang='lat' dir='ltr'><strong>culpa</strong></span> <span class='ocrx_word' id='word_1_148' title='bbox 468 2224 573 2280; x_wconf 83' lang='lat' dir='ltr'><strong>est,</strong></span> <span class='ocrx_word' id='word_1_149' title='bbox 599 2216 863 2269; x_wconf 88' lang='lat' dir='ltr'><strong>interdum</strong></span> <span class='ocrx_word' id='word_1_150' title='bbox 895 2215 1084 2284; x_wconf 88' lang='lat' dir='ltr'><strong>plebis,</strong></span> <span class='ocrx_word' id='word_1_151' title='bbox 1109 2223 1164 2269; x_wconf 89' lang='lat' dir='ltr'><strong>et</strong></span> <span class='ocrx_word' id='word_1_152' title='bbox 1195 2228 1336 2282; x_wconf 71' lang='lat' dir='ltr'><strong>saepe</strong></span> <span class='ocrx_word' id='word_1_153' title='bbox 1359 2214 1615 2282; x_wconf 88' lang='lat' dir='ltr'><strong>magister</strong></span> <span class='ocrx_word' id='word_1_154' title='bbox 1643 2220 1848 2281; x_wconf 89' lang='lat' dir='ltr'><strong>peccat,</strong></span> 
     </span>
    </p>
   </div>
   <div class='ocr_carea' id='block_1_24' title="bbox 273 2303 1846 2374">
    <p class='ocr_par' dir='ltr' id='par_1_24' title="bbox 273 2303 1846 2374">
     <span class='ocr_line' id='line_1_24' title="bbox 273 2303 1846 2374; baseline -0.001 -16"><span class='ocrx_word' id='word_1_155' title='bbox 273 2319 416 2372; x_wconf 65' lang='lat' dir='ltr'><strong>saepe</strong></span> <span class='ocrx_word' id='word_1_156' title='bbox 448 2304 768 2374; x_wconf 85' lang='lat' dir='ltr'><strong>discipulus,</strong></span> <span class='ocrx_word' id='word_1_157' title='bbox 793 2313 846 2358; x_wconf 89' lang='lat' dir='ltr'><strong>et</strong></span> <span class='ocrx_word' id='word_1_158' title='bbox 879 2319 1261 2372; x_wconf 89' lang='lat' dir='ltr'><strong>nonnunquam</strong></span> <span class='ocrx_word' id='word_1_159' title='bbox 1290 2303 1458 2371; x_wconf 88' lang='lat' dir='ltr'><strong>patris</strong></span> <span class='ocrx_word' id='word_1_160' title='bbox 1497 2303 1686 2356; x_wconf 88' lang='lat' dir='ltr'><strong>vitium</strong></span> <span class='ocrx_word' id='word_1_161' title='bbox 1743 2313 1846 2367; x_wconf 88' lang='lat' dir='ltr'><strong>est,</strong></span> 
     </span>
    </p>
   </div>
   <div class='ocr_carea' id='block_1_25' title="bbox 269 2395 1848 2465">
    <p class='ocr_par' dir='ltr' id='par_1_25' title="bbox 269 2395 1848 2465">
     <span class='ocr_line' id='line_1_25' title="bbox 269 2395 1848 2465; baseline 0 -15"><span class='ocrx_word' id='word_1_162' title='bbox 269 2411 660 2465; x_wconf 85' lang='lat' dir='ltr'><strong>nonnunquam</strong></span> <span class='ocrx_word' id='word_1_163' title='bbox 683 2396 799 2460; x_wconf 86' lang='lat' dir='ltr'><strong>lilii,</strong></span> <span class='ocrx_word' id='word_1_164' title='bbox 816 2406 871 2450; x_wconf 92' lang='lat' dir='ltr'><strong>ut</strong></span> <span class='ocrx_word' id='word_1_165' title='bbox 889 2396 969 2449; x_wconf 87' lang='lat' dir='ltr'><strong>vel</strong></span> <span class='ocrx_word' id='word_1_166' title='bbox 1006 2397 1144 2451; x_wconf 90' lang='lat' dir='ltr'><strong>bene</strong></span> <span class='ocrx_word' id='word_1_167' title='bbox 1165 2395 1244 2450; x_wconf 85' lang='lat' dir='ltr'><strong>vel</strong></span> <span class='ocrx_word' id='word_1_168' title='bbox 1263 2395 1398 2450; x_wconf 90' lang='lat' dir='ltr'><strong>male</strong></span> <span class='ocrx_word' id='word_1_169' title='bbox 1415 2396 1755 2450; x_wconf 89' lang='lat' dir='ltr'><strong>erudiantur:</strong></span> <span class='ocrx_word' id='word_1_170' title='bbox 1778 2396 1848 2450; x_wconf 89' lang='lat' dir='ltr'><strong>ita</strong></span> 
     </span>
    </p>
   </div>
   <div class='ocr_carea' id='block_1_26' title="bbox 270 2487 1850 2558">
    <p class='ocr_par' dir='ltr' id='par_1_26' title="bbox 270 2487 1850 2558">
     <span class='ocr_line' id='line_1_26' title="bbox 270 2487 1850 2558; baseline 0.001 -16"><span class='ocrx_word' id='word_1_171' title='bbox 270 2488 328 2542; x_wconf 92' lang='lat' dir='ltr'><strong>in</strong></span> <span class='ocrx_word' id='word_1_172' title='bbox 367 2488 572 2557; x_wconf 87' lang='lat' dir='ltr'><strong>judicio</strong></span> <span class='ocrx_word' id='word_1_173' title='bbox 604 2489 717 2554; x_wconf 89' lang='lat' dir='ltr'><strong>Dei,</strong></span> <span class='ocrx_word' id='word_1_174' title='bbox 742 2489 826 2544; x_wconf 92' lang='lat' dir='ltr'><strong>vel</strong></span> <span class='ocrx_word' id='word_1_175' title='bbox 870 2489 938 2544; x_wconf 91' lang='lat' dir='ltr'><strong>ad</strong></span> <span class='ocrx_word' id='word_1_176' title='bbox 989 2488 1209 2558; x_wconf 79' lang='lat' dir='ltr'><strong>angelos</strong></span> <span class='ocrx_word' id='word_1_177' title='bbox 1253 2489 1456 2544; x_wconf 90' lang='lat' dir='ltr'><strong>crimen</strong></span> <span class='ocrx_word' id='word_1_178' title='bbox 1491 2487 1773 2553; x_wconf 79' lang='lat' dir='ltr'><strong>referetur,</strong></span> <span class='ocrx_word' id='word_1_179' title='bbox 1805 2489 1850 2544; x_wconf 89' lang='lat' dir='ltr'><strong>si</strong></span> 
     </span>
    </p>
   </div>
   <div class='ocr_carea' id='block_1_27' title="bbox 271 2579 1848 2652">
    <p class='ocr_par' dir='ltr' id='par_1_27' title="bbox 271 2579 1848 2652">
     <span class='ocr_line' id='line_1_27' title="bbox 271 2579 1848 2652; baseline 0.001 -18"><span class='ocrx_word' id='word_1_180' title='bbox 271 2598 380 2637; x_wconf 90' lang='lat' dir='ltr'><strong>non</strong></span> <span class='ocrx_word' id='word_1_181' title='bbox 407 2583 620 2652; x_wconf 91' lang='lat' dir='ltr'><strong>egerint</strong></span> <span class='ocrx_word' id='word_1_182' title='bbox 658 2592 874 2646; x_wconf 91' lang='lat' dir='ltr'><strong>cuncta,</strong></span> <span class='ocrx_word' id='word_1_183' title='bbox 906 2597 1025 2652; x_wconf 75' lang='lat' dir='ltr'><strong>qua:</strong></span> <span class='ocrx_word' id='word_1_184' title='bbox 1048 2583 1116 2635; x_wconf 91' lang='lat' dir='ltr'><strong>ad</strong></span> <span class='ocrx_word' id='word_1_185' title='bbox 1151 2596 1307 2636; x_wconf 90' lang='lat' dir='ltr'><strong>suum</strong></span> <span class='ocrx_word' id='word_1_186' title='bbox 1343 2579 1576 2637; x_wconf 81' lang='lat' dir='ltr'><strong>oﬂicium</strong></span> <span class='ocrx_word' id='word_1_187' title='bbox 1609 2581 1848 2652; x_wconf 88' lang='lat' dir='ltr'><strong>pertine-</strong></span> 
     </span>
    </p>
   </div>
   <div class='ocr_carea' id='block_1_28' title="bbox 269 2673 1850 2743">
    <p class='ocr_par' dir='ltr' id='par_1_28' title="bbox 269 2673 1850 2743">
     <span class='ocr_line' id='line_1_28' title="bbox 269 2673 1850 2743; baseline 0.001 -16"><span class='ocrx_word' id='word_1_188' title='bbox 269 2674 434 2739; x_wconf 88' lang='lat' dir='ltr'><strong>bant;</strong></span> <span class='ocrx_word' id='word_1_189' title='bbox 467 2675 549 2728; x_wconf 86' lang='lat' dir='ltr'><strong>vel</strong></span> <span class='ocrx_word' id='word_1_190' title='bbox 580 2676 646 2727; x_wconf 91' lang='lat' dir='ltr'><strong>ad</strong></span> <span class='ocrx_word' id='word_1_191' title='bbox 677 2673 956 2743; x_wconf 79' lang='lat' dir='ltr'><strong>populum,</strong></span> <span class='ocrx_word' id='word_1_192' title='bbox 1009 2674 1054 2728; x_wconf 92' lang='lat' dir='ltr'><strong>si</strong></span> <span class='ocrx_word' id='word_1_193' title='bbox 1087 2673 1192 2726; x_wconf 92' lang='lat' dir='ltr'><strong>illis</strong></span> <span class='ocrx_word' id='word_1_194' title='bbox 1221 2673 1471 2729; x_wconf 89' lang='lat' dir='ltr'><strong>universa</strong></span> <span class='ocrx_word' id='word_1_195' title='bbox 1509 2674 1850 2738; x_wconf 82' lang='lat' dir='ltr'><strong>facientibus,</strong></span> 
     </span>
    </p>
   </div>
   <div class='ocr_carea' id='block_1_29' title="bbox 270 2762 1850 2838">
    <p class='ocr_par' dir='ltr' id='par_1_29' title="bbox 270 2762 1850 2838">
     <span class='ocr_line' id='line_1_29' title="bbox 270 2762 1850 2838; baseline 0.002 -19"><span class='ocrx_word' id='word_1_196' title='bbox 270 2764 378 2834; x_wconf 87' lang='lat' dir='ltr'><strong>ipsi</strong></span> <span class='ocrx_word' id='word_1_197' title='bbox 421 2766 606 2820; x_wconf 87' lang='lat' dir='ltr'><strong>audire</strong></span> <span class='ocrx_word' id='word_1_198' title='bbox 649 2762 1093 2838; x_wconf 66' lang='lat' dir='ltr'><strong>contempserint.</strong></span> <span class='ocrx_word' id='word_1_199' title='bbox 1127 2785 1145 2816; x_wconf 77' lang='grc' dir='ltr'><strong>ι</strong></span> <span class='ocrx_word' id='word_1_200' title='bbox 1215 2765 1346 2832; x_wconf 70' lang='lat' dir='ltr'><strong>Qua:</strong></span> <span class='ocrx_word' id='word_1_201' title='bbox 1406 2782 1610 2821; x_wconf 88' lang='lat' dir='ltr'><strong>merum</strong></span> <span class='ocrx_word' id='word_1_202' title='bbox 1661 2767 1850 2837; x_wconf 83' lang='lat' dir='ltr'><strong>Orige-</strong></span> 
     </span>
    </p>
   </div>
   <div class='ocr_carea' id='block_1_30' title="bbox 271 2859 798 2914">
    <p class='ocr_par' dir='ltr' id='par_1_30' title="bbox 271 2859 798 2914">
     <span class='ocr_line' id='line_1_30' title="bbox 271 2859 798 2914; baseline 0.002 -1"><span class='ocrx_word' id='word_1_203' title='bbox 271 2859 509 2914; x_wconf 89' lang='lat' dir='ltr'><strong>nismum</strong></span> <span class='ocrx_word' id='word_1_204' title='bbox 538 2860 798 2914; x_wconf 83' lang='lat' dir='ltr'><strong>redolent.</strong></span> 
     </span>
    </p>
   </div>
   <div class='ocr_carea' id='block_1_31' title="bbox 347 2951 1854 3024">
    <p class='ocr_par' dir='ltr' id='par_1_31' title="bbox 347 2951 1854 3024">
     <span class='ocr_line' id='line_1_31' title="bbox 347 2951 1854 3024; baseline -0.001 -18"><span class='ocrx_word' id='word_1_205' title='bbox 347 2951 585 3006; x_wconf 80' lang='lat' dir='ltr'><strong>XXXIII.</strong></span> <span class='ocrx_word' id='word_1_206' title='bbox 621 2952 727 3006; x_wconf 85' lang='lat' dir='ltr'><strong>Sed</strong></span> <span class='ocrx_word' id='word_1_207' title='bbox 765 2953 943 3007; x_wconf 90' lang='lat' dir='ltr'><strong>missis</strong></span> <span class='ocrx_word' id='word_1_208' title='bbox 986 2953 1212 3009; x_wconf 90' lang='lat' dir='ltr'><strong>aliorum</strong></span> <span class='ocrx_word' id='word_1_209' title='bbox 1242 2953 1542 3024; x_wconf 75' lang='lat' dir='ltr'><strong>sull&#39;ragiis,</strong></span> <span class='ocrx_word' id='word_1_210' title='bbox 1582 2954 1854 3008; x_wconf 77' lang='lat' dir='ltr'><strong>Adaman-</strong></span> 
     </span>
    </p>
   </div>
   <div class='ocr_carea' id='block_1_32' title="bbox 272 3044 1850 3115">
    <p class='ocr_par' dir='ltr' id='par_1_32' title="bbox 272 3044 1850 3115">
     <span class='ocr_line' id='line_1_32' title="bbox 272 3044 1850 3115; baseline 0.002 -17"><span class='ocrx_word' id='word_1_211' title='bbox 272 3044 352 3099; x_wconf 90' lang='lat' dir='ltr'><strong>tio</strong></span> <span class='ocrx_word' id='word_1_212' title='bbox 384 3059 478 3099; x_wconf 91' lang='lat' dir='ltr'><strong>sua</strong></span> <span class='ocrx_word' id='word_1_213' title='bbox 518 3059 731 3114; x_wconf 90' lang='lat' dir='ltr'><strong>quoque</strong></span> <span class='ocrx_word' id='word_1_214' title='bbox 778 3045 942 3114; x_wconf 85' lang='lat' dir='ltr'><strong>ipsius</strong></span> <span class='ocrx_word' id='word_1_215' title='bbox 967 3045 1232 3100; x_wconf 89' lang='lat' dir='ltr'><strong>dubitatio</strong></span> <span class='ocrx_word' id='word_1_216' title='bbox 1279 3049 1410 3100; x_wconf 82' lang='lat' dir='ltr'><strong>satis</strong></span> <span class='ocrx_word' id='word_1_217' title='bbox 1458 3045 1850 3115; x_wconf 83' lang='lat' dir='ltr'><strong>patrocinatur.</strong></span> 
     </span>
    </p>
   </div>
   <div class='ocr_carea' id='block_1_33' title="bbox 1942 560 3582 629">
    <p class='ocr_par' dir='ltr' id='par_1_33' title="bbox 1942 560 3582 629">
     <span class='ocr_line' id='line_1_33' title="bbox 1942 560 3582 629; baseline 0.002 -17"><span class='ocrx_word' id='word_1_218' title='bbox 1942 575 2062 620; x_wconf 87' lang='lat' dir='ltr'><strong>nam</strong></span> <span class='ocrx_word' id='word_1_219' title='bbox 2095 560 2164 613; x_wconf 89' lang='lat' dir='ltr'><strong>de</strong></span> <span class='ocrx_word' id='word_1_220' title='bbox 2192 560 2504 629; x_wconf 78' lang='lat' dir='ltr'><strong>angelorum</strong></span> <span class='ocrx_word' id='word_1_221' title='bbox 2541 560 2729 622; x_wconf 86' lang='lat' dir='ltr'><strong>tutela,</strong></span> <span class='ocrx_word' id='word_1_222' title='bbox 2778 560 3176 627; x_wconf 77' lang='lat' dir='ltr'><strong>Origenemque</strong></span> <span class='ocrx_word' id='word_1_223' title='bbox 3201 561 3400 628; x_wconf 89' lang='lat' dir='ltr'><strong>ipsum,</strong></span> <span class='ocrx_word' id='word_1_224' title='bbox 3433 560 3514 615; x_wconf 85' lang='lat' dir='ltr'><strong>sic</strong></span> <span class='ocrx_word' id='word_1_225' title='bbox 3579 565 3582 606; x_wconf 77' lang='grc' dir='ltr'><em>ξ</em></span> 
     </span>
    </p>
   </div>
   <div class='ocr_carea' id='block_1_34' title="bbox 1941 650 3582 720">
    <p class='ocr_par' dir='ltr' id='par_1_34' title="bbox 1941 650 3582 720">
     <span class='ocr_line' id='line_1_34' title="bbox 1941 650 3582 720; baseline 0.001 -16"><span class='ocrx_word' id='word_1_226' title='bbox 1941 663 2198 720; x_wconf 90' lang='lat' dir='ltr'><strong>tauquam</strong></span> <span class='ocrx_word' id='word_1_227' title='bbox 2249 650 2424 706; x_wconf 82' lang='lat' dir='ltr'><strong>elIatis</strong></span> <span class='ocrx_word' id='word_1_228' title='bbox 2452 652 2565 707; x_wconf 91' lang='lat' dir='ltr'><strong>suis</strong></span> <span class='ocrx_word' id='word_1_229' title='bbox 2609 652 2959 720; x_wconf 85' lang='lat' dir='ltr'><strong>pertinaciter</strong></span> <span class='ocrx_word' id='word_1_230' title='bbox 2983 653 3369 716; x_wconf 71' lang='lat' dir='ltr'><strong>adhaerentem,</strong></span> <span class='ocrx_word' id='word_1_231' title='bbox 3407 668 3512 706; x_wconf 91' lang='lat' dir='ltr'><strong>non</strong></span> <span class='ocrx_word' id='word_1_232' title='bbox 3576 671 3582 712; x_wconf 85' lang='lat'><strong>:</strong></span> 
     </span>
    </p>
   </div>
   <div class='ocr_carea' id='block_1_35' title="bbox 1939 744 3518 815">
    <p class='ocr_par' dir='ltr' id='par_1_35' title="bbox 1939 744 3518 815">
     <span class='ocr_line' id='line_1_35' title="bbox 1939 744 3518 815; baseline -0.001 -16"><span class='ocrx_word' id='word_1_233' title='bbox 1939 745 2094 815; x_wconf 91' lang='lat' dir='ltr'><strong>quasi</strong></span> <span class='ocrx_word' id='word_1_234' title='bbox 2137 744 2482 814; x_wconf 87' lang='lat' dir='ltr'><strong>conjecturas</strong></span> <span class='ocrx_word' id='word_1_235' title='bbox 2518 745 2704 799; x_wconf 87' lang='lat' dir='ltr'><strong>timide</strong></span> <span class='ocrx_word' id='word_1_236' title='bbox 2745 754 3151 813; x_wconf 86' lang='lat' dir='ltr'><strong>proponeutem,</strong></span> <span class='ocrx_word' id='word_1_237' title='bbox 3199 744 3429 801; x_wconf 87' lang='lat' dir='ltr'><strong>traducit</strong></span> <span class='ocrx_word' id='word_1_238' title='bbox 3458 753 3518 799; x_wconf 90' lang='lat' dir='ltr'><strong>et</strong></span> 
     </span>
    </p>
   </div>
   <div class='ocr_carea' id='block_1_36' title="bbox 1939 835 3514 908">
    <p class='ocr_par' dir='ltr' id='par_1_36' title="bbox 1939 835 3514 908">
     <span class='ocr_line' id='line_1_36' title="bbox 1939 835 3514 908; baseline -0.001 -16"><span class='ocrx_word' id='word_1_239' title='bbox 1939 837 2208 908; x_wconf 78' lang='lat' dir='ltr'><strong>suggillat.</strong></span> <span class='ocrx_word' id='word_1_240' title='bbox 2234 836 2376 892; x_wconf 88' lang='lat' dir='ltr'><strong>Nihil</strong></span> <span class='ocrx_word' id='word_1_241' title='bbox 2410 837 2534 891; x_wconf 87' lang='lat' dir='ltr'><strong>licet</strong></span> <span class='ocrx_word' id='word_1_242' title='bbox 2564 836 2699 891; x_wconf 88' lang='lat' dir='ltr'><strong>I‘also</strong></span> <span class='ocrx_word' id='word_1_243' title='bbox 2729 836 2832 907; x_wconf 90' lang='lat' dir='ltr'><strong>ipsi</strong></span> <span class='ocrx_word' id='word_1_244' title='bbox 2861 835 3099 908; x_wconf 84' lang='lat' dir='ltr'><strong>allingat,</strong></span> <span class='ocrx_word' id='word_1_245' title='bbox 3120 851 3241 892; x_wconf 93' lang='lat' dir='ltr'><strong>cum</strong></span> <span class='ocrx_word' id='word_1_246' title='bbox 3275 836 3352 891; x_wconf 90' lang='lat' dir='ltr'><strong>ait</strong></span> <span class='ocrx_word' id='word_1_247' title='bbox 3382 851 3514 892; x_wconf 89' lang='lat' dir='ltr'><strong>ceu-</strong></span> 
     </span>
    </p>
   </div>
   <div class='ocr_carea' id='block_1_37' title="bbox 1939 929 3516 999">
    <p class='ocr_par' dir='ltr' id='par_1_37' title="bbox 1939 929 3516 999">
     <span class='ocr_line' id='line_1_37' title="bbox 1939 929 3516 999; baseline -0.002 -14"><span class='ocrx_word' id='word_1_248' title='bbox 1939 930 2118 986; x_wconf 87' lang='lat' dir='ltr'><strong>suisse</strong></span> <span class='ocrx_word' id='word_1_249' title='bbox 2170 944 2294 984; x_wconf 89' lang='lat' dir='ltr'><strong>eum</strong></span> <span class='ocrx_word' id='word_1_250' title='bbox 2342 929 2563 999; x_wconf 79' lang='lat' dir='ltr'><strong>angelos</strong></span> <span class='ocrx_word' id='word_1_251' title='bbox 2613 944 2709 997; x_wconf 85' lang='lat' dir='ltr'><strong>pro</strong></span> <span class='ocrx_word' id='word_1_252' title='bbox 2755 929 2869 985; x_wconf 88' lang='lat' dir='ltr'><strong>suis</strong></span> <span class='ocrx_word' id='word_1_253' title='bbox 2916 930 3182 999; x_wconf 80' lang='lat' dir='ltr'><strong>peccatis,</strong></span> <span class='ocrx_word' id='word_1_254' title='bbox 3206 945 3329 984; x_wconf 91' lang='lat' dir='ltr'><strong>cum</strong></span> <span class='ocrx_word' id='word_1_255' title='bbox 3366 931 3516 999; x_wconf 87' lang='lat' dir='ltr'><strong>prius</strong></span> 
     </span>
    </p>
   </div>
   <div class='ocr_carea' id='block_1_38' title="bbox 1940 1019 3518 1090">
    <p class='ocr_par' dir='ltr' id='par_1_38' title="bbox 1940 1019 3518 1090">
     <span class='ocr_line' id='line_1_38' title="bbox 1940 1019 3518 1090; baseline 0 -14"><span class='ocrx_word' id='word_1_256' title='bbox 1940 1030 2150 1076; x_wconf 88' lang='lat' dir='ltr'><strong>mentes</strong></span> <span class='ocrx_word' id='word_1_257' title='bbox 2175 1028 2382 1085; x_wconf 89' lang='lat' dir='ltr'><strong>essent,</strong></span> <span class='ocrx_word' id='word_1_258' title='bbox 2405 1020 2626 1090; x_wconf 85' lang='lat' dir='ltr'><strong>angelos</strong></span> <span class='ocrx_word' id='word_1_259' title='bbox 2657 1028 2712 1075; x_wconf 83' lang='lat' dir='ltr'><strong>et</strong></span> <span class='ocrx_word' id='word_1_260' title='bbox 2740 1020 3098 1088; x_wconf 84' lang='lat' dir='ltr'><strong>archangelos</strong></span> <span class='ocrx_word' id='word_1_261' title='bbox 3131 1019 3401 1084; x_wconf 80' lang='lat' dir='ltr'><strong>evasisse;</strong></span> <span class='ocrx_word' id='word_1_262' title='bbox 3441 1021 3518 1076; x_wconf 90' lang='lat' dir='ltr'><strong>Ie-</strong></span> 
     </span>
    </p>
   </div>
   <div class='ocr_carea' id='block_1_39' title="bbox 1940 1114 3522 1184">
    <p class='ocr_par' dir='ltr' id='par_1_39' title="bbox 1940 1114 3522 1184">
     <span class='ocr_line' id='line_1_39' title="bbox 1940 1114 3522 1184; baseline -0.001 -16"><span class='ocrx_word' id='word_1_263' title='bbox 1940 1116 2260 1184; x_wconf 88' lang='lat' dir='ltr'><strong>viorumque</strong></span> <span class='ocrx_word' id='word_1_264' title='bbox 2290 1115 2567 1184; x_wconf 89' lang='lat' dir='ltr'><strong>culparum</strong></span> <span class='ocrx_word' id='word_1_265' title='bbox 2597 1129 2718 1170; x_wconf 88' lang='lat' dir='ltr'><strong>reos</strong></span> <span class='ocrx_word' id='word_1_266' title='bbox 2758 1114 2810 1167; x_wconf 92' lang='lat' dir='ltr'><strong>in</strong></span> <span class='ocrx_word' id='word_1_267' title='bbox 2844 1127 2940 1168; x_wconf 92' lang='lat' dir='ltr'><strong>eos</strong></span> <span class='ocrx_word' id='word_1_268' title='bbox 2960 1115 3051 1183; x_wconf 82' lang='lat' dir='ltr'><strong>qui</strong></span> <span class='ocrx_word' id='word_1_269' title='bbox 3090 1114 3337 1184; x_wconf 85' lang='lat' dir='ltr'><strong>graviora</strong></span> <span class='ocrx_word' id='word_1_270' title='bbox 3379 1115 3522 1167; x_wconf 79' lang='lat' dir='ltr'><strong>desi-</strong></span> 
     </span>
    </p>
   </div>
   <div class='ocr_carea' id='block_1_40' title="bbox 1940 1207 3522 1277">
    <p class='ocr_par' dir='ltr' id='par_1_40' title="bbox 1940 1207 3522 1277">
     <span class='ocr_line' id='line_1_40' title="bbox 1940 1207 3522 1277; baseline 0 -17"><span class='ocrx_word' id='word_1_271' title='bbox 1940 1217 2198 1276; x_wconf 85' lang='lat' dir='ltr'><strong>gnassent</strong></span> <span class='ocrx_word' id='word_1_272' title='bbox 2235 1207 2466 1263; x_wconf 88' lang='lat' dir='ltr'><strong>crimina</strong></span> <span class='ocrx_word' id='word_1_273' title='bbox 2507 1207 2794 1277; x_wconf 87' lang='lat' dir='ltr'><strong>imperium</strong></span> <span class='ocrx_word' id='word_1_274' title='bbox 2846 1207 3158 1272; x_wconf 86' lang='lat' dir='ltr'><strong>accepisse;</strong></span> <span class='ocrx_word' id='word_1_275' title='bbox 3192 1207 3522 1276; x_wconf 85' lang='lat' dir='ltr'><strong>tutelamque</strong></span> 
     </span>
    </p>
   </div>
   <div class='ocr_carea' id='block_1_41' title="bbox 1942 1298 3524 1370">
    <p class='ocr_par' dir='ltr' id='par_1_41' title="bbox 1942 1298 3524 1370">
     <span class='ocr_line' id='line_1_41' title="bbox 1942 1298 3524 1370; baseline -0.003 -16"><span class='ocrx_word' id='word_1_276' title='bbox 1942 1300 2072 1370; x_wconf 87' lang='lat' dir='ltr'><strong>ipsis</strong></span> <span class='ocrx_word' id='word_1_277' title='bbox 2091 1315 2278 1356; x_wconf 87' lang='lat' dir='ltr'><strong>eorum</strong></span> <span class='ocrx_word' id='word_1_278' title='bbox 2295 1300 2584 1355; x_wconf 77' lang='lat' dir='ltr'><strong>hominum</strong></span> <span class='ocrx_word' id='word_1_279' title='bbox 2613 1299 2887 1366; x_wconf 84' lang='lat' dir='ltr'><strong>traditam,</strong></span> <span class='ocrx_word' id='word_1_280' title='bbox 2910 1299 2998 1367; x_wconf 91' lang='lat' dir='ltr'><strong>qui</strong></span> <span class='ocrx_word' id='word_1_281' title='bbox 3023 1299 3090 1351; x_wconf 92' lang='lat' dir='ltr'><strong>ad</strong></span> <span class='ocrx_word' id='word_1_282' title='bbox 3113 1298 3341 1354; x_wconf 88' lang='lat' dir='ltr'><strong>salutem</strong></span> <span class='ocrx_word' id='word_1_283' title='bbox 3366 1307 3524 1353; x_wconf 74' lang='lat' dir='ltr'><strong>teter-</strong></span> 
     </span>
    </p>
   </div>
   <div class='ocr_carea' id='block_1_42' title="bbox 1943 1371 3522 1461">
    <p class='ocr_par' dir='ltr' id='par_1_42' title="bbox 1943 1371 3522 1461">
     <span class='ocr_line' id='line_1_42' title="bbox 1943 1371 3522 1461; baseline -0.001 -16"><span class='ocrx_word' id='word_1_284' title='bbox 1943 1402 2062 1446; x_wconf 86' lang='lat' dir='ltr'><strong>nam</strong></span> <span class='ocrx_word' id='word_1_285' title='bbox 2081 1401 2239 1447; x_wconf 88' lang='lat' dir='ltr'><strong>erant</strong></span> <span class='ocrx_word' id='word_1_286' title='bbox 2268 1392 2615 1461; x_wconf 88' lang='lat' dir='ltr'><strong>promovendi</strong></span> <span class='ocrx_word' id='word_1_287' title='bbox 2644 1410 2658 1457; x_wconf 93' lang='lat'><strong>;</strong></span> <span class='ocrx_word' id='word_1_288' title='bbox 2682 1407 2804 1446; x_wconf 92' lang='lat' dir='ltr'><strong>cum</strong></span> <span class='ocrx_word' id='word_1_289' title='bbox 2839 1391 2936 1459; x_wconf 91' lang='lat' dir='ltr'><strong>ipsi</strong></span> <span class='ocrx_word' id='word_1_290' title='bbox 2964 1401 3141 1446; x_wconf 86' lang='lat' dir='ltr'><strong>tamen</strong></span> <span class='ocrx_word' id='word_1_291' title='bbox 3166 1390 3394 1445; x_wconf 86' lang='lat' dir='ltr'><strong>salutem</strong></span> <span class='ocrx_word' id='word_1_292' title='bbox 3419 1371 3522 1444; x_wconf 90' lang='lat' dir='ltr'><strong>sibi</strong></span> 
     </span>
    </p>
   </div>
   <div class='ocr_carea' id='block_1_43' title="bbox 1941 1485 3525 1556">
    <p class='ocr_par' dir='ltr' id='par_1_43' title="bbox 1941 1485 3525 1556">
     <span class='ocr_line' id='line_1_43' title="bbox 1941 1485 3525 1556; baseline -0.003 -15"><span class='ocrx_word' id='word_1_293' title='bbox 1941 1487 2263 1556; x_wconf 88' lang='lat' dir='ltr'><strong>promereri,</strong></span> <span class='ocrx_word' id='word_1_294' title='bbox 2295 1495 2350 1540; x_wconf 87' lang='lat' dir='ltr'><strong>et</strong></span> <span class='ocrx_word' id='word_1_295' title='bbox 2393 1486 2460 1541; x_wconf 90' lang='lat' dir='ltr'><strong>ad</strong></span> <span class='ocrx_word' id='word_1_296' title='bbox 2509 1486 2799 1555; x_wconf 89' lang='lat' dir='ltr'><strong>pristinum</strong></span> <span class='ocrx_word' id='word_1_297' title='bbox 2835 1486 3064 1555; x_wconf 85' lang='lat' dir='ltr'><strong>gradum</strong></span> <span class='ocrx_word' id='word_1_298' title='bbox 3091 1485 3525 1554; x_wconf 86' lang='lat' dir='ltr'><strong>recuperandum</strong></span> 
     </span>
    </p>
   </div>
   <div class='ocr_carea' id='block_1_44' title="bbox 1946 1577 3527 1647">
    <p class='ocr_par' dir='ltr' id='par_1_44' title="bbox 1946 1577 3527 1647">
     <span class='ocr_line' id='line_1_44' title="bbox 1946 1577 3527 1647; baseline -0.001 -15"><span class='ocrx_word' id='word_1_299' title='bbox 1946 1577 2204 1633; x_wconf 89' lang='lat' dir='ltr'><strong>deberent</strong></span> <span class='ocrx_word' id='word_1_300' title='bbox 2243 1578 2394 1637; x_wconf 81' lang='lat' dir='ltr'><strong>eniti.</strong></span> <span class='ocrx_word' id='word_1_301' title='bbox 2432 1578 2719 1647; x_wconf 89' lang='lat' dir='ltr'><strong>eidemque</strong></span> <span class='ocrx_word' id='word_1_302' title='bbox 2759 1577 2966 1646; x_wconf 88' lang='lat' dir='ltr'><strong>judicio</strong></span> <span class='ocrx_word' id='word_1_303' title='bbox 3001 1593 3066 1632; x_wconf 89' lang='lat' dir='ltr'><strong>ac</strong></span> <span class='ocrx_word' id='word_1_304' title='bbox 3098 1577 3349 1632; x_wconf 89' lang='lat' dir='ltr'><strong>homines</strong></span> <span class='ocrx_word' id='word_1_305' title='bbox 3381 1590 3527 1632; x_wconf 67' lang='lat' dir='ltr'><strong>curae</strong></span> 
     </span>
    </p>
   </div>
   <div class='ocr_carea' id='block_1_45' title="bbox 1947 1664 3527 1738">
    <p class='ocr_par' dir='ltr' id='par_1_45' title="bbox 1947 1664 3527 1738">
     <span class='ocr_line' id='line_1_45' title="bbox 1947 1664 3527 1738; baseline -0.004 -13"><span class='ocrx_word' id='word_1_306' title='bbox 1947 1684 2059 1725; x_wconf 84' lang='lat' dir='ltr'><strong>suae</strong></span> <span class='ocrx_word' id='word_1_307' title='bbox 2109 1668 2392 1728; x_wconf 83' lang='lat' dir='ltr'><strong>commissi</strong></span> <span class='ocrx_word' id='word_1_308' title='bbox 2443 1679 2628 1722; x_wconf 87' lang='lat' dir='ltr'><strong>essent</strong></span> <span class='ocrx_word' id='word_1_309' title='bbox 2685 1667 2814 1720; x_wconf 91' lang='lat' dir='ltr'><strong>olim</strong></span> <span class='ocrx_word' id='word_1_310' title='bbox 2857 1667 3196 1738; x_wconf 85' lang='lat' dir='ltr'><strong>subjiciendi.</strong></span> <span class='ocrx_word' id='word_1_311' title='bbox 3250 1664 3527 1721; x_wconf 82' lang='lat' dir='ltr'><strong>Habentur</strong></span> 
     </span>
    </p>
   </div>
   <div class='ocr_carea' id='block_1_46' title="bbox 1949 1757 3526 1831">
    <p class='ocr_par' dir='ltr' id='par_1_46' title="bbox 1949 1757 3526 1831">
     <span class='ocr_line' id='line_1_46' title="bbox 1949 1757 3526 1831; baseline -0.003 -16"><span class='ocrx_word' id='word_1_312' title='bbox 1949 1761 2218 1830; x_wconf 83' lang='lat' dir='ltr'><strong>Antipatri</strong></span> <span class='ocrx_word' id='word_1_313' title='bbox 2267 1761 2427 1831; x_wconf 86' lang='lat' dir='ltr'><strong>hujus</strong></span> <span class='ocrx_word' id='word_1_314' title='bbox 2476 1760 2777 1828; x_wconf 80' lang='lat' dir='ltr'><strong>fragruenta</strong></span> <span class='ocrx_word' id='word_1_315' title='bbox 2845 1761 2988 1816; x_wconf 87' lang='lat' dir='ltr'><strong>inter</strong></span> <span class='ocrx_word' id='word_1_316' title='bbox 3027 1759 3254 1828; x_wconf 79' lang='lat' dir='ltr'><strong>Eclogas</strong></span> <span class='ocrx_word' id='word_1_317' title='bbox 3303 1757 3526 1812; x_wconf 86' lang='lat' dir='ltr'><strong>Joannis</strong></span> 
     </span>
    </p>
   </div>
   <div class='ocr_carea' id='block_1_47' title="bbox 1954 1850 3527 1923">
    <p class='ocr_par' dir='ltr' id='par_1_47' title="bbox 1954 1850 3527 1923">
     <span class='ocr_line' id='line_1_47' title="bbox 1954 1850 3527 1923; baseline -0.003 -15"><span class='ocrx_word' id='word_1_318' title='bbox 1954 1855 2289 1920; x_wconf 90' lang='lat' dir='ltr'><strong>Damasceui,</strong></span> <span class='ocrx_word' id='word_1_319' title='bbox 2308 1869 2428 1923; x_wconf 81' lang='lat' dir='ltr'><strong>quae</strong></span> <span class='ocrx_word' id='word_1_320' title='bbox 2461 1855 2847 1922; x_wconf 68' lang='lat' dir='ltr'><strong>manuscriptze</strong></span> <span class='ocrx_word' id='word_1_321' title='bbox 2873 1863 3227 1908; x_wconf 87' lang='lat' dir='ltr'><strong>asservantur</strong></span> <span class='ocrx_word' id='word_1_322' title='bbox 3249 1853 3302 1906; x_wconf 92' lang='lat' dir='ltr'><strong>in</strong></span> <span class='ocrx_word' id='word_1_323' title='bbox 3330 1850 3527 1906; x_wconf 83' lang='lat' dir='ltr'><strong>biblio-</strong></span> 
     </span>
    </p>
   </div>
   <div class='ocr_carea' id='block_1_48' title="bbox 1953 1945 3522 2014">
    <p class='ocr_par' dir='ltr' id='par_1_48' title="bbox 1953 1945 3522 2014">
     <span class='ocr_line' id='line_1_48' title="bbox 1953 1945 3522 2014; baseline -0.003 -13"><span class='ocrx_word' id='word_1_324' title='bbox 1953 1949 2105 2002; x_wconf 87' lang='lat' dir='ltr'><strong>theca</strong></span> <span class='ocrx_word' id='word_1_325' title='bbox 2129 1946 2548 2003; x_wconf 89' lang='lat' dir='ltr'><strong>Claromontana</strong></span> <span class='ocrx_word' id='word_1_326' title='bbox 2570 1947 2790 2001; x_wconf 87' lang='lat' dir='ltr'><strong>Patrum</strong></span> <span class='ocrx_word' id='word_1_327' title='bbox 2819 1946 3107 2002; x_wconf 84' lang='lat' dir='ltr'><strong>Societatis</strong></span> <span class='ocrx_word' id='word_1_328' title='bbox 3123 1945 3272 2012; x_wconf 72' lang='lat' dir='ltr'><strong>Iesu,</strong></span> <span class='ocrx_word' id='word_1_329' title='bbox 3303 1955 3356 2000; x_wconf 90' lang='lat' dir='ltr'><strong>et</strong></span> <span class='ocrx_word' id='word_1_330' title='bbox 3387 1958 3522 2014; x_wconf 90' lang='lat' dir='ltr'><strong>qua-</strong></span> 
     </span>
    </p>
   </div>
   <div class='ocr_carea' id='block_1_49' title="bbox 1954 2038 3532 2108">
    <p class='ocr_par' dir='ltr' id='par_1_49' title="bbox 1954 2038 3532 2108">
     <span class='ocr_line' id='line_1_49' title="bbox 1954 2038 3532 2108; baseline -0.001 -14"><span class='ocrx_word' id='word_1_331' title='bbox 1954 2055 2070 2094; x_wconf 88' lang='lat' dir='ltr'><strong>rum</strong></span> <span class='ocrx_word' id='word_1_332' title='bbox 2093 2049 2344 2108; x_wconf 79' lang='lat' dir='ltr'><strong>excerpta</strong></span> <span class='ocrx_word' id='word_1_333' title='bbox 2380 2043 2447 2095; x_wconf 87' lang='lat' dir='ltr'><strong>ad</strong></span> <span class='ocrx_word' id='word_1_334' title='bbox 2481 2055 2567 2095; x_wconf 89' lang='lat' dir='ltr'><strong>me</strong></span> <span class='ocrx_word' id='word_1_335' title='bbox 2602 2039 2841 2096; x_wconf 83' lang='lat' dir='ltr'><strong>olliciose</strong></span> <span class='ocrx_word' id='word_1_336' title='bbox 2892 2040 3197 2094; x_wconf 88' lang='lat' dir='ltr'><strong>transmisit</strong></span> <span class='ocrx_word' id='word_1_337' title='bbox 3223 2038 3532 2094; x_wconf 89' lang='lat' dir='ltr'><strong>eruditissi-</strong></span> 
     </span>
    </p>
   </div>
   <div class='ocr_carea' id='block_1_50' title="bbox 1953 2131 3246 2188">
    <p class='ocr_par' dir='ltr' id='par_1_50' title="bbox 1953 2131 3246 2188">
     <span class='ocr_line' id='line_1_50' title="bbox 1953 2131 3246 2188; baseline -0.002 -1"><span class='ocrx_word' id='word_1_338' title='bbox 1953 2147 2072 2187; x_wconf 87' lang='lat' dir='ltr'><strong>mus</strong></span> <span class='ocrx_word' id='word_1_339' title='bbox 2118 2141 2174 2186; x_wconf 90' lang='lat' dir='ltr'><strong>et</strong></span> <span class='ocrx_word' id='word_1_340' title='bbox 2219 2133 2642 2187; x_wconf 85' lang='lat' dir='ltr'><strong>humanissimus</strong></span> <span class='ocrx_word' id='word_1_341' title='bbox 2679 2132 2896 2188; x_wconf 87' lang='lat' dir='ltr'><strong>Gabriel</strong></span> <span class='ocrx_word' id='word_1_342' title='bbox 2923 2131 3246 2186; x_wconf 89' lang='lat' dir='ltr'><strong>Cossartius.</strong></span> 
     </span>
    </p>
   </div>
   <div class='ocr_carea' id='block_1_51' title="bbox 1964 2205 3528 2295">
    <p class='ocr_par' dir='ltr' id='par_1_51' title="bbox 1964 2205 3528 2295">
     <span class='ocr_line' id='line_1_51' title="bbox 1964 2205 3528 2295; baseline -0.003 -16"><span class='ocrx_word' id='word_1_343' title='bbox 1964 2260 1966 2263; x_wconf 95' lang='lat'><strong><em>-</em></strong></span> <span class='ocrx_word' id='word_1_344' title='bbox 2023 2205 2263 2282; x_wconf 62' lang='lat' dir='ltr'><strong>IiXXlV.</strong></span> <span class='ocrx_word' id='word_1_345' title='bbox 2299 2225 2409 2280; x_wconf 86' lang='lat' dir='ltr'><strong>Nec</strong></span> <span class='ocrx_word' id='word_1_346' title='bbox 2440 2226 2562 2280; x_wconf 67' lang='lat' dir='ltr'><strong>vitae</strong></span> <span class='ocrx_word' id='word_1_347' title='bbox 2587 2226 2747 2295; x_wconf 84' lang='lat' dir='ltr'><strong>hujus</strong></span> <span class='ocrx_word' id='word_1_348' title='bbox 2787 2224 3035 2278; x_wconf 85' lang='lat' dir='ltr'><strong>mortalis</strong></span> <span class='ocrx_word' id='word_1_349' title='bbox 3077 2223 3274 2278; x_wconf 79' lang='lat' dir='ltr'><strong>ﬁnibus</strong></span> <span class='ocrx_word' id='word_1_350' title='bbox 3305 2221 3528 2292; x_wconf 84' lang='lat' dir='ltr'><strong>angelo-</strong></span> 
     </span>
    </p>
   </div>
   <div class='ocr_carea' id='block_1_52' title="bbox 1953 2316 3532 2387">
    <p class='ocr_par' dir='ltr' id='par_1_52' title="bbox 1953 2316 3532 2387">
     <span class='ocr_line' id='line_1_52' title="bbox 1953 2316 3532 2387; baseline -0.004 -13"><span class='ocrx_word' id='word_1_351' title='bbox 1953 2335 2069 2374; x_wconf 87' lang='lat' dir='ltr'><strong>rum</strong></span> <span class='ocrx_word' id='word_1_352' title='bbox 2095 2319 2458 2374; x_wconf 90' lang='lat' dir='ltr'><strong>ministerium</strong></span> <span class='ocrx_word' id='word_1_353' title='bbox 2493 2319 2810 2374; x_wconf 89' lang='lat' dir='ltr'><strong>hominibus</strong></span> <span class='ocrx_word' id='word_1_354' title='bbox 2855 2319 3226 2387; x_wconf 63' lang='lat' dir='ltr'><strong>praestandum</strong></span> <span class='ocrx_word' id='word_1_355' title='bbox 3262 2316 3532 2370; x_wconf 82' lang='lat' dir='ltr'><strong>Adaman-</strong></span> 
     </span>
    </p>
   </div>
   <div class='ocr_carea' id='block_1_53' title="bbox 1954 2410 3532 2483">
    <p class='ocr_par' dir='ltr' id='par_1_53' title="bbox 1954 2410 3532 2483">
     <span class='ocr_line' id='line_1_53' title="bbox 1954 2410 3532 2483; baseline -0.004 -17"><span class='ocrx_word' id='word_1_356' title='bbox 1954 2412 2060 2466; x_wconf 87' lang='lat' dir='ltr'><strong>tius</strong></span> <span class='ocrx_word' id='word_1_357' title='bbox 2084 2421 2324 2472; x_wconf 86' lang='lat' dir='ltr'><strong>coercet,</strong></span> <span class='ocrx_word' id='word_1_358' title='bbox 2355 2412 2451 2464; x_wconf 89' lang='lat' dir='ltr'><strong>sed</strong></span> <span class='ocrx_word' id='word_1_359' title='bbox 2477 2419 2738 2483; x_wconf 84' lang='lat' dir='ltr'><strong>prorogat</strong></span> <span class='ocrx_word' id='word_1_360' title='bbox 2773 2410 2940 2464; x_wconf 90' lang='lat' dir='ltr'><strong>etiam</strong></span> <span class='ocrx_word' id='word_1_361' title='bbox 2977 2410 3044 2463; x_wconf 90' lang='lat' dir='ltr'><strong>ad</strong></span> <span class='ocrx_word' id='word_1_362' title='bbox 3073 2423 3135 2462; x_wconf 87' lang='lat' dir='ltr'><strong>ea</strong></span> <span class='ocrx_word' id='word_1_363' title='bbox 3164 2423 3284 2477; x_wconf 82' lang='lat' dir='ltr'><strong>quae</strong></span> <span class='ocrx_word' id='word_1_364' title='bbox 3310 2414 3532 2460; x_wconf 90' lang='lat' dir='ltr'><strong>antece-</strong></span> 
     </span>
    </p>
   </div>
   <div class='ocr_carea' id='block_1_54' title="bbox 1952 2496 3536 2571">
    <p class='ocr_par' dir='ltr' id='par_1_54' title="bbox 1952 2496 3536 2571">
     <span class='ocr_line' id='line_1_54' title="bbox 1952 2496 3536 2571; baseline -0.002 -18"><span class='ocrx_word' id='word_1_365' title='bbox 1952 2505 2083 2558; x_wconf 89' lang='lat' dir='ltr'><strong>dunt</strong></span> <span class='ocrx_word' id='word_1_366' title='bbox 2109 2504 2388 2558; x_wconf 89' lang='lat' dir='ltr'><strong>hominum</strong></span> <span class='ocrx_word' id='word_1_367' title='bbox 2412 2503 2604 2566; x_wconf 89' lang='lat' dir='ltr'><strong>vitam,</strong></span> <span class='ocrx_word' id='word_1_368' title='bbox 2626 2517 2854 2570; x_wconf 84' lang='lat' dir='ltr'><strong>quaeque</strong></span> <span class='ocrx_word' id='word_1_369' title='bbox 2875 2502 3052 2571; x_wconf 86' lang='lat' dir='ltr'><strong>ipsam</strong></span> <span class='ocrx_word' id='word_1_370' title='bbox 3071 2500 3374 2568; x_wconf 84' lang='lat' dir='ltr'><strong>excipiunt.</strong></span> <span class='ocrx_word' id='word_1_371' title='bbox 3389 2496 3536 2551; x_wconf 88' lang='lat' dir='ltr'><strong>Nam-</strong></span> 
     </span>
    </p>
   </div>
   <div class='ocr_carea' id='block_1_55' title="bbox 1952 2588 3525 2666">
    <p class='ocr_par' dir='ltr' id='par_1_55' title="bbox 1952 2588 3525 2666">
     <span class='ocr_line' id='line_1_55' title="bbox 1952 2588 3525 2666; baseline -0.006 -16"><span class='ocrx_word' id='word_1_372' title='bbox 1952 2594 2262 2666; x_wconf 88' lang='lat' dir='ltr'><strong>angelorum</strong></span> <span class='ocrx_word' id='word_1_373' title='bbox 2282 2609 2385 2664; x_wconf 87' lang='lat' dir='ltr'><strong>ope</strong></span> <span class='ocrx_word' id='word_1_374' title='bbox 2400 2593 2609 2647; x_wconf 89' lang='lat' dir='ltr'><strong>animas</strong></span> <span class='ocrx_word' id='word_1_375' title='bbox 2634 2591 2915 2646; x_wconf 91' lang='lat' dir='ltr'><strong>hominum</strong></span> <span class='ocrx_word' id='word_1_376' title='bbox 2940 2591 3160 2644; x_wconf 88' lang='lat' dir='ltr'><strong>immitti</strong></span> <span class='ocrx_word' id='word_1_377' title='bbox 3186 2588 3525 2655; x_wconf 79' lang='lat' dir='ltr'><strong>corporibus,</strong></span> 
     </span>
    </p>
   </div>
   <div class='ocr_carea' id='block_1_56' title="bbox 1953 2678 3530 2758">
    <p class='ocr_par' dir='ltr' id='par_1_56' title="bbox 1953 2678 3530 2758">
     <span class='ocr_line' id='line_1_56' title="bbox 1953 2678 3530 2758; baseline -0.008 -13"><span class='ocrx_word' id='word_1_378' title='bbox 1953 2704 2152 2758; x_wconf 89' lang='lat' dir='ltr'><strong>easque</strong></span> <span class='ocrx_word' id='word_1_379' title='bbox 2178 2701 2406 2756; x_wconf 90' lang='lat' dir='ltr'><strong>corpore</strong></span> <span class='ocrx_word' id='word_1_380' title='bbox 2427 2685 2636 2742; x_wconf 86' lang='lat' dir='ltr'><strong>solutas</strong></span> <span class='ocrx_word' id='word_1_381' title='bbox 2653 2683 2854 2752; x_wconf 88' lang='lat' dir='ltr'><strong>suscipi</strong></span> <span class='ocrx_word' id='word_1_382' title='bbox 2881 2683 2949 2737; x_wconf 90' lang='lat' dir='ltr'><strong>ab</strong></span> <span class='ocrx_word' id='word_1_383' title='bbox 2975 2683 3127 2752; x_wconf 91' lang='lat' dir='ltr'><strong>ipsis,</strong></span> <span class='ocrx_word' id='word_1_384' title='bbox 3155 2681 3350 2751; x_wconf 81' lang='lat' dir='ltr'><strong>sistiin</strong></span> <span class='ocrx_word' id='word_1_385' title='bbox 3377 2678 3530 2748; x_wconf 89' lang='lat' dir='ltr'><strong>judi-</strong></span> 
     </span>
    </p>
   </div>
   <div class='ocr_carea' id='block_1_57' title="bbox 1953 2773 3528 2846">
    <p class='ocr_par' dir='ltr' id='par_1_57' title="bbox 1953 2773 3528 2846">
     <span class='ocr_line' id='line_1_57' title="bbox 1953 2773 3528 2846; baseline -0.007 -9"><span class='ocrx_word' id='word_1_386' title='bbox 1953 2783 2120 2846; x_wconf 85' lang='lat' dir='ltr'><strong>cium,</strong></span> <span class='ocrx_word' id='word_1_387' title='bbox 2160 2781 2212 2835; x_wconf 91' lang='lat' dir='ltr'><strong>iu</strong></span> <span class='ocrx_word' id='word_1_388' title='bbox 2242 2779 2570 2834; x_wconf 85' lang='lat' dir='ltr'><strong>destinatum</strong></span> <span class='ocrx_word' id='word_1_389' title='bbox 2607 2779 2824 2833; x_wconf 84' lang='lat' dir='ltr'><strong>demum</strong></span> <span class='ocrx_word' id='word_1_390' title='bbox 2883 2775 3057 2829; x_wconf 92' lang='lat' dir='ltr'><strong>locum</strong></span> <span class='ocrx_word' id='word_1_391' title='bbox 3086 2773 3299 2839; x_wconf 89' lang='lat' dir='ltr'><strong>deduci,</strong></span> <span class='ocrx_word' id='word_1_392' title='bbox 3325 2780 3381 2826; x_wconf 89' lang='lat' dir='ltr'><strong>et</strong></span> <span class='ocrx_word' id='word_1_393' title='bbox 3421 2787 3528 2826; x_wconf 91' lang='lat' dir='ltr'><strong>non</strong></span> 
     </span>
    </p>
   </div>
   <div class='ocr_carea' id='block_1_58' title="bbox 1955 2864 3529 2940">
    <p class='ocr_par' dir='ltr' id='par_1_58' title="bbox 1955 2864 3529 2940">
     <span class='ocr_line' id='line_1_58' title="bbox 1955 2864 3529 2940; baseline -0.007 -13"><span class='ocrx_word' id='word_1_394' title='bbox 1955 2875 2113 2928; x_wconf 91' lang='lat' dir='ltr'><strong>aliter</strong></span> <span class='ocrx_word' id='word_1_395' title='bbox 2149 2872 2282 2940; x_wconf 81' lang='lat' dir='ltr'><strong>regi,</strong></span> <span class='ocrx_word' id='word_1_396' title='bbox 2317 2887 2480 2940; x_wconf 91' lang='lat' dir='ltr'><strong>quam</strong></span> <span class='ocrx_word' id='word_1_397' title='bbox 2507 2885 2630 2924; x_wconf 90' lang='lat' dir='ltr'><strong>cum</strong></span> <span class='ocrx_word' id='word_1_398' title='bbox 2682 2866 3003 2935; x_wconf 88' lang='lat' dir='ltr'><strong>corporibus</strong></span> <span class='ocrx_word' id='word_1_399' title='bbox 3053 2864 3272 2934; x_wconf 72' lang='lat' dir='ltr'><strong>illigata:</strong></span> <span class='ocrx_word' id='word_1_400' title='bbox 3299 2873 3485 2918; x_wconf 88' lang='lat' dir='ltr'><strong>essent</strong></span> <span class='ocrx_word' id='word_1_401' title='bbox 3512 2902 3529 2924; x_wconf 86' lang='lat'><strong>,</strong></span> 
     </span>
    </p>
   </div>
   <div class='ocr_carea' id='block_1_59' title="bbox 1956 2953 3530 3032">
    <p class='ocr_par' dir='ltr' id='par_1_59' title="bbox 1956 2953 3530 3032">
     <span class='ocr_line' id='line_1_59' title="bbox 1956 2953 3530 3032; baseline -0.008 -15"><span class='ocrx_word' id='word_1_402' title='bbox 1956 2963 2232 3032; x_wconf 85' lang='lat' dir='ltr'><strong>conceptis</strong></span> <span class='ocrx_word' id='word_1_403' title='bbox 2264 2961 2446 3016; x_wconf 86' lang='lat' dir='ltr'><strong>verbis</strong></span> <span class='ocrx_word' id='word_1_404' title='bbox 2488 2958 2794 3014; x_wconf 74' lang='lat' dir='ltr'><strong>allirmavit.</strong></span> <span class='ocrx_word' id='word_1_405' title='bbox 2837 2955 2999 3010; x_wconf 81' lang='lat' dir='ltr'><strong>Certe</strong></span> <span class='ocrx_word' id='word_1_406' title='bbox 3021 2953 3530 3010; x_wconf 77' lang='lat' dir='ltr'><strong>Commentariorum</strong></span> 
     </span>
    </p>
   </div>
   <div class='ocr_carea' id='block_1_60' title="bbox 1955 3045 3531 3118">
    <p class='ocr_par' dir='ltr' id='par_1_60' title="bbox 1955 3045 3531 3118">
     <span class='ocr_line' id='line_1_60' title="bbox 1955 3045 3531 3118; baseline -0.01 -8"><span class='ocrx_word' id='word_1_407' title='bbox 1955 3057 2008 3110; x_wconf 79' lang='lat' dir='ltr'><strong>in</strong></span> <span class='ocrx_word' id='word_1_408' title='bbox 2033 3054 2197 3109; x_wconf 80' lang='lat' dir='ltr'><strong>Joan.</strong></span> <span class='ocrx_word' id='word_1_409' title='bbox 2229 3063 2376 3109; x_wconf 91' lang='lat' dir='ltr'><strong>tomo</strong></span> <span class='ocrx_word' id='word_1_410' title='bbox 2407 3068 2528 3118; x_wconf 76' lang='lat' dir='ltr'><strong>xrn,</strong></span> <span class='ocrx_word' id='word_1_411' title='bbox 2577 3065 2726 3106; x_wconf 92' lang='lat' dir='ltr'><strong>num.</strong></span> <span class='ocrx_word' id='word_1_412' title='bbox 2753 3048 2844 3113; x_wconf 77' lang='grc'><strong>49,</strong></span> <span class='ocrx_word' id='word_1_413' title='bbox 2882 3046 3102 3117; x_wconf 88' lang='lat' dir='ltr'><strong>angelos</strong></span> <span class='ocrx_word' id='word_1_414' title='bbox 3137 3046 3200 3100; x_wconf 90' lang='lat' dir='ltr'><strong>ad</strong></span> <span class='ocrx_word' id='word_1_415' title='bbox 3251 3045 3531 3098; x_wconf 89' lang='lat' dir='ltr'><strong>hominum</strong></span> 
     </span>
    </p>
   </div>
   <div class='ocr_carea' id='block_1_61' title="bbox 273 3136 3546 3220">
    <p class='ocr_par' dir='ltr' id='par_1_61' title="bbox 273 3136 3546 3220">
     <span class='ocr_line' id='line_1_61' title="bbox 273 3136 3546 3220; baseline -0.005 -12"><span class='ocrx_word' id='word_1_416' title='bbox 273 3136 369 3191; x_wconf 66' lang='lat'><strong>“&#39;3</strong></span> <span class='ocrx_word' id='word_1_417' title='bbox 402 3145 578 3191; x_wconf 70' lang='grc' dir='ltr'><strong>θυῑθιη</strong></span> <span class='ocrx_word' id='word_1_418' title='bbox 609 3137 694 3192; x_wconf 69' lang='grc' dir='ltr'><strong>νει</strong></span> <span class='ocrx_word' id='word_1_419' title='bbox 722 3152 785 3191; x_wconf 69' lang='grc' dir='ltr'><strong>εκ</strong></span> <span class='ocrx_word' id='word_1_420' title='bbox 812 3154 878 3193; x_wconf 73' lang='grc' dir='ltr'><strong>θο</strong></span> <span class='ocrx_word' id='word_1_421' title='bbox 919 3137 1154 3191; x_wconf 58' lang='lat' dir='ltr'><strong>minime</strong></span> <span class='ocrx_word' id='word_1_422' title='bbox 1189 3147 1434 3206; x_wconf 59' lang='lat' dir='ltr'><strong>“PDN”.</strong></span> <span class='ocrx_word' id='word_1_423' title='bbox 1486 3138 1627 3204; x_wconf 61' lang='lat' dir='ltr'><strong>ll&quot;0d</strong></span> <span class='ocrx_word' id='word_1_424' title='bbox 1657 3152 1793 3206; x_wconf 72' lang='lat' dir='ltr'><strong>quas</strong></span> <span class='ocrx_word' id='word_1_425' title='bbox 1820 3153 1848 3190; x_wconf 72' lang='grc'><strong>³</strong></span> <span class='ocrx_word' id='word_1_426' title='bbox 1879 3162 1922 3220; x_wconf 79' lang='lat' dir='ltr'>c</span> <span class='ocrx_word' id='word_1_427' title='bbox 1955 3157 2106 3202; x_wconf 89' lang='lat' dir='ltr'><strong>satus</strong></span> <span class='ocrx_word' id='word_1_428' title='bbox 2135 3163 2163 3201; x_wconf 86' lang='lat' dir='ltr'><strong>a</strong></span> <span class='ocrx_word' id='word_1_429' title='bbox 2194 3146 2303 3201; x_wconf 90' lang='lat' dir='ltr'><strong>Deo</strong></span> <span class='ocrx_word' id='word_1_430' title='bbox 2332 3147 2612 3200; x_wconf 88' lang='lat' dir='ltr'><strong>ordinatos</strong></span> <span class='ocrx_word' id='word_1_431' title='bbox 2631 3157 2752 3199; x_wconf 85' lang='lat' dir='ltr'><strong>esse</strong></span> <span class='ocrx_word' id='word_1_432' title='bbox 2779 3142 3180 3210; x_wconf 85' lang='lat' dir='ltr'><strong>dicit,quorum</strong></span> <span class='ocrx_word' id='word_1_433' title='bbox 3213 3151 3374 3207; x_wconf 88' lang='lat' dir='ltr'><strong>opera</strong></span> <span class='ocrx_word' id='word_1_434' title='bbox 3405 3151 3546 3192; x_wconf 33' lang='lat' dir='ltr'><strong>cor;</strong></span> 
     </span>
    </p>
   </div>
   <div class='ocr_carea' id='block_1_62' title="bbox 272 3229 1854 3296">
    <p class='ocr_par' dir='ltr' id='par_1_62' title="bbox 272 3229 1854 3296">
     <span class='ocr_line' id='line_1_62' title="bbox 272 3229 1854 3296; baseline 0 -14"><span class='ocrx_word' id='word_1_435' title='bbox 272 3231 546 3284; x_wconf 87' lang='lat' dir='ltr'><strong>communi</strong></span> <span class='ocrx_word' id='word_1_436' title='bbox 595 3229 966 3296; x_wconf 79' lang='lat' dir='ltr'><strong>theologorum</strong></span> <span class='ocrx_word' id='word_1_437' title='bbox 1016 3243 1176 3282; x_wconf 88' lang='lat' dir='ltr'><strong>sensu</strong></span> <span class='ocrx_word' id='word_1_438' title='bbox 1217 3229 1451 3282; x_wconf 80' lang='lat' dir='ltr'><strong>maxime</strong></span> <span class='ocrx_word' id='word_1_439' title='bbox 1497 3229 1854 3282; x_wconf 89' lang='lat' dir='ltr'><strong>abhorrentes</strong></span> 
     </span>
    </p>
   </div>
   <div class='ocr_carea' id='block_1_63' title="bbox 269 3319 1853 3390">
    <p class='ocr_par' dir='ltr' id='par_1_63' title="bbox 269 3319 1853 3390">
     <span class='ocr_line' id='line_1_63' title="bbox 269 3319 1853 3390; baseline -0.001 -16"><span class='ocrx_word' id='word_1_440' title='bbox 269 3321 426 3377; x_wconf 76' lang='lat' dir='ltr'><strong>visus</strong></span> <span class='ocrx_word' id='word_1_441' title='bbox 455 3331 540 3376; x_wconf 90' lang='lat' dir='ltr'><strong>est</strong></span> <span class='ocrx_word' id='word_1_442' title='bbox 591 3321 845 3390; x_wconf 90' lang='lat' dir='ltr'><strong>amplecti</strong></span> <span class='ocrx_word' id='word_1_443' title='bbox 894 3321 1214 3378; x_wconf 87' lang='lat' dir='ltr'><strong>sententias.</strong></span> <span class='ocrx_word' id='word_1_444' title='bbox 1249 3319 1456 3374; x_wconf 79' lang='lat' dir='ltr'><strong>iisdem</strong></span> <span class='ocrx_word' id='word_1_445' title='bbox 1511 3336 1578 3373; x_wconf 78' lang='lat' dir='ltr'><strong>ex</strong></span> <span class='ocrx_word' id='word_1_446' title='bbox 1627 3319 1853 3374; x_wconf 89' lang='lat' dir='ltr'><strong>adverso</strong></span> 
     </span>
    </p>
   </div>
   <div class='ocr_carea' id='block_1_64' title="bbox 272 3411 1862 3483">
    <p class='ocr_par' dir='ltr' id='par_1_64' title="bbox 272 3411 1862 3483">
     <span class='ocr_line' id='line_1_64' title="bbox 272 3411 1862 3483; baseline 0 -15"><span class='ocrx_word' id='word_1_447' title='bbox 272 3413 582 3480; x_wconf 85' lang='lat' dir='ltr'><strong>contrarias</strong></span> <span class='ocrx_word' id='word_1_448' title='bbox 623 3416 882 3483; x_wconf 90' lang='lat' dir='ltr'><strong>quasdam</strong></span> <span class='ocrx_word' id='word_1_449' title='bbox 936 3413 1236 3482; x_wconf 87' lang='lat' dir='ltr'><strong>proposuit.</strong></span> <span class='ocrx_word' id='word_1_450' title='bbox 1291 3413 1368 3467; x_wconf 88' lang='lat' dir='ltr'><strong>Ac</strong></span> <span class='ocrx_word' id='word_1_451' title='bbox 1401 3412 1468 3466; x_wconf 88' lang='lat' dir='ltr'><strong>de</strong></span> <span class='ocrx_word' id='word_1_452' title='bbox 1494 3411 1700 3482; x_wconf 84' lang='lat' dir='ltr'><strong>angelis</strong></span> <span class='ocrx_word' id='word_1_453' title='bbox 1740 3411 1862 3480; x_wconf 86' lang='lat' dir='ltr'><strong>pri-.</strong></span> 
     </span>
    </p>
   </div>
   <div class='ocr_carea' id='block_1_65' title="bbox 273 3501 1856 3573">
    <p class='ocr_par' dir='ltr' id='par_1_65' title="bbox 273 3501 1856 3573">
     <span class='ocr_line' id='line_1_65' title="bbox 273 3501 1856 3573; baseline -0.001 -15"><span class='ocrx_word' id='word_1_454' title='bbox 273 3521 424 3561; x_wconf 88' lang='lat' dir='ltr'><strong>mum</strong></span> <span class='ocrx_word' id='word_1_455' title='bbox 458 3506 510 3560; x_wconf 92' lang='lat' dir='ltr'><strong>in</strong></span> <span class='ocrx_word' id='word_1_456' title='bbox 541 3506 818 3559; x_wconf 87' lang='lat' dir='ltr'><strong>hominum</strong></span> <span class='ocrx_word' id='word_1_457' title='bbox 850 3505 1070 3558; x_wconf 87' lang='lat' dir='ltr'><strong>tutelam</strong></span> <span class='ocrx_word' id='word_1_458' title='bbox 1101 3504 1398 3573; x_wconf 91' lang='lat' dir='ltr'><strong>deputatis,</strong></span> <span class='ocrx_word' id='word_1_459' title='bbox 1428 3513 1572 3558; x_wconf 89' lang='lat' dir='ltr'><strong>tanta</strong></span> <span class='ocrx_word' id='word_1_460' title='bbox 1610 3501 1728 3570; x_wconf 84' lang='lat' dir='ltr'><strong>ejus</strong></span> <span class='ocrx_word' id='word_1_461' title='bbox 1756 3504 1856 3557; x_wconf 90' lang='lat' dir='ltr'><strong>du-</strong></span> 
     </span>
    </p>
   </div>
   <div class='ocr_carea' id='block_1_66' title="bbox 276 3595 1857 3665">
    <p class='ocr_par' dir='ltr' id='par_1_66' title="bbox 276 3595 1857 3665">
     <span class='ocr_line' id='line_1_66' title="bbox 276 3595 1857 3665; baseline -0.001 -15"><span class='ocrx_word' id='word_1_462' title='bbox 276 3597 470 3650; x_wconf 83' lang='lat' dir='ltr'><strong>bitatio</strong></span> <span class='ocrx_word' id='word_1_463' title='bbox 493 3606 594 3661; x_wconf 89' lang='lat' dir='ltr'><strong>est,</strong></span> <span class='ocrx_word' id='word_1_464' title='bbox 628 3605 686 3649; x_wconf 87' lang='grc' dir='ltr'><strong>ιιι</strong></span> <span class='ocrx_word' id='word_1_465' title='bbox 721 3605 957 3651; x_wconf 89' lang='lat' dir='ltr'><strong>statuere</strong></span> <span class='ocrx_word' id='word_1_466' title='bbox 990 3595 1212 3650; x_wconf 87' lang='lat' dir='ltr'><strong>minime</strong></span> <span class='ocrx_word' id='word_1_467' title='bbox 1263 3597 1453 3665; x_wconf 87' lang='lat' dir='ltr'><strong>possit,</strong></span> <span class='ocrx_word' id='word_1_468' title='bbox 1504 3597 1857 3664; x_wconf 83' lang='lat' dir='ltr'><strong>quemadmo-</strong></span> 
     </span>
    </p>
   </div>
   <div class='ocr_carea' id='block_1_67' title="bbox 272 3689 1852 3756">
    <p class='ocr_par' dir='ltr' id='par_1_67' title="bbox 272 3689 1852 3756">
     <span class='ocr_line' id='line_1_67' title="bbox 272 3689 1852 3756; baseline 0.001 -15"><span class='ocrx_word' id='word_1_469' title='bbox 272 3690 402 3742; x_wconf 92' lang='lat' dir='ltr'><strong>dum</strong></span> <span class='ocrx_word' id='word_1_470' title='bbox 431 3689 688 3753; x_wconf 69' lang='lat' dir='ltr'><strong>diximus,</strong></span> <span class='ocrx_word' id='word_1_471' title='bbox 729 3703 796 3742; x_wconf 91' lang='lat' dir='ltr'><strong>an</strong></span> <span class='ocrx_word' id='word_1_472' title='bbox 831 3691 898 3743; x_wconf 90' lang='lat' dir='ltr'><strong>ab</strong></span> <span class='ocrx_word' id='word_1_473' title='bbox 929 3698 1072 3753; x_wconf 92' lang='lat' dir='ltr'><strong>ortu,</strong></span> <span class='ocrx_word' id='word_1_474' title='bbox 1111 3704 1179 3742; x_wconf 91' lang='lat' dir='ltr'><strong>an</strong></span> <span class='ocrx_word' id='word_1_475' title='bbox 1211 3704 1241 3742; x_wconf 94' lang='lat' dir='ltr'><strong>a</strong></span> <span class='ocrx_word' id='word_1_476' title='bbox 1273 3689 1544 3756; x_wconf 88' lang='lat' dir='ltr'><strong>baptismo</strong></span> <span class='ocrx_word' id='word_1_477' title='bbox 1573 3691 1852 3746; x_wconf 83' lang='lat' dir='ltr'><strong>hominum</strong></span> 
     </span>
    </p>
   </div>
   <div class='ocr_carea' id='block_1_68' title="bbox 273 3779 1856 3850">
    <p class='ocr_par' dir='ltr' id='par_1_68' title="bbox 273 3779 1856 3850">
     <span class='ocr_line' id='line_1_68' title="bbox 273 3779 1856 3850; baseline 0.001 -17"><span class='ocrx_word' id='word_1_478' title='bbox 273 3795 462 3836; x_wconf 85' lang='lat' dir='ltr'><strong>curam</strong></span> <span class='ocrx_word' id='word_1_479' title='bbox 507 3779 824 3850; x_wconf 89' lang='lat' dir='ltr'><strong>suscipiant.</strong></span> <span class='ocrx_word' id='word_1_480' title='bbox 889 3780 998 3836; x_wconf 86' lang='lat' dir='ltr'><strong>Nec</strong></span> <span class='ocrx_word' id='word_1_481' title='bbox 1045 3783 1248 3850; x_wconf 88' lang='lat' dir='ltr'><strong>absque</strong></span> <span class='ocrx_word' id='word_1_482' title='bbox 1297 3783 1632 3838; x_wconf 90' lang='lat' dir='ltr'><strong>dubitatione</strong></span> <span class='ocrx_word' id='word_1_483' title='bbox 1689 3781 1856 3837; x_wconf 89' lang='lat' dir='ltr'><strong>tradit</strong></span> 
     </span>
    </p>
   </div>
   <div class='ocr_carea' id='block_1_69' title="bbox 277 3874 1852 3944">
    <p class='ocr_par' dir='ltr' id='par_1_69' title="bbox 277 3874 1852 3944">
     <span class='ocr_line' id='line_1_69' title="bbox 277 3874 1852 3944; baseline 0.002 -17"><span class='ocrx_word' id='word_1_484' title='bbox 277 3874 500 3944; x_wconf 85' lang='lat' dir='ltr'><strong>angelos</strong></span> <span class='ocrx_word' id='word_1_485' title='bbox 529 3875 684 3929; x_wconf 88' lang='lat' dir='ltr'><strong>nobis</strong></span> <span class='ocrx_word' id='word_1_486' title='bbox 723 3875 969 3944; x_wconf 85' lang='lat' dir='ltr'><strong>regendis</strong></span> <span class='ocrx_word' id='word_1_487' title='bbox 997 3875 1291 3938; x_wconf 80' lang='lat' dir='ltr'><strong>delegatos.</strong></span> <span class='ocrx_word' id='word_1_488' title='bbox 1325 3875 1541 3930; x_wconf 89' lang='lat' dir='ltr'><strong>eosdem</strong></span> <span class='ocrx_word' id='word_1_489' title='bbox 1574 3875 1852 3930; x_wconf 89' lang='lat' dir='ltr'><strong>nobiscum</strong></span> 
     </span>
    </p>
   </div>
   <div class='ocr_carea' id='block_1_70' title="bbox 279 3965 1856 4037">
    <p class='ocr_par' dir='ltr' id='par_1_70' title="bbox 279 3965 1856 4037">
     <span class='ocr_line' id='line_1_70' title="bbox 279 3965 1856 4037; baseline 0.001 -17"><span class='ocrx_word' id='word_1_490' title='bbox 279 3967 333 4020; x_wconf 92' lang='lat' dir='ltr'><strong>in</strong></span> <span class='ocrx_word' id='word_1_491' title='bbox 358 3967 461 4022; x_wconf 78' lang='lat' dir='ltr'><strong>fide</strong></span> <span class='ocrx_word' id='word_1_492' title='bbox 492 3965 676 4021; x_wconf 84' lang='lat' dir='ltr'><strong>facere</strong></span> <span class='ocrx_word' id='word_1_493' title='bbox 705 3981 1040 4037; x_wconf 82' lang='lat' dir='ltr'><strong>progressus.</strong></span> <span class='ocrx_word' id='word_1_494' title='bbox 1065 3967 1308 4021; x_wconf 80' lang='lat' dir='ltr'><strong>Incertus</strong></span> <span class='ocrx_word' id='word_1_495' title='bbox 1337 3967 1588 4020; x_wconf 90' lang='lat' dir='ltr'><strong>similiter</strong></span> <span class='ocrx_word' id='word_1_496' title='bbox 1614 3977 1697 4022; x_wconf 92' lang='lat' dir='ltr'><strong>est</strong></span> <span class='ocrx_word' id='word_1_497' title='bbox 1734 3968 1856 4021; x_wconf 84' lang='lat' dir='ltr'><strong>ani-</strong></span> 
     </span>
    </p>
   </div>
   <div class='ocr_carea' id='block_1_71' title="bbox 279 4057 1855 4132">
    <p class='ocr_par' dir='ltr' id='par_1_71' title="bbox 279 4057 1855 4132">
     <span class='ocr_line' id='line_1_71' title="bbox 279 4057 1855 4132; baseline 0.001 -21"><span class='ocrx_word' id='word_1_498' title='bbox 279 4058 379 4132; x_wconf 80' lang='lat' dir='ltr'><strong>mi,</strong></span> <span class='ocrx_word' id='word_1_499' title='bbox 404 4057 699 4126; x_wconf 86' lang='lat' dir='ltr'><strong>angelusne</strong></span> <span class='ocrx_word' id='word_1_500' title='bbox 719 4058 945 4120; x_wconf 90' lang='lat' dir='ltr'><strong>homini,</strong></span> <span class='ocrx_word' id='word_1_501' title='bbox 972 4058 1207 4115; x_wconf 91' lang='lat' dir='ltr'><strong>homone</strong></span> <span class='ocrx_word' id='word_1_502' title='bbox 1248 4057 1440 4126; x_wconf 89' lang='lat' dir='ltr'><strong>angelo</strong></span> <span class='ocrx_word' id='word_1_503' title='bbox 1470 4057 1697 4112; x_wconf 87' lang='lat' dir='ltr'><strong>salutem</strong></span> <span class='ocrx_word' id='word_1_504' title='bbox 1730 4074 1855 4121; x_wconf 87' lang='lat' dir='ltr'><strong>pro-</strong></span> 
     </span>
    </p>
   </div>
   <div class='ocr_carea' id='block_1_72' title="bbox 278 4148 1855 4220">
    <p class='ocr_par' dir='ltr' id='par_1_72' title="bbox 278 4148 1855 4220">
     <span class='ocr_line' id='line_1_72' title="bbox 278 4148 1855 4220; baseline 0.002 -17"><span class='ocrx_word' id='word_1_505' title='bbox 278 4160 432 4204; x_wconf 88' lang='lat' dir='ltr'><strong>curet</strong></span> <span class='ocrx_word' id='word_1_506' title='bbox 476 4159 532 4204; x_wconf 91' lang='lat' dir='ltr'><strong>et</strong></span> <span class='ocrx_word' id='word_1_507' title='bbox 569 4149 840 4204; x_wconf 90' lang='lat' dir='ltr'><strong>conciliet.</strong></span> <span class='ocrx_word' id='word_1_508' title='bbox 900 4149 1078 4205; x_wconf 87' lang='lat' dir='ltr'><strong>Nihilo</strong></span> <span class='ocrx_word' id='word_1_509' title='bbox 1111 4150 1283 4220; x_wconf 85' lang='lat' dir='ltr'><strong>magis</strong></span> <span class='ocrx_word' id='word_1_510' title='bbox 1325 4148 1428 4205; x_wconf 87' lang='lat' dir='ltr'><strong>sibi</strong></span> <span class='ocrx_word' id='word_1_511' title='bbox 1461 4159 1697 4214; x_wconf 87' lang='lat' dir='ltr'><strong>constat,</strong></span> <span class='ocrx_word' id='word_1_512' title='bbox 1732 4166 1855 4206; x_wconf 87' lang='lat' dir='ltr'><strong>cum</strong></span> 
     </span>
    </p>
   </div>
   <div class='ocr_carea' id='block_1_73' title="bbox 273 4241 1856 4314">
    <p class='ocr_par' dir='ltr' id='par_1_73' title="bbox 273 4241 1856 4314">
     <span class='ocr_line' id='line_1_73' title="bbox 273 4241 1856 4314; baseline 0.001 -16"><span class='ocrx_word' id='word_1_513' title='bbox 273 4244 451 4313; x_wconf 89' lang='lat' dir='ltr'><strong>justos</strong></span> <span class='ocrx_word' id='word_1_514' title='bbox 479 4243 624 4313; x_wconf 89' lang='lat' dir='ltr'><strong>ipsos</strong></span> <span class='ocrx_word' id='word_1_515' title='bbox 653 4259 682 4296; x_wconf 91' lang='lat' dir='ltr'><strong>a</strong></span> <span class='ocrx_word' id='word_1_516' title='bbox 720 4241 960 4303; x_wconf 90' lang='lat' dir='ltr'><strong>Christo.</strong></span> <span class='ocrx_word' id='word_1_517' title='bbox 986 4245 1077 4313; x_wconf 90' lang='lat' dir='ltr'><strong>qui</strong></span> <span class='ocrx_word' id='word_1_518' title='bbox 1107 4259 1234 4300; x_wconf 87' lang='lat' dir='ltr'><strong>vero</strong></span> <span class='ocrx_word' id='word_1_519' title='bbox 1260 4245 1312 4298; x_wconf 94' lang='lat' dir='ltr'><strong>in</strong></span> <span class='ocrx_word' id='word_1_520' title='bbox 1341 4246 1542 4314; x_wconf 89' lang='lat' dir='ltr'><strong>pietate</strong></span> <span class='ocrx_word' id='word_1_521' title='bbox 1573 4243 1856 4300; x_wconf 80' lang='lat' dir='ltr'><strong>inferiores</strong></span> 
     </span>
    </p>
   </div>
   <div class='ocr_carea' id='block_1_74' title="bbox 279 4333 1858 4404">
    <p class='ocr_par' dir='ltr' id='par_1_74' title="bbox 279 4333 1858 4404">
     <span class='ocr_line' id='line_1_74' title="bbox 279 4333 1858 4404; baseline 0.001 -16"><span class='ocrx_word' id='word_1_522' title='bbox 279 4343 406 4388; x_wconf 89' lang='lat' dir='ltr'><strong>sunt</strong></span> <span class='ocrx_word' id='word_1_523' title='bbox 449 4335 517 4388; x_wconf 89' lang='lat' dir='ltr'><strong>ab</strong></span> <span class='ocrx_word' id='word_1_524' title='bbox 547 4333 754 4404; x_wconf 89' lang='lat' dir='ltr'><strong>angelis</strong></span> <span class='ocrx_word' id='word_1_525' title='bbox 813 4334 1073 4388; x_wconf 89' lang='lat' dir='ltr'><strong>custodiri</strong></span> <span class='ocrx_word' id='word_1_526' title='bbox 1122 4335 1388 4400; x_wconf 89' lang='lat' dir='ltr'><strong>decernit,</strong></span> <span class='ocrx_word' id='word_1_527' title='bbox 1441 4335 1582 4389; x_wconf 87' lang='lat' dir='ltr'><strong>sicut</strong></span> <span class='ocrx_word' id='word_1_528' title='bbox 1635 4349 1665 4388; x_wconf 88' lang='lat' dir='ltr'><strong>a</strong></span> <span class='ocrx_word' id='word_1_529' title='bbox 1701 4335 1858 4390; x_wconf 90' lang='lat' dir='ltr'><strong>nobis</strong></span> 
     </span>
    </p>
   </div>
   <div class='ocr_carea' id='block_1_75' title="bbox 278 4425 1857 4497">
    <p class='ocr_par' dir='ltr' id='par_1_75' title="bbox 278 4425 1857 4497">
     <span class='ocr_line' id='line_1_75' title="bbox 278 4425 1857 4497; baseline -0.001 -15"><span class='ocrx_word' id='word_1_530' title='bbox 278 4428 623 4482; x_wconf 92' lang='lat' dir='ltr'><strong>observatum</strong></span> <span class='ocrx_word' id='word_1_531' title='bbox 655 4434 738 4480; x_wconf 89' lang='lat' dir='ltr'><strong>est</strong></span> <span class='ocrx_word' id='word_1_532' title='bbox 768 4442 781 4478; x_wconf 89' lang='lat'><strong>:</strong></span> <span class='ocrx_word' id='word_1_533' title='bbox 815 4425 1028 4481; x_wconf 89' lang='lat' dir='ltr'><strong>cunctis</strong></span> <span class='ocrx_word' id='word_1_534' title='bbox 1050 4425 1247 4497; x_wconf 88' lang='lat' dir='ltr'><strong>quippe</strong></span> <span class='ocrx_word' id='word_1_535' title='bbox 1277 4426 1408 4480; x_wconf 91' lang='lat' dir='ltr'><strong>alias</strong></span> <span class='ocrx_word' id='word_1_536' title='bbox 1428 4426 1742 4496; x_wconf 87' lang='lat' dir='ltr'><strong>angelorum</strong></span> <span class='ocrx_word' id='word_1_537' title='bbox 1775 4437 1857 4481; x_wconf 85' lang='lat' dir='ltr'><strong>tu-</strong></span> 
     </span>
    </p>
   </div>
   <div class='ocr_carea' id='block_1_76' title="bbox 1955 3230 3531 3308">
    <p class='ocr_par' dir='ltr' id='par_1_76' title="bbox 1955 3230 3531 3308">
     <span class='ocr_line' id='line_1_76' title="bbox 1955 3230 3531 3308; baseline -0.01 -15"><span class='ocrx_word' id='word_1_538' title='bbox 1955 3254 2056 3308; x_wconf 92' lang='lat' dir='ltr'><strong>pus</strong></span> <span class='ocrx_word' id='word_1_539' title='bbox 2085 3248 2140 3293; x_wconf 93' lang='lat' dir='ltr'><strong>et</strong></span> <span class='ocrx_word' id='word_1_540' title='bbox 2174 3239 2356 3292; x_wconf 87' lang='lat' dir='ltr'><strong>anima</strong></span> <span class='ocrx_word' id='word_1_541' title='bbox 2382 3239 2433 3290; x_wconf 92' lang='lat' dir='ltr'><strong>in</strong></span> <span class='ocrx_word' id='word_1_542' title='bbox 2467 3251 2632 3290; x_wconf 91' lang='lat' dir='ltr'><strong>unum</strong></span> <span class='ocrx_word' id='word_1_543' title='bbox 2659 3233 2990 3288; x_wconf 77' lang='lat' dir='ltr'><strong>conlcscant.</strong></span> <span class='ocrx_word' id='word_1_544' title='bbox 3015 3230 3168 3296; x_wconf 84' lang='lat' dir='ltr'><strong>Quod</strong></span> <span class='ocrx_word' id='word_1_545' title='bbox 3200 3237 3378 3282; x_wconf 92' lang='lat' dir='ltr'><strong>autem</strong></span> <span class='ocrx_word' id='word_1_546' title='bbox 3406 3245 3531 3282; x_wconf 85' lang='lat' dir='ltr'><strong>con-</strong></span> 
     </span>
    </p>
   </div>
   <div class='ocr_carea' id='block_1_77' title="bbox 1958 3320 3530 3398">
    <p class='ocr_par' dir='ltr' id='par_1_77' title="bbox 1958 3320 3530 3398">
     <span class='ocr_line' id='line_1_77' title="bbox 1958 3320 3530 3398; baseline -0.008 -13"><span class='ocrx_word' id='word_1_547' title='bbox 1958 3341 2039 3385; x_wconf 88' lang='lat' dir='ltr'><strong>tra</strong></span> <span class='ocrx_word' id='word_1_548' title='bbox 2069 3330 2229 3398; x_wconf 84' lang='lat' dir='ltr'><strong>objici</strong></span> <span class='ocrx_word' id='word_1_549' title='bbox 2261 3338 2459 3398; x_wconf 82' lang='lat' dir='ltr'><strong>petest,</strong></span> <span class='ocrx_word' id='word_1_550' title='bbox 2492 3327 2746 3381; x_wconf 88' lang='lat' dir='ltr'><strong>manibus</strong></span> <span class='ocrx_word' id='word_1_551' title='bbox 2783 3324 2874 3378; x_wconf 90' lang='lat' dir='ltr'><strong>Dei</strong></span> <span class='ocrx_word' id='word_1_552' title='bbox 2908 3323 3090 3377; x_wconf 81' lang='lat' dir='ltr'><strong>ﬁctum</strong></span> <span class='ocrx_word' id='word_1_553' title='bbox 3124 3336 3184 3375; x_wconf 88' lang='lat' dir='ltr'><strong>se</strong></span> <span class='ocrx_word' id='word_1_554' title='bbox 3218 3331 3274 3375; x_wconf 88' lang='lat' dir='ltr'><strong>et</strong></span> <span class='ocrx_word' id='word_1_555' title='bbox 3325 3320 3530 3373; x_wconf 78' lang='lat' dir='ltr'><strong>forma-</strong></span> 
     </span>
    </p>
   </div>
   <div class='ocr_carea' id='block_1_78' title="bbox 1959 3411 3550 3491">
    <p class='ocr_par' dir='ltr' id='par_1_78' title="bbox 1959 3411 3550 3491">
     <span class='ocr_line' id='line_1_78' title="bbox 1959 3411 3550 3491; baseline -0.008 -15"><span class='ocrx_word' id='word_1_556' title='bbox 1959 3431 2066 3476; x_wconf 92' lang='lat' dir='ltr'><strong>tum</strong></span> <span class='ocrx_word' id='word_1_557' title='bbox 2094 3435 2388 3491; x_wconf 87' lang='lat' dir='ltr'><strong>agnoscere</strong></span> <span class='ocrx_word' id='word_1_558' title='bbox 2417 3419 2671 3473; x_wconf 89' lang='lat' dir='ltr'><strong>Davidem</strong></span> <span class='ocrx_word' id='word_1_559' title='bbox 2713 3415 2906 3486; x_wconf 89' lang='lat' dir='ltr'><strong>psalm.</strong></span> <span class='ocrx_word' id='word_1_560' title='bbox 2958 3430 3153 3476; x_wconf 78' lang='lat' dir='ltr'><strong>cxvnr,</strong></span> <span class='ocrx_word' id='word_1_561' title='bbox 3176 3413 3265 3478; x_wconf 79' lang='lat'><strong>73,</strong></span> <span class='ocrx_word' id='word_1_562' title='bbox 3292 3422 3345 3465; x_wconf 93' lang='lat' dir='ltr'><strong>et</strong></span> <span class='ocrx_word' id='word_1_563' title='bbox 3376 3411 3550 3465; x_wconf 50' lang='lat' dir='ltr'><strong>lere;</strong></span> 
     </span>
    </p>
   </div>
   <div class='ocr_carea' id='block_1_79' title="bbox 1955 3504 3529 3580">
    <p class='ocr_par' dir='ltr' id='par_1_79' title="bbox 1955 3504 3529 3580">
     <span class='ocr_line' id='line_1_79' title="bbox 1955 3504 3529 3580; baseline -0.007 -13"><span class='ocrx_word' id='word_1_564' title='bbox 1955 3512 2120 3568; x_wconf 88' lang='lat' dir='ltr'><strong>miam</strong></span> <span class='ocrx_word' id='word_1_565' title='bbox 2151 3530 2188 3580; x_wconf 91' lang='lat' dir='ltr'><strong>I,</strong></span> <span class='ocrx_word' id='word_1_566' title='bbox 2207 3512 2260 3577; x_wconf 82' lang='lat'><strong>5,</strong></span> <span class='ocrx_word' id='word_1_567' title='bbox 2287 3514 2338 3567; x_wconf 91' lang='lat' dir='ltr'><strong>id</strong></span> <span class='ocrx_word' id='word_1_568' title='bbox 2369 3513 2440 3566; x_wconf 86' lang='lat' dir='ltr'><strong>ita</strong></span> <span class='ocrx_word' id='word_1_569' title='bbox 2475 3512 2654 3578; x_wconf 87' lang='lat' dir='ltr'><strong>solvit,</strong></span> <span class='ocrx_word' id='word_1_570' title='bbox 2678 3509 2925 3564; x_wconf 91' lang='lat' dir='ltr'><strong>conditos</strong></span> <span class='ocrx_word' id='word_1_571' title='bbox 2943 3506 3163 3576; x_wconf 89' lang='lat' dir='ltr'><strong>quidem</strong></span> <span class='ocrx_word' id='word_1_572' title='bbox 3199 3505 3322 3558; x_wconf 85' lang='lat' dir='ltr'><strong>illos</strong></span> <span class='ocrx_word' id='word_1_573' title='bbox 3349 3519 3376 3557; x_wconf 89' lang='lat' dir='ltr'><strong>a</strong></span> <span class='ocrx_word' id='word_1_574' title='bbox 3401 3504 3529 3564; x_wconf 83' lang='lat' dir='ltr'><strong>Deo,</strong></span> 
     </span>
    </p>
   </div>
   <div class='ocr_carea' id='block_1_80' title="bbox 1958 3595 3550 3675">
    <p class='ocr_par' dir='ltr' id='par_1_80' title="bbox 1958 3595 3550 3675">
     <span class='ocr_line' id='line_1_80' title="bbox 1958 3595 3550 3675; baseline -0.009 -15"><span class='ocrx_word' id='word_1_575' title='bbox 1958 3605 2050 3660; x_wconf 87' lang='lat' dir='ltr'><strong>sed</strong></span> <span class='ocrx_word' id='word_1_576' title='bbox 2081 3605 2392 3675; x_wconf 86' lang='lat' dir='ltr'><strong>angelorum</strong></span> <span class='ocrx_word' id='word_1_577' title='bbox 2426 3601 2730 3658; x_wconf 90' lang='lat' dir='ltr'><strong>ministerio</strong></span> <span class='ocrx_word' id='word_1_578' title='bbox 2773 3609 2830 3654; x_wconf 91' lang='lat' dir='ltr'><strong>et</strong></span> <span class='ocrx_word' id='word_1_579' title='bbox 2876 3613 3013 3667; x_wconf 89' lang='lat' dir='ltr'><strong>ope;</strong></span> <span class='ocrx_word' id='word_1_580' title='bbox 3069 3595 3550 3664; x_wconf 89' lang='lat' dir='ltr'><strong>quemadmodum-</strong></span> 
     </span>
    </p>
   </div>
   <div class='ocr_carea' id='block_1_81' title="bbox 1930 3689 3528 3762">
    <p class='ocr_par' dir='ltr' id='par_1_81' title="bbox 1930 3689 3528 3762">
     <span class='ocr_line' id='line_1_81' title="bbox 1930 3689 3528 3762; baseline -0.007 -12"><span class='ocrx_word' id='word_1_581' title='bbox 1930 3697 2267 3752; x_wconf 79' lang='lat' dir='ltr'><strong>-|exdicitur</strong></span> <span class='ocrx_word' id='word_1_582' title='bbox 2316 3695 2566 3750; x_wconf 88' lang='lat' dir='ltr'><strong>ordinata</strong></span> <span class='ocrx_word' id='word_1_583' title='bbox 2620 3708 2718 3762; x_wconf 90' lang='lat' dir='ltr'><strong>per</strong></span> <span class='ocrx_word' id='word_1_584' title='bbox 2772 3690 3016 3760; x_wconf 79' lang='lat' dir='ltr'><strong>angelos,</strong></span> <span class='ocrx_word' id='word_1_585' title='bbox 3078 3689 3208 3744; x_wconf 91' lang='lat' dir='ltr'><strong>licet</strong></span> <span class='ocrx_word' id='word_1_586' title='bbox 3256 3696 3528 3740; x_wconf 86' lang='lat' dir='ltr'><strong>auctorem</strong></span> 
     </span>
    </p>
   </div>
   <div class='ocr_carea' id='block_1_82' title="bbox 1959 3780 3529 3854">
    <p class='ocr_par' dir='ltr' id='par_1_82' title="bbox 1959 3780 3529 3854">
     <span class='ocr_line' id='line_1_82' title="bbox 1959 3780 3529 3854; baseline -0.008 -10"><span class='ocrx_word' id='word_1_587' title='bbox 1959 3790 2124 3844; x_wconf 90' lang='lat' dir='ltr'><strong>Deum</strong></span> <span class='ocrx_word' id='word_1_588' title='bbox 2161 3789 2376 3842; x_wconf 89' lang='lat' dir='ltr'><strong>habeat.</strong></span> <span class='ocrx_word' id='word_1_589' title='bbox 2411 3787 2560 3842; x_wconf 84' lang='lat' dir='ltr'><strong>Hanc</strong></span> <span class='ocrx_word' id='word_1_590' title='bbox 2588 3798 2803 3854; x_wconf 90' lang='lat' dir='ltr'><strong>quoque</strong></span> <span class='ocrx_word' id='word_1_591' title='bbox 2822 3782 3045 3838; x_wconf 89' lang='lat' dir='ltr'><strong>obducit</strong></span> <span class='ocrx_word' id='word_1_592' title='bbox 3078 3780 3487 3850; x_wconf 87' lang='lat' dir='ltr'><strong>responsionem</strong></span> <span class='ocrx_word' id='word_1_593' title='bbox 3514 3797 3529 3843; x_wconf 89' lang='lat'><strong>;</strong></span> 
     </span>
    </p>
   </div>
   <div class='ocr_carea' id='block_1_83' title="bbox 1957 3873 3531 3950">
    <p class='ocr_par' dir='ltr' id='par_1_83' title="bbox 1957 3873 3531 3950">
     <span class='ocr_line' id='line_1_83' title="bbox 1957 3873 3531 3950; baseline -0.008 -15"><span class='ocrx_word' id='word_1_594' title='bbox 1957 3896 2096 3949; x_wconf 89' lang='lat' dir='ltr'><strong>quos</strong></span> <span class='ocrx_word' id='word_1_595' title='bbox 2132 3879 2232 3934; x_wconf 91' lang='lat' dir='ltr'><strong>sibi</strong></span> <span class='ocrx_word' id='word_1_596' title='bbox 2265 3879 2406 3934; x_wconf 90' lang='lat' dir='ltr'><strong>Deus</strong></span> <span class='ocrx_word' id='word_1_597' title='bbox 2428 3877 2778 3950; x_wconf 87' lang='lat' dir='ltr'><strong>peculiariter</strong></span> <span class='ocrx_word' id='word_1_598' title='bbox 2801 3874 3118 3940; x_wconf 84' lang='lat' dir='ltr'><strong>destinavit,</strong></span> <span class='ocrx_word' id='word_1_599' title='bbox 3151 3873 3347 3929; x_wconf 83' lang='lat' dir='ltr'><strong>Jobum</strong></span> <span class='ocrx_word' id='word_1_600' title='bbox 3381 3880 3531 3940; x_wconf 83' lang='lat' dir='ltr'><strong>puta.</strong></span> 
     </span>
    </p>
   </div>
   <div class='ocr_carea' id='block_1_84' title="bbox 1960 3960 3532 4037">
    <p class='ocr_par' dir='ltr' id='par_1_84' title="bbox 1960 3960 3532 4037">
     <span class='ocr_line' id='line_1_84' title="bbox 1960 3960 3532 4037; baseline -0.004 -12"><span class='ocrx_word' id='word_1_601' title='bbox 1960 3971 2215 4026; x_wconf 87' lang='lat' dir='ltr'><strong>Davidem</strong></span> <span class='ocrx_word' id='word_1_602' title='bbox 2255 3983 2310 4025; x_wconf 91' lang='lat' dir='ltr'><strong>et</strong></span> <span class='ocrx_word' id='word_1_603' title='bbox 2343 3969 2657 4034; x_wconf 86' lang='lat' dir='ltr'><strong>Jeremiam,</strong></span> <span class='ocrx_word' id='word_1_604' title='bbox 2710 3984 2738 4022; x_wconf 89' lang='lat' dir='ltr'><strong>a</strong></span> <span class='ocrx_word' id='word_1_605' title='bbox 2783 3969 2891 4023; x_wconf 89' lang='lat' dir='ltr'><strong>Deo</strong></span> <span class='ocrx_word' id='word_1_606' title='bbox 2920 3967 3036 4037; x_wconf 90' lang='lat' dir='ltr'><strong>ipso</strong></span> <span class='ocrx_word' id='word_1_607' title='bbox 3094 3966 3264 4021; x_wconf 83' lang='lat' dir='ltr'><strong>fuisse</strong></span> <span class='ocrx_word' id='word_1_608' title='bbox 3317 3960 3532 4026; x_wconf 80' lang='lat' dir='ltr'><strong>factos;</strong></span> 
     </span>
    </p>
   </div>
   <div class='ocr_carea' id='block_1_85' title="bbox 1959 4056 3529 4133">
    <p class='ocr_par' dir='ltr' id='par_1_85' title="bbox 1959 4056 3529 4133">
     <span class='ocr_line' id='line_1_85' title="bbox 1959 4056 3529 4133; baseline -0.007 -15"><span class='ocrx_word' id='word_1_609' title='bbox 1959 4065 2195 4133; x_wconf 89' lang='lat' dir='ltr'><strong>reliquos</strong></span> <span class='ocrx_word' id='word_1_610' title='bbox 2234 4077 2363 4119; x_wconf 88' lang='lat' dir='ltr'><strong>vero</strong></span> <span class='ocrx_word' id='word_1_611' title='bbox 2387 4063 2454 4117; x_wconf 92' lang='lat' dir='ltr'><strong>ab</strong></span> <span class='ocrx_word' id='word_1_612' title='bbox 2485 4063 2552 4116; x_wconf 92' lang='lat' dir='ltr'><strong>iis</strong></span> <span class='ocrx_word' id='word_1_613' title='bbox 2579 4061 2783 4132; x_wconf 81' lang='lat' dir='ltr'><strong>angelis</strong></span> <span class='ocrx_word' id='word_1_614' title='bbox 2809 4059 3002 4130; x_wconf 89' lang='lat' dir='ltr'><strong>quibus</strong></span> <span class='ocrx_word' id='word_1_615' title='bbox 3036 4058 3174 4113; x_wconf 82' lang='lat' dir='ltr'><strong>forte</strong></span> <span class='ocrx_word' id='word_1_616' title='bbox 3199 4056 3529 4126; x_wconf 86' lang='lat' dir='ltr'><strong>obtigerunt.</strong></span> 
     </span>
    </p>
   </div>
   <div class='ocr_carea' id='block_1_86' title="bbox 1957 4147 3534 4225">
    <p class='ocr_par' dir='ltr' id='par_1_86' title="bbox 1957 4147 3534 4225">
     <span class='ocr_line' id='line_1_86' title="bbox 1957 4147 3534 4225; baseline -0.007 -15"><span class='ocrx_word' id='word_1_617' title='bbox 1957 4157 2075 4224; x_wconf 84' lang='lat' dir='ltr'><strong>Quo</strong></span> <span class='ocrx_word' id='word_1_618' title='bbox 2105 4156 2294 4211; x_wconf 77' lang='lat' dir='ltr'><strong>referri</strong></span> <span class='ocrx_word' id='word_1_619' title='bbox 2329 4154 2484 4225; x_wconf 87' lang='lat' dir='ltr'><strong>jubet</strong></span> <span class='ocrx_word' id='word_1_620' title='bbox 2511 4154 2645 4208; x_wconf 90' lang='lat' dir='ltr'><strong>illud</strong></span> <span class='ocrx_word' id='word_1_621' title='bbox 2677 4152 2879 4208; x_wconf 87' lang='lat' dir='ltr'><strong>Geues.</strong></span> <span class='ocrx_word' id='word_1_622' title='bbox 2923 4167 2980 4213; x_wconf 88' lang='lat' dir='ltr'><strong>I,</strong></span> <span class='ocrx_word' id='word_1_623' title='bbox 3025 4149 3094 4204; x_wconf 73' lang='lat'><strong>9.6</strong></span> <span class='ocrx_word' id='word_1_624' title='bbox 3129 4167 3142 4202; x_wconf 91' lang='lat'>:</span> <span class='ocrx_word' id='word_1_625' title='bbox 3181 4167 3201 4200; x_wconf 78' lang='grc' dir='ltr'><strong>ι</strong></span> <span class='ocrx_word' id='word_1_626' title='bbox 3241 4147 3534 4202; x_wconf 84' lang='lat' dir='ltr'><strong>Faciamus</strong></span> 
     </span>
    </p>
   </div>
   <div class='ocr_carea' id='block_1_87' title="bbox 1956 4241 3526 4314">
    <p class='ocr_par' dir='ltr' id='par_1_87' title="bbox 1956 4241 3526 4314">
     <span class='ocr_line' id='line_1_87' title="bbox 1956 4241 3526 4314; baseline -0.011 -12"><span class='ocrx_word' id='word_1_627' title='bbox 1956 4248 2232 4304; x_wconf 87' lang='lat' dir='ltr'><strong>hominem</strong></span> <span class='ocrx_word' id='word_1_628' title='bbox 2261 4246 2328 4300; x_wconf 87' lang='lat' dir='ltr'><strong>ad</strong></span> <span class='ocrx_word' id='word_1_629' title='bbox 2353 4245 2643 4314; x_wconf 85' lang='lat' dir='ltr'><strong>imaginem</strong></span> <span class='ocrx_word' id='word_1_630' title='bbox 2669 4253 2725 4298; x_wconf 93' lang='lat' dir='ltr'><strong>et</strong></span> <span class='ocrx_word' id='word_1_631' title='bbox 2757 4241 3168 4296; x_wconf 87' lang='lat' dir='ltr'><strong>similitudinem</strong></span> <span class='ocrx_word' id='word_1_632' title='bbox 3200 4247 3469 4301; x_wconf 89' lang='lat' dir='ltr'><strong>nostram;</strong></span> <span class='ocrx_word' id='word_1_633' title='bbox 3507 4255 3526 4284; x_wconf 76' lang='grc' dir='ltr'><strong>ι</strong></span> 
     </span>
    </p>
   </div>
   <div class='ocr_carea' id='block_1_88' title="bbox 1957 4330 3532 4400">
    <p class='ocr_par' dir='ltr' id='par_1_88' title="bbox 1957 4330 3532 4400">
     <span class='ocr_line' id='line_1_88' title="bbox 1957 4330 3532 4400; baseline -0.008 -10"><span class='ocrx_word' id='word_1_634' title='bbox 1957 4348 2011 4390; x_wconf 92' lang='lat' dir='ltr'><strong>et</strong></span> <span class='ocrx_word' id='word_1_635' title='bbox 2035 4337 2163 4391; x_wconf 89' lang='lat' dir='ltr'><strong>illud</strong></span> <span class='ocrx_word' id='word_1_636' title='bbox 2187 4336 2384 4390; x_wconf 85' lang='lat' dir='ltr'><strong>Genes.</strong></span> <span class='ocrx_word' id='word_1_637' title='bbox 2409 4351 2488 4400; x_wconf 79' lang='grc' dir='ltr'><strong>ιιι,</strong></span> <span class='ocrx_word' id='word_1_638' title='bbox 2514 4333 2544 4385; x_wconf 84' lang='lat'><strong>7</strong></span> <span class='ocrx_word' id='word_1_639' title='bbox 2566 4354 2579 4388; x_wconf 91' lang='lat'>:</span> <span class='ocrx_word' id='word_1_640' title='bbox 2611 4351 2630 4384; x_wconf 76' lang='grc' dir='ltr'><strong>ι</strong></span> <span class='ocrx_word' id='word_1_641' title='bbox 2665 4333 2875 4394; x_wconf 80' lang='lat' dir='ltr'><strong>Venite,</strong></span> <span class='ocrx_word' id='word_1_642' title='bbox 2900 4330 3310 4388; x_wconf 89' lang='lat' dir='ltr'><strong>descendamus,</strong></span> <span class='ocrx_word' id='word_1_643' title='bbox 3324 4334 3380 4380; x_wconf 90' lang='lat' dir='ltr'><strong>et</strong></span> <span class='ocrx_word' id='word_1_644' title='bbox 3400 4340 3532 4379; x_wconf 90' lang='lat' dir='ltr'><strong>con-</strong></span> 
     </span>
    </p>
   </div>
   <div class='ocr_carea' id='block_1_89' title="bbox 1960 4419 3532 4494">
    <p class='ocr_par' dir='ltr' id='par_1_89' title="bbox 1960 4419 3532 4494">
     <span class='ocr_line' id='line_1_89' title="bbox 1960 4419 3532 4494; baseline -0.008 -11"><span class='ocrx_word' id='word_1_645' title='bbox 1960 4431 2244 4484; x_wconf 74' lang='lat' dir='ltr'><strong>l‘undamus</strong></span> <span class='ocrx_word' id='word_1_646' title='bbox 2278 4429 2347 4482; x_wconf 92' lang='lat' dir='ltr'><strong>ibi</strong></span> <span class='ocrx_word' id='word_1_647' title='bbox 2375 4427 2611 4494; x_wconf 80' lang='lat' dir='ltr'><strong>linguam</strong></span> <span class='ocrx_word' id='word_1_648' title='bbox 2645 4440 2831 4480; x_wconf 88' lang='lat' dir='ltr'><strong>eorum</strong></span> <span class='ocrx_word' id='word_1_649' title='bbox 2862 4443 2877 4489; x_wconf 89' lang='lat'><strong>;</strong></span> <span class='ocrx_word' id='word_1_650' title='bbox 2921 4441 2952 4474; x_wconf 78' lang='grc' dir='ltr'><strong>ι-</strong></span> <span class='ocrx_word' id='word_1_651' title='bbox 2971 4424 3080 4476; x_wconf 90' lang='lat' dir='ltr'><strong>Deo</strong></span> <span class='ocrx_word' id='word_1_652' title='bbox 3104 4433 3298 4488; x_wconf 88' lang='lat' dir='ltr'><strong>nempe</strong></span> <span class='ocrx_word' id='word_1_653' title='bbox 3327 4419 3406 4473; x_wconf 91' lang='lat' dir='ltr'><strong>sic</strong></span> <span class='ocrx_word' id='word_1_654' title='bbox 3435 4433 3532 4472; x_wconf 89' lang='lat' dir='ltr'><strong>an-</strong></span> 
     </span>
    </p>
   </div>
   <div class='ocr_carea' id='block_1_90' title="bbox 281 4500 3551 4594">
    <p class='ocr_par' dir='ltr' id='par_1_90' title="bbox 281 4500 3551 4594">
     <span class='ocr_line' id='line_1_90' title="bbox 281 4500 3551 4594; baseline -0.003 -21"><span class='ocrx_word' id='word_1_655' title='bbox 281 4519 444 4573; x_wconf 89' lang='lat' dir='ltr'><strong>telam</strong></span> <span class='ocrx_word' id='word_1_656' title='bbox 462 4518 722 4587; x_wconf 87' lang='lat' dir='ltr'><strong>assignat.</strong></span> <span class='ocrx_word' id='word_1_657' title='bbox 745 4516 1021 4572; x_wconf 86' lang='lat' dir='ltr'><strong>Neminem</strong></span> <span class='ocrx_word' id='word_1_658' title='bbox 1050 4517 1361 4588; x_wconf 88' lang='lat' dir='ltr'><strong>angelorum</strong></span> <span class='ocrx_word' id='word_1_659' title='bbox 1391 4518 1644 4587; x_wconf 68' lang='lat' dir='ltr'><strong>praesidio</strong></span> <span class='ocrx_word' id='word_1_660' title='bbox 1670 4534 1857 4573; x_wconf 90' lang='lat' dir='ltr'><strong>carere</strong></span> <span class='ocrx_word' id='word_1_661' title='bbox 1885 4500 1934 4560; x_wconf 81' lang='lat' dir='ltr'><strong>D</strong></span> <span class='ocrx_word' id='word_1_662' title='bbox 1960 4522 2106 4594; x_wconf 87' lang='lat' dir='ltr'><strong>gelos</strong></span> <span class='ocrx_word' id='word_1_663' title='bbox 2133 4521 2442 4576; x_wconf 91' lang='lat' dir='ltr'><strong>hominibus</strong></span> <span class='ocrx_word' id='word_1_664' title='bbox 2461 4519 2676 4574; x_wconf 90' lang='lat' dir='ltr'><strong>tuendis</strong></span> <span class='ocrx_word' id='word_1_665' title='bbox 2702 4517 2983 4586; x_wconf 66' lang='lat' dir='ltr'><strong>praefectos</strong></span> <span class='ocrx_word' id='word_1_666' title='bbox 3007 4513 3336 4581; x_wconf 86' lang='lat' dir='ltr'><strong>alloquentc.</strong></span> <span class='ocrx_word' id='word_1_667' title='bbox 3363 4510 3551 4565; x_wconf 66' lang='lat' dir='ltr'><strong>Tomo»</strong></span> 
     </span>
    </p>
   </div>
   <div class='ocr_carea' id='block_1_91' title="bbox 282 4609 1856 4681">
    <p class='ocr_par' dir='ltr' id='par_1_91' title="bbox 282 4609 1856 4681">
     <span class='ocr_line' id='line_1_91' title="bbox 282 4609 1856 4681; baseline 0.002 -19"><span class='ocrx_word' id='word_1_668' title='bbox 282 4610 443 4664; x_wconf 87' lang='lat' dir='ltr'><strong>docet</strong></span> <span class='ocrx_word' id='word_1_669' title='bbox 471 4609 785 4678; x_wconf 90' lang='lat' dir='ltr'><strong>aliquando;</strong></span> <span class='ocrx_word' id='word_1_670' title='bbox 838 4611 969 4665; x_wconf 91' lang='lat' dir='ltr'><strong>solis</strong></span> <span class='ocrx_word' id='word_1_671' title='bbox 1017 4611 1144 4664; x_wconf 89' lang='lat' dir='ltr'><strong>illttd</strong></span> <span class='ocrx_word' id='word_1_672' title='bbox 1189 4610 1479 4681; x_wconf 85' lang='lat' dir='ltr'><strong>aliquando</strong></span> <span class='ocrx_word' id='word_1_673' title='bbox 1531 4609 1856 4667; x_wconf 90' lang='lat' dir='ltr'><strong>Christianis</strong></span> 
     </span>
    </p>
   </div>
   <div class='ocr_carea' id='block_1_92' title="bbox 281 4701 1876 4774">
    <p class='ocr_par' dir='ltr' id='par_1_92' title="bbox 281 4701 1876 4774">
     <span class='ocr_line' id='line_1_92' title="bbox 281 4701 1876 4774; baseline 0 -17"><span class='ocrx_word' id='word_1_674' title='bbox 281 4702 549 4758; x_wconf 87' lang='lat' dir='ltr'><strong>concedit.</strong></span> <span class='ocrx_word' id='word_1_675' title='bbox 571 4701 701 4755; x_wconf 87' lang='lat' dir='ltr'><strong>Tatn</strong></span> <span class='ocrx_word' id='word_1_676' title='bbox 723 4711 1060 4757; x_wconf 85' lang='lat' dir='ltr'><strong>constantem</strong></span> <span class='ocrx_word' id='word_1_677' title='bbox 1094 4718 1472 4773; x_wconf 88' lang='lat' dir='ltr'><strong>nonnunquam</strong></span> <span class='ocrx_word' id='word_1_678' title='bbox 1511 4704 1662 4774; x_wconf 78' lang='lat' dir='ltr'><strong>lingit</strong></span> <span class='ocrx_word' id='word_1_679' title='bbox 1685 4706 1876 4774; x_wconf 88' lang='lat' dir='ltr'><strong>stipa-.</strong></span> 
     </span>
    </p>
   </div>
   <div class='ocr_carea' id='block_1_93' title="bbox 286 4794 1876 4867">
    <p class='ocr_par' dir='ltr' id='par_1_93' title="bbox 286 4794 1876 4867">
     <span class='ocr_line' id='line_1_93' title="bbox 286 4794 1876 4867; baseline 0.001 -19"><span class='ocrx_word' id='word_1_680' title='bbox 286 4795 487 4850; x_wconf 88' lang='lat' dir='ltr'><strong>tionem</strong></span> <span class='ocrx_word' id='word_1_681' title='bbox 515 4794 849 4863; x_wconf 85' lang='lat' dir='ltr'><strong>angelorum,</strong></span> <span class='ocrx_word' id='word_1_682' title='bbox 893 4805 951 4846; x_wconf 91' lang='lat' dir='ltr'><strong>ut</strong></span> <span class='ocrx_word' id='word_1_683' title='bbox 978 4809 1114 4861; x_wconf 90' lang='lat' dir='ltr'><strong>quos</strong></span> <span class='ocrx_word' id='word_1_684' title='bbox 1147 4795 1197 4848; x_wconf 94' lang='lat' dir='ltr'><strong>in</strong></span> <span class='ocrx_word' id='word_1_685' title='bbox 1230 4796 1332 4850; x_wconf 91' lang='lat' dir='ltr'><strong>hoc</strong></span> <span class='ocrx_word' id='word_1_686' title='bbox 1363 4797 1564 4850; x_wconf 91' lang='lat' dir='ltr'><strong>mundo</strong></span> <span class='ocrx_word' id='word_1_687' title='bbox 1595 4797 1876 4867; x_wconf 83' lang='lat' dir='ltr'><strong>regendos</strong></span> 
     </span>
    </p>
   </div>
   <div class='ocr_carea' id='block_1_94' title="bbox 285 4884 1858 4956">
    <p class='ocr_par' dir='ltr' id='par_1_94' title="bbox 285 4884 1858 4956">
     <span class='ocr_line' id='line_1_94' title="bbox 285 4884 1858 4956; baseline 0.001 -16"><span class='ocrx_word' id='word_1_688' title='bbox 285 4884 644 4954; x_wconf 89' lang='lat' dir='ltr'><strong>susceperint,</strong></span> <span class='ocrx_word' id='word_1_689' title='bbox 671 4885 857 4940; x_wconf 91' lang='lat' dir='ltr'><strong>iisdem</strong></span> <span class='ocrx_word' id='word_1_690' title='bbox 896 4885 950 4940; x_wconf 90' lang='lat' dir='ltr'><strong>in</strong></span> <span class='ocrx_word' id='word_1_691' title='bbox 981 4886 1160 4940; x_wconf 82' lang='lat' dir='ltr'><strong>futuro</strong></span> <span class='ocrx_word' id='word_1_692' title='bbox 1199 4902 1430 4956; x_wconf 79' lang='lat' dir='ltr'><strong>przeesse</strong></span> <span class='ocrx_word' id='word_1_693' title='bbox 1461 4889 1682 4942; x_wconf 89' lang='lat' dir='ltr'><strong>minime</strong></span> <span class='ocrx_word' id='word_1_694' title='bbox 1709 4888 1858 4942; x_wconf 87' lang='lat' dir='ltr'><strong>desi-</strong></span> 
     </span>
    </p>
   </div>
   <div class='ocr_carea' id='block_1_95' title="bbox 285 4977 1860 5045">
    <p class='ocr_par' dir='ltr' id='par_1_95' title="bbox 285 4977 1860 5045">
     <span class='ocr_line' id='line_1_95' title="bbox 285 4977 1860 5045; baseline 0.002 -13"><span class='ocrx_word' id='word_1_695' title='bbox 285 4985 418 5032; x_wconf 91' lang='lat' dir='ltr'><strong>naut</strong></span> <span class='ocrx_word' id='word_1_696' title='bbox 451 4989 548 5030; x_wconf 90' lang='lat' dir='ltr'><strong>:at</strong></span> <span class='ocrx_word' id='word_1_697' title='bbox 573 4985 763 5032; x_wconf 89' lang='lat' dir='ltr'><strong>contra</strong></span> <span class='ocrx_word' id='word_1_698' title='bbox 798 4977 1051 5032; x_wconf 91' lang='lat' dir='ltr'><strong>homines</strong></span> <span class='ocrx_word' id='word_1_699' title='bbox 1083 4977 1268 5045; x_wconf 28' lang='lat' dir='ltr'><strong>sibiiin</strong></span> <span class='ocrx_word' id='word_1_700' title='bbox 1296 4979 1599 5034; x_wconf 83' lang='lat' dir='ltr'><strong>custodiam</strong></span> <span class='ocrx_word' id='word_1_701' title='bbox 1631 4981 1860 5036; x_wconf 89' lang='lat' dir='ltr'><strong>traditos</strong></span> 
     </span>
    </p>
   </div>
   <div class='ocr_carea' id='block_1_96' title="bbox 285 5068 1858 5140">
    <p class='ocr_par' dir='ltr' id='par_1_96' title="bbox 285 5068 1858 5140">
     <span class='ocr_line' id='line_1_96' title="bbox 285 5068 1858 5140; baseline 0.001 -16"><span class='ocrx_word' id='word_1_702' title='bbox 285 5070 504 5140; x_wconf 87' lang='lat' dir='ltr'><strong>eripere</strong></span> <span class='ocrx_word' id='word_1_703' title='bbox 551 5068 806 5135; x_wconf 89' lang='lat' dir='ltr'><strong>invicem,</strong></span> <span class='ocrx_word' id='word_1_704' title='bbox 851 5081 906 5124; x_wconf 91' lang='lat' dir='ltr'><strong>et</strong></span> <span class='ocrx_word' id='word_1_705' title='bbox 946 5069 1012 5123; x_wconf 91' lang='lat' dir='ltr'><strong>ad</strong></span> <span class='ocrx_word' id='word_1_706' title='bbox 1047 5085 1107 5124; x_wconf 92' lang='lat' dir='ltr'><strong>se</strong></span> <span class='ocrx_word' id='word_1_707' title='bbox 1138 5071 1438 5124; x_wconf 80' lang='lat' dir='ltr'><strong>transferre</strong></span> <span class='ocrx_word' id='word_1_708' title='bbox 1471 5086 1858 5140; x_wconf 90' lang='lat' dir='ltr'><strong>nonnunquam</strong></span> 
     </span>
    </p>
   </div>
   <div class='ocr_carea' id='block_1_97' title="bbox 287 5161 1860 5232">
    <p class='ocr_par' dir='ltr' id='par_1_97' title="bbox 287 5161 1860 5232">
     <span class='ocr_line' id='line_1_97' title="bbox 287 5161 1860 5232; baseline 0.001 -16"><span class='ocrx_word' id='word_1_709' title='bbox 287 5161 511 5231; x_wconf 87' lang='lat' dir='ltr'><strong>angelos</strong></span> <span class='ocrx_word' id='word_1_710' title='bbox 539 5161 742 5217; x_wconf 92' lang='lat' dir='ltr'><strong>docuit.</strong></span> <span class='ocrx_word' id='word_1_711' title='bbox 771 5161 924 5228; x_wconf 81' lang='lat' dir='ltr'><strong>Quod</strong></span> <span class='ocrx_word' id='word_1_712' title='bbox 964 5163 1008 5216; x_wconf 91' lang='lat' dir='ltr'><strong>si</strong></span> <span class='ocrx_word' id='word_1_713' title='bbox 1041 5173 1185 5218; x_wconf 88' lang='lat' dir='ltr'><strong>recte</strong></span> <span class='ocrx_word' id='word_1_714' title='bbox 1209 5177 1342 5232; x_wconf 78' lang='lat' dir='ltr'><strong>ergo</strong></span> <span class='ocrx_word' id='word_1_715' title='bbox 1370 5173 1424 5218; x_wconf 91' lang='lat' dir='ltr'><strong>et</strong></span> <span class='ocrx_word' id='word_1_716' title='bbox 1457 5179 1520 5218; x_wconf 76' lang='lat' dir='ltr'><strong>ex</strong></span> <span class='ocrx_word' id='word_1_717' title='bbox 1551 5179 1708 5232; x_wconf 73' lang='lat' dir='ltr'><strong>aequo</strong></span> <span class='ocrx_word' id='word_1_718' title='bbox 1737 5180 1860 5220; x_wconf 91' lang='lat' dir='ltr'><strong>cum</strong></span> 
     </span>
    </p>
   </div>
   <div class='ocr_carea' id='block_1_98' title="bbox 286 5253 1858 5326">
    <p class='ocr_par' dir='ltr' id='par_1_98' title="bbox 286 5253 1858 5326">
     <span class='ocr_line' id='line_1_98' title="bbox 286 5253 1858 5326; baseline 0 -18"><span class='ocrx_word' id='word_1_719' title='bbox 286 5253 522 5326; x_wconf 89' lang='lat' dir='ltr'><strong>Origene</strong></span> <span class='ocrx_word' id='word_1_720' title='bbox 548 5270 710 5324; x_wconf 87' lang='lat' dir='ltr'><strong>agere</strong></span> <span class='ocrx_word' id='word_1_721' title='bbox 759 5254 1027 5320; x_wconf 87' lang='lat' dir='ltr'><strong>velimus;</strong></span> <span class='ocrx_word' id='word_1_722' title='bbox 1081 5256 1343 5326; x_wconf 90' lang='lat' dir='ltr'><strong>quidquid</strong></span> <span class='ocrx_word' id='word_1_723' title='bbox 1395 5256 1447 5311; x_wconf 91' lang='lat' dir='ltr'><strong>in</strong></span> <span class='ocrx_word' id='word_1_724' title='bbox 1495 5271 1554 5310; x_wconf 91' lang='lat' dir='ltr'><strong>re</strong></span> <span class='ocrx_word' id='word_1_725' title='bbox 1602 5257 1858 5320; x_wconf 85' lang='lat' dir='ltr'><strong>obscura,</strong></span> 
     </span>
    </p>
   </div>
   <div class='ocr_carea' id='block_1_99' title="bbox 288 5344 1862 5416">
    <p class='ocr_par' dir='ltr' id='par_1_99' title="bbox 288 5344 1862 5416">
     <span class='ocr_line' id='line_1_99' title="bbox 288 5344 1862 5416; baseline 0.003 -18"><span class='ocrx_word' id='word_1_726' title='bbox 288 5361 388 5399; x_wconf 90' lang='lat' dir='ltr'><strong>nec</strong></span> <span class='ocrx_word' id='word_1_727' title='bbox 416 5344 538 5399; x_wconf 91' lang='lat' dir='ltr'><strong>ullis</strong></span> <span class='ocrx_word' id='word_1_728' title='bbox 564 5344 818 5398; x_wconf 69' lang='lat' dir='ltr'><strong>Ecclesia:</strong></span> <span class='ocrx_word' id='word_1_729' title='bbox 861 5347 1231 5401; x_wconf 81' lang='lat' dir='ltr'><strong>sanctionibus</strong></span> <span class='ocrx_word' id='word_1_730' title='bbox 1268 5348 1623 5402; x_wconf 89' lang='lat' dir='ltr'><strong>determinata</strong></span> <span class='ocrx_word' id='word_1_731' title='bbox 1666 5363 1862 5416; x_wconf 88' lang='lat' dir='ltr'><strong>propo-</strong></span> 
     </span>
    </p>
   </div>
   <div class='ocr_carea' id='block_1_100' title="bbox 288 5435 1878 5511">
    <p class='ocr_par' dir='ltr' id='par_1_100' title="bbox 288 5435 1878 5511">
     <span class='ocr_line' id='line_1_100' title="bbox 288 5435 1878 5511; baseline 0.003 -21"><span class='ocrx_word' id='word_1_732' title='bbox 288 5437 428 5504; x_wconf 85' lang='lat' dir='ltr'><strong>suit,</strong></span> <span class='ocrx_word' id='word_1_733' title='bbox 471 5437 620 5490; x_wconf 84' lang='lat' dir='ltr'><strong>velut</strong></span> <span class='ocrx_word' id='word_1_734' title='bbox 664 5437 732 5490; x_wconf 87' lang='lat' dir='ltr'><strong>ab</strong></span> <span class='ocrx_word' id='word_1_735' title='bbox 779 5437 1000 5491; x_wconf 89' lang='lat' dir='ltr'><strong>homine</strong></span> <span class='ocrx_word' id='word_1_736' title='bbox 1033 5477 1049 5500; x_wconf 93' lang='lat'><strong>,</strong></span> <span class='ocrx_word' id='word_1_737' title='bbox 1096 5454 1202 5494; x_wconf 88' lang='lat' dir='ltr'><strong>non</strong></span> <span class='ocrx_word' id='word_1_738' title='bbox 1251 5450 1360 5511; x_wconf 78' lang='lat' dir='ltr'><strong>tam</strong></span> <span class='ocrx_word' id='word_1_739' title='bbox 1399 5451 1608 5495; x_wconf 90' lang='lat' dir='ltr'><strong>certum</strong></span> <span class='ocrx_word' id='word_1_740' title='bbox 1661 5435 1878 5509; x_wconf 83' lang='lat' dir='ltr'><strong>aliquid</strong></span> 
     </span>
    </p>
   </div>
   <div class='ocr_carea' id='block_1_101' title="bbox 287 5528 1864 5601">
    <p class='ocr_par' dir='ltr' id='par_1_101' title="bbox 287 5528 1864 5601">
     <span class='ocr_line' id='line_1_101' title="bbox 287 5528 1864 5601; baseline 0.005 -22"><span class='ocrx_word' id='word_1_741' title='bbox 287 5528 696 5594; x_wconf 87' lang='lat' dir='ltr'><strong>pronuntiante,</strong></span> <span class='ocrx_word' id='word_1_742' title='bbox 733 5543 892 5596; x_wconf 87' lang='lat' dir='ltr'><strong>quam</strong></span> <span class='ocrx_word' id='word_1_743' title='bbox 941 5529 1186 5585; x_wconf 86' lang='lat' dir='ltr'><strong>veritatis</strong></span> <span class='ocrx_word' id='word_1_744' title='bbox 1215 5532 1394 5586; x_wconf 90' lang='lat' dir='ltr'><strong>studio</strong></span> <span class='ocrx_word' id='word_1_745' title='bbox 1423 5533 1628 5587; x_wconf 85' lang='lat' dir='ltr'><strong>incerta</strong></span> <span class='ocrx_word' id='word_1_746' title='bbox 1662 5548 1864 5601; x_wconf 76' lang='lat' dir='ltr'><strong>expen-</strong></span> 
     </span>
    </p>
   </div>
   <div class='ocr_carea' id='block_1_102' title="bbox 287 5616 1863 5693">
    <p class='ocr_par' dir='ltr' id='par_1_102' title="bbox 287 5616 1863 5693">
     <span class='ocr_line' id='line_1_102' title="bbox 287 5616 1863 5693; baseline 0.004 -24"><span class='ocrx_word' id='word_1_747' title='bbox 287 5619 448 5674; x_wconf 89' lang='lat' dir='ltr'><strong>deute</strong></span> <span class='ocrx_word' id='word_1_748' title='bbox 476 5616 775 5692; x_wconf 75' lang='lat' dir='ltr'><strong>profectum</strong></span> <span class='ocrx_word' id='word_1_749' title='bbox 810 5619 1152 5688; x_wconf 86' lang='lat' dir='ltr'><strong>accipiemus.</strong></span> <span class='ocrx_word' id='word_1_750' title='bbox 1190 5619 1508 5693; x_wconf 86' lang='lat' dir='ltr'><strong>Nculiquatu</strong></span> <span class='ocrx_word' id='word_1_751' title='bbox 1548 5638 1675 5678; x_wconf 89' lang='lat' dir='ltr'><strong>vero</strong></span> <span class='ocrx_word' id='word_1_752' title='bbox 1707 5621 1863 5678; x_wconf 83' lang='lat' dir='ltr'><strong>Anti-</strong></span> 
     </span>
    </p>
   </div>
   <div class='ocr_carea' id='block_1_103' title="bbox 362 5795 821 5860">
    <p class='ocr_par' dir='ltr' id='par_1_103' title="bbox 362 5795 821 5860">
     <span class='ocr_line' id='line_1_103' title="bbox 362 5795 821 5860; baseline -0.007 -6"><span class='ocrx_word' id='word_1_753' title='bbox 362 5795 410 5832; x_wconf 76' lang='lat'><strong>&quot;</strong></span> <span class='ocrx_word' id='word_1_754' title='bbox 436 5797 570 5854; x_wconf 88' lang='lat' dir='ltr'><strong>Luc.</strong></span> <span class='ocrx_word' id='word_1_755' title='bbox 609 5811 705 5860; x_wconf 77' lang='lat' dir='ltr'><strong>xu,</strong></span> <span class='ocrx_word' id='word_1_756' title='bbox 735 5798 821 5852; x_wconf 64' lang='lat'><strong>‘20.</strong></span> 
     </span>
    </p>
   </div>
   <div class='ocr_carea' id='block_1_104' title="bbox 1959 4601 3532 4673">
    <p class='ocr_par' dir='ltr' id='par_1_104' title="bbox 1959 4601 3532 4673">
     <span class='ocr_line' id='line_1_104' title="bbox 1959 4601 3532 4673; baseline -0.005 -8"><span class='ocrx_word' id='word_1_757' title='bbox 1959 4629 2087 4669; x_wconf 91' lang='lat' dir='ltr'><strong>vero</strong></span> <span class='ocrx_word' id='word_1_758' title='bbox 2109 4628 2201 4667; x_wconf 66' lang='lat' dir='ltr'><strong>nux</strong></span> <span class='ocrx_word' id='word_1_759' title='bbox 2224 4612 2279 4666; x_wconf 84' lang='lat' dir='ltr'><strong>in</strong></span> <span class='ocrx_word' id='word_1_760' title='bbox 2332 4611 2515 4673; x_wconf 83' lang='lat' dir='ltr'><strong>Joan.,</strong></span> <span class='ocrx_word' id='word_1_761' title='bbox 2547 4623 2698 4662; x_wconf 90' lang='lat' dir='ltr'><strong>num.</strong></span> <span class='ocrx_word' id='word_1_762' title='bbox 2723 4607 2776 4669; x_wconf 69' lang='grc'><strong>4,</strong></span> <span class='ocrx_word' id='word_1_763' title='bbox 2796 4623 2860 4660; x_wconf 82' lang='lat' dir='ltr'><strong>ex</strong></span> <span class='ocrx_word' id='word_1_764' title='bbox 2883 4607 2984 4660; x_wconf 92' lang='lat' dir='ltr'><strong>hoc</strong></span> <span class='ocrx_word' id='word_1_765' title='bbox 3001 4604 3162 4660; x_wconf 58' lang='lat' dir='ltr'><strong>Luca;</strong></span> <span class='ocrx_word' id='word_1_766' title='bbox 3185 4603 3266 4660; x_wconf 63' lang='grc' dir='ltr'><strong>’τε</strong></span> <span class='ocrx_word' id='word_1_767' title='bbox 3296 4623 3315 4656; x_wconf 81' lang='grc' dir='ltr'><strong>ι</strong></span> <span class='ocrx_word' id='word_1_768' title='bbox 3335 4601 3532 4666; x_wconf 85' lang='lat' dir='ltr'><strong>Stulte,</strong></span> 
     </span>
    </p>
   </div>
   <div class='ocr_carea' id='block_1_105' title="bbox 1961 4695 3530 4764">
    <p class='ocr_par' dir='ltr' id='par_1_105' title="bbox 1961 4695 3530 4764">
     <span class='ocr_line' id='line_1_105' title="bbox 1961 4695 3530 4764; baseline -0.009 -4"><span class='ocrx_word' id='word_1_769' title='bbox 1961 4707 2063 4760; x_wconf 90' lang='lat' dir='ltr'><strong>hac</strong></span> <span class='ocrx_word' id='word_1_770' title='bbox 2089 4711 2252 4758; x_wconf 87' lang='lat' dir='ltr'><strong>&#39;nocte</strong></span> <span class='ocrx_word' id='word_1_771' title='bbox 2281 4703 2515 4756; x_wconf 90' lang='lat' dir='ltr'><strong>animam</strong></span> <span class='ocrx_word' id='word_1_772' title='bbox 2559 4711 2708 4752; x_wconf 81' lang='lat' dir='ltr'><strong>tuam</strong></span> <span class='ocrx_word' id='word_1_773' title='bbox 2745 4706 2994 4764; x_wconf 90' lang='lat' dir='ltr'><strong>repetunt</strong></span> <span class='ocrx_word' id='word_1_774' title='bbox 3019 4712 3048 4750; x_wconf 90' lang='lat' dir='ltr'><strong>a</strong></span> <span class='ocrx_word' id='word_1_775' title='bbox 3087 4708 3161 4760; x_wconf 87' lang='lat' dir='ltr'><strong>te,</strong></span> <span class='ocrx_word' id='word_1_776' title='bbox 3197 4716 3216 4748; x_wconf 75' lang='grc' dir='ltr'><strong>ι</strong></span> <span class='ocrx_word' id='word_1_777' title='bbox 3252 4695 3530 4755; x_wconf 89' lang='lat' dir='ltr'><strong>hominum</strong></span> 
     </span>
    </p>
   </div>
   <div class='ocr_carea' id='block_1_106' title="bbox 1960 4786 3533 4860">
    <p class='ocr_par' dir='ltr' id='par_1_106' title="bbox 1960 4786 3533 4860">
     <span class='ocr_line' id='line_1_106' title="bbox 1960 4786 3533 4860; baseline -0.008 -9"><span class='ocrx_word' id='word_1_778' title='bbox 1960 4796 2199 4851; x_wconf 88' lang='lat' dir='ltr'><strong>omnium</strong></span> <span class='ocrx_word' id='word_1_779' title='bbox 2235 4793 2443 4847; x_wconf 85' lang='lat' dir='ltr'><strong>animas</strong></span> <span class='ocrx_word' id='word_1_780' title='bbox 2467 4809 2494 4843; x_wconf 86' lang='lat' dir='ltr'><strong>a</strong></span> <span class='ocrx_word' id='word_1_781' title='bbox 2519 4791 2868 4860; x_wconf 66' lang='grc' dir='ltr'><strong>ψυχαγωγοῖς</strong></span> <span class='ocrx_word' id='word_1_782' title='bbox 2905 4789 3247 4857; x_wconf 79' lang='lat' dir='ltr'><strong>quibusdam,</strong></span> <span class='ocrx_word' id='word_1_783' title='bbox 3289 4788 3380 4856; x_wconf 88' lang='lat' dir='ltr'><strong>qtti</strong></span> <span class='ocrx_word' id='word_1_784' title='bbox 3413 4786 3533 4839; x_wconf 84' lang='lat' dir='ltr'><strong>ani-</strong></span> 
     </span>
    </p>
   </div>
   <div class='ocr_carea' id='block_1_107' title="bbox 1961 4881 3534 4956">
    <p class='ocr_par' dir='ltr' id='par_1_107' title="bbox 1961 4881 3534 4956">
     <span class='ocr_line' id='line_1_107' title="bbox 1961 4881 3534 4956; baseline -0.005 -15"><span class='ocrx_word' id='word_1_785' title='bbox 1961 4888 2066 4941; x_wconf 90' lang='lat' dir='ltr'><strong>mis</strong></span> <span class='ocrx_word' id='word_1_786' title='bbox 2092 4887 2224 4956; x_wconf 87' lang='lat' dir='ltr'><strong>ipsis</strong></span> <span class='ocrx_word' id='word_1_787' title='bbox 2263 4883 2670 4954; x_wconf 70' lang='lat' dir='ltr'><strong>przestantiores</strong></span> <span class='ocrx_word' id='word_1_788' title='bbox 2697 4894 2860 4945; x_wconf 89' lang='lat' dir='ltr'><strong>sunt,</strong></span> <span class='ocrx_word' id='word_1_789' title='bbox 2896 4883 3102 4936; x_wconf 90' lang='lat' dir='ltr'><strong>assumi</strong></span> <span class='ocrx_word' id='word_1_790' title='bbox 3148 4881 3336 4941; x_wconf 86' lang='lat' dir='ltr'><strong>tradit,</strong></span> <span class='ocrx_word' id='word_1_791' title='bbox 3370 4888 3534 4946; x_wconf 83' lang='lat' dir='ltr'><strong>atque</strong></span> 
     </span>
    </p>
   </div>
   <div class='ocr_carea' id='block_1_108' title="bbox 1962 4969 3531 5047">
    <p class='ocr_par' dir='ltr' id='par_1_108' title="bbox 1962 4969 3531 5047">
     <span class='ocr_line' id='line_1_108' title="bbox 1962 4969 3531 5047; baseline -0.007 -14"><span class='ocrx_word' id='word_1_792' title='bbox 1962 4977 2122 5046; x_wconf 92' lang='lat' dir='ltr'><strong>hujus</strong></span> <span class='ocrx_word' id='word_1_793' title='bbox 2149 4975 2502 5047; x_wconf 78' lang='grc' dir='ltr'><strong>ψυχαγωγίας</strong></span> <span class='ocrx_word' id='word_1_794' title='bbox 2535 4973 2828 5026; x_wconf 89' lang='lat' dir='ltr'><strong>immunem</strong></span> <span class='ocrx_word' id='word_1_795' title='bbox 2866 4971 3032 5026; x_wconf 81' lang='lat' dir='ltr'><strong>fuisse</strong></span> <span class='ocrx_word' id='word_1_796' title='bbox 3053 4971 3228 5026; x_wconf 90' lang='lat' dir='ltr'><strong>solum</strong></span> <span class='ocrx_word' id='word_1_797' title='bbox 3258 4969 3531 5024; x_wconf 84' lang='lat' dir='ltr'><strong>Christum</strong></span> 
     </span>
    </p>
   </div>
   <div class='ocr_carea' id='block_1_109' title="bbox 1959 5060 3534 5135">
    <p class='ocr_par' dir='ltr' id='par_1_109' title="bbox 1959 5060 3534 5135">
     <span class='ocr_line' id='line_1_109' title="bbox 1959 5060 3534 5135; baseline -0.008 -9"><span class='ocrx_word' id='word_1_798' title='bbox 1959 5068 2165 5134; x_wconf 71' lang='lat' dir='ltr'><strong>Iesum,</strong></span> <span class='ocrx_word' id='word_1_799' title='bbox 2187 5069 2272 5123; x_wconf 92' lang='lat' dir='ltr'><strong>cui</strong></span> <span class='ocrx_word' id='word_1_800' title='bbox 2312 5065 2712 5135; x_wconf 83' lang='lat' dir='ltr'><strong>reliquiomnes</strong></span> <span class='ocrx_word' id='word_1_801' title='bbox 2732 5062 2896 5117; x_wconf 89' lang='lat' dir='ltr'><strong>etiam</strong></span> <span class='ocrx_word' id='word_1_802' title='bbox 2924 5061 3272 5131; x_wconf 71' lang='lat' dir='ltr'><strong>patriarchae,</strong></span> <span class='ocrx_word' id='word_1_803' title='bbox 3301 5060 3534 5128; x_wconf 83' lang='lat' dir='ltr'><strong>prophe-</strong></span> 
     </span>
    </p>
   </div>
   <div class='ocr_carea' id='block_1_110' title="bbox 1962 5153 3531 5231">
    <p class='ocr_par' dir='ltr' id='par_1_110' title="bbox 1962 5153 3531 5231">
     <span class='ocr_line' id='line_1_110' title="bbox 1962 5153 3531 5231; baseline -0.005 -16"><span class='ocrx_word' id='word_1_804' title='bbox 1962 5172 2030 5218; x_wconf 69' lang='lat' dir='ltr'><strong>ta:</strong></span> <span class='ocrx_word' id='word_1_805' title='bbox 2064 5174 2120 5216; x_wconf 90' lang='lat' dir='ltr'><strong>et</strong></span> <span class='ocrx_word' id='word_1_806' title='bbox 2143 5159 2370 5231; x_wconf 90' lang='lat' dir='ltr'><strong>apostoli</strong></span> <span class='ocrx_word' id='word_1_807' title='bbox 2400 5159 2554 5212; x_wconf 85' lang='lat' dir='ltr'><strong>fuere</strong></span> <span class='ocrx_word' id='word_1_808' title='bbox 2596 5156 2839 5210; x_wconf 78' lang='lat' dir='ltr'><strong>obnoxii.</strong></span> <span class='ocrx_word' id='word_1_809' title='bbox 2872 5157 3191 5221; x_wconf 80' lang='lat' dir='ltr'><strong>Assumptus</strong></span> <span class='ocrx_word' id='word_1_810' title='bbox 3229 5161 3409 5206; x_wconf 89' lang='lat' dir='ltr'><strong>autem</strong></span> <span class='ocrx_word' id='word_1_811' title='bbox 3461 5153 3531 5208; x_wconf 81' lang='lat' dir='ltr'><strong>ab</strong></span> 
     </span>
    </p>
   </div>
   <div class='ocr_carea' id='block_1_111' title="bbox 1962 5248 3532 5325">
    <p class='ocr_par' dir='ltr' id='par_1_111' title="bbox 1962 5248 3532 5325">
     <span class='ocr_line' id='line_1_111' title="bbox 1962 5248 3532 5325; baseline -0.009 -15"><span class='ocrx_word' id='word_1_812' title='bbox 1962 5253 2171 5325; x_wconf 81' lang='lat' dir='ltr'><strong>angelis</strong></span> <span class='ocrx_word' id='word_1_813' title='bbox 2197 5251 2458 5308; x_wconf 73' lang='lat' dir='ltr'><strong>custodia:</strong></span> <span class='ocrx_word' id='word_1_814' title='bbox 2490 5249 2724 5311; x_wconf 87' lang='lat' dir='ltr'><strong>illarum,</strong></span> <span class='ocrx_word' id='word_1_815' title='bbox 2770 5249 2897 5300; x_wconf 90' lang='lat' dir='ltr'><strong>dum</strong></span> <span class='ocrx_word' id='word_1_816' title='bbox 2957 5248 3008 5299; x_wconf 94' lang='lat' dir='ltr'><strong>in</strong></span> <span class='ocrx_word' id='word_1_817' title='bbox 3038 5259 3267 5314; x_wconf 88' lang='lat' dir='ltr'><strong>corpore</strong></span> <span class='ocrx_word' id='word_1_818' title='bbox 3299 5252 3486 5299; x_wconf 76' lang='lat' dir='ltr'><strong>essent</strong></span> <span class='ocrx_word' id='word_1_819' title='bbox 3517 5283 3532 5308; x_wconf 92' lang='lat'><strong>,</strong></span> 
     </span>
    </p>
   </div>
   <div class='ocr_carea' id='block_1_112' title="bbox 1967 5337 3533 5416">
    <p class='ocr_par' dir='ltr' id='par_1_112' title="bbox 1967 5337 3533 5416">
     <span class='ocr_line' id='line_1_112' title="bbox 1967 5337 3533 5416; baseline -0.009 -14"><span class='ocrx_word' id='word_1_820' title='bbox 1967 5346 2234 5416; x_wconf 87' lang='lat' dir='ltr'><strong>deputatis</strong></span> <span class='ocrx_word' id='word_1_821' title='bbox 2258 5344 2492 5410; x_wconf 89' lang='lat' dir='ltr'><strong>animas,</strong></span> <span class='ocrx_word' id='word_1_822' title='bbox 2514 5342 2566 5397; x_wconf 90' lang='lat' dir='ltr'><strong>in</strong></span> <span class='ocrx_word' id='word_1_823' title='bbox 2593 5340 2852 5409; x_wconf 89' lang='lat' dir='ltr'><strong>judicium</strong></span> <span class='ocrx_word' id='word_1_824' title='bbox 2887 5338 2955 5392; x_wconf 89' lang='lat' dir='ltr'><strong>ab</strong></span> <span class='ocrx_word' id='word_1_825' title='bbox 2987 5337 3091 5392; x_wconf 89' lang='lat' dir='ltr'><strong>illis</strong></span> <span class='ocrx_word' id='word_1_826' title='bbox 3121 5337 3252 5404; x_wconf 87' lang='lat' dir='ltr'><strong>ipsis</strong></span> <span class='ocrx_word' id='word_1_827' title='bbox 3281 5338 3533 5392; x_wconf 83' lang='lat' dir='ltr'><strong>eductum</strong></span> 
     </span>
    </p>
   </div>
   <div class='ocr_carea' id='block_1_113' title="bbox 1967 5429 3529 5496">
    <p class='ocr_par' dir='ltr' id='par_1_113' title="bbox 1967 5429 3529 5496">
     <span class='ocr_line' id='line_1_113' title="bbox 1967 5429 3529 5496; baseline -0.012 0"><span class='ocrx_word' id='word_1_828' title='bbox 1967 5441 2034 5496; x_wconf 88' lang='lat' dir='ltr'><strong>iri</strong></span> <span class='ocrx_word' id='word_1_829' title='bbox 2070 5438 2263 5494; x_wconf 81' lang='lat' dir='ltr'><strong>scribit</strong></span> <span class='ocrx_word' id='word_1_830' title='bbox 2290 5437 2476 5492; x_wconf 88' lang='lat' dir='ltr'><strong>homil.</strong></span> <span class='ocrx_word' id='word_1_831' title='bbox 2505 5435 2562 5489; x_wconf 79' lang='lat' dir='ltr'><strong>in</strong></span> <span class='ocrx_word' id='word_1_832' title='bbox 2594 5433 2760 5487; x_wconf 84' lang='lat' dir='ltr'><strong>Num.</strong></span> <span class='ocrx_word' id='word_1_833' title='bbox 2797 5432 2884 5494; x_wconf 82' lang='lat' dir='ltr'><strong>Il,</strong></span> <span class='ocrx_word' id='word_1_834' title='bbox 2908 5447 3058 5485; x_wconf 86' lang='lat' dir='ltr'><strong>num.</strong></span> <span class='ocrx_word' id='word_1_835' title='bbox 3085 5429 3140 5493; x_wconf 65' lang='grc'><strong>4,</strong></span> <span class='ocrx_word' id='word_1_836' title='bbox 3171 5439 3226 5483; x_wconf 89' lang='lat' dir='ltr'><strong>et</strong></span> <span class='ocrx_word' id='word_1_837' title='bbox 3255 5429 3346 5492; x_wconf 70' lang='lat'><strong>20,</strong></span> <span class='ocrx_word' id='word_1_838' title='bbox 3379 5442 3529 5480; x_wconf 91' lang='lat' dir='ltr'><strong>num.</strong></span> 
     </span>
    </p>
   </div>
   <div class='ocr_carea' id='block_1_114' title="bbox 1969 5517 3534 5597">
    <p class='ocr_par' dir='ltr' id='par_1_114' title="bbox 1969 5517 3534 5597">
     <span class='ocr_line' id='line_1_114' title="bbox 1969 5517 3534 5597; baseline -0.01 -11"><span class='ocrx_word' id='word_1_839' title='bbox 1969 5533 2023 5586; x_wconf 74' lang='grc'>4.</span> <span class='ocrx_word' id='word_1_840' title='bbox 2059 5528 2170 5585; x_wconf 83' lang='lat' dir='ltr'><strong>Nec</strong></span> <span class='ocrx_word' id='word_1_841' title='bbox 2203 5529 2257 5583; x_wconf 92' lang='lat' dir='ltr'><strong>in</strong></span> <span class='ocrx_word' id='word_1_842' title='bbox 2285 5527 2550 5597; x_wconf 80' lang='lat' dir='ltr'><strong>judicium</strong></span> <span class='ocrx_word' id='word_1_843' title='bbox 2595 5526 2789 5584; x_wconf 86' lang='lat' dir='ltr'><strong>solum,</strong></span> <span class='ocrx_word' id='word_1_844' title='bbox 2823 5523 2915 5575; x_wconf 87' lang='lat' dir='ltr'><strong>sed</strong></span> <span class='ocrx_word' id='word_1_845' title='bbox 2959 5521 3016 5573; x_wconf 86' lang='lat' dir='ltr'><strong>in</strong></span> <span class='ocrx_word' id='word_1_846' title='bbox 3041 5520 3318 5589; x_wconf 86' lang='lat' dir='ltr'><strong>suppliciis</strong></span> <span class='ocrx_word' id='word_1_847' title='bbox 3347 5517 3534 5582; x_wconf 88' lang='lat' dir='ltr'><strong>etiam,</strong></span> 
     </span>
    </p>
   </div>
   <div class='ocr_carea' id='block_1_115' title="bbox 1970 5610 3538 5693">
    <p class='ocr_par' dir='ltr' id='par_1_115' title="bbox 1970 5610 3538 5693">
     <span class='ocr_line' id='line_1_115' title="bbox 1970 5610 3538 5693; baseline -0.011 -15"><span class='ocrx_word' id='word_1_848' title='bbox 1970 5621 2262 5693; x_wconf 73' lang='lat' dir='ltr'><strong>vel-gloria:</strong></span> <span class='ocrx_word' id='word_1_849' title='bbox 2295 5619 2620 5690; x_wconf 82' lang='lat' dir='ltr'><strong>destinatum</strong></span> <span class='ocrx_word' id='word_1_850' title='bbox 2675 5615 2870 5670; x_wconf 88' lang='lat' dir='ltr'><strong>locum.</strong></span> <span class='ocrx_word' id='word_1_851' title='bbox 2903 5630 2920 5664; x_wconf 80' lang='grc' dir='ltr'><strong>ι</strong></span> <span class='ocrx_word' id='word_1_852' title='bbox 2965 5613 3208 5668; x_wconf 85' lang='lat' dir='ltr'><strong>Mortuus</strong></span> <span class='ocrx_word' id='word_1_853' title='bbox 3236 5621 3343 5677; x_wconf 86' lang='lat' dir='ltr'><strong>est,</strong></span> <span class='ocrx_word' id='word_1_854' title='bbox 3385 5629 3403 5663; x_wconf 73' lang='grc' dir='ltr'><strong>ι</strong></span> <span class='ocrx_word' id='word_1_855' title='bbox 3445 5610 3538 5665; x_wconf 86' lang='lat' dir='ltr'><strong>in-.</strong></span> 
     </span>
    </p>
   </div>
  </div>
