4054 6310
507 330 612 386 887

1785 316 1850 369 Ρ.
1896 305 2217 366 DANIELIS
2248 298 2485 363 HUETU

3665 292 3774 348 888

510 444 628 513 quit
656 442 844 496 homil.
881 440 915 496 9
936 442 991 493 in
1025 438 1213 503 Leeit.,
1244 450 1391 491 num.
1416 435 1471 500 4,
1505 455 1523 485 ι
1564 433 1806 488 Lazarus
1835 444 1891 488 et
1914 431 2087 489 abdu-
2119 432 2165 487 Δ
2197 434 2375 479 tamen
2409 434 2520 477 tam
2554 436 2658 476 non
2677 432 2772 476 eos
2798 419 3029 475 dicimus
3078 424 3360 472 creatores
3405 410 3723 468 animalium
3751 450 3771 477 ,

513 548 634 591 ctus
656 546 740 589 est
768 534 836 588 ab
862 532 1069 602 angelis
1095 531 1147 583 in
1182 529 1360 584 sinum
1409 527 1664 582 Abrahae.
1702 525 1961 580 Similiter
1989 539 2087 577 au-

512 642 621 683 tem
659 638 715 683 et
735 628 904 693 dives,
935 635 991 678 et
1018 624 1287 677 abductus
1316 628 1399 673 est
1429 620 1494 674 ad
1529 620 1798 675 infemum
1826 619 1879 671 in
1910 617 2089 671 locum

511 718 763 775 tormenti
781 717 844 771 “'.
864 712 1263 769 Animadvertis
1278 711 1557 766 evidenter
1573 710 1687 765 loca
1713 711 1875 765 sortis
1892 708 2091 763 utrius-

512 826 618 879 que
664 809 943 863 distincta.
969 806 1103 859 Vide
1142 804 1304 859 etiam
1349 805 1438 873 qui
1470 812 1600 859 sunt
1641 802 1732 872 qui
1780 802 2087 857 abducunt:

513 903 706 973 angeli,
744 901 938 970 inquit,
974 899 1065 967 qui
1088 912 1305 966 semper
1335 899 1505 968 parati
1536 906 1662 952 sunt
1695 896 1760 949 ad
1819 896 2092 949 abducen-

512 996 637 1046 dum
669 1010 684 1045 :
718 989 956 1043 ministri
983 988 1131 1043 enim
1180 987 1274 1041 Dei
1309 997 1437 1041 sunt
1464 994 1530 1041 ad
1584 987 1687 1040 hoc
1717 985 1890 1055 ipsum
1926 983 2093 1038 desti-

511 1082 641 1144 nati,
676 1081 766 1149 qui
798 1078 1055 1148 impleant
1082 1089 1281 1135 sortem
1309 1094 1473 1147 quam
1506 1077 1601 1131 tibi
1623 1079 1735 1144 ipse
1755 1075 2087 1145 paraveris.»

512 1172 708 1227 Homil.
739 1172 773 1227 5
811 1172 865 1225 in
897 1170 1089 1235 Num.,
1134 1187 1284 1228 num.
1315 1171 1371 1235 5,
1400 1179 1622 1225 sanctos
1644 1173 1712 1224 ab
1732 1168 1940 1239 angelis
1971 1176 2093 1239 post

512 1275 744 1320 mortem
774 1264 1029 1319 manibus
1069 1273 1126 1319 et
1150 1263 1393 1318 humeris
1425 1263 1549 1317 vehi
1592 1262 1951 1327 demonstrat,
1993 1260 2092 1315 do-

515 1368 615 1411 nec
646 1354 697 1408 in
729 1354 932 1423 quietis
953 1354 1131 1410 locum
1162 1353 1379 1410 deducti
1424 1354 1554 1408 sint.
1588 1352 1742 1419 Quod
1795 1352 2088 1423 signiﬁcari

512 1447 591 1501 ait
623 1446 716 1503 illo
749 1446 968 1502 Davidis
995 1446 1189 1516 psalm.
1224 1461 1311 1511 xc,
1346 1445 1435 1511 ll,
1470 1446 1539 1499 12
1570 1464 1584 1499 :
1622 1463 1642 1497 ι
1671 1444 1937 1511 Quoniam
2000 1460 2093 1497 an-

508 1539 645 1607 gelis
675 1542 788 1595 suis
812 1540 1092 1595 mandavit
1111 1539 1179 1595 de
1204 1547 1277 1604 te,
1320 1550 1379 1595 ut
1405 1538 1719 1594 custodiant
1751 1548 1802 1595 te
1829 1539 1882 1593 in
1913 1538 2091 1594 omni-

509 1633 611 1687 bus
642 1633 747 1688 viis
781 1634 907 1689 luis.
955 1632 1012 1687 In
1063 1632 1315 1690 manibus
1359 1632 1657 1703 portabunt
1723 1642 1796 1695 te,
1850 1647 1918 1687 ne
1949 1630 2090 1687 forte

500 1723 753 1779 oﬂ'endas
802 1727 868 1778 ad
920 1725 1150 1795 lapidem
1182 1726 1375 1797 pedem
1408 1735 1581 1782 tuum.
1621 1744 1640 1777 ι
1691 1723 1770 1780 Ex
1814 1738 1882 1779 eo
1905 1732 2085 1778 autem

2195 533 2357 588 quam
2394 531 2495 571 nec
2528 513 2795 584 agricolas
2823 510 3043 582 frugum
3072 519 3237 579 atque
3261 508 3539 562 arborum.
3581 522 3602 557 ι

2266 608 2342 660 Illi
2379 608 2596 677 quidem
2623 605 2849 675 Origeni
2882 618 2949 658 ex
2974 601 3212 657 ethnicis
3251 598 3658 669 pra-luserunt:
3704 610 3771 650 ex

2194 700 2524 758 Christianis
2557 714 2689 753 vero
2742 695 2986 767 praelusit
3038 693 3289 748 Clemens
3347 686 3773 751 Alexandrinus,

2193 798 2283 867 qui
2308 797 2545 850 animam
2579 793 2632 846 in
2666 790 2992 845 muliebrem
3030 796 3244 839 uterum
3276 781 3492 835 immitti
3514 777 3647 833 dicit
3671 777 3776 831 ὑπό

2192 905 2335 952 τινος
2363 886 2473 941 τῶν
2506 888 2574 957 τῇ
2602 882 2812 953 γενέσει
2837 876 3156 948 ἐφεστώτων
3181 874 3448 944 ἀγγέλων,
3473 883 3525 927 et
3553 872 3775 940 angelos

2196 978 2513 1049 ἐφεστῶτας
2535 978 2602 1047 τῇ
2630 973 2805 1044 ἀνόδῳ
2830 977 3245 1027 commemorat.
3274 966 3341 1020 Et
3362 980 3491 1019 vero
3509 962 3780 1033 pomerior

2195 1075 2283 1128 illa
2312 1074 2378 1126 de
2413 1070 2731 1140 angelorum
2767 1068 3035 1120 humanas
3096 1062 3306 1115 animus
3345 1060 3400 1113 itt
3442 1072 3569 1112 suas
3619 1056 3780 1111 sedes

2196 1165 2582 1236 reponentium
2615 1159 2923 1216 ministerio
2946 1153 3218 1211 sententia
3270 1150 3525 1206 Ecclesiae
3584 1150 3778 1203 catho-

2198 1260 2314 1315 licze
2350 1257 2563 1329 placitis
2585 1268 2830 1310 consona
2851 1260 2956 1307 est.
2994 1249 3238 1305 Priorem
3262 1255 3467 1308 autem,
3499 1257 3622 1312 quae
3650 1242 3779 1294 ani-

2199 1364 2410 1405 marum
2465 1346 2692 1401 sationis
2743 1360 2929 1400 curam
2989 1340 3198 1411 angelis
3247 1337 3516 1403 ascribit,
3547 1347 3782 1405 qmeque

2201 1441 2332 1496 tomi
2370 1456 2469 1494 xm
2504 1441 2558 1491 in
2587 1436 2752 1490 Joan.
2791 1436 2911 1489 loco
2951 1448 2982 1486 a
3020 1433 3175 1487 nobis
3200 1443 3365 1497 supra
3408 1429 3571 1481 allato
3600 1430 3776 1481 couti-

2192 1543 2375 1595 netur,
2410 1533 2491 1587 sic
2516 1533 2632 1601 ipse
2654 1528 2917 1600 Origenes
2934 1535 3159 1582 excusat
3183 1544 3195 1578 :
3228 1522 3415 1578 Ταῦτα
3434 1521 3492 1575 δὲ
3517 1520 3618 1573 οὐκ
3641 1520 3771 1572 ἀπο-

2197 1624 2516 1696 φαινόμενοι
2567 1622 2797 1692 λέγομεν
2824 1663 2839 1686 ,
2873 1618 3077 1690 πολλῆς
3124 1616 3232 1688 γάρ
3262 1614 3496 1685 βασάνου
3527 1612 3600 1665 τὰ
3620 1611 3778 1683 τηλι-

2207 1714 2387 1769 καῦτα
2437 1712 2659 1785 χρῄζει,
2709 1709 2996 1782 ἴνέὑρεθῇ
3059 1709 3286 1779 πότερον
3322 1704 3495 1768 οὕτως
3545 1703 3699 1774 ἔχει,
3741 1700 3778 1771 ἢ

514 1816 685 1880 Pauli,
721 1816 739 1870 l
772 1788 1022 1872 Thessa-l.
1049 1833 1123 1880 tv,
1166 1788 1270 1871 1'6:
1307 1835 1325 1868 ι
1364 1818 1564 1872 Deinde
1594 1832 1691 1871 nos
1717 1816 1809 1885 qui
1836 1816 2090 1879 vivimus,
2125 1788 2167 1843 Β
2199 1807 2421 1879 ἑτέρως·

512 1907 603 1973 qui
639 1905 1018 1976 relinquimur,
1050 1908 1209 1962 simul
1251 1907 1527 1977 rapietnur
1550 1922 1672 1962 cum
1705 1906 1814 1961 illis
1849 1906 1903 1961 in
1936 1906 2095 1960 nubi-

512 2000 613 2053 bus
644 1998 857 2054 obviam
884 1998 1114 2054 Domino
1143 1998 1193 2052 in
1212 2014 1366 2062 aera,
1405 2009 1460 2053 et
1487 1999 1567 2053 sic
1593 2013 1810 2068 semper
1835 2013 1958 2052 cum
1992 1997 2095 2051 Do-

515 2088 665 2141 mino
695 2090 918 2153 erimus,
955 2106 974 2143 ι
1019 2088 1215 2157 probat
1263 2095 1477 2158 raptum
1538 2088 1605 2142 iri
1656 2089 1725 2143 ab
1758 2088 1967 2160 angelis
1998 2102 2094 2144 eos

514 2179 606 2247 qui
639 2179 787 2234 vitiis
817 2178 1031 2249 purgati
1055 2179 1291 2233 leviores
1307 2187 1637 2244 evaserunt;
1664 2188 1934 2247 portatum
1963 2160 2093 2233 vero

515 2270 584 2325 iri
628 2271 886 2341 reliquos,
917 2272 1011 2341 qui
1063 2280 1416 2340 peccatorum
1454 2270 1702 2341 reliquiis
1729 2280 1858 2326 sunt
1886 2273 2090 2327 onusti.
2132 2282 2135 2285 ‘

514 2365 579 2418 Et
614 2363 837 2419 homilia
877 2366 1095 2420 demum
1123 2365 1181 2419 ll
1244 2365 1297 2419 in
1331 2363 1522 2428 Num.,
1548 2380 1698 2419 num.
1729 2364 1787 2428 4,
1814 2379 1937 2434 pag.
1962 2362 2091 2429 308,

508 2454 624 2519 jam
660 2468 826 2524 supra
853 2454 1090 2519 laudata,
1110 2455 1330 2525 angelos
1350 2466 1470 2524 post
1507 2454 1647 2509 hanc
1671 2456 1841 2510 vitam
1876 2454 2092 2510 futuros

515 2559 701 2597 eorum
733 2545 1007 2614 principes
1030 2544 1301 2607 decernit,
1337 2546 1535 2614 quibus
1589 2548 1715 2600 dum
1750 2547 1801 2599 in
1836 2546 1974 2600 vivis
2000 2561 2092 2601 es-

514 2645 655 2697 sent,
685 2634 799 2702 jatn
830 2645 956 2688 ante
984 2636 1334 2705 praefuerant,
1388 2652 1638 2707 quosque
1669 2638 1849 2692 studio
1902 2652 2003 2693 suo
2028 2652 2093 2691 ac

516 2728 698 2783 labore
721 2728 790 2782 ad
819 2727 1096 2783 Christum
1132 2739 1535 2784 converterant.

588 2904 668 2958 Ex
693 2903 938 2960 Platonis
969 2915 1147 2960 autem
1181 2906 1421 2961 fontibus
1450 2922 1513 2961 ea
1559 2906 1672 2961 fere
1714 2910 1909 2963 hausta
1942 2918 2087 2964 sunt.

517 2994 609 3049 Sic
641 2995 785 3048 enim
829 2995 914 3049 ille
966 2996 1017 3049 in
1052 2996 1317 3051 Phwdone
1342 3014 1360 3051 :
1400 2998 1631 3066 Λέγεται
1673 2999 1732 3053 δὲ
1766 2999 1974 3066 οὕτως,
2016 3002 2092 3066 ὡς

512 3086 621 3155 ἄρα
643 3084 1042 3156 τελευτήσαντα
1074 3086 1303 3140 ’ἑκαστον
1334 3090 1363 3140 ὁ
1393 3089 1625 3142 ἑκάστου
1654 3089 1884 3160 δαίμων,
1919 3091 2091 3163 ὅσπερ

516 3179 695 3242 ζῶντα
720 3178 948 3249 εἰλήχει,
982 3173 1136 3242 οὗτος
1168 3180 1322 3246 ἄγειν
1354 3181 1623 3252 ὲπιχείροι
1654 3185 1734 3246 εἰς
1768 3184 1833 3255 δή
1870 3201 1991 3237 τινα
2008 3184 2094 3237 τό-

513 3287 637 3334 πον,
666 3267 722 3353 οἵ
735 3271 815 3324 δεῖ
839 3272 964 3335 τοὺς
984 3272 1339 3341 συλλεγέντας
1359 3274 1844 3347 διαδικασαμὲνους
1868 3281 1947 3342 εἰς
1964 3278 2091 3350 ᾅδου

513 3362 875 3433 πορεύεσθαι,
923 3362 1062 3433 μετά
1114 3364 1379 3435 ἡγεμόνος
1434 3366 1666 3431 ἐκείνου,
1766 3369 1830 3440 δὴ
1866 3371 2095 3441 προστέ-

512 3471 709 3507 τακται
755 3456 880 3520 τοὺς
912 3455 1122 3509 ἐνθένδε
1155 3458 1333 3509 ἐκεῖσε
1362 3458 1646 3529 πορεῦσαι.
1706 3480 1723 3511 ι
1770 3460 1863 3516 Sic
1911 3474 2092 3519 autem

516 3544 690 3597 fertur
715 3556 986 3599 mortuum
1012 3562 1479 3617 unumquemque,
1497 3550 1797 3606 daemonem
1822 3553 1972 3608 illum
2001 3557 2092 3624 qui

516 3635 789 3690 viventem
816 3638 1042 3693 sortitus
1072 3638 1277 3703 fuerat,
1301 3642 1572 3697 deducere
1598 3644 1788 3697 conari
1824 3646 1874 3699 in
1903 3662 2094 3716 quem-

519 3729 645 3783 dam
676 3729 875 3797 locum,
916 3731 1007 3785 ubi
1045 3741 1259 3800 oportet
1283 3745 1643 3803 congregatos
1690 3750 1882 3791 omnes
1926 3754 2091 3794 causa

513 3822 661 3877 dicta
692 3826 758 3877 ad
785 3823 992 3877 inferos
1012 3824 1284 3891 proﬁcisci
1319 3842 1444 3879 cum
1479 3827 1617 3881 duce
1665 3828 1785 3893 illo,
1817 3829 1905 3883 cui
1942 3848 2094 3886 man-

516 3912 701 3965 datum
740 3920 829 3965 est
857 3927 952 3967 eos
973 3914 1067 3980 qui
1101 3913 1248 3968 illinc
1276 3915 1550 3983 abierunt,
1582 3916 1708 3973 illuc
1733 3919 2024 3976 deducere.
2068 3939 2087 3974 ι

514 4001 672 4069 Quod
709 4003 833 4056 aliis
876 4003 1074 4057 deinde
1115 4004 1241 4058 libri
1297 4005 1536 4074 ejusdem
1591 4007 1730 4064 locis
1761 4012 1994 4080 repetit;
2038 4021 2094 4066 et

516 4105 641 4165 post
674 4095 821 4149 illum
842 4096 1089 4150 Plotinus
1116 4096 1256 4151 Enn.
1287 4112 1375 4159 ιιι,
1399 4098 1494 4153 lib.
1524 4115 1599 4164 tv,
1638 4116 1755 4171 cap.
1779 4105 1852 4158 6:
1890 4105 1946 4157 Ὁ
1975 4106 2095 4176 μέν·

514 4205 596 4242 τοι
643 4188 853 4259 δαίμων
906 4182 1062 4253 οὗτος
1097 4189 1157 4243 ὃν
1195 4188 1447 4260 λέγομεν,
1490 4192 1719 4259 ἀγαγεῖν
1751 4193 1964 4258 λέγεται
2012 4198 2094 4260 εἰς

513 4280 661 4352 ᾅδου,
687 4282 874 4338 οὐκέτι
905 4282 935 4334 ὁ
967 4281 1129 4345 αὐτὸς
1163 4283 1367 4354 μένειν,
1388 4283 1485 4337 ὲάν
1508 4284 1584 4355 μὴ
1610 4284 1678 4338 τά
1715 4287 1853 4339 αὐτά
1905 4289 2093 4361 ἕληται

514 4374 693 4429 πάλιν·
729 4375 836 4447 πρὸ
872 4374 929 4428 δὲ
957 4376 1052 4429 τοῦ
1088 4375 1238 4442 πῶς;
1287 4376 1347 4429 τὸ
1372 4375 1435 4449 δὴ
1462 4380 1686 4446 ἀγαγεῖν
1724 4381 1803 4440 εἰς
1836 4380 1935 4452 τὴν
1975 4384 2094 4454 κρί-

2281 1894 2502 1953 XXXV.
2535 1893 2881 1950 Praetermitti
2920 1898 3136 1960 poterat
3181 1892 3408 1960 quaastio
3446 1900 3681 1959 sequens
3708 1889 3776 1941 de

2197 1988 2731 2046 retnunerationibus
2762 1995 2815 2039 et
2866 1984 3045 2055 pinnis
3079 1998 3172 2051 per
3204 1981 3427 2051 angelos
3461 1995 3493 2034 tt
3541 1981 3651 2036 Deo
3678 1987 3776 2033 ad-

2198 2078 2611 2142 ministrandis;
2650 2076 2785 2131 nihil
2817 2075 2960 2129 enim
3000 2074 3230 2127 multum
3259 2072 3518 2125 abnorme
3538 2070 3685 2123 circa
3720 2071 3775 2122 id

2201 2180 2583 2242 argumentum
2627 2166 2889 2237 Origenes
2916 2164 3269 2235 excogitavit.
3290 2162 3555 2230 Quoniam
3594 2173 3776 2216 tamen

2197 2280 2317 2319 cum
2350 2263 2637 2332 superiore
2675 2260 3040 2330 disputatione
3077 2258 3316 2314 cohzeret
3345 2256 3464 2325 ejus
3500 2254 3774 2314 tractatio,

2196 2366 2252 2409 et
2300 2355 2571 2424 peculiare
2620 2352 2867 2408 nonnihil
2919 2352 3083 2407 habet
3142 2352 3523 2412 Adamantius,
3571 2348 3777 2403 idcirco

2199 2449 2371 2516 ipsam
2427 2459 2645 2516 quoque
2684 2445 2873 2500 leviter
2922 2444 3273 2514 attingemus.
3308 2440 3538 2495 llomilia
3594 2439 3778 2507 itaque

2196 2542 2249 2593 iu
2278 2539 2568 2593 Jeremiam
2594 2537 2684 2601 21,
2714 2552 2865 2591 num.
2898 2536 2950 2601 6,
2977 2535 3263 2605 tripliciter
3294 2532 3629 2594 hominibus,
3658 2546 3778 2600 qua:

2199 2631 2479 2700 promeriti
2519 2641 2669 2695 sunt,
2711 2631 2877 2684 Deum
2903 2628 3207 2682 retribuere
3244 2624 3505 2685 ostendit,
3538 2624 3769 2692 primum

2205 2738 2300 2792 per
2324 2736 2406 2786 se,
2458 2723 2758 2776 secundum
2815 2720 2945 2774 illud
2979 2717 3183 2772 Jerem.
3215 2732 3287 2780 LI,
3333 2716 3387 2782 6,
3441 2732 3461 2765 ι
3492 2713 3781 2768 Vicissim-

2196 2818 2376 2871 dinem
2408 2820 2523 2886 ipse
2554 2815 2817 2869 retribuet
2844 2815 2926 2879 ei;
2967 2832 2985 2864 ›
3025 2812 3217 2866 deinde
3263 2826 3360 2881 per
3412 2808 3582 2863 malos
3610 2820 3777 2875 auge-

2200 2911 2298 2975 los,
2331 2908 2624 2963 secundutn
2655 2904 2781 2959 illud
2800 2904 2990 2974 psalmi
3017 2919 3219 2968 anu,
3250 2901 3343 2965 49,
3375 2919 3393 2950 ι
3424 2898 3574 2952 Misit
3602 2898 3655 2950 iu
3683 2912 3778 2951 eos

2200 3003 2337 3054 iram
2369 2999 2757 3069 indignationis
2786 3012 2922 3062 suae,
2956 2997 3422 3066 indignationem,
3450 3001 3505 3046 et
3529 2994 3691 3056 iram,
3724 3000 3776 3044 et

2120 3131 2163 3189 α
2201 3092 2608 3148 tribulationem
2636 3131 2653 3157 ,
2693 3091 3063 3149 immissiones
3094 3104 3190 3159 per
3234 3085 3460 3156 angelos
3492 3082 3707 3137 malos:
3748 3099 3768 3133 ο

2202 3200 2584 3253 nonnunquam
2613 3184 2777 3239 etiam
2801 3198 2895 3253 per
2929 3184 3118 3245 bonos,
3175 3179 3478 3247 cujusmodi
3516 3175 3689 3231 multa
3723 3175 3773 3228 in

2202 3276 2497 3348 Scripturis
2530 3276 2754 3347 reperiri
2773 3276 2939 3329 dicit:
2978 3289 3043 3329 ac
3071 3273 3270 3327 leviora
3299 3270 3515 3340 quidem
3539 3269 3769 3323 crimina

2200 3370 2468 3424 ministris
2491 3370 2607 3423 suis
2637 3368 2956 3422 vindicanda
2990 3366 3157 3422 Deum
3188 3365 3503 3435 permittere
3529 3401 3547 3428 ,
3596 3361 3769 3429 ipsum

2198 3477 2328 3518 vero
2354 3463 2629 3533 graviores
2656 3476 2823 3515 noxas
2846 3459 3052 3514 ulcisci.
3087 3456 3229 3512 Fuse
3258 3458 3361 3511 hoc
3389 3463 3769 3523 argumentum

2201 3553 2342 3607 libro
2374 3568 2465 3606 VIII
2500 3563 2686 3605 contra
2731 3550 2977 3614 Celsum,
3006 3563 3151 3602 nutu.
3183 3546 3277 3613 59.,
3311 3545 3675 3615 persequitur,
3715 3549 3767 3593 et

2198 3660 2530 3714 qumcunque
2572 3644 2882 3697 hominibus
2917 3642 3058 3694 mala
3102 3642 3444 3707 contingunt,
3488 3636 3581 3690 Dei
3633 3643 3762 3688 nutu

2198 3749 2254 3791 et
2280 3739 2506 3793 censilio
2540 3752 2570 3788 a
2600 3737 2932 3789 daemonibus
2959 3732 3177 3787 immitti
3221 3733 3413 3800 probat
3453 3743 3521 3782 ex
3547 3728 3765 3780 laudato

2200 3828 2388 3897 psalmi
2417 3843 2603 3882 Lxxvtt
2655 3826 2813 3892 loco;
2869 3829 3008 3881 bona
3039 3839 3168 3880 vero
3220 3826 3287 3879 ab
3317 3821 3528 3892 angelis
3558 3818 3771 3875 submi-

2199 3922 2438 3975 ttistrat'i.

2273 4016 2327 4068 lu
2354 4014 2551 4082 quibus
2593 4029 2622 4066 a
2675 4012 2932 4081 magistro
2978 4026 3075 4066 suo
3114 4010 3339 4064 Platone
3368 4025 3473 4063 non
3505 4008 3768 4073 recessit;

2197 4110 2288 4179 qui
2316 4109 2367 4160 in
2397 4105 2674 4174 Symposio
2688 4108 2817 4160 deos
2843 4106 2983 4160 inter
3000 4114 3053 4159 et
3074 4104 3319 4158 homines
3347 4102 3583 4155 medium
3607 4101 3771 4171 quod-

2199 4204 2321 4253 dam
2363 4199 2645 4254 constituit
2672 4213 2860 4269 genus,
2894 4207 2949 4251 et
2991 4196 3264 4249 danncnes
3299 4194 3554 4262 appellat,
3605 4194 3770 4247 inter-

2199 4301 2378 4360 pretes
2418 4302 2773 4358 utrorumque
2803 4299 2858 4343 et
2886 4298 3218 4357 sequestres,
3248 4285 3654 4359 ἑρμηνεύοντας
3682 4286 3769 4339 καὶ

2197 4379 2695 4450 διαπορθμεύοντας
2743 4378 2885 4441 θεοῖς
2930 4382 2998 4431 τὰ
3034 4379 3162 4450 παρ’
3197 4376 3521 4449 ἀνθρώπων,
3551 4378 3647 4430 καὶ
3686 4378 3773 4429 ἁν-

516 4483 622 4521 σιν.
653 4487 671 4518 ι
704 4466 923 4521 Daemon
947 4483 1077 4538 ergo
1110 4469 1200 4522 ille
1223 4484 1382 4536 quem
1410 4469 1663 4535 dicimus,
1691 4474 1960 4530 deducere
1980 4474 2090 4529 fer-

2198 4471 2434 4545 θρώποις
2462 4474 2528 4527 τὰ
2557 4471 2707 4543 παρά
2732 4472 2867 4525 θεῶν
2889 4487 2901 4499 ·
2934 4471 3042 4524 τῶν
3065 4472 3164 4542 μὲν
3197 4469 3295 4533 τὰς
3320 4471 3533 4540 δεήσεις
3564 4470 3656 4521 καὶ
3683 4469 3771 4521 θυ-

516 4568 603 4612 tur
628 4560 692 4611 ad
726 4559 950 4627 inferos,
983 4575 1087 4614 non
1132 4562 1365 4630 amplius
1418 4562 1557 4616 idem
1593 4578 1934 4632 permanere,
1986 4569 2087 4625 nisi

513 4648 706 4701 eadem
739 4663 960 4701 rursum
982 4648 1171 4718 eligat.
1203 4650 1375 4703 Antea
1412 4664 1543 4706 vero
1582 4654 1890 4723 quomodo?
1921 4654 2090 4709 addu-

513 4751 640 4793 cere
665 4737 923 4791 nimirum
978 4738 1046 4791 ad
1096 4739 1385 4806 judicium.
1421 4758 1442 4791 ι
1483 4740 1819 4812 Augusdnus
1866 4743 1959 4797 lib.
2012 4760 2090 4800 ιιι

513 4829 593 4885 De
617 4830 758 4887 civit.
788 4830 906 4895 Dei,
936 4845 1058 4898 cap.
1084 4830 1154 4885 24
1180 4851 1193 4887 :
1219 4851 1239 4883 ι
1277 4834 1357 4888 llli
1386 4845 1595 4900 autem,
1628 4836 1825 4905 inquit,
1847 4836 1939 4906 qui
1966 4835 2094 4891 Pla-

515 4923 628 4979 toni
659 4938 759 4978 suo
780 4923 1032 4987 credunt,
1062 4937 1168 4977 non
1204 4925 1273 4979 ab
1306 4925 1398 4980 illo
1422 4940 1636 4982 summo
1662 4928 1772 4982 Deo
1799 4929 1891 4998 qui
1916 4928 2089 4983 fabri-

516 5026 671 5071 catus
699 5026 784 5070 est
797 5014 1081 5081 mundum,
1111 5016 1206 5071 sed
1229 5017 1298 5072 ab
1320 5017 1440 5073 aliis
1470 5019 1796 5085 minoribus,
1820 5035 1955 5089 quos
1979 5022 2094 5090 qui-

516 5108 638 5161 dem
663 5108 775 5175 ipse
798 5108 1087 5172 creaverit,
1121 5108 1388 5177 permissu
1420 5112 1533 5166 sive
1556 5111 1710 5179 jussu
1735 5113 1853 5182 ejus
1884 5114 2093 5169 anima-

518 5197 595 5251 lia
633 5198 775 5253 facta
794 5216 913 5255 esse
936 5212 1134 5256 cuncta
1163 5202 1437 5266 mortalia,
1470 5205 1525 5257 in
1550 5206 1748 5274 quibus
1774 5208 1937 5262 homo
1962 5222 2099 5278 pra:-

514 5290 757 5357 cipuum,
784 5292 994 5361 diisque
1021 5294 1155 5363 ipsis
1184 5304 1479 5365 cognatum
1503 5308 1715 5353 teneret
1745 5299 1946 5356 locum.
1974 5320 1997 5354 ι
2026 5304 2093 5358 Ει

514 5383 753 5439 deinde;
786 5403 805 5436 ι
832 5389 1024 5457 Angeli
1049 5398 1250 5451 autem,
1281 5404 1419 5459 quos
1444 5389 1517 5444 illi
1552 5392 1680 5446 deos
1725 5392 1979 5451 libentius
2000 5412 2090 5465 ap-

517 5476 740 5546 pellant,
771 5478 931 5533 etiam
984 5481 1032 5534 si
1062 5482 1322 5536 adhibent
1371 5481 1457 5535 vel
1497 5482 1656 5551 jussi,
1707 5486 1789 5539 vel
1842 5490 2086 5556 permissi

515 5571 886 5636 operationem
922 5588 1075 5627 suam
1110 5574 1272 5629 rebus
1299 5590 1417 5644 quae
1449 5574 1739 5645 gignuntur
1778 5578 1831 5633 in
1864 5581 2084 5643 mundo,

585 5751 632 5784 δ’
666 5752 796 5807 Luc.
832 5766 938 5809 Mli.
963 5752 1054 5817 29.,
1089 5752 1178 5807 25.

2202 4565 2352 4627 σίας·
2380 4563 2490 4618 τῶν
2528 4564 2584 4617 δὲ
2623 4562 2721 4626 τὰς
2759 4560 3037 4626 ἐπιτάξεις
3063 4578 3122 4613 τε
3147 4562 3240 4614 καὶ
3269 4558 3503 4631 ἀμοιϐὰς
3550 4559 3663 4611 τῶν
3691 4557 3772 4610 0n-

2204 4656 2354 4709 σιῶν.
2382 4674 2401 4707 ι
2442 4656 2871 4725 lntcrpretantes
2895 4665 2950 4709 et
2986 4655 3283 4709 referentes
3318 4655 3443 4718 diis,
3487 4667 3611 4722 qua:
3657 4652 3772 4705 tuit-

2203 4760 2393 4801 tttntur
2421 4749 2489 4801 ab
2520 4747 2868 4814 hominibus;
2914 4757 2969 4800 et
3002 4747 3311 4801 hominibus
3338 4762 3459 4815 qum
3487 4746 3772 4798 mittuntur

2201 4856 2229 4893 a
2259 4840 2395 4905 diis;
2429 4839 2641 4893 illorum
2674 4840 2889 4908 quidem
2918 4838 3257 4908 precationes
3273 4847 3328 4892 et
3352 4837 3625 4891 sacrificia
3648 4836 3772 4901 ;ho-

2202 4947 2321 4986 rutn
2354 4946 2484 4985 vero
2535 4932 2788 4985 mandata
2822 4941 2878 4985 et
2929 4931 3321 4984 sacrificiorum
3376 4930 3771 4985 remuneratio-

2199 5036 2318 5076 nes.
2358 5039 2376 5072 ι
2412 5021 2542 5087 Qua:
2568 5022 2751 5075 munia
2785 5022 2974 5076 eadem
3009 5022 3219 5092 angelis
3252 5022 3590 5085 tribuuntur,
3634 5020 3772 5073 unde

2198 5098 2428 5176 3138512
2484 5126 2538 5170 et
2585 5115 2809 5185 ἄγγελοι
2861 5130 2890 5168 a
2937 5116 3296 5184 scriptoribus
3346 5115 3520 5169 sacris
3586 5113 3769 5183 appel-

2201 5209 2396 5273 lantur,
2430 5210 2534 5263 hoc
2554 5219 2635 5264 est
2670 5211 3003 5264 internuntii.
3047 5210 3290 5263 Plotinus
3320 5217 3497 5261 autem
3529 5206 3765 5260 Ennead.

2204 5319 2287 5370 ιιι,
2321 5302 2413 5358 lib.
2447 5318 2520 5370 tv,
2553 5318 2673 5373 cap.
2706 5303 2760 5369 6,
2803 5314 3088 5372 postquam
3139 5303 3325 5356 docuit
3355 5302 3567 5354 animae
3609 5301 3661 5353 iu
3687 5299 3770 5366 ju-

2201 5397 2400 5450 dicium
2435 5394 2504 5448 ab
2526 5395 2730 5464 angelis
2761 5397 2977 5460 adduci,
3026 5410 3215 5463 panius
3247 5394 3587 5465 postmodum
3617 5393 3765 5447 lusu-

2200 5491 2341 5543 tihus
2373 5488 2480 5543 illis
2510 5489 2702 5542 adesse
2739 5488 3038 5558 subiunxit.

2277 5580 2495 5649 Origeni
2532 5578 2919 5648 astipulantur,
2950 5588 3150 5648 praeter
3171 5578 3330 5644 alios,
3368 5576 3688 5633 Ambrosius
3712 5582 3763 5630 et
