4054 6310
294 350 400 422 sse

1178 357 1748 416 ORICENIANORUM
1787 350 1919 413 LIB.
1959 357 2025 425 ll,
2067 357 2222 415 CAP.
2254 357 2321 429 Π,
2361 354 2639 425 ρυιεδτ.
2677 353 2745 415 ν.

3441 355 3555 413 890

297 486 683 555 Hieronymus,
723 493 952 551 quorum
1006 478 1096 534 ille
1147 480 1305 549 epist.
1363 479 1457 533 lib.
1485 496 1542 545 ν,
1578 480 1739 550 epist.
1775 478 1869 544 58,
1897 484 1947 539 Δ
1975 479 2276 550 Θεραπείαν
2292 480 2581 545 hanc,non
2602 482 2669 533 de
2701 474 2950 547 religiosa
2968 474 3316 533 observantia
3332 483 3387 531 et
3403 476 3553 530 cultu

297 579 413 633 haec
463 575 701 633 scribit:
748 592 767 625 ι
804 574 886 627 An
932 571 1078 641 ipsos
1135 586 1350 639 quoque
1399 571 1637 641 angelos,
1693 570 1783 639 qui
1815 569 1870 624 in

302 670 463 725 istius
490 667 673 723 mundi
702 664 976 719 laboribus
1004 662 1215 717 diversa
1242 662 1510 717 sustineant
1544 660 1868 728 ministeria,

297 762 442 816 sicut
482 762 535 815 in
561 757 883 828 Apocalypsi
943 754 1169 825 legimus
1200 753 1443 817 Joannis,
1480 770 1586 810 non
1647 753 1872 823 ingemi-

299 868 462 909 scere
490 853 786 915 credimus,
817 864 939 904 cum
970 848 1297 903 adhibentur
1328 862 1613 918 ptenarum
1637 857 1693 903 et
1719 848 1871 902 exci-

295 944 510 998 diorum
542 943 773 997 ministri
798 959 811 995 :
836 942 925 1010 qui
955 940 1217 995 habentes
1243 940 1408 995 vitam
1433 950 1713 1006 aeternam,
1737 939 1874 994 mal-

296 1037 413 1090 lcnt
436 1036 622 1105 utique
649 1049 769 1089 eam
803 1034 859 1088 in
896 1033 988 1088 illo
1017 1033 1294 1103 superiore
1320 1031 1730 1103 tranquillitatis
1758 1048 1871 1088 suae

295 1140 438 1187 statu
473 1142 713 1194 currere,
770 1142 932 1197 quam
982 1137 1289 1181 nostrorum
1351 1136 1696 1195 peccatorum
1748 1138 1869 1195 pm-

298 1222 386 1274 nis
419 1220 700 1274 ultricibus
727 1217 1086 1287 interpellari.
1116 1235 1134 1268 ι
1161 1216 1523 1287 Hieronymus
1564 1231 1693 1272 vero
1722 1216 1814 1273 lib.
1851 1232 1869 1270 t

294 1313 350 1366 in
389 1329 505 1381 cap.
544 1326 617 1365 vn
649 1311 790 1367 Dan.
816 1324 836 1362 :
866 1329 886 1362 ι
924 1311 1127 1380 Duplex
1182 1322 1362 1364 autem
1405 1309 1719 1379 angelorum
1750 1308 1868 1364 olli-

292 1407 437 1459 cium
466 1412 580 1469 est;
617 1402 844 1456 aliorum
880 1400 972 1472 qui
1003 1400 1168 1470 justis
1194 1402 1415 1471 praemia
1443 1402 1708 1468 tribuunt,
1729 1400 1869 1455 alio-

293 1511 414 1549 rum
440 1495 535 1564 qui
560 1493 788 1566 singulis
811 1504 1060 1563 praesunt
1081 1493 1439 1550 cruciatibus.
1473 1513 1493 1546 ι

362 1583 607 1641 XXXVI.
640 1585 907 1652 Quoniam
958 1584 1107 1638 varia
1132 1596 1186 1639 et
1229 1598 1421 1653 parum
1449 1593 1710 1639 constans
1748 1582 1870 1639 Ori-

288 1680 449 1748 genis
486 1680 553 1733 de
583 1676 904 1748 angelorum
939 1677 1291 1733 invocatione
1321 1676 1536 1731 videtur
1582 1677 1752 1731 fuisse
1783 1692 1867 1731 ra-

291 1768 389 1834 tio,
429 1768 717 1825 delibanda
748 1783 965 1838 quoque
1002 1784 1031 1822 a
1064 1768 1222 1824 nobis
1254 1783 1317 1824 ea
1364 1767 1595 1838 quaestio
1618 1776 1722 1822 est.
1773 1767 1865 1823 Sic

1973 584 2095 624 esse
2128 568 2553 639 intelligendam,
2578 582 2701 621 cum
2732 568 2822 620 hic
2847 567 3060 621 nonnisi
3078 566 3144 621 de
3173 565 3423 635 religioso
3441 566 3555 622 dis.

1974 669 2193 730 putetur
2237 660 2422 724 cultu,
2450 674 2611 729 quem
2656 657 2852 714 Celsus
2897 658 3232 715 daemonibus
3276 659 3460 713 itidem
3491 666 3555 714 ut

1973 750 2085 807 Deo
2112 750 2484 824 praestandum
2515 764 2635 805 esse
2674 749 2975 804 asserebat.
2998 748 3054 803 ιιι
3088 758 3147 803 ιιι
3169 750 3504 820 signiﬁcaret
3526 790 3551 818 ,

1975 846 2230 901 utebatur
2273 859 2409 899 voce
2468 843 2891 915 θεραπεύεσθαι.
2925 842 3237 912 Respondet
3288 843 3553 913 Origenes

1971 937 2242 1007 quoddam
2276 933 2572 1005 θεραπείας
2599 935 2740 989 illius
2771 948 2800 987 a
2821 932 2981 988 Celso
3013 947 3306 1003 expressae,
3342 934 3442 986 hoc
3466 941 3554 986 est

1969 1026 2211 1096 religiosi
2268 1030 2449 1082 cultus
2481 1039 2653 1092 genus
2695 1023 2906 1094 angelis
2969 1024 3187 1093 quidem
3237 1022 3442 1086 deberi,
3482 1037 3548 1081 ea

1972 1120 2134 1174 modo
2168 1127 2321 1174 recte
2354 1128 2409 1173 et
2437 1118 2678 1189 legitime
2728 1117 3072 1181 exhibeatur,
3102 1125 3156 1173 et
3190 1114 3370 1169 cultus
3399 1115 3488 1169 ille
3515 1130 3549 1168 a

1976 1211 2124 1267 cultu
2157 1210 2268 1266 Deo
2311 1211 2558 1281 praestari
2592 1210 2751 1265 solito
2783 1218 2943 1264 caute
2999 1208 3387 1277 distinguatur.
3423 1207 3547 1263 Pari

1973 1306 2132 1360 modo
2174 1319 2295 1358 cum
2323 1304 2679 1373 distingueret
2709 1302 2848 1357 libro
2884 1316 2914 1354 v
2954 1302 3234 1357 orationes
3259 1300 3370 1354 Deo
3398 1299 3547 1357 Patri

1971 1397 2279 1454 offerendas
2313 1397 2382 1453 ab
2411 1398 2479 1453 iis
2504 1412 2644 1467 quas
2675 1395 2857 1452 oﬂ‘erri
2902 1393 3237 1449 concedebat
3282 1393 3452 1457 Filio,
3488 1402 3552 1446 ut

1975 1491 2190 1562 μεσίτῃ,
2240 1491 2473 1545 nominis
2508 1489 2694 1557 hujus,
2732 1491 2927 1552 oratio,
2958 1487 3236 1559 proprium
3276 1501 3431 1541 usum
3459 1487 3543 1540 in-

1974 1582 2137 1651 telligi
2170 1581 2306 1646 vult,
2336 1591 2390 1636 et
2444 1581 2515 1637 ab
2564 1579 2806 1648 ejusdem
2852 1580 3026 1634 abusu
3071 1578 3328 1633 secerni:
3358 1577 3551 1630 Πᾶσαν

1977 1674 2076 1745 μὲν
2110 1672 2219 1746 γὰρ
2253 1673 2457 1744 δέησιν,
2485 1672 2661 1742 inquit
2696 1687 2844 1726 num.
2876 1669 2930 1732 4.
2967 1669 3065 1723 καὶ
3094 1667 3424 1739 προσευχὴν,
3450 1668 3551 1721 καὶ

1972 1766 2232 1832 ἔντευξιν,
2265 1766 2361 1819 καὶ
2386 1761 2737 1835 εὐχαριστίαν
2767 1760 3151 1832 ἀναπεμπτέον
3177 1758 3253 1829 τῷ
3290 1759 3384 1812 ἐπὶ
3408 1761 3547 1815 πᾶσι

288 1862 379 1917 ille
405 1861 643 1926 loquitur
667 1834 824 1916 lih.—v
849 1834 1031 1915 contra
1056 1861 1219 1924 Cels.,
1254 1834 1402 1915 nunt:
1427 1860 1461 1915 ὁ
1493 1878 1510 1914 :
1541 1860 1765 1925 Τούτοις
1797 1860 1863 1932 δὴ

1969 1858 2092 1930 Θεῷ
2123 1857 2214 1912 διὰ
2251 1858 2347 1911 τοῦ
2380 1857 2473 1910 επὶ
2511 1834 2730 1910 πάντων
2764 1854 3009 1923 ἀγγέλων
3040 1853 3339 1925 ἀρχιερέως
3368 1851 3548 1923 ἐμψύο

285 1952 555 2022 ἀγγέλους
584 1951 693 2006 ἀπὸ
721 1948 813 2003 τοῦ
856 1949 1016 2021 ἔργου
1041 1950 1222 2003 αὐτῶν
1249 1948 1625 2020 μεμαθηκότες
1655 1946 1860 2013 καλεῖν,

285 2045 613 2117 εὑρίσκομεν
644 2044 862 2106 αὐτοὺς.
889 2041 975 2096 διὰ
1012 2042 1072 2096 τὸ
1102 2042 1279 2105 θείους
1307 2038 1465 2106 εἶναι,
1494 2040 1589 2094 καὶ
1621 2039 1776 2103 θεοὺς
1805 2039 1863 2091 ὲν

283 2141 406 2201 ταῖς
437 2138 608 2207 ἱεραῖς
654 2153 783 2189 ποτε
828 2134 1257 2205 ὀνομαζομένους
1287 2134 1549 2205 Γραφαϊς.
1601 2132 1737 2186 Ἀλλ’
1766 2132 1866 2203 οὐχ

286 2227 432 2282 ὥστε
462 2226 896 2299 προστάσσεσθαι
954 2228 1084 2297 ἡμῖν
1140 2227 1267 2289 τοὺς
1311 2224 1716 2291 διακονοῦντας,
1767 2226 1863 2279 καὶ

288 2319 551 2389 φέροντας
581 2321 711 2389 ἡμῖν
738 2320 806 2373 τὰ
852 2317 943 2372 τοῦ
989 2317 1125 2370 Θεοῦ
1158 2317 1335 2371 σέϐειν
1389 2317 1485 2373 καὶ
1537 2320 1863 2389 προσκυνεῖν

285 2412 410 2465 ἀντὶ
430 2412 521 2466 τοῦ
550 2410 682 2465 Θεοῦ
704 2429 717 2442 ·
744 2412 921 2465 πᾶσαν
944 2410 1041 2481 μὲν
1055 2410 1165 2481 γὰρ
1187 2409 1390 2481 δέησιν,
1415 2410 1508 2463 καὶ
1531 2409 1861 2481 προσευχὴν,

285 2504 383 2556 καὶ
413 2501 671 2568 ἔντευξιν,
702 2504 796 2556 καὶ
822 2502 1171 2574 εὐχαριστίαν
1222 2501 1606 2571 ἀναπεμπτέον
1637 2501 1715 2572 τῷ
1768 2504 1863 2558 ἐπὶ

282 2596 419 2647 πᾶσι
440 2594 576 2664 Θεῷ,
600 2592 688 2647 διὰ
714 2594 808 2648 τοῦ
836 2596 930 2647 ἐπὶ
975 2594 1196 2649 πάντων
1225 2593 1473 2662 ἀγγέλων
1520 2594 1820 2665 ἀρχιερέως
1842 2638 1858 2662 ,

282 2684 531 2756 ἐμψύχου
564 2686 737 2753 Λόγου
763 2687 857 2740 καὶ
883 2686 1038 2741 Θεοῦ.
1074 2686 1204 2752 Quae
1236 2687 1429 2740 iterum
1453 2687 1645 2739 deinde
1684 2687 1857 2741 incul-

284 2789 374 2831 cat
399 2796 413 2832 :
441 2779 582 2831 unde
619 2780 798 2832 omnis
817 2779 1131 2848 angelorum
1164 2778 1379 2848 praecidi
1411 2779 1615 2834 videtur
1635 2779 1862 2834 invoca-

285 2872 381 2923 tio.
425 2868 528 2923 Sed
562 2885 667 2923 non
700 2871 775 2923 ita
798 2880 916 2936 est;
965 2886 1090 2924 nam
1119 2870 1355 2925 honores
1379 2868 1601 2939 quidem
1639 2885 1702 2924 ac
1733 2886 1859 2940 pre-

283 2974 375 3014 ces
398 2960 606 3029 angelis
632 2960 877 3015 adhiberi
906 2969 1050 3013 vetat
1090 2974 1208 3024 eas,
1246 2974 1366 3028 quae
1393 2960 1501 3014 Deo
1536 2960 1624 3013 uni
1656 2974 1860 3015 conve-

283 3053 459 3117 niunt,
498 3068 597 3107 nec
632 3052 845 3107 adorari
878 3052 961 3105 vel
992 3052 1093 3107 coli
1135 3053 1280 3123 ipsos
1310 3051 1584 3120 concedit,
1617 3053 1737 3106 ἀντὶ
1762 3051 1859 3107 τοῦ

1966 1969 2065 2024 χου
2087 1953 2262 2020 Λόγου
2290 1951 2385 2004 καὶ
2407 1949 2540 2004 Θεοῦ
2562 1967 2575 1980 ·
2598 1940 2903 2019 δεησόμεθα
2933 1947 2990 2000 δὲ
3018 1948 3112 2001 καὶ
3136 1944 3301 1999 αὐτοῦ
3320 1944 3409 1998 τοῦ
3440 1946 3547 1999 Adv

1972 2062 2095 2115 γου,
2132 2045 2228 2099 καὶ
2248 2044 2611 2114 ἐντευξόμεθα
2645 2042 2795 2112 αὐτῷ
2826 2042 2920 2096 καὶ
2938 2041 3420 2112 εὐχαριστήσομεν,
3449 2039 3549 2093 καὶ

1968 2137 2384 2210 προσευξόμεθα
2414 2138 2493 2202 δὲ,
2511 2136 2606 2191 ὲάν
2631 2133 2917 2205 δυνώμεθα
2942 2132 3265 2188 κατακούειν
3292 2132 3391 2203 τῆς
3416 2130 3547 2202 περὶ

1965 2233 2277 2305 προσευχῆς
2297 2230 2635 2303 κυριολεξίας
2658 2227 2752 2282 καὶ
2768 2226 3156 2297 καταχρήσεως
3186 2225 3323 2294 (55).
3346 2223 3541 2278 Eadem

1961 2326 2213 2383 cautione
2246 2323 2471 2388 cultum,
2505 2331 2560 2375 et
2606 2334 2798 2388 preces
2843 2319 2952 2373 Deo
2976 2315 3121 2369 Patri
3153 2314 3475 2377 ollerendas,
3508 2327 3539 2366 ι

1963 2415 2214 2487 precibus
2265 2413 2403 2467 Filio
2432 2412 2732 2482 allegandis
2765 2410 3003 2464 discerni
3037 2405 3216 2476 jubet,
3246 2414 3354 2461 eta
3386 2403 3543 2459 cultu

1962 2506 2166 2575 angelis
2200 2504 2530 2559 exhibendo.
2576 2502 2741 2571 Atqui
2781 2502 2975 2555 Filium
3027 2501 3179 2553 orari
3236 2498 3543 2575 concedit,

1962 2572 2125 2652 modo
2148 2606 2401 2665 tanquam
2444 2595 2697 2665 μεσίτης,
2724 2603 2777 2646 et
2806 2590 3049 2646 inferiori
3083 2572 3540 2659 precationisOge-

1962 2704 2093 2745 nere
2117 2691 2398 2744 invocetur
2420 2703 2484 2747 ac
2518 2686 2709 2752 Pater;
2738 2684 3027 2740 haecenim
3060 2683 3162 2737 fuit
3191 2683 3357 2751 ipsius
3387 2684 3540 2736 insa-

1962 2782 2050 2834 nia
2075 2796 2089 2833 :
2128 2780 2270 2834 idem
2318 2780 2482 2849 igitur
2520 2778 2586 2831 de
2610 2776 2866 2846 precibus
2896 2785 2950 2831 et
2975 2774 3123 2828 cultu
3153 2773 3359 2843 angelis
3384 2776 3545 2831 exhi-

1961 2870 2140 2926 bendo
2192 2870 2432 2925 sensisse
2481 2870 2653 2939 ipsum
2689 2866 3119 2923 concludendum
3178 2877 3283 2922 est.
3320 2865 3389 2920 At
3421 2866 3543 2921 sine

1963 2964 2190 3031 ambage
2213 2962 2459 3031 angelum
2480 2974 2640 3027 prece
2667 2968 2957 3013 veneratur
2975 2958 3205 3015 homil.l
3230 2962 3287 3013 in
3315 2957 3537 3026 Haecin,

1962 3070 2111 3109 nunt.
2142 3053 2174 3105 7
2208 3071 2223 3107 :
2254 3071 2273 3104 ι
2318 3052 2534 3118 Omnia,
2565 3051 2763 3123 inquit,
2784 3054 2989 3122 angelis
3015 3051 3173 3122 plena
3201 3062 3350 3106 sunt.
3384 3052 3538 3116 Veni,

282 3141 445 3205 Θεοῦ,
474 3150 527 3195 at
558 3152 738 3197 certos
767 3144 1031 3211 quosdam
1061 3143 1128 3199 iis
1156 3144 1403 3199 exhiberi
1431 3144 1631 3210 cultus,
1655 3156 1859 3201 certas-
1884 3170 1929 3226 ο
1964 3145 2189 3216 angele:
2221 3145 2435 3217 suscipe
2465 3160 2720 3202 sermone
2758 3160 3080 3200 conversum
3114 3144 3181 3198 ab
3207 3159 3394 3199 errore
3430 3145 3541 3210 pri-

282 3248 389 3302 que
418 3233 566 3287 fundi
587 3234 932 3303 precationes
958 3236 1244 3304 permittit,
1264 3248 1472 3291 naturae
1497 3252 1683 3292 eorum
1703 3253 1860 3293 crea-

282 3334 350 3379 tae
370 3326 773 3388 convenientes,
800 3335 858 3378 et
901 3325 1099 3380 diversi
1134 3340 1162 3377 a
1190 3326 1568 3395 superioribus
1595 3328 1813 3394 generis
1838 3343 1853 3382 :

282 3417 653 3489 Εὑφημοῦμεν
682 3418 900 3482 αὐτοὺς,
941 3418 1114 3487 inquit
1174 3416 1268 3471 Iih.
1314 3433 1409 3471 vm
1467 3428 1651 3470 contra
1678 3416 1857 3486 Cela,

280 3527 434 3565 nunt.
472 3510 563 3575 57,
592 3525 713 3580 pag.
751 3509 873 3575 785,
908 3510 1000 3563 καὶ
1025 3506 1401 3581 μακαρίζομεν
1423 3509 1859 3582 ἐγχειρισθέντας

280 3602 389 3656 ὑπὸ
431 3601 525 3655 τοῦ
562 3600 696 3655 Θεοῦ
733 3601 801 3655 τὰ
842 3602 1088 3673 χρήσιμα
1123 3599 1362 3672 τῷγένει
1400 3600 1593 3672 ἡμῶν·
1640 3602 1700 3654 οὐ
1752 3601 1857 3673 μὴν

276 3694 379 3763 τὴν
403 3691 758 3762 ὀφειλομένην
801 3691 939 3762 πρὸς
965 3690 1096 3744 Θεὸν
1141 3692 1308 3764 τιμὴν
1344 3690 1555 3754 τούτοις
1586 3691 1855 3762 ἀπονέμο-

282 3802 402 3855 μεν.
432 3783 547 3847 Non
575 3784 945 3853 precationem
974 3798 1124 3852 ergo,
1155 3783 1248 3837 sed
1281 3782 1610 3852 precationis
1639 3784 1853 3839 modum

280 3879 522 3928 clantnat.
562 3872 733 3941 Hujus
759 3874 1115 3943 expositionis
1146 3875 1258 3943 ipsc
1282 3874 1355 3928 sit
1394 3873 1700 3942 iidejussor,
1724 3890 1854 3945 ope-

281 3967 356 4019 ris
390 3965 631 4035 ejusdem
653 3976 836 4019 contra
862 3964 1071 4019 Celsum
1096 3965 1189 4020 lib.
1224 3981 1345 4027 νιιι,
1369 3981 1516 4019 num.
1548 3967 1636 4030 15,
1665 3967 1717 4021 in
1748 3981 1856 4035 quo

277 4056 439 4110 Celso
471 4058 829 4126 respondens,
879 4058 970 4127 qui
1003 4058 1145 4126 quod
1180 4058 1273 4111 Dei
1317 4056 1511 4111 Filium
1559 4057 1855 4113 Christiani

279 4149 548 4215 colerent,
571 4151 825 4204 colendos
853 4151 920 4203 iis
946 4165 1162 4219 quoque
1192 4151 1473 4205 ministros
1501 4151 1618 4220 ejus
1650 4153 1856 4207 daemo-

279 4256 378 4294 nes
412 4241 690 4303 nimirum,
720 4242 975 4297 censebat
1004 4258 1018 4294 :
1071 4242 1135 4295 Ei.
1169 4241 1266 4310 μὲν
1291 4237 1404 4305 οῦκ,
1456 4242 1671 4312 inquit,
1714 4242 1854 4296 ἐνόει

274 4336 404 4398 τοὺς
437 4334 652 4405 ἀληθῶς
687 4335 961 4406 ὑπηρέτας
984 4334 1075 4387 τοῦ
1105 4334 1241 4387 Θεοῦ
1280 4334 1417 4403 μετά
1466 4334 1556 4388 τὸν
1593 4337 1855 4408 μονογενῆ

276 4427 373 4481 τοῦ
399 4427 556 4491 Θεοῦ,
603 4427 695 4480 τὸν
749 4429 788 4480 Γ
792 4427 1005 4499 αδριὴλ,
1036 4429 1129 4481 καὶ
1175 4429 1265 4482 τὸν
1300 4430 1541 4502 Μιχαὴλ,
1590 4431 1683 4485 καὶ
1728 4431 1854 4493 τοὺς

275 4506 497 4583 λοιποὺς
525 4521 785 4589 ἀγγέλους
813 4560 829 4585 ,
880 4522 1271 4591 ἁρχαγγέλους,
1303 4524 1398 4576 καὶ
1435 4523 1658 4587 τούτους
1699 4523 1851 4593 ἔλεγε

272 4614 386 4665 δεῖν
419 4612 837 4685 θεραπεύεσθαι,
873 4615 1001 4676 ἴσως
1038 4613 1103 4667 ἂν
1136 4614 1196 4667 τὸ
1229 4616 1359 4685 περὶ
1396 4615 1490 4668 τοῦ
1529 4615 1851 4687 Θεραπεύειν

276 4704 444 4759 αὐτοῦ
475 4706 873 4776 σημαινόμενον
905 4708 1332 4778 ἐκκαθήραντες,
1366 4711 1459 4764 καὶ
1495 4712 1602 4765 τῶν
1629 4711 1723 4764 τοῦ
1766 4711 1853 4765 θε-

280 4797 610 4869 ραπεύοντος
643 4799 895 4869 πράξεων
917 4838 932 4860 ,
979 4800 1203 4870 εἴπομεν
1235 4801 1300 4854 ἂν
1342 4805 1421 4867 εἰς
1444 4804 1533 4856 τὸν
1562 4806 1745 4865 τόπον,
1777 4806 1853 4869 ὠς

276 4892 406 4963 περὶ
430 4892 761 4962 τηλικούτων
786 4891 1178 4963 διαλεγόμενοι,
1216 4893 1357 4964 ἆπερ
1380 4896 1695 4968 ἐχωροῦμεν
1724 4899 1852 4969 περὶ

275 4983 458 5038 αὐτῶν
486 4987 697 5056 νοῆσαι.
730 4983 844 5037 Vini
875 4986 977 5039 loci
1020 4987 1178 5054 hujus
1226 4987 1476 5056 frangere
1518 4993 1698 5044 conati
1726 5001 1854 5045 sunt

276 5074 590 5128 heterodoxi
613 5075 829 5142 quidam
848 5087 1143 5138 nostrates,
1172 5078 1266 5132 sed
1305 5076 1518 5132 efﬁcere
1550 5091 1725 5136 tamen
1747 5098 1850 5137 non

274 5176 608 5236 potuerunt,
644 5169 775 5235 quin
821 5168 1037 5236 aliquod
1090 5168 1390 5241 θεραπείας
1418 5186 1588 5240 genus
1644 5176 1852 5244 angelis

275 5258 617 5312 concessisse
654 5260 944 5328 Origenem
986 5276 1049 5313 ex
1084 5261 1167 5315 his
1192 5266 1359 5330 ipsius
1400 5265 1581 5319 verbis
1615 5266 1850 5322 manife-

275 5360 423 5404 stum
449 5350 553 5415 sit;
581 5364 645 5404 eo
662 5365 855 5419 nempe
877 5350 1173 5423 θεραπείας
1201 5369 1400 5423 genere
1433 5356 1686 5425 inferius,
1708 5361 1850 5428 quod

280 5443 391 5497 Deo
417 5442 519 5497 soli
554 5442 919 5498 exhibendum
947 5454 1048 5498 est.
1067 5443 1291 5500 Frustra
1314 5458 1492 5503 autem
1516 5455 1851 5511 contendunt

347 5598 462 5669 (35)
503 5599 703 5654 Eadem
741 5600 988 5672 cautione
1012 5602 1209 5656 cultum
1253 5616 1299 5657 ct
1331 5623 1508 5672 preces
1566 5608 1673 5664 Deo
1702 5609 1855 5666 Pam'

276 5673 595 5747 o/ferendns,
625 5689 657 5747 ᾳ
678 5673 913 5747 precibus
944 5670 1083 5725 Filio
1122 5670 1410 5743 allegnndis
1434 5679 1662 5735 discerni
1686 5681 1850 5747 jubet,

279 5740 384 5795 etc.
422 5740 557 5794 Vide
585 5743 996 5796 observationes
1028 5740 1244 5798 nostras
1270 5747 1319 5797 in
1351 5761 1545 5813 quaest.
1582 5749 1636 5812 Ξ,
1686 5740 1845 5806 num.

282 5814 369 5876 ω,
395 5818 461 5867 ad
487 5814 601 5870 hac
624 5813 782 5868 verba
812 5830 825 5866 :
857 5830 875 5861 ι
914 5814 1041 5879 Quae
1071 5815 1284 5883 quidem
1314 5817 1544 5873 absurda
1566 5832 1646 5875 est
1670 5830 1724 5877 et
1759 5838 1841 5877 se-

1962 3241 2128 3301 stino,
2165 3254 2196 3292 a
2236 3240 2482 3295 doctrina
2517 3240 2932 3302 dzemoniorum,
2960 3236 3028 3290 ab
3059 3235 3347 3304 iniquitate
3375 3235 3429 3288 in
3455 3233 3537 3287 al-

1963 3344 2075 3387 tum
2102 3334 2351 3404 loquente
2386 3351 2399 3385 :
2435 3331 2738 3401 suscipiens
2754 3344 2877 3383 eum
2903 3328 3061 3396 quasi
3088 3327 3332 3380 medicus
3361 3326 3541 3380 bonus

1961 3429 2189 3483 confore
2211 3438 2373 3497 atque
2401 3427 2666 3489 institue;
2702 3423 2960 3491 parvulus
2988 3429 3095 3484 est,
3130 3419 3290 3473 hodie
3350 3414 3539 3472 nasci-

1963 3530 2050 3575 tur
2072 3535 2233 3574 senex
2274 3530 2666 3586 repuerascens
2697 3532 2711 3568 :
2739 3524 2795 3567 et
2836 3513 3053 3580 suscipe
3085 3510 3329 3564 tribuens
3360 3510 3409 3563 ei
3443 3509 3540 3565 ba-

1966 3614 2223 3683 ptismum
2243 3612 2492 3667 secunda:
2510 3606 2956 3677 regenerationis,
2980 3612 3034 3659 et
3056 3603 3259 3658 advoca
3288 3604 3379 3658 tibi
3403 3601 3542 3657 alios

1959 3707 2137 3761 socios
2182 3704 2471 3759 ministerii
2502 3703 2605 3766 tui,
2652 3711 2713 3754 ut
2743 3700 2926 3756 cuncti
2958 3697 3162 3769 pariter
3192 3710 3287 3750 eos
3316 3695 3407 3765 qui
3435 3695 3539 3748 ali-

1959 3798 2178 3867 quando
2233 3795 2441 3865 decepti
2503 3803 2656 3859 sunt,
2710 3791 2979 3848 erndiatis
3015 3790 3083 3845 ad
3138 3788 3315 3843 iidem.
3355 3806 3374 3840 ι
3408 3788 3538 3853 Qua:

1957 3888 2205 3960 quamvis
2233 3887 2347 3942 sole
2376 3888 2491 3956 ipso
2521 3886 2756 3940 clariora
2790 3884 2919 3944 sint.
2946 3882 3212 3936 adversus
3248 3894 3310 3933 ea
3349 3888 3535 3932 tamen

1956 3981 2310 4052 pra-scribere
2334 3995 2440 4033 non
2474 3978 2795 4032 dubitarunt
2830 3978 2996 4032 iidem
3029 3974 3124 4045 qui
3175 3987 3340 4043 supra
3386 3972 3540 4026 hete-

1958 4074 2169 4139 rodoxi,
2203 4083 2261 4128 et
2295 4071 2588 4127 testimonii
2618 4071 2967 4137 gravitatem,
2999 4082 3105 4137 qua
3139 4080 3200 4121 se
3231 4063 3388 4121 obrui
3413 4078 3536 4117 sen-

1959 4165 2185 4224 tiebant.
2222 4163 2421 4232 duplici
2450 4160 2803 4231 responsione
2832 4160 3079 4224 elevare;
3111 4158 3291 4227 prima
3315 4155 3535 4226 quidem

1959 4257 2081 4321 hac,
2107 4272 2214 4310 non
2239 4256 2491 4324 religiosa
2520 4254 2632 4308 illic
2654 4253 2906 4323 angelum
2940 4252 3253 4320 precatione
3272 4246 3533 4309 invocari,

1956 4348 2049 4403 sed
2079 4346 2351 4401 rhetorica
2393 4347 2658 4400 duntaxat
2692 4343 3020 4414 apostropha
3046 4338 3337 4410 appellari;
3365 4336 3533 4390 altera

1960 4440 2084 4502 ista,
2120 4440 2365 4507 spurium
2394 4452 2517 4493 esse
2570 4438 2712 4491 hunc
2744 4436 2944 4500 locum,
2978 4443 3033 4487 et
3078 4432 3322 4485 adultera
3373 4444 3532 4483 manu

1885 4511 1928 4565 Ῑ)
1959 4530 2255 4583 insertum:
2283 4545 2402 4599 qua:
2428 4530 2599 4598 gratis
2622 4529 2788 4592 dicta,
2816 4538 2870 4582 et
2903 4524 3090 4581 solidis
3114 4522 3277 4576 nullis
3310 4522 3533 4590 probata

1958 4621 2289 4688 argumentis
2307 4622 2477 4689 gratis
2494 4620 2678 4689 negari
2712 4628 2956 4686 possunt.
2976 4617 3171 4671 Fateor
3193 4612 3535 4682 apostrophis

1959 4714 2249 4784 aliquando
2303 4712 2495 4768 Patres
2546 4713 2663 4779 uti;
2715 4712 3041 4781 apostropha
3096 4711 3181 4764 hic
3217 4725 3372 4763 usum
3413 4722 3534 4764 esse

1959 4807 2273 4877 Origenem,
2308 4806 2359 4863 id
2389 4821 2520 4861 vero
2561 4819 2818 4873 pernego.
2861 4803 3132 4868 Profecto,
3163 4804 3205 4857 si
3241 4805 3327 4856 cui
3362 4804 3533 4856 lia-rc-

1960 4900 2066 4954 tico
2097 4899 2458 4953 invocandum
2496 4897 2755 4967 Spiritum
2813 4910 3062 4951 sanctum
3118 4896 3276 4950 bodic
3311 4894 3531 4962 neganti

1959 4992 2266 5048 testimonia
2300 4992 2517 5045 Patrum
2546 5006 2668 5044 eum
2702 4992 3071 5044 invocantium
3093 4989 3456 5059 objiciantur;
3486 4987 3534 5040 is

1956 5099 2089 5139 vero
2115 5085 2475 5153 apostrophas
2500 5083 2598 5138 has
2636 5098 2760 5138 esse
2806 5085 3151 5152 respondeat,
3188 5096 3385 5150 magna
3412 5096 3534 5135 esse

1959 5179 2173 5232 dicetur
2200 5178 2570 5247 responsionis
2599 5178 2760 5247 hujus
2788 5177 3039 5233 futilitas.
3075 5176 3183 5230 Nec
3205 5174 3374 5228 altera
3404 5189 3533 5228 vero

1959 5268 2417 5326 feliciorzGrarca
2465 5272 2701 5327 homilize
2743 5270 2901 5338 hujus
2955 5267 3283 5336 exemplaria
3317 5267 3533 5320 deside.

1959 5364 2068 5419 rari
2098 5366 2288 5429 aiunt;
2319 5364 2626 5418 elaboratas
2659 5378 2786 5417 vero
2814 5376 2934 5416 esse
2960 5376 2990 5414 a
3034 5359 3227 5413 Rnl‘tno
3250 5369 3308 5415 et
3334 5357 3532 5412 Hiero-

1957 5472 2121 5527 nymo
2150 5458 2644 5528 interpretationes,
2673 5471 2902 5527 quorum
2927 5456 3000 5513 sit
3024 5456 3158 5511 levis
3180 5454 3232 5509 in
3261 5454 3530 5522 interpre-

1961 5632 2083 5674 cum
2111 5632 2357 5687 pugnans
2384 5616 2744 5688 conquestio._
2764 5613 2955 5688 {Vide
2989 5622 3063 5688 et
3106 5612 3316 5688 Bullum
3345 5611 3397 5666 in
3426 5609 3534 5688 De-

1959 5688 2091 5756 fens.
2112 5683 2253 5812 Ἰὶιιξί
2306 5683 2541 5744 Νίσαήἁτ
2562 5727 2577 5753 ,
2608 5687 2675 5741 dc
2709 5685 2828 5741 Filii
2867 5683 2945 5756 τῷ
2978 5683 3267 5757 όμοουσίῳ,
3299 5697 3421 5752 «πρ.
3480 5685 3535 5747 9,

1960 5774 2110 5812 num.
2223 5795 2235 5813 .
