4054 6310
469 339 570 429 s91

1728 339 1797 428 ἰ».
1839 338 2157 430 DANIELIS
2197 372 2431 430 HUETII

3607 370 3705 428 89?.

477 487 640 540 tando
702 486 866 551 tidcs;
923 485 1308 554 apostropham
1348 476 1582 554 denique
1637 485 1782 540 illam
1841 501 1961 542 esse
2013 504 2040 540 a
2148 487 2428 555 prmtendit
2456 487 2536 540 vir
2561 485 2797 556 alioquin
2827 485 3040 540 eximite
3070 485 3386 540 eruditionis
3407 484 3705 541 Ger..loan.

474 578 614 648 Stylo
639 577 886 646 Origenis
909 577 1156 630 alienam.
1191 576 1410 631 Certum
1438 578 1875 632 esthomiliarum
1905 581 2034 632 ista-

477 687 594 724 rtnn
633 671 689 722 in
721 669 1047 722 Ezechiele":
1085 669 1438 738 interpretem
1470 685 1592 724 esse
1627 668 2034 740 Hieronymum;

472 779 631 832 quem
662 761 706 815 si
744 760 1038 813 [uteremur
1067 759 1181 813 haec
1207 761 1272 813 de
1300 775 1398 814 suo
1434 761 1690 824 assuisse,
1754 761 1909 816 fateri
1944 777 2037 815 co-

472 855 730 913 gerentur
758 844 942 912 utique
982 845 1302 910 adversarii,
1337 847 1382 900 si
1426 849 1604 902 minus
1626 847 1940 918 Origenem,
1983 841 2040 903 at

471 946 621 992 certe
651 934 1044 1004 Hieronymum
1088 936 1401 1002 angelorum
1435 937 1829 993 invocationem
1857 956 2040 994 exem-

472 1029 557 1098 plo
583 1042 681 1080 suo
717 1025 1119 1094 comprobasse.
1154 1031 1222 1082 At
1276 1043 1407 1083 sane
1451 1043 1514 1082 ea
1551 1030 1869 1099 exceptione
1903 1046 2038 1099 opus

473 1117 574 1172 iton
607 1128 708 1172 est.
752 1117 908 1188 Stepe
939 1132 998 1172 se
1026 1121 1104 1173 ait
1153 1119 1534 1192 Hieronymus,
1570 1131 1625 1176 et
1659 1137 1759 1176 nos
1789 1122 1914 1177 alibi
1944 1125 2039 1178 do-

469 1211 701 1274 cuimus,
728 1211 1020 1264 verborum
1074 1227 1356 1265 numerum
1397 1212 1448 1266 itt
1481 1213 1890 1282 interpretando
1931 1231 2036 1269 non

472 1297 791 1364 reddidisse,
828 1299 1130 1352 sententias
1161 1299 1426 1352 duntaxat
1461 1300 1785 1369 appendisse
1817 1320 1830 1355 :
1869 1301 2034 1356 verba

473 1387 797 1456 neglexisse,
837 1402 1031 1440 sensus
1064 1387 1296 1442 ﬁdeliter
1342 1389 1654 1444 retinuisse.
1684 1389 1883 1445 Demus
1931 1391 2038 1444 ita-

472 1492 575 1543 que
597 1477 712 1531 hzee
741 1477 1036 1542 αὐτολεξεὶ,
1063 1478 1107 1531 si
1138 1478 1293 1542 forte,
1333 1480 1383 1532 in
1404 1479 1606 1534 Graecis
1641 1481 1713 1534 ita
1744 1497 1848 1536 non
1873 1482 2041 1537 exsti-

475 1569 636 1633 tisse;
668 1571 794 1623 dent
821 1571 979 1624 modo
1012 1569 1308 1624 adversarii
1341 1572 1670 1626 sententiam
1697 1574 1894 1641 ipsam,
1931 1588 2038 1642 qua

473 1660 648 1730 angeli
682 1663 994 1716 continetur
1018 1663 1310 1728 invocatio,
1339 1663 1481 1716 nulla
1509 1674 1660 1733 parte
1690 1663 1854 1718 fuisse
1883 1665 2039 1718 vitia-

476 1761 607 1804 tam.
637 1753 794 1819 Qnod
814 1754 1017 1807 addunt
1043 1765 1222 1808 autem
1254 1756 1601 1824 apostrophis
1624 1755 1926 1822 hujusntodi
1960 1758 2037 1812 uti

2146 579 2363 632 Vossius
2399 577 2493 631 lib.
2531 593 2546 631 I
2586 576 2660 631 De
2703 578 2838 645 orig.
2881 576 3036 641 ido!.,
3078 591 3196 647 cap.
3231 577 3284 632 9.
3323 574 3498 632 Porro
3547 592 3704 645 quam

2139 672 2319 742 priore
2351 671 2469 725 loco
2498 672 2844 725 adhibuimus
2891 672 3321 740 responsionem,
3369 687 3488 725 eam
3536 672 3704 738 ipsam

2139 776 2399 832 usurpare
2436 760 2554 815 fere
2597 763 2721 815 licet
2766 764 3028 815 adversus
3057 761 3173 816 loca
3217 763 3390 831 aliqua
3435 764 3703 831 Origeuis,

2139 853 2474 923 aliorumque
2498 852 2745 915 Patrum,
2787 853 2984 922 quibus
3033 855 3142 909 Deo
3171 854 3291 919 soli,
3334 871 3432 908 nec
3457 857 3713 923 cuiquam

2141 955 2402 1014 praeterea
2435 945 2610 998 cultus
2650 960 2712 998 ac
2743 944 2876 1000 ﬁdes
2907 946 3193 1000 tribuenda
3223 945 3625 1015 pronuntiatur,
3658 955 3709 998 et

2141 1037 2339 1102 quibus
2366 1046 2638 1104 receptam
2675 1050 2703 1088 a
2734 1035 3028 1092 Catholicis
3075 1037 3383 1108 angelorum
3414 1037 3708 1091 invocatio-

2143 1143 2288 1190 nem,
2319 1135 2374 1180 et
2407 1127 2474 1181 ad
2507 1141 2694 1195 preces
2731 1137 2946 1182 nostras
2977 1127 3085 1182 Deo
3117 1127 3418 1183 oﬁ‘erendas
3439 1128 3710 1197 allegatio-

2141 1231 2263 1270 nem
2305 1216 2624 1285 impugnare
2653 1218 2873 1272 student
2903 1218 3200 1272 adversarii
3241 1235 3257 1273 :
3290 1219 3431 1272 inter
3463 1234 3601 1287 quos
3628 1227 3710 1271 ta-

2141 1323 2265 1363 men
2298 1307 2568 1373 nonnulli,
2599 1310 2704 1363 viri
2729 1310 2946 1365 candidi
2977 1320 3033 1364 et
3061 1311 3278 1375 eruditi,
3313 1312 3538 1364 veritate
3565 1313 3715 1381 quip-

2141 1415 2208 1469 pe
2261 1399 2414 1465 victi,
2473 1400 2787 1470 angelorum
2842 1403 3287 1458 intercessionem
3352 1413 3408 1457 et
3457 1403 3714 1472 postulari

2139 1506 2318 1562 posse,
2347 1499 2402 1545 et
2435 1491 2710 1560 impetrari
2742 1493 2998 1548 fatentur.

2211 1582 2482 1638 XXXVII.
2517 1586 2847 1639 Accusatum
2882 1585 3009 1640 olim
3041 1585 3186 1641 'l'also
3221 1585 3508 1655 Origenem
3551 1585 3719 1641 refert

2141 1690 2442 1745 anonymus
2469 1678 2609 1743 apud
2639 1675 2891 1729 Photium
2920 1676 3225 1740 cod.cxvn,
3255 1691 3376 1730 cum
3407 1675 3590 1729 multis
3621 1691 3719 1730 uo-

2143 1769 2398 1834 uiinibus,
2443 1777 2554 1821 tum
2604 1769 2806 1823 idcirco
2835 1768 2975 1835 quod
3005 1768 3377 1830 allirmaverit,
3415 1769 3497 1820 ὅτι
3529 1767 3599 1824 τά
3621 1785 3716 1839 χε-

473 1844 758 1914 Origenem
793 1858 898 1896 non
957 1843 1172 1912 solere;
1231 1847 1280 1899 id
1313 1847 1529 1915 quidem
1564 1849 1616 1901 in
1666 1851 1824 1904 tomis
1855 1864 2039 1903 verum

2147 1859 2347 1930 ρουϐὶμ
2383 1860 2616 1912 ἐπίνοιαι
2645 1859 2740 1912 τοῦ
2771 1859 2902 1912 Υἱοῦ
2937 1861 3073 1913 εἰσιν
3093 1876 3106 1889 ·
3143 1877 3162 1910 ι
3185 1857 3540 1913 Cherubimos
3573 1861 3722 1928 cogi-

473 1953 596 1991 esse
617 1938 985 2003 concedimus,
1022 1938 1072 1991 in
1107 1939 1339 1994 homiliis
1372 1956 1476 1994 non
1513 1942 1663 2006 item,
1695 1959 1816 2012 quae
1853 1943 2037 2010 hujus-

476 2031 617 2083 modi
648 2030 933 2099 pigmentis
959 2040 1013 2084 et
1040 2032 1225 2100 ﬁguris
1247 2032 1289 2086 si
1315 2049 1418 2086 non
1447 2033 1690 2100 refertae,
1740 2051 1803 2088 ac
1827 2037 2039 2103 penitus

476 2131 622 2175 certe
647 2136 826 2174 vacuae
856 2135 962 2174 non
990 2132 1135 2175 sunt.
1168 2124 1358 2176 Audivi
1382 2127 1641 2192 quosdam
1675 2135 1935 2194 praeterea
1963 2142 2032 2180 ex

474 2213 660 2266 eadem
691 2221 863 2277 secta,
885 2212 1062 2283 angeli
1092 2215 1307 2268 nomine
1329 2227 1570 2270 aetatum
1607 2217 1695 2271 hic
1723 2219 2036 2287 episcopum

476 2313 784 2359 asserentes
813 2345 827 2370 ,
865 2305 1324 2373 quemadmodum
1376 2307 1774 2377 Apocalypseos
1827 2323 1949 2377 cap.
1998 2323 2038 2364 ιι

474 2405 531 2449 et
575 2411 635 2450 ιιι
673 2396 861 2450 eadem
917 2397 1232 2466 angelorum
1267 2397 1625 2464 appellatione
1677 2398 2038 2452 Asiatiearum

476 2489 844 2543 Ecclesiarum
895 2489 1133 2558 episcopi
1197 2488 1594 2557 signiﬁcantur.
1651 2488 1887 2542 Puderet
1923 2490 2043 2544 illos

475 2596 583 2634 sua:
607 2581 972 2650 responsionis
995 2581 1040 2633 si
1062 2581 1226 2634 totius
1259 2580 1358 2634 loci
1375 2581 1762 2634 coluerentiam
1783 2584 2049 2637 attentius

478 2672 897 2740 perspicerent,
945 2671 998 2724 in
1048 2687 1155 2738 quo
1218 2671 1528 2725 tntelarium
1577 2672 1891 2742 angelorum
1919 2712 1935 2738 ,
1977 2676 2042 2729 ad

474 2765 780 2832 exemplum
827 2763 1050 2826 Christi,
1084 2772 1143 2817 ut
1176 2764 1278 2817 sibi
1320 2763 1534 2832 quidem
1565 2764 1802 2832 ﬁngebat
1849 2763 2040 2835 Orige-

476 2871 592 2932 nes,
625 2857 690 2910 de
715 2855 854 2910 caelo
880 2855 1343 2917 descendentium,
1369 2866 1423 2909 et
1459 2855 1708 2910 humanae
1734 2857 1926 2911 salutis
1951 2863 2046 2912 cu-’

476 2961 590 3000 ram
613 2945 1020 3016 suscipientium
1051 2944 1330 2998 manifesta
1356 2945 1581 2998 habetur
1614 2946 1836 3000 mentio.
1871 2947 2046 3002 Verba

477 3039 592 3092 haec
624 3047 750 3091 sunt
781 3055 795 3092 ε
827 3055 847 3088 ι
872 3037 983 3091 Non
1006 3036 1198 3091 sullicit
1221 3052 1384 3090 unum
1420 3036 1615 3091 coalqu
1650 3038 1842 3106 aperiri
1873 3056 1886 3092 :
1914 3053 2046 3107 ape-

477 3131 692 3184 riuntur
722 3129 961 3199 plurimi,
989 3139 1047 3184 ut
1078 3129 1409 3184 descendant
1453 3145 1556 3184 non
1591 3130 1659 3183 ab
1691 3147 1818 3196 uno,
1861 3135 1952 3187 sed
1977 3135 2046 3188 ab

2141 1949 2374 2004 taliones
2395 1948 2512 2002 Filii
2535 1965 2674 2004 esse.
2703 1969 2720 2000 ι
2751 1949 2970 2004 Crimen
3001 1949 3143 2003 istud
3177 1948 3446 2018 quomodo
3478 1950 3546 2003 ab
3577 1949 3718 2001 Ada-

2140 2042 2344 2093 tnantio
2371 2039 2631 2108 depulerit
2655 2053 2954 2109 auonymus
2980 2039 3099 2099 iste,
3125 2038 3374 2106 equidem
3401 2038 3620 2102 nescio;
3650 2052 3716 2090 ex

2139 2131 2319 2185 Pbotii
2353 2138 2531 2181 tamen
2565 2128 2745 2182 verbis
2791 2127 2842 2181 id
2877 2127 3089 2181 videtur
3128 2127 3412 2194 consequi,
3459 2136 3720 2194 tanquam

2140 2221 2274 2276 falso
2303 2219 2559 2282 conﬁcta,
2585 2231 2638 2272 et
2666 2217 2885 2287 Origeui
2915 2233 3011 2287 per
3031 2218 3357 2272 calumniam
3391 2219 3622 2286 impacta
3649 2218 3720 2270 ab

2140 2315 2244 2368 hoc
2288 2311 2405 2378 ejus
2437 2317 2663 2378 patrono
2703 2309 2867 2362 fuisse
2905 2309 3204 2364 confutata.
3237 2309 3620 2362 Verumtamen
3662 2318 3722 2361 nt

2141 2406 2270 2460 illud
2297 2407 2364 2458 ab
2384 2403 2618 2473 Origene
2649 2403 2906 2469 scriptum
2929 2402 3139 2462 demus.
3175 2401 3379 2470 liquido
3411 2411 3596 2453 tamen
3629 2401 3721 2468 jn—

2145 2495 2394 2555 raverint,
2427 2501 2485 2546 ut
2523 2492 2626 2545 alia
2659 2491 2772 2544 lere
2807 2491 3012 2553 omnia,
3041 2492 3122 2544 sic
3149 2505 3211 2544 ea
3247 2505 3462 2559 quoque
3487 2489 3623 2562 ἀλλη
3640 2507 3722 2558 {o-

2145 2586 2308 2659 ρικῶς
2339 2585 2512 2653 ipsum
2544 2583 2907 2652 proposuisse.
2947 2581 3144 2635 Eadem
3196 2581 3377 2650 itaque
3423 2581 3604 2635 valeat
3635 2583 3724 2636 hic

2145 2676 2446 2746 responsio,
2492 2689 2598 2742 qua
2630 2675 2696 2726 ad
2740 2688 2860 2726 eum
2893 2687 3054 2741 supra
3097 2672 3467 2724 excusandum
3505 2672 3587 2725 usi
3629 2687 3722 2726 su-

2145 2785 2284 2833 mus,
2325 2783 2446 2823 cum
2485 2766 2684 2820 Filium
2720 2775 2774 2818 et
2807 2764 3070 2834 Spiritum
3121 2772 3373 2818 sanctum
3422 2766 3558 2818 duos
3600 2779 3725 2819 esse

2147 2862 2517 2931 Seraphimos,
2546 2868 2602 2914 et
2627 2858 2901 2912 Christum
2939 2869 3152 2926 quoque
3185 2858 3356 2910 virum
3389 2872 3514 2912 eum
3563 2860 3721 2911 steri-

2148 2953 2255 3008 lem
2317 2966 2439 3006 esse
2497 2951 2736 3015 diceret,
2791 2961 2951 3018 quem
3008 2958 3398 3004 commemorat
3453 2947 3723 3005 Jeremias

2146 3059 2266 3114 cap.
2298 3058 2436 3105 xxn,
2469 3056 2611 3096 vers.
2634 3038 2727 3094 50.

2215 3134 2505 3190 XXXVIII.
2547 3134 3040 3189 Animadvertimus
3078 3147 3238 3201 supra
3288 3134 3499 3189 diversa
3528 3135 3720 3205 Origeo

474 3223 724 3276 omnibus
752 3223 905 3278 ctelis
937 3223 1108 3291 angeli
1142 3226 1206 3276 ad
1237 3238 1331 3277 eos
1352 3223 1444 3291 qui
1474 3223 1712 3276 salvandi
1741 3234 1869 3277 sunt
1905 3243 1917 3278 :
1951 3241 2045 3278 ειη-
2071 3208 2113 3265 C
2149 3247 2268 3285 nem
2299 3229 2503 3299 angelis
2531 3242 2598 3281 ac
2631 3227 2965 3282 daemonibus
3005 3225 3276 3280 allinxisse
3305 3241 3558 3294 corpora,
3587 3231 3719 3283 citra

475 3315 578 3380 geli
601 3316 690 3383 qui
740 3317 1105 3370 ascendebant
1138 3325 1192 3368 et
1218 3316 1616 3370 descendebant
1659 3331 1820 3385 super
1851 3317 2045 3374 Filium

476 3409 726 3475 hominis,
760 3419 815 3462 et
844 3418 1191 3463 accesserunt
1217 3409 1280 3461 ad
1304 3423 1446 3471 eum,
1480 3418 1536 3462 et
1565 3409 1939 3464 ministrabant
1972 3412 2042 3466 ei.

478 3499 879 3553 Descenderunt
918 3511 1097 3553 autem
1129 3499 1326 3568 angeli,
1360 3501 1485 3568 quia
1513 3501 1664 3568 prior
1697 3501 2048 3557 descenderat

473 3591 746 3657 Christus,
783 3603 1084 3646 metuentes
1117 3591 1465 3658 descendere,
1508 3592 1817 3662 priusquam
1869 3593 2050 3647 Domi-

477 3700 576 3737 nus
599 3684 853 3737 virtutum
887 3685 1152 3746 Omnium,
1184 3698 1470 3752 rerumque
1502 3686 1836 3754 praeciperet.
1868 3685 2050 3752 Quan-

476 3776 545 3827 do
589 3786 768 3830 autem
815 3778 1065 3831 viderunt
1112 3775 1419 3845 Principem
1462 3778 1666 3832 militiae
1709 3779 1944 3834 caelestis
1993 3780 2047 3833 in

477 3867 826 3922 terrestribus
893 3867 1022 3921 locis
1078 3868 1422 3933 commorari,
1480 3879 1605 3924 tunc
1657 3886 1750 3940 per
1805 3881 2047 3940 apertam

477 3959 618 4010 viam
662 3957 886 4026 ingressi
937 3967 1063 4011 sunt
1113 3969 1397 4028 sequentes
1435 3960 1718 4016 Dominum
1757 3978 1937 4029 suum,
1997 3975 2050 4018 et

477 4059 726 4118 parentes
757 4049 1016 4103 voluntati
1051 4050 1190 4120 ejus,
1232 4053 1322 4119 qui
1359 4052 1637 4108 distribuit
1673 4070 1765 4110 eos
1799 4059 2049 4112 custodes

476 4139 811 4192 credentium
846 4140 1042 4192 nomini
1069 4154 1190 4193 suo.
1225 4139 1302 4192 Tu
1336 4139 1451 4195 lteri
1491 4143 1592 4196 sub
1619 4143 1882 4200 daemonio
1901 4160 2046 4210 eras,

478 4232 636 4286 hodie
663 4233 762 4286 sub
793 4231 1003 4302 angelo.
1032 4251 1050 4283 ι
1090 4232 1291 4286 Deinde
1319 4249 1333 4285 :
1365 4251 1382 4282 ι
1411 4231 1692 4287 Multitudo
1715 4236 1914 4290 militia!
1939 4251 2051 4290 ete-

480 4324 628 4378 lestis
678 4332 806 4379 erat
869 4325 1205 4378 laudantiqu
1265 4337 1320 4381 et
1378 4327 1791 4397 gloriﬁcantium
1844 4327 2045 4394 Deum;

477 4417 689 4483 quando
741 4425 898 4470 natus
935 4425 1017 4470 est
1066 4416 1334 4471 Christus.
1395 4417 1586 4472 Omnia
1640 4416 1846 4486 angelis
1892 4419 2048 4488 plena

479 4515 622 4560 sunt.
657 4505 822 4573 Veni,
870 4508 1074 4578 angele,
1109 4511 1322 4579 suscipe
1343 4523 1591 4566 sermone
1630 4524 1948 4564 conversum
1979 4509 2048 4563 ab

478 4612 666 4650 errore
687 4599 936 4666 pristino.
965 4619 982 4650 ι
1019 4599 1204 4655 Robur
1235 4601 1316 4653 his
1338 4599 1551 4652 additur
1575 4614 1639 4653 ex
1675 4599 1776 4654 hoc
1805 4600 2048 4655 testimo—

481 4689 571 4742 nio
603 4688 785 4742 homil.
825 4689 894 4744 25
925 4692 979 4744 iu
1005 4690 1133 4748 Luc.
1169 4709 1190 4748 :
1225 4713 1245 4745 ι
1271 4694 1377 4761 Ego
1406 4709 1510 4746 non
1543 4693 1756 4762 ambigo
1778 4703 1832 4747 et
1861 4694 1912 4747 in
1940 4708 2049 4748 cm-

481 4793 534 4834 tu
563 4790 746 4836 nostro
767 4782 953 4838 adesse
969 4786 1205 4855 angelos,
1236 4803 1339 4840 non
1365 4787 1534 4842 solum
1560 4787 1880 4855 generaliter
1900 4787 2046 4840 omni

481 4873 757 4938 Ecelesim,
793 4875 886 4928 sed
923 4875 1084 4929 etiam
1117 4878 1430 4948 sigillatim;
1466 4881 1532 4931 de
1565 4879 1759 4946 quibus
1798 4877 2049 4931 Salvator

480 4967 553 5020 ait
582 4984 597 5020 :
628 4966 814 5036 Angeli
843 4983 1023 5020 eorum
1053 4984 1255 5036 semper
1289 4970 1464 5023 vident
1501 4969 1689 5035 faciem
1736 4968 1916 5020 Patris
1948 4969 2048 5021 mei

478 5057 568 5126 qui
597 5057 650 5111 in
685 5059 827 5112 satis
867 5067 941 5111 est
965 5057 1032 5114 ‘9.
1070 5057 1273 5126 Duplex
1304 5059 1390 5112 hic
1435 5060 1591 5112 adest
1624 5059 1886 5123 Ecclesia,
1937 5073 2042 5111 nua

479 5149 783 5214 hominum,
810 5149 978 5203 altera
1010 5151 1343 5218 angelorum.
1371 5150 1429 5205 Si
1447 5151 1574 5219 quid
1599 5150 1752 5220 juxta
1778 5151 2042 5204 rationem

481 5249 538 5292 et
561 5239 712 5307 juxta
747 5241 1149 5310 Scripturarum
1178 5240 1407 5295 dicimus
1425 5241 1774 5302 voluntatem,
1801 5239 2049 5298 laetantur

483 5329 679 5400 angeli,
715 5340 771 5384 et
803 5345 960 5386 orant
992 5332 1290 5387 nobiscum.
1323 5351 1340 5381 ι
1371 5333 1558 5399 Itaque
1597 5331 1939 5401 perspicuum
1967 5338 2051 5385 est

484 5439 587 5477 non
616 5422 925 5492 episcopum
952 5423 1323 5491 interpellasse
1349 5421 1634 5490 Origenetn
1671 5422 1932 5487 inpriore
1959 5421 2050 5475 illo

488 5515 624 5581 loco,
659 5515 752 5569 sed
786 5519 1032 5580 angelum
1067 5518 1364 5570 invocasse.
1398 5512 1673 5565 Incassum
1706 5528 1835 5583 ergo
1865 5512 1929 5565 ad
1953 5527 2048 5564 an-

489 5607 726 5675 gelorum
758 5607 1146 5677 repudiandum
1165 5606 1365 5662 cultum
1393 5605 1640 5676 Origenis
1670 5604 2044 5659 auctoritatem

563 5804 606 5834 "
641 5804 822 5856 Matth.
861 5820 1013 5869 xutt,
1051 5803 1131 5859 I0.

2149 3323 2310 3377 ullum
2337 3321 2526 3384 οὐσίας
2559 3329 2614 3374 et
2653 3327 2860 3372 natura:
2892 3319 3205 3372 discrimen.
3251 3317 3328 3371 Ex
3358 3333 3424 3373 ea
3465 3321 3720 3389 Opinione

2150 3424 2272 3468 nata
2308 3424 2390 3468 est
2420 3414 2510 3467 illa
2547 3413 2736 3476 altera,
2765 3410 3004 3466 crassius
3031 3411 3152 3475 hoc,
3183 3419 3237 3464 et
3271 3411 3382 3463 aeri
3415 3420 3604 3464 nostro
3631 3424 3719 3462 co-

2146 3516 2365 3575 gnatum
2396 3505 2697 3559 dmmonum
2726 3519 2943 3575 corpus,
2968 3518 3056 3556 res
3087 3501 3168 3556 sui
3200 3502 3412 3572 generis
3441 3513 3718 3572 appetere,

2147 3597 2355 3652 sullitns
2389 3606 2536 3665 puta,
2575 3606 2624 3651 et
2661 3599 2875 3651 nidores
2913 3595 3329 3652 sacriﬁciorum.
3388 3607 3454 3647 ac
3499 3593 3722 3660 sangui-

2149 3707 2269 3743 Ilt'lll
2298 3690 2458 3742 etiam
2483 3691 2826 3742 victimarum
2865 3689 3118 3754 ligurire;
3151 3704 3250 3742 nec
3287 3687 3350 3740 iis
3379 3695 3590 3738 tantum
3627 3687 3719 3736 de-

2149 3783 2355 3846 lecturi,
2405 3783 2547 3851 quod
2577 3783 2819 3837 homines
2869 3781 3184 3834 idololatria:
3233 3780 3441 3834 deditos
3474 3791 3598 3830 esse
3645 3777 3720 3827 vi—

2149 3873 2332 3938 deant,
2376 3876 2470 3928 sed
2519 3875 2682 3928 etiam
2724 3881 2943 3942 propter
2983 3871 3318 3938 voluptatem
3370 3884 3434 3922 ac
3480 3867 3719 3929 delicias,

2149 3964 2347 4033 quibus
2383 3980 2570 4019 eorum
2610 3980 2840 4033 corpora
2881 3962 3208 4017 adiciuntur.
3247 3960 3510 4030 Origenes
3534 3959 3627 4011 lib.
3663 3973 3720 4010 ιιι

2147 4063 2330 4108 contra
2361 4054 2524 4119 Cels.,
2578 4072 2726 4108 unm.
2762 4057 2827 4109 57
2861 4074 2874 4110 :
2905 4055 3112 4116 Πάντες
3158 4053 3277 4122 μὲν,
3308 4051 3502 4118 inquit,
3531 4051 3579 4101 οἱ
3616 4046 3722 4100 Θεοὶ

2146 4145 2256 4200 τῶν
2281 4145 2448 4198 ἐθνῶν
2477 4147 2581 4198 εἱσι
2613 4144 2865 4214 δαιμόνια
2898 4143 3076 4214 λιχνά,
3108 4144 3202 4196 καὶ
3237 4141 3365 4210 περὶ
3393 4140 3490 4203 τάς
3512 4138 3719 4198 θυσίας,

2149 4237 2244 4289 καὶ
2293 4237 2362 4290 τὰ
2402 4237 2628 4307 αἵματα,
2664 4237 2759 4289 καὶ
2792 4235 2891 4298 τὰς
2920 4235 3027 4287 ἀπὸ
3057 4234 3162 4287 τῶν
3209 4231 3407 4285 θυσιῶν
3445 4228 3723 4298 ἀποφορὰς

2149 4327 2392 4381 καλινδού
2403 4344 2556 4398 μενα,
2591 4327 2683 4379 ἐπὶ
2703 4326 2885 4398 ἀπάτῃ
2901 4324 3008 4377 τῶν
3037 4324 3109 4395 μὴ
3134 4319 3625 4394 προσ-πεφευγότων
3653 4316 3725 4386 τῷ

2149 4419 2240 4474 ἐπὶ
2282 4420 2416 4472 πᾶσι
2463 4418 2610 4489 Θεῴ’
2648 4428 2704 4472 et
2738 4419 2830 4474 lib.
2856 4433 2926 4471 vn
2971 4428 3257 4486 sequente,
3295 4431 3440 4467 ιιιιιιι.
3482 4411 3538 4474 5,
3579 4420 3721 4478 posto

2152 4526 2311 4578 quam
2335 4511 2483 4579 ,dixit
2519 4510 2744 4578 spiritus
2774 4508 3038 4578 quosdam
3080 4509 3320 4573 impuros
3354 4506 3498 4584 eirea
3528 4515 3724 4557 terram

2151 4603 2366 4670 degere,
2399 4602 2502 4654 hoc
2529 4599 2786 4668 subjicit:
2827 4598 2988 4668 Δηλοῐ
3018 4599 3074 4652 δὲ
3117 4597 3177 4649 τὸ
3209 4597 3447 4650 τοιοῦτον
3479 4595 3609 4656 τοὺς
3631 4595 3724 4646 αὐ-

2148 4694 2276 4754 τοὺς
2308 4690 2597 4761 τυγχάνειν
2635 4689 2833 4754 καὶτὸ,
2866 4690 2985 4752 ταῖς
3025 4687 3132 4742 ἀπὸ
3159 4686 3267 4739 τῶν
3296 4684 3494 4738 θυσιῶν
3533 4682 3726 4736 ἀναθυ-

2154 4786 2370 4856 μιάσεσι
2406 4784 2502 4836 καὶ
2533 4784 2650 4844 ταῖς
2683 4781 2790 4834 ἀπὸ
2817 4780 2926 4832 τῶν
2962 4780 3208 4849 αἱμάτων
3232 4778 3326 4831 καὶ
3349 4775 3725 4845 ὁλοκαυτωμά-

2148 4894 2256 4929 των
2285 4876 2587 4945 ἀποφοραῖς
2616 4872 2924 4945 τρεφόμενα
2957 4871 3136 4924 at):th
3173 4870 3241 4923 τὰ
3278 4869 3523 4939 σώματα,
3574 4867 3727 4937 φιλη-

2148 4967 2441 5022 δονούντων
2493 4967 2606 5028 τοῖς
2661 4963 2944 5027 τοιούτοις,
2994 4965 3082 5015 ἐπ’
3123 4961 3252 5016 αὐτὸ
3302 4960 3590 5030 τυγχάνειν
3635 4974 3724 5010 τοι.

2143 5056 2382 5127 ὡσπερεὶ
2411 5055 2692 5124 φιλοζωεῖν
2714 5073 2728 5086 ·
2771 5066 2824 5109 et
2847 5055 2942 5108 lib.
2977 5070 3091 5120 vtn,
3117 5069 3263 5106 nunt.
3287 5051 3392 5105 50:
3421 5051 3501 5102 Τά
3531 5050 3588 5103 δὲ
3622 5065 3728 5101 πνι-

2146 5147 2268 5213 κτά,
2295 5146 2390 5200 τοῦ
2435 5147 2667 5217 αἵματος
2710 5147 2785 5218 μὴ
2827 5145 3194 5217 ὲκκριθὲντος,
3221 5145 3358 5215 ὅπερ
3390 5143 3558 5210 φασιν
3593 5136 3725 5194 εἶναι
3797 5203 3800 5205 λ

2147 5240 2352 5308 τροφὴν
2383 5236 2674 5306 δαιμόνων,
2721 5237 3072 5308 τρεφομένων
3104 5238 3224 5297 ταῖς
3262 5233 3357 5286 ἀπ’
3392 5231 3562 5286 αὑτοῦ
3607 5232 3724 5283 ἀνα-

2151 5329 2503 5398 θυμιάσεσιν·
2535 5327 2867 5398 ἀπαγορεύει
2911 5329 2940 5380 ὁ
2973 5329 3150 5396 λόγος,
3194 5327 3282 5379 ἵνα
3323 5325 3398 5395 μὴ
3435 5323 3723 5394 τραςεῶμεν

2154 5421 2327 5490 τροφῇ
2371 5419 2671 5490 δαιμόνων⁸
2718 5430 2773 5473 et
2815 5421 2866 5472 in
2905 5419 3230 5487 l’rotreptico
3284 5419 3353 5469 ad
3392 5416 3724 5483 martyrium,

2157 5525 2306 5561 nutu.
2331 5510 2444 5562 45:
2493 5511 2645 5562 Ἐπεὶ
2691 5510 2749 5564 δέ
2781 5528 2927 5572 τινες
2975 5509 3048 5580 μὴ
3088 5506 3424 5579 θεωροῦντες
3464 5505 3556 5558 τὸν
3609 5499 3725 5571 περὶ

2155 5600 2259 5655 τῶν
2285 5601 2550 5672 δαιμόνων
2572 5601 2747 5676 λόγον,
2787 5605 2878 5657 καὶ
2903 5602 2977 5665 ὡς
3011 5601 3149 5671 ὑπὲρ
3187 5599 3279 5652 τοῦ
3310 5595 3644 5668 παραμένειν
3673 5592 3722 5643 ἐν
