4054 6310
250 385 358 442 895

1079 375 1656 435 ORIGENIANORUM
1698 373 1826 430 LIB.
1872 371 1936 437 II,
1977 371 2134 427 CAP.
2176 369 2242 446 Il,
2284 366 2560 435 ρυιεδτ.
2591 362 2680 420 Ἦ.

3384 357 3507 419 .894

251 505 333 576 τῷ
358 504 522 572 πάχει
568 501 741 572 τούτῳ
769 500 860 553 καὶ
887 497 1144 568 περιγείῳ
1177 496 1319 568 ἀέρι,
1363 497 1604 566 δεόμενοι
1631 493 1837 566 τροφῆς

1947 491 1996 545 in
2028 489 2232 544 nullam
2268 487 2535 542 inclinans
2563 493 2796 554 partem,
2824 480 3094 552 subiungit
3117 479 3332 534 tandem
3356 493 3503 531 num.

250 597 349 666 τῆς
382 592 477 646 διά.
498 591 611 644 τῶν
645 589 1058 666 ἀναθυμιάσεων
1088 588 1434 657 ἐπιτηροῦσιν
1470 587 1604 640 ὅπου
1639 584 1830 638 κνίσσα

247 685 372 738 ἐστὶ
417 685 514 737 καὶ
562 684 791 754 αἵματα,
834 681 925 734 καὶ
957 678 1264 742 λιϐανωτοὶ,
1299 678 1720 743 ἐξευτελίζουσιν
1759 675 1830 738 ὡς

243 777 546 847 ,ἀδιάφορον
571 775 630 828 τὸ
658 774 824 835 θύειν,
863 769 1108 841 εἴποιμεν
1137 770 1203 822 ἂν
1237 772 1329 823 καὶ
1364 770 1497 841 πρὸς
1521 767 1716 828 ταῦτα,
1750 766 1831 818 ὅτι

177 875 198 889 ⁴
243 869 412 940 κεῖπερ
431 872 480 921 οἱ
509 865 712 937 τροφὰς
737 865 980 935 λῃσταῖς,
1012 862 1107 914 καὶ
1139 861 1380 931 φονεῦσι,
1417 861 1508 913 καὶ
1537 857 1832 930 βαρϐάροις

251 959 464 1028 ἐχθροῖς
489 955 582 1008 τοῦ
610 953 842 1024 μεγάλου
873 949 1136 1022 βασιλέως
1161 950 1503 1020 παρέχοντες,
1528 949 1603 1011 ὡς
1635 946 1694 1000 τὸ
1723 963 1833 999 κοι-

253 1049 342 1101 νὸν
373 1047 724 1117 ἀδικήσαντες
761 1043 1112 1106 κολάζονται·
1151 1041 1299 1110 πόσῳ
1334 1038 1492 1093 πλέον
1529 1041 1578 1092 οἱ
1599 1041 1707 1102 τοῖς
1733 1038 1833 1108 τῆς

254 1136 448 1199 κακίας
475 1135 770 1206 ὑπηρέταις
796 1130 885 1186 διὰ
914 1131 1008 1184 τοῦ
1048 1127 1192 1184 θύειν
1223 1128 1452 1191 διδόντες
1486 1128 1687 1199 τροφὰς
1729 1144 1833 1180 πα-

249 1224 659 1301 ,ρακατεχοὺσσς
685 1226 878 1287 αὐτοὺς
923 1225 980 1276 ἐν
1013 1221 1090 1292 τῷ
1117 1220 1377 1293 περιγεὶῳ
1425 1219 1594 1289 τόπῳ,
1635 1218 1834 1272 δικαιό-

167 1343 177 1351 ·
255 1338 392 1374 τατα
423 1321 487 1374 ἆν
520 1317 853 1387 ὲγκαλοῖντο.

247 1464 252 1472 ,
329 1413 384 1465 In
409 1409 595 1464 cadent
637 1423 799 1477 porro
821 1423 886 1459 ac
917 1403 1178 1472 Origenes
1206 1415 1369 1454 causa
1419 1409 1544 1453 sunt
1575 1399 1836 1453 vetustior

259 1505 354 1560 illo
381 1502 644 1562 Justinus,
673 1509 728 1555 et
767 1497 1042 1552 recentior
1072 1496 1348 1548 Maternus
1372 1492 1664 1554 Firmicus,
1686 1506 1836 1560 quo-

258 1612 378 1651 rum
416 1595 503 1648 ille
530 1592 746 1660 Apolog.
777 1605 793 1642 ι
829 1588 1019 1642 scribit
1047 1590 1268 1654 angelos
1301 1582 1604 1652 perduelles
1628 1583 1680 1634 in
1715 1596 1834 1634 ser-

259 1685 483 1736 vitutem
510 1681 760 1733 homines
783 1675 1076 1744 redegisse,
1101 1690 1221 1727 cum
1250 1674 1370 1726 aliis
1393 1672 1585 1732 modis,
1617 1681 1727 1724 tum
1748 1667 1836 1724 διὰ

247 1763 476 1840 ’διδαχῆς
511 1766 764 1838 θυμάτων
810 1765 906 1817 καὶ
931 1763 1307 1834 θυμιαμάτων,
1338 1763 1430 1815 καὶ
1465 1761 1724 1821 σπονδῶν,
1762 1753 1837 1813 ὧν

1937 583 1970 638 5
2006 599 2020 636 :
2057 600 2076 632 ι
2102 581 2169 634 Et
2213 595 2311 633 nos
2336 577 2551 647 quidem
2582 582 2739 646 prout
2773 575 3062 643 potuimus,
3084 563 3150 626 ex
3173 568 3505 638 singulorum

1939 672 2190 742 personis
2237 685 2357 739 quae
2388 668 2491 721 dici
2545 673 2771 734 possunt
2817 662 3192 732 disputationis
3235 676 3395 715 causa
3427 657 3508 728 de

1937 761 2164 832 singulis
2186 760 2532 828 dogmatibus
2565 757 2617 810 in
2643 756 2877 810 medium
2910 752 3243 821 protulimus.
3281 749 3380 816 Qui
3408 763 3510 828 auf

1941 865 2049 908 lem
2080 853 2230 924 legit,
2280 851 2444 920 eligat
2471 865 2538 904 ex
2576 849 2658 902 his
2687 863 2806 917 quae
2836 846 3010 915 magis
3051 841 3416 922 amplectenda
3437 838 3513 894 sit

1937 949 2096 1003 ratio.
2122 965 2142 999 ι
2192 944 2490 999 Denuntiat
2525 951 2786 1011 praeterea
2829 955 2933 992 non
2971 936 3159 1001 semel,
3197 917 3511 1011 διαπορητιτ

1939 1039 2051 1102 κῶς
2090 1051 2211 1094 sese
2241 1037 2532 1096 disserere,
2562 1048 2666 1087 non
2695 1028 3081 1100 καταφατικῶς
3106 1027 3277 1095 loqui,
3301 1007 3512 1095 siquam:-

1938 1133 2006 1186 do
2029 1129 2177 1184 visus
2202 1138 2285 1182 est
2314 1125 2520 1196 aliquid
2552 1125 2618 1178 de
2645 1137 2708 1177 ea
2749 1138 2806 1176 re
2840 1132 3102 1182 statuere,
3136 1127 3320 1187 utpote
3341 1117 3512 1180 incer-

1918 1233 2017 1288 _ta,
2061 1221 2293 1276 nondum
2319 1218 2574 1273 Ecclesiae
2613 1216 2850 1270 decretis
2884 1213 3210 1282 Origeuiano
3241 1223 3376 1271 aevo,
3414 1222 3513 1276 nec

1941 1314 2108 1368 multo
2147 1310 2543 1367 recentioribus
2565 1309 2819 1373 deﬁnita;
2851 1305 3300 1375 quemadmodum
3334 1301 3515 1370 decla-

1942 1407 2150 1461 rabitur
2187 1403 2437 1458 inferius.
2487 1401 2542 1455 Id
2579 1399 2866 1454 conlirmat
2900 1395 3207 1465 Pamphilus
3243 1395 3295 1447 in
3320 1392 3514 1460 Apolo-

1933 1499 2062 1569 .gia;
2089 1495 2334 1565 quamvis
2365 1491 2758 1562 disputationes
2788 1487 3040 1558 Origenis
3063 1485 3141 1538 vel
3162 1483 3514 1547 assertiones,

1941 1605 2077 1660 quas
2121 1589 2189 1642 de
2239 1587 2434 1640 animae
2486 1593 2630 1638 statu
2672 1591 2729 1636 et
2776 1578 3178 1648 dispensatione
3217 1574 3514 1645 proposuit.

1942 1679 2228 1736 nonnullos
2265 1677 2513 1744 culpasse
2537 1674 2810 1728 fateatur.
3501 1727 3503 1730 ι

2015 1769 2082 1824 II.
2108 1768 2379 1838 Imprimis
2408 1777 2612 1829 autem,
2641 1765 2873 1818 maxima
2900 1761 3027 1816 illud
3053 1759 3515 1815 animadversione

246 1863 456 1934 ¹ἐνδεεῖς
479 1860 751 1929 γεγόνασι,
806 1857 943 1930 μετὰ
965 1857 1024 1910 τὸ
1060 1857 1286 1911 πάθεσιν
1316 1855 1619 1926 ἐπιθυμιῶν
1648 1853 1842 1908 δουλω-

1947 1864 2160 1932 dignutn
2194 1869 2299 1925 est,
2330 1875 2394 1912 ex
2440 1857 2686 1927 superius
2716 1864 3014 1909 memorato
3043 1855 3258 1923 gemino
3285 1851 3388 1906 hoc
3423 1852 3518 1904 do—

258 1955 441 2024 θῆναι,
491 1971 509 2002 ι
533 1940 775 2004 docendo
811 1947 1229 2007 sacriﬁciorum,
1299 1945 1568 1999 sullituunt
1599 1953 1654 1997 et
1695 1943 1833 1995 liba-

262 2047 469 2098 tionum
518 2043 671 2102 ritus,
711 2043 906 2110 quibus
961 2048 1070 2093 tum
1119 2037 1490 2106 indiguerunt,
1549 2043 1833 2104 postquam

258 2137 615 2206 cupiditatum
662 2132 1034 2187 aﬂ'ectionibus
1083 2146 1204 2184 sese
1257 2129 1687 2184 submiserunt.»
1741 2126 1836 2192 llic

249 2243 396 2293 vero
437 2241 556 2295 cap.
588 2225 652 2279 M
691 2223 812 2277 libri
860 2223 934 2275 De
979 2238 1147 2280 error.
1191 2222 1403 2290 profan.
1447 2220 1598 2289 relig.
1645 2220 1838 2272 asserit

265 2318 621 2373 substantiam
656 2319 954 2370 (laetttonum
979 2331 1007 2367 a
1045 2313 1258 2368 diabolo
1299 2322 1681 2382 prognatorum
1714 2327 1837 2366 san-

261 2412 431 2480 guine
463 2409 801 2464 victimarum
836 2407 1053 2460 tmtriri.

837 2517 1162 2587 ρυιιΕΞΤΙΟ
1187 2519 1277 2571 VI.

915 2626 980 2663 DE
1012 2626 1198 2664 ΛΝΙΙΙΑ.

262 2706 306 2760 Ι.
352 2705 425 2759 De
458 2705 646 2758 animae
675 2705 873 2769 origine
915 2703 1044 2772 quid
1066 2708 1316 2755 statueret
1356 2697 1602 2772 Gri-rienes
1644 2706 1840 2748 certum

337 2794 440 2829 non
481 2776 683 2827 Itulmit.
725 2765 786 2826 Il".
827 2765 1170 2841 Exilogmate
1197 2765 1611 2841 προῦπάρξεως,
1650 2779 1697 2817 et
1727 2781 1842 2832 per-

337 2847 478 2912 petui
515 2845 769 2897 libertatis
802 2860 924 2896 usus
965 2839 1194 2912 inagrinta
1232 2839 1667 2909 Origenianorant
1691 2851 1837 2912 erro-

342 2905 457 2968 rum
501 2931 622 2982 pars
668 2914 940 2982 pro/luxit.
1003 2905 1568 2982 III.7Utrut_u'rmimas
1620 2905 1840 2958 rationis

342 2979 598 3050 compotes
623 3002 648 3036 e
668 2979 961 3036 substantia
996 2981 1170 3033 divina
1195 2979 1450 3050 delibatos
1474 2992 1582 3050 esse
1605 2991 1842 3027 asserue-

345 3058 432 3109 rit.
460 3046 556 3108 ιν.
587 3054 666 3106 An
691 3071 777 3108 eas
803 3069 1017 3118 corpore
1038 3051 1379 3118 antiquiores.
1409 3049 1462 3118 in
1490 3046 1842 3118 illudqucpro

342 3127 563 3189 peccatis
595 3124 844 3176 demissas
885 3114 1174 3187 putaverit.
1300 3116 1449 3189 Unde
1496 3131 1700 3189 nomen,
1727 3114 1843 3189 'I’u-

343 3185 435 3268 χὴ,
465 3195 656 3268 factum
689 3185 1056 3268 autumi-iverit.
1101 3187 1307 3268 V|._'E-a:
1339 3185 1719 3268 [tiam-altorum
1749 3185 1846 3268 cri-

341 3255 718 3318 minationibus
763 3273 838 3315 est
870 3261 1146 3328 appetitus.
1203 3257 1306 3313 VII.
1347 3257 1425 3328 All
1453 3255 1707 3328 doctrina:
1745 3255 1846 3328 Itu-

334 3339 427 3403 jus
473 3335 639 3403 fontes
691 3325 917 3403 digitusi
938 3331 1244 3384 intenditur.
1292 3327 1422 3383 VIII.
1451 3325 1636 3403 Quam
1685 3325 1844 3403 variis

341 3393 634 3470 Scriptura:
677 3393 800 3456 locis
843 3402 1028 3468 fulcire
1075 3410 1292 3470 conatus
1317 3408 1398 3470 est
1445 3394 1711 3470 Origenes:
1753 3393 1842 3447 IX.

347 3460 504 3529 Mulli
562 3474 679 3526 licet
722 3460 852 3526 eam'
889 3471 1126 3538 [traditus
1161 3468 1516 3538 labefactent.
1543 3460 1626 3518 VX.
1657 3460 1846 3538 Patres

339 3547 456 3614 ejus
480 3554 760 3614 assertores
775 3535 1139 3614 recensentur.
1159 3537 1248 3591 XI.
1269 3535 1416 3590 Nihil
1437 3535 1519 3586 his
1537 3535 1848 3614 (corporibus

344 3603 518 3684 fuerat
554 3616 640 3684 ab»
661 3607 892 3684 Ecclesia
929 3626 1084 3684 super
1112 3611 1206 3660 hoc
1235 3603 1845 3684 argumentadetermi-

255 3689 260 3692 ’
343 3669 547 3740 iratum.
581 3682 690 3736 XII.
728 3680 837 3734 Nec
863 3669 1027 3732 multo
1056 3669 1448 3731 recentioribus.
1490 3674 1626 3727 XIII.
1660 3669 1848 3724 Utrum

344 3757 549 3808 animas
574 3769 873 3817 corporeus,
911 3758 959 3803 et
988 3749 1131 3815 quali
1161 3763 1374 3817 corpore
1401 3745 1652 3811 pra-ditas
1675 3743 1848 3794 credi-

252 3867 256 3872 .
342 3826 498 3879 derit.
543 3822 681 3878 XIV.
714 3823 989 3889 Origenem
1016 3817 1232 3870 Patrum
1260 3816 1560 3889 multorum“
1580 3827 1845 3889 assensus.

254 3944 258 3948 .
344 3908 394 3948 et
422 3912 518 3947 sua
548 3882 1006 3959 excusare'potest
1044 3888 1324 3959 Itwsitatio.
1359 3883 1473 3938 XV.
1515 3882 1597 3959 Ea;
1629 3882 1850 3959 antiqua

342 3965 670 4037 philosophia
699 3950 1006 4037 opinionem
1043 3973 1213 4037 suam
1247 3955 1582 4037 deprpiitpsit.
1621 3950 1850 4037 Ittlri'ca-

347 4020 432 4090 tus
475 4020 905 4088 Métltodii'locus
937 4028 1248 4096 expleatur.
1295 4020 1432 4078 XVI.
1461 4020 1657 4096 _U_t_run_t
1686 4020 1852 4096 solum

347 4109 581 4160 animam
620 4102 880 4155 hominem
919 4089 1230 4152 constituere
1256 4098 1464 4147 dixerit.
1509 4091 1668 4146 XVII.
1703 4089 1852 4160 Ean-

349 4179 584 4229 miaatur
615 4165 1474 4241 Origenianapscavowpcitwctg.
1528 4160 1708 4241 XVIII.
1743 4158 1852 4240 ρει-

348 4247 673 4314 tltagoricam
711 4231 1524 4314 μετεμψύῇίωσξνῃρέομιίσηιιδρς
1554 4249 1583 4283 a
1617 4231 1856 4299 plurimis

348 4304 515 4369 «licius
548 4325 622 4367 est
649 4304 1018 4365 Adamantius.
1062 4306 1200 4360 XIX.
1233 4306 1336 4358 Sed
1371 4304 1548 4356 multis
1577 4311 1851 4369 purgatur.

349 4388 470 4442 XX.
503 4386 997 4438 Meteasomatoseos
1027 4389 1265 4430 auctores
1286 4378 1606 4442 produntur.

351 4480 396 4532 I.
431 4477 697 4542 Quoniam
757 4472 1032 4526 hominum
1065 4468 1298 4528 animas,
1334 4466 1577 4530 ejusdem
1623 4477 1746 4516 esse
1787 4477 1852 4515 ac

277 4570 500 4640 angelos
529 4566 736 4620 ordinis
775 4574 830 4618 et
866 4573 1070 4614 natura:
1096 4558 1266 4614 voluit
1289 4556 1574 4624 Origenes,
1608 4554 1854 4622 explora-

277 4674 331 4717 ta
370 4663 560 4717 horum
611 4659 764 4728 juxta
802 4657 967 4724 ipsius
1005 4653 1351 4708 deﬁnitiones
1381 4662 1595 4712 natura,
1644 4652 1713 4702 de
1749 4648 1854 4702 illis

280 4770 426 4810 nunc
454 4761 511 4806 ut
539 4766 782 4819 agamus,
819 4763 996 4800 rerum
1029 4746 1202 4799 series
1228 4743 1516 4796 desiderat.
1545 4741 1853 4796 Observan-

279 4850 408 4902 dum
445 4858 571 4897 vero
611 4841 738 4895 illud
784 4849 870 4893 est
900 4849 1030 4892 ante
1063 4836 1265 4899 omnia,
1298 4835 1588 4888 obscurum
1631 4848 1696 4885 ac
1720 4830 1856 4884 dilli-

263 4939 384 4992 -cile
409 4938 582 4990 visum
627 4937 726 4988 hoc
751 4941 1127 5002 argumentum
1151 4928 1394 4997 Origeui,
1434 4926 1622 4980 itidem
1648 4934 1708 4977 ut
1735 4924 1856 4976 aliis

283 5028 538 5084 Ecclesiae
569 5026 819 5079 Patribus
861 5024 1153 5092 pleriSque,
1203 5034 1522 5086 summaque
1554 5017 1606 5070 in
1647 5015 1859 5068 haesita—

266 5124 431 5175 ‘tione
474 5130 530 5174 et
571 5117 816 5186 angustia
865 5115 1028 5168 fuisse
1069 5124 1365 5166 versatum.
1421 5111 1553 5163 Cum
1600 5108 1742 5162 enim
1791 5107 1856 5160 Ii-

269 5217 382 5267 '-bro
414 5228 472 5266 ιιι
505 5211 576 5263 De
605 5209 851 5277 princip.,
907 5221 1029 5275 cap.
1065 5205 1119 5271 4,
1149 5219 1296 5256 num.
1330 5203 1380 5266 I,
1419 5201 1714 5270 praecipuas
1747 5208 1859 5252 tres

275 5303 648 5372 proposuisset
679 5302 744 5352 de
776 5298 957 5350 aninta
991 5297 1321 5359 sententias;
1361 5304 1536 5345 utrum
1570 5290 1766 5359 duplex
1789 5291 1860 5342 sit

267 5397 336 5448 'in
372 5393 553 5456 nobis,
592 5391 826 5444 divinior
852 5389 1020 5440 altera
1053 5397 1107 5440 et
1133 5389 1198 5438 de
1218 5387 1358 5439 caelo
1391 5384 1730 5451 deprompta,
1756 5381 1856 5432 alia

289 5485 549 5547 Inferior;
585 5498 650 5534 an
683 5495 786 5532 una
819 5489 1024 5532 tantum
1074 5476 1315 5529 cmleStis
1341 5473 1528 5543 juncta
1562 5469 1796 5538 corpori,
1831 5487 1862 5522 a

273 5593 392 5646 quo
417 5573 704 5630 inclinetur
729 5581 784 5626 et
815 5572 1150 5638 deprimatur
1182 5569 1250 5620 ad
1278 5569 1406 5620 vitia
1431 5583 1446 5632 ;
1475 5582 1542 5618 an
1570 5579 1695 5618 vero
1717 5578 1857 5617 con-

271 5679 396 5740 2stet.
430 5668 608 5722 anima
641 5665 884 5734 partibus
911 5663 1138 5722 duabus,
1185 5676 1412 5727 quarum
1449 5658 1554 5711 alia
1585 5658 1655 5712 sit
1697 5657 1861 5709 ratio-

296 5760 378 5813 nis
412 5757 706 5829 particeps,
748 5754 957 5808 ratione
987 5752 1155 5805 altera
1190 5762 1410 5815 careat;
1441 5762 1720 5818 postquam
1753 5749 1862 5811 sin,-

296 5849 446 5917 gulas
474 5856 724 5904 accurate
749 5845 1028 5914 opiniones
1068 5842 1301 5896 excussit
1333 5857 1480 5894 num.
1511 5839 1567 5905 τι),
1591 5839 1642 5906 5,
1676 5838 1705 5892 ιι
1734 5847 1779 5891 et
1808 5843 1861 5903 ὸ,

1937 1963 2138 2024 gmate,
2167 1951 2429 2006 mentium
2464 1945 2883 2020 προῦπάρξεως,
2922 1955 2975 1997 et
3011 1944 3150 2012 pleni
3181 1958 3244 1996 ac
3278 1945 3514 2011 perpetui

1933 2047 2209 2103 libertatis
2246 2060 2372 2100 usus
2404 2058 2622 2111 seraper
2666 2039 2904 2109 vigentis
2942 2053 3013 2104 ae.
3049 2039 3308 2105 ﬂorentis,
3342 2038 3516 2092 maxi—

1933 2157 2084 2220 mam
2147 2137 2597 2208 Origenianorum
2653 2148 2901 2190 errorum
2963 2144 3170 2202 partem
3219 2131 3514 2201 prodiisse;

1937 2247 2065 2285 nam
2108 2228 2363 2300 proﬂuxit
2397 2229 2523 2282 inde
2566 2226 2825 2296 quidquid
2860 2225 2973 2281 fere
3010 2227 3151 2280 circa
3204 2225 3517 2292 angelorum

1936 2332 2189 2400 naturam
2225 2327 2510 2388 peccatum
2539 2316 2606 2370 ab
2651 2331 2716 2370 eo
2742 2325 2825 2370 est
2867 2336 2879 2371 :
2935 2317 3058 2369 inde
3089 2314 3515 2386 μετενσωμάτω-

1945 2428 2049 2475 σις,
2090 2409 2195 2464 alia
2235 2409 2448 2477 aliaque
2498 2423 2724 2476 corpora
2771 2407 3128 2461 subeuntibus
3174 2406 3388 2473 animis,
3422 2420 3521 2474 pro

1942 2504 2098 2557 vario
2128 2501 2397 2556 libertatis
2430 2516 2528 2554 usu
2579 2520 2593 2556 ε
2642 2500 2768 2553 inde
2805 2500 2975 2555 solam
3031 2499 3264 2552 animam
3311 2499 3521 2553 censuit

1944 2596 2274 2649 constituere
2308 2593 2605 2658 hominem,
2634 2601 2910 2661 assumpto
2935 2591 3188 2645 nimirum
3221 2591 3274 2644 in
3303 2606 3519 2659 poenam

1946 2702 2195 2755 corpore,
2255 2695 2512 2754 tanquam
2558 2683 2774 2737 vinculo
2806 2693 2862 2738 et
2905 2683 3163 2750 compede
3219 2701 3233 2736 :
3287 2683 3426 2735 unde
3468 2689 3524 2736 et

1945 2777 2176 2831 tollenda
2207 2774 2306 2828 fuit
2349 2773 2696 2836 resurrectio,
2742 2787 2863 2824 nam
2909 2771 3038 2840 quid
3069 2784 3294 2838 corpore
3332 2768 3432 2822 hoc
3469 2782 3523 2822 et

1945 2869 2176 2924 vinculis
2197 2881 2335 2936 Opus
2364 2863 2570 2919 homini
2601 2867 2652 2917 in
2689 2864 2958 2932 integrum
2995 2860 3290 2914 restituto?
3324 2859 3523 2914 Gratiae

1945 2970 2160 3026 quoque
2207 2954 2529 3010 beneficium
2573 2951 2801 3021 peremit
2833 2949 2996 3002 nimia
3039 2949 3127 3002 illa
3155 2955 3210 3002 et
3235 2949 3522 3002 immodica

1948 3051 2190 3103 libertas.
2245 3045 2397 3102 [inde
2425 3061 2553 3100 vero
2594 3044 2798 3099 allictas
2823 3043 3063 3097 dicemus
3091 3043 3258 3096 astris
3291 3043 3522 3106 animas,

1945 3151 2000 3195 et
2023 3141 2250 3195 liberum
2287 3138 2596 3204 arbitrium,
2620 3153 2783 3207 quam
2807 3153 2873 3191 ex
2912 3139 3014 3192 hoc
3043 3135 3300 3190 mentium
3337 3149 3525 3187 ascen-

1872 3211 1912 3266 C
1946 3248 2006 3286 su
2037 3241 2092 3285 et
2121 3233 2412 3297 descensu,
2437 3229 2732 3294 crassiora,
2763 3229 2844 3282 v‘el
2882 3227 3161 3283 subtiliora
3190 3241 3255 3280 ac
3286 3227 3520 3295 splendio

1948 3325 2100 3377 diora
2132 3322 2480 3377 subeuntium
2509 3334 2736 3389 corpora
2766 3333 2865 3383 pro
2891 3317 3134 3372 meritis?
3187 3315 3327 3369 unde
3367 3330 3524 3368 vesa-

1951 3431 2016 3469 na
2049 3417 2164 3470 haec
2194 3425 2249 3466 et
2271 3412 2526 3483 pestifera
2551 3411 2755 3478 opinio,
2785 3410 3060 3463 Christum
3082 3406 3168 3460 vel
3195 3421 3412 3476 passum
3444 3407 3524 3460 vel

1954 3523 2236 3578 passurum
2261 3522 2359 3575 pro
2393 3504 2683 3568 sideribus,
2724 3519 2822 3573 pro
2845 3502 3051 3571 angelis
3091 3510 3144 3554 et
3170 3499 3523 3562 daemonibus,

1950 3614 2112 3668 quam
2149 3611 2212 3650 ex
2251 3597 2420 3650 altera
2457 3594 2584 3655 ista,
2615 3601 2836 3659 peccato
2875 3597 3097 3642 naturas
3130 3587 3248 3638 illas
3275 3599 3398 3639 esse
3425 3585 3522 3637 ob-

1954 3689 2166 3753 noxias,
2199 3702 2304 3740 non
2341 3699 2498 3740 secus
2529 3699 2593 3737 ac
2635 3685 2924 3743 humanas,
2967 3679 3301 3748 proindeqne
3336 3675 3522 3728 eadem

1955 3781 2295 3848 reparatione
2322 3793 2386 3832 ae
2415 3775 2655 3830 remedio
2686 3771 2970 3842 indigere?
3017 3771 3124 3824 Sed
3150 3777 3206 3822 et
3229 3766 3528 3836 praefinitus

1953 3875 2331 3926 dannnatorum
2357 3867 2636 3936 suppliciis
2664 3864 2854 3919 tnodus
2874 3878 2936 3916 ac
2960 3872 3167 3931 tempus
3184 3876 3247 3914 ex
3282 3875 3388 3927 quo
3412 3860 3527 3914 fon-

1958 3975 2008 4018 te
2044 3963 2305 4023 manavit,
2335 3976 2498 4028 quatn
2543 3973 2611 4011 ex
2643 3964 3024 4027 perseverante
3052 3953 3213 4005 etiam
3240 3961 3358 4021 post
3392 3950 3528 4004 inIIi-

1956 4066 2072 4109 ctas
2103 4068 2291 4124 pmnas
2326 4051 2591 4106 libertatis
2621 4048 2754 4102 usu?
2792 4047 3032 4114 Denique
3054 4045 3241 4114 positis
3271 4043 3355 4097 his
3383 4059 3531 4096 men-

1958 4147 2090 4199 tium
2118 4143 2561 4206 revolutionibus,
2596 4155 2657 4195 ac
2681 4154 2953 4207 nunquam
3004 4137 3243 4191 desituro
3269 4133 3523 4195 circuitu,

1960 4239 2169 4292 renasci
2210 4251 2422 4305 quoque
2471 4232 2700 4288 mundos
2754 4230 3048 4284 identidem
3095 4229 3354 4296 Oportuit,
3407 4239 3527 4278 cum

1958 4331 2229 4385 mentibus
2255 4329 2431 4382 denuo
2471 4327 2822 4396 peccantibus
2860 4338 2996 4378 nova
3045 4323 3237 4374 iterum
3288 4316 3529 4386 paranda

1956 4428 2137 4474 essent
2160 4417 2397 4480 vincula,
2434 4431 2569 4468 nova
2596 4415 2804 4468 scilicet
2825 4412 3145 4480 imponenda
3183 4420 3431 4473 corpora,
3464 4418 3529 4455 ex
3611 4437 3624 4442 -

1891 4548 1930 4600 D
1959 4527 2187 4581 quorum
2225 4509 2542 4564 diversitate
2578 4507 2811 4560 mundus
2839 4501 3145 4558 einerescit.
3180 4499 3308 4562 Quae
3345 4497 3388 4552 si
3413 4495 3534 4564 quis

1960 4603 2273 4659 observabit
2303 4603 2612 4671 diligenter,
2644 4615 2746 4652 non
2783 4593 3204 4665 repugnantibus
3229 4599 3283 4646 et
3307 4590 3536 4657 dissipa-

1969 4701 2036 4754 tis
2058 4697 2402 4768 dogmatibus
2441 4703 2692 4748 constare
2725 4692 3024 4745 doetrinam
3059 4686 3308 4756 Origenis
3344 4683 3536 4737 fatebi-

1971 4800 2078 4857 tur,
2125 4789 2219 4844 sed
2254 4800 2376 4857 apte
2416 4802 2716 4842 connexam
2760 4799 2900 4849 esse,
2937 4791 2990 4836 et
3026 4779 3333 4834 necessaria
3377 4791 3537 4844 argu-

1967 4890 2270 4934 mentorum
2290 4881 2432 4933 serie
2461 4894 2524 4932 ac
2551 4885 2763 4931 textura
2801 4875 3183 4928 cohaerentem.

2039 4990 2126 5045 Ill.
2155 4989 2392 5044 Primam
2419 4979 2488 5042 ini
2515 4989 2615 5041 hac
2639 4987 2944 5055 quaestione
2967 4982 3224 5034 adversus
3251 4975 3534 5042 Origenem

1954 5089 2204 5142 intentat
2251 5084 2693 5138 criminationem
2754 5079 3112 5146 Hieronymus
3146 5071 3304 5141 epist.
3351 5067 3420 5122 59
3471 5069 3539 5121 ad

1966 5179 2136 5244 Avit.,
2161 5193 2282 5247 cap.
2309 5177 2367 5241 4,
2397 5191 2522 5228 cum
2556 5175 2877 5226 arbitratum
2909 5169 3081 5236 ipsum
3115 5165 3281 5217 fuisse
3317 5161 3394 5213 ait
3419 5159 3535 5211 ani-

1970 5288 2087 5327 mas
2123 5285 2336 5333 omnes,
2377 5279 2433 5322 et
2477 5280 2814 5336 quaecunque
2855 5262 3064 5316 ratione
3101 5257 3323 5326 praedita
3357 5262 3483 5308 sunt
3509 5269 3540 5306 e

1967 5366 2062 5420 Dei
2091 5362 2393 5418 substantia
2415 5374 2672 5429 expressa
2721 5356 3004 5424 prodiisse,
3035 5351 3339 5418 divinaeque
3373 5349 3541 5414 ipsius

1971 5467 2179 5529 partem
2228 5471 2351 5508 esse
2409 5451 2747 5506 substantiae.
2785 5465 2803 5496 ι
2837 5443 2915 5498 Ne
2954 5457 3174 5512 parvam
3209 5448 3541 5508 putaremus,

1971 5551 2165 5620 inquit,
2221 5548 2556 5616 impietatem
2615 5557 2738 5594 esse
2805 5551 2994 5591 eorum
3045 5551 3166 5602 quae
3209 5531 3543 5601 pra'ntiserat

1973 5619 2278 5710 (Ot'igettcs)
2338 5638 2391 5689 itt
2438 5635 2676 5703 ejusdem
2743 5628 3032 5684 t'olutninis
3100 5624 3260 5696 (Περὶ
3321 5619 3540 5690 ἀρχῶν)

1976 5739 2079 5789 line
2108 5733 2381 5802 coniungit
2403 5745 2592 5784 omnes
2653 5724 3001 5780 rationabiles
3060 5732 3300 5782 naturas,
3359 5719 3408 5770 id
3458 5725 3542 5770 est

1981 5831 2218 5890 Patrem,
2256 5836 2311 5880 et
2355 5823 2569 5886 I’ilium,
2599 5829 2649 5888 et
2684 5818 2944 5888 Spiritum
2999 5823 3268 5878 sanctum,
3299 5807 3543 5879 angelos,
