4054 6310
517 341 625 404 805

1765 359 1827 415 Ρ.
1873 355 2192 413 DANIELIS
2229 358 2466 416 HUETII

3655 354 3766 411 896

508 483 825 545 potestates,
849 477 1267 545 dominationes,
1291 487 1623 550 craterasque
1639 479 1888 546 virtutes,
1913 481 2085 550 ipsum
2116 489 2164 545 Α
2192 483 2300 538 bet.
2333 502 2352 534 ι
2387 481 2561 537 Unum
2591 481 2740 537 addit
2762 480 3445 553 verbum,quodammoda,
3479 497 3498 532 ι
3533 477 3612 532 ait
3641 476 3769 533 Ilie-

508 581 722 638 quoque
745 570 1015 624 hominem
1040 571 1334 625 secundum
1363 571 1557 626 animae
1586 572 1902 640 dignitatem
1929 572 2088 626 unius

507 674 629 716 esse
670 660 1009 717 substantiae.
1057 660 1508 727 lntellectualem,
1549 663 1742 732 inquit,
1790 663 2087 718 rationabi-

509 749 722 821 lemque
765 764 1016 807 naturam
1060 753 1228 806 sentit
1261 753 1427 818 Deus,
1470 761 1526 808 et
1566 754 1878 824 unigenitus
1920 754 2089 811 Filius

508 843 652 913 ejus,
681 852 737 898 et
763 843 1002 914 Spiritus
1041 853 1304 910 suetus;
1337 846 1580 900 sentiunt
1621 846 1821 916 angeli,
1849 856 1906 900 et
1933 857 2090 918 pote-

507 943 698 1001 states,
722 943 1038 1006 ceterasque
1059 937 1319 1003 virtutes;
1344 937 1511 992 sentit
1534 937 1763 992 interior
1779 939 1961 1002 homo,
1997 940 2090 1009 qui

509 1026 576 1080 ad
607 1026 896 1098 imaginem
925 1038 980 1082 et
1011 1027 1419 1083 similitudinem
1455 1029 1548 1083 Dei
1577 1031 1832 1086 conditus
1861 1039 1966 1086 est.
2013 1031 2088 1085 Ex

506 1133 612 1185 quo
640 1120 986 1174 concluditur
1012 1120 1204 1180 Deum.
1241 1128 1296 1175 et
1329 1121 1442 1177 btee
1491 1123 1896 1192 quodammodo
1933 1123 2092 1179 unius

506 1223 628 1264 esse
660 1211 999 1267 substantiae.
1025 1232 1043 1265 ι
1076 1213 1228 1281 Quod
1251 1217 1304 1268 in
1331 1213 1567 1285 Origene
1595 1217 1951 1271 damnaverat
1976 1216 2094 1270 Hie-

505 1317 788 1374 ronymus,
826 1304 963 1360 idem
994 1307 1046 1360 in
1079 1304 1382 1362 Palaestinis
1399 1294 1724 1380 Origenistis
1747 1309 1966 1363 damnat
1993 1307 2088 1364 Ju-

507 1393 779 1450 stinianus
819 1395 870 1448 in
921 1397 1149 1466 epistola
1187 1399 1253 1453 ad
1296 1401 1540 1468 quintam
1597 1400 1885 1470 synodum,
1927 1415 2090 1471 quam

507 1481 672 1537 habet
709 1485 986 1538 Cedrenus
1036 1507 1050 1542 :
1082 1488 1317 1558 Λέγουσι
1353 1490 1460 1562 γὰρ
1507 1490 1589 1544 ὅτι
1623 1490 1740 1554 νόες
1780 1486 1922 1562 ἦσαν
1969 1492 2091 1563 δίχα

504 1575 710 1640 παντὸς
759 1577 992 1648 ἀριθμοῦ
1037 1596 1096 1632 τε
1143 1582 1236 1636 καὶ
1261 1582 1542 1654 ὀνόματος,
1577 1583 1653 1647 ὡς
1681 1583 1842 1638 ἑνάδα
1875 1585 2092 1639 πάντων

507 1662 647 1721 εἶναι
673 1667 780 1721 τῶν
806 1669 1038 1739 λογικῶν
1065 1675 1131 1743 τῇ
1157 1673 1444 1746 ταυτότητι
1471 1675 1573 1746 τῆς
1596 1676 1782 1740 οὐσίας
1813 1677 1908 1732 καὶ
1937 1678 2091 1748 ὲνερ-

505 1753 682 1824 τείας,
738 1759 834 1813 καὶ
869 1761 935 1831 τῇ
995 1759 1219 1832 δυνάμει
1264 1765 1331 1833 τῇ
1387 1763 1523 1834 πρὸς
1571 1765 1664 1818 τὸν
1719 1765 1851 1820 Θεὸν
1895 1766 2088 1835 Λόγον,

507 1845 696 1900 ινώσει
725 1866 784 1901 τε
813 1850 1130 1920 καὶγνὼσει.
1156 1871 1173 1904 ι
1201 1853 1549 1912 Dicuntenim
1567 1867 1776 1915 mentes
1791 1857 1957 1915 fuisse
1972 1863 2088 1916 abs-

2195 1862 2414 1918 cunqne
2467 1848 2644 1918 ipsum
2695 1847 2893 1918 spiritu
2959 1849 3250 1904 adorarent

509 1952 615 2004 que
637 1951 862 1996 numero
889 1951 942 1997 et
971 1945 1210 2012 nomine,
1243 1948 1376 2001 adeo
1404 1957 1463 2002 ut
1493 1936 1676 2004 rerum
1707 1951 1949 2004 omnium
2000 1964 2089 2004 ra-

510 2029 792 2087 tionalium
829 2034 1012 2090 unitas
1065 2036 1157 2100 sit,
1185 2052 1308 2091 cum
1345 2037 1485 2095 idem
1539 2040 1651 2096 sint
1680 2040 2005 2108 substantia,
2034 2049 2091 2096 et

507 2125 850 2192 operatione,
882 2135 936 2181 et
963 2128 1163 2183 virtute
1193 2145 1312 2198 qua:
1345 2138 1430 2186 est
1456 2134 1597 2202 apud
1635 2133 1800 2188 Deum
1827 2132 2088 2198 Verbum,

513 2225 625 2271 tum
673 2219 1000 2276 adunatione
1030 2231 1084 2275 et
1138 2223 1466 2293 cognitione.
1500 2243 1519 2277 ι
1577 2223 1828 2280 Gobarus
1872 2239 2087 2294 quoque

508 2305 774 2364 Tritheita
817 2310 924 2376 ille,
962 2313 1115 2382 cujus
1157 2324 1414 2382 excerpta
1446 2313 1663 2384 collegit
1703 2313 1930 2370 Photius
1965 2315 2087 2370 cod.

507 2414 752 2466 ccxxx",
780 2403 1027 2472 dogmata
1064 2403 1398 2475 multa,qua:
1433 2405 1546 2460 fere
1578 2406 1902 2476 Origeniana
1941 2417 2086 2476 sunt,

511 2493 562 2544 in
599 2505 890 2564 utramque
937 2495 1220 2564 disputans
1273 2507 1505 2567 partem,
1556 2508 1749 2552 octavo
1795 2497 1914 2554 loco
1959 2501 2088 2555 illud

513 2585 690 2650 habet,
712 2586 788 2650 ὡς
816 2589 880 2640 ὲκ
913 2587 1010 2657 τῆς
1035 2587 1190 2650 θείας
1223 2589 1413 2652 οὐσίας
1447 2591 1479 2661 ἡ
1511 2589 1824 2662 ἀνθρωπίνη
1853 2590 2088 2662 προελή-

507 2674 634 2729 λυθε
679 2676 846 2749 ψυχή,
904 2694 1012 2733 «ει
1057 2679 1237 2732 divina
1289 2681 1592 2736 substantia
1634 2681 1926 2736 humanam
1967 2683 2089 2738 ani-

509 2781 651 2819 mam
679 2769 1030 2835 processisse.
1061 2789 1080 2822 ι
1650 2834 1652 2836 τ

582 2855 705 2912 Fuit
733 2861 824 2914 illa
854 2863 1071 2931 quidem
1118 2864 1586 2935 Pythagoreorum
1639 2865 1916 2930 doctrina,
1950 2864 2088 2918 divi-

514 2963 596 3001 nae
643 2963 790 3004 auras
829 2951 1098 3021 particula
1162 2956 1373 3012 animas
1425 2965 1646 3011 nostras
1697 2967 1981 3024 constare,
2033 2967 2090 3013 et

513 3040 686 3097 Deum

864 3196 881 3212 .
927 3197 940 3210 .
985 3197 1003 3212 .
1045 3195 1062 3211 .
1105 3196 1119 3211 .
1165 3199 1182 3214 .
1225 3197 1240 3214 .
1285 3159 1364 3214 .’“.
1403 3161 1592 3225 ireper
1625 3178 1803 3215 omnes

2189 585 2454 640 ronymus
2485 571 2645 640 epist.
2689 570 2759 624 59
2787 572 2853 623 ad
2895 570 3065 637 Avit.,
3104 584 3226 639 cap.
3262 570 3317 636 4,
3353 589 3372 620 ι
3399 577 3460 623 ιιι
3505 569 3643 622 tanti
3672 583 3768 623 sa-

2189 661 2396 730 crilegii
2425 661 2632 717 crimen
2663 661 2952 732 effugeret,
2981 679 3002 713 ι
3037 660 3122 715 vel
3148 660 3377 715 fortasse
3399 669 3459 714 ut
3491 659 3769 729 opinionis
3803 726 3809 732 θ

2191 750 2353 818 hujus
2379 749 2694 819 neutiquam
2721 749 2934 805 amnem
2967 764 3027 805 se
3051 763 3174 805 esse
3205 749 3532 804 declararet.
3563 748 3657 802 Sic
3681 748 3772 802 ille
3799 743 3808 758 ’

2187 841 2408 910 quidem
2441 843 2494 896 in
2530 841 2670 896 libro
2703 841 2777 896 De
2802 843 3082 912 martyrio,
3114 858 3263 895 num.
3296 842 3362 896 47
3397 861 3411 896 :
3445 841 3650 895 Ἐτιδὲ
3674 842 3770 894 καὶ

2193 933 2447 1002 φιλοζωεῖ
2477 932 2780 1005 ἄνθρωπος,
2805 935 3009 1004 πεῖσμα
3049 932 3229 986 λαϐὼν
3256 933 3383 1004 περὶ
3406 933 3596 996 οὐσίας
3619 933 3769 1002 λογι-

2192 1024 2296 1095 κῆς
2339 1023 2540 1096 ψυχῆς,
2575 1024 2651 1088 ὡς
2693 1023 2927 1096 ἐχούσης
2953 1041 3005 1078 τι
3028 1024 3290 1094 συγγενὲς
3308 1024 3445 1097 Θεῷ.
3477 1024 3636 1092 Quod
3668 1026 3711 1079 si
3738 1040 3774 1080 e

2194 1116 2288 1170 Dei
2340 1116 2648 1171 substantia
2697 1114 2993 1170 delibatam
3034 1115 3342 1170 censuisset
3372 1116 3633 1179 animam,
3661 1129 3769 1170 non

2194 1203 2352 1262 amne
2396 1205 2600 1276 aliquid
2639 1204 2867 1270 habere,
2914 1206 3007 1261 sed
3059 1205 3231 1276 ipsius
3272 1205 3595 1275 particulam
3649 1219 3773 1260 esse

2193 1298 2424 1354 dixisset
2458 1297 2657 1353 :aﬂine
2704 1306 2885 1352 autem
2945 1313 3067 1353 cum
3127 1312 3195 1353 eo
3243 1297 3520 1369 quidpiam
3579 1297 3766 1364 habet,
3829 1296 3836 1301 ’

2193 1391 2337 1461 quod
2365 1390 2434 1445 ad
2479 1389 2597 1458 ejus
2646 1390 2938 1461 imaginem
2987 1391 3206 1445 condita
3253 1389 3344 1455 sit,
3374 1389 3517 1460 quod
3565 1389 3774 1445 lumine

2193 1484 2378 1538 divino
2413 1481 2595 1536 vultus
2632 1481 2804 1552 ipsius
2845 1484 3092 1552 signatus
3144 1482 3236 1547 sit,
3279 1483 3420 1553 quod
3451 1484 3640 1537 mortis
3675 1499 3774 1538 ex-

2192 1587 2337 1643 pers,
2361 1582 2417 1628 et
2442 1573 2717 1628 beatitatis
2751 1581 2966 1629 aeterna:
2995 1588 3164 1643 capax
3191 1571 3280 1628 sit.
3324 1571 3648 1628 Planissime
3673 1588 3773 1628 ve-

2193 1679 2256 1718 ro
2287 1677 2528 1718 errorem
2561 1662 2707 1718 hunc
2755 1662 3056 1732 impietatis
3090 1665 3268 1734 arguit
3311 1663 3364 1718 in
3400 1661 3771 1730 Heracleone;

2192 1756 2285 1828 qui
2319 1755 2560 1824 ejusdem
2604 1770 2727 1812 esse
2768 1771 2833 1811 ac
2867 1754 3035 1810 Deum
3085 1756 3337 1812 essentia:
3385 1757 3618 1826 tingebat
3649 1757 3776 1829 qui-

3299 1865 3316 1903 :
3353 1849 3776 1921 Ἐπιστήσωμεν

2191 1940 2270 2005 δὲ,
2306 1940 2478 2010 inquit
2519 1949 2664 1994 tome
2687 1955 2784 1994 χιιι
2822 1941 2878 1994 in
2905 1939 3092 2008 Joan.,
3126 1956 3278 1996 num.
3305 1939 3398 2005 25,
3442 1943 3493 1995 ei
3538 1941 3611 2012 μὴ
3643 1941 3774 2010 σφό-

2190 2032 2292 2106 δρα
2313 2033 2459 2087 ἑστὶν
2483 2032 2677 2096 ἀσεϐὲς
2696 2031 2978 2104 ὁμοούσιον
3003 2031 3144 2104 [lego
3167 2032 3502 2104 ὀμοουσίους]
3523 2035 3592 2104 τῇ
3611 2035 3775 2101 ἀγεν-

2193 2128 2339 2198 νήτῳ
2363 2124 2523 2196 φύσει
2549 2125 2646 2180 καὶ
2673 2124 3048 2197 παμμακαρίᾳ
3087 2121 3224 2179 εἶναι
3249 2126 3426 2194 λέγειν
3452 2125 3578 2189 τοὺς
3598 2141 3774 2196 προσ-

2193 2217 2489 2282 κυνοῦντας
2515 2217 2594 2288 τῷ
2632 2216 2900 2288 πνεύματι
2929 2217 3007 2288 τῷ
3037 2216 3155 2288 Θεῷ
3191 2216 3326 2289 (⁸56).
3366 2217 3476 2272 Iloc
3508 2217 3674 2272 etiam
3715 2233 3774 2272 se

2191 2320 2386 2380 purgat
2413 2310 2673 2381 Origenes
2701 2310 2794 2364 illo
2816 2310 3068 2371 crimine.
3092 2310 3235 2380 quod
3278 2311 3515 2364 animam
3541 2324 3772 2378 corpora

2195 2413 2300 2456 tam
2340 2417 2458 2458 esse
2489 2402 2747 2468 decrevit,
2784 2411 2843 2456 ut
2869 2401 3008 2456 infra
3035 2401 3465 2466 declarabimus;
3491 2401 3583 2471 qni
3624 2401 3770 2454 enim

2194 2509 2455 2564 corporea
2481 2509 2567 2548 res
2592 2508 2716 2563 pars
2741 2509 2860 2550 esse
2883 2493 2974 2548 Dei
3003 2509 3233 2563 corpore
3261 2493 3523 2557 carentis,
3556 2492 3769 2562 qualem

2193 2599 2315 2639 esse
2351 2583 2592 2639 defendit
2629 2583 2918 2654 Origenes,
2952 2583 3058 2638 dici
3112 2583 3355 2653 poterit?
3405 2581 3541 2637 Hinc
3583 2583 3769 2648 Augu-

2191 2674 2366 2728 stinus
2412 2673 2507 2728 lib.
2548 2690 2562 2727 t
2606 2673 2680 2727 De
2728 2675 2874 2729 civit.
2923 2673 3042 2737 Dei,
3099 2689 3221 2744 cap.
3250 2673 3357 2727 i3:
3391 2673 3659 2727 «Animas
3688 2674 3771 2727 di-

2193 2777 2347 2832 cunt,
2381 2782 2485 2820 non
2520 2767 2954 2837 quidempartes
2981 2766 3096 2830 Dei,
3123 2767 3215 2820 sed
3259 2766 3429 2821 factas
3453 2782 3481 2819 a
3507 2767 3616 2819 Deo
3639 2781 3768 2835 pee-

2193 2871 2348 2911 casse
2377 2871 2406 2910 a
2440 2856 2737 2912 Conditore
2787 2858 3118 2924 recedendo;
3143 2868 3196 2912 et
3243 2857 3474 2912 diversis
3511 2872 3770 2928 progres—

2193 2946 2343 3002 sibus
2377 2963 2476 3016 pro
2501 2949 2823 3004 diversitate
2867 2959 3214 3019 peccatorum
3256 2967 3284 3004 a
3321 2951 3472 3007 ccelis
3500 2967 3671 3021 usque
3703 2952 3769 3005 ad

2195 3050 2390 3105 terras,
2420 3041 2637 3097 d:t'ersa
2665 3057 2896 3112 corpora
2941 3045 3096 3114 quasi
3132 3045 3345 3099 vincula
3383 3045 3666 3100 meruisse.
3708 3045 3771 3099 Et

2193 3133 2336 3188 hunc
2361 3149 2482 3189 esse
2516 3136 2796 3202 mundum,
2833 3151 3063 3206 eamque
3095 3153 3317 3192 causam
3375 3139 3560 3192 mundi
3605 3137 3773 3193 fuisse

515 3223 828 3301 terrasque,
851 3235 1169 3301 tractusque
1197 3232 1381 3293 maris,
1409 3223 1695 3298 cretamque
1721 3232 2042 3301 profundum
2069 3248 2088 3288 :

2195 3223 2450 3291 faciendi,
2485 3242 2590 3279 non
2629 3236 2686 3280 ut
2735 3227 3103 3282 conderentur
3159 3227 3322 3294 bona,
3376 3233 3468 3284 sed
3521 3239 3581 3284 ut
3630 3229 3769 3284 mala

519 3293 654 3371 inlini:
694 3293 939 3371 pecudes,
972 3293 1234 3363 armenta,
1269 3302 1431 3367 viros,
1457 3293 1619 3370 genus
1653 3293 2088 3371 ontnc'ferarum,

515 3363 781 3436 Quemque
801 3367 903 3421 sibi
922 3379 1104 3422 lemm
1130 3363 1429 3425 nascentem
1457 3363 1726 3427 creauere
1753 3363 1906 3426 vitiis.

899 3457 1136 3529 (VIBGIL.
1169 3461 1384 3533 (ἔθου-9.,
1414 3462 1510 3518 lib.
1536 3479 1612 3527 tv,
1645 3479 1792 3520 vers.
1830 3464 1983 3536 29.1.)

516 3603 536 3636 r
565 3586 889 3656 Audiebam,
940 3610 959 3644 ι
995 3595 1071 3647 ait
1120 3593 1257 3650 Cato
1303 3597 1443 3664 apud
1471 3596 1732 3664 Tullium,
1764 3617 1782 3650 ‹
1809 3598 2078 3671 Ργιῑιειεοο

517 3691 654 3742 ram,
697 3679 1198 3753 Pytltagoreosque,
1251 3686 1460 3740 incolas
1529 3703 1667 3756 pene
1705 3699 1942 3754 nostros,
1990 3691 2083 3759 qui

453 3786 455 3788 ·
511 3784 696 3827 essent
744 3773 914 3829 ltalicl
958 3777 1266 3847 philos0phi
1311 3781 1587 3848 quondam
1640 3783 1923 3846 nominati,
1953 3800 2090 3838 nunc

511 3878 674 3932 quam
740 3867 1014 3922 dubitasse
1066 3874 1194 3938 quin
1233 3885 1300 3924 ex
1353 3872 1608 3927 universa
1668 3886 1850 3929 mente
1901 3863 2098 3929 divina

512 3953 784 4009 delibatos
821 3958 1035 4010 animos
1075 3959 1420 4018 haberemus.
1458 3982 1475 4014 ι
1527 3962 1582 4016 In
1628 3968 1817 4019 eadem
1873 3967 2092 4021 fuerunt

511 4045 829 4116 Opinatione
877 4049 1140 4105 Platonici
1182 4062 1237 4106 et
1280 4051 1473 4120 Stoici,
1513 4073 1674 4127 quam
1723 4071 1778 4112 et
1809 4058 2009 4119 Cerdo.
2038 4070 2092 4114 et

516 4137 748 4202 Marcio,
781 4150 835 4194 et
869 4140 1148 4196 Manichmi
1183 4145 1413 4198 subimle
1447 4149 1682 4216 amplexi
1719 4160 1864 4204 sunt.
1895 4150 2091 4205 lliere-

511 4245 708 4303 nymns
748 4233 908 4301 epist.
955 4233 1015 4287 6|
1055 4235 1120 4288 ad
1169 4233 1512 4302 Pammacln,
1557 4254 1678 4307 cap.
1721 4241 1778 4304 5,
1810 4241 1890 4294 sic
1928 4240 2094 4296 Joan-

513 4340 635 4378 nem
667 4323 1215 4398 Hierosolymitanum
1253 4328 1562 4399 interpellat
1594 4350 1606 4386 :
1644 4352 1662 4383 ι
1689 4333 1830 4387 Dicis
1881 4336 2092 4390 animas

512 4417 791 4471 hominum
840 4435 945 4473 non
981 4431 1190 4490 partem
1221 4438 1343 4476 esse
1379 4423 1469 4477 Dei
1499 4435 1706 4478 natura:
1739 4440 1754 4479 :
1788 4426 1946 4495 quasi
1974 4425 2090 4480 Ma-

513 4509 752 4564 nicbmns
813 4528 952 4565 nunc
1017 4513 1084 4565 ab
1151 4515 1450 4583 Epiphanio
1507 4517 1586 4570 sis
1649 4527 1957 4584 vocatus“
2038 4528 2092 4572 et

2192 3317 2603 3372 cohiberentur.
2655 3317 2794 3372 Hine
2827 3318 3096 3386 Origenes
3121 3319 3244 3387 jure
3273 3322 3523 3388 culpatur
3562 3340 3577 3376 :
3621 3321 3674 3375 in
3709 3322 3774 3374 li-

2191 3413 2306 3468 bris
2344 3412 2486 3466 enim
2537 3427 2677 3481 quos
2731 3411 2966 3481 appellat
3013 3413 3150 3480 Περὶ
3209 3411 3435 3483 ἀρχῶν.
3473 3413 3526 3468 id
3559 3425 3666 3480 est,
3697 3413 3773 3468 De

2190 3503 2492 3572 principiis,
2528 3501 2633 3556 hoc
2671 3502 2861 3569 sensit,
2895 3502 2998 3556 hoc
3045 3504 3290 3574 scripsit.
3327 3523 3343 3554 ι
3382 3503 3643 3575 Origenes
3673 3506 3773 3575 igi-

2194 3603 2282 3646 tur
2311 3593 2546 3657 animas,
2578 3608 2684 3647 non
2737 3593 2956 3663 quidem
3007 3605 3193 3660 partes
3240 3594 3354 3657 Dei,
3385 3595 3478 3650 sed
3532 3595 3708 3651 factas
3740 3610 3769 3650 a

2193 3686 2303 3740 Deo
2334 3701 2455 3740 esse
2485 3685 2735 3739 credidit.
2771 3682 2883 3739 Nec
2933 3686 3113 3740 minus
3143 3688 3247 3741 hoc
3281 3687 3435 3752 tttile,
3465 3688 3612 3757 quod
3646 3687 3770 3742 Hie-

2193 3790 2448 3846 ronymus
2482 3776 2640 3843 epist.
2666 3774 2762 3841 82,
2788 3775 2854 3827 ad
2886 3773 3254 3829 Marcellinum
3278 3774 3770 3845 etAnapsychiam,

2197 3883 2512 3937 germanam
2547 3865 2799 3938 Origenis
2837 3868 3160 3920 sententiam
3189 3868 3256 3921 ab
3303 3867 3404 3922 hac
3453 3867 3552 3936 ipsi
3597 3864 3772 3921 aﬂicta

2192 3961 2476 4031 distinguit
2515 3977 2578 4013 τι
2627 3959 2800 4028 Super
2840 3961 3033 4014 anima:
3083 3970 3248 4025 statu,
3294 3959 3487 4029 inquit,
3549 3959 3768 4013 tuemini

2192 4062 2387 4107 vestrae
2435 4052 2860 4121 qumstiunculae,
2927 4054 3036 4109 imo
3092 4054 3328 4106 maxime
3383 4052 3770 4107 ecclesiastica:

2194 4144 2512 4214 quzestionis
2549 4163 2564 4200 :
2599 4155 2778 4198 utrum
2815 4147 2961 4216 lapsa
3018 4146 3083 4198 de
3111 4145 3267 4199 .cmlo
3292 4147 3381 4210 sit,
3417 4154 3472 4197 ut
3505 4143 3770 4215 Pythago-

2194 4251 2280 4290 ras
2310 4235 2683 4306 pltilosophus,
2735 4253 3035 4306 ornnesqne
3086 4235 3354 4292 Platonici
3410 4246 3460 4290 et
3508 4236 3770 4304 Origenes

2195 4336 2416 4396 putant;
2455 4343 2522 4381 an
2550 4342 2578 4380 a
2611 4327 2828 4397 propria
2860 4327 2951 4382 Dei
2981 4331 3310 4389 substantia,
3348 4337 3403 4379 ut
3433 4326 3632 4393 Stoici,
3662 4327 3768 4380 lla-

2196 4417 2461 4484 uichteus,
2483 4426 2537 4472 et
2568 4417 2839 4487 Hispaniae
2861 4417 3186 4472 Priscilliani
3225 4419 3460 4474 haereses
3485 4406 3770 4490 suspican-

2197 4519 2304 4565 tur.
2330 4529 2348 4558 ι
2390 4509 2498 4564 Hoc
2539 4511 2756 4578 quidem
2797 4512 2866 4565 ob
2903 4513 3100 4581 dogma
3149 4511 3474 4566 Palaestinos
3521 4512 3772 4584 Origeni-

512 4615 633 4665 t'ap.
667 4599 699 4651 6
732 4622 741 4652 :
781 4620 798 4651 ι
829 4602 970 4656 Diris
1004 4605 1239 4658 animant
1265 4621 1367 4657 non
1391 4621 1512 4659 esse
1535 4607 1600 4661 de
1630 4606 1718 4660 Dei
1742 4608 2044 4661 substantia
2074 4625 2088 4675 ;
2124 4577 2169 4634 ί)
2195 4611 2309 4656 stas
2359 4601 2597 4668 pulsavit
2656 4601 3020 4665 Justinianns,
3080 4602 3283 4658 idcirco
3336 4603 3578 4658 fortasse
3631 4604 3772 4674 quod

514 4687 758 4757 pulchre,
814 4691 1039 4745 damnas
1085 4693 1229 4746 enim
1276 4693 1663 4763 impiissimum
1708 4695 2086 4762 Manichaeum,

511 4795 672 4848 quem
729 4783 1012 4838 nominare
1061 4786 1285 4853 pollutio
1337 4797 1418 4840 est
1445 4804 1459 4852 ;
1488 4807 1506 4838 ι
1541 4797 1594 4841 et
1642 4803 1764 4841 mox
1809 4803 1822 4842 :
1864 4806 1882 4838 ι
1917 4788 2087 4844 Nemo

512 4869 725 4923 dubitat
771 4884 961 4925 errare
1020 4873 1114 4941 qui
1160 4875 1292 4929 dicit
1344 4892 1460 4930 eam
1524 4876 1780 4950 (animam
1843 4881 2086 4934 rationa-

513 4958 637 5031 lem)
677 4977 798 5017 esse
825 4964 916 5016 Dei
947 4967 1336 5021 suhstantiam.
1379 4989 1397 5021 ι

588 5052 758 5122 Igitur
793 5052 1031 5111 Joannes
1066 5055 1155 5112 ille
1198 5056 1746 5131 llierosolymitanus,
1777 5065 1869 5135 qui
1891 5064 2082 5136 Orige-

512 5143 656 5196 nista
711 5147 870 5215 vulgo
918 5149 1199 5213 audiebat,
1245 5149 1313 5204 ab
1351 5166 1414 5205 ea
1455 5164 1632 5209 tamen
1677 5157 1961 5225 opinione,
2005 5158 2085 5212 fa-

513 5243 660 5288 tente
700 5237 1052 5312 Hieronymo,
1087 5250 1208 5296 erat
1263 5242 1512 5310 alienus;
1562 5247 1706 5314 quod
1740 5251 1808 5303 ad
1853 5265 2087 5320 purgan-

509 5326 639 5382 dum
675 5329 964 5398 Origenem
992 5333 1178 5388 valere
1216 5344 1414 5404 potest.
1455 5336 1574 5406 Ipse
1613 5340 1902 5412 Origenes,
1934 5346 2086 5415 cujus

509 5423 676 5478 verba
714 5440 810 5492 pro
847 5425 946 5480 hoc
974 5427 1228 5496 dogmate
1258 5431 1452 5484 recitat
1483 5432 1864 5505 Hieronymus,
1895 5452 2082 5493 vocent

508 5517 732 5580 addens,
775 5521 1180 5587 quodammodo,
1218 5525 1667 5591 reprehensiones
1717 5543 1746 5581 a
1794 5542 1852 5583 se
1897 5531 2082 5598 prohi-

582 5630 696 5705 (56)
730 5628 846 5705 Hoc
879 5633 1036 5685 etiam
1084 5651 1140 5687 se
1185 5645 1374 5704 purgat
1410 5635 1663 5705 Origenes
1713 5639 1808 5692 ilio
1839 5642 2082 5701 crimine,

512 5701 648 5766 quod
700 5702 931 5756 animum
990 5701 1328 5771 corporalem
1372 5724 1482 5760 esse
1510 5701 1777 5771 'decrcvit,
1806 5722 1914 5764 etc.
1963 5711 2082 5765 Jant

516 5783 676 5835 supra
713 5771 1117 5836 observavimus
1155 5789 1350 5844 qutest.
1386 5780 1440 5843 9,
1481 5777 1556 5834 De
1597 5781 1818 5850 angelis,
1841 5798 1990 5835 num.
2025 5781 2078 5845 ’5,

2191 4695 2428 4750 tributos
2457 4711 2649 4750 omnes
2692 4696 2913 4765 Origeni
2947 4711 3163 4751 errores
3206 4696 3276 4750 ab
3304 4696 3369 4750 iis
3403 4706 3771 4765 propugnatos

2193 4787 2363 4844 fuisse
2395 4789 2648 4857 opinatus
2677 4799 2759 4843 est
2787 4807 2800 4844 :
2827 4789 2911 4844 sin
2942 4790 2991 4844 ei
3046 4789 3392 4843 adhaeserunt
3427 4803 3644 4853 revera,
3679 4787 3768 4840 mi-

2191 4880 2338 4934 nime
2405 4895 2536 4934 sane
2599 4891 2930 4934 sectatorum
2989 4895 3211 4934 suorum
3276 4881 3523 4934 vesanias
3587 4893 3770 4932 omnes

2188 4970 2471 5040 prmstabit
2502 4971 2888 5026 Adamantius.
2927 4969 3082 5036 Quod
3117 4971 3160 5025 si
3200 4979 3377 5024 tamen
3407 4970 3581 5038 culpa:
3611 4969 3772 5035 hujus

2189 5062 2379 5117 fuisset
2412 5077 2554 5125 reus,
2603 5063 3010 5131 astipulatorem
3066 5062 3166 5131 ipsi
3199 5064 3453 5116 daremus
3480 5061 3521 5114 Τ
3527 5061 3771 5114 ertullia-

2192 5170 2340 5221 num,
2373 5155 2462 5223 qui
2501 5155 2594 5209 lib.
2641 5169 2692 5207 tv
2750 5155 3001 5207 adversus
3035 5153 3388 5219 Marcionem,
3417 5169 3540 5223 cap.
3571 5153 3664 5216 '58,
3695 5153 3769 5208 sic

2195 5251 2268 5303 ait
2300 5268 2314 5303 :
2350 5268 2369 5299 ε
2396 5249 2677 5303 Hominem
2712 5249 2874 5318 igitur
2913 5247 3059 5303 reddi
3082 5247 3241 5316 jubet
3272 5248 3549 5314 Creatori,
3588 5233 3768 5302 in'cu-

2186 5341 2276 5409 jus
2306 5341 2544 5412 imagine
2583 5351 2638 5395 et
2668 5340 3046 5406 similitudine,
3081 5350 3134 5396 et
3176 5342 3420 5406 nomine,
3452 5354 3508 5396 et
3544 5342 3767 5396 materia

2189 5452 2477 5505 expressus
2501 5445 2603 5490 est.
2632 5453 2652 5486 ι

2265 5527 2353 5584 IV.
2380 5529 2718 5585 Certiorihus
2749 5527 3012 5601 Origenes
3041 5539 3098 5585 et
3133 5528 3604 5585 manifestioribus
3646 5543 3766 5584 sen-

2195 5657 2446 5698 natnram
2499 5645 2697 5697 animm
2753 5645 2806 5698 in
2861 5656 3092 5713 corpore
3152 5644 3503 5714 quantumvis
3579 5639 3762 5701 subtili

2192 5730 2298 5770 non
2321 5714 2570 5784 posuisse
2605 5717 2918 5787 Origencm.
