4054 6310
230 365 328 424 391

1035 364 1610 421 ORIGENIANORUH
1647 363 1775 420 LIB.
1818 361 1884 427 ll,
1922 360 2074 418 CAP.
2111 358 2177 424 ll,
2212 356 2491 445 QUAEST.
2538 355 2625 409 Vl.

3369 355 3474 413 898

230 483 453 538 tentiam
511 487 653 539 hanc
697 485 933 556 signavit
982 486 1373 550 monumentis,
1407 500 1529 555 qua:
1585 485 1798 556 animas
1828 489 1871 545 Α
1901 494 2038 550 quas
2084 493 2213 533 vero
2252 486 2345 531 aut
2397 475 2551 540 nihil,
2604 484 2701 527 aut
2742 473 2994 542 exiguum
3038 470 3265 542 aliquid.
3324 469 3477 525 Unde

229 584 358 630 ante
410 591 639 647 corpora
663 593 691 631 a
727 579 837 631 Deo
859 577 1123 640 conditas,
1152 578 1202 629 in
1231 592 1406 645 eaque
1432 579 1510 632 sic
1544 586 1803 644 tanquam

228 667 282 720 in
326 667 597 737 ergastula
630 668 894 722 demissas
924 682 1019 735 pro
1048 669 1287 735 peccatis
1334 668 1596 722 decernit.
1629 668 1807 736 Atque

226 757 347 813 haec
372 758 529 811 alteri
559 758 626 811 de
665 758 981 829 angelorum
1014 757 1225 813 meritis
1256 768 1313 813 et
1351 758 1806 813 remunerationi-

226 848 332 902 bus
363 862 425 902 ac
452 849 628 918 poenis
656 849 903 917 superius
927 850 1191 919 expositae
1218 864 1465 904 connexa
1505 859 1608 905 est.
1635 848 1806 903 Natu-

231 959 323 1001 ras
344 947 490 999 enim
521 960 708 999 omnes
736 945 947 999 ratione
976 945 1250 1013 praeditas,
1284 945 1385 999 hoc
1417 953 1500 1001 est
1532 954 1741 1000 mentes
1774 960 1805 1000 a

229 1034 345 1088 Deo
387 1044 515 1089 ante
568 1035 751 1088 mundi
805 1034 1083 1104 opificium
1134 1045 1468 1104 procreatas,
1524 1035 1806 1106 liberoque

231 1125 528 1181 instructas
574 1127 803 1181 arbitrio
846 1126 1012 1182 fuisse
1062 1129 1298 1197 putavit;
1350 1143 1457 1197 qua
1516 1137 1667 1184 recte
1722 1128 1804 1183 vel

236 1221 379 1275 male
419 1220 612 1289 agendi
658 1220 915 1275 facultate
958 1220 1190 1275 diversis
1226 1232 1441 1276 utentes
1491 1221 1687 1285 modis,
1721 1220 1805 1275 di-

233 1330 423 1370 versos
455 1315 577 1370 inde
605 1314 689 1369 vel
711 1314 921 1384 gloriae,
952 1312 1038 1366 vel
1070 1313 1380 1381 ignominiaa
1398 1328 1460 1367 ac
1484 1326 1657 1379 paenae
1683 1328 1806 1381 gra-

234 1408 337 1462 dus
373 1404 540 1461 fuisse
586 1414 948 1470 consecutas;
982 1402 1120 1457 alias
1174 1403 1439 1472 siquidem
1492 1401 1804 1471 angelorum

235 1500 460 1566 adeptas
488 1510 611 1552 esse
652 1504 920 1561 naturam,
959 1508 1078 1563 quae
1111 1493 1374 1551 leviorum
1425 1507 1607 1551 essent
1639 1512 1805 1552 noxa-

236 1605 357 1643 rum
406 1589 617 1654 fontes;
657 1602 779 1657 quae
817 1596 1008 1641 contra
1056 1588 1211 1643 liberi
1252 1587 1471 1642 arbitrii
1498 1605 1723 1645 munere
1752 1592 1805 1644 in

232 1682 476 1735 deterius
503 1680 732 1734 fuissent
759 1680 962 1744 abusa,
989 1679 1042 1734 in
1075 1681 1348 1735 crassiora
1376 1697 1632 1751 corpora,
1664 1682 1809 1737 side-

234 1787 352 1826 rum
390 1781 540 1841 pnta,
583 1771 668 1825 vel
714 1772 1047 1837 dzemonum,
1089 1771 1174 1825 vel
1219 1772 1496 1826 hominum
1551 1786 1675 1826 esse
1715 1775 1809 1827 de-

231 1882 489 1938 pressas;
526 1869 606 1923 sic
654 1878 857 1934 tamen,
892 1879 951 1924 ιιι
975 1884 1299 1939 quocunque
1335 1870 1446 1925 sint
1469 1870 1611 1936 loco,
1642 1871 1807 1940 proﬁ-

233 1976 362 2016 cere
388 1961 603 2032 possint
632 1960 685 2015 in
715 1962 931 2026 virtute,
969 1964 1054 2017 vel
1100 1973 1288 2018 contra
1342 1962 1510 2017 relabi
1544 1964 1595 2017 in
1634 1963 1804 2027 vitia;

233 2062 289 2106 et
324 2068 422 2121 pro
456 2067 734 2122 regressus
781 2054 864 2108 sui
893 2056 979 2108 vel
1010 2069 1333 2125 progressus
1364 2055 1592 2117 ratione,
1626 2056 1693 2110 ad
1725 2071 1811 2109 su-

236 2146 505 2213 periorem
551 2146 851 2200 evehuntur
878 2155 1101 2211 statum,
1134 2146 1215 2201 vel
1251 2149 1320 2201 ad
1366 2145 1681 2200 inferiorem
1715 2147 1807 2200 de-

238 2237 523 2290 trudantur
562 2233 695 2303 (57}.
750 2231 885 2288 lluic
939 2248 1153 2304 quoque
1212 2230 1504 2288 conditioni
1571 2232 1807 2285 animant

236 2324 502 2394 obligavit
538 2322 762 2391 Christi,
793 2338 1021 2393 eamque
1050 2338 1148 2393 pro
1178 2338 1389 2378 summo
1424 2337 1522 2378 suo
1551 2323 1812 2377 adversus

238 2415 408 2471 Deum
433 2431 636 2482 amore,
672 2416 846 2471 Verbo
877 2416 929 2471 in
950 2431 1112 2469 unum
1143 2414 1485 2482 coniunctam
1520 2414 1687 2469 fuisse
1713 2429 1810 2467 vo-

235 2507 360 2571 luit,
386 2516 548 2576 atque
578 2507 700 2561 inde
734 2522 932 2576 corpus
961 2506 1012 2561 in
1046 2506 1107 2558 Β.
1138 2506 1375 2575 Virginis
1423 2504 1607 2559 Maria:
1656 2514 1809 2559 utere

238 2599 531 2653 formatum
570 2599 825 2656 subiisse.
868 2597 910 2651 E
951 2598 1220 2654 mentibus
1248 2612 1411 2667 porro
1439 2596 1545 2651 illis
1565 2612 1686 2666 qua:
1709 2611 1810 2649 an-

237 2692 466 2762 gelicam
515 2701 697 2747 essent
741 2699 1004 2747 assecuta
1052 2689 1416 2745 conditionem
1444 2728 1461 2754 ,
1522 2688 1811 2743 nonnulas

236 2782 440 2837 Christi
492 2783 771 2837 imitantes
817 2781 1085 2836 adversus
1133 2783 1431 2836 humanum
1463 2795 1633 2850 genus
1662 2794 1812 2833 amo-

236 2888 352 2929 rem
381 2884 436 2930 et
461 2875 808 2942 charitatem,
833 2873 918 2929 vel
947 2873 1069 2929 aliis
1091 2876 1157 2929 de
1184 2873 1366 2928 causis
1391 2888 1419 2928 a
1454 2875 1564 2928 Deo
1594 2873 1810 2937 missas,

238 2982 460 3023 carnem
495 2967 858 3037 assumpsisse
891 2965 1084 3032 sensit,
1110 2973 1161 3019 et
1190 2964 1574 3034 prophetarum
1599 2976 1814 3019 sancto-

241 3075 472 3130 rumque
507 3061 742 3114 virorum
782 3072 1073 3128 personam
1104 3057 1336 3127 gessisse
1371 3057 1423 3110 in
1451 3057 1633 3124 terris,
1670 3066 1725 3112 et
1745 3057 1812 3110 ad

240 3152 552 3223 exemplum
573 3150 773 3207 Christi
809 3164 933 3204 sese
960 3157 1348 3218 componentes
1380 3148 1659 3203 hominum
1688 3148 1814 3202 reli—

238 3259 473 3314 quorum
497 3243 656 3298 saluti
684 3240 1047 3298 consuluisse.
1092 3240 1294 3296 Horum
1324 3240 1570 3295 omnium
1601 3250 1811 3310 partem

240 3335 736 3391 deinonstravimus
778 3335 891 3406 jam
947 3350 1132 3406 supra,
1158 3341 1368 3405 partem
1404 3332 1494 3388 hic
1520 3330 1812 3388 declaran-

240 3428 368 3486 dam
398 3428 757 3483 servavimus.
1181 3482 1184 3484 γ

313 3517 535 3575 Minime
581 3533 708 3573 vero
758 3519 915 3573 nobis
956 3517 1162 3573 diutius
1207 3515 1609 3570 immorandum
1639 3525 1722 3571 est
1762 3517 1814 3572 in

239 3610 378 3668 locis
396 3610 737 3682 colligendis,
760 3610 956 3680 quibus
977 3610 1280 3663 animarum
1298 3607 1643 3680 προῦπαρξιν
1670 3606 1814 3663 Ada-

242 3701 482 3757 mantius
522 3700 775 3756 asseruit.
827 3699 1020 3755 Patent
1056 3698 1130 3754 illi
1168 3699 1461 3768 unicuique
1487 3700 1724 3765 obviam,
1760 3709 1816 3755 et

242 3794 361 3849 viro
416 3808 523 3848 non
573 3791 800 3847 multum
858 3790 1101 3860 diligenti
1150 3789 1464 3860 frequentes
1495 3801 1813 3846 occurrunt.

243 3887 488 3957 lusignes
539 3886 803 3941 duntaxat
856 3883 1046 3952 aliqui,
1088 3896 1188 3952 pro
1248 3895 1401 3937 more
1452 3892 1659 3947 nostro,
1692 3880 1817 3937 fidei

244 3978 601 4035 conciliandae
657 3978 832 4049 gratia
886 3975 1187 4031 adducendi
1232 3983 1383 4038 sum,
1442 3982 1640 4044 praeter
1696 3987 1811 4039 eos,

244 4071 511 4143 quosjam
546 4086 707 4139 supra
748 4067 1097 4138 pratulimus,
1124 4080 1245 4120 cum
1290 4065 1459 4135 ipsius
1490 4065 1814 4120 sententiam

243 4164 311 4219 de
365 4162 680 4234 angelorum
735 4158 949 4217 meritis
999 4158 1430 4228 exploraremus.
1483 4157 1628 4212 Ante
1683 4156 1817 4217 alios

241 4256 615 4313 observandus
664 4254 810 4311 venit
842 4253 931 4308 ille
956 4270 989 4309 e
1023 4253 1114 4307 lib.
1148 4268 1186 4307 ιι
1244 4250 1394 4319 Περὶ
1435 4248 1661 4320 ἀρχῶν,
1688 4265 1814 4319 cap.

243 4350 298 4415 8,
330 4364 479 4403 num.
511 4349 546 4403 5
587 4357 639 4403 et
676 4346 732 4411 4,
775 4347 827 4401 in
856 4361 963 4414 quo
1008 4355 1234 4399 naturas
1285 4343 1409 4397 illas
1450 4343 1663 4397 ratione
1699 4341 1817 4411 pol-

242 4441 438 4509 lentes,
472 4456 590 4510 qua:
624 4456 653 4494 ιι
681 4439 791 4495 Deo
818 4441 1050 4508 primum
1091 4446 1389 4505 procreatae
1443 4444 1589 4499 sunt,
1640 4436 1817 4503 priuis-

1911 572 2260 629 iuveniuntur
2297 567 2518 637 quidam
2567 565 2750 621 statim
2803 567 2871 619 ab
2920 565 3138 618 ineunte
3181 569 3342 617 aetate
3387 577 3478 615 ar-

1906 660 2172 716 dentioris
2213 658 2502 722 acuminis,
2549 656 2640 710 alii
2694 669 2820 710 vero
2886 653 3175 718 tardioris;
3232 651 3473 705 nonnulli

1907 765 2086 809 autem
2112 752 2452 809 obtusissimi
2484 760 2538 806 et
2571 750 2789 820 penitus
2816 748 3078 803 indociles
3112 746 3283 801 nasci.
3310 765 3327 797 ι
3355 745 3478 813 Qui-

1911 838 2010 902 bus
2040 846 2236 902 similia
2262 847 2315 899 in
2352 843 2545 913 capitis
2568 842 2806 912 ejusdem
2832 841 2979 895 calce
3010 840 3287 892 iterantur.
3316 837 3477 890 Libro

1906 954 2035 995 vero
2068 932 2460 993 lucubrationis
2487 937 2727 1007 ejusdem
2754 934 2954 1003 priore,
2995 948 3115 1003 cap.
3149 930 3202 995 7,
3247 946 3396 984 num.
3420 928 3474 993 4,

1906 1034 2143 1088 animam
2186 1031 2445 1095 hmninis,
2484 1044 2592 1084 non
2625 1043 2746 1081 cum
2793 1040 3022 1094 corpore
3067 1023 3263 1077 factam
3300 1022 3476 1090 docet,

1907 1128 2000 1183 sed
2059 1126 2402 1180 extrinsecus
2457 1123 2742 1184 insertam,
2785 1119 2949 1187 idque
3006 1133 3102 1186 pro
3157 1114 3476 1168 meriturum

1907 1220 2140 1274 ratione.
2184 1216 2467 1272 Probanda
2515 1215 2639 1268 huic
2695 1210 2882 1267 laeubi
2932 1208 3140 1279 profert
3172 1206 3476 1275 exemplum

1906 1320 1962 1365 et
2001 1308 2164 1372 Esau,
2210 1321 2439 1376 quorum
2487 1303 2576 1358 hic
2616 1302 2861 1368 fratrem,
2902 1316 3025 1354 cum
3071 1314 3136 1353 ex
3170 1286 3323 1351 utero
3357 1311 3481 1366 pro-

1908 1404 2068 1466 diret,
2106 1398 2507 1468 supplantavit;
2557 1396 2701 1464 quod
2756 1395 2828 1446 ita
2875 1406 3213 1461 nequaquam
3254 1398 3480 1443 eventu-

1910 1510 2027 1549 rum
2052 1494 2221 1547 fuisse
2246 1499 2451 1551 censet,
2484 1488 2588 1542 nisi
2623 1487 2674 1541 id
2704 1496 2929 1556 uterque
2955 1485 3143 1539 fuisset
3172 1482 3339 1554 gestis
3369 1481 3481 1537 suis

1907 1586 2260 1655 promeritus,
2297 1593 2589 1649 antequam
2633 1575 2776 1632 ctelo
2827 1575 3169 1630 delaberetur
3197 1590 3210 1627 ;
3238 1573 3386 1626 addit
3426 1582 3480 1625 et

1906 1678 2131 1733 Joannis
2176 1674 2506 1745 exemplum,
2544 1672 2633 1741 qui
2673 1672 2725 1724 in
2777 1669 3010 1724 materni
3043 1665 3178 1722 uteri
3227 1665 3482 1719 claustris

1909 1773 2205 1827 etianmum
2233 1777 2574 1837 compactus,
2602 1765 2669 1818 ad
2699 1763 2884 1817 Mariae
2917 1776 3104 1816 vocem
3136 1758 3475 1828 tripudiavil;

1909 1873 1964 1919 et
1993 1862 2264 1924 Jeremize,
2313 1862 2397 1913 cui
2430 1859 2646 1912 dixerat
2678 1856 2939 1910 Dominus
2969 1871 2982 1907 :
3015 1873 3034 1905 ι
3061 1852 3387 1922 Priusquam
3427 1861 3480 1906 te

1911 1952 2198 2012 formarem
2247 1950 2298 2002 in
2338 1958 2517 2012 utero,
2568 1944 2691 1999 novi
2741 1954 2832 1999 te:
2866 1954 2921 1999 et
2969 1953 3257 2012 antequam
3297 1942 3479 1995 exires
3545 1944 3550 1949 ’

1908 2044 1977 2099 de
2007 2043 2185 2105 vulva,
2218 2039 2556 2096 sanctilicavi
2596 2049 2645 2093 Ie
2667 2040 2733 2090 ⁵ο.
2764 2055 2783 2088 ι
2822 2034 3075 2102 Alioquin
3121 2035 3195 2087 ait
3242 2034 3477 2088 futuram

1911 2135 2052 2206 apud
2083 2136 2247 2188 Deum
2282 2130 2758 2204 προσωποληψίαν,
2785 2141 2839 2183 et
2882 2126 3218 2195 iniustitiam,
3251 2126 3392 2196 quod
3428 2132 3483 2179 et

1913 2236 2044 2282 tom.
2077 2242 2113 2280 ιι
2147 2229 2200 2278 in
2234 2223 2422 2289 Joan.,
2461 2239 2608 2277 num.
2638 2222 2731 2285 25,
2764 2219 2985 2289 repetit.
3019 2215 3221 2270 Eadem
3268 2230 3483 2271 asseve-

1913 2321 2121 2373 rantius
2156 2316 2393 2372 inculcat
2434 2331 2553 2385 cap.
2594 2313 2649 2381 8,
2700 2313 2823 2368 libri
2856 2328 2872 2366 1
2902 2309 3041 2378 Περὶ
3075 2307 3299 2378 ἀρχῶν,
3330 2317 3383 2362 et
3418 2308 3477 2360 li-

1911 2412 1992 2468 bri
2043 2426 2129 2479 m,
2182 2425 2303 2477 cap.
2342 2408 2396 2472 l,
2433 2424 2580 2461 num.
2628 2406 2722 2460 20.
2757 2405 3053 2474 Postquam
3100 2403 3245 2457 enim
3295 2417 3484 2457 unum-

1912 2517 2182 2573 quemque
2218 2496 2378 2565 dixit,
2414 2508 2575 2566 prout
2624 2512 2747 2552 sese
2781 2496 2970 2567 gessit,
3002 2512 3032 2549 a
3060 2494 3170 2547 Deo
3206 2508 3300 2546 vas
3344 2490 3480 2546 efﬁci

1910 2596 1997 2652 vel
2026 2596 2093 2649 ad
2123 2595 2387 2649 honorem
2418 2589 2502 2645 vel
2534 2590 2600 2643 ad
2635 2588 3041 2653 contumeliam,
3080 2584 3260 2640 subdit
3306 2582 3483 2637 conti-

1912 2701 2020 2742 nuo
2054 2684 2253 2740 ibidem
2290 2696 2410 2752 pag.
2447 2679 2549 2735 154
2582 2694 2597 2730 :
2629 2695 2647 2729 ι
2673 2675 2824 2743 Quod
2862 2674 3067 2743 sijusta
3121 2676 3234 2728 haec
3272 2671 3485 2725 videtur

1913 2776 2166 2841 assertio,
2198 2776 2341 2830 sicut
2380 2782 2463 2828 est
2498 2780 2646 2827 certe
2670 2770 2839 2838 justa,
2876 2779 3076 2825 etcum
3104 2766 3249 2821 onmi
3280 2765 3483 2833 pietate

1914 2870 2273 2932 concordans,
2310 2867 2388 2921 uti
2444 2880 2512 2920 ex
2569 2862 3005 2933 praecedentibus
3057 2859 3235 2915 causis
3286 2872 3482 2910 unum-

1914 2966 2167 3035 quodque
2196 2974 2291 3016 vas
2321 2958 2407 3013 vel
2439 2957 2506 3012 ad
2537 2956 2800 3010 honorem
2832 2969 2862 3007 a
2903 2953 3031 3016 Deo,
3070 2949 3150 3005 vel
3186 2951 3251 3005 ad
3294 2958 3483 3003 contu--

1917 3053 2133 3111 meliam
2174 3058 2511 3121 praeparetur
2543 3064 2556 3100 :
2589 3061 2694 3099 nun
2736 3045 2946 3098 videtur
2974 3043 3265 3097 absurdum
3293 3040 3480 3094 eodem

1916 3146 2128 3210 ordine,
2164 3154 2326 3213 atque
2355 3141 2543 3196 eadem
2575 3135 2962 3206 consequentia
2994 3133 3351 3190 discutientes
3383 3146 3484 3186 nos

1915 3237 2250 3307 antiquiores
2276 3247 2490 3295 causas,
2518 3231 2707 3286 eadem
2740 3228 2900 3284 etiam
2953 3229 3020 3281 de
3063 3225 3365 3279 animarum
3398 3240 3485 3277 ra-

1916 3332 2064 3386 tione
2104 3329 2331 3391 sentire,
2364 3335 2419 3380 et
2444 3326 2548 3379 hoc
2579 3338 2702 3378 esse
2741 3322 2795 3376 in
2827 3335 2993 3376 causa
3021 3319 3163 3389 quod
3199 3316 3369 3372 Jacob
3404 3315 3488 3371 di-

1914 3422 2087 3479 lectus
2122 3430 2207 3477 est
2260 3427 2552 3487 antequam
2610 3414 2738 3470 huic
2799 3411 3000 3467 mundo
3051 3419 3390 3472 nasceretur,
3432 3418 3489 3462 et

1916 3513 2057 3568 Esau
2085 3511 2207 3567 odio
2240 3510 2461 3566 habitus
2483 3514 2592 3569 est,
2618 3506 2744 3560 dum
2783 3504 2960 3559 adhuc
2995 3502 3048 3557 in
3080 3510 3270 3555 ventre
3296 3500 3487 3554 matris

1917 3605 2228 3661 haberetur.
2252 3620 2271 3654 ι
2305 3598 2753 3656 Dissertationem
2772 3595 2987 3649 demum
3009 3592 3081 3646 ita
3106 3590 3307 3646 claudit
3335 3603 3483 3645 num.

1916 3696 1982 3751 21
2017 3712 2035 3751 :
2070 3695 2185 3749 «Ex
2235 3708 2344 3764 quo
2393 3691 2684 3761 opinamur
2731 3685 2986 3757 quoniam
3040 3683 3261 3754 quidem
3308 3682 3488 3751 (sicut

1916 3789 2231 3859 frequenter
2258 3772 2513 3854 diximus)
2548 3778 2870 3836 immortalis
2913 3785 2996 3832 est
3030 3775 3212 3830 anima
3242 3782 3297 3828 et
3325 3781 3487 3828 aeter-

1916 3896 2008 3948 na,
2040 3878 2182 3950 quod
2214 3878 2267 3932 in
2299 3874 2505 3940 multis,
2530 3882 2586 3929 et
2606 3872 2723 3928 sine
2751 3871 2857 3925 line
2883 3867 3072 3938 spatiis
3094 3880 3194 3937 per
3222 3863 3487 3919 immensa

1916 3981 1971 4029 et
1996 3971 2212 4028 diversa
2230 3967 2423 4024 saecula
2446 3963 2703 4037 possibile
2731 3972 2836 4024 est,
2866 3969 2925 4014 ut
2949 3958 3086 4013 vela
3115 3955 3491 4011 summobono

1918 4067 1984 4121 ad
2014 4062 2200 4119 infima
2236 4061 2376 4115 mala
2406 4057 2725 4121 descendat,
2751 4063 2806 4110 et
2834 4052 2904 4108 ab
2936 4050 3143 4107 ultimis
3175 4048 3241 4103 ad
3273 4061 3490 4102 summa

1917 4159 2062 4214 bona
2096 4163 2401 4227 reparetur.
2425 4170 2444 4204 ι
2488 4149 2639 4218 Quod
2674 4158 2856 4203 autem
2887 4156 3075 4199 contra
3104 4140 3301 4213 opponi
3332 4150 3489 4210 pote-

1918 4259 2005 4304 rat
2030 4264 2095 4304 ex
2132 4246 2283 4302 Pauli
2318 4244 2384 4300 ad
2417 4243 2690 4298 Romanos
2731 4253 2853 4307 cap.
2890 4252 2968 4303 ιι,
3004 4238 3169 4290 Deum
3203 4245 3269 4287 ex
3297 4232 3488 4286 eadem

1919 4356 2122 4405 massa,
2178 4340 2258 4394 sic
2307 4346 2564 4407 tanquam
2602 4332 2824 4403 figulum
2870 4343 2900 4384 e
2944 4328 3061 4403 luto
3098 4340 3225 4380 vasa
3268 4323 3373 4378 alia
3420 4321 3489 4376 ad

1920 4433 2182 4487 lienorem
2223 4429 2446 4499 ﬁngere,
2479 4424 2583 4479 alia
2634 4424 2702 4478 ad
2739 4418 3146 4482 contumeliam,
3177 4415 3257 4470 sic
3283 4413 3494 4466 diluere

243 4554 409 4608 qnam
466 4536 591 4591 boni
652 4532 861 4603 aliquid
914 4532 998 4586 vel
1046 4531 1173 4585 mali
1210 4531 1262 4585 in
1322 4544 1383 4584 se
1413 4528 1813 4598 concepissent,
1847 4537 1892 4592 ι)
1920 4522 2220 4588 contendit,
2260 4516 2608 4574 rationalium
2644 4515 2951 4569 animarum
2986 4524 3147 4563 unam
3180 4522 3301 4562 esse
3339 4519 3491 4559 natu-

244 4636 457 4684 mentes
490 4626 659 4682 fuisse
696 4624 889 4689 tradit;
923 4623 1118 4678 deinde
1151 4638 1279 4678 vero
1318 4621 1525 4677 scelere
1553 4620 1815 4686 admisso,

244 4721 458 4774 animas
508 4717 762 4773 evasisse.
828 4715 997 4772 Verba
1047 4717 1159 4786 ipsa
1215 4712 1590 4781 producuntor
1625 4726 1638 4763 :
1679 4728 1697 4760 ι
1731 4708 1805 4765 Ex

244 4813 449 4885 quibus
499 4813 748 4867 omnibus
782 4809 913 4865 illud
950 4809 1165 4864 videtur
1214 4806 1449 4870 ostendi,
1479 4806 1626 4873 quod
1661 4819 1817 4859 mens

244 4910 311 4964 de
369 4916 515 4961 statu
551 4920 650 4961 suo
698 4919 763 4959 ac
812 4901 1078 4973 dignitate
1131 4897 1434 4961 declinans,
1475 4896 1669 4957 effecta
1731 4894 1819 4951 vel

247 5005 554 5066 nuncupata
600 5003 683 5051 est
724 4994 1088 5061 animazquac
1129 4990 1174 5045 si
1228 4996 1486 5058 reparata
1550 4985 1716 5040 fuerit
1763 4995 1820 5046 et

245 5098 512 5154 correcta,
552 5090 690 5144 redit
725 5089 777 5143 in
812 5090 915 5142 hoc
941 5094 999 5141 ut
1030 5086 1102 5141 sit
1130 5099 1305 5139 mens.
1332 5082 1484 5148 Quod
1515 5080 1559 5134 si
1598 5080 1668 5133 ita
1704 5086 1816 5145 est,

248 5183 504 5238 decessus
535 5181 649 5249 ipse
678 5178 872 5246 mentis
895 5192 959 5231 ac
991 5175 1259 5231 devolutio
1284 5173 1499 5226 videtur
1521 5171 1650 5224 mihi
1673 5170 1815 5239 quod

251 5291 357 5331 non
412 5272 631 5341 aequalis
683 5269 925 5325 omnium
978 5266 1291 5323 sentiendns
1332 5264 1424 5325 sit,
1458 5263 1551 5316 sed
1578 5261 1665 5315 vel
1701 5261 1820 5333 plus

250 5366 335 5422 vel
394 5365 573 5420 minus
627 5362 679 5416 in
742 5361 979 5415 animam
1035 5359 1192 5425 verti,
1225 5367 1281 5410 et
1332 5355 1549 5423 aliquas
1604 5352 1819 5421 quidem

250 5468 462 5515 mentes
511 5468 732 5510 servare
777 5452 982 5522 aliquid
1024 5450 1187 5505 etiam
1215 5448 1413 5519 prioris
1444 5445 1679 5514 vigoris;
1715 5443 1817 5497 ali-

321 5617 370 5650 “
393 5614 594 5672 Jerem.
631 5628 668 5679 I,
697 5609 750 5664 5.
823 5608 866 5641 “
903 5606 1056 5661 Rom.
1089 5620 1167 5667 ιι,
1207 5602 1294 5658 20.

329 5734 607 5805 (37)lluic
664 5745 868 5802 quoque
928 5726 1216 5782 conditioni
1275 5724 1507 5805 animum
1568 5718 1814 5805 obligavit

253 5789 450 5866 Christi
478 5848 494 5872 ,
530 5789 742 5875 eamque
780 5789 889 5869 ἰιι-ο
938 5813 1142 5852 summa
1195 5812 1290 5847 suo
1343 5797 1589 5847 adrersus
1646 5789 1812 5844 Deum

1925 4631 2064 4679 ram,
2099 4629 2219 4685 quae
2269 4612 2379 4667 Deo
2418 4624 2524 4664 non
2576 4619 2737 4662 secus
2774 4603 3051 4672 subiaceat
3085 4615 3150 4655 ac
3179 4598 3277 4653 luti
3312 4611 3488 4652 massa

1925 4706 2105 4777 figulo,
2141 4714 2302 4773 atque
2334 4700 2460 4755 inde
2488 4698 2625 4753 varii
2664 4696 2879 4765 generis
2910 4707 3033 4748 vasa
3067 4690 3328 4762 depromi.
3356 4685 3491 4743 Pau-

1925 4798 2086 4851 linam
2122 4793 2373 4847 similiter
2411 4787 2875 4856 increpationem:
2909 4781 2997 4851 «,0
3037 4782 3221 4846 homo,
3274 4790 3328 4832 tu
3369 4776 3490 4847 quis

1923 4904 2004 4955 es,
2032 4887 2123 4956 qui
2150 4894 2344 4941 contra
2381 4880 2711 4949 respondeas
2759 4875 2972 4931 Deo“!
3001 4893 3021 4927 ι
3071 4875 3137 4927 ad
3167 4873 3364 4941 impios
3398 4869 3493 4924 de-

1926 4982 2091 5043 rivat,
2123 4976 2217 5047 qui
2262 4991 2366 5031 non
2402 4970 2666 5034 discendi,
2695 4970 2789 5025 sed
2834 4966 3115 5047 resistendi
3162 4977 3329 5018 causa
3380 4960 3493 5016 Deo

1920 5030 2157 5140 obloqui
2187 5068 2407 5129 audent,
2454 5073 2512 5119 et
2556 5030 2840 5133 postquam
2900 5030 3236 5113 facinoribus
3280 5054 3394 5108 suis
3427 5067 3493 5108 ac

1921 5165 2146 5234 perfidia
2178 5162 2273 5217 Dei
2307 5157 2612 5227 alloquendi
2660 5154 2854 5209 fiducia
2892 5165 2954 5204 ac
2986 5151 3108 5219 jure
3150 5146 3488 5210 exciderunt,

1923 5256 2117 5310 merito
2151 5253 2219 5307 iis
2257 5250 2417 5317 objici
2449 5249 2640 5307 debeat
2666 5264 2680 5300 :
2716 5262 2734 5296 ι
2758 5242 2802 5298 Ο
2834 5242 3019 5303 homo,
3049 5249 3102 5291 tu
3144 5237 3265 5305 quis
3291 5250 3371 5296 es,
3401 5235 3491 5303 qui

1924 5357 2117 5403 contra
2150 5343 2477 5413 respondeas
2508 5340 2616 5393 Deo
2637 5336 2661 5391 ?
2685 5355 2704 5389 ι
2749 5332 2969 5390 Sanctis
3016 5343 3146 5384 vero
3182 5325 3494 5383 hominibus

1927 5438 2164 5496 adeundi
2208 5447 2261 5492 et
2300 5431 2610 5504 alloquendi
2654 5428 2771 5494 Dei,
2808 5426 3096 5494 eidemque
3134 5416 3493 5492 respondendi

1926 5729 2125 5774 amore,
2161 5719 2265 5764 etc.
2306 5706 2439 5761 Vide
2472 5719 2631 5773 supra
2670 5698 3169 5774 animadversiones
3199 5702 3419 5751 nostras
3438 5690 3494 5747 in

1925 5772 2121 5856 quast.
2150 5781 2204 5850 5,
2236 5778 2308 5833 De
2342 5772 2577 5842 Christo,
2611 5788 2760 5828 num.
2796 5772 2852 5827 6.
