4054 6310
563 376 670 433 899

1798 375 1858 432 P.
1901 375 2218 433 DANIELIS
2254 374 2490 433 IIUETII

3709 366 3815 447 seu

564 496 777 577 copiam
822 478 1038 566 semper
1082 493 1198 550 ﬁeri
1245 494 1376 558 vnlt,
1413 495 1591 566 qualis
1630 494 1759 552 olim
1788 496 1961 568 Moysi
1997 498 2137 551 facta
2166 484 2436 558 A'minari
2469 499 2630 563 dicat,
2664 500 2884 556 minime
2918 513 3097 559 tamen
3130 507 3268 560 satio
3304 506 3394 562 illa
3432 523 3554 577 ane
3602 521 3812 579 patrum

561 597 667 644 est.
702 588 876 655 Quam
909 590 1081 655 ipsam
1113 588 1619 657 interpretationem
1654 602 1775 643 cum
1798 589 2139 657 prtecedento

564 677 848 749 delacobi
894 680 1098 746 anima,
1132 687 1187 732 et
1222 672 1367 734 vasis
1404 680 1471 734 ad
1520 681 1907 734 centumeliam
1957 682 2137 735 hono-

564 782 747 824 remve
774 768 1061 823 destinatis
1102 768 1467 839 disputatione
1509 784 1726 825 rursum
1777 770 1997 827 adhibet
2039 772 2135 829 lib.

562 877 639 916 vn
687 863 740 915 in
785 860 959 927 Epist.
1003 863 1073 915 ad
1116 861 1295 926 Rom.,
1346 878 1494 918 num.
1551 863 1649 930 17,
1692 864 1818 918 (Ιιιιιι
1859 865 1963 920 hoc
1996 866 2135 921 idem

561 964 724 1024 caput
765 952 1178 1009 Commentariis
1214 956 1330 1012 suis
1385 955 1665 1025 explanat.
1701 957 1869 1013 Vana!
1922 958 2136 1015 scilicet

559 1054 615 1100 et
638 1045 843 1099 frivolae
865 1047 916 1099 in
944 1063 1002 1101 re
1024 1055 1211 1116 aperta
1244 1047 1643 1112 cavillationes,
1677 1056 1731 1103 et
1764 1049 1876 1104 acri
1901 1065 2131 1106 censura

559 1154 622 1192 ac
679 1138 1039 1207 castigatione
1100 1139 1298 1210 dignm.
1355 1138 1490 1195 lluic
1524 1140 1903 1197 confirmando
1955 1144 2129 1197 errori

558 1228 719 1284 allata
766 1229 1017 1298 superius
1072 1230 1320 1301 exempla
1368 1230 1593 1288 Joannis
1626 1233 1679 1286 in
1740 1234 1931 1289 matris
1979 1244 2133 1289 utero

557 1319 904 1388 exsultantis,
942 1331 998 1376 et
1037 1318 1293 1376 Ieremia;
1318 1331 1614 1393 antequam
1648 1324 1701 1378 in
1735 1333 1981 1380 materna
2010 1326 2132 1381 alvo

559 1415 913 1479 formaretur,
944 1428 1011 1468 ex
1056 1428 1228 1483 eaque
1255 1414 1519 1483 prodiret,
1552 1414 1661 1470 Deo
1690 1416 1831 1480 nOti,
1866 1417 1935 1470 ab
1959 1431 2132 1486 eoque

554 1507 875 1576 sancti/inuti
917 1507 1117 1577 repetit
1163 1506 1359 1561 iterum
1414 1523 1534 1578 cap.
1570 1508 1604 1563 5
1633 1508 1753 1563 libri
1810 1510 1953 1564 tertii
1990 1509 2133 1580 Περὶ

553 1596 777 1670 ἀρχῶν,
806 1615 953 1653 num.
986 1596 1039 1662 5,
1077 1597 1297 1668 aliaque
1340 1601 1586 1669 congerit
1625 1599 1792 1669 petita
1830 1615 1898 1655 ex
1945 1599 2013 1655 iis
2047 1617 2132 1654 ar-

552 1701 829 1760 gumenta,
858 1691 950 1762 qui
983 1706 1011 1744 a
1044 1691 1376 1745 daemonibus
1414 1691 1595 1746 statim
1655 1693 1723 1747 ab
1770 1702 1892 1747 ortu
1938 1708 2126 1748 corre-

553 1785 652 1850 pti,
690 1785 770 1839 vel
803 1800 832 1838 a
865 1784 1097 1853 pueritia
1133 1783 1410 1857 divinandi
1443 1783 1702 1838 facultate
1727 1784 1938 1855 praediti
1971 1795 2122 1853 sunt;

550 1892 782 1947 quorum
829 1892 937 1930 non
990 1875 1152 1929 aliam
1193 1890 1317 1930 esse
1352 1890 1570 1930 causam
1622 1876 1926 1942 existimat,
1964 1892 2123 1948 quam

553 1984 641 2025 res
672 1966 800 2023 olim
841 1969 909 2024 ab
938 1967 1005 2023 iis
1031 1979 1235 2039 gestas.
1268 1952 1559 2038 antequam
1587 1984 1820 2039 corpora
1853 1969 2125 2035 subirent;

549 2061 762 2116 arbitrii
815 2061 1015 2131 quippe
1069 2062 1152 2114 sui
1197 2060 1456 2115 libertate
1504 2061 1580 2114 uti
1617 2075 1834 2132 semper
1859 2063 2126 2128 animam,

548 2144 663 2207 sive
697 2163 848 2208 extra
889 2167 1111 2221 corpus,
1154 2153 1270 2207 sive
1314 2154 1529 2223 corpori
1567 2154 1821 2224 adjuncta
1856 2155 1950 2209 sit.
1980 2156 2125 2210 Idem

547 2256 745 2300 sonant
795 2244 910 2299 loca
956 2260 986 2299 a
1030 2244 1342 2300 Iustiniano
1389 2243 1646 2308 collecta,
1676 2255 1731 2299 et
1760 2247 2010 2315 epistola:
2056 2248 2124 2301 ad

548 2333 757 2389 Menam
814 2336 1078 2407 subjecta.
1132 2334 1431 2392 Nonnullas
1483 2352 1612 2389 vero
1662 2337 1877 2392 animas
1927 2349 2124 2409 sponte

544 2426 721 2481 delabi
749 2426 802 2481 in
838 2436 1030 2493 terras,
1069 2439 1125 2483 et
1159 2429 1523 2500 exsequendis
1572 2428 1669 2481 Dei
1712 2427 1955 2485 consiliis
1989 2445 2121 2501 Ope-

546 2532 658 2570 ram
702 2533 853 2572 suam
896 2533 1096 2572 navare
1129 2519 1266 2573 velle
1296 2521 1529 2573 somniat
1560 2529 1690 2574 tom.
1722 2536 1790 2574 xv
1812 2521 1866 2573 in
1903 2519 2119 2588 Matth,

544 2623 692 2662 Itum.
721 2608 831 2663 34:
878 2609 1019 2678 Ἐγὼ
1060 2610 1118 2663 δὲ
1166 2609 1378 2664 ὑπονοῶ
1418 2611 1509 2665 τὸν
1551 2612 1680 2683 περὶ
1725 2613 1906 2687 ψυχῆς
1944 2614 2118 2687 ἀπόρο

2244 587 2550 659 ministerio
2575 593 2871 660 perficitur,
2913 593 2995 648 vel
3025 611 3345 661 corporeum
3390 614 3577 654 semen
3609 602 3804 656 intelii-

2239 678 2470 753 gendum
2506 695 2628 735 esse
2670 683 2905 745 videtur.
2932 687 3025 739 sed
3056 687 3200 745 satio
3228 688 3332 742 alia
3364 691 3619 761 mystica,
3660 701 3712 746 et
3738 709 3817 748 sa-

2239 787 2359 826 men
2391 773 2761 844 πνευματικὺν
2787 786 2843 829 et
2879 777 3092 847 νοητὸν.
3120 777 3274 847 cujus
3306 792 3495 836 auctor
3527 784 3644 852 ipse
3677 783 3763 836 De.
3786 802 3811 834 ς

2237 868 2321 918 e’st
2348 881 2364 919 :
2390 879 2578 919 serere
2602 866 2747 919 enim
2795 867 3005 922 animas
3043 868 3148 923 diei
3184 879 3384 939 potest,
3420 882 3696 941 quatenus
3723 891 3814 929 eas

2239 956 2290 1010 in
2319 958 2472 1011 varla
2498 972 2731 1028 corpora
2775 960 2930 1029 juxta
2961 959 3216 1032 Origenis
3264 965 3595 1020 sententiam
3628 969 3784 1023 distri

2236 1048 2352 1102 buit
2384 1067 2400 1103 :
2438 1056 2568 1104 tunc
2610 1061 2792 1104 autem
2823 1062 3006 1108 certas
3053 1054 3240 1109 iisdem
3269 1070 3368 1125 pro
3397 1059 3611 1113 meritis
3638 1060 3813 1130 quali-

2236 1149 2378 1197 tates
2405 1142 2570 1197 inseri
2606 1145 2815 1213 putavit
2848 1145 3229 1211 Adamantius,
3257 1162 3455 1218 easque
3478 1150 3606 1219 quia
3640 1154 3809 1204 senii-

2235 1242 2434 1288 nantur
2463 1235 2517 1289 in
2558 1236 2777 1299 animis,
2816 1245 2928 1290 tum
2971 1253 3094 1292 cum
3144 1239 3256 1307 ipsa
3287 1240 3587 1296 animarum
3639 1244 3811 1297 admi-

2232 1323 2501 1379 nistratur
2527 1327 2687 1389 sati'o,
2724 1316 3088 1397 Ispermaticas
3116 1330 3293 1384 dixit:
3327 1346 3446 1400 qua:
3487 1332 3535 1387 si
3567 1334 3811 1402 qualita-

2235 1424 2381 1482 tum,
2408 1417 2601 1471 anima:
2632 1416 2947 1486 Abrahami,
2987 1420 3074 1473 vel
3099 1418 3235 1489 justi
3264 1421 3483 1478 alterlns
3512 1425 3615 1478 viri
3660 1426 3811 1494 inge-

2233 1509 2471 1563 nitarum
2494 1507 2702 1564 similes
2738 1509 2868 1577 sint,
2887 1519 2942 1565 et
2975 1510 3267 1581 diligenter
3296 1513 3642 1579 excolantur,
3670 1516 3811 1569 filios

2233 1615 2332 1656 nos
2366 1601 2615 1665 Abrahae,
2647 1601 2730 1655 vel
2749 1602 2849 1657 viri
2886 1602 3110 1658 alterius
3131 1602 3263 1670 justi
3292 1603 3546 1669 efﬁcient,
3579 1607 3811 1678 myStieo

2233 1693 2469 1762 quodam
2518 1702 2574 1747 et
2617 1693 2847 1759 spiritali
2899 1696 3079 1749 modo.
3129 1694 3457 1751 Germanum
3499 1698 3647 1753 hunc
3685 1713 3809 1753 esse

2231 1783 2491 1854 Origenis
2519 1799 2739 1840 sensum
2775 1800 2843 1841 ex
2870 1786 3039 1841 totius
3088 1787 3187 1843 loci
3222 1796 3427 1842 attenta
3458 1786 3694 1867 lectione
3720 1791 3805 1844 in.

2234 1875 2517 1945 telligitnr,
2548 1875 2641 1929 sed
2684 1891 2752 1930 ex
2783 1890 2849 1930 eo
2901 1877 3228 1945 praesertim,
3280 1878 3424 1947 quod
3475 1879 3807 1948 qualitatum

2231 1967 2445 2022 illarum
2474 1966 2681 2020 variam
2723 1981 2789 2021 ac
2834 1968 3150 2036 inaéqualem
3180 1969 3639 2039 dispensationem
3667 1987 3802 2027 can-

2228 2073 2319 2113 sas
2361 2067 2538 2112 ortmn
2579 2059 2947 2125 prmcedentes
3005 2059 3208 2115 habere
3262 2061 3422 2119 dixit.
3476 2062 3609 2117 lnde
3656 2065 3805 2118 enim

2226 2149 2502 2221 colligitur
2536 2152 2838 2204 animarum
2872 2147 3218 2224 προϋπαρξις
3262 2166 3388 2220 qum
3425 2168 3549 2207 cum
3592 2154 3807 2208 aninm-

2227 2257 2345 2297 ruin
2397 2244 2782 2313 propagatione
2825 2257 2893 2297 ex
2951 2244 3174 2298 traduce
3235 2255 3382 2299 stare
3436 2259 3544 2298 non
3598 2255 3801 2315 potest.

2226 2336 2342 2391 lluc
2372 2334 2510 2392 adde
2556 2335 2870 2403 frequentes
2907 2333 3162 2405 Origenis
3189 2337 3476 2391 adversum
3514 2337 3654 2392 hanc
3678 2354 3801 2393 sen-

2227 2425 2454 2479 tentiam
2487 2439 2770 2489 excursus,
2794 2440 3023 2493 quorum
3053 2426 3097 2479 si
3130 2441 3253 2479 eum
3282 2425 3397 2493 jam
3425 2428 3679 2496 paenitet,
3720 2431 3803 2482 ni-

2223 2516 2345 2569 ut’izn
2394 2515 2583 2583 utique
2632 2513 3041 2579 inconstantiae,
3098 2525 3154 2569 et
3201 2523 3352 2569 tanto
3395 2517 3515 2569 viro
3562 2516 3802 2587 indigna-

2220 2620 2345 2660 reus
2390 2604 2573 2659 fuerit.
2616 2604 2999 2675 Suﬂragautnr
3043 2606 3169 2661 huic
3203 2607 3528 2675 expositioni
3575 2622 3699 2677 qua:
3728 2609 3801 2664 le-

545 2702 707 2770 ρητον
735 2701 829 2754 καὶ
861 2702 919 2754 ὲν
956 2700 1166 2766 τούτοις
1205 2701 1513 2774 κεκρύφθαι
1568 2702 1748 2772 λόγον,
1784 2706 1874 2758 ὅτε
1912 2706 2115 2779 ἤργουν

2217 2700 2394 2769 gimus
2427 2706 2555 2751 tom.
2591 2713 2686 2752 xttt
2731 2699 2784 2751 in
2815 2698 2999 2763 Joanr,
3034 2713 3181 2753 num.
3211 2698 3281 2752 45
3312 2699 3424 2752 εΤὺ
3455 2700 3514 2753 δὲ
3541 2701 3663 2753 ams
3687 2701 3799 2755 τῶν

541 2789 672 2863 ὅλην
715 2793 813 2865 τὴν
855 2796 1067 2866 ἡμέραν
1110 2795 1273 2867 μέχρι
1313 2796 1414 2867 τῆς
1466 2798 1760 2870 ἑνδεκάτης
1800 2798 1981 2871 ῶρας⁸
2023 2799 2114 2853 θέ-

2214 2789 2442 2860 ψαλμῶν
2475 2789 2621 2843 δοκεῖ
2644 2806 2733 2860 μοι
2752 2789 2943 2861 δηλοῦν
2965 2789 3210 2861 περὶτῆς
3232 2789 3460 2844 καθόλου
3500 2791 3610 2844 τῶν
3639 2793 3799 2862 εὐγε-

543 2885 725 2951 λοντες
762 2888 858 2958 μὲν
884 2887 1243 2959 ἐργάσασθαι,
1284 2889 1344 2941 οὐ
1369 2889 1919 2964 παραλαμϐανόμενοι
1939 2891 1996 2945 δὲ
2032 2894 2112 2956 είς
2212 2882 2479 2954 νεστέρων
2498 2881 2685 2953 ψυχῶν
2718 2883 3172 2953 παραγενομένων
3203 2883 3284 2946 εἰς
3319 2883 3410 2936 τὸν
3433 2882 3547 2954 βίον
3581 2885 3793 2948 τοῦτον,

540 2978 633 3031 τὸν
666 2978 963 3049 ἀμπελῶνα
998 2981 1046 3033 οἱ
1081 2980 1498 3054 τεθαρρηκότως
1540 2980 1987 3053 ἀπολογούμενοι,
2016 2982 2111 3036 καὶ
2214 2976 2351 3046 μετὰ
2374 2976 2481 3029 τῶν
2505 2976 2787 3048 σωτηρίων
2817 2977 3165 3048 σπερμάτων,
3206 2976 3301 3029 καὶ
3342 2978 3819 3050 παραγίενοιιιιένων⁴

541 3069 827 3140 λέγοντες·
869 3072 1056 3137 Οὐδεὶς
1091 3066 1237 3144 ἡμᾶς
1271 3070 1636 3145 ἐμισθώσατο.
1680 3074 1750 3127 At
1795 3074 1937 3129 enim
1986 3073 2109 3128 Ori-

2209 3083 2293 3136 γε,
2314 3067 2476 3121 οἱονεὶ
2504 3066 2774 3130 ἀκουσίως
2815 3066 2952 3138 μετὰ
2994 3066 3318 3138 στεναγμοῦ,
3345 3068 3794 3141 ὲπανερχομένων

540 3178 707 3233 genes
736 3173 865 3218 tom.
901 3181 970 3219 xx
1002 3165 1052 3219 in
1089 3163 1253 3220 Joan.
1304 3164 1568 3219 nonnulla
1612 3165 1773 3220 habet
1812 3181 1933 3235 qua:
1986 3181 2107 3221 cum

2216 3156 2339 3210 δὲέν
2371 3156 2708 3225 ἀγαλλιάσει,
2730 3157 2818 3211 διά
2856 3156 2916 3211 τὸ
2946 3157 3123 3220 καλῶς
3165 3160 3563 3231 γεωργηκέναι.
3586 3162 3683 3215 καὶ
3697 3163 3815 3232 ηὺηε

540 3256 819 3333 superiore
848 3257 967 3328 ejus
1017 3258 1085 3312 de
1126 3259 1303 3313 anima
1350 3258 1606 3328 opinione
1634 3273 1823 3327 parum
1856 3259 2112 3313 videntur

538 3352 869 3414 consentire,
918 3352 1216 3421 qualitates
1266 3368 1459 3422 nempe
1506 3351 1698 3408 nescio
1737 3365 1876 3421 quas
1918 3349 2115 3405 animis

540 3443 765 3513 ingigni,
797 3442 985 3513 quales
1015 3444 1342 3513 corporibus
1370 3445 1743 3514 ingignuntur.
1770 3443 1969 3497 Demus
1998 3442 2133 3511 ipsa‘

537 3537 697 3589 verba
727 3550 793 3590 ex
822 3551 967 3589 nmn.
994 3534 1068 3589 ἓξ
1105 3533 1259 3588 Ἐπεὶ
1292 3535 1349 3588 δὲ
1394 3534 1503 3589 άπὸ
1534 3535 1698 3607 ἤθους
1730 3535 1977 3606 κρίνεται
2016 3533 2114 3587 καὶ

535 3616 712 3698 ἔργων
754 3626 823 3683 τὰ
864 3626 1031 3681 τέκνα
1082 3624 1177 3682 τοῦ
1219 3626 1490 3699 Ἀϐραάμ,
1546 3628 1755 3698 μήποτε
1804 3625 1913 3680 ἀπό
1951 3643 2113 3679 τινων

535 3716 923 3791 σπερματικῶν
964 3720 1139 3788 λόγων
1186 3719 1783 3791 συγκαταϐαλλομένων
1824 3720 1990 3782 τισὶν,
2030 3720 2113 3783 ὼς

532 3806 705 3882 οἶμαι,
725 3812 940 3881 ψυχαῖς,
969 3812 1049 3865 δεῖ
1072 3812 1498 3884 χαρακτηρίζειν
1526 3814 1654 3878 τοὺς
1695 3812 1855 3878 ὄντας
1888 3813 2111 3885 σπέρμα

531 3902 626 3973 τοῦ
670 3902 949 3974 Ἀεραάμο
989 3904 1082 3959 καὶ
1111 3903 1292 3976 εἴπερ,
1319 3904 1394 3968 ὡς
1427 3904 1569 3959 κατὰ
1605 3904 1669 3958 τὸ
1692 3905 2024 3975 σωματικὸν,
2048 3906 2110 3958 οὐ

534 3995 733 4073 πάντες
775 3994 1049 4067 ἄνθρωποι
1090 3996 1311 4067 σπέρμα
1362 3996 1472 4051 εἰσὶ
1512 3994 1607 4050 τοῦ
1656 3997 1927 4071 Ἀϐραὰμ,
1969 3997 2132 4051 οὕτω

530 4086 672 4140 κατὰ
700 4086 768 4141 τά
804 4085 898 4139 νῦν
924 4086 1283 4158 ἀποδιδόμενα
1312 4087 1569 4158 περὶτοῦ,
1593 4086 1736 4153 τίνες
1757 4089 1863 4141 sisi.
1887 4088 2110 4160 σπέρμα

528 4176 625 4231 τοῦ
674 4174 946 4248 Ἀϐραὰμ,
997 4175 1154 4245 δῆλον
1194 4176 1277 4229 ὅτι
1311 4176 1370 4228 οὐ
1419 4177 1617 4240 πάντες
1656 4178 1932 4247 ἄνθρωποι
1974 4178 2112 4248 μετά

530 4271 706 4342 πάντη
746 4263 1135 4341 σπερματικῶν
1188 4268 1363 4337 λόγων
1406 4269 1516 4322 τῶν
1574 4271 2107 4342 ὲγκατασπαρέντων

528 4344 708 4416 αὖτῶν
740 4363 858 4424 ταῖς
882 4360 1078 4432 ψυχαῖς
1106 4357 1185 4431 τῷ
1230 4359 1329 4432 βίῳ
1371 4359 1478 4413 τῶν
1508 4359 1813 4429 ἀνθρώπων
1850 4362 2107 4435 ὲπιδεδηυ

532 4455 760 4529 μήκασι·
797 4464 853 4509 et
904 4454 1098 4509 deinde
1129 4474 1140 4486 ·
1172 4454 1246 4506 Οὐ
1276 4453 1477 4518 πάντες
1519 4448 1614 4506 οὖν
1650 4455 1788 4507 εἰσιν
1826 4454 2105 4526 ἄνθρωποι

2216 3249 2459 3322 ξηκὲναι,
2493 3251 2587 3305 καὶ
2617 3250 3058 3324 πεπληθυγκέναι
3104 3251 3174 3306 τά
3221 3252 3531 3323 σπέρματα,
3569 3253 3689 3325 μεθ’
3716 3249 3794 3309 ὧν

2213 3342 2524 3415 ἐληλύθασι.
2886 3388 2893 3391 ,

2289 3433 2358 3489 ν.
2399 3434 2705 3489 lustitutam
2749 3448 2911 3505 porro
2941 3434 2991 3488 in
3026 3433 3211 3487 animo
3243 3434 3557 3504 opinionem
3609 3451 3791 3505 perse-

2217 3541 2390 3597 quens
2420 3526 2706 3593 Origenes,
2752 3526 2819 3581 ad
2843 3512 3120 3595 superiora
3156 3525 3284 3580 illud
3320 3541 3540 3597 quoque
3568 3528 3786 3596 adjecit,

2214 3629 2421 3674 mentes
2462 3620 2515 3673 in
2553 3618 2705 3687 pejus
2743 3618 2994 3689 delapsas
3046 3618 3250 3674 idcirco
3288 3619 3467 3691 ψυχάς
3501 3619 3672 3676 fuisse
3717 3624 3791 3677 di-

2212 3723 2350 3779 ctas,
2375 3714 2516 3782 quod
2546 3714 2783 3782 ipsarum
2816 3713 3033 3780 pietatis
3072 3721 3125 3767 et
3155 3713 3439 3768 charitatis
3483 3714 3671 3770 fervor
3697 3731 3783 3770 re-

2214 3805 2446 3861 frixerit.
2481 3804 2604 3861 Haec
2643 3805 2916 3861 habentur
2945 3805 3041 3859 lib.
3073 3821 3109 3860 ll
3142 3806 3283 3875 Περὶ
3314 3805 3540 3877 ἀρχῶν,
3576 3823 3696 3879 cap.
3729 3810 3782 3868 8.

2213 3915 2361 3953 Imm.
2393 3899 2446 3961 5,
2479 3898 2569 3952 ubi
2613 3897 2780 3954 Deum
2819 3897 2999 3967 ignem
3025 3912 3148 3952 csse
3179 3900 3358 3963 docet,
3399 3901 3590 3969 igneos
3622 3916 3785 3969 angi--

2212 3989 2316 4052 les,
2352 3991 2617 4058 nobisque
2668 3989 2797 4058 ipsis
2847 3989 3043 4056 spiritu
3095 4001 3155 4043 ut
3196 3988 3505 4045 ferveamus
3536 3994 3781 4061 praecipi,

2212 4081 2255 4135 si
2286 4081 2445 4134 modo
2471 4078 2582 4134 Deo
2617 4079 2831 4150 placere
2859 4082 3090 4135 velimus
3119 4099 3134 4135 :
3162 4082 3357 4151 impios
3402 4095 3613 4150 autem,
3646 4087 3787 4155 frigi-

2211 4173 2311 4228 dos
2344 4184 2397 4227 et
2428 4188 2549 4227 esse
2594 4182 2650 4227 et
2683 4172 2820 4239 dici;
2876 4172 3146 4227 diabolum
3203 4175 3381 4244 ipsum
3430 4177 3671 4231 dracone
3714 4194 3781 4231 en

2210 4263 2527 4334 significari,
2571 4265 2664 4334 qui
2705 4265 2759 4319 in
2805 4265 2938 4319 mari
2991 4280 3219 4335 regnare
3265 4267 3486 4320 dicitur.
3522 4267 3664 4322 Tum
3711 4269 3778 4323 ita

2211 4357 2483 4411 concludit
2515 4373 2529 4410 :
2564 4375 2582 4407 ι
2610 4355 2667 4411 Si
2698 4371 2829 4427 ergo
2857 4372 2918 4411 ea
2951 4348 3072 4427 qua:
3106 4368 3295 4412 sancta
3330 4370 3478 4427 sunt,
3515 4372 3572 4416 et
3611 4362 3777 4431 ignis,

2212 4458 2269 4504 et
2319 4448 2524 4513 lumen,
2575 4459 2630 4503 et
2678 4447 2942 4503 ferventia
2986 4450 3371 4515 nominantur;
3424 4468 3550 4521 quae
3603 4465 3776 4508 autem

526 4522 748 4617 σπέρμα
779 4546 873 4600 τοῦ
918 4543 1190 4619 Ἁϐραάμ,
1228 4545 1350 4599 οὐδὲ
1395 4543 1504 4618 γάρ
1538 4544 1723 4617 ἔχουσι
1748 4549 1874 4610 τοὺς
1913 4522 2105 4616 λόγους

2216 4541 2484 4595 contraria
2538 4548 2666 4595 sunt
2700 4539 2918 4608 frigida,
2950 4549 3009 4594 et
3046 4541 3292 4595 charitas
3326 4554 3553 4612 peccato
3583 4546 3781 4600 dicitur

527 4640 1115 4710 συγκατεσπαρμένους
1138 4638 1315 4694 αὐτῶν
1352 4643 1472 4704 ταῖς
1498 4640 1718 4708 ψυχαῖς,
1739 4642 1834 4694 καὶ
1874 4641 2104 4714 δυναμέ-

524 4746 670 4805 νους,
697 4730 1153 4800 είγειυργηθεῖεν,
1208 4730 1433 4803 ποιῆσαι
1465 4731 1629 4785 τέκνα
1674 4730 1769 4807 ο·ςοῦ
1823 4731 2097 4803 Ἀϐραάμ.

524 4822 654 4876 item
688 4820 743 4875 in
781 4821 973 4890 psalin.
1012 4838 1102 4888 xv,
1151 4823 1207 4885 7,
1253 4838 1284 4876 e
1330 4823 1548 4877 Catenis
1600 4820 1808 4891 Regiis,
1845 4840 1899 4894 p.
1940 4824 2045 4879 599
2080 4839 2097 4878 :

525 4912 641 4969 Κᾶν
659 4915 729 4985 τῇ
761 4913 905 4985 ψυχῇ
932 4900 1108 4967 τοίνυν
1146 4915 1264 4967 ἐστὶ
1283 4914 1533 4986 νοήματά
1566 4931 1685 4967 τινα
1700 4917 1814 4979 τοῖς
1837 4916 2095 4987 σπέρμα-

525 5022 607 5058 σιν
631 5004 891 5074 ἀνάλογα,
922 5004 1101 5058 καθ“⁴ἂ
1120 5005 1190 5058 τὰ
1215 5005 1359 5059 ἔνδον
1396 5006 1708 5079 γεννήματα
1758 5007 1817 5062 ὲν
1862 5007 2098 5077 ἀγαθαῖς

524 5097 772 5167 πράξεσι,
810 5098 904 5152 καὶ
960 5093 1215 5166 θεωρίαις
1269 5097 1577 5169 ἀληθιναῖς.
1613 5099 1918 5166 Qualitates
1980 5101 2099 5156 illas

522 5188 903 5259 σπερματικὰς
928 5188 1122 5243 animis
1164 5187 1434 5267 ingenitas
1462 5192 1590 5258 quid
1624 5190 1766 5245 aliud
1788 5205 1909 5245 esse
1947 5193 2099 5246 dica-

523 5293 663 5343 mus,
696 5294 857 5347 quam
882 5279 1171 5350 qualitates
1201 5294 1324 5333 cum
1364 5280 1571 5335 semine
1604 5282 1919 5336 traductas?
1941 5281 2094 5349 Quod

521 5371 565 5441 si
604 5370 657 5424 in
687 5370 898 5425 animos
936 5372 1252 5426 traducatur
1280 5360 1484 5438 aliquid
1519 5385 1642 5424 cum
1684 5372 1895 5427 semine
1925 5381 1978 5427 et
2012 5372 2095 5425 in-

520 5462 790 5533 gignatur,
813 5459 936 5517 'imo
977 5464 1037 5517 si'
1078 5450 1200 5517 cum
1232 5449 1433 5516 animis
1482 5461 1616 5532 ipsis
1661 5464 1965 5517 seminatur
1991 5463 2093 5517 ali-

518 5554 669 5622 quid,
696 5554 1363 5625 συγκατασπείρεταιταῖς
1387 5552 1603 5624 ψυχαῖς,
1626 5555 1960 5608 seminantur
1981 5555 2091 5609 uti-

518 5659 622 5712 que
650 5646 779 5713 ipsae
809 5646 1024 5708 anim'e,
1050 5656 1107 5701 et
1132 5661 1197 5700 ex
1228 5647 1450 5701 traduce
1473 5655 1860 5716 propagantur.
1890 5644 2090 5701 Verum

519 5734 675 5789 aliter
707 5736 1019 5805 accipienda
1068 5746 1198 5803 puto
1240 5737 1329 5791 illa
1357 5735 1644 5807 Origenis;
1688 5736 1896 5805 animas
1945 5737 2089 5790 enim

522 5822 645 5877 licet
682 5824 1001 5891 quibusdam
1028 5825 1206 5893 λόγοις
1241 5829 1635 5899 σπερματικοῖς
1678 5827 1972 5885 instructas
2005 5843 2088 5884 se-

2204 4629 2518 4700 frigescere,
2548 4630 2931 4697 requirendum
2956 4639 3039 4685 est
3079 4646 3148 4687 ne
3179 4632 3320 4688 forte
3354 4642 3410 4688 et
3441 4649 3641 4691 nomen
3669 4639 3779 4690 ani-

2202 4736 2326 4785 mae,
2356 4718 2477 4789 quae
2528 4720 2717 4777 Graece
2750 4721 2950 4776 dicitur
2989 4721 3161 4794 ψυχή,
3190 4738 3218 4777 a
3266 4724 3676 4795 refrigescendo
3717 4731 3777 4780 de

2200 4822 2345 4869 statu
2378 4814 2644 4869 diviniore
2670 4830 2734 4869 ac
2762 4814 2989 4870 meliore
3013 4814 3218 4869 dictum
3245 4817 3339 4882 sit,
3369 4826 3427 4872 et
3453 4820 3772 4874 translatum

2199 4906 2326 4961 inde
2365 4907 2510 4976 quod
2548 4923 2615 4961 ex
2650 4907 2834 4962 calore
2877 4907 2969 4961 illo
3014 4909 3250 4964 naturali
3289 4921 3344 4965 et
3393 4912 3588 4967 divino
3624 4913 3774 4968 refri-

2201 4999 2348 5053 xisse
2376 5000 2662 5065 videatur;
2703 5008 2758 5055 et
2784 5000 2903 5054 ideo
2937 5000 2990 5053 in
3033 5001 3133 5056 hoc
3176 5018 3284 5071 quo
3311 5019 3456 5058 nunc
3485 5017 3573 5059 est
3610 5017 3774 5068 statu,

2199 5101 2256 5147 et
2284 5091 2550 5145 vocabulo
2577 5091 2683 5145 sita
2717 5092 2811 5145 sit.
2838 5108 2860 5144 ι
2903 5091 3251 5147 Consimilem
3300 5095 3429 5149 huic
3475 5096 3659 5151 locum
3699 5100 3765 5151 in-

2197 5184 2377 5238 didem
2412 5182 2633 5237 adducit
2654 5180 3074 5238 Justiniannsin
3109 5185 3259 5240 calce
3285 5187 3530 5255 epistola
3562 5190 3632 5243 ad
3667 5190 3772 5245 ιιε.

2198 5290 2346 5330 nam.

2268 5364 2601 5434 Epiphanius
2629 5365 2822 5421 hmres.
2854 5381 3005 5430 thv,
3036 5382 3156 5437 cap.
3185 5367 3243 5434 5,
3271 5377 3328 5423 et
3380 5369 3435 5423 in
3479 5372 3649 5442 epist,
3703 5372 3765 5427 ad

2110 5468 2119 5477 '
2195 5457 2354 5513 Joau.
2386 5458 2641 5521 Jerosol.,
2668 5474 2788 5527 cap.
2826 5461 2881 5526 2,
2922 5461 3127 5516 dixisse
3151 5461 3787 5534 Origenemrrefertdon»

2192 5551 2295 5622 χάς
2331 5555 2619 5615 vocitatas,
2655 5551 2743 5606 διὰ
2801 5553 2864 5608 τὸ
2923 5553 3128 5608 ἄνωθεν
3163 5552 3457 5627 πεψύχθαι.
3509 5555 3568 5610 Id
3614 5557 3766 5635 vertit

2194 5641 2543 5697 doctissimus
2573 5641 2864 5711 interpres,
2902 5660 2921 5694 ι
2953 5644 3096 5713 quod
3124 5643 3339 5697 caelitus
3375 5643 3556 5698 amata
3593 5646 3698 5710 sit;
3739 5662 3757 5694 ι

2194 5750 2315 5803 qua:
2357 5750 2488 5789 sane
2521 5734 2651 5789 mihi
2681 5735 2895 5805 probari
2945 5751 3049 5790 non
3086 5744 3265 5804 potest
3288 5737 3586 5803 expositio;
3645 5752 3757 5789 nam

2197 5828 2404 5882 animas
2440 5829 2657 5897 quidem
2703 5828 2935 5897 desuper
2970 5827 3185 5882 immitti
3233 5827 3519 5883 afﬁrmavit
3575 5828 3753 5897 Orige-
