4054 6310
283 385 380 438 901

1090 356 1656 423 ORIGENIANORUM
1690 354 1823 411 LIB.
1867 354 1935 418 ll,
1977 350 2129 404 CAP.
2174 348 2240 414 ll,
2278 342 2556 412 QUIEST.
2596 340 2686 396 VI.

3436 334 3543 407 909.
3572 388 3577 397 ,

286 516 425 567 "es;
475 496 644 552 amari
696 506 827 548 vero
858 488 943 544 vel
996 483 1250 553 inspirari
1299 481 1479 535 anima
1527 477 1696 533 multo
1736 485 1863 529 ante
1892 481 1937 535 Α
1967 477 2022 519 et
2052 464 2315 536 Cyriaeus
2350 459 2670 523 monachus,
2699 469 2858 525 quem
2890 451 3347 521 narratISimeon
3379 451 3543 504 Meta-

2008 557 2021 567 ι
2143 564 2151 567 -
2268 553 2300 567 ι·
2352 566 2359 567 ,
2415 550 2448 567 ,ο
2481 549 2554 567 [πμ
2591 549 2677 567 tu-
2731 566 2739 567 κ
2790 546 3032 567 .Ι-....η..ι,.
3070 545 3128 567 Δ..
3164 544 3513 567 -..M-....:..n.--.

284 592 508 648 condita
547 605 654 645 non
689 586 861 656 magis
890 582 997 637 diei
1033 586 1211 649 potest
1230 589 1394 644 quam
1422 571 1669 641 angelus,
1700 583 1859 639 quem

289 699 451 739 nemo
486 687 720 750 desuper
739 676 907 733 afllari
932 672 1150 735 dixerit,
1174 684 1296 724 eum
1328 666 1396 720 de
1426 664 1565 719 cmlo
1595 664 1648 718 in
1691 673 1865 717 terras

287 779 594 847 ablegatur.
637 769 965 828 Vertendum
1000 777 1155 834 ergo,
1188 779 1207 814 ι
1256 758 1401 830 quod
1443 771 1655 815 sursum
1700 752 1860 810 refri-

288 871 454 925 xerit.
488 888 508 920 ι

363 960 451 1016 Vl.
489 960 567 1015 Ex
606 957 693 1012 his
716 948 1024 1010 Adamantii
1054 947 1198 1003 circa
1228 944 1421 999 anima:
1447 941 1710 1012 originem
1750 937 1864 1007 pla-

291 1055 418 1112 citis
440 1061 565 1107 nata
612 1057 697 1103 cst
739 1055 931 1102 octava
971 1059 1003 1098 e
1048 1036 1543 1098 criminationibus,
1576 1048 1712 1102 quas
1761 1032 1862 1100 ipsi

293 1146 458 1215 obiici
515 1141 706 1197 solitas
745 1141 1103 1207 repraesentat
1153 1141 1209 1186 et
1260 1128 1418 1184 diluit
1448 1124 1760 1195 Pamphilus
1811 1125 1865 1176 in

295 1237 569 1307 Apologia.
618 1232 715 1286 llla
766 1238 916 1285 certe
969 1235 1254 1295 postquam
1310 1219 1518 1291 prolixe
1572 1215 1867 1270 confutavit

296 1306 635 1385 Justitiianus
674 1325 729 1379 in
770 1319 996 1391 epistola
1033 1318 1099 1371 ad
1132 1313 1365 1376 Menam,
1412 1319 1522 1364 tum
1573 1306 1865 1377 Scriptura:

298 1430 522 1483 sanetae,
540 1429 652 1472 tum
678 1415 896 1469 Patrum
925 1407 1264 1471 auctoritate,
1286 1404 1353 1457 ab
1374 1401 1505 1470 ipsis
1526 1399 1717 1453 deinde
1738 1411 1869 1449 ana-

300 1510 675 1568 thematismos
704 1519 830 1561 suos
875 1502 1048 1557 eidem
1089 1495 1330 1567 epistolae
1369 1491 1643 1548 subnexos
1690 1488 1870 1550 auspi-

300 1614 456 1658 catus
482 1610 597 1666 est;
631 1608 795 1667 atque
818 1594 908 1649 illa
939 1590 1182 1661 quisquis
1208 1587 1371 1642 fuerit
1411 1582 1713 1653 amplexus,
1744 1595 1871 1633 aua-

303 1699 483 1751 thema
531 1706 653 1748 esse
702 1688 901 1751 sancit,
945 1684 1242 1749 eademque
1288 1690 1477 1732 rursus
1542 1673 1765 1740 conligit
1818 1670 1870 1723 in

301 1787 529 1859 epistola
552 1784 616 1839 ad
641 1782 886 1853 quintam
923 1777 1213 1847 synodum,
1245 1785 1366 1841 quae
1395 1775 1478 1821 est
1505 1768 1644 1835 apud
1666 1762 1869 1818 Cedre-

304 1855 457 1936 num.
486 1880 584 1933 Diu
611 1890 771 1948 porro
800 1882 928 1926 tunc
952 1876 1093 1930 erat,
1124 1876 1406 1935 postquam
1435 1875 1569 1914 vana
1608 1859 1720 1912 haec
1746 1855 1873 1910 Ori-

305 1975 459 2044 geuis
489 1969 720 2039 cogitata
756 1964 1116 2033 castigaverat
1146 1955 1473 2018 Methodius,
1524 1960 1585 2005 ut
1645 1966 1713 2004 ex
1763 1948 1879 2016 ejus

306 2040 575 2130 excerptis
626 2059 832 2112 discere
884 2062 1003 2117 est,
1047 2064 1165 2119 qua:
1222 2044 1549 2116 Epiphanius
1612 2040 1768 2094 nobis
1829 2045 1882 2091 et

308 2154 531 2211 Photius
554 2156 904 2205 asservarunt
938 2161 953 2199 :
985 2143 1340 2211 castigaverat
1361 2145 1416 2191 et
1440 2134 1709 2190 Caesarius
1746 2132 1881 2186 Gre-

310 2248 448 2314 gorii
494 2239 817 2298 Nazianzeui
868 2236 1037 2291 frater
1091 2233 1300 2301 dialogo
1337 2246 1419 2290 Ill,
1456 2229 1646 2282 interr.
1692 2225 1794 2278 Mf)
1828 2233 1883 2277 et

311 2338 659 2409 sequentibus
702 2334 767 2402 (si
812 2329 972 2384 modo
1018 2326 1361 2395 Dialogorum
1413 2322 1637 2375 istorum
1693 2330 1880 2370 revera

310 2440 503 2486 auctor
530 2436 634 2488 est,
667 2426 742 2479 uti
781 2423 973 2484 fertur,
1016 2420 1119 2473 iste
1155 2415 1484 2484 Cazsarius);
1520 2411 1884 2481 castigaverat

312 2533 368 2575 et
394 2520 688 2587 Gregorius
709 2515 990 2586 Nyssenus
1021 2510 1161 2564 libro
1196 2508 1337 2575 Hepl
1366 2500 1748 2569 κατασκευῆς
1775 2500 1884 2553 ἁνι-

312 2609 567 2681 θρώπου,
592 2623 709 2675 cap.
742 2606 834 2667 58,
860 2614 913 2659 et
945 2598 1273 2669 Epiphanius
1307 2599 1437 2651 haer.
1491 2610 1638 2658 LXIV,
1670 2605 1791 2659 cap.
1826 2589 1883 2653 4,

310 2717 367 2757 et
396 2704 448 2756 in
479 2703 641 2771 epist.
674 2699 739 2752 ad
765 2697 921 2751 Joan.
953 2692 1279 2762 .lerosolym.
1309 2704 1429 2759 cap.
1471 2688 1528 2750 2,
1564 2685 1761 2755 quibus
1800 2682 1884 2737 lo-

311 2796 392 2848 cis
426 2802 643 2863 putasse
675 2789 806 2844 dicit
828 2784 1209 2839 Adamantiqu
1236 2781 1413 2851 ψυχὴν
1443 2779 1663 2840 dictam,
1691 2773 1781 2827 διὰ
1825 2774 1887 2825 τὸ

309 2886 516 2941 ἀνωθεν
548 2881 842 2952 πεψύχθαι,
874 2889 928 2933 et
960 2878 1150 2948 δέμας,
1175 2875 1264 2928 διὰ
1291 2873 1351 2926 τὸ
1377 2869 1621 2924 δεδέσθαι
1648 2868 1745 2939 τὴν
1783 2866 1884 2935 ψυ-

315 2978 415 3050 χὴν
446 2978 503 3029 ἐν
535 2974 612 3045 τῷ
643 2972 878 3044 σώματι,
909 2980 963 3023 et
1002 2967 1162 3038 σῶμα
1191 2966 1345 3035 quasi
1374 2963 1546 3033 σῆμα,
1578 2979 1595 3012 ‹
1634 2975 1701 3015 eo
1744 2959 1885 3028 quod

316 3074 389 3126 ita
418 3071 653 3123 animam
694 3068 747 3119 in
776 3080 834 3120 se
864 3063 1103 3118 clausam
1138 3061 1356 3121 habeat,
1400 3054 1669 3125 quomodo
1711 3052 1888 3120 sepul-

317 3177 405 3216 cra
427 3172 482 3215 et
510 3158 697 3214 tumuli
731 3156 993 3211 cadavera
1033 3160 1373 3207 mortuorum
1409 3165 1422 3201 :
1460 3167 1479 3199 ι
1524 3145 1887 3213 castigaverat
1915 3180 1960 3239 Ο

314 3262 371 3310 et
401 3249 734 3320 TheOphilus
760 3244 1175 3306 Alexandrinus,
1215 3251 1267 3295 et
1312 3239 1675 3306 Hieronymus
1726 3233 1884 3303 epist.

315 3344 408 3412 59,
425 3345 490 3396 ad
517 3342 683 3402 Avit.,
717 3338 881 3407 cap.l
911 3334 1033 3396 eti,
1076 3342 1131 3387 et
1156 3331 1312 3400 epist.
1342 3329 1431 3394 (il,
1455 3331 1521 3380 ad
1554 3323 1890 3387 Pammaclt.,

315 3454 438 3506 cap.
462 3438 517 3498 '5,
550 3435 605 3502 5,
633 3434 687 3495 6,
720 3443 774 3486 et
809 3431 970 3499 epist.
997 3426 1087 3489 65,
1120 3425 1187 3479 ad
1226 3420 1538 3476 Pamtuacb.
1577 3428 1630 3470 ct
1661 3418 1889 3478 Ocean.,

318 3545 438 3597 cap.
465 3527 521 3591 2,
552 3535 607 3580 et
641 3525 733 3578 lib.
763 3537 793 3574 v
827 3520 1118 3575 Comment.
1153 3515 1207 3568 in
1260 3511 1481 3575 Jerem,
1530 3523 1651 3577 cap.
1692 3506 1783 3573 24,
1841 3514 1895 3560 et

321 3624 373 3673 iu
403 3620 566 3687 epist.
615 3618 680 3668 ad
727 3609 1122 3666 Demetriadem
1173 3621 1293 3675 cap.
1343 3604 1397 3670 9,
1450 3601 1540 3656 ubi
1589 3600 1892 3654 animarum

318 3706 662 3782 ⁸ιινροΰεμεοιρξιν
708 3705 760 3758 iu
800 3702 1033 3771 :Egypto
1083 3707 1136 3752 ct
1184 3696 1424 3752 Orientis
1481 3692 1723 3762 partibus
1766 3690 1893 3744 olim

325 3812 651 3875 grassatam,
682 3797 796 3852 suis
836 3791 1168 3863 temporibus
1203 3808 1222 3840 ι
1276 3786 1589 3842 abscondite
1634 3783 1791 3853 quasi
1842 3783 1894 3836 in

321 3894 495 3950 foveis
521 3893 826 3962 viperarum
860 3886 998 3956 apud
1023 3884 1305 3953 plerosque
1336 3878 1539 3932 versari
1576 3892 1593 3925 ›
1627 3874 1892 3943 queritur,

328 4006 346 4038 ι
380 3986 702 4047 illarumque
732 3978 965 4048 partium
999 3973 1239 4045 polluere
1275 3969 1584 4038 puritatem,
1643 3973 1698 4017 ct
1742 3963 1895 4031 quasi

324 4075 677 4134 haereditario
726 4072 866 4125 malo
912 4082 1132 4136 serpere
1172 4066 1225 4118 in
1267 4062 1474 4132 paucis,
1512 4069 1571 4113 ut
1616 4056 1897 4127 perveniat
1954 4090 1962 4097 -

320 4171 388 4225 ad
417 4169 712 4240 plurimos;
737 4171 791 4216 et
821 4162 872 4214 in
902 4160 1192 4215 Comment.
1232 4157 1285 4207 in
1311 4152 1499 4224 psalm.
1548 4165 1774 4213 Lxxxu,
1808 4146 1897 4200 ubi

322 4259 559 4330 dogmati
609 4256 734 4313 huic
762 4255 1035 4308 hmreseos
1064 4261 1260 4302 nomen
1314 4244 1501 4308 inurit,
1550 4239 1899 4311 quemadmo-

323 4354 453 4406 dum
476 4358 532 4403 et
556 4348 608 4401 in
641 4345 931 4419 Comment.
958 4341 1014 4391 in
1043 4336 1243 4390 Jerem.
1280 4348 1434 4396 xxtx,
1487 4329 1714 4397 aliisque
1742 4326 1895 4389 locis,

323 4459 465 4514 quos
511 4439 797 4496 brevitatis
830 4433 1005 4505 gratia
1063 4427 1422 4498 praetermitto
1469 4440 1483 4476 :
1539 4420 1899 4487 castigaverat

1968 557 2220 625 phrastes
2249 550 2449 606 dicenti
2478 549 2685 618 Cyrillo
2722 566 2741 597 ‹
2783 546 3034 613 dogmata
3066 545 3130 596 de
3164 544 3546 611 pra'exsisteu-

1972 634 2041 699 tia
2081 654 2139 698 et
2177 638 2591 697 restitutionein
2623 636 2869 691 etnudem
2904 642 3103 688 statum
3148 651 3165 682 ι
3201 633 3270 686 ab
3297 631 3548 695 Origeni-

1968 736 2068 793 Stis
2097 734 2251 803 quasi
2290 750 2309 783 ι
2339 730 2513 784 media
2549 728 2686 782 etab
2718 726 2864 778 omni
2926 723 3172 792 periculo
3220 720 3392 775 aliena
3449 721 3546 774 ba—

1967 827 2106 892 beri,
2143 845 2162 879 ›
2206 822 2554 894 respondisse
2591 840 2608 870 ι
2651 819 3000 888 Nequaquam
3050 830 3171 871 esse
3226 816 3426 881 media,
3496 823 3550 868 et

1967 933 2163 975 vacare
2217 914 2455 988 periculo
2510 914 2757 981 dogmata
2807 910 2871 963 de
2919 907 3374 978 prmexsistentia,
3442 906 3550 957 imo

1969 1030 2094 1072 esse
2122 1013 2330 1067 lubrica
2369 1009 2550 1080 potius
2596 1016 2653 1061 et
2696 1003 3028 1075 periculosa.
3071 1022 3088 1053 ι
3118 1000 3454 1071 impugnavit
3498 986 3577 1053 et’

1971 1107 2259 1176 Antipater
2292 1101 2615 1162 Bostrenus,
2648 1099 2882 1166 scriptor
2916 1095 3093 1149 anatis
3140 1094 3271 1147 mihi
3306 1093 3543 1145 nondum

1968 1206 2282 1269 compertae,
2319 1196 2383 1250 iu.
2403 1191 2885 1248 dissertationibus
2926 1190 3190 1241 adversus
3241 1182 3549 1253 Origenem,

1970 1306 2108 1359 quas
2140 1287 2351 1356 Eclogis
2377 1285 2490 1339 suis
2518 1278 3002 1337 intexuitlnannes
3038 1279 3420 1337 Damascenus,
3459 1276 3542 1327 tit.

1968 1383 2107 1452 Περὶ
2134 1377 2384 1451 ἀμοιϐῆς
2415 1374 2536 1428 τῶν
2570 1367 2638 1426 εὗ
2675 1372 2800 1424 κατ’
2830 1367 3052 1437 ἀρετὴν
3076 1365 3547 1431 βιοτευσάντων.

1973 1480 2271 1533 Damnatur
2303 1489 2364 1527 ea
2401 1485 2615 1541 quoque
2660 1468 2710 1520 in
2758 1465 2989 1534 Origene
3040 1479 3067 1516 a
3116 1464 3322 1533 synodo
3368 1460 3543 1529 quini-

1971 1579 2144 1636 scxta,
2168 1582 2289 1622 can.
2309 1564 2360 1629 1,
2396 1572 2493 1617 eta
2521 1557 2829 1629 Sophronio
2861 1551 3419 1623 Hierosolymitanoin
3444 1553 3557 1621 epi-

1972 1662 2109 1717 stola
2138 1660 2204 1713 ad
2237 1656 2484 1725 Sergium
2532 1647 3217 1718 Constantinopolitanum;
3250 1645 3315 1699 ab
3348 1645 3556 1698 Isidoro

1979 1753 2191 1822 Urigin.
2221 1750 2322 1803 lib.
2351 1763 2471 1807 v1tt,
2506 1761 2623 1813 cap.
2654 1743 2721 1807 5;
2764 1739 2970 1796 Joanne
3019 1740 3354 1793 Damaseeuo
3394 1737 3490 1790 lib.
3519 1751 3555 1787 ll

1907 1831 1951 1889 Β
1982 1845 2205 1901 Orthod.
2236 1841 2360 1910 ﬁd.,
2410 1854 2531 1901 cap.
2589 1835 2672 1894 l2.
2704 1843 2757 1885 et
2797 1832 2889 1885 lib.
2932 1847 3005 1894 IV,
3056 1846 3175 1899 cap.
3209 1829 3278 1892 6;
3322 1829 3553 1896 Georgio

1983 1934 2239 2007 Syncello
2264 1932 2318 1985 in
2368 1930 2614 1995 Excerpt.
2653 1924 2971 1992 Chronogr.;
3005 1923 3246 1975 Cetlreno
3273 1921 3326 1973 in
3360 1919 3546 1986 Camp.

1983 2028 2147 2089 Irish;
2193 2022 2357 2078 Suida
2400 2022 2454 2075 in
2492 2018 2742 2086 Origene;
2782 2015 2966 2068 Nireta
2996 2012 3147 2066 Thes.
3188 2010 3396 2065 orthod.
3454 2010 3550 2077 ﬁd.

1982 2118 2075 2173 lib.
2109 2133 2182 2182 tv,
2231 2115 2362 2168 liter.
2410 2126 2581 2172 xxxi;
2624 2107 2910 2161 Vincentio
2962 2105 3345 2158 Bellovaeense
3402 2099 3556 2170 Spec.

1983 2211 2177 2271 doctr.,
2203 2205 2298 2261 lib.
2326 2219 2481 2269 xvm,
2510 2218 2628 2270 cap.
2671 2200 2779 2267 45;
2816 2197 3122 2265 Nicepltoro
3151 2193 3243 2248 lib.
3277 2209 3407 2259 xvu,
3434 2207 3556 2262 cap.

1981 2298 2071 2365 27,
2098 2306 2153 2351 et
2188 2294 2437 2349 Guidone
2475 2290 2772 2347 Carmelita
2800 2289 2849 2342 in
2884 2288 3104 2341 Summa
3134 2282 3197 2337 de
3228 2284 3438 2344 Itwres.,
3470 2281 3561 2349 qui

1985 2388 2170 2443 multis
2191 2400 2311 2439 eam
2340 2383 2558 2438 refellit.

2062 2478 2167 2532 Vll.
2201 2476 2414 2530 Platoni
2464 2488 2626 2543 porro
2654 2472 2741 2525 hic
2775 2482 2990 2538 quoque
3024 2467 3316 2535 regendum
3347 2479 3403 2517 se
3428 2462 3567 2516 Ada-

1987 2573 2223 2625 mantius
2265 2569 2515 2639 prtebuit.
2566 2562 2658 2619 llle
2711 2574 2892 2617 autem
2941 2563 2992 2615 in
3028 2560 3319 2622 l‘hwdonc,
3354 2568 3408 2613 et
3438 2552 3565 2624 Epi—

1986 2664 2146 2728 nomi,
2178 2674 2233 2715 et
2263 2661 2354 2714 lib.
2396 2675 2426 2711 x
2462 2656 2539 2711 De
2574 2655 2750 2724 legib.,
2781 2662 2835 2707 et
2877 2653 2931 2706 in
2968 2650 3188 2718 Timmo,
3217 2649 3445 2718 aliisque
3475 2647 3561 2700 lo-

1986 2756 2085 2822 cis,
2118 2752 2422 2809 doctrinam
2477 2749 2618 2804 hanc
2668 2743 3049 2801 disertissimis
3085 2742 3321 2811 explicat
3359 2737 3564 2803 verbis,

1987 2862 2146 2915 quam
2186 2858 2377 2914 magna
2424 2838 2655 2895 subinde
2696 2847 2941 2891 veterum
2991 2849 3119 2903 pars
3160 2832 3414 2900 arripuit.
3451 2828 3563 2881 Nec

1990 2938 2149 3006 hujus
2195 2951 2326 2992 sane
2374 2935 2481 2987 fuit
2531 2934 2645 3002 ipse
2693 2930 2979 2985 sententia:
3018 2928 3386 2990 architectus;
3444 2938 3563 2977 eam

1988 3018 2186 3101 quippe
2222 3028 2391 3081 multo
2434 3028 2590 3095 prius
2627 3028 3108 3091 propngnavcrant
3140 3017 3478 3086 Pythagoras
3515 3018 3571 3066 et

1992 3121 2365 3191 Empedocles.
2400 3116 2466 3175 Ἢ
2504 3114 2888 3183 εὐλογώτερον,
2920 3107 3372 3180 inquitOrigeues
3413 3106 3507 3158 lib.
3555 3121 3570 3157 ι

1994 3225 2174 3267 contra
2205 3211 2371 3275 Cc!s.,
2420 3226 2567 3264 num.
2628 3205 2717 3268 5‘2,
2752 3204 2989 3272 ἑκάστην
3016 3200 3193 3271 ψυχὴν
3238 3196 3380 3251 κατά
3424 3212 3571 3256 τινας

1993 3306 2335 3377 ἁπορῤήτους
2367 3300 2557 3367 λόγους
2584 3297 2749 3367 (λέγω
2791 3296 2847 3347 δὲ
2881 3292 3053 3345 ταῦτα
3093 3290 3187 3343 νῦν
3222 3287 3361 3342 κατὰ
3392 3286 3573 3338 Πυθα-

1993 3398 2183 3469 γόραν,
2206 3396 2301 3447 καὶ
2328 3392 2610 3452 Πλάτωνα,
2640 3390 2733 3441 καὶ
2758 3382 3145 3456 Ἐμπεδοκλέα,
3178 3379 3270 3444 οὒς
3315 3377 3574 3438 πολλάκις

1994 3490 2279 3559 ὠνόμασεν
2335 3486 2363 3536 ὁ
2422 3481 2645 3551 Κέλσος)
2700 3475 3113 3547 εἰσκρινομένην
3164 3473 3394 3539 σώματι,
3454 3468 3574 3519 κατ’

1995 3581 2148 3647 ἀξίαν
2190 3573 2560 3648 εἰσκρίνεσῦαι
2605 3568 2877 3625 καὶκατὰ
2932 3565 3003 3619 τὰ
3054 3564 3296 3634 πρότερα
3343 3558 3485 3629 ἣοη;
3523 3565 3577 3609 ct

1995 3671 2360 3741 Hieronymus
2386 3656 2544 3736 epist.
2581 3663 2834 3731 82,,qua:
2865 3666 2949 3713 est
2995 3657 3061 3711 ad
3112 3651 3485 3708 Marcelinum
3519 3657 3576 3703 et

1996 3760 2390 3833 Auapsyehiam
2416 3776 2429 3813 :
2451 3777 2469 3809 ι
2510 3757 2683 3825 Super
2715 3754 2912 3806 auitnze
2948 3758 3093 3803 statu
3128 3746 3346 3801 memini
3380 3751 3573 3797 vestiet:

1996 3851 2426 3926 quaastiunculze,
2454 3852 2563 3904 imo
2608 3848 2847 3902 maxime
2904 3840 3293 3899 ecclesiastica:
3323 3835 3579 3906 quaestio-

1998 3949 2084 4002 nis
2117 3965 2129 4000 :
2165 3955 2348 3999 utrum
2374 3942 2523 4012 lapsa
2554 3941 2622 3993 de
2652 3937 2792 3992 coelo
2823 3935 2918 4000 sit,
2945 3946 3004 3989 ut
3030 3932 3369 4003 Pythagoras
3401 3926 3577 3997 philo-

1998 4039 2223 4107 sophus,
2261 4048 2561 4102 omnesque
2589 4029 2877 4094 Platonici,
2904 4036 2960 4081 et
2994 4025 3255 4094 Origenes
3294 4028 3509 4089 putant.
3552 4036 3569 4066 ι

2000 4129 2192 4185 Simile
2218 4125 2551 4183 nanciscaris
2575 4125 2625 4177 in
2655 4122 2882 4192 cpistola
2915 4118 3205 4174 Justiniaui
3245 4118 3311 4175 ad
3333 4115 3575 4184 quintam

2000 4223 2289 4293 synodum,
2323 4227 2377 4273 et
2404 4216 2543 4285 apud
2572 4214 2815 4268 Nicetam
2845 4212 2897 4266 in
2922 4209 3188 4264 Thesauro
3216 4204 3422 4260 art/rod.
3452 4204 3574 4270 ﬁd.,

2001 4318 2093 4371 lib.
2135 4330 2211 4379 tv,
2236 4314 2371 4367 haer.
2400 4326 2550 4364 xxxi.
2589 4306 2694 4361 Sed
2721 4316 2774 4361 et
2811 4306 2929 4373 ipso
2958 4301 3264 4372 Pythagora
3299 4297 3577 4364 antiquior

2002 4408 2253 4478 Orpheus
2290 4403 2525 4457 animam
2574 4400 2625 4451 in
2662 4410 2894 4466 corpore
2921 4390 3101 4464 puniri
3138 4389 3294 4443 dixit.
3322 4385 3579 4439 Testatur

323 4477 465 4514 quva
511 4477 797 4496 ιηυιιιιιιισ
830 4477 1005 4505 Du—u—
1065 4477 1247 4498 r-_._c-
1270 4477 1292 4478 ρ
1327 4477 1359 4478 η
1679 4477 1708 4487 ν
2086 4477 2095 4478 7

323 4549 383 4592 ct
411 4536 645 4591 Orosius
682 4534 735 4585 in
768 4522 1187 4583 Commonitorio
1219 4519 1280 4573 ad
1306 4514 1692 4586 Augustinum,
1718 4512 1900 4565 etAu-
1932 4518 1976 4572 Ι)
2005 4501 2057 4554 id
2100 4498 2255 4552 Plato
2282 4497 2333 4548 in
2369 4490 2605 4561 CratyIO.
2642 4490 2732 4543 ubi
2775 4498 2830 4541 ct
2869 4485 3021 4538 vocis
3066 4480 3223 4550 σῶμα
3260 4477 3579 4547 originatio-

2261 4590 2269 4592 λ
2434 4586 2459 4592 -
2616 4582 2633 4592 ‘
2916 4577 2939 4592 Β
3001 4585 3012 4592 .
3061 4575 3311 4592 ιἸι-η.-ῌΑ
3357 4570 3544 4592 ..Λ-..λ-

326 4629 580 4697 gustinus
609 4626 662 4677 in
688 4621 872 4676 libello
904 4625 1091 4670 contra
1139 4608 1582 4665 Prisciliianislas
1629 4616 1675 4658 et
1721 4602 1905 4670 Orige-

326 4692 513 4783 ἧεσιαε,
545 4731 662 4785 cap.
692 4716 725 4768 8
750 4721 801 4768 et
834 4710 924 4773 tt,
956 4719 1011 4763 et
1042 4707 1134 4760 lib.
1168 4720 1223 4756 XI
1257 4700 1330 4753 De
1353 4699 1490 4752 civit.
1520 4697 1779 4762 Dei,cap.
1810 4692 1903 4758 25,

326 4816 417 4869 ubi
446 4811 705 4867 conﬁctas
736 4806 858 4860 illas
890 4804 953 4855 de
980 4798 1287 4853 animarqu
1320 4790 1701 4861 progressibus
1733 4796 1789 4840 et
1821 4800 1907 4839 re-

329 4905 608 4975 gressibus
656 4896 879 4954 fabellas
923 4893 1135 4947 erudite
1170 4886 1363 4941 refellit
1404 4903 1418 4939 :
1465 4883 1823 4950 castigaverat
1854 4884 1910 4931 et

329 4969 441 5053 Leo
463 5010 595 5066 papa
628 4992 680 5046 iu
713 4989 875 5059 epist.
902 4986 991 5047 ll,
1021 4997 1145 5052 quae
1178 4988 1261 5033 est
1295 4977 1360 5031 ad
1412 4974 1686 5029 Julianum
1730 4969 1905 5024 Coen-

329 5061 545 5150 sem,-etl
566 5080 878 5138 Gennadius
903 5076 979 5129 De
1002 5077 1260 5142 dogmat.,
1289 5083 1406 5135 cap.
1435 5066 1527 5128 l4,
1565 5074 1617 5117 et
1648 5061 1903 5115 Leontius

331 5182 387 5236 in
417 5180 511 5233 lib.
548 5179 625 5231 De
653 5174 805 5229 sectis
832 5188 849 5235 ;
878 5152 1115 5223 maxime
1153 5178 1282 5217 vero
1317 5158 1569 5229 Cyrillus,
1608 5154 1697 5223 qui
1729 5151 1905 5207 Theo-

330 5273 466 5346 phili
502 5269 679 5339 patrui
712 5265 820 5326 sui,
855 5276 958 5314 non
992 5260 1045 5311 in
1081 5251 1456 5309 Alexandrino
1486 5248 1656 5301 solum
1698 5244 1905 5312 episeo-

329 5377 483 5438 patu,
511 5362 606 5416 sed
634 5362 684 5412 in
719 5357 931 5411 infenso
960 5350 1122 5405 etiam
1174 5347 1435 5400 adversus
1464 5339 1749 5410 Origenem
1781 5336 1906 5390 odio

335 5468 643 5517 successor,
672 5453 811 5504 hanc
840 5446 957 5515 ejus
985 5444 1051 5497 de
1101 5440 1408 5493 animarqu
1446 5434 1654 5503 origine
1689 5437 1905 5483 senten-

336 5552 490 5614 tiam,
546 5541 771 5599 Joannis
814 5512 1165 5600 Evangelium
1233 5526 1556 5592 explanans,
1620 5512 1903 5584 multiplici

340 5646 783 5711 argumentorum
816 5632 1075 5697 apparatu
1107 5618 1391 5674 subvertit.
1435 5615 1544 5669 Nec
1571 5608 1764 5665 minori
1794 5616 1910 5673 stu—_

339 5706 429 5790 dio
473 5741 597 5801 post
647 5725 890 5796 quintam
936 5715 1199 5788 synodum
1243 5707 1486 5764 eamdem
1529 5706 1910 5773 impugnarunt

343 5787 981 5883 doctrinam-Facundus
1036 5798 1563 5876 llermianensislib.
1620 5811 1658 5861 ι,
1702 5806 1816 5860 cap.
1852 5787 1908 5853 6,

2005 4607 2126 4648 nem
2166 4590 2300 4658 petit
2334 4603 2362 4640 a
2400 4586 2571 4655 σῆμα.
2616 4582 2819 4636 Locum
2852 4577 3015 4631 refert
3059 4575 3313 4627 Clemens
3348 4570 3577 4622 Alexan-

2005 4684 2196 4737 drinus
2230 4678 2433 4733 Strom.
2471 4676 2565 4729 lib.
2609 4688 2694 4736 ιιι,
2725 4680 2887 4737 atque
2921 4662 3050 4720 item
3077 4663 3308 4716 alterum
3347 4659 3578 4714 Philolai

2008 4767 2374 4845 Pythagorici,
2404 4768 2531 4837 quid
2562 4765 2613 4819 id
2637 4766 2811 4832 ipsum
2848 4774 2914 4813 ex
2938 4755 3209 4810 veteribus
3238 4753 3576 4807 ethnicorum

2015 4832 2280 4931 tlleolovgis
2308 4832 2368 4915 et
2395 4832 2609 4913 vatibus
2635 4851 2855 4907 astruit.
2891 4847 3085 4901 Merito
3137 4845 3317 4912 itaque
3352 4832 3579 4892 Harme-

2014 4956 2243 5026 nopnlus
2292 4953 2343 5006 in
2376 4951 2512 5005 libro
2544 4947 2618 5000 De
2646 4944 2825 5006 sectis,
2872 4948 2927 4995 et
2960 4938 3109 4992 Elias
3144 4932 3441 4993 Cretensis,
3472 4927 3580 4981 Na-

2012 5046 2255 5103 zianzeni
2285 5047 2572 5110 interpres,
2602 5053 2632 5092 e
2655 5036 2963 5091 Grazcorum
2990 5027 3229 5084 fontibus
3257 5019 3577 5077 sententiam

2011 5159 2162 5199 suam
2197 5140 2482 5208 Origenem
2515 5132 2761 5188 hausisse
2795 5129 3002 5181 dicunt.

2080 5230 2215 5289 Vill.
2247 5233 2317 5285 At
2343 5242 2460 5281 eam
2495 5236 2669 5277 tamen
2704 5236 2810 5290 quo
2852 5212 3179 5273 Christianis
3230 5208 3577 5279 approbaret,

2010 5342 2116 5383 non
2152 5321 2447 5376 rationibus
2496 5318 2774 5375 duntaxat,
2812 5310 2903 5362 sed
2930 5302 3172 5374 quaesitis
3218 5300 3380 5354 etiam
3432 5297 3581 5352 Scri-

2010 5430 2183 5489 plura:
2236 5428 2405 5468 sacra:
2439 5405 2763 5463 testimoniis
2824 5398 3019 5454 fulcire
3067 5402 3294 5448 conatus
3326 5397 3429 5453 est,
3462 5402 3581 5456 qua:

2014 5484 2170 5565 nobis
2200 5523 2228 5559 a
2263 5503 2512 5557 Patribus
2537 5498 2883 5553 exhibentur.
2919 5492 3091 5557 Atque
3117 5488 3217 5540 hos
3248 5484 3462 5554 quidem
3496 5494 3581 5533 re-
3622 5518 3627 5523 .

2015 5594 2123 5655 fert
2150 5593 2479 5666 Epiphanius
2513 5590 2567 5643 in
2614 5587 2773 5654 epist.
2802 5584 2869 5637 ad
2897 5580 3053 5636 Joau.
3082 5576 3430 5644 Jerosolym.,
3458 5585 3577 5639 cap.

2013 5690 2070 5757 2,
2107 5705 2138 5744 e
2172 5658 2367 5759 psalm.
2398 5695 2589 5743 cxvttt,
2625 5677 2693 5731 67
2730 5691 2743 5726 :
2779 5693 2798 5726 ι
2832 5672 3151 5739 Priusquam
3192 5683 3220 5719 a
3252 5660 3454 5717 malitia
3483 5658 3583 5713 bu-

2018 5782 2276 5844 miliarer,
2306 5790 2406 5845 ego
2433 5770 2667 5841 deliqui;
2706 5782 2780 5847 re
2814 5763 3013 5845 psalm.
3038 5774 3184 5825 cxtv,
3219 5758 3248 5808 '7
3278 5775 3291 5810 :
3328 5774 3344 5807 ς
3388 5751 3585 5807 Rever-
